4012 6196
478 312 591 375 295
1950 309 2008 367 S.
2052 304 2216 365 NII‘J
2662 287 2671 302 ’
3633 286 3739 350 296

479 425 822 491 detorquere.
865 421 1048 475 Cornu
1100 418 1287 488 itaque
1334 417 1526 473 salutis
1573 417 1640 482 ¹⁹,
1689 413 2082 471 indolentiam.

2188 410 2363 479 ύησον,
2388 400 2536 459 οἷκον
2564 404 2621 456 δὲ
2646 400 2738 454 τοῦ
2771 398 2935 454 Δαυῒδ
2964 399 3062 470 τὴν
3094 397 3441 469 Ἐκκλησίαν.
3473 399 3737 452 ΕΓτοίνυν

481 529 604 569 esse
644 489 944 580 intelligito,
973 509 1199 564 domum
1222 508 1391 562 David
1428 507 1749 562 Ecclesiam.
1785 506 1843 561 Si
1871 508 2056 574 itaque

2188 503 2250 555 ,αὶ
2277 499 2437 561 αὐτὸς
2466 495 2558 549 τοῦ
2592 494 2741 548 οἴκου
2793 492 3058 564 ὑπάρχεις
3086 492 3179 545 τοῦ
3213 490 3505 562 νοουμένου
3555 489 3735 555 Δαυῖδ,

481 611 538 659 ct
568 605 681 672 ipse
709 618 774 656 ex
801 602 985 666 domo,
1018 617 1138 671 quze
1172 600 1496 671 intelligitur
1533 615 1656 655 esse
1693 598 1936 663 Davidis,
1970 612 2054 662 es,

2188 591 2426 647 ,πάθειαν
2468 590 2708 659 ἄσκησον
2749 585 2846 639 καὶ
2901 584 3178 638 τελείωσιν
3225 583 3425 654 ψυχῆς.
3480 583 3743 655 Ἐγχωρεῑ

388 736 389 739 η
482 693 837 749 indolentiam
864 708 1081 757 exerce,
1106 700 1161 747 et
1194 693 1388 746 animae
1418 690 1838 760 perfectionem.
1871 689 2059 744 Potest

2188 685 2266 757 ’ὰρ
2295 683 2452 737 τοῦτο
2473 683 2567 736 καὶ
2596 683 2652 734 ἐν
2681 680 2829 751 μέσῳ
2852 676 2949 731 τοῦ
2968 676 3741 748 κόσμουέτελεσιουργηθῆναᾷ

480 799 717 853 namque
743 785 906 837 etiam
941 784 1043 838 hoc
1072 785 1125 837 in
1154 782 1333 837 medio
1356 788 1637 837 terrarum
1667 781 1786 835 orbi
1823 778 2057 842 absolvi,

2188 776 2347 849 ὅσπερ
2379 777 2469 828 ἐπὶ
2498 772 2591 827 τοῦ
2625 770 2821 842 Ἰωσὴφ
2851 770 2945 824 καλ¹
2977 770 3068 823 ἐπὶ
3088 768 3183 823 τοῦ
3210 768 3431 842 Δανιὴλ.

425 885 428 888 ’
482 875 945 944 quemadmodum
1002 874 1058 928 in
1105 871 1343 942 Joscpho
1380 881 1434 928 et
1483 875 1540 928 in
1581 870 1807 927 Daniele
1852 868 2061 925 factum

484 975 587 1021 est.

841 1058 1004 1129 21:.
1045 1055 1450 1111 ccxxxm.—
1471 1057 1679 1112 Eidem.
1949 1053 1953 1056 '

2188 1084 2191 1087 -
2648 1046 2818 1101 Pili".
2851 1076 2922 1086 -—-
2952 1041 3036 1110 Τῷ
3066 1041 3248 1108 αὐτῷ.

559 1153 700 1207 Sunt
721 1128 1144 1206 nonnulliinunc
1166 1164 1388 1219 quoque
1419 1147 1686 1218 temporis
1708 1161 1936 1203 numero
1957 1144 2065 1201 ﬂu-

2234 1139 2355 1194 Εἰσί
2384 1155 2529 1201 τινες
2576 1136 2669 1189 καὶ
2725 1134 2927 1204 ἀρτίως
2980 1130 3217 1201 ποταμοὶ
3274 1129 3476 1182 άὲνναα
3533 1128 3748 1199 ῥέοντες

484 1246 557 1301 vii
622 1258 888 1313 aquarum
945 1256 1110 1297 cursu
1171 1239 1543 1305 indelicienti',
1606 1239 1807 1294 divinis
1874 1238 2063 1308 repleti

2188 1232 2450 1302 ίειοτέρων
2484 1223 2901 1298 πεπληρωμένοι
2927 1222 3177 1295 ῥείθρων,
3201 1224 3312 1285 τοῖς
3330 1220 3547 1283 οἰκείοις
3578 1222 3750 1291 ὁρμή-

487 1337 727 1399 ﬂuentis,
756 1342 809 1389 et
832 1333 1052 1404 proprio
1075 1332 1280 1402 impetu
1314 1330 1591 1384 civitatem
1622 1329 1736 1392 Dei,
1762 1328 2065 1384 Ecclesiam

2188 1342 2301 1379 ιασι
2320 1323 2418 1394 τὴν
2450 1321 2605 1374 πόλιν
2625 1318 2719 1372 τοῦ
2745 1316 2903 1382 Θεοῦ,
2932 1316 3034 1387 τὴν
3064 1314 3396 1385 Ἐκκλησίαν
3424 1319 3593 1386 φημί,
3615 1334 3748 1370 κατ-

487 1432 634 1493 dico,
674 1427 952 1481 hilaritate
985 1432 1414 1495 conSpergentes
1442 1436 1722 1493 nunquam
1749 1422 2069 1492 quiescente

2188 1416 2546 1487 ιυφραίνοντες
2590 1414 2656 1482 τῇ
2710 1408 3048 1477 ἀνεκλείπτῳ
3075 1406 3297 1478 ἀρδείᾳ’
3343 1406 3470 1467 τοὺς
3504 1406 3631 1474 περὶ
3658 1406 3753 1460 τὸν

488 1521 819 1575 irroratione
846 1536 859 1572 :
892 1533 987 1573 eos
1020 1516 1291 1585 intelligo,
1330 1515 1425 1584 qui
1453 1530 1554 1569 usu
1587 1523 1641 1569 et
1670 1509 2071 1569 consuetudine

2188 1507 2390 1578 ίεοφιλῆ
2446 1506 2542 1558 καὶ
2578 1502 2747 1565 ὅντως
2804 1499 3077 1570 μακάριον
3112 1498 3309 1569 εἴρηκα
3345 1497 3620 1568 Φιλήμονα
3657 1500 3754 1550 καὶ

492 1612 659 1666 amati
688 1621 740 1664 et
768 1611 926 1663 beato
956 1606 1264 1662 Philemoni
1296 1613 1349 1660 et
1382 1602 1694 1674 Nicephoro
1721 1598 1882 1669 conju
1897 1599 2069 1655 nctis-

2188 1602 2501 1674 ἵικηφόρον,
2528 1601 2725 1662 οἵτινες
2757 1597 3101 1677 ὐψηλοτάτην
3132 1595 3404 1649 ἀπάθειαν
3422 1594 3635 1666 άληθῶς
3657 1594 3752 1647 καὶ

494 1704 618 1758 simi
648 1702 854 1757 vivunt.
887 1699 955 1753 Hi
986 1715 1111 1756 vere
1149 1697 1598 1754 sublimissimam
1632 1694 1988 1750 indolentiam
2017 1701 2071 1747 et

2188 1694 2373 1764 γνῶσιν
2423 1691 2783 1762 κεκτημένοι,
2826 1690 2920 1741 καὶ
2955 1689 3082 1751 τοὺς
3134 1686 3533 1756 πολυτιμήτους
3572 1683 3753 1747 λίθους

493 1794 860 1866 cognitionem
920 1789 1286 1862 possidentes,
1352 1802 1568 1843 necnon
1628 1776 2069 1859 pretiosissimos

2188 1759 2649 1855 έγκεκολπισμένοι
2696 1780 3098 1835 διαδείκνυνται
3148 1780 3306 1845 πᾶσι,
3361 1776 3452 1830 τὸν
3505 1775 3755 1846 ἄνθρακά

39 145 50 206 l

47 323 52 364 l

0 1880 1 1899 χ

1 2091 34 2168 ζ.

1 2245 18 2330 ῖῖ

1 2533 38 2562 iu

0 2604 46 2690 '

3 2713 57 2771 ιχ

5 2773 34 2812 ξ.

5 2851 44 2896 επ

5 2927 46 3046 iii

7 3273 44 3368 ετξ

0 3498 33 3565 ῖς,

0 3566 31 3617 ἔτι

0 3750 34 3784 ί

0 3800 27 3869 Ξ

6 4242 49 4475 Ξι

0 4418 51 5029 1

0 5088 31 5165 ᾖ

0 5028 51 5265 l

0 5290 13 5317 ίτ

494 1882 703 1955 lapides
738 1881 790 1935 in
822 1881 946 1935 sinu
995 1880 1308 1935 deterentes
1348 1879 1609 1933 omnibus
1659 1884 2069 1947 pr0ponuntur,

496 1973 914 2038 carbunculum,
961 1974 1209 2043 inquam,
1244 1978 1298 2027 et.
1329 1970 1557 2027 viridem
1590 1955 1849 2039 lapidem.
1880 1968 2074 2022 lnnuet

496 2083 662 2137 porro
686 2067 825 2136 lapis
844 2064 1035 2120 viridis
1057 2079 1203 2127 cum,
1226 2063 1320 2132 qui
1341 2078 1410 2117 ex
1432 2060 1831 2117 exercitatione
1855 2059 1911 2112 in
1935 2056 2077 2112 facie

499 2163 743 2226 apparet,
780 2169 941 2224 quam
989 2153 1225 2228 maxime
1263 2150 1637 2207 venerandum
1689 2148 1987 2220 pallorem',
2022 2154 2077 2203 et

500 2245 989 2316 refrigerationem,
1005 2251 1058 2298 et
1074 2242 1482 2297 concretionem
1508 2240 1579 2296 ob
1601 2254 1851 2310 asperam
1875 2247 2078 2293 tracta-

501 2337 701 2391 tionem
730 2335 1097 2389 membrorum
1138 2332 1409 2401 corporis.
1441 2331 1824 2386 Carbunculus
1853 2330 2078 2401 praecla-

502 2441 612 2491 ros,
659 2424 969 2493 ignitnsque
1008 2421 1314 2492 spiritualis
1344 2418 1829 2490 contemplationis
1876 2430 2077 2473 sensus

502 2518 759 2577 intimos,
801 2515 892 2584 qui
933 2529 1064 2569 sane
1108 2522 1161 2567 et
1201 2512 1415 2581 Cleopm
1456 2525 1552 2565 cor
1602 2510 1931 2565 adurebant.
1982 2507 2078 2564 His

501 2609 611 2678 jam
631 2606 867 2661 laudatis
896 2604 1309 2660 admirabilibus
1338 2603 1471 2658 viris
1492 2602 1666 2671 major
1688 2616 1716 2655 a
1735 2602 1845 2656 Deo
1874 2599 2080 2678 mundo

506 2676 801 2769 proﬂuens,
852 2697 1038 2751 aureis
1081 2696 1323 2750 fontibus
1371 2695 1710 2764 conspicuus
1753 2692 1917 2747 datus
1959 2676 2078 2755 'est,

504 2788 746 2843 Joannes
812 2787 1453 2856 Constantinopolitanus
1512 2786 1844 2855 episcopus,
1920 2783 2082 2853 cujus

507 2879 699 2933 laudes
722 2886 905 2931 multa}
934 2878 1039 2933 sibi
1063 2880 1367 2947 sapientum
1393 2877 1590 2946 linguae
1611 2875 1910 2947 dispertita:
1930 2881 2078 2930 sunt.

509 2968 608 3023 llic
636 2971 778 3025 enim
801 2984 963 3040 quam
989 2970 1276 3024 verissime
1308 2968 1676 3024 carbunculus
1707 2976 1811 3033 est,
1836 2983 1864 3022 α
1885 2967 2083 3022 tenella

2172 1894 2314 1949 φημι
2374 1876 2467 1930 καὶ
2499 1875 2589 1928 τὸν
2623 1874 2883 1945 πράσινον
2918 1872 3085 1926 λίθον.
3125 1871 3391 1943 Σημαίνει
3433 1870 3478 1924 δ’
3505 1870 3573 1923 ἂν
3596 1870 3623 1921 ὁ
3655 1869 3755 1940 μὲν

2173 1967 2433 2039 πράσινος
2460 1965 2626 2030 λίθος,
2653 1964 2749 2036 τὴν
2788 1965 2852 2017 ὲκ
2882 1965 2985 2034 τῆς
3026 1962 3314 2032 ἀσκήσεως
3341 1960 3434 2013 ἐπὶ
3459 1958 3756 2029 προσώπου

2173 2054 2505 2126 φαινομένην
2534 2054 2872 2125 σεμνοτάτην
2902 2052 3187 2124 ὠχρότητα
3212 2051 3306 2105 καὶ
3330 2051 3428 2121 τὴν
3458 2049 3619 2120 ψύξιν
3662 2048 3762 2103 καὶ

2174 2148 2335 2219 πῆξιν
2361 2147 2467 2201 τῶν
2511 2145 2603 2199 τοῦ
2638 2143 2891 2217 σώματος
2921 2143 3098 2215 μελῶν
3136 2144 3226 2198 διὰ
3254 2143 3354 2213 τῆς
3404 2142 3758 2213 κληρουχίαςο

2174 2245 2204 2296 ὁ
2225 2242 2281 2296 δὲ
2314 2242 2541 2313 ἄνθραξ,
2563 2237 2635 2293 τὰ
2660 2239 2890 2311 λαμπρὰ
2908 2239 3005 2292 καὶ
3029 2237 3227 2309 διακαῆ
3256 2240 3356 2308 τῆς
3377 2238 3761 2307 πνευματικῆς

2175 2330 2409 2402 θεωρίας
2439 2329 2817 2401 ἐνθυμήματα,
2853 2328 2996 2399 άπερ
3041 2327 3105 2397 δὴ
3133 2327 3226 2381 καὶ
3256 2326 3353 2380 τοῦ
3398 2327 3623 2381 Κλεόπα
3657 2326 3762 2398 τὴν

2178 2421 2405 2493 καρδίαν
2446 2418 2755 2490 ὲξέφλεγεν.
2793 2419 3010 2484 Μείζων
3056 2419 3113 2473 δὲ
3156 2420 3265 2473 τῶν
3296 2419 3599 2491 εἰρημένων
3623 2420 3762 2472 θαυ⁶

2182 2514 2401 2584 μαστῶν
2430 2512 2658 2584 ἀνδρῶν,
2691 2512 2841 2584 παρὰ
2866 2510 3005 2565 Θεοῦ
3035 2511 3113 2582 τῷ
3140 2511 3332 2583 κόσμῳ
3364 2511 3604 2581 ποταμὸς
3624 2528 3765 2583 χρυ-

2180 2606 2408 2677 σορρόας
2431 2604 2750 2675 δεδώρηται,
2790 2603 3044 2675 Ἰωάννης
3074 2605 3102 2656 ὁ
3133 2604 3762 2668 Κωνσταντινουπόλεως

2179 2697 2497 2761 ἐπίσκοπος,
2526 2691 2735 2760 οὗτινος
2767 2697 2895 2759 τοὺς
2931 2695 3185 2759 ἐπαίνους
3212 2695 3405 2749 πολλαὶ
3433 2695 3543 2748 τῶν
3580 2695 3763 2765 σοφῶν

2184 2789 2495 2860 μερίζονται
2516 2788 2781 2856 γλῶσσαι.
2807 2787 3050 2860 ’Δνθραξ
3072 2789 3181 2859 γὰρ
3212 2779 3364 2852 οὗτος
3395 2787 3762 2859 ἀληθέστατα,

2182 2880 2248 2932 ἐκ
2279 2877 2419 2941 νέας
2442 2877 2658 2949 ἡλικίας
2691 2877 2771 2949 τῷ
2808 2879 2951 2947 φωτὶ
2991 2879 3093 2949 τῆς
3121 2878 3401 2941 εὐσεϐείας
3429 2893 3765 2946 σπαργανω-

2184 2972 2319 3039 θεὶς,
2346 2971 2441 3024 καὶ
2465 2972 2559 3024 ἐπὶ
2586 2970 2681 3024 τοῦ
2710 2969 2857 3024 θείου
2884 2970 3087 3025 κόκκον
3118 2970 3227 3024 τῶν
3251 2969 3530 3040 διαπύρων
3554 2968 3768 3039 νοημά-

510 3068 667 3115 mtate
696 3061 911 3130 pictatis
938 3059 1229 3128 splendore
1262 3059 1423 3115 etiam
1461 3060 1517 3114 in
1546 3058 1733 3116 fasciis
1768 3060 2080 3123 obvolutus,

2188 3080 2291 3117 των
2336 3061 2665 3132 τιθηνηθεὶς,
2694 3063 2787 3116 καὶ
2831 3062 3155 3133 πυριφλεγεῖ
3176 3062 3345 3134 πόθῳ,
3375 3062 3463 3117 διὰ
3495 3060 3597 3131 τῆς
3618 3061 3766 3115 κατὰ

511 3165 564 3207 et
593 3153 646 3205 in
678 3152 863 3206 divino
897 3165 1066 3221 grano
1100 3146 1395 3220 ignitarum
1444 3151 1840 3223 cogitationum
1872 3150 2083 3205 enutri-

512 3256 620 3308 tus,
670 3252 725 3299 et
774 3245 988 3298 ardenti
1037 3242 1315 3298 desiderio
1349 3258 1446 3313 per
1484 3242 1792 3313 profectum
1826 3243 2082 3314 carptim,

512 3336 1020 3404 incrementumqne
1055 3335 1109 3388 in
1150 3334 1383 3389 sublime
1411 3334 1633 3390 elevans
1669 3333 1944 3389 ﬂammam
1979 3332 2083 3387 do-

490 3410 701 3481 ctrinae
727 3465 740 3489 ,
782 3438 881 3495 pro
916 3441 1022 3495 qua
1056 3425 1124 3480 de
1162 3425 1309 3479 omni
1359 3424 1673 3480 mortalium
1707 3440 1908 3496 genere
1946 3425 2085 3480 bene

516 3517 845 3587 promeritus
887 3523 1004 3580 est,
1044 3516 1115 3571 ab
1157 3516 1268 3571 illis
1308 3525 1617 3585 separatus,
1650 3524 1919 3586 utensque
1953 3531 2087 3586 pru-

514 3606 919 3673 dentibusillis,
954 3608 1048 3676 qui
1079 3614 1239 3661 antea
1271 3614 1494 3677 pr0pter
1528 3606 1785 3661 virtutem
1826 3607 1881 3661 in
1912 3606 2087 3661 maxi-

2188 3153 2354 3225 μέρος
2394 3154 2678 3224 προκοπῆς
2742 3155 2838 3207 καὶ
2891 3153 3172 3225 αὐξήσεως
3192 3194 3207 3219 ,
3239 3155 3320 3218 εἰς
3346 3153 3482 3224 ὕψος
3501 3154 3639 3225 ἄρας
3664 3152 3769 3221 τὴν

2182 3246 2357 3315 φλόγα
2378 3248 2476 3316 τῆς
2507 3247 2726 3300 πάντων
2757 3246 2963 3317 βροτῶν
2991 3246 3346 3317 εὐεργετικῆς
3377 3244 3620 3316 διδαχῆς,
3644 3244 3768 3297 δια-

2180 3340 2583 3410 κεχωρισμένος
2615 3338 2859 3403 ἐκείνων,
2905 3338 2999 3392 καὶ
3026 3337 3460 3409 διακεχρημένος
3494 3340 3609 3401 τοῖς
3631 3338 3652 3358 ⁶
3672 3337 3771 3390 εὐ-

2182 3430 2542 3502 φρονούντων,
2574 3431 2681 3484 τῶν
2711 3428 2901 3502 πρώην
2940 3431 3037 3501 μὲν
3071 3430 3503 3501 εὐφημουμένων
3541 3431 3608 3484 δι’
3635 3431 3772 3499 ἀρε-

2190 3522 2312 3592 τὴν,
2345 3523 2466 3577 νυνὶ
2492 3522 2549 3576 δὲ
2577 3521 2894 3592 ψεγομένων
2923 3521 3009 3576 διὰ
3031 3523 3131 3592 τὴν
3171 3522 3444 3594 ῥαθυμίαν
3463 3561 3478 3587 ,
3511 3521 3617 3576 κᾶν
3642 3538 3773 3574 ποι-

2198 3613 2356 3685 μένες
2392 3613 2731 3684 τυγχάνωσιν
2754 3629 2769 3645 ο
2797 3612 3005 3683 οὕσπερ
3030 3614 3323 3685 ,Ἱερεμίας
3371 3614 3640 3685 ὲθρήνησε
3675 3613 3777 3667 λέ·-

515 3712 601 3751 ma
652 3698 895 3752 omnium
943 3696 1321 3773 admiratione
1352 3704 1544 3763 erant;
1583 3704 1639 3751 at
1684 3712 1853 3761 nunc,
1901 3711 1965 3751 ea
2005 3704 2082 3751 est

2195 3720 2308 3773 γων
2327 3722 2342 3737 σ
2372 3704 2494 3768 Πῶς
2534 3705 2763 3775 κοπρίαν
2797 3705 3183 3775 περιεϐάλοντο
3215 3704 3555 3776 πραγμάτων
3586 3704 3779 3775 βιωτι-

515 3791 867 3861 przesentium
924 3791 1177 3845 socordia
1223 3832 1239 3858 ,
1273 3792 1554 3862 despectui
1613 3791 1908 3856 habentur,
1963 3790 2082 3846 licet

2196 3797 2308 3851 κῶν
2338 3797 2432 3851 καὶ
2480 3796 2755 3869 φθαρτῶν,
2784 3799 2837 3851 οἵ
2866 3815 2997 3853 ποτε
3029 3799 3406 3870 τιθηνούμενοι
3439 3799 3533 3851 ἐπὶ
3569 3798 3778 3852 κόκκον

508 3892 760 3953 pastores
791 3883 933 3937 sint:
985 3882 1131 3952 quod
1162 3884 1344 3939 verbis
1383 3884 1491 3938 illis
1529 3882 1799 3939 Jeremias
1830 3882 2089 3953 deplora-

2190 3889 2291 3959 τῆς
2327 3889 2577 3960 οὐρανίου
2623 3891 2717 3945 καὶ
2746 3891 2953 3961 σεμνῆς
2994 3890 3257 3961 βιώσεως,
3302 3890 3398 3944 καὶ
3423 3890 3519 3944 τοῦ
3553 3890 3777 3960 ἀφθάρ-

515 3975 631 4029 vit:
666 3972 948 4039 Quomodo
1002 3979 1243 4029 stercorc
1292 3973 1453 4044 215
1498 3973 1901 4029 circumvallati
1957 3982 2082 4029 sunt

2188 3997 2282 4033 του
2332 3982 2427 4034 καὶ
2465 3980 2838 4052 πνευματικοῦ
2868 3981 3284 4052 πολιτεύματος.
3516 4044 3517 4047 η

515 4080 696 4121 rerum
720 4074 1081 4131 terrenarum,
1101 4080 1165 4119 ac
1187 4065 1650 4135 corruptibilium,
1670 4066 1763 4136 qui
1786 4066 2084 4137 aliquando
2123 4072 2510 4129 nutriebantur
2539 4073 2593 4128 in
2620 4088 2792 4129 cocco
2821 4074 2867 4106 ²⁰
2892 4074 3140 4129 caelestis
3172 4088 3236 4129 ac
3269 4072 3595 4129 veneranda
3624 4073 3780 4138 vite,

514 4169 569 4215 et
592 4158 1054 4228 incorruptibilis,
1083 4168 1137 4217 et
1164 4160 1430 4230 spiritalis
1465 4160 1728 4215 instituti.

700 4251 1030 4307 CLXXXIV.
1058 4283 1131 4293 —
1163 4249 1444 4307 TEUCRO
1473 4246 1891 4305 CANDIDA'I'O.

588 4340 722 4396 Dum
759 4343 1097 4415 Scripturam
1142 4341 1545 4414 percurrimus,
1590 4341 1727 4396 nihil
1761 4341 1889 4398 novi
1922 4340 2087 4399 nobis

2471 4214 2640 4307 PHA’.
2675 4284 2745 4294 —
2782 4254 3061 4326 ΤΕΥΚΡῼ
3088 4254 3499 4326 ΚΔΝΔΙΔΔἹᾩ.

2266 4345 2344 4414 Τῇ
2376 4345 2563 4416 Γραφῇ
2589 4346 2900 4416 ἐντυχόντες
2927 4347 3029 4400 οὐκ
3052 4346 3119 4399 ἂν
3147 4345 3520 4418 ξενισθείημεν
3547 4345 3787 4417 βλέπον-

516 4435 763 4491 accidere
793 4437 1027 4502 videtur,
1062 4452 1185 4492 cum
1223 4443 1275 4493 te
1306 4435 1682 4504 conspicimus
1711 4433 1898 4504 justos
1927 4449 2082 4489 exse-

2191 4431 2285 4495 τις
2395 4413 2514 4489 λίαν
2539 4413 2966 4505 -βδσλυσσόμενον
2983 4438 3110 4501 τοὺς
3144 4413 3527 4502 δικαίουςξκαὶ
3548 4413 3785 4508 μυκτη-

514 4535 781 4589 crantem,
815 4534 868 4580 et
903 4525 1246 4588 irridentem,
1281 4521 1585 4592 prohi5que
1627 4529 1901 4591 petentem
1944 4522 2089 4590 piam

2199 4522 2415 4592 ρίζοντά
2460 4541 2520 4577 τε
2575 4523 2670 4579 καὶ
2714 4525 3134 4596 διαχλευάζοντα
3170 4527 3267 4598 τὴν
3308 4526 3512 4581 τούτων
3568 4526 3789 4596 εὐσεϐῆ

513 4627 702 4668 eorum
720 4614 1144 4668 institutionem.
1162 4610 1439 4681 Scriptum
1467 4619 1553 4666 est
1574 4611 1718 4665 enim
1742 4629 1753 4665 :
1786 4630 1803 4662 ι
1828 4610 2082 4667 Peccator

2195 4612 2515 4682 κατήχησιν.
2546 4614 2857 4686 Γέγραπται
2890 4616 3019 4687 γάρ,
3046 4617 3127 4671 ὅτι
3161 4638 3180 4671 ι
3209 4618 3301 4689 Τῷ
3321 4618 3632 4689 ἁμαρτωλῷ
3652 4618 3790 4686 βδέ-

513 4713 831 4760 exsecratur
854 4703 950 4759 Dei
970 4702 1370 4759 cultum“.»Et
1388 4702 1515 4759 alibi
1545 4720 1558 4757 :
1587 4719 1607 4754 ι
1634 4701 1821 4757 Audiit
1841 4703 2087 4759 divinum

515 4796 739 4849 verbum
774 4796 994 4860 stultus,
1028 4803 1083 4850 et
1121 4807 1340 4857 excors,
1368 4799 1422 4848 et
1457 4792 1659 4862 abiecit
1689 4792 1823 4847 illud
1853 4800 2002 4847 retro
2033 4793 2089 4846 in
2120 4828 2127 4843 .

516 4883 760 4939 humeris
782 4886 896 4940 suis
914 4886 980 4939 ²¹.
1008 4904 1026 4937 ι
1052 4885 1192 4939 Alibi
1214 4899 1435 4954 quoque
1456 4884 1721 4954 scriptum
1744 4893 1828 4938 est
1848 4901 1893 4937 ει
1916 4880 2089 4938 Omne

515 4974 714 5028 animal
732 4975 909 5029 simile
926 4974 1027 5028 sibi
1057 4974 1264 5043 appetit
1292 4973 1360 5027 ’³.
1395 4993 1414 5026 ι
1440 4972 1718 5030 Scelestus
1749 4974 1894 5028 enim
1926 4974 2089 5029 homo

516 5066 805 5119 scelestum
836 5072 1005 5130 amat,
1033 5073 1086 5118 et
1123 5064 1527 5134 complectitur.

652 5151 961 5208 CLXXXV.
984 5182 1055 5192 -—
1084 5152 1398 5209 CAPlTONI
1460 5151 1950 5209 PHRONTISTE.

585 5242 663 5299 Ne
693 5258 953 5298 manuum
982 5253 1200 5299 tuarum
1230 5260 1417 5301 amore
1449 5247 1707 5301 concitus
1729 5261 1824 5301 eas
1855 5245 2086 5310 exaltes,

513 5328 772 5386 laudibus
801 5333 1071 5398 cumules,
1102 5342 1156 5388 et
1174 5334 1391 5390 beatum
1417 5345 1470 5391 te
1496 5336 1782 5405 praedices.
1807 5336 1958 5405 quod
1994 5352 2090 5406 per

513 5435 610 5477 eas
629 5429 685 5475 et
706 5421 928 5478 domum
964 5425 1262 5496 prepriam,
1287 5435 1343 5481 et
1375 5427 1675 5497 plerosque
1698 5428 1839 5483 alios
1867 5426 2089 5483 nebulm

466 5554 480 5567 .
512 5527 614 5569 nes
650 5521 814 5585 atque
851 5515 1083 5573 infames
1114 5525 1415 5574 sustentas.
1458 5518 1570 5575 lmo
1601 5519 1785 5590 potius
1816 5518 1928 5574 Deo
1957 5534 2055 5589 gra

584 5692 628 5725 ³³
666 5688 812 5749 Psal.
842 5708 976 5760 xvn,
1016 5694 1071 5749 '5.
1145 5692 1415 5749 "Tltren.
1450 5708 1524 5762 tv,
1563 5692 1616 5749 5.
1692 5695 1735 5726 ¹¹
1776 5694 1940 5750 Eccli.
1976 5710 2016 5762 ι,
2043 5695 2134 5751 52.
2215 5695 2261 5727 “
2305 5695 2474 5752 Eecli.
2506 5710 2622 5769 xxi,
2658 5699 2744 5756 l8.

2194 4702 2380 4775 λυγμά
2405 4707 2602 4778 εστινὴ
2625 4706 2956 4763 θεοσέϐεια.»
2982 4711 3091 4763 Καὶ
3116 4710 3280 4764 πάλιν
3304 4710 3490 4781 φησὶν,
3515 4710 3598 4762 ὅτι
3620 4727 3639 4760 ι
3670 4710 3789 4762 Ἦ-

2196 4813 2358 4852 κουσε
2381 4798 2523 4853 θεῖον
2544 4798 2700 4868 λόγον
2730 4801 2912 4872 μωρὸς
2964 4803 3059 4855 καὶ
3103 4802 3382 4876 ἁκάρδιος,
3412 4803 3506 4856 καὶ
3538 4801 3793 4872 ἀπέρρι-

2187 4890 2289 4960 ψεν
2314 4890 2477 4944 αὐτὸν
2508 4890 2683 4945 ὀπίσω
2702 4892 2796 4945 τοῦ
2818 4892 2987 4947 νώτου
3010 4893 3196 4948 αὐτοῦ.
3241 4913 3259 4946 ι
3286 4895 3397 4947 Καὶ
3424 4892 3589 4946 πάλιν
3622 4892 3794 4963 εἰρη-

2189 5000 2299 5047 ται,
2331 4983 2412 5036 ὅτι
2441 5000 2459 5033 ι
2491 4983 2604 5037 Πᾶν
2634 4982 2775 5047 ζῶον
2799 4985 2860 5038 τὸ
2890 4986 3074 5056 ὅμοιον
3098 4987 3308 5057 ἀγαπᾷ.
3336 5005 3355 5038 ι
3390 4985 3635 5056 Πονηρὸς
3664 4985 3794 5056 γὰρ

2191 5071 2287 5125 ἄνθ
2298 5088 2496 5141 ρωπος,
2526 5071 2685 5127 ἄλλον
2712 5074 2946 5145 πονηρὸν
2971 5076 3189 5146 στέργει
3215 5078 3325 5129 καί
3341 5075 3668 5136 ἀσπάζεται.

2441 5162 2612 5217 ΡΠΕ⁸.
2647 5191 2719 5206 -—-
2748 5165 3084 5219 ΚΔΠΙΤΩΝῙ
3112 5166 3521 5236 ΦΡΟΝΤΙΣἹᾙ.

2265 5253 2357 5326 Μὴ
2388 5254 2529 5323 φίλει
2562 5254 2663 5333 τάς
2681 5256 2873 5328 χεῖράς
2901 5274 2997 5311 σου
3026 5257 3267 5312 ἐπαινῶν
3285 5257 3509 5320 ταύτας,
3540 5255 3639 5308 καὶ
3674 5273 3794 5327 μα-

2195 5345 2439 5416 καρίζων
2480 5346 2688 5401 σαυτὸν.
2727 5347 2803 5414 ὡς
2824 5348 2893 5401 δι’
2913 5348 3123 5415 αὐτῶν,
3168 5350 3265 5405 καὶ
3306 5349 3399 5402 τὸν
3444 5349 3575 5402 ἴδιον
3599 5342 3794 5416 οἷκον,

2164 5482 2165 5487 η
2193 5434 2288 5487 καὶ
2324 5434 2557 5500 πολλὼς
2587 5435 2787 5501 ἄλλους
2830 5440 3075 5511 ἀγύρτας
3139 5441 3237 5495 καὶ
3273 5440 3509 5511 φαύλους
3556 5440 3797 5511 διατρέ-

2190 5538 2337 5592 φωνο
2369 5524 2571 5592 μᾶλλον
2604 5525 2663 5580 δὲ
2694 5525 2775 5597 τῷ
2800 5526 2921 5597 Θεῷ
2949 5529 3259 5601 εὐχαρίστει
3303 5529 3383 5600 τῷ
3411 5528 3506 5585 καὶ⁵
3532 5527 3634 5591 τὰς
3661 5532 3798 5599 χεῖ-

2845 5700 2891 5734 ⁹³
2929 5700 3099 5759 Eccli.
3133 5716 3251 5767 xm,
3280 5702 3365 5757 l9.
3446 5720 3449 5723 ·
