4012 6196
298 302 409 369 297

1540 298 2079 363 EPISTOLARUM
2119 306 2266 367 LIB.
2310 308 2389 367 ΙΙ.

3481 314 3591 379 298

308 436 411 491 ρας
444 417 588 472 δόντι
621 431 726 480 σοι,
755 413 848 467 καὶ
878 412 1258 485 προνοουμένῳ
1284 431 1399 469 σου.
1430 414 1493 467 Et
1520 414 1577 467 δὲ
1608 416 1744 470 Θεοῦ
1776 418 1898 470 ἐπι-

2012 420 2113 479 lias
2141 439 2261 496 age,
2292 425 2385 497 qui
2416 434 2470 482 et
2493 442 2687 484 manus
2717 429 2989 496 exhibuit,
3018 439 3074 487 et
3106 432 3185 486 tui
3211 447 3400 489 curam
3423 436 3588 505 gerit.
3644 444 3653 451 '

303 507 702 578 λανθανόμενος
731 505 832 569 τὰς
859 505 1047 575 χεῖράς
1078 521 1170 558 σου
1207 508 1556 576 προσκυνεῖς,
1605 506 1898 579 φοϐήθητι,

308 603 384 672 μή
413 616 544 652 ποτε
574 596 935 670 παραλυθῶσι
983 595 1053 650 δι’
1096 596 1381 661 ἀσθενείας
1415 598 1471 651 αἱ
1501 598 1686 670 χεῖρές
1721 615 1837 666 σου,
1865 598 1899 669 ἢ

304 690 788 764 ἀποξηρανθῶσιν.

592 780 784 848 an'.
814 810 884 820 -
913 778 1248 853 ΕΟΡΤΑΣΙῼ
1286 779 1612 853 ΔΙΑΚΟΝῼ.

379 874 655 936 Ἕκαστος
680 870 1037 943 ἁμαρτάνων,
1067 872 1428 944 μακρύνεται,
1459 874 1554 927 καὶ
1586 874 1904 945 ἀποσχοινί-

308 965 462 1030 ζεται
495 964 605 1017 ἀπὸ
651 962 812 1027 Θεοῦ,
858 963 919 1015 οὑ
972 963 1147 1034 τόπῳ,
1198 964 1335 1018 ἀλλὰ
1381 964 1588 1037 τρόπῳ·
1624 965 1718 1020 καὶ
1745 965 1907 1032 ξένην

308 1055 725 1127 καταλαμϐάνει
746 1055 953 1126 χώραν,
977 1055 1229 1133 τουτέστι
1264 1056 1424 1127 ξένην
1457 1057 1581 1112 τινὰ
1607 1058 1901 1131 διαγωγὴν,

309 1152 404 1204 καὶ
429 1148 961 1220 ἀπηλλοτριωμένην
980 1147 1075 1201 τοῦ
1099 1146 1444 1219 Κρείττονος⁶
1464 1150 1625 1204 κάκεῖ
1646 1149 1907 1222 λιμώττει

310 1241 497 1294 λοιπον
524 1238 634 1303 ζῶν
668 1237 918 1303 ἀσώτως,
945 1238 1039 1290 καὶ
1064 1226 1458 1311 διασκορπίσας
1491 1224 1741 1312 μοχθηρᾷ
1772 1258 1907 1313 προ-

312 1333 524 1405 αιρέσει
574 1330 675 1403 τὴν
712 1331 855 1386 κατὰ
902 1331 1065 1401 φύσιν
1095 1330 1306 1403 ἀγαθὴν
1343 1334 1697 1389 κατάστασιν.
1731 1336 1907 1389 Ὅπου

317 1428 427 1498 γὰρ
448 1424 777 1497 σωφροσύνη
817 1426 878 1479 οὐ
902 1426 1171 1494 φαίνεται,
1199 1427 1317 1480 ἐκεῖ
1353 1428 1509 1499 λιμὸς
1535 1429 1773 1500 ἰσχυρός.
1808 1431 1913 1484 Πο-

310 1516 461 1570 λῖται
485 1515 542 1568 δὲ
569 1515 666 1579 τῆς
691 1513 876 1587 χώρας
898 1516 1111 1586 ἐκείνης
1143 1517 1390 1573 νοοῦνται
1432 1520 1481 1573 οί
1505 1519 1777 1590 δαίμονες,
1831 1521 1911 1574 οἴ-

318 1625 468 1671 τινε;
499 1607 632 1678 μόνα
660 1609 726 1661 τὰ
752 1608 1096 1682 γλυκυφανῆ,
1132 1612 1225 1663 καὶ
1244 1611 1334 1664 τὸν
1352 1612 1608 1683 φάρυγγα
1637 1613 1731 1666 τοῦ
1762 1612 1911 1667 ἐσθί-

315 1717 472 1762 οντος
510 1699 842 1770 τραχύνοντα
870 1702 1102 1767 κεράτια
1141 1703 1237 1771 τῆς
1272 1704 1551 1774 ἁμαρτίας
1590 1703 1904 1775 κέκτηνται.

491 1793 659 1845 PHZ'.
693 1822 764 1832 -
791 1793 1226 1865 ΜΑΡΤΙΝΙΑΝῼ
1256 1795 1726 1867 ΙΙΡΕΣΒΥΤΕΡῼ.

389 1884 513 1947 Τοῖς
553 1883 808 1954 μέλλουσι
845 1885 906 1938 τὸ
958 1884 1231 1956 πρόϐατον
1280 1886 1483 1939 ἐσθίειν
1541 1886 1904 1957 Ἰσραηλίταις

311 1975 561 2047 κεφαλὴν
597 1976 696 2030 σὺν
724 1979 837 2040 τοῖς
870 1978 1028 2031 ποσὶν
1058 1978 1260 2031 ἐσθίειν
1288 1980 1317 2032 6
1340 1978 1503 2049 νόμος
1531 1966 1802 2045 ἐκέλευεν,
1836 1978 1905 2031 ἶν’

311 2070 475 2139 ﬁget;
497 2068 586 2123 διὰ
608 2067 702 2121 τοῦ
732 2068 907 2123 τύπου
941 2054 1213 2141 μάθωμεν.
1245 2070 1345 2140 τὴν
1373 2070 1634 2143 ἀλήθειαν
1672 2070 1772 2141 τῆς
1809 2069 1903 2123 τοῦ

311 2160 584 2214 Δεσπὸτου
602 2160 933 2231 οἰκονομίας,
954 2162 1198 2232 κεφαλῆς
1227 2161 1325 2232 μὲν
1346 2162 1447 2231 τῆς
1478 2161 1731 2232 θεότητος
1750 2179 1904 2216 νοου-

316 2252 511 2321 μένης·
538 2251 719 2304 ποδῶν
746 2251 803 2304 δὲ.
824 2253 919 2323 τῆς
949 2252 1370 2323 ἁνθρωπότητος
1391 2253 1901 2323 ἐκλαμϐανομένης.

308 2343 383 2413 ’⁸0
415 2344 524 2415 γὰρ
546 2343 717 2397 εἰπὼν
739 2344 1135 2416 εὐαγγελιστής
1157 2361 1171 2375 ⁸
1209 2364 1227 2397 ι
1276 2346 1363 2399 Ἐν
1393 2346 1538 2417 ἀρχῇ
1563 2341 1631 2418 ἢν
1653 2348 1681 2399 6
1708 2345 1901 2415 Λόγος,

314 2436 412 2489 καὶ
441 2437 470 2488 6
497 2437 671 2505 Λόγος
699 2432 766 2508 ἦν
787 2436 923 2508 πρὸς
954 2436 1043 2490 τὸν
1072 2437 1226 2502 Θεὸν,
1253 2438 1348 2492 καὶ
1374 2438 1506 2501 Θεὸς
1526 2429 1592 2507 ἦν
1614 2440 1643 2492 6
1671 2437 1896 2505 Δόγος,ο

312 2529 564 2600 ἐπήγαγε
619 2527 826 2595 λέγων’
887 2547 905 2581 t
942 2529 1051 2581 Καὶ
1107 2531 1136 2581 6
1179 2528 1352 2599 Λόγος
1415 2529 1553 2601 σὰρξ
1599 2530 1835 2598 ἐγένετο.
1876 2548 1897 2582 ι

312 2615 737 2688 Προσκυνείσθω
783 2617 881 2686 μὲν
930 2613 1024 2671 οὖν
1055 2617 1129 2682 ὡς
1169 2618 1308 2689 Θεῷ,
1334 2618 1677 2673 πιστευέσθω
1702 2619 1778 2686 δὲ,
1821 2620 1901 2674 ὅτι

312 2711 409 2763 καὶ
429 2708 780 2781 ἠνθρὼπησε.
813 2707 1043 2771 Διπλοῦς
1074 2710 1183 2781 γὰρ
1208 2706 1275 2781 ἦν
1302 2712 1331 2763 6
1361 2710 1615 2781 Χριστὸς,
1643 2710 1776 2775 Θεὸς
1802 2712 1902 2782 μὲν

312 2802 460 2856 κατὰ
490 2802 553 2855 τὸ
582 2802 833 2871 ἀόρατον,
876 2801 1161 2871 ἄνθρωπος
1186 2802 1258 2867 ,δὲ
1289 2801 1430 2855 κατὰ
1453 2802 1512 2854 τὸ
1548 2802 1897 2873 βλεπόμενον.

314 2893 456 2947 Οὔτε
515 2888 608 2946 οὖν
658 2894 719 2946 τὸ
772 2893 949 2960 λέγειν
988 2893 1276 2963 ἄνθρωπον
1333 2892 1462 2946 ἄνευ
1494 2893 1595 2963 τῆς
1649 2894 1901 2962 θεότητος

312 2986 620 3054 ἐπωφελὲς,
655 2985 778 3039 οὔτε
825 2985 924 3057 τὴν
963 2985 1361 3057 ἁνθρωπότητα
1410 2986 1485 3056 μὴ
1518 2986 1900 3055 συνομολογεῖν

312 3081 383 3149 τῇ
424 3079 640 3147 θεότητι
675 3079 958 3149 σωτήριον.
996 3077 1180 3131 Ταῦτα
1227 3078 1363 3148 πρὸς
1393 3078 1463 3130 τὰ
1487 3076 1771 3148 γραφέντα
1808 3094 1898 3147 μοι

314 3170 476 3242 παρὰ
505 3170 601 3222 σοῦ
632 3168 699 3220 δι’
729 3169 949 3237 ὀλίγων.

308 3322 315 3327 _
804 3262 984 3316 PIIH'.
1012 3293 1084 3303 ——
1119 3263 1201 3329 Τῷ
1234 3264 1418 3329 αὐτῷ.

389 3355 456 3408 Τί
482 3356 651 3421 ἐστιν,
672 3356 805 3425 ὅπερ
835 3354 981 3423 λέγει
1002 3355 1030 3404 6
1058 3356 1343 3425 προφήτης
1372 3354 1501 3424 περὶ
1540 3355 1649 3407 τῶν
1682 3355 1908 3424 ἀσωμά-

316 3465 429 3499 των
455 3446 757 3515 δυνάμεων,
788 3445 869 3498 ὃτι
905 3464 923 3497 t
962 3442 1070 3499 Ἦν
1094 3446 1163 3499 τὰ
1192 3445 1363 3516 σκέλη
1404 3445 1585 3499 αὐτῶν
1621 3445 1779 3515 ὀρθὰ,
1811 3446 1906 3500 καὶ

317 3538 591 3608 ἰτ-περιρ·εοῖ¹
622 3538 671 3589 οἱ
698 3537 857 3599 πόδες
890 3537 1108 3602 αὐτῶνς
1154 3556 1174 3587 ι
1209 3538 1283 3590 υύ
1318 3537 1429 3608 γὰρ
1454 3537 1521 3606 δὴ
1553 3537 1907 3608 προσδέονται

316 3627 433 3680 τῶν
486 3627 812 3697 σωματικῶν
862 3628 1077 3681 πάντων
1110 3629 1166 3679 αἱ
1213 3627 1571 3699 ἐπουράνιοι,
1624 3627 1721 3680 καὶ
1755 3626 1907 3694 ἅγιαι

318 3720 585 3789 δυνάμεις
608 3721 666 3773 τὸ
698 3720 949 3787 καθόλου,
982 3722 1043 3773 οὐ
1073 3721 1129 3773 δὲ
1158 3720 1263 3792 μὴν
1289 3721 1388 3791 τῆς
1417 3722 1555 3792 πρὸς
1583 3720 1757 3774 ταῦτα
1782 3720 1912 3792 χρῄ-

318 3810 515 3874 ζουσιν
538 3813 857 3876 ἐπινεύσεως
874 3828 888 3841 ⁸
920 3813 1009 3866 διὰ
1035 3812 1194 3866 τοῦτο
1222 3813 1291 3866 τὰ
1313 3813 1479 3882 σκέλη
1505 3812 1640 3884 ὀρθὰ
1661 3813 1908 3883 εἴρηνται

320 3902 492 3971 ἔχειν.
522 3902 584 3953 Τί
615 3903 660 3954 δ’
679 3902 743 3955 ἂν
770 3904 1068 3967 δηλώσειαν
1094 3903 1252 3966 πόδες
1284 3904 1678 3974 ἐπτερωμένοι,
1709 3903 1741 3972 ἢ
1769 3902 1908 3956 πάν-

321 4009 435 4054 τως
464 3993 523 4044 τὸ
558 3994 692 4063 1:96;
722 3996 789 4047 τὰ
834 3994 1083 4063 θειότερα
1124 3995 1233 4047 τῶν
1271 3995 1558 4065 νοημάτων
1591 3994 1909 4064 ὀξυκίνητον

321 4084 428 4153 τῆς
452 4084 664 4153 φύσεως
696 4086 913 4156 ἐκείνης
951 4086 1376 4159 ἀπηλλαγμένης
1403 4087 1587 4158 πάσης
1620 4086 1911 4159 χθαμαλω-

322 4175 495 4243 τέρας
516 4177 758 4243 ὑφέσεως
779 4196 793 4241 ;

545 4268 708 4323 PHB’.
724 4300 794 4309 -—
811 4270 849 4322 Γ
854 4271 1139 4341 ΕΡΜΑΝῼ
1168 4272 1686 4341 ΚΑΓΚΕΛΛΛΡῙῼ.

415 4358 821 4429 Ἢμιμόχθηρος
894 4360 1162 4430 ὑπάρχειν
1242 4378 1334 4431 μοι
1395 4361 1623 4425 ἔοικας,
1677 4360 1739 4414 οὐ
1801 4358 1911 4430 μὴν

2006 512 2161 581 Quod
2195 518 2242 572 si
2275 517 2371 574 Dei
2409 520 2613 577 oblitus
2642 537 2838 578 manus
2870 531 2993 578 tuas
3030 525 3332 591 veneraris,
3363 540 3497 581 cave
3524 541 3593 583 ne

2004 604 2306 674 aliquando
2332 618 2562 677 propter
2595 611 2794 664 malam
2826 613 3208 682 aegritudinem
3251 630 3451 671 manus
3478 623 3590 672 tua:

2006 696 2359 752 resolvantur
2392 708 2486 753 aut
2524 702 2897 755 exsiccentur.

2186 788 2517 845 CLXXXVI.
2551 823 2622 834 —-
2650 791 3045 850 HEORTASIO
3086 794 3407 854 DIACONO.

2078 880 2320 947 Quilibet
2372 884 2501 939 dum
2563 896 2781 955 peccat,
2832 887 3123 956 elongatur
3182 872 3265 943 eti
3302 900 3594 959 separatur

2006 988 2039 1027 a
2066 974 2199 1040 Deo,
2228 977 2393 1047 216
2422 992 2530 1032 non
2560 978 2704 1043 loco,
2731 978 2827 1033 sed
2858 979 3052 1046 mode;
3077 989 3134 1035 et
3155 981 3390 1037 alienam
3415 986 3595 1053 regio-

2007 1077 2133 1118 nem
2175 1066 2420 1134 appellit,
2452 1081 2649 1120 novum
2686 1066 2900 1123 scilicet
2928 1067 3053 1122 vita:
3080 1069 3401 1125 institutum
3425 1110 3441 1136 ,
3474 1081 3528 1125 et
3561 1085 3594 1124 a

1994 1152 2245 1209 .Numine
2277 1156 2554 1211 alienum:
2589 1157 2773 1226 ibique
2803 1158 2857 1212 in
2890 1168 3168 1227 posterum
3217 1160 3363 1215 fame
3393 1175 3596 1216 eneca-

1999 1248 2121 1307 _tur,
2154 1241 2439 1298 luxuriose
2470 1243 2658 1300 vivens
2683 1246 2749 1307 “,
2775 1252 2828 1300 et
2864 1260 3030 1314 prava
3050 1246 3321 1301 electione
3346 1247 3594 1303 innatam

2010 1332 2339 1401 probitatem
2387 1335 2687 1405 dissipans.
2726 1336 2827 1392 Ubi
2864 1339 3012 1397 enim
3050 1340 3391 1395 continentia
3417 1340 3593 1407 nulla,

1998 1424 2084 1493 Vibi
2113 1424 2283 1482 fames
2310 1426 2490 1481 valida
2525 1436 2630 1483 est.
2668 1428 2831 1485 Cives
2873 1444 3005 1485 vero
3040 1430 3282 1499 regionis
3325 1430 3476 1485 illius
3508 1429 3596 1483 in-

2002 1513 2333 1585 telliguntur
2375 1532 2500 1572 esse
2541 1518 2839 1585 daemones,
2887 1520 2983 1590 qui
3032 1534 3133 1575 eas
3182 1518 3591 1587 tantummodo,

2011 1621 2133 1676 quae
2162 1608 2352 1664 dulces
2386 1620 2671 1680 apparent,
2701 1620 2756 1666 et
2782 1610 3000 1666 edentis
3029 1619 3592 1683 gutturexasperaut,

2011 1700 2243 1768 siliquas
2266 1702 2475 1769 peccati
2503 1703 2808 1773 possident.

1938 1779 1981 1835 Β
2079 1791 2435 1848 CLXXXVII.
2465 1826 2537 1835 —
2566 1794 3002 1851 MARTINIANO
3032 1794 3519 1854 PRESBYTERO.

2081 1882 2366 1951 lsraelitis,
2399 1902 2557 1943 ovem
2588 1888 2945 1954 comesturis,
2983 1895 3150 1959 caput
3191 1903 3317 1943 cum
3361 1887 3596 1958 pedibus

2008 1987 2332 2030 consumere
2362 1977 2445 2031 lex
2486 1977 2836 2047 praecipiebat
2862 1979 2931 2044 ⁸⁸,
2967 1986 3025 2032 ut
3056 1992 3160 2034 nos
3187 1995 3254 2035 ea
3294 1979 3471 2049 ﬁgura
3500 1994 3594 2035 ve-

2008 2065 2226 2121 ritatem
2286 2066 2593 2124 Dominicae
2647 2071 3036 2141 dispositionis
3095 2072 3593 2141 comprehendere-

2010 2172 2155 2218 mus,
2190 2171 2312 2212 cum
2351 2167 2517 2229 caput
2555 2161 2899 2232 intelligatur
2929 2174 3054 2217 esse
3091 2162 3395 2231 divinitas;
3425 2164 3596 2235 pedes

2008 2244 2255 2302 indicent
2305 2248 2729 2306 humanitatem.
2779 2250 3131 2322 Evangelista
3194 2269 3439 2324 namque
3497 2257 3593 2326 qui

2007 2335 2254 2393 dixerat:
2283 2359 2300 2391 ι
2328 2340 2386 2395 In
2414 2342 2686 2413 principio
2704 2351 2824 2399 erat
2848 2342 3112 2406 Verbum,
3136 2353 3193 2400 et
3210 2344 3456 2401 Verbum
3476 2356 3596 2403 erat

2008 2426 2152 2496 apud
2184 2430 2375 2495 Deum,
2409 2440 2464 2487 et
2497 2431 2641 2489 Deus
2675 2440 2794 2488 erat
2820 2432 3061 2491 Verbum
3095 2437 3184 2504 ³⁶;
3220 2455 3239 2488 ι
3281 2434 3425 2491 infra
3457 2440 3592 2495 sub-

2001 2518 2185 2589 junxit
2216 2539 2230 2574 :
2264 2541 2282 2573 ι
2317 2522 2382 2575 Et
2412 2521 2648 2579 Verbum
2678 2540 2810 2580 caro
2841 2526 3046 2581 factum
3071 2535 3157 2583 est
3175 2529 3241 2582 “.
3270 2547 3289 2580 ι
3319 2529 3597 2586 Moretur

2007 2609 2191 2680 itaque
2243 2620 2302 2666 ut
2349 2612 2521 2679 Deus,
2566 2615 2933 2687 credaturque
2986 2619 3265 2674 hominem
3315 2620 3592 2676 induisse.

2006 2702 2215 2773 Duplex
2257 2720 2492 2776 namque
2521 2716 2642 2763 erat
2681 2709 2968 2779 Christus;
3003 2713 3081 2767 uti
3109 2714 3202 2782 qui
3248 2714 3430 2769 oculis
3473 2728 3585 2768 non

2004 2794 2402 2863 subjiciehatur
2431 2840 2447 2863 ,
2503 2798 2683 2867 Deus;
2729 2803 2809 2855 uti
2846 2806 2950 2871 qui
3004 2802 3199 2858 oculis.
3228 2802 3585 2869 subdebatur,

2003 2883 2190 2938 homo.
2226 2884 2358 2939 Eum
2391 2887 2560 2959 igitur
2591 2890 2869 2946 hominem
2912 2893 3097 2949 dicere
3140 2894 3263 2949 sine
3291 2894 3590 2952 divinitate

2003 2974 2146 3030 haud
2188 2980 2495 3045 proﬁcuum
2535 2990 2650 3047 est,
2688 2999 2867 3055 neque
2901 2984 3299 3042 humanitatem
3330 3003 3444 3043 non
3482 3004 3593 3042 una

2004 3079 2127 3117 cum
2171 3065 2458 3124 divinitate
2501 3071 2778 3136 conﬁteri,
2811 3075 3078 3132 salutare.
3120 3074 3250 3132 Haec
3278 3076 3350 3133 ad
3381 3093 3447 3133 ea
3469 3094 3595 3151 qua:

1936 3136 1980 3197 (ἶ
2011 3154 2141 3208 mihi
2169 3157 2493 3227 scripseras,
2516 3161 2868 3227 paucissimis
2895 3166 3100 3221 verbis.

2434 3252 2810 3310 CLXXXVIII.
2843 3286 2914 3299 —-
2942 3256 3155 3313 Eidem.

2083 3340 2222 3405 Quid
2255 3351 2358 3404 est,
2389 3346 2535 3412 quod
2573 3349 2841 3417 propheta
2874 3350 2971 3417 ait,
3008 3351 3076 3407 de
3106 3352 3456 3425 incorporeis
3489 3364 3592 3427 po-

2009 3433 2340 3487 testatibus:
2380 3434 2582 3489 «Erant
2605 3454 2768 3492 crura
2793 3454 2985 3494 eorum
3017 3451 3187 3506 recta,
3223 3452 3278 3498 et
3302 3445 3473 3514 pedes
3499 3462 3594 3503 eo-

2008 3537 2129 3575 rum
2154 3524 2278 3577 alati
2299 3525 2408 3578 “?»
2429 3526 2590 3597 217
2618 3527 2799 3597 Neque
2819 3532 2964 3585 enim
2993 3533 3246 3589 caelestes
3278 3544 3595 3607 sanctaque

2008 3612 2117 3667 illa:
2169 3624 2468 3684 potestates
2516 3621 2743 3675 omnino
2792 3621 2948 3678 hisee
2994 3626 3278 3694 corporeis
3320 3626 3590 3697 indigent.

2005 3720 2187 3773 neque
2208 3707 2339 3762 item
2363 3710 2471 3764 illis
2499 3726 2636 3779 opus
2664 3720 2748 3766 est
2771 3713 2838 3766 ad
2860 3714 2966 3768 ista
2988 3728 3283 3782 accessus;
3305 3726 3590 3787 propterea

2010 3811 2173 3852 crura
2208 3809 2357 3854 recta
2394 3802 2597 3856 habere
2624 3803 2909 3857 dicuntur.
2939 3804 3079 3870 Quid
3118 3821 3248 3860 vero
3272 3816 3470 3862 notant
3497 3824 3593 3878 pe-

2010 3887 2108 3943 des
2143 3889 2294 3953 alati,
2333 3892 2440 3944 nisi
2482 3890 2550 3944 ad
2594 3891 2869 3946 diviniora
2909 3895 3153 3949 velocem
3210 3897 3590 3966 pernicitatem

2008 3978 2159 4034 illius
2230 3988 2443 4036 natura:
2517 3981 2591 4037 ab
2665 3983 2816 4037 omni
2880 3984 3166 4040 humiliori
3239 3987 3594 4058 subjectioue

2002 4070 2310 4135 immunis?

2140 4256 2473 4311 CLXXXIX.
2499 4288 2568 4298 —
2586 4257 2926 4316 GERMANO
2954 4259 3465 4318 CANCELLARIO.

2056 4347 2438 4419 ,Semipravus
2485 4351 2619 4404 mihi
2676 4351 2883 4408 videris
2922 4367 3076 4420 esse,
3127 4369 3241 4408 non
3287 4364 3435 4411 totus
3470 4354 3594 4409 uni-

323 4450 711 4522 ὀλομόχθηρος.
750 4452 911 4505 Ὅθεν
938 4454 1031 4506 καὶ
1067 4453 1238 4523 μικρὰ
1274 4453 1414 4507 καλὰ
1436 4456 1493 4507 ἐν
1517 4453 1603 4506 σοὶ
1623 4469 1905 4522 καταμαν-

2013 4455 2230 4495 versus.
2280 4439 2418 4494 Ilinc
2458 4447 2512 4496 et
2555 4441 2758 4510 pusilla
2799 4441 2943 4496 bona
2976 4443 3030 4497 in
3069 4444 3589 4513 “deprehendens,

326 4544 523 4609 θὰνων,
547 4545 766 4608 ἐλπίδας
794 4546 1035 4615 χρηστὰς
1062 4546 1284 4616 ἐμαυτῷ
1302 4547 1430 4617 περὶ
1454 4545 1547 4598 σοῦ
1565 4544 1904 4615 ὑποσπείρω,

323 4639 422 4690 καὶ
455 4637 688 4709 εὔχομαι
741 4638 870 4692 ἰδεῖν
928 4655 1022 4691 σου
1075 4638 1272 4692 θᾶττον
1308 4638 1404 4709 τὴν
1430 4639 1522 4692 ἐπὶ
1565 4638 1634 4691 τὰ
1659 4637 1908 4708 βέλτιστα

324 4728 656 4799 μεταϐολήν.

642 4819 756 4887 PL}.
779 4852 849 4861 —
877 4821 1189 4892 on'Mme
1219 4821 1587 4892 ΕΠΙΣΚΟΠῼ.

396 4910 489 4977 Μὴ
517 4908 609 4962 ἔσο
634 4910 930 4981 ἀπότομος,
962 4911 1174 4980 μήποτε
1220 4910 1492 4981 πειραθῇς
1527 4909 1677 4974 θείας
1701 4912 1911 4978 ἀγανα-

306 5001 597 5070 κτήσεως,
628 5002 732 5055 κᾶν
752 5003 927 5064 δοκεῖς
957 5002 1105 5073 ζήλῳ
1130 5002 1553 5071 περιφλέγεσθαι
1580 5002 1907 5066 θεοσεϐείας.

308 5087 439 5143 Καὶ
465 5089 572 5160 γὰρ
593 5090 621 5140 6
654 5089 1068 5161 μακαριώτατος
1091 5094 1277 5155 Ἰωνᾶς
1305 5093 1367 5145 τὸ
1396 5092 1534 5160 ἄγαν
1573 5093 1774 5163 θερμὸν
1814 5091 1908 5146 τοῦ

304 5180 493 5250 ζήλου
532 5181 622 5234 διὰ
662 5183 756 5235 τοῦ
794 5184 996 5254 κήτους
1050 5185 1419 5254 μεμάλακται.
1479 5185 1590 5238 Καὶ
1620 5186 1783 5249 αὐτὸς
1814 5181 1906 5240 οὗν

306 5272 523 5345 βλέπε.
566 5276 640 5344 μή
675 5293 805 5328 ποτε
853 5276 941 5329 διὰ
972 5276 1033 5329 τὸ
1065 5277 1388 5345 ἁσυμπαθὲς
1415 5276 1495 5345 τῷ
1520 5278 1675 5347 κήτει
1733 5294 1912 5348 παρα·-

300 5365 512 5437 δοθῇς,
546 5369 841 5439 πειρασμῷ
861 5387 968 5423 τινι
1003 5370 1419 5442 ἀπροσδοκήτῳ,
1450 5372 1545 5423 καὶ
1573 5370 1906 5440 ἁνυποίστῳ.

296 5460 512 5529 Κῆτος
543 5459 600 5512 δὲ
629 5461 722 5515 νῦν
756 5461 1136 5525 τδνηδιάϐολον
1180 5462 1340 5531 λέγω.
1402 5462 1548 5532 Πλὴν
1593 5462 1679 5515 ἵνα
1710 5463 1785 5532 μὴ
1813 5460 1911 5532 τὴν

300 5551 669 5622 συμμετρίαν
700 5551 972 5605 ἐκϐαίνειν
1002 5549 1159 5616 δὸξω,
1188 5552 1469 5623 συντόμως
1500 5551 1639 5618 λέξω
1661 5551 1904 5621 ἱστορίαν

399 5726 446 5759 "
470 5726 606 5781 Luc.
640 5742 730 5791 xv,
770 5727 856 5780 I3.
970 5727 1014 5758 ”
1049 5725 1221 5780 Exod.
1256 5743 1357 5792 xu,
1397 5727 1449 5782 9.

610 5821 884 5882 PATROL.
929 5824 1043 5883 GR.
1091 5822 1366 5885 LXXIX.

1564 5726 1787 5783 "Joau.
1822 5741 1862 5792 ι,
1902 5724 1951 5781 1.

2014 4531 2214 4586 bonam
2243 4531 2362 4601 ipse
2389 4531 2456 4586 de
2503 4542 2557 4586 te
2584 4547 2736 4601 spem
2768 4533 3047 4603 concipio,
3077 4533 3454 4603 deprecorque
3479 4533 3591 4588 cito

2016 4619 2199 4675 videre
2226 4630 2376 4675 tuam
2409 4621 2475 4675 ad
2498 4621 2705 4690 optima
2731 4636 2963 4692 qumque
2994 4621 3455 4677 immutationem.

2323 4803 2478 4859 CXC.
2505 4834 2574 4842 -—
2598 4803 2899 4859 OLYMPIO
2926 4803 3289 4861 EPISCOPO.

2088 4895 2386 4952 Discavcas
2438 4896 2798 4959 immanitati,
2844 4896 3138 4967 nequando
3201 4897 3440 4951 divinam
3502 4894 3589 4950 in-

2011 4989 2391 5059 dignationem
2457 4989 2732 5051 incurras,
2787 4989 2916 5043 licet
2965 4988 3188 5058 pietatis
3251 4988 3371 5042 zelo
3432 4986 3589 5042 aduri

2012 5082 2272 5137 videaris.
2308 5078 2444 5133 Nam
2476 5080 2837 5135 beatissimus
2866 5078 3036 5133 Jonas
3075 5080 3293 5135 fervens
3337 5078 3437 5134 zeli
3467 5087 3591 5135 stu-

2013 5176 2163 5231 dium
2194 5173 2376 5228 medio
2397 5180 2520 5227 ceto
2540 5172 2855 5227 emolliit".
2880 5172 3025 5225 Cave
3069 5171 3235 5242 igitur
3277 5179 3337 5225 tu
3370 5185 3592 5242 quoque

2015 5287 2106 5335 ne,
2139 5268 2284 5339 quod
2316 5268 2538 5322 exorari
2570 5275 2624 5321 te
2667 5282 2777 5321 non
2817 5266 2983 5331 sinis,
3012 5276 3137 5321 ceto
3176 5264 3436 5331 tradaris,
3469 5273 3594 5320 ten-

2015 5363 2215 5417 tationi
2267 5376 2464 5431 nempe
2518 5360 2910 5430 inexspectata:
2960 5364 3015 5414 et
3077 5357 3437 5415 intolerabili.
3488 5357 3595 5411 Ce-
3662 5390 3667 5391 κ

2015 5463 2132 5510 tum
2183 5469 2349 5524 porro
2377 5468 2526 5508 nunc
2565 5452 2847 5508 diabolum
2886 5464 3171 5522 nuncupo.
3228 5452 3486 5505 Attamen
3526 5464 3609 5508 ne.

2015 5561 2333 5603 mensuram
2384 5544 2631 5616 epistolae
2673 5542 2944 5599 excedere
3005 5543 3220 5604 videar,
3269 5541 3602 5612 compendio

2066 5724 2109 5757 ετ
2138 5720 2270 5777 ibid.
2302 5722 2394 5799 it,
2512 5722 2556 5751 η
2594 5722 2792 5777 Ezech.
2823 5737 2863 5783 1,
2904 5721 2958 5776 7.
3030 5725 3110 5795 ea
3156 5715 3377 5780 10m“,
3414 5715 3467 5767 ι.

3166 5806 3240 5869 λθ
