3968 6214
413 411 518 472 3M

1894 402 1954 462 S.
1996 401 2159 463 ΝΙΙᾸ

3557 401 3662 464 301

409 513 618 587 ventris
649 506 1032 564 intellectualis
1063 505 1243 561 inferi.
1289 505 1672 560 Cirenmdatus
1703 504 1775 560 fni
1808 521 1835 559 a
1874 507 1974 560 lin-

2101 509 2302 579 léptou,
2335 507 2428 562 καὶ
2473 508 2629 576 λόγου
2677 507 2922 578 ψευδοῦς.
2964 511 3226 577 Ἥγγιτεν
3286 510 3318 579 ἡ
3359 510 3502 581 ψυχή
3567 530 3664 581 μου

408 620 511 670 gua
553 602 902 670 coinquinata
935 606 986 652 et
1016 600 1184 652 verbo
1227 597 1519 652 mendacii.
1563 598 1990 669 Appropinqua-

409 695 484 751 vit
519 693 699 746 anima
731 706 848 743 mea
881 704 1055 759 usque
1095 689 1158 742 ad
1191 698 1420 742 mortem
1449 707 1462 742 :
1514 687 1994 742 circumdederunt

405 800 494 840 me
524 783 766 851 undique
796 783 957 846 mala,
1005 795 1103 834 nec
1135 787 1250 832 erat
1281 779 1377 849 qui
1419 766 1725 848 adjuvat-et.
1758 778 1991 848 Respexi

410 881 464 930 in
495 875 833 947 adjutoriutn
863 861 1190 936 1ιοιιιίιιιιιιι,
1219 880 1272 926 ct
1313 886 1423 924 non
1461 880 1597 924 eral.
1628 868 1782 923 Tunc
1810 884 1992 924 recor-

403 960 572 1020 datus
613 979 734 1018 sum
769 963 1164 1017 misericordia:
1198 968 1321 1020 tum,
1347 959 1594 1021 Domine,
1631 967 1684 1013 ct
1714 959 1986 1028 operatio-

408 1059 496 1110 nis
526 1065 652 1118 tum,
691 1069 812 1124 quae
852 1068 878 1105 a
927 1052 1130 1113 δῖνοιῃο
1173 1057 1280 1114 est,
1319 1053 1578 1119 quoniam
1626 1049 1775 1103 eruis
1823 1048 1990 1103 susti-

349 1173 357 1206 -,
408 1154 602 1200 nentes
659 1154 733 1205 te.
786 1156 834 1197 et
883 1143 1082 1194 liberas
1124 1157 1220 1195 eos
1273 1141 1339 1193 de
1386 1139 1639 1192 manibus
1678 1137 1838 1208 222
1889 1137 1988 1190 lio-

353 1216 362 1235 ²
411 1239 617 1291 stium:
657 1243 706 1288 et
757 1234 990 1286 exultuvi
1032 1247 1061 1284 a
1107 1243 1250 1285 terra
1301 1228 1768 1300 deprecationem,
1801 1240 1854 1282 et
1894 1242 1994 1298 pro

417 1325 742 1380 liberatione
780 1339 808 1376 a
855 1330 1028 1375 morte
1069 1321 1395 1390 deprecatus
1449 1329 1590 1373 sum.
1643 1318 1888 1371 Invocavi
1919 1327 1990 1384 te,

407 1415 663 1477 Domine,
688 1413 1121 1482 nederelinquas
1155 1426 1238 1465 me
1267 1411 1320 1464 in
1352 1411 1439 1464 die
1471 1409 1842 1465 tribulationis
1867 1409 1930 1464 ³⁷.
1967 1429 1984 1462 ι

419 1507 544 1562 Alio
593 1523 812 1576 quoque
861 1507 915 1560 in
981 1506 1102 1558 loco
1143 1503 1286 1558 idem
1342 1501 1606 1557 Siracbns
1663 1500 1988 1566 adhortans,

409 1599 590 1669 inquit
629 1618 641 1652 :
683 1618 698 1648 ι
736 1597 1011 1668 Respicite
1030 1597 1283 1664 antiquas
1302 1593 1704 1664 generationes,
1725 1598 1779 1646 et
1795 1591 1989 1657 videte,

410 1691 537 1757 quis
584 1688 818 1744 credidit
873 1686 1124 1751 Domino,
1161 1693 1218 1740 et
1254 1682 1657 1739 verecundatus
1703 1683 1835 1738 est?
1865 1682 1992 1752 quis

409 1782 709 1853 permansit
741 1781 796 1834 in
827 1779 1023 1834 timore
1045 1777 1186 1848 ejus,
1215 1786 1267 1833 et
1290 1775 1586 1832 derelictus
1606 1774 1728 1830 est?
1755 1781 1848 1828 aut
1869 1773 1992 1843 quis

2095 599 2201 662 ἓως
2235 598 2465 651 θανάτου
2500 612 2514 627 ⁸
2540 599 2794 669 περιέχον
2825 616 2892 669 με
2922 599 3184 652 πάντοθεν
3224 600 3392 664 κακά,
3422 603 3517 655 καὶ
3569 604 3661 657 ob»

2094 681 2162 756 ἦν
2189 701 2270 747 τις
2309 684 2518 756 βοηθῶν
2544 703 2647 755 μοι,
2696 686 2986 756 Ἐνέθλεψα
3013 688 3090 749 εἰς
3131 686 3415 758 ἀντίληψιν
3463 690 3662 761 άνθριὶιο

2097 791 2232 838 πων,
2263 775 2359 827 καὶ
2384 775 2482 827 οὐκ
2511 771 2602 846 ἦν.
2634 775 2768 828 Τότε
2792 777 3068 848 ἐμνήσθην
3089 776 3181 832 τοῦ
3214 777 3396 842 ἐλέους
3428 796 3544 846 σου,
3569 781 3677 835 Κύ-

2097 881 2202 936 ριε,
2246 864 2340 918 καὶ
2369 865 2466 935 τῆς
2504 865 2764 936 ἐργασίας
2797 883 2888 919 σου
2943 867 3044 936 τῆς
3077 866 3174 920 ἀπ’
3207 869 3433 933 αἰῶνος,
3464 869 3548 922 ὅτι
3579 871 3676 924 λυ-

2089 947 2318 1026 τροῦσαι
2350 957 2476 1020 τοὺς
2508 957 2877 1025 ὑπομένοντάς
2931 974 3014 1024 σε,
3039 959 3134 1012 καὶ
3156 957 3351 1023 σώζεις
3375 960 3574 1024 αὐτοὺς
3603 963 3672 1015 ὲκ

2093 1047 2278 1119 χειρὸς
2308 1049 2518 1121 ἐχθρῶν
2565 1066 2579 1078 ·
2613 1049 2706 1102 καὶ
2745 1049 3005 1118 άνύψωσα
3039 1050 3146 1103 άπὸ
3178 1053 3276 1120 τῆς
3297 1051 3401 1121 γῆς
3433 1051 3534 1123 τὴν
3565 1055 3678 1106 ἰκε-

2088 1136 2237 1210 σίαν,
2275 1137 2370 1190 καὶ
2407 1137 2546 1208 ὑπὲρ
2568 1137 2796 1192 θανάτου
2831 1137 3039 1210 ῥύσεως
3087 1139 3334 1210 ἐδεήθην.
3377 1141 3676 1194 Ἐπεκαλε-

2097 1229 2280 1300 σάμην
2327 1247 2406 1294 σε,
2447 1229 2654 1300 Κύριε,
2707 1231 2780 1302 μή
2822 1248 2888 1302 με
2945 1232 3348 1304 ὲγκαταλείπῃς
3383 1235 3441 1287 ὲν
3492 1235 3678 1308 ἡμέρᾳ

2097 1320 2348 1390 θλίψεως.
2397 1342 2414 1374 ι
2441 1322 2549 1376 Καὶ
2575 1324 2632 1375 ἐν
2661 1323 2830 1394 ἑτέρῳ
2863 1323 3012 1394 τόπῳ
3039 1325 3068 1377 ὁ
3097 1324 3259 1388 αὐτὸς
3310 1325 3480 1398 Σιρὰχ
3533 1345 3680 1398 παρ⁸

2095 1411 2282 1476 αινῶν,
2306 1412 2470 1480 φησιν
2490 1430 2504 1444 ο
2537 1431 2555 1464 ι
2617 1412 2954 1482 Ἐμϐλὲψατε
2990 1413 3069 1477 είς
3086 1415 3319 1484 ἀρχαίας
3342 1417 3555 1484 γενεάς,
3579 1419 3676 1472 καὶ

2097 1501 2257 1566 ίδετε,
2288 1503 2370 1567 τίς
2418 1502 2762 1557 ὲνεπίστευσε
2808 1503 3019 1574 Κυρίῳ,
3084 1504 3179 1558 καὶ
3227 1505 3564 1577 κατεσχύνθη
3592 1524 3609 1570 ἶ
3641 1509 3676 1579 ἦ

2095 1594 2178 1658 τίς
2209 1593 2446 1664 ἐνέμεινε
2477 1594 2551 1665 τῷ
2581 1595 2729 1666 φόϐῳ
2754 1593 2938 1660 αὑτοῦ,
2967 1594 3061 1648 καὶ
3082 1594 3502 1670 ἐγκατελήφθης
3536 1600 3676 1671 ῆτίς

2097 1685 2464 1739 ἐπεκαλέσατο
2489 1686 2671 1751 αὑτὸν,
2690 1687 2784 1739 καὶ
2810 1685 3142 1757 ὑπερωράθη
3167 1701 3183 1751 ;
3233 1687 3548 1759 οἰκτίρμων
3566 1689 3676 1759 γὰρ

2097 1777 2192 1830 καὶ
2222 1775 2466 1849 ἐλεήμων
2508 1778 2656 1832 ἐστὶν
2689 1781 2716 1832 ὁ
2737 1777 2960 1850 Κύριος,
2987 1778 3082 1832 καὶ
3109 1779 3336 1852 ἀφίησιν
3377 1782 3674 1854 ἁμαρτίας,

411 1851 738 1939 deprecatus
787 1875 869 1923 est
906 1882 1056 1928 eum,
1100 1877 1154 1922 et
1182 1867 1464 1937 neglectus
1513 1865 1642 1920 est?
1677 1863 1992 1920 Misericors

2101 1868 2192 1922 καὶ
2218 1867 2380 1933 σώζει
2401 1871 2460 1924 ὲν
2481 1870 2660 1942 καιρῷ
2701 1870 2950 1940 θλίψεως.
2988 1889 3006 1922 ι

410 1960 580 2022 enim,
615 1965 668 2011 et
698 1956 990 2011 miserator
1023 1965 1106 2010 est
1156 1954 1443 2023 Dominus,
1494 1963 1550 2009 et
1592 1952 1824 2010 dimittit
1864 1968 1994 2025 pec-

410 2059 532 2104 cata
557 2067 572 2117 ;
606 2054 659 2102 et
689 2048 884 2102 liberat
913 2046 967 2100 in
994 2055 1236 2116 tempore
1268 2045 1642 2100 tribulationis
1662 2045 1732 2100 ³⁸ἰ
1757 2064 1775 2097 ι
1885 2057 1888 2060 '

622 2139 874 2196 CXCVII.
901 2169 974 2180 -—
993 2135 1335 2192 SlMPLlClO
1365 2133 1777 2192 EXCEPTORI.

480 2231 758 2286 Christum
811 2227 1192 2284 coronandum
1229 2241 1353 2282 esse
1397 2227 1571 2297 spinis
1615 2242 1646 2282 a
1681 2226 1992 2282 Judaeorum

413 2324 696 2393 Synagoga
727 2321 837 2390 jam
885 2320 1212 2391 prmdixerat
1251 2316 1547 2373 Salomon:
1581 2317 1732 2373 Filia:
1777 2317 1994 2375 Jerusa-

411 2413 541 2478 lem,
579 2410 1001 2482 egredimini,et
1035 2409 1216 2466 videte
1257 2401 1537 2477 coronam,
1573 2424 1682 2480 qua
1711 2412 1994 2466 coronavit

410 2519 538 2558 cum
575 2512 747 2559 mater
795 2503 1030 2572 ejus".
1068 2501 1205 2556 Cum
1265 2501 1451 2571 itaque
1497 2501 1742 2557 omnium
1793 2502 1990 2558 delicta

409 2595 701 2649 sustulerit
747 2592 1034 2657 Dominus,
1071 2593 1228 2662 spina
1268 2605 1402 2648 vero
1430 2591 1739 2664 symbolum
1783 2595 1990 2664 peccati

414 2687 511 2749 sit;
545 2695 835 2755 propterea
866 2701 931 2739 ex
961 2685 1136 2754 spinis
1161 2683 1209 2739 ei
1245 2682 1496 2738 diadema
1537 2683 1856 2754 impositum
1883 2693 1986 2740 est.

413 2776 674 2844 Sepultus
702 2785 881 2830 autem
933 2783 1018 2830 est
1060 2776 1114 2829 in
1165 2785 1333 2838 terra,
1377 2775 1442 2828 ad
1489 2774 1741 2830 ferendas
1783 2777 1989 2845 spinas,

413 2876 470 2921 et
499 2867 735 2922 tribulos
765 2865 1149 2933 condemnata,
1196 2873 1256 2918 ut
1301 2863 1605 2920 maledictis
1641 2875 1866 2919 onerata
1905 2867 1995 2920 be-

413 2957 783 3012 nediceretur.
817 2953 1048 3022 Quando
1079 2968 1208 3008 vero
1251 2953 1486 3022 primum
1537 2955 1706 3008 creati
1739 2955 1992 3011 homines

416 3053 538 3114 post
591 3052 874 3114 peccatum
912 3041 1050 3098 licus
1093 3041 1220 3097 folia
1260 3042 1562 3096 induerunt
1593 3042 1661 3107 “,
1704 3053 1991 3114 prapterea

415 3137 563 3190 i-irca
593 3135 904 3205 passionem
937 3115 1088 3188 dicit”
1112 3134 1177 3188 ad
1212 3134 1414 3188 ticum:
1457 3151 1476 3186 ι
1523 3133 1643 3189 Non
1673 3135 1813 3189 ultra
1843 3151 1906 3190 ex
1939 3147 1994 3190 te

417 3229 630 3283 l'ructus
659 3227 948 3298 proveniat
978 3226 1046 3293 ης
1081 3245 1098 3278 ι
1129 3225 1286 3297 quasi
1313 3224 1520 3282 diceret
1548 3245 1562 3282 :
1604 3225 1723 3282 Non
1759 3228 1902 3282 ultra
1933 3229 1986 3282 in

415 3318 672 3388 paradiso
713 3316 804 3371 flat
824 3316 1228 3387 praevaricatio.

605 3439 607 3441 ·
679 3429 949 3488 cxcvut.
977 3429 1378 3488 —NUMENIO
1406 3431 1711 3506 pati-tari.

487 3546 703 3598 Annum
763 3544 993 3600 insidias
1037 3533 1241 3603 diaboli
1297 3544 1559 3615 percipis,
1621 3561 1758 3615 quas
1813 3553 1990 3600 tamen

420 3647 529 3685 non
578 3630 982 3700 persentiscere
1016 3631 1276 3686 conaris?
1322 3630 1442 3701 Ipse
1498 3645 1730 3702 namque
1762 3632 1870 3688 tuis
1901 3647 1995 3686 co-

419 3723 774 3792 gitationibus
815 3723 1083 3794 suggerit,
1126 3723 1337 3776 nullum
1379 3723 1540 3794 223
1580 3739 1643 3778 ex
1681 3723 1994 3779 evolutione

422 3815 684 3868 libroruin
729 3813 964 3868 fructum
1027 3812 1238 3874 baberi,
1292 3820 1350 3866 ut
1393 3812 1594 3883 ingenti
1645 3813 1994 3883 negligentia,

421 3914 472 3957 ιιι
507 3903 818 3959 divinorum
861 3911 1261 3975 praeceptorum
1306 3903 1603 3968 oblivione,
1638 3904 1735 3957 tibi
1775 3903 1995 3959 etfodiat

426 3999 624 4051 mentis
692 3997 932 4062 oculum,
1001 4011 1331 4067 omnemque
1390 3995 1776 4067 cogitationem
1844 3996 1996 4050 indu-

424 4084 632 4148 striam,
689 4101 754 4139 ex
811 4100 919 4154 qua
966 4085 1194 4140 omnino
1257 4086 1512 4153 quzelibet
1570 4087 1714 4141 actio
1773 4089 1996 4141 dextera

425 4187 668 4245 tempore
700 4177 988 4230 commodo
1047 4183 1327 4240 nascetur,
1387 4177 1540 4230 tollat
1589 4192 1620 4231 e
1665 4178 1862 4232 medio.
1901 4177 1998 4233 llic

427 4273 607 4318 autem
638 4273 722 4320 est
755 4279 987 4334 serpens
1019 4265 1426 4321 intellectualis.
1459 4265 1604 4322 Naas
1649 4269 1850 4338 quippe
1883 4285 1998 4326 ser-

427 4363 646 4424 pentem
684 4353 980 4426 signiﬁcat,
1037 4357 1130 4427 qui
1166 4355 1428 4412 lsraelitis
1475 4358 1770 4428 aliquando
1825 4361 1998 4414 utina-

430 4458 518 4501 tns
547 4457 646 4509 est,
687 4463 748 4502 se
781 4446 1032 4502 dextrum
1076 4463 1266 4503 eorum
1311 4449 1552 4504 omnium
1585 4451 1802 4505 oculum
1840 4451 2000 4508 ctl‘os-

2265 2135 2422 2203 PL,Z'.
2473 2166 2538 2176 -—
2582 2135 2972 2207 ΣΥΜΠΛΙΚῙῼ
3032 2135 3492 2192 ΕΚΣΚΕΠΤΩΡΙ.

2169 2225 2289 2279 Ὅτι
2316 2225 2495 2297 μέλλει
2529 2225 2761 2296 Χριστὸς
2799 2227 2904 2279 ὑπὸ
2944 2227 3040 2296 τῆς
3081 2226 3188 2281 τῶν
3239 2227 3505 2282 Ἰουδαίων
3554 2243 3676 2282 συν-

2095 2316 2320 2387 αγωγῆς
2361 2317 2624 2382 ἀκάνθαις
2675 2317 3101 2389 στεφανοῦσθαι,
3153 2318 3450 2390 προείρηκε
3522 2320 3676 2373 Σολο-

2099 2407 2594 2480 μώνοθυγατέρες
2647 2407 3022 2478 Ἰερουσαλὴμ,
3077 2408 3341 2475 ὲξέλθετε,
3388 2409 3481 2461 καὶ
3536 2408 3674 2465 ίδετε

2093 2501 2187 2555 τ’ὸν
2221 2500 2502 2570 στέφανον,
2523 2500 2580 2553 ὃν
2604 2501 2978 2568 ἐστεφάνωσεν
3003 2499 3162 2553 αὐτον
3189 2502 3220 2572 ὴ
3261 2502 3446 2572 μήτηρ
3482 2500 3672 2556 αὑτοῦ.

2108 2591 2326 2664 Ἐπειδὴ
2350 2589 2443 2647 οὖν
2483 2593 2700 2646 πάντων
2737 2592 2836 2656 τὰς
2886 2593 3158 2664 ἁμαρτίας
3196 2590 3328 2664 ἦρεν
3375 2595 3402 2647 ὁ
3450 2593 3671 2664 Κύριος,

2096 2684 2365 2755 σύμϐολον
2401 2685 2456 2737 δὲ
2488 2685 2757 2755 ἁμαρτίας
2796 2686 2829 2755 ἠ
2866 2684 3096 2746 ἄκανθα,
3119 2685 3206 2738 διὰ
3261 2685 3420 2755 τοῦτο
3445 2684 3672 2738 ἀκάνθι-

2093 2795 2184 2833 νον
2218 2777 2501 2847 περιεδέθη
2543 2775 2822 2846 στέφανον.
2855 2775 3130 2828 Τέθαπται
3177 2776 3232 2828 δὲ
3284 2777 3363 2839 είς
3415 2775 3514 2846 τὴν
3566 2776 3673 2846 γῆν

2093 2868 2192 2938 τὴν
2223 2865 2712 2922 καταδικασθεῖσαν
2740 2865 2992 2936 ἐκφέρειν
3053 2865 3292 2927 ἀκάνθας
3348 2867 3443 2916 καὶ
3489 2866 3672 2936 τριϐό-

2092 2954 2237 3018 λους,
2270 2955 2336 3007 ἵν’
2367 2953 2632 3024 εὺλογηθῇ
2659 2956 2691 3024 ή
2719 2955 3157 3025 κεκατηραμένη.
3188 2953 3402 3024 Ἐπειδὴ
3425 2947 3672 3024 δὲ’φὺλλα

2095 3040 2268 3111 συκῆς
2295 3043 2341 3094 ot
2378 3041 2786 3112 πρωτόπλαστοι
2817 3041 3179 3114 άμαρτῶντες
3237 3042 3672 3116 περιεϐάλλοντο,

2094 3133 2181 3188 διὰ
2206 3133 2365 3187 τοῦτο
2415 3135 2543 3206 περὶ
2595 3135 2656 3187 τὸ
2715 3134 2886 3197 πάθος
2934 3134 3078 3203 λέγει
3125 3135 3260 3206 πρὸς
3301 3137 3401 3207 τὴν
3464 3137 3670 3209 συκῆν·

2103 3246 2122 3280 ι
2157 3229 2370 3297 Μηκέτι
2395 3227 2458 3280 ὲκ
2487 3225 2579 3279 σοῦ
2612 3230 2820 3297 καρπὸς
2849 3225 3074 3298 γένηται
3105 3243 3120 3260 ο
3151 3245 3170 3279 ι
3216 3229 3336 3282 ἀντὶ
3364 3228 3459 3282 τοῦ
3486 3244 3502 3260 ·
3535 3230 3671 3302 M11-

2094 3325 2210 3376 κέτι
2231 3323 2288 3375 ἒν
2313 3319 2621 3392 παραδείσῳ
2647 3318 2886 3387 γενέσθω
2911 3319 3236 3391 παράϐασις.

2217 3406 2247 3432 ¹
2301 3413 2474 3478 ΡῌΡ.
2508 3440 2576 3450 -
2605 3409 2976 3479 ΝΟΥΜΗΝῙῼ
3003 3409 3459 3466 ΠΡΩΤΕΥΟΝΤΙ.

2109 3509 2114 3513 ’
2167 3525 2460 3589 Δανθάνεις
2495 3525 2688 3579 σαυτὸν
2711 3524 3119 3596 ὲνεδρευόμενος
3151 3520 3255 3574 ὑπὸ
3278 3518 3373 3573 τοῦ
3396 3519 3666 3575 διαϐόλου.

2095 3617 2268 3680 Αὐτὸς
2301 3616 2411 3687 γάρ
2442 3633 2526 3669 σοι
2559 3615 2872 3669 ὑποτίθεται
2905 3613 2993 3666 διὰ
3019 3611 3126 3665 τῶν
3159 3609 3450 3679 ἐνθυμιῶν,
3507 3608 3673 3680 μηδὲν

2097 3709 2328 3778 πάμπαν
2373 3707 2694 3776 ὡψελεῖσθαι
2752 3707 2814 3759 ἐκ
2879 3705 2977 3772 τῆς
3009 3701 3384 3770 ἀναγνώσεως,
3431 3700 3575 3762 ὅπως
3603 3701 3669 3770 τῇ

2097 3799 2264 3870 πολλῇ
2309 3799 2556 3870 ἀμελείᾳ,
2580 3798 2675 3850 καὶ
2706 3799 2772 3867 τῇ
2811 3795 2948 3866 λήθῃ
2972 3793 3080 3847 τῶν
3106 3793 3265 3846 θείων
3308 3790 3664 3862 προσταγμά-

2097 3909 2224 3955 των,
2260 3888 2485 3962 ἐξορύξῃ
2507 3906 2618 3952 σου,
2657 3889 2750 3940 καὶ
2775 3885 3050 3957 ἀμαλδύνῃ
3099 3885 3208 3937 πᾶν
3247 3881 3418 3946 δεξιὸν
3473 3881 3672 3951 νόημα.

2098 3983 2157 4048 ἐξ
2186 3978 2356 4052 οὗπερ
2389 3983 2603 4041 πάντως
2642 3978 2840 4050 πρᾶξις
2865 3977 3011 4044 δεξιά
3052 3974 3229 4045 καιρῷ
3264 3973 3449 4043 οἰκείῳ
3479 3971 3673 4042 τεχθή-

2100 4091 2271 4128 σεται.
2305 4068 2474 4135 Οὗτος
2498 4071 2542 4124 δ’
2564 4071 2796 4140 ὑπάρχει
2825 4071 2853 4120 ό
2881 4067 3000 4136 ὄφις
3039 4067 3068 4118 ὁ
3109 4065 3320 4135 νοητός.
3361 4061 3515 4125 Ναὰς
3561 4061 3672 4132 γάρ

2099 4165 2458 4240 ἑρμηνεύεται
2513 4163 2678 4230 ὄφις,
2756 4161 2905 4220 ὅστις
2961 4159 3072 4219 τοῖς
3121 4153 3481 4225 Ἰσραηλίταις
3543 4153 3673 4205 ποτε

2099 4258 2454 4330 ἐπηπείλησε,
2491 4255 2667 4309 πῦιντα
2696 4248 2864 4317 δεξιὸν
2889 4248 3068 4304 αὐτῶν
3098 4245 3378 4318 bella).pr
3399 4242 3672 4316 ἐξορύξαι,

2099 4349 2364 4410 τουτέστι,
2391 4348 2566 4401 πάντα
2603 4341 2862 4412 λογισμὸν
2901 4336 3104 4407 ἀγαθὸν
3151 4335 3430 4406 ἀφανίσαι.
3500 4333 3676 4387 Πολλὰ

2100 4441 2146 4494 δ’
2178 4439 2360 4510 ἀγαθὰ
2388 4439 2477 4491 διὰ
2509 4436 2608 4505 τῆς
2629 4431 2987 4502 ἀναγνώσεως
3011 4429 3120 4500 τῶν
3146 4429 3516 4482 θεοπνεύστων
3543 4424 3681 4496 Γρα·

417 4554 617 4622 surum
650 4539 717 4604 ι’,
767 4538 870 4593 boc
928 4547 1035 4606 est,
1091 4540 1480 4610 cogitationem
1538 4557 1754 4597 omnem
1802 4544 1993 4600 bonam

2105 4531 2220 4601 φῶν
2252 4528 2596 4597 εὑρίσκουσιν
2622 4524 2914 4594 ἄνθρωποι.
2949 4521 3013 4574 Ei
3033 4514 3126 4572 οὖν
3149 4517 3324 4581 θέλεις
3361 4515 3451 4568 τὸν
3485 4513 3679 4620 ὀφθαλ-

423 4629 764 4684 evulsurnm.
819 4627 983 4682 Multa
1029 4645 1193 4698 pnrro
1227 4630 1513 4685 commoda
1549 4646 1610 4686 ex
1654 4631 1885 4688 lectione
1915 4634 1998 4688 di-

425 4723 632 4776 vinitus
703 4723 1091 4794 inspiratarum
1135 4721 1466 4778 Litterarum
1515 4722 1831 4781 hominibus
1866 4741 1996 4795 pro-

426 4813 672 4867 veniunt.
710 4811 766 4866 Si
813 4813 996 4882 itaque
1029 4811 1122 4866 tibi
1162 4813 1217 4866 in
1255 4813 1436 4865 animo
1468 4820 1572 4874 est,
1623 4811 1818 4866 anima:
1860 4828 1993 4867 ocu-

427 4902 536 4953 lznn
569 4915 922 4965 conservare,
963 4900 1220 4968 illinspte
1257 4899 1430 4954 aciem
1469 4915 1690 4968 acuere,
1725 4909 1778 4957 et
1803 4901 1868 4957 ad
1895 4917 1996 4973 op-

426 4993 556 5042 t‘nna
614 5004 840 5060 qumque
900 4989 1049 5053 duci,
1104 4998 1158 5044 et
1213 4989 1501 5044 victoriam
1553 4990 1621 5044 de
1673 4992 1996 5047 consiliario

2107 4622 2208 4693 μὸν
2237 4623 2334 4691 τῆς
2371 4620 2549 4690 ψυχῆς
2571 4617 2856 4688 φυλάττειν
2882 4631 2942 4667 τε
2976 4613 3071 4667 καὶ
3100 4610 3320 4680 νικῆσαι
3373 4607 3465 4660 τὸν
3519 4606 3680 4659 κάκι-

2106 4732 2228 4770 στον
2260 4712 2584 4784 σύμϐουλον,
2617 4709 2711 4762 καὶ
2736 4704 3059 4762 ἀποτελέσαι
3095 4699 3385 4771 ὀξυδερκῆ,
3453 4697 3550 4752 καὶ
3589 4696 3680 4750 ἐπὶ

2104 4805 2173 4861 τὰ
2197 4804 2460 4860 κάλλιστα
2497 4799 2835 4870 πώηγῆσθαι
2861 4797 3182 4868 πράγματα,
3211 4791 3300 4846 τδν
3330 4789 3485 4852 Ναὰς
3535 4787 3680 4856 λέγω

2102 4904 2194 4958 τδν
2223 4905 2282 4958 ἂν
2314 4902 2396 4955 σοὶ
2427 4897 2786 4970 Ἀμμανίτην,
2815 4893 2909 4964 ,μὴ
2947 4892 3183 4964 ὀκνήσῃς
3225 4889 3291 4957 τῇ
3329 4885 3460 4954 ἁγίᾳ
3511 4895 3680 4951 προσ-

2106 4993 2198 5064 ἐχε
2207 5009 2253 5046 ιν
2275 4988 2598 5059 ἀναγνώσει.

427 5081 666 5149 pessimo
693 5081 854 5145 Naas,
888 5083 982 5152 qui
1017 5084 1070 5136 in
1113 5090 1164 5136 te
1196 5089 1298 5146 est,
1330 5081 1640 5137 Ammonita
1673 5093 1994 5156 reportare;
2034 5102 2106 5144 ne
2163 5101 2356 5144 socors
2395 5085 2495 5148 sis,
2524 5094 2701 5151 neque
2762 5075 2948 5147 segnis
3006 5075 3060 5127 in
3105 5068 3340 5125 lectione
3395 5071 3680 5118 sacrarum

429 5173 853 5228 :‘erinturarum.

592 5189 797 5227 llll'ﬂl‘lll
841 5215 853 5228 .

554 5189 904 5322 pexam}:—
937 5265 1262 5323 ruuaoru
1305 5239 1850 5326 otarssrntsr/E.

496 5358 633 5412 Cum
663 5359 717 5412 in
749 5357 1201 5428 cogitationibus,
1231 5371 1351 5428 qua:
1377 5367 1572 5412 natura
1593 5374 1690 5414 sua
1725 5361 1999 5429 praeclara:

431 5457 576 5513 sunt,
608 5448 984 5506 immoramur,
1018 5447 1330 5516 paradisum
1353 5455 1601 5503 tenemus
1629 5447 1693 5513 “,
1725 5463 1755 5502 a
1779 5458 1997 5520 pertur-

443 5541 752 5595 nationibus
810 5541 1104 5605 immunes,
1140 5540 1396 5608 precibus
1435 5548 1489 5594 et
1521 5541 1718 5597 virtute
1744 5543 1808 5598 ad
1845 5545 2002 5602 caele-

431 5636 534 5688 snia
565 5633 1001 5700 sublevatigcum
1026 5648 1157 5687 vero
1187 5631 1254 5686 ad
1289 5635 1490 5688 malum
1518 5633 1995 5708 declinaverimus,

537 5768 582 5837 εξ
621 5766 785 5820 Eceli.
821 5782 894 5837 L_I,
927 5767 1073 5837 1-H:
1170 5768 1215 5800 “
1247 5767 1411 5823 Eceli.
1446 5785 1505 5837 ιι,
1543 5773 1724 5830 11-15.

437 5837 525 5891 ⁵⁵⁸1
561 5835 692 5900 Reg.
727 5850 803 5896 xl,
839 5835 893 5888 2.
969 5835 1012 5868 δ’
1035 5832 1170 5889 Gen.
1214 5850 1273 5899 ιι,
1306 5837 1391 5890 15.

1865 5779 1908 5811 ³⁹
1941 5777 2102 5834 Cant.
2136 5791 2219 5840 ιιι,
2257 5776 2340 5830 ll.

2317 5268 2478 5336 PL_B'.
2508 5296 2578 5305 ——
2614 5255 2990 5316 ΠΟΥΛΛῙΩΝΙ
3021 5247 3467 5317 ΔΙΑΨΗΦΙΣΤῌ.

2177 5365 2344 5418 Ὅταν
2384 5361 2475 5414 ἐπὶ
2497 5359 2607 5412 τῶν
2635 5353 2775 5409 κατὰ
2820 5349 2980 5421 φύσιν
3029 5341 3299 5416 λαμπρῶν
3337 5337 3682 5409 διατρίϐομεν

2105 5454 2402 5526 λογισμῶν,
2451 5453 2508 5504 ἒν
2541 5447 2852 5520 παραδείσῳ
2898 5439 3089 5512 ἐσμὲν,
3137 5431 3338 5526 γυμνολ
3395 5427 3604 5526 παθῶν,
3634 5426 3684 5526 σι

2103 5515 2554 5619 προσευχόμενοι,
2583 5515 2676 5594 καὶ
2704 5539 2770 5608 τῇ
2800 5535 2970 5606 ἀρετῇ
2993 5523 3484 5620 ἀνακουφιςόμενρι

2104 5606 2398 5709 ιτὲουράἶιίοἱ
2433 5653 2446 5667 ·
2476 5606 2603 5688 ὅταν
2624 5629 2681 5684 δὲ
2712 5606 2849 5698 πρὸς
2876 5623 2937 5679 ca
2955 5619 3124 5675 κακὸν
3149 5616 3405 5689 ῥέψομεν,
3431 5606 3689 5663 ἐκϐαλλό-

2455 5773 2499 5804 ⁶⁶
2530 5769 2669 5828 Gen.
2741 5779 2830 5835 tu,
2892 5763 2980 5818 l8.
3125 5755 3166 5788 "
3211 5749 3554 5812 Mattli.xx1,
3594 5745 3684 5801 l9.
