4012 6196
339 173 447 240 305

1533 169 2072 232 EPISTOLARUM
2114 175 2256 232 LIB.
2300 177 2381 235 II.

3489 177 3595 242 31ἶῶ
3633 243 3642 248 ,

331 283 470 356 μεθα
499 277 594 332 τοῦ
645 275 792 330 θείου
837 273 1187 344 παραδείσου.
1257 275 1350 328 καὶ
1400 277 1528 339 τοὺς
1571 278 1921 349 δερματίνους

2027 302 2055 338 a
2130 285 2318 339 divino
2373 285 2629 356 paradiso
2684 285 2956 354 ejiciatur,
2995 293 3050 341 et
3118 287 3594 354 pelliceis“all'e-

328 369 563 444 χιτῶνας
595 367 706 420 τῶν
749 365 939 419 παθῶν
984 364 1356 434 ἐνδυσάμενοι,
1417 369 1494 438 τῇ,
1523 367 1767 440 ἁμαρτίᾳ
1815 387 1917 422 πα-

326 460 618 534 χυνθέντες
669 454 1144 527 καταὸρυνὸμεθα.
1199 457 1294 509 ’Ἂν
1357 456 1414 508 δὲ
1457 458 1615 512 πάλιν
1651 459 1918 528 νήψαντες

325 554 416 608 διὰ
432 549 748 620 φιλοπονίας
759 546 1117 616 λεπτύνωμεν
1139 547 1237 618 τὴν
1253 545 1359 600 τῶν
1378 547 1645 618 ἐμπαθῶν
1667 549 1916 618 χιτώνων

325 643 637 714 παχύτητα,
693 639 977 711 μετάρσιοι
1029 637 1294 706 γινόμεθα
1357 639 1789 710 πτεροφυοῡντες
1843 639 1918 703 ὡς

329 734 500 797 ἀετοὶ,
549 733 643 786 καὶ
691 728 1058 798 πνευματικοὶ
1108 727 1666 799 προσαγορευόμεθα,
1739 727 1918 792 καθὼς

329 823 680 894 γέγραπται,
708 821 794 874 δτι
837 817 1297 887 (ξι-γεγεννημένος
1343 819 1408 870 ἐκ
1452 817 1547 871 τοῦ
1585 817 1916 890 πνεύματος,

328 913 550 984 πνεῦμά
582 914 752 964 ἐστιν·
781 909 921 962 ὥστε
948 907 1128 975 λέγειν
1158 908 1290 978 ἡμῖν
1323 908 1413 960 τὸν
1451 908 1747 962 ἀπόστολον
1767 909 1916 962 Παῦ-

327 1005 459 1058 λον·
495 1004 738 1074 «Ὑμεῖς
786 1002 843 1054 δὲ
877 986 978 1055 otia:
1018 1000 1142 1055 ἐστέ
1181 1001 1238 1054 ἐν
1281 999 1468 1069 σαρκὶ,
1501 999 1616 1054 ἀλλ’
1670 1002 1728 1053 ἐν
1757 999 1919 1054 πνεύ-

330 1113 488 1167 ματι,
519 1113 538 1146 ι
577 1093 716 1146 διότι
746 1091 1023 1146 άπέθεσθε
1081 1089 1173 1144 τὸν
1217 1089 1448 1144 παλαιὸν
1486 1089 1794 1160 ἄνθρωπον,
1826 1090 1918 1144 τὸν

326 1187 448 1248 ταῖς
480 1183 756 1245 ποικίλαις
795 1181 1116 1251 ἐπιθυμίαις
1166 1180 1509 1252 διεφθορότα.
1577 1181 1766 1252 Σάρκα
1809 1181 1919 1252 γὰρ

328 1277 732 1348 περικείμενοι,
770 1274 832 1327 οὐ
859 1273 1004 1328 κατὰ
1057 1274 1238 1348 σάρκα
1264 1271 1650 1344 στρατεύεσθε,
1681 1271 1796 1326 ἀλλ’
1836 1273 1920 1325 οὑ-

330 1368 680 1440 ρανοὸατεῖτε
699 1368 763 1437 τῇ
795 1366 1026 1436 διανοίᾳ.
1074 1384 1094 1417 ι
1144 1365 1330 1436 ’Υμῶν
1382 1365 1489 1436 γὰρ
1523 1366 1585 1418 τὸ
1617 1364 1920 1435 πολίτευμα

329 1463 392 1516 ἐν
416 1462 662 1533 οὐρανοῖς
676 1461 936 1532 ὑπάρχει.
987 1478 1008 1511 ι
1895 1483 1900 1490 -

704 1551 777 1606 Συ.
817 1579 889 1591 -
910 1549 1232 1621 suumn
1261 1549 1558 1603 KOMHTI.

2019 387 2206 430 ctuum
2286 378 2530 432 vestibus
2609 379 2831 442 amicti,
2899 387 3122 447 peccato
3187 389 3593 435 crassescentes

2019 465 2341 535 gloriamur.
2384 465 2439 521 Si
2486 483 2702 522 rursum
2735 468 2916 521 stmlio
2947 468 3241 537 laboreque
3292 469 3412 522 sani
3466 468 3590 522 Iacli

2019 559 2254 612 vestium
2291 559 2801 627 perturbationibus
2846 559 3209 612 obnoxiarum
3263 559 3592 614 crassitudi-

2019 665 2144 704 nem
2183 650 2618 712 tenuaverimus,
2659 651 2838 704 enatis
2881 650 3039 704 nobis
3078 651 3182 706 alis
3229 651 3370 705 velut
3401 652 3595 719 aquilae

2019 741 2074 796 in
2116 755 2242 796 aera
2281 741 2673 806 sublevantur,
2708 721 3202 811 nuucup'amurque
3239 742 3592 811 spirituales,

2018 832 2482 904 quemadmodum
2519 833 2784 902 scriptum
2835 842 2920 887 est
2951 847 3100 894 emn,
3151 833 3242 902 qui
3287 847 3353 886 ex
3397 833 3591 903 spiritu

2021 925 2237 996 genitus
2267 933 2372 987 est,
2407 925 2663 994 spiritum
2699 938 2823 979 esse
2846 925 2889 955 ⁵⁵
2919 939 2932 974 :
2958 922 3090 976 adeo
3121 931 3178 974 ut
3211 921 3414 977 Paulus
3473 939 3597 991 τινα-
3669 957 3678 962 -

2020 1013 2194 1068 stolus
2225 1014 2403 1068 dicat:
2430 1033 2448 1067 ι
2482 1013 2596 1068 Vos
2616 1020 2797 1067 autem
2829 1028 2935 1066 non
2967 1014 3100 1068 estis
3125 1014 3181 1066 in
3208 1027 3390 1075 carne,
3419 1013 3511 1065 sed
3542 1014 3594 1066 in

2020 1105 2218 1174 Spiritu
2249 1107 2314 1170 ⁸⁸,
2377 1124 2396 1157 ι
2453 1104 2709 1173 queniam
2764 1103 3097 1172 deposuistis
3158 1102 3321 1174 224
3361 1111 3594 1156 veterem

2022 1196 2324 1260 hominem,
2371 1195 2540 1251 variis
2579 1195 2870 1251 desideriis
2920 1207 3239 1263 corruptum
3291 1195 3356 1260 ξ’.
3421 1193 3599 1247 Carne

2019 1285 2165 1340 enim
2191 1287 2542 1348 circumdati.
2568 1301 2675 1340 non
2700 1285 3004 1340 secundum
3024 1297 3243 1336 carnem
3266 1269 3512 1337 utilitatis
3530 1281 3594 1346 "',

2019 1377 2115 1434 sed
2173 1379 2502 1448 cogitatione
2565 1378 2622 1432 in
2676 1377 2878 1432 cmlum
2931 1374 3274 1430 ascenditis:
3337 1391 3355 1424 ι
3403 1372 3595 1426 Vestra

2020 1479 2258 1536 namque
2283 1466 2636 1544 conversatio
2673 1467 2730 1520 in
2766 1465 2922 1520 cmlis
2951 1473 3036 1519 est
3063 1464 3130 1519 δ’.
3172 1483 3194 1515 ι

2401 1557 2510 1614 CC.
2535 1588 2604 1598 —
2627 1554 2920 1612 SOCBATI
2947 1554 3204 1612 COMITI.

337 1680 340 1684 -
409 1642 679 1714 Εὑμαρῶς
723 1641 845 1696 λίαν
903 1641 1011 1695 τῶν
1066 1641 1338 1695 θανόντων
1377 1639 1680 1710 ἀνθρώπων
1708 1640 1774 1694 τὰ
1810 1641 1916 1693 σώ-

2086 1645 2378 1702 Facillimo
2414 1649 2637 1718 negotio
2685 1647 3103 1701 demortuorum
3153 1643 3437 1698 hominum
3471 1657 3598 1696 σοι’-
3639 1683 3642 1686 .

338 1750 489 1806 ματα
528 1736 558 1786 ὁ
587 1733 778 1804 Σωτὴρ
807 1732 1043 1804 Χριστὸς
1084 1731 1380 1801 ἀγαπήσει
1415 1729 1608 1784 θᾶττον
1640 1730 1912 1801 πταρμοῦ.

337 1827 495 1879 [Iolao
524 1823 660 1896 γάρ,
695 1823 816 1877 είπὲ
852 1839 962 1894 μοι,
1007 1823 1198 1892 μεῖζον
1217 1824 1274 1876 ἐν
1311 1819 1596 1892 συγκρίσει
1632 1820 1916 1889 καμάτων,

333 1918 628 1988 ἀνδριάντα
651 1915 854 1971 πλάσαι
884 1916 975 1968 τὸν
1007 1913 1200 1985 πρώην
1257 1914 1331 1985 μὴ
1373 1911 1682 1982 ὑφεστῶτα,
1826 1909 1918 1964 τὸν

333 2009 662 2063 διαπεσόντα
689 2005 1149 2078 άναχονεῦσαιείς
1183 2005 1246 2058 τ’)
1298 2005 1470 2068 αὐτός
1512 2003 1572 2055 'U
1615 2001 1798 2056 τοίνυν
1853 2002 1918 2054 ἐκ

335 2100 426 2154 τοῦ
456 2100 533 2170 μὴ
559 2100 715 2165 δντος
742 2098 978 2168 ποιήσας
998 2098 1148 2167 ἡμᾶς
1168 2096 1324 2160 Θεὸς,
1364 2094 1525 2164 δῆλον
1552 2095 1635 2148 ὅτι
1673 2094 1770 2147 καὶ
1815 2110 1915 2146 πε-

334 2191 626 2254 πτωκότας
653 2191 804 2263 ἡμᾶς
832 2189 1198 2260 ἐξαναστῆσαι
1216 2187 1524 2257 δυνήσεται.

619 2467 741 2519 mu
775 2493 848 2504 -
876 2463 1188 2534 ΒΟΥΣΙΡΙῼ
1226 2461 1635 2530 ΝᾹΥΚΛΗΡῼ.

408 2557 698 2629 Μέμνησο,
741 2557 881 2628 ὅτιή
920 2557 1064 2627 χήρα
1107 2557 1140 2626 ή
1177 2555 1234 2607 ἐν
1266 2555 1378 2616 τοῖς
1417 2550 1770 2620 Εὑαγγε>.ίοις
1818 2567 1914 2617 γε-

335 2648 676 2736 γραμμένη,
734 2645 827 2699 ἐπὶ
881 2646 1040 2700 ἱκανὰ
1083 2645 1176 2716 ἐτη
1235 2642 1562 2713 ἐνετύγχανε
1617 2640 1694 2711 τῷ
1745 2640 1916 2736 ἀδίκιρ

335 2731 505 2812 κριτῇ
553 2740 749 2811 ἐκείνῳ
789 2739 1057 2808 λέγουσα·
1106 2757 1123 2789 ι
1167 2736 1487 2804 Ἐκδίκησόν
1551 2751 1618 2801 με
1662 2733 1771 2786 άπὸ
1820 2731 1916 2784 τοῦ

337 2832 617 2887 ἀντιδίκου
669 2848 791 2902 μου.
841 2831 1012 2893 Αὐτὸς
1064 2829 1122 2882 δὲ
1174 2830 1276 2884 οὐκ
1325 2827 1515 2898 ἤθελεν
1567 2827 1660 2881 ἐπὶ
1697 2826 1914 2897 χρόνον,

2019 1718 2154 1809 pora
2194 1739 2452 1796 Salvator
2490 1740 2750 1794 Christus
2805 1743 3248 1793 sternutamento
3289 1733 3456 1787 citius
3509 1749 3595 1787 re-

2021 1846 2248 1902 surgere
2283 1830 2639 1896 faciet..Quid
2671 1831 2842 1893 enim,
2873 1827 2983 1892 die,
3023 1826 3206 1885 sodes,
3242 1824 3296 1877 in
3338 1825 3588 1877 laborum

2019 1922 2438 1991 comparatione
2488 1922 2674 1989 majus
2709 1920 2836 1974 est?
2891 1917 3238 1981 Statuamne,
3277 1929 3397 1983 qua:
3436 1919 3594 1966 antea

2019 2012 2169 2067 nulla
2199 2021 2342 2076 erat,
2378 2011 2662 2082 eﬂ‘mgere,
2694 2027 2764 2066 an
2805 2024 2937 2065 casu
2987 2008 3245 2077 quopiam
3278 2005 3585 2073 disruptam

2019 2105 2075 2160 in
2103 2104 2352 2161 eamdem
2388 2102 2616 2158 formam
2644 2103 2873 2158 reticere
2891 2103 2920 2155 ’ί
2941 2101 3045 2167 Qui
3079 2100 3256 2171 igitur
3279 2114 3382 2154 nos
3410 2115 3475 2152 ex
3507 2114 3593 2157 eo,

2017 2195 2162 2267 quod
2195 2211 2305 2250 non
2344 2204 2484 2259 erat,
2522 2195 2664 2251 Deus
2692 2194 2930 2257 creavit,
2969 2194 3085 2263 ipse
3119 2209 3252 2254 nos,
3288 2200 3588 2262 postquam

2015 2288 2402 2348 eeciderimus.
2431 2297 2493 2344 ut
2521 2288 2891 2344 clarissimum
2922 2296 3028 2352 est,
3079 2301 3107 2339 a
3165 2286 3353 2340 limine
3400 2282 3594 2337 mortis

2018 2381 2313 2439 restituere
2343 2380 2550 2451 poterit

2320 2472 2452 2529 CCI.
2481 2458 2549 2515 '—
2575 2471 2857 2530 BUSlRtO
2888 2470 3282 2527 NAUCLERO.

2089 2563 2423 2630 Recordare,
2456 2563 2698 2628 viduam,
2749 2580 2870 2633 quae
2932 2565 2985 2616 in
3041 2560 3357 2631 Erangeliis
3411 2558 3597 2628 expri-

2019 2655 2206 2720 mitur,
2260 2670 2359 2724 per
2407 2653 2611 2710 multos
2673 2669 2847 2709 annos
2899 2653 3230 2714 instantem,
3336 2647 3595 2717 injuslum

2020 2746 2172 2800 illum
2225 2745 2466 2815 iudicem
2541 2745 2868 2802 convenisse
2932 2743 3168 2798 dicendo
3226 2758 3239 2792 :
3299 2759 3318 2792 ι
3369 2739 3598 2794 Vindica

1958 2887 1960 2889 .
2020 2853 2106 2892 me
2134 2837 2203 2893 de
2226 2837 2545 2895 adversario
2593 2851 2735 2893 meo.
2769 2838 2838 2890 At
2874 2835 2966 2891 ille
2998 2834 3221 2889 nolebat
3247 2831 3313 2886 ad
3335 2824 3596 2900 tempus.

337 2922 462 2976 ἀλλ’
494 2921 868 2994 ὑπερετίθετο.
905 2940 925 2973 ι
980 2919 1276 2984 ’Δντίδικος
1325 2920 1394 2974 ἂν
1442 2921 1530 2990 είη
1575 2919 1637 2972 οὑ
1685 2919 1843 2989 μόνον
1888 2919 1917 2971 ὁ

2024 2928 2118 2983 sed
2181 2927 2470 2985 diﬂ'erebat
2525 2928 2796 3000 judicium
2847 2929 2915 2982 ⁸⁸.
2953 2945 2970 2979 ι
3023 2925 3387 2980 Adversarius
3441 2937 3602 2992 porro

337 3014 586 3085 δαίμων,
619 3013 755 3068 ἀλλὰ
791 3013 888 3068 καὶ
923 3012 986 3066 τὸ
1018 3012 1274 3082 φρόνημα
1307 3009 1370 3064 τὸ
1407 3009 1692 3081 σαρκικόν.
1719 3009 1918 3062 ’Ύστε-

2024 3017 2188 3077 IUerit
2217 3035 2326 3075 non
2358 2998 2569 3074 tantum
2599 3020 2834 3084 daemon,
2863 3017 2959 3074 sed
2991 3016 3156 3101 etiam
3183 3014 3442 3083 cogitatio
3476 3028 3598 3067 car-

342 3125 438 3178 ρον
467 3107 527 3162 δὲ
579 3105 888 3168 ἐκϐιασθεὶς
926 3105 991 3158 ἐκ
1034 3103 1136 3174 τῆς
1180 3102 1516 3173 ἐνοχλήσεως
1557 3103 1586 3155 ὁ
1629 3100 1914 3170 δικαστὴς,

338 3199 628 3269 ἐξεδίκησε
651 3197 750 3268 τὴν
771 3197 969 3267 χήραν.
1008 3194 1122 3265 Τὴν
1156 3193 1340 3248 τοίνυν
1369 3191 1684 3264 παραϐολήν
1716 3190 1922 3261 ταύτην

339 3291 486 3364 πρὸς
523 3291 672 3362 ήμᾶς
707 3289 736 3342 δ
767 3288 972 3360 Κύριος
1010 3286 1255 3358 εἴρηκεν,
1289 3285 1501 3355 νευρῶν
1523 3285 1692 3356 ἡμᾶς,
1731 3283 1817 3365 ἵχα
1847 3282 1922 3353 μὴ

339 3381 834 3452 ιιιιιιογινιῖισκωμενι
847 3379 1112 3449 δεόμενοι,
1141 3378 1236 3430 καὶ
1279 3374 1576 3438 αἰτοῦντες.
1609 3375 1780 3439 Αὐτὸς
1813 3375 1923 3444 γὰρ

341 3475 376 3526 δ
407 3471 792 3544 φιλάνθρωπος
839 3469 1043 3541 Κύριος
1079 3469 1366 3522 ἐπίσταται
1410 3466 1504 3521 τὸν
1555 3466 1784 3539 καιρὸν,
1833 3467 1924 3520 ὅτε

347 3547 601 3637 βούλεται
634 3564 964 3631 ἐπακοῦσαι,
999 3564 1095 3617 καὶ
1144 3563 1329 3616 δοῦναι
1372 3561 1450 3632 τῷ
1478 3560 1718 3615 αἰτοῦντι
1744 3561 1806 3614 τὸ
1843 3560 1925 3615 αῖ-

341 3673 525 3726 τημα.
569 3657 678 3710 Καὶ
724 3656 847 3710 τότε
885 3657 1012 3710 ὅταν
1054 3655 1308 3724 θελήσει,
1347 3649 1582 3725 τάχιστα
1639 3658 1783 3708 ποιεῖ
1825 3654 1924 3725 τήν

345 3747 640 3817 ἐκδίκησιν
665 3747 769 3800 τῶν
810 3747 1320 3816 καταπονουμένων,
1355 3749 1450 3800 καὶ
1485 3745 1920 3816 ὀνειδιζομένων,

346 3835 542 3898 καθὼς
578 3836 914 3907 γέγραπται·
955 3855 974 3887 ι
1031 3837 1120 3889 Ἐν
1155 3836 1233 3908 τῷ
1265 3835 1522 3904 λέγεσθαί
1555 3853 1644 3907 μοι
1685 3835 1924 3889 καθεκάο

347 3940 491 3993 στην
521 3922 766 3993 ἡμέραν·
812 3922 920 3976 Ποῦ
963 3925 1110 3975 ἐστιν
1139 3925 1166 3976 ὁ
1202 3923 1334 3985 Θεὸς
1373 3939 1507 3986 σου;
1549 3942 1567 3973 ι
1603 3921 1774 3976 Τοῦτο
1813 3921 1923 3992 γάρ

349 4015 449 4068 καὶ
479 4015 557 4084 τῷ
587 4013 941 4085 παραλυτικῷ
984 4013 1060 4083 τῷ
1109 4015 1166 4066 ἐν
1193 4015 1258 4084 τῇ
1309 4011 1617 4084 προϐατικῇ
1661 4029 1922 4066 κατακει-

352 4105 540 4177 μένῳ,
589 4105 928 4158 καθέκαστον
975 4105 1094 4168 ἔτος
1139 4105 1572 4175 άποτυγχάνοντι
1607 4103 1708 4172 τῆς
1752 4121 1922 4174 προσ-

348 4198 538 4263 δοκίας
575 4198 684 4252 ὑπο
711 4199 982 4270 δαιμόνων
1009 4197 1333 4262 ὠνειδίζετο,
1370 4197 1460 4252 καὶ
1495 4195 1727 4265 ἐλέγετο.

622 4289 742 4341 EB’.
771 4319 837 4328 —
862 4287 1194 4358 ΘΕΟΔΟΣΙῼ
1226 4285 1661 4359 ΑΝΑΓΝΩΣΤῌ.

435 4379 645 4450 Ὠσπερ
672 4381 734 4432 τὸ
762 4378 863 4450 ήδη
896 4378 1162 4451 ξηρανθέν
1192 4377 1252 4443 ἐξ
1282 4378 1541 4449 ἀνυδρίας
1569 4376 1744 4445 ξύλον,
1771 4375 1926 4430 ὕδατι

351 4471 692 4541 κοινωνῆσαν
726 4471 1100 4535 ἐκσλαστάνει,
1128 4469 1272 4522 οὕτω
1315 4469 1412 4522 καὶ
1444 4469 1590 4540 ψυχὴ
1621 4469 1710 4523 διὰ
1747 4469 1928 4539 ἁμαρ-

349 4562 477 4624 τίας
511 4563 892 4633 νενεκρωμένη
915 4602 930 4627 ,
965 4563 1014 4616 εί
1047 4561 1349 4633 μετανοήσῃ
1371 4601 1386 4626 ,
1434 4561 1529 4614 καὶ
1576 4558 1930 4631 ἐξιλεὼσηται

349 4651 450 4704 τὸν
481 4653 682 4706 οίκεῖον
720 4655 998 4724 Δεσπότην
1019 4695 1034 4720 ,
1066 4652 1395 4706 ἐκπλυνεῖται
1421 4651 1530 4704 τῶν
1579 4651 1801 4722 ρύπων,
1833 4650 1930 4704 καὶ

351 4741 583 4814 χάριτος
614 4746 990 4816 πνευματικῆς
1026 4744 1440 4816 μεταλαϐοῦσα,
1492 4745 1586 4798 καὶ
1617 4743 1932 4797 ποτισθεῑσα

351 4833 449 4888 τὸν
476 4834 603 4887 νοῦν
630 4837 750 4899 ταῖς
772 4836 1053 4900 πλουσίαις
1078 4835 1324 4904 σταγόσι,
1355 4836 1604 4906 καρποὺς
1637 4834 1932 4905 προϐάλλει

357 4927 544 4996 πάσης
571 4927 940 4998 δικαιοσύνης.
1105 4931 1108 4934 ’

657 5017 775 5072 ΣΡ.
802 5048 873 5058 -
905 5019 1158 5089 ΖΩΣΙΜῼ
1195 5015 1628 5088 ΚΑΛᾹΙΓΑΡΙῼ.

441 5108 542 5163 Ἐκ
570 5109 955 5174 ταπεινώσεως
985 5110 1154 5180 μόνης
1188 5111 1506 5165 σέσωσταιὸ
1541 5109 1776 5178 τελώνης
1799 5126 1813 5140 ο
1845 5107 1938 5161 καί

356 5217 530 5271 φησιν
559 5203 588 5255 ὁ
611 5202 838 5273 Κύριος,
861 5203 944 5257 ὅτι
990 5223 1007 5255 ι
1031 5205 1146 5268 Πᾶς
1179 5205 1208 5257 ὁ
1233 5204 1510 5258 ταπεινῶν
1538 5203 1752 5268 ἐαυτὸν,
1786 5201 1937 5264 ὑψω-

356 5294 610 5362 θήσεται.
650 5311 670 5345 ι
713 5294 914 5366 Διόπερ
955 5295 1052 5348 καὶ
1095 5296 1124 5348 ὁ
1170 5295 1320 5364 ἅγιος
1351 5294 1514 5349 Δαυῖδ
1550 5296 1670 5348 ἀντὶ
1707 5313 1938 5366 συνηγο-

360 5387 490 5456 pia;
516 5386 703 5458 τίθησι
731 5387 889 5442 τοῦτο
925 5387 1103 5457 λέγων
1129 5405 1143 5421 ⁸
1179 5409 1196 5441 ι
1236 5389 1478 5461 Πρόσχες
1511 5390 1646 5460 πρὸς
1675 5389 1773 5460 τὴν
1814 5389 1937 5460 δέη-

430 5523 480 5555 “
505 5521 641 5577 Gen.
676 5537 761 5586 ιιι,
797 5523 886 5578 21.
963 5524 1011 5556 ⁸⁸
1035 5521 1191 5578 Joau.
1222 5542 1303 5592 ιιι,
1328 5527 1380 5581 6.
1459 5527 1504 5558 ⁸⁵
1531 5527 1687 5580 IIout.
1716 5542 1834 5587 vttt,
1857 5524 1908 5578 9.

365 5585 410 5616 '°
440 5593 578 5649 Luc.
603 5585 758 5658 ινιιι,
785 5594 842 5649 3.
914 5594 958 5627 "
993 5593 1132 5652 Psal.
1174 5585 1364 5664 n.1,].
1443 5599 1486 5629 “
1526 5595 1680 5651 Joan.
1721 5613 1768 5661 v,
1801 5585 1855 5650 ii.

1959 4307 2006 4363 D

2024 3111 2134 3168 nis.
2165 3112 2530 3168 I’ostmodum
2573 3111 2741 3183 judex
2781 3109 3196 3180 importunitate
3240 3105 3417 3160 vidum
3447 3119 3601 3158 com-

2024 3206 2244 3276 pulsus,
2275 3205 2498 3260 viduam
2538 3203 2860 3258 vindicavit.
2892 3199 3048 3255 }Ianc
3088 3199 3254 3269 igitur
3283 3193 3602 3251 similitudi-

2025 3312 2149 3354 nem
2179 3296 2452 3354 Dominus
2473 3297 2692 3359 aﬂ‘atur,
2717 3312 2822 3351 nos
2844 3293 3238 3355 corroborans,
3262 3304 3330 3345 ne
3353 3295 3600 3348 orantes,

2024 3396 2382 3460 petentesque
2432 3390 2678 3443 animum
2748 3387 3211 3458 despondeamus.
3270 3382 3390 3452 Ipse
3453 3380 3600 3435 enim

2025 3482 2464 3538 humanissimus
2532 3480 2796 3534 Dominus
2859 3478 2964 3532 scit
2994 3475 3470 3543 tempus,quovult
3505 3487 3606 3524 nos

2025 3570 2307 3636 exaudire,
2338 3578 2392 3624 et
2429 3569 2766 3640 postulantis
2806 3567 2949 3622 votis
2983 3563 3339 3634 respondere.
3377 3562 3441 3614 Et
3472 3571 3604 3613 tunc

2026 3680 2151 3719 cum
2209 3663 2471 3729 voluerit,
2519 3661 2793 3715 citissime
2836 3671 3138 3728 oppressos
3180 3652 3605 3724 opprobriisque

2025 3755 2254 3810 alIeetos
2285 3751 2600 3816 vindicabit,
2632 3749 2792 3820 225
2825 3757 2883 3802 ut
2933 3747 3197 3816 scriptum
3238 3751 3320 3798 est
3358 3759 3370 3793 :
3414 3757 3436 3794 ι
3468 3741 3603 3794 Cum

2025 3845 2230 3900 dicitur
2253 3842 2383 3898 mihi
2413 3840 2664 3911 quotidie
2693 3855 2708 3893 :
2744 3838 2844 3894 Ubi
2878 3846 2962 3893 est
2983 3837 3126 3891 Deus
3163 3841 3290 3888 tuus
3317 3833 3402 3885 ⁸⁸⁸2
3437 3851 3454 3881 ι
3493 3830 3606 3883 Hoc

2027 3949 2224 4004 nempe
2276 3941 2331 3989 et
2385 3930 2690 4002 paralytieo
2751 3930 2804 3983 in
2861 3926 3146 3998 probatica
3183 3923 3388 3994 jacenti
3436 3923 3504 3982 ⁸³,
3551 3927 3606 3972 et

2027 4026 2325 4098 quotannis
2371 4025 2642 4079 frustrato
2693 4020 3110 4092 exspectatione
3165 4033 3194 4072 a
3259 4013 3604 4070 dannonibus

2025 4117 2386 4190 objiciebatur
2405 4123 2458 4172 et
2491 4114 2801 4171 dicebatur.

2310 4294 2469 4351 CCII.
2500 4323 2568 4336 —
2597 4287 2993 4346 THEODOSIO
3020 4284 3340 4341 LECTORI.

2043 4407 2046 4410 ·
2108 4387 2580 4454 Quemadmodum
2599 4399 2754 4455 aquae
2775 4382 2993 4438 defectu
3014 4381 3292 4435 exsiccata
3309 4379 3419 4445 jam
3441 4378 3606 4446 ligno,

2039 4479 2087 4535 si
2124 4478 2344 4550 lympha
2393 4477 2637 4542 advenit,
2673 4475 2929 4530 surculos
2979 4471 3200 4533 emittit,
3231 4470 3310 4524 sic
3342 4475 3393 4520 et
3427 4467 3608 4519 anima

2037 4580 2267 4642 peccato
2305 4571 2616 4631 demortua,
2660 4567 2706 4620 si
2735 4563 3114 4636 pmnitentiam
3156 4561 3325 4630 egerit
3352 4600 3367 4622 ,
3419 4555 3608 4625 propig

2036 4663 2284 4732 tiumque
2314 4659 2418 4716 sibi
2447 4658 2728 4730 proprium
2763 4657 3051 4710 Dominum
3085 4650 3406 4711 reddiderit,
3433 4663 3461 4699 a
3486 4661 3606 4701 sor-

2038 4751 2200 4806 dibus
2231 4756 2568 4820 expurgatur
2590 4788 2603 4811 ,
2637 4757 2690 4802 et
2727 4743 3037 4815 spiritualis
3075 4740 3264 4811 gratiae
3299 4738 3608 4809 particeps,

2037 4849 2384 4911 mentemque
2425 4840 2593 4893 stillis
2622 4837 2898 4907 opulentis
2939 4835 3188 4904 irrigata,
3237 4830 3449 4884 fructus
3488 4827 3612 4880 uni-

2035 4945 2206 4984 versa:
2233 4928 2462 4997 iustitiae
2497 4911 2726 4996 profert.

2328 5019 2505 5076 CCIII.
2536 5053 2604 5061 —
2634 5019 2892 5076 ZOSIMO
2917 5015 3312 5075 CALIGAIIIO.

2107 5113 2428 5168 Humilitate
2451 5114 2566 5169 sola
2598 5113 2927 5184 publicanus
2952 5127 3016 5165 ex
3040 5109 3363 5164 inﬁrmitate
3416 5119 3602 5157 exem-

2037 5212 2161 5274 ptus
2190 5212 2274 5258 est
2305 5222 2317 5258 :
2345 5209 2400 5258 et
2429 5203 2505 5255 ait
2533 5202 2829 5256 Dominus:
2862 5219 2881 5252 ι
2911 5199 3237 5268 Quicunque
3263 5213 3320 5250 se
3344 5191 3612 5254 bumiliat,

2035 5295 2368 5350 exaltabitur
2392 5295 2462 5348 ⁵³.
2499 5311 2518 5343 ι
2551 5293 2900 5364 Quapropter
2926 5299 2980 5347 et
3029 5296 3256 5346 sanctus
3309 5284 3474 5339 David
3513 5299 3612 5352 pro

2044 5385 2126 5442 sui
2161 5385 2484 5441 defensione
2516 5383 2607 5436 illa
2651 5383 2906 5438 edisserit
2940 5399 2953 5436 :
2994 5400 3012 5434 ι
3055 5380 3278 5436 Intende
3331 5377 3384 5430 in
3415 5373 3619 5429 oratio-

1987 5527 2028 5555 "
2056 5523 2268 5577 Coloss.
2305 5537 2384 5586 ιιι,
2411 5522 2465 5574 9.
2543 5519 2586 5551 ⁸⁸
2624 5518 2662 5573 II
2699 5519 2827 5574 Cor.
2857 5533 2912 5582 ιι,
2943 5519 2996 5572 5.
3075 5519 3118 5551 δί’
3151 5513 3384 5586 Philipp.
3415 5529 3496 5578 tu,
3526 5513 3622 5568 9.0.

1957 5595 2003 5626 ⁸³
2035 5593 2164 5650 Luc.
2197 5607 2352 5654 xvnt,
2394 5592 2488 5656 li;
2554 5589 2742 5647 Matth.
2771 5604 2928 5656 χχιιι,
2966 5589 3048 5644 12.
