4012 6196
335 156 439 218 307

1838 153 1898 211 S.
1941 155 2102 214 NILI

3477 144 3582 209 308

339 277 462 317 nem
509 257 1006 326 meam,'quoniam
1050 245 1367 315 humiliatus
1398 239 1531 314 sum
1575 258 1740 314 nimis
1790 259 1901 323 ";i

2017 263 2099 315 σίν
2144 279 2280 331 μου,
2337 261 2419 314 ὅτι.
2473 251 2842 324 ὲταπεινώθην
2905 251 3129 323 σφόδρα.
3186 267 3205 302 ι
3254 252 3365 305 Καὶ
3418 254 3578 307 πάλιν

341 365 396 411 ct
424 369 618 409 rursus
655 369 667 405 :
707 371 724 402 ι
758 349 893 404 Vide
937 350 1296 404 humilitatem
1332 365 1532 416 meam,
1561 358 1616 405 et
1663 350 1904 404 laborem

339 460 546 504 meum,
587 451 640 496 et
685 439 899 492 dimitte
957 440 1214 494 universa
1262 439 1458 494 delicta
1519 455 1635 494 mea
1664 441 1731 492 ⁸⁸.
1773 459 1791 490 ι
1830 439 1907 496 Ne

341 532 524 598 itaque
547 528 926 597 intempestive
953 529 1330 592 contristeris,
1361 531 1547 584 dic—ens
1582 549 1594 583 :
1631 530 1750 584 Non
1777 538 1906 584 sunt

340 622 470 676 mihi
508 621 773 690 pecuniae,
811 636 950 690 quas
983 622 1246 675 continuo
1285 621 1613 690 pauperibus
1650 619 1908 690 suppedi-

339 721 470 766 tem.
507 711 754 782 Namque
800 713 844 767 si
895 713 1031 767 nihil
1083 713 1383 778 habueris,
1431 712 1566 767 nihil
1608 727 1638 766 a
1675 721 1727 766 te
1759 711 1906 767 Deus

339 812 635 872 exposcet;
675 803 818 872 quod
871 819 1000 857 vero
1053 803 1242 863 habes,
1298 815 1583 872 promptus
1627 801 1904 857 Salvatori

339 895 496 955 oll'er,
525 908 622 946 cor
654 908 848 961 nempe
877 893 1176 948 contritum
1206 904 1260 946 et
1297 894 1667 958 humiliatum,
1693 902 1746 949 et
1783 909 1908 964 pre-

339 1001 431 1039 ces
489 985 842 1054 frequentes,
895 992 950 1039 et
983 985 1062 1039 sic
1112 1000 1216 1038 non
1267 987 1543 1054 spemeris
1590 988 1658 1042 ab
1687 1002 1776 1052 eo,
1814 987 1906 1056 qui

339 1073 520 1145 diligit
551 1075 867 1130 humiliatos
888 1114 903 1139 ,
936 1091 1140 1145 eosque
1176 1077 1342 1131 solari
1376 1093 1480 1132 non
1509 1077 1855 1148 dedignatur.

543 1277 707 1348 226
733 1277 910 1332 CCIV.
954 1307 1022 1319 ——-
1056 1277 1348 1331 VALENTI
1399 1277 1696 1334 SCRI‘BE.

411 1366 646 1422 Sanctus
676 1378 730 1422 et
762 1369 1015 1423 vivilicus
1046 1367 1303 1438 Spiritus,
1334 1371 1425 1440 qui
1455 1385 1562 1423 una
1592 1371 1751 1425 simul
1782 1386 1905 1425 cum

336 1455 497 1509 Patre
529 1463 583 1509 et
622 1453 762 1510 Filio
805 1458 1087 1520 aduratur,
1137 1467 1193 1512 et
1241 1460 1709 1531 congloriﬁcatur,
1764 1475 1907 1517 unus

336 1547 467 1599 licet
526 1546 616 1608 sit,
674 1548 968 1601 multarum
1023 1555 1205 1602 tamen
1237 1550 1502 1604 virtutum
1554 1561 1747 1604 auctor
1801 1560 1902 1606 est.

2010 352 2208 424 φησίνο
2257 370 2276 402 c
2312 350 2417 403 Ἴδε
2447 349 2546 418 τὴν
2585 343 2911 401 ταπείνωσίν
2952 361 3091 414 μου,
3143 343 3238 396 καὶ
3278 343 3368 395 τὸν
3411 344 3579 398 κόπον

2011 462 2138 514 μου,
2178 442 2272 495 καὶ
2298 442 2436 510 ἄφες
2463 439 2642 501 πάσας
2682 435 2782 498 τὰς
2816 435 3092 506 ἁμαρτίας
3125 451 3248 503 μου.
3290 451 3310 483 ι
3338 434 3429 502 Μὴ
3468 434 3578 486 τοι-

2007 553 2101 589 νυν
2138 534 2381 604 ἀκαίρως
2412 529 2607 593 λυποῦ,
2651 527 2848 596 λέγων·
2883 527 2967 579 ὃτι
3015 525 3132 577 Οὐκ
3183 524 3293 594 ἔχω
3323 526 3579 595 χρήματα

2007 628 2089 691 είς
2116 627 2175 679 τὸ
2217 627 2472 696 χορηγεῖν
2516 621 2814 682 ἀπαύστως
2857 619 2972 680 τοῖς
3007 617 3225 685 πένησι.
3259 617 3444 686 Μηδὲν
3469 618 3579 687 γὰρ

2007 718 2199 789 ἔχοντά
2231 734 2312 782 σε,
2343 715 2493 768 οὐδὲν
2527 713 2752 783 ζητήσει
2785 710 2918 773 Θεός
2944 726 2958 740 ο
2986 708 3014 760 ὃ
3042 708 3097 760 δὲ
3126 707 3290 778 ἔχεις,
3329 707 3402 777 μὴ
3433 707 3576 759 am.

2007 807 2341 881 προσφέρειν
2376 805 2454 875 τῷ
2505 804 2719 873 Σωτῆρι
2741 839 2758 867 ,
2789 800 3036 854 τουτέστι
3063 840 3076 862 ,
3110 797 3578 868 συντετριμμένην

2007 899 2267 969 καρδίαν,
2303 897 2398 949 καὶ
2435 891 2910 960 τεταπεινωμένην
2932 930 2947 955 ,
2997 890 3092 944 καὶ
3137 889 3320 958 δέησιν
3356 886 3573 956 δαψιλῆ,

2008 992 2104 1046 καί⁹
2144 991 2205 1043 ού
2246 989 2319 1060 μὴ
2346 984 2712 1056 ὲξουδενωθῇς
2773 982 2925 1054 παρὰ
2972 981 3065 1034 τοῦ
3101 979 3425 1048 ἀγαπῶντος
3451 977 3576 1040 τοὺς

2005 1081 2512 1150 τεταπεινωμένους
2541 1121 2558 1142 ,
2631 1078 2725 1132 καὶ
2795 1074 3134 1146 παρακαλεῖν
3197 1071 3421 1134 τούτους
3499 1067 3576 1140 μὴ

2008 1169 2501 1243 ύπερηφανοῦντος.

2312 1263 2428 1316 ΣΝ.
2465 1290 2533 1301 -
2563 1260 2910 1314 ΟΥΑΛΕΝΤΙ
2937 1257 3282 1312 ΣΚΡῘΒΩΝῙ.

2079 1356 2154 1408 Τὸ
2187 1355 2362 1422 ἆγιον,
2392 1356 2485 1406 καὶ
2509 1352 2771 1416 ζωοποιὸν
2803 1351 3027 1420 Πνεῦμα
3059 1349 3120 1402 τὸ
3141 1344 3575 1418 συνπροσκυνού-

2011 1464 2190 1516 μενον,
2234 1446 2327 1498 καὶ
2369 1444 2825 1513 ωνδοξαζὸμενον
2869 1442 2947 1512 τῷ
2989 1442 3164 1512 Πατρὶ
3195 1440 3291 1494 καὶ
3321 1438 3398 1509 τῷ
3437 1437 3578 1507 Υίῷ,

2014 1535 2284 1606 μονοειδὲς
2333 1535 2612 1606 ὑπάρχον,
2667 1533 2870 1596 πολλὰς
2916 1533 3128 1602 ἐνεργεῖ
3169 1530 3386 1601 ἀρετάς.
3438 1529 3574 1589 Τοὺς

338 1634 449 1688 Eos
505 1651 762 1705 namque,
819 1637 910 1706 qui
963 1652 1022 1691 se
1074 1648 1353 1704 exercent,
1408 1639 1475 1692 ad
1515 1642 1901 1695 continentiam

2015 1603 2114 1695 μὲν
2158 1626 2264 1695 γὰρ
2303 1603 2605 1686 ἀσκοῦντας
2629 1663 2644 1688 ,
2682 1625 3017 1694 ἰσχυροποιεί
3063 1621 3202 1675 κατὰ
3250 1621 3348 1690 τὴν
3377 1617 3578 1687 ἐγκρά-

338 1726 701 1791 corroborat;
767 1734 1087 1791 certantes,
1153 1729 1205 1782 in
1276 1730 1627 1786 confessione
1694 1731 1907 1786 Domini

337 1817 514 1870 nostri
542 1814 673 1870 J'esu
709 1816 915 1870 Christi
951 1817 1264 1884 confirmat;
1301 1820 1443 1875 alius
1499 1822 1682 1891 lingua
1736 1822 1910 1876 utitur

338 1905 406 1959 ad
437 1906 786 1975 sapientiam,
819 1908 962 1961 alius
1011 1909 1255 1961 animum
1307 1909 1372 1962 ad
1416 1911 1672 1964 vaticinia
1707 1911 1909 1964 iliumi-

339 2004 457 2062 nat;
492 1997 646 2051 alteri
681 1997 997 2052 facultatem
1031 1999 1284 2068 a-bigendi
1317 2001 1592 2056 daamones
1623 2003 1906 2073 elargi'tur,

342 2089 502 2142 alteri
532 2090 744 2144 divinas
778 2091 1083 2159 exponendi
1116 2091 1434 2162 Scripturas
1462 2107 1665 2149 munus
1706 2095 1909 2164 impar-

341 2179 497 2240 titur;
523 2180 685 2234 alium
714 2180 778 2234 ad
797 2181 1187 2236 continentiam
1209 2183 1441 2246 stabilit,
1475 2185 1640 2239 alium
1678 2184 1746 2238 ad
1793 2199 1910 2239 ero-

339 2268 513 2336 ganda
544 2286 644 2324 sua
679 2273 1011 2340 pauperibus
1054 2274 1277 2338 excitat,
1304 2285 1357 2330 et
1379 2276 1504 2330 huic
1533 2274 1749 2347 quidem
1774 2275 1908 2344 vigi-

338 2359 782 2428 liam,jejunium,
804 2378 1092 2433 rerumque
1107 2372 1445 2420 terrenarum
1463 2366 1704 2420 omnium
1718 2359 1910 2433 despe-

334 2458 483 2503 ctum
517 2451 704 2514 donat,
736 2460 788 2508 et
809 2463 1183 2524 paupertatem
1219 2456 1422 2523 fovere,
1463 2464 1516 2511 et
1539 2457 1662 2510 aliis
1692 2470 1905 2525 praepo-

337 2556 468 2596 nere
484 2542 586 2597 sibi
612 2544 713 2612 ipsi
729 2544 929 2612 vivere,
945 2554 998 2600 et
1015 2562 1110 2601 eor
1126 2547 1574 2616 imperterritum;
1591 2547 1754 2600 alium
1771 2553 1906 2600 tem-

337 2633 564 2701 poribus
597 2638 1042 2704 persecutionum
1073 2640 1185 2693 vita
1217 2647 1443 2693 mortem
1482 2639 1752 2707 potiorem
1807 2651 1904 2707 pro

335 2723 556 2779 Christo
587 2725 788 2795 eligere
817 2741 1084 2798 praeparat
1137 2747 1150 2782 :
1185 2736 1238 2784 et
1277 2729 1358 2785 sie
1389 2731 1442 2783 in
1477 2730 1600 2785 aliis
1632 2730 1738 2783 alio
1765 2743 1905 2799 quo-

335 2829 442 2880 que
471 2814 632 2869 modo
661 2826 940 2884 operatur;
977 2819 1089 2887 ipse
1114 2834 1244 2873 vero
1289 2827 1486 2872 natura
1520 2834 1618 2873 sua
1680 2827 1765 2872 est
1804 2819 1904 2871 iui-

332 2905 610 2959 mutabilis
665 2921 728 2960 ac
785 2917 1068 2963 constans.
1137 2909 1238 2966 Hic
1297 2925 1391 2978 per
1445 2911 1742 2980 prophetas
1787 2909 1968 2996 jamc

332 2995 462 3049 olim
482 2996 700 3054 divinas
721 2998 1033 3068 Scripturas
1089 3002 1412 3058 enuntiavit.
1431 3001 1528 3055 llic
1551 3001 1896 3071 postmodum

333 3101 430 3153 per
474 3095 820 3158 contemptos
858 3091 1026 3147 nimis
1074 3107 1391 3162 paucosque
1437 3078 1762 3162 discipulos,
1816 3105 1902 3147 sa-

333 3177 548 3242 pientes
580 3182 846 3248 gentium,
889 3183 1121 3240 invictos
1161 3185 1318 3250 alias,
1349 3187 1571 3255 eloquio
1596 3185 1895 3256 superavit.

334 3264 434 3319 llic
469 3266 696 3333 fideles,
749 3272 952 3339 quibus
999 3275 1234 3342 apostoli
1285 3291 1482 3329 manus
1522 3276 1897 3345 imponebam.

333 3354 480 3409 illico
507 3355 708 3426 linguis
739 3359 995 3418 omnibus
1035 3362 1205 3431 loqui,
1245 3378 1384 3432 quas
1439 3365 1543 3432 ipsi
1581 3379 1688 3418 non
1730 3378 1900 3418 nove-

334 3455 478 3512 rant,
511 3447 794 3504 edocebat.
847 3449 1001 3506 Hunc
1046 3452 1232 3522 itaque
1270 3462 1325 3509 et
1381 3455 1499 3524 ipse
1537 3471 1634 3524 per
1668 3456 1896 3510 multam

332 3535 516 3599 fidem,
554 3546 604 3591 et
637 3539 776 3593 bona
804 3555 969 3608 Opera
1003 3541 1056 3594 in
1093 3550 1144 3596 te
1190 3543 1310 3611 ipso
1341 3543 1548 3600 habens
1582 3545 1898 3600 inhabitan-

334 3639 508 3683 temet
531 3630 760 3685 similem
784 3632 1093 3701 praesidem,
1119 3641 1172 3687 et
1191 3636 1498 3700 custodem,
1523 3643 1577 3692 et
1593 3652 1899 3707 propugna-

330 3729 530 3785 torem,
571 3729 624 3776 et
654 3732 1022 3792 protectorem
1055 3728 1366 3795 possidens,
1401 3730 1609 3783 nullum
1661 3739 1897 3793 metuas,

331 3828 507 3882 neque
553 3813 874 3878 drenronem,
930 3833 1108 3888 neque
1157 3820 1432 3876 hominem
1485 3837 1738 3892 nequam,
1803 3822 1900 3892 qui

331 3912 438 3956 tua:
461 3917 488 3956 a
522 3902 632 3958 Deo
661 3905 916 3961 stabilita
950 3907 1140 3962 domui
1169 3909 1400 3966 insidias
1423 3927 1616 3980 parare
1646 3915 1897 3968 intentet.

468 4081 627 4150 227
653 4080 808 4136 CCV.
840 4114 908 4124 —
941 4083 1216 4139 IIELIO‘NI
1258 4085 1755 4142 MAGISTRIANO.

403 4170 459 4223 Si
493 4171 637 4226 Deus
667 4174 972 4242 interdixit,
1026 4194 1092 4232 ne
1134 4177 1264 4233 fiant
1300 4179 1464 4242 mala,
1524 4186 1580 4232 ct
1636 4193 1753 4241 eos,
1805 4177 1899 4246 qui

2009 1731 2192 1767 τειανσ
2227 1716 2354 1777 τοὺς
2399 1715 2456 1767 δὲ
2482 1714 2778 1777 ἀθλοῦντας
2819 1715 3005 1784 νευροί
3043 1715 3122 1774 είς
3157 1713 3257 1780 τὴν
3289 1709 3580 1780 ὁμολογίαν

2009 1804 2102 1857 τοῦ
2155 1804 2358 1874 Κυρίου
2428 1804 2604 1874 Ἰησοῦ
2657 1803 2914 1874 Χριστοῦ.
2975 1803 3197 1873 Ἐτέρου
3253 1804 3318 1871 τῇ
3361 1799 3582 1868 γλώττῃ

2012 1895 2380 1966 συγκέχρηται
2414 1895 2550 1965 πρὸς
2584 1897 2796 1964 σοφίαν,
2841 1897 2935 1948 καὶ
2972 1895 3134 1949 ἄλλου
3162 1895 3262 1965 τὴν
3289 1893 3470 1963 ψυχὴν
3497 1892 3582 1954 είς

2010 1989 2348 2059 προφητείαν
2377 1989 2601 2056 φωτίζει
2628 2007 2641 2021 ο
2683 1989 2855 2059 ἑτέρῳ
2883 1987 3168 2060 χαρίζεται
3199 1987 3428 2056 δύναμιν
3460 1985 3583 2039 δαε-

2011 2096 2178 2150 μονας
2201 2079 2545 2144 ἀπελαύνειν,
2569 2080 2661 2132 καὶ
2687 2080 2832 2150 ἄλλῳ
2851 2080 3033 2133 δίδωσι
3060 2078 3158 2142 τὰς
3185 2079 3334 2141 θείας
3359 2077 3581 2148 διερμη-

2011 2171 2184 2224 νεύειν
2231 2171 2485 2240 Γραφάς·
2516 2170 2674 2225 ἄλλου
2721 2170 2819 2241 τὴν
2863 2171 3220 2240 σωφροσύνην
3268 2169 3576 2237 ὲνδυναμοῖ,

2010 2264 2104 2315 καὶ
2132 2262 2290 2316 ἄλλον
2328 2262 2585 2332 διεγείρει
2621 2265 2792 2316 ποιεῖν
2826 2261 3118 2330 ἀπλήστως
3154 2261 3253 2323 τὰς
3285 2259 3581 2329 ὲλεημοσύυ

2007 2370 2142 2417 νας,
2186 2355 2281 2407 καὶ
2321 2352 2498 2422 τούτῳ
2541 2354 2638 2423 μὲν
2669 2353 2923 2424 δωρεῖται
2971 2353 3305 2422 ἀγρυπνεῖν,
3356 2352 3450 2404 καὶ
3477 2367 3573 2419 νη-

2009 2445 2254 2508 στεύειν,
2302 2442 2397 2496 καὶ
2446 2444 2664 2496 πάντων
2716 2447 3081 2512 καταφρονεῖν
3135 2443 3244 2496 τῶν
3278 2444 3336 2496 έν
3387 2442 3577 2510 κόσμῳ

2008 2534 2381 2604 πραγμάτων,
2418 2533 2513 2586 καὶ
2547 2534 2644 2603 τὴν
2691 2533 3078 2604 ἀκτημοσύνην
3107 2533 3394 2602 περιέπειν
3418 2575 3432 2596 ,
3481 2532 3576 2584 καὶ

2006 2626 2279 2695 προτιμᾷν
2308 2624 2406 2694 τὴν
2435 2625 2950 2697 ίδιοπραγμοσύνην,
2976 2625 3070 2678 καὶ
3096 2625 3195 2694 τὴν
3224 2623 3530 2695 ἀπτοησίαν
3561 2638 3574 2651 ·

2005 2717 2190 2788 ἕτερον
2223 2716 2281 2769 δὲ
2305 2717 2438 2786 πρὸς
2468 2717 2526 2770 τὸ
2550 2717 2987 2788 ύπεραποθανεῖν
3015 2717 3252 2786 Χριστοῦ
3278 2719 3335 2769 ὲν
3359 2717 3576 2786 καιροῖς

2004 2808 2112 2861 τῶν
2135 2807 2387 2877 διωγμῶν
2435 2808 2713 2877 ἑτοιμάςει
2738 2824 2752 2838 ο
2795 2808 2940 2879 ἄλλῳ
2968 2808 3142 2871 ἄλλως
3171 2809 3405 2878 ἐνεργεῖ,
3439 2806 3574 2859 αὐτὸ

2003 2898 2061 2951 δὲ
2102 2898 2242 2951 κατὰ
2294 2897 2456 2966 φύσιν
2502 2898 2654 2968 μένει
2696 2898 3090 2965 ἀναλλοίωτον,
3142 2899 3238 2953 καὶ
3281 2899 3574 2967 ἄτρεπτον.

2004 2991 2174 3045 Τοῦτο
2217 2992 2305 3046 διὰ
2357 2994 2465 3045 τῶν
2514 2993 2804 3064 προφητῶν
2850 2993 3042 3064 πρώην
3087 2994 3188 3057 τὰς
3243 2992 3576 3060 σεὸασμίους

2004 3084 2225 3153 Γραφὰς
2255 3085 2650 3154 ἀπεφθέγξατο.
2694 3086 2862 3140 Τοῦτο
2899 3088 2994 3140 καὶ
3021 3089 3078 3149 ὲς
3118 3086 3343 3156 ὕστερον
3373 3085 3440 3138 δι’
3482 3085 3574 3136 εὑ-

2001 3175 2170 3228 τελῶν
2213 3175 2353 3240 λίαν,
2401 3175 2498 3229 καὶ
2541 3177 2736 3245 ὀλίγων
2786 3178 3066 3248 μαθητῶν,
3104 3176 3571 3246 κατεῤῥητόρευσε

2000 3266 2108 3318 τῶν
2135 3267 2284 3348 παρ’
2329 3265 2590 3336 Ἕλλησιν
2645 3267 3084 3337 ὼσμαχωτάτων
3139 3266 3342 3335 σοφῶν.
3401 3264 3574 3318 Τοῦτο

1999 3359 2112 3421 τοῖς
2157 3358 2656 3428 χειροθετουμένοις
2687 3361 2896 3422 πιστοῖς
2930 3359 3034 3412 ὑπὸ
3070 3357 3178 3410 τῶν
3230 3355 3571 3417 ἀποστόλων,

2002 3449 2171 3503 ξδίδου
2202 3449 2416 3521 ἀθρόως
2470 3451 2653 3504 πᾶσαν
2699 3449 2907 3518 ὁμιλεῖν
2952 3449 3228 3517 γλῶτταν,
3278 3449 3453 3518 ἥνπερ
3497 3444 3574 3516 μὴ

2001 3541 2318 3608 ὶγίνωσκον.
2365 3539 2537 3594 Τοῦτο
2567 3539 2856 3611 τοιγαροῦν
2903 3541 2999 3594 καὶ
3032 3539 3193 3603 αὐτὸς
3235 3539 3320 3592 διὰ
3369 3536 3573 3605 πολλῆς

2000 3633 2235 3695 πίστεως
2275 3633 2370 3685 καὶ
2401 3633 2530 3685 ’τῶν
2573 3632 2948 3703 ἀγαθοεργιῶν
2998 3630 3206 3684 ἓνοικον
3251 3631 3427 3700 ἔχων,
3475 3628 3571 3680 καὶ

1999 3720 2317 3792 τηλικοῦτον
2347 3720 2438 3774 τὸν
2486 3722 2821 3792 προστάτην,
2851 3721 2945 3775 καὶ
2981 3720 3236 3791 φρουρὸν,
3273 3720 3366 3773 καὶ
3396 3719 3569 3784 ὑπέρ-

2003 3832 2197 3884 μαχον,
2220 3813 2316 3866 καὶ
2339 3813 2651 3884 σκεπαστὴν
2672 3813 3026 3883 κεκτημένος,
3045 3811 3247 3881 μηδένα
3271 3810 3568 3880 δειλιάσῃς,

2004 3908 2078 3978 μὴ
2107 3905 2355 3976 δαίμονα,
2390 3905 2464 3975 μὴ
2510 3904 2794 3976 ἄνθρωπον
2822 3902 3056 3973 πονηρὸν
3084 3900 3453 3955 ἐπιϐουλεύειν
3490 3900 3570 3970 τῷ

2002 3997 2078 4066 σῷ
2104 3995 2471 4066 θεοστηρίκτῳ
2500 3994 2633 4063 οἴκῳ
2660 3993 3000 4062 βουλόμενον.

2278 4085 2394 4137 ΣΕ’.
2434 4113 2503 4122 —
2533 4083 2766 4136 ΗΛΙΩΝΙ
2801 4082 3279 4154 ΜΑΙΊΣΤΡΙΔΝῼ.

2068 4178 2132 4230 Εἰ
2163 4176 2296 4239 Θεδς
2340 4175 2696 4246 ἅπηγόρησε,
2744 4174 2818 4244 μὴ
2866 4177 3037 4228 ποιεῖν
3079 4175 3259 4239 κακὰ,
3302 4175 3395 4228 καὶ
3439 4175 3567 4237 τοὺς

331 4266 533 4318 similia
567 4275 904 4336 perpetrant,
940 4270 996 4325 in
1042 4272 1348 4340 gehennam
1394 4271 1536 4340 ignis
1588 4271 1890 4324 amandat:

2003 4269 2170 4324 ταῦτα
2205 4268 2632 4339 μετερχομένους
2669 4269 2734 4337 τῇ
2784 4267 2974 4337 γεέννῃ
3020 4267 3115 4320 τοῦ
3160 4267 3329 4336 πυρὸς
3384 4283 3564 4335 παρα-

328 4355 628 4425 quomodo,
669 4373 794 4412 cum
837 4361 926 4425 iis,
965 4361 1062 4430 qui
1109 4377 1275 4430 prava
1330 4359 1654 4425 conﬁciunt,
1701 4375 1896 4430 coope-

327 4443 578 4498 rabitur‘.’
623 4445 766 4501 Cave
802 4447 984 4516 itaque
1026 4448 1202 4510 dicas,
1255 4448 1424 4503 Deum
1473 4449 1731 4503 exaudire
1768 4464 1895 4519 pro-

327 4536 545 4601 brosos,
579 4539 841 4594 scelestos
866 4548 920 4593 et
950 4539 1153 4594 studiis
1177 4539 1294 4594 suis
1331 4541 1445 4610 jam
1477 4541 1808 4605 emareidos,
1837 4551 1892 4595 et

326 4628 595 4695 perimere
625 4630 843 4699 quidem
872 4631 1148 4694 homines,
1179 4639 1466 4687 currentes
1490 4647 1616 4688 vero
1643 4647 1814 4702 equos
1837 4632 1893 4688 in

328 4719 491 4774 circis
521 4736 804 4777 enervare.
824 4721 1100 4788 Absithoc
1120 4722 1132 4774 l
1155 4720 1274 4775 Non
1302 4729 1432 4777 sunt
1457 4722 1569 4776 haec
1589 4721 1680 4778 Dei
1706 4739 1894 4794 opera,

326 4811 422 4867 sed
451 4828 742 4882 pravorum
767 4814 1075 4869 daemonum
1109 4815 1380 4869 actiones.
1404 4815 1672 4887 Imagines
1693 4817 1895 4886 quippe

328 4904 714 4958 nonnullorum
793 4905 1002 4960 scilicet
1061 4912 1378 4960 sanctorum
1465 4908 1898 4978 pmstigiatores

327 4994 672 5063 clangentes,
719 5007 774 5049 et
833 5012 1241 5065 supervacanea
1293 5000 1528 5068 quadam
1565 5002 1897 5070 operositate

328 5085 524 5138 lamias
557 5088 907 5156 colligantes,
948 5102 1042 5143 eas
1074 5089 1127 5142 in
1180 5091 1387 5158 postica
1439 5091 1693 5162 imaginis
1742 5101 1896 5162 parte

328 5172 601 5241 sepeliunt
632 5192 642 5226 :
674 5181 728 5226 et
761 5190 884 5229 cum
916 5175 1020 5232 sibi
1045 5178 1315 5241 arriserit,
1367 5189 1463 5235 aut
1515 5183 1801 5237 mulierem
1837 5184 1892 5237 in

329 5260 659 5315 adulterium
690 5265 1039 5336 compellere,
1073 5277 1169 5323 aut
1203 5269 1322 5324 viro
1348 5287 1537 5326 necem
1559 5271 1773 5337 afferre,
1800 5282 1894 5326 aut

327 5367 501 5421 equos
550 5369 830 5424 enervare,
881 5361 1303 5428 exsecrandum,
1358 5370 1412 5417 et
1447 5363 1582 5419 diris
1631 5364 1884 5421 devotum

393 5529 436 5559 “
466 5527 612 5586 Psal.
653 5546 802 5598 cxu,
832 5534 884 5588 7.
961 5537 1008 5568 ⁸⁸
1040 5536 1184 5591 Psal.
1229 5553 1376 5605 xxiv,
1414 5539 1497 5593 18.

1997 4360 2228 4430 πέμπει,
2255 4360 2371 4422 πῶς
2401 4358 2468 4413 ἂν
2493 4360 2604 4422 τοῖς
2631 4357 2701 4410 τὰ
2739 4357 2918 4426 φαῦλα
2948 4356 3159 4410 ποιοῦσι
3189 4355 3521 4426 συμπράξειε
3548 4373 3561 4418 ;

1996 4451 2089 4520 Μὴ
2119 4446 2210 4504 οὖν
2234 4451 2383 4519 λέγε,
2417 4451 2499 4504 ὅτι
2525 4451 2554 4502 ό
2581 4451 2710 4513 Θεὸς
2745 4449 3016 4503 είσακούει
3044 4449 3423 4519 διεφθορότων,
3470 4450 3567 4500 καὶ⁵

1997 4541 2206 4608 ἐναγῶν
2226 4581 2241 4605 ,
2305 4540 2400 4593 καὶ
2459 4542 2774 4611 σεσηπότων
2831 4543 2943 4603 τοῖς
2993 4540 3380 4610 ἐπιτηδεύμασι
3406 4581 3421 4603 ,
3471 4540 3564 4591 καὶ

1997 4631 2211 4702 φονεύει
2247 4631 2347 4702 μὲν
2371 4631 2712 4702 ἀνθρώπους,
2743 4633 2845 4702 κλᾷ
2864 4631 2921 4684 δὲ
2953 4632 3081 4694 τοὺς
3110 4633 3308 4694 ἵππους
3339 4632 3565 4702 τρέχον-

1993 4741 2093 4787 τας
2131 4725 2188 4778 ἐν
2216 4726 2329 4786 τοῖς
2372 4722 2604 4794 κίρκοις.
2645 4723 2737 4794 Μὴ
2782 4723 3029 4790 γένοιτοί
3062 4723 3176 4775 Θύκ
3228 4722 3342 4775 ἐστι
3393 4723 3564 4775 ταῦτα

1994 4814 2128 4868 Θεοῦ
2163 4816 2499 4885 πράγματα,
2554 4813 2694 4867 ἀλλὰ
2735 4813 3003 4884 δαιμόνων
3043 4813 3296 4884 πονηρῶν
3335 4814 3562 4885 ἐνεργή-

1998 4926 2163 4980 ματα.
2193 4908 2425 4970 Εἰκόνας
2457 4907 2566 4977 γάρ
2594 4923 2757 4958 τινων
2794 4904 2952 4976 δῆθεν
2995 4905 3168 4974 ἁγίων
3206 4905 3484 4968 ποιοῦντες
3513 4907 3560 4959 οι

1994 4998 2210 5068 γόητες,
2242 4995 2442 5067 λαμίας
2471 5013 2530 5049 τε
2577 4993 3001 5065 συνδεσμοῦντες
3043 4994 3387 5065 περιεργίαις
3429 4994 3558 5056 τισὶ,

1995 5089 2073 5159 τῷ
2107 5088 2336 5159 ὀπισθίῳ
2385 5088 2484 5157 τῆς
2535 5087 2741 5150 εἰκόνος
2787 5087 3275 5158 ἐγκατορύττουσι,
3311 5087 3407 5140 καὶ
3433 5088 3560 5139 ὅταν

1999 5179 2298 5250 βούλονται,
2332 5180 2366 5251 ἢ
2401 5182 2634 5248 γυναῖκα
2665 5182 2890 5250 ποιῆσαι
2930 5180 3305 5251 μοιχευθῆναι,
3333 5181 3364 5250 ἦ
3393 5181 3560 5250 ἄνδρα

1997 5271 2336 5334 θανατῶσαι,
2373 5272 2404 5340 ἦ
2434 5272 2631 5335 ἵππους
2663 5271 2896 5338 κλάσαι,
2947 5271 3267 5342 νηστεύουσι
3315 5288 3558 5340 κατηρα-

1999 5362 2185 5433 μένην,
2216 5363 2304 5418 xa‘t
2336 5361 2593 5436 βδελυρὰν
2627 5364 2900 5434 νηστείαν,
2940 5363 3031 5418 καὶ
3061 5363 3396 5435 ἀγρυπνοῦσι
3422 5364 3559 5433 πρὸς
