3956 6206
332 309 463 375 1θ35

955 413 1176 468 CAPUT
1215 413 1295 465 LI.

399 549 551 612 Uund
586 557 761 602 autem
797 556 924 601 tunc
979 547 1239 616 apostolis
1268 546 1417 600 fuere
1468 544 1720 599 Pharisaei
1752 542 1895 596 circa

319 642 583 711 justitiam
638 638 879 691 studiose
937 634 1246 699 colendam,
1321 635 1414 703 qui
1495 634 1700 688 scilicet
1768 631 1899 700 ipsis

323 732 477 801 quasi
508 729 766 785 contrarii
789 736 943 784 erant
968 728 1200 797 oppositi
1227 743 1242 789 ;
1283 727 1333 779 id
1366 735 1492 780 sunt
1559 724 1709 778 vobis
1737 723 1901 793 296

326 824 794 893 inprresentiarum
829 821 904 884 hi,
943 819 1035 887 qui
1087 819 1329 884 ejusdem
1358 816 1588 872 instituti
1618 825 1899 869 consortes

324 930 445 971 esse
496 913 777 976 videntur;
809 923 993 962 verum
1027 923 1093 960 ex
1119 907 1241 960 vita:
1291 921 1454 974 opum
1509 904 1785 961 affluentia
1816 920 1902 959 re-

326 1009 521 1056 cusant
547 1007 782 1052 vestram
812 996 1009 1048 habere
1040 993 1499 1053 communionem,
1526 1001 1579 1046 et
1620 993 1899 1046 vobiscum

328 1087 546 1158 quidem
590 1085 657 1137 ah
681 1083 836 1135 initio
860 1082 960 1133 vim
988 1080 1305 1150 inceperunt
1335 1078 1438 1132 iter
1483 1077 1548 1132 ad
1581 1078 1900 1148 promissio-

331 1192 475 1239 nem,
530 1181 765 1225 attamen
817 1168 883 1222 ad
915 1167 1085 1237 ipsius
1110 1167 1400 1221 terminum
1446 1166 1669 1220 minime
1715 1181 1902 1236 perve-

329 1272 542 1317 nerunt.
594 1260 837 1313 Retinuit
886 1258 1032 1313 enim
1078 1258 1226 1326 ipsos
1274 1273 1397 1311 cum
1465 1257 1589 1311 [iliis
1619 1255 1807 1310 Ruben
1852 1266 1905 1310 et

327 1356 460 1420 Gal,
510 1363 564 1407 et
618 1351 841 1407 dimidia
894 1348 1034 1403 tribu
1068 1347 1313 1402 Manasse
1365 1358 1509 1402 terra
1535 1348 1902 1418 iumentorum

328 1448 589 1510 altrix,et
647 1442 962 1511 multiplicis
1009 1456 1174 1504 curm,
1232 1438 1534 1509 effecitque,
1585 1440 1728 1509 quod
1784 1453 1907 1508 pars

330 1538 451 1599 vim,
500 1548 620 1603 qua:
672 1540 888 1601 peracta
940 1538 1077 1591 erat,
1133 1528 1337 1583 frustra
1388 1540 1639 1598 suscepta
1692 1528 1904 1593 fuisset,

332 1643 455 1678 cum
501 1639 695 1693 scopue
749 1637 855 1675 IiOn
887 1622 1023 1675 bene
1105 1621 1364 1674 cessisset
1413 1621 1709 1676 secundum
1761 1620 1906 1690 quod

1812 295 1873 354 S.
1909 294 2073 355 NILI

3435 284 3598 348 1036

2581 403 2621 452 Κ
2635 402 2823 452 ΕΦΛᾹ.
2870 400 2996 451 NA'.

2071 539 2245 609 Ὀπερ
2286 538 2341 592 δὲ
2387 540 2496 600 τοῖς
2530 537 2846 599 ἀποστόλοις
2871 532 3009 606 ἦσαν
3046 537 3094 587 ei
3124 534 3405 605 Φαρισαῖοι
3435 533 3606 594 τότε,

1999 627 2141 681 κατὰ
2166 628 2260 689 τὴν
2297 625 2740 696 σπουδαζομένην
2768 623 3117 693 δικαιοσύνην
3154 621 3602 675 ἀντιδιαστελλό-

2002 732 2155 785 μενοι
2181 715 2339 785 δῆθεν
2380 716 2586 777 αὐτοῖς,
2632 713 2789 766 τοῦτό
2820 714 2957 765 εἰσιν
2996 714 3124 781 ύμῖν
3155 713 3211 763 ὲν
3253 708 3329 781 τῷ
3358 711 3612 781 παρόντι

1999 806 2049 859 οξ
2098 808 2374 859 κοινωνεῖν
2420 805 2702 867 δοκοῦντες
2740 804 2834 857 τοῦ
2876 802 3310 872 ἐπιτηδεύματος
3358 802 3455 854 καὶ
3526 802 3614 868 τῷ

2002 897 2250 968 πολυύλῳ
2282 898 2378 968 τῆς
2401 898 2545 965 ζωῆς
2582 897 2681 964 τὴν
2711 898 2843 963 πρὸς
2870 897 3012 965 ὑμᾶς
3041 894 3367 964 ἀρνούμενοι
3401 909 3611 944 κοινω-

2002 990 2141 1053 νίαν,
2183 987 2300 1058 μεθ’
2339 989 2491 1058 ὑμῶν
2525 989 2823 1058 ἀρξάμενοι
2864 989 2961 1055 τῆς
2996 987 3086 1040 ἐπὶ
3123 988 3221 1058 τὴν
3257 984 3611 1052 ἐπαγγελίαν

2003 1079 2258 1149 ἁπαρχῆς
2286 1077 2426 1139 ὁδοῦ,
2457 1079 2553 1131 καὶ
2597 1079 2734 1148 πρὸς
2767 1077 2827 1129 τὸ
2868 1076 3040 1147 πέρας
3068 1074 3267 1142 ταύτης
3299 1075 3403 1125 οὐκ
3432 1073 3611 1138 ἀεξιγ-

2007 1169 2177 1240 μένοι.
2205 1168 2451 1237 Κατέσχε
2480 1169 2589 1239 γὰρ
2630 1168 2824 1231 αὐτοὺς
2851 1167 2988 1237 μετὰ
3015 1166 3119 1218 τῶν
3149 1165 3277 1217 υίῶν
3317 1163 3566 1230 Ῥουϐὶμ
3594 1201 3608 1224 ,

2006 1260 2100 1313 καὶ
2129 1260 2236 1311 Γὰδ
2261 1299 2275 1323 ,
2312 1259 2406 1312 καὶ
2435 1258 2529 1310 τοῦ
2560 1258 2787 1329 ἡμίσους
2814 1258 2983 1328 φυλῆς
3020 1256 3286 1324 Μανασσῆ
3325 1256 3359 1324 ἡ
3392 1271 3611 1323 κτηνο-

2005 1351 2201 1419 τρόφος
2248 1350 2343 1403 καὶ
2383 1350 2783 1419 πολυμέριμνος
2837 1349 2929 1418 γῆ,
2979 1348 3073 1400 καὶ
3115 1348 3177 1399 τὸ
3217 1345 3448 1400 ἁνυσθὲν
3503 1345 3610 1413 τῆς

2006 1439 2126 1493 ὁδοῦ
2159 1439 2433 1509 ποιήσασα
2464 1439 2707 1508 μάταιον,
2740 1438 2800 1490 ού
2848 1438 3311 1507 προχωρήσαντος
3353 1437 3434 1496 εἰς
3476 1434 3609 1486 δέον

2006 1533 2094 1585 διὰ
2124 1533 2183 1583 τὸ
2211 1532 2528 1599 λειπόμενον
2552 1531 2645 1583 τοῦ
2671 1529 3032 1601 προλαϐόντος
3054 1528 3269 1598 χρόνου,
3299 1528 3423 1580 οὐδὲ
3447 1526 3609 1592 ἐξελ-

2009 1623 2190 1686 θόντος
2215 1624 2356 1676 οὓτω
2381 1622 2472 1676 τοῦ
2497 1622 2800 1685 σκοποῦ,ὼς
2823 1618 2962 1690 εἶχεν
2988 1622 3051 1673 ὲκ
3071 1619 3368 1691 προοιμίων
3399 1621 3432 1689 ἡ
3458 1621 3609 1688 πρό-

334 1714 650 1784 oportebat;
687 1712 755 1766 ob
781 1712 1058 1781 temporis,
1089 1712 1233 1782 quod
1262 1710 1373 1779 jam
1421 1720 1791 1780 praecesserat,
1823 1710 1909 1764 de-

2029 1705 2176 1779 Ιεσις.
2212 1716 2427 1777 Είκαῖος
2460 1714 2517 1766 δὲ
2549 1714 2689 1767 κατὰ
2727 1714 2816 1765 τὸν
2852 1711 3025 1783 ἁληθῆ
3053 1712 3207 1779 λόγον
3235 1711 3341 1772 πᾶς
3397 1710 3607 1779 μόχθος

334 1808 555 1869 fectum,
588 1818 689 1858 nec
724 1802 1004 1857 habuisset
1027 1803 1227 1856 exitum
1268 1816 1333 1856 eo
1371 1800 1555 1866 modo,
1584 1816 1693 1871 quo
1719 1816 1909 1870 propo-

334 1898 497 1951 situm
544 1895 613 1949 ab
665 1894 822 1948 initio
876 1893 1198 1962 requirebat.
1253 1892 1461 1946 Etenim
1490 1893 1787 1946 secundum
1824 1907 1912 1945 ve-

333 1999 512 2039 racem
562 1994 867 2037 sermonem
918 1994 1086 2033 vanus
1118 1987 1201 2033 est
1230 1977 1408 2033 omnis
1437 1977 1609 2042 labor,
1632 1992 1697 2035 ac
1726 1991 1911 2031 revera

336 2076 563 2142 inutilis,
623 2074 713 2143 (ιυί
740 2071 961 2127 minime
1006 2073 1251 2139 pervenit
1299 2072 1366 2125 ad
1410 2070 1561 2137 illud,
1591 2070 1655 2123 ad
1715 2068 1914 2138 quoda

334 2167 603 2239 principio
659 2164 977 2230 collimavit,
1030 2164 1261 2233 quiescit
1314 2177 1440 2216 vero
1476 2172 1600 2215 ante
1647 2160 1828 2223 finem,
1861 2168 1914 2212 et

335 2259 517 2314 deﬁcit
542 2257 667 2322 illic,
718 2255 808 2310 ubi
845 2254 979 2309 nihil
1006 2252 1276 2308 fructuum
1307 2254 1708 2323 propositorum
1741 2253 1913 2322 perci-

336 2351 648 2418 perelicet;
708 2346 849 2400 unde
898 2361 992 2400 vos
1040 2346 1279 2414 quidem,
1312 2360 1344 2398 ο
1391 2344 1597 2410 dilecti,
1633 2353 1913 2399 currentes

336 2440 635 2494 secundum
685 2452 910 2506 scopum
959 2435 1024 2490 ad
1075 2436 1323 2490 bravium
1379 2435 1677 2507 vocationis
1722 2451 1913 2504 super-

336 2532 498 2597 nae",
515 2539 569 2585 et
588 2528 817 2598 proximi
830 2528 941 2599 jam
968 2529 1187 2584 coronis
1203 2544 1325 2583 cum
1349 2529 1491 2595 sitis,
1505 2530 1671 2583 nolite
1687 2529 1916 2599 abjieere

338 2626 534 2677 lionam
592 2621 948 2687 ahicritatem,
1002 2619 1176 2689 ipsam
1217 2634 1344 2675 vero
1382 2621 1796 2675 successoribus
1824 2635 1915 2675 ve-

339 2716 471 2769 stris
494 2713 846 2767 transmittite
866 2727 932 2767 eo
951 2712 1111 2767 modo
1134 2713 1424 2782 vigentem,
1452 2726 1561 2781 quo
1576 2727 1693 2767 eam
1722 2726 1914 2782 appre-

340 2804 604 2860 liendistis
632 2803 824 2868 abhis,
858 2803 949 2873 qui
998 2812 1413 2871 praecesserunt.
1444 2803 1553 2859 Eos
1595 2813 1797 2870 autem,
1823 2805 1917 2875 qui

341 2900 604 2953 hactenus
631 2894 966 2948 delectantur
1005 2895 1265 2959 vanitate,
1298 2895 1618 2965 laboresque
1649 2897 1716 2951 ad
1747 2898 1918 2951 virtu-

2010 1809 2105 1860 καὶ
2155 1808 2321 1864 ὅντως
2368 1807 2673 1874 ἀνόνητοςό
2718 1805 2792 1876 μὴ
2845 1805 2977 1874 πρὸς
3026 1803 3182 1855 τοῦτο
3228 1803 3403 1872 ἥκων,
3459 1802 3605 1870 πρὸς

2010 1902 2146 1971 ὅπερ
2179 1898 2403 1951 ἔϐλεπεν
2433 1898 2526 1952 ἀπ’
2556 1898 2750 1968 ἀρχῆς,
2778 1895 2885 1966 πρὸ
2912 1894 3005 1947 τοῦ
3035 1894 3221 1956 τέλους
3260 1894 3317 1945 δὲ
3348 1894 3613 1962 παυόμε-

2012 2010 2120 2056 νος,
2154 1992 2248 2045 καὶ
2280 1990 2604 2058 καταλήγων
2653 1990 2789 2054 ἐκεῖ,
2819 1986 2945 2041 ἔνθα
2992 1986 3153 2055 μηδὲν
3184 1985 3297 2038 ἐστι
3323 1984 3432 2036 τῶν
3462 2002 3614 2055 προς

2016 2082 2281 2152 κειμένων
2310 2078 2745 2152 καρπώσασθαι,
2783 2077 2905 2131 ὅθεν
2935 2079 3089 2149 ὑμεῖς
3132 2077 3251 2146 μὲν,
3296 2076 3613 2144 ἀγαπητοὶ,

2019 2172 2158 2225 κατὰ
2191 2171 2389 2227 σκοπὸν
2420 2170 2706 2240 τρέχοντες
2728 2170 2821 2222 ἐπὶ
2843 2169 2903 2221 τὸ
2938 2167 3185 2237 βραϐεῖον
3211 2169 3305 2236 τῆς
3336 2167 3450 2219 ἄνω
3473 2166 3614 2234 κλή-

2020 2279 2177 2326 σεως,
2220 2262 2314 2315 καὶ
2350 2278 2457 2314 των
2475 2262 2753 2328 στεφάνων
2783 2259 2935 2323 ὅντες
2975 2259 3224 2328 πλησίον,
3264 2257 3339 2327 μὴ
3378 2256 3614 2308 ἐκλύετε

2018 2356 2117 2425 τὴν
2153 2354 2371 2424 ἀγαθὴν
2421 2352 2752 2422 προθυμίαν,
2796 2350 2938 2404 οὕτω
2980 2350 3036 2403 δὲ
3075 2349 3279 2419 ταύτην
3320 2352 3433 2410 τοῖς
3494 2348 3618 2417 μεθ’

2022 2448 2165 2517 ὑμᾶς
2187 2446 2587 2517 παραπέμψατε
2611 2485 2625 2511 ,
2656 2445 2728 2510 ὼς
2754 2444 2921 2514 αὐτὴν
2952 2443 3289 2508 παρελάϐετε
3318 2441 3476 2511 παρᾶ
3506 2441 3623 2492 τῶν

2023 2535 2403 2606 προλαϐόντων
2443 2532 2819 2605 ἀκμάζουσαν,
2842 2532 2970 2595 τοὺς
2995 2532 3049 2587 δὲ
3074 2532 3448 2603 τερπομένους
3476 2531 3624 2591 τέως

2021 2630 2088 2697 τῇ
2144 2627 2489 2697 ματαιότητι,
2547 2627 2639 2679 καὶ
2688 2626 2815 2689 τοὺς
2861 2624 3244 2687 ἐπιϐάλλοντας
3294 2622 3501 2685 πόνους
3548 2626 3623 2691 τῇ

2022 2720 2189 2790 ἀρετῇ
2229 2721 2348 2782 ταῖς
2396 2719 2611 2788 γηΐναις
2650 2716 2985 2786 φιλοπονίαις
3029 2713 3575 2786 προσαναλίσκοντας
3608 2750 3623 2770 ,

2023 2809 2222 2863 ἐλεεῖτε
2253 2810 2351 2879 μὲν
2385 2809 2460 2873 ὡς
2494 2806 2822 2879 μοχθοῦντας
2852 2807 3107 2875 ἀνόνητα,
3149 2805 3241 2858 καὶ
3285 2803 3626 2872 σπείροντας

2026 2903 2106 2964 εἰς
2136 2901 2235 2971 τὴν
2273 2901 2470 2971 σάρκα,
2502 2899 2561 2964 ea
2592 2894 2660 2969 ἧς
2694 2898 2806 2951 ἔστι
2841 2897 3052 2969 θερίσαι
3081 2896 3303 2967 φθοράν.

342 3003 449 3046 tem
501 2990 831 3060 pertinentes
889 2991 1122 3043 terrenis
1176 3004 1341 3060 super
1372 2989 1657 3046 industriis
1709 2992 2051 3064 impendunt,
2112 2997 2478 3053 misereamiui
2529 2997 2749 3067 quidem
2802 2995 2877 3049 uti
2948 2993 3255 3049 laborantes
3318 2991 3622 3049 inutiliter.

346 3094 504 3156 atque
526 3081 933 3138 seminantesin
960 3095 1142 3145 carne,
1180 3096 1245 3136 ex
1286 3096 1394 3151 qua
1428 3082 1553 3137 meti
1576 3085 1774 3139 assolet
1805 3089 2098 3158 corruptio.

976 3243 1201 3300 CAPUT
1225 3204 1332 3299 LII.

415 3383 607 3455 Neque
643 3383 796 3439 valde
834 3393 1021 3440 contra
1073 3399 1167 3437 eos
1200 3384 1532 3439 contentiose
1572 3385 1928 3450 rixcmini,eo

348 3474 492 3546 quod
536 3472 781 3542 improbe
829 3486 889 3529 se
920 3481 1111 3541 gerant
1147 3472 1198 3525 in
1253 3472 1335 3524 his
1369 3486 1491 3540 qua:
1543 3472 1707 3525 vitam
1740 3473 1931 3527 decent

348 3564 721 3637 apostolicam.
741 3564 889 3629 Quos
903 3563 1062 3633 297
1079 3578 1185 3617 non
1211 3560 1413 3632 pudore
1434 3561 1611 3617 affecit
1633 3578 1789 3631 opus,
1811 3561 1931 3617 illos

349 3672 457 3712 non
488 3656 682 3712 adiciet
701 3661 1241 3723 verccundiasernio,
1262 3669 1386 3709 cum
1409 3656 1622 3723 possint
1650 3654 1717 3710 ad
1740 3654 1935 3709 exhor-

350 3747 582 3801 tationes
616 3745 1037 3814 impudentiores
1064 3759 1204 3808 esse,
1226 3759 1294 3799 ne
1322 3743 1605 3799 videantur
1633 3745 1776 3799 clare
1801 3760 1935 3800 con-

347 3839 499 3903 victi,
559 3837 924 3906 omnibusque
978 3836 1155 3903 palam
1188 3834 1609 3892 manifestatiex
1645 3837 1937 3906 reprehen-

352 3930 506 3984 sione
528 3928 598 3983 ob
628 3943 711 3984 res
742 3929 879 3982 male
913 3938 1125 3998 gestas;
1182 3927 1449 3999 siquidem
1496 3928 1659 3982 hosce
1698 3928 1936 3997 excipia-

352 4019 425 4074 tis
488 4018 740 4088 benigne,
778 4032 843 4072 ue
902 4033 1097 4073 rursus
1127 4027 1387 4073 censeant
1432 4033 1491 4071 se
1530 4018 1698 4073 victos
1724 4033 1845 4073 esse
1865 4018 1939 4072 si-

353 4109 558 4175 lentio;
587 4109 632 4164 si
674 4108 816 4163 enim
848 4108 915 4163 ad
964 4109 1357 4165 correctionem
1419 4124 1479 4163 se
1522 4118 1739 4178 paratos
1784 4109 1940 4162 exhi-

352 4200 581 4262 berent,
677 4199 901 4254 omnino
982 4215 1092 4267 prae
1142 4200 1602 4255 admonitionibus
1687 4199 1941 4252 humanis

354 4286 567 4338 Domini
622 4287 780 4339 verba
838 4287 1141 4342 doctrinam
1195 4289 1528 4343 continentia
1584 4289 1937 4342 veneratione

353 4381 835 4441 prosequerentur,
872 4387 993 4440 quae
1016 4372 1118 4427 fuit
1158 4373 1353 4428 effatus
1385 4375 1453 4428 ad
1483 4374 1770 4429 habentem
1802 4375 1943 4429 mul-

356 4468 438 4511 tas
452 4458 829 4528 possessiones
908 4476 920 4512 :
949 4478 965 4509 ι
992 4458 1141 4514 Sivis
1160 4474 1281 4514 esse
1294 4460 1583 4529 perfectus,
1606 4461 1775 4514 vende
1793 4471 1940 4515 tuam

357 4545 738 4611 substantiam,
766 4546 905 4599 etda
938 4547 1296 4617 pauperibus;
1329 4554 1383 4600 et
1416 4546 1597 4616 accipe
1622 4562 1862 4614 crucem,
1890 4557 1943 4603 et

356 4647 478 4707 post
533 4654 622 4693 me
680 4636 1014 4707 sequere“;
1058 4658 1075 4691 ι
1137 4640 1221 4696 his
1280 4640 1457 4709 ipsum
1503 4654 1829 4707 exonerans,
1886 4653 1943 4697 ut

357 4741 641 4802 angustam
683 4740 735 4784 et
777 4731 1021 4785 strictam
1064 4748 1157 4802 per
1200 4734 1339 4787 viam
1386 4732 1544 4787 facile
1587 4732 1685 4788 iter
1719 4732 1939 4801 faceret,

356 4838 591 4894 quorum
650 4823 703 4876 hi
765 4837 981 4893 gravem
1065 4834 1118 4879 et
1187 4840 1471 4880 onerosam
1529 4826 1940 4897 acquisitionem

358 4916 752 4985 amplexantur,
778 4916 1054 4971 difficilem
1106 4918 1478 4989 sibimetipsis,
1509 4933 1601 4974 aut
1646 4922 1808 4975 etiam
1845 4922 1946 4975 im-

358 5009 673 5079 possibilem
702 5008 917 5080 penitus
954 5010 1259 5081 ingressum
1309 5012 1362 5064 in
1418 5027 1640 5083 regnum
1681 5014 1943 5069 caelorum

360 5101 644 5156 reddenles
675 5100 926 5155 foramini
952 5118 1084 5159 acus
1146 5103 1506 5158 assimilatum
1551 5119 1579 5157 a
1618 5103 1942 5173 Veritate",

363 5200 415 5246 et
448 5192 590 5262 quod
652 5192 740 5245 vix
797 5194 1024 5262 suscipit
1055 5196 1289 5248 animam
1326 5195 1581 5248 nudatam
1615 5197 1943 5252 sollicitudi-

361 5276 523 5331 nibus
550 5278 930 5348 saculi,atque
960 5294 1220 5334 semetam
1244 5282 1312 5335 ab
1336 5282 1479 5336 omni
1510 5284 1909 5355 perturbatione
1933 5304 1946 5353 ;

363 5378 597 5432 cumque
649 5366 809 5418 etiam
847 5366 961 5419 inec
1008 5364 1148 5421 forte
1172 5383 1199 5420 a
1233 5382 1291 5422 se
1319 5368 1610 5437 dimoveat,
1638 5381 1693 5424 et
1721 5370 1827 5425 vim
1862 5373 1946 5425 in-

365 5453 522 5517 ferat,
584 5456 635 5507 in
695 5456 916 5511 introitu
965 5459 1167 5525 glorizP,
1221 5474 1341 5530 qua:
1396 5461 1448 5515 in
1505 5463 1588 5516 via
1622 5462 1723 5519 sila
1748 5473 1943 5530 est,eo

2611 3252 2861 3308 ΚΕΦΑΛ.
2903 3251 3027 3304 NB’.

2098 3381 2188 3455 Μὴ
2224 3382 2365 3437 πάνυ
2400 3384 2456 3436 δὲ
2502 3385 2635 3455 πρὸς
2682 3387 2879 3450 αὐτοὺς
2926 3384 3256 3456 ὲρεσχελεῖτε
3290 3384 3625 3453 φιλονείκως

2029 3475 2105 3539 ὼς
2137 3476 2586 3547 πλημμελοῦντας
2621 3480 2699 3540 εἰς
2728 3480 2794 3530 τά
2823 3478 3134 3548 καθήκοντα
3163 3475 3239 3546 τῷ
3269 3476 3625 3545 ἀποστολικῷ

2033 3565 2155 3635 βίῳ.
2183 3564 2290 3628 Οὓς
2319 3566 2427 3637 γὰρ
2452 3566 2550 3618 οὐκ
2590 3566 2874 3638 ἐνέτρεψεν
2911 3566 3092 3637 ἔργον,
3127 3566 3346 3628 τούτους
3384 3566 3445 3618 ού
3489 3566 3624 3620 δυσ-

2033 3658 2243 3728 ωπήσει
2272 3658 2426 3726 λόγος
2447 3659 2643 3729 μᾶλλον
2674 3660 2810 3730 πρὸς
2834 3661 2931 3722 τὰς
2958 3659 3304 3728 παραινέσεις
3326 3658 3625 3727 ἀναισχυνο

2034 3754 2145 3804 τείν
2174 3749 2503 3820 δυναμένους
2529 3749 2605 3814 ὡς
2640 3751 2713 3821 μὴ
2745 3749 3035 3821 προφανῶς
3065 3750 3237 3804 δοκεῖν
3270 3749 3621 3811 ἁλίσκεσθαι,

2037 3844 2128 3895 καὶ
2158 3842 2350 3911 δήλους
2373 3843 2536 3896 πᾶσιν
2565 3840 2657 3895 ἐπὶ
2678 3843 2789 3903 τοῖς
2822 3841 3065 3910 ἐλέγχοις
3094 3839 3336 3907 γίνεσθαι
3363 3839 3467 3908 τῆς
3494 3840 3624 3892 δυσο

2040 3932 2279 4003 πραγίας
2307 3950 2320 3964 ο
2368 3933 2523 4000 εἴπερ
2556 3931 2916 4001 εὐγνωμόνως
2968 3930 3188 4001 δέχεσθε
3242 3930 3485 3993 τούτους,
3532 3932 3625 3982 ἵνα

2043 4023 2117 4094 μὴ
2164 4023 2327 4077 πάλιν
2362 4025 2426 4092 τῇ
2464 4025 2643 4093 σιωπῇ
2695 4022 2961 4092 ἡττῆσθαι
3003 4021 3328 4091 νομίζωνται
3355 4038 3369 4052 ο
3419 4022 3467 4073 εί
3510 4021 3625 4090 γὰρ

2041 4114 2177 4185 πρὸς
2196 4113 2478 4183 διόρθωσιν
2500 4107 2645 4182 εἶχον
2670 4111 3011 4182 ἐπιτηδείως,
3042 4110 3257 4174 πάντως
3282 4108 3349 4162 ἂν
3379 4109 3488 4179 πρὸ
3511 4109 3621 4162 τῶν

2042 4204 2396 4275 ἀνθρωπίνων
2431 4202 2827 4271 παραινέσεων,
2857 4202 2982 4265 τοὺς
3015 4201 3107 4255 τοῦ
3134 4201 3337 4271 Κυρίου
3359 4199 3622 4252 διδασκά-

2041 4294 2165 4357 λους
2201 4291 2399 4362 μᾶλλον
2436 4289 2738 4361 ᾐδέσθησαν
2783 4289 2995 4358 λόγους,
3036 4289 3131 4352 οὓς
3164 4290 3303 4359 πρὸς
3332 4288 3423 4341 τὸν
3453 4289 3622 4341 πολυο

2046 4387 2145 4454 κτή
2156 4402 2289 4455 μονα
2318 4383 2637 4453 ποιούμενος
2666 4383 2870 4451 ἔλεγεν·
2906 4403 2924 4435 ι
2945 4384 3007 4435 Ei
3030 4381 3203 4445 θέλεις
3229 4382 3434 4445 τέλειος
3457 4376 3618 4443 εἶναι,

2047 4472 2296 4544 πώλησόν
2329 4489 2423 4525 σου
2464 4472 2530 4525 τὰ
2582 4472 2913 4542 ὑπάρχοντα,
2966 4473 3062 4527 καὶ
3110 4472 3198 4532 δὸς
3232 4475 3486 4540 πτωχοῖς,
3528 4472 3622 4524 καὶ

2047 4560 2175 4616 λάϐε
2200 4562 2290 4614 τὸν
2317 4563 2569 4633 σταυρὸν,
2603 4565 2696 4618 καὶ
2720 4563 2878 4635 δεῦρο
2906 4564 3191 4619 ἀκολούθει
3221 4582 3331 4635 μοι,
3366 4584 3383 4615 ι
3420 4564 3623 4617 τούτων

2045 4653 2421 4723 ἀποφορτίζων
2449 4656 2631 4722 αὐτὸν,
2658 4657 2746 4709 ἵνα
2779 4656 2878 4727 τὴν
2909 4657 3103 4726 στενὴν
3134 4658 3229 4709 καὶ
3256 4656 3626 4726 τεθλιμμένην

2046 4743 2294 4816 διοδεύσῃ
2315 4745 2431 4798 ὁδὸν
2464 4746 2720 4817 εὐμαρῶς
2742 4739 2816 4801 ὧν
2851 4742 2996 4801 οὗτοι
3024 4747 3249 4819 βαρεῖαν
3296 4746 3388 4800 καὶ
3408 4748 3625 4817 ἐπαχθῆ

2046 4834 2144 4902 τὴν
2176 4834 2371 4904 κτῆσιν
2399 4831 2564 4889 οὖσαν
2595 4836 2954 4904 ἀσπάζονται,
3005 4838 3265 4891 δύσκολον
3301 4840 3541 4902 ἑαυτοῖς,
3595 4840 3626 4907 ἦ

2051 4926 2146 4978 καὶ
2197 4925 2371 4996 πάντη
2425 4928 2685 4983 ἀδύνατον
2716 4929 2815 4999 τὴν
2849 4933 2927 4993 εἰς
2973 4929 3074 5000 τὴν
3129 4930 3410 5000 βασιλείαν
3461 4947 3627 4983 κατα-

2051 5016 2401 5080 σκευάζοντες
2433 5020 2655 5085 εῖσοδον,
2686 5021 2790 5091 όπῇ
2825 5021 3045 5092 ῥαφίδος
3081 5022 3443 5093 όμοιωθεῖσαν
3476 5023 3632 5090 παρὰ

2048 5104 2151 5176 τῆς
2191 5105 2493 5175 Ἀληθείας,
2524 5109 2618 5161 καὶ
2647 5109 2799 5179 μόλις
2837 5111 3132 5182 δεχομένην
3161 5114 3375 5184 γυμνὴν
3408 5114 3627 5183 φροντί-

2052 5197 2157 5249 δων
2189 5196 2477 5266 βιωτικῶν,
2525 5200 2619 5251 καὶ
2647 5201 2827 5271 πάσης
2871 5202 3147 5270 ὀχλήσεως
3194 5202 3628 5273 ἀπηλλαγμένην

2052 5284 2246 5355 ψυχὴν,
2282 5287 2375 5339 καὶ
2402 5287 2573 5343 ταῦτα
2616 5291 2746 5352 ἴσως
2777 5291 3092 5362 ὼθουμένης
3131 5294 3224 5346 καὶ
3249 5293 3377 5365 δόξῃ
3407 5293 3628 5363 παρόδῳ

2055 5376 2383 5449 βιαζομένης
2408 5379 2505 5450 τὴν
2534 5382 2735 5435 εῐσοδον
2764 5382 2852 5436 διὰ
2879 5384 2937 5437 τὸ
2970 5385 3153 5437 στενὸν
3182 5386 3278 5454 τῆς
3308 5385 3501 5455 πύλης,
3532 5388 3624 5439 καὶ

2053 5467 2408 5539 δυσέμϐατον,
2433 5473 2524 5526 καὶ
2554 5473 2691 5527 αὐτὰ
2715 5474 3001 5546 θλιϐούσης
3025 5478 3093 5531 τά
3120 5477 3365 5545 πλαγίως
3392 5478 3641 5548 είσερχό⁹

438 5652 481 5683 ιτ
507 5653 697 5731 Philip.
734 5672 821 5726 ιιι,
858 5657 943 5712 u.
1020 5658 1063 5690 οι
1093 5658 1281 5715 Matth.
1313 5677 1424 5729 nx,
1464 5662 1652 5720 ιιι-95.
1733 5666 1776 5697 δ’
1807 5666 1936 5721 ibid.
1973 5666 2062 5722 τι.
