3918 6180
321 234 447 298 1037

1088 244 1185 304 DE
1224 244 1713 305 VOLUNTABIA
1756 244 2255 304 PAUPERTA'I'E
2289 244 2387 304 AD
2437 245 2780 306 MAGNAM-

3419 247 3554 309 1038

324 365 454 421 μενα
489 347 736 417 σώματα,
785 349 978 418 μήτιγε
1018 349 1201 416 δγκοις
1238 351 1613 421 ἐπήλθισμένα
1643 350 1882 421 βαρυτά-

2007 352 2124 422 μιοιι
2152 363 2386 422 augusta
2423 355 2512 415 sit.
2558 363 2611 408 ct
2649 355 2789 408 invia
2831 353 3020 421 jantta,
3055 363 3408 425 conteratque
3443 359 3557 427 ipsa

317 434 420 491 των
444 437 681 508 φορτίων
701 455 714 468 υ
767 439 884 500 πῶς
927 437 1143 505 ἐροῦσιν
1175 443 1221 494 οἱ
1251 441 1317 492 τὰ
1347 441 1590 494 σκύϐαλα
1621 444 1712 494 καὶ
1747 457 1880 494 σκυ-

316 529 493 581 6άλων
517 528 856 598 ἑκλντὼτερα
888 531 1236 601 περιέποντες
1269 533 1342 596 ὼς
1369 533 1524 602 τίμια
1553 534 1880 603 πράγματα·

320 639 338 672 ι
378 617 508 670 Ἱδοὺ
544 618 707 687 ἡμεῖς
736 620 1030 690 ἀφήκαμεν
1064 621 1261 685 πάντα,
1301 622 1394 674 καὶ
1437 622 1886 692 ἠκολουθήσαμέν

317 723 422 774 σοι,
465 727 484 760 ι
521 707 643 761 οὔτε
693 709 1080 774 καταλιπόντες
1111 728 1184 777 τι,
1212 711 1306 763 καὶ
1334 710 1370 763 ἀ
1401 709 1476 782 μὴ
1505 709 1650 780 είχον
1683 712 1886 782 κτήσά-

321 816 490 868 μενοι,
518 798 703 869 ὥσπερ
732 800 1030 869 ὲμπορείας
1055 800 1117 852 οὑ
1157 801 1471 871 φιλοσοφίας
1507 802 1761 854 ὑπόθεσιν
1798 803 1888 855 τὸν

323 890 604 958 μοναδικόν
662 890 775 960 βίον
822 893 1212 963 πεποιημένοι;
1281 894 1437 946 Ἔστι
1482 893 1540 946 δὲ
1591 893 1890 963 ἐμπορείας

321 979 538 1050 ἀληθῶς
575 981 836 1052 μεγίστης
882 982 1106 1054 ἀφορμὴ
1149 984 1260 1037 τῶν
1294 983 1596 1054 μελλόντων
1644 985 1885 1052 ἀγαθῶν,

320 1073 379 1124 ού
410 1072 517 1124 τῶν
550 1072 830 1141 παρόντων
877 1073 1165 1144 λαμπρῶν,
1218 1075 1376 1144 πενία
1409 1074 1532 1145 μὲν,
1561 1074 1656 1128 καὶ
1691 1076 1888 1147 ἐνδείᾳ,

324 1162 419 1216 καὶ
445 1165 558 1225 τοῖς
581 1163 756 1226 ἄλλοις
785 1163 878 1216 νῦν
909 1164 1126 1218 δοκοῦσι
1158 1165 1432 1236 σκληροῖς,
1475 1166 1585 1218 τῶν
1606 1169 1722 1220 ἐκεῖ
1752 1169 1890 1221 πάν-

323 1271 429 1307 των
450 1255 620 1322 ἡδέων
650 1254 979 1325 προξενοῦσα
1000 1256 1099 1325 τὴν
1130 1255 1449 1318 ἀπόλαυσιν,
1483 1257 1561 1327 τῷ
1587 1257 1642 1309 δὲ
1672 1259 1888 1326 ἀφανεῖ,

326 1345 418 1397 καὶ
448 1345 644 1415 ἀσήμῳ
671 1345 982 1416 παρρησίαν
1011 1347 1108 1418 τὴν
1139 1349 1231 1401 ἐπὶ
1260 1346 1418 1409 Θεοῦ.
1451 1349 1544 1401 καὶ
1573 1348 1730 1414 δόξαν
1761 1365 1892 1420 παρ-

326 1438 522 1505 ἐχουσα
545 1437 758 1490 αἰώνιον
779 1453 790 1466 ’
827 1431 901 1493 ὧν
925 1442 1020 1510 τὴν
1047 1439 1236 1493 ἐλπίδα
1264 1439 1487 1510 βεϐαίαν
1517 1441 1610 1494 ἐπὶ
1635 1442 1892 1494 συνειδότι

324 1527 430 1578 τῶν
477 1529 879 1598 πεπραγμένων
924 1529 1136 1600 ἔχοντες
1187 1532 1346 1600 ὑμεῖς
1380 1571 1394 1593 ,
1420 1532 1498 1584 ἔτι
1539 1533 1637 1603 μὲν
1685 1533 1781 1585 καὶ
1813 1532 1892 1586 ἔτι

327 1621 682 1688 καταψρονεῖν
714 1619 1038 1684 σπουδάζετε
1071 1614 1144 1674 ὧν
1195 1621 1295 1692 ἤδη
1325 1624 1505 1686 καλῶς
1543 1625 1891 1695 λογισάμενοι

327 1708 763 1778 κατεφρονήσατε
787 1709 1010 1772 δικαίως
1029 1711 1302 1776 τοιούτων,
1333 1712 1622 1766 καιόντων
1655 1711 1905 1784 ἀλήθίιῦς,¹
1925 1689 1966 1743 Β
1996 1701 2241 1770 Ρτίευθηε
2285 1710 2538 1754 πίθτηωη
2589 1717 2602 1752 ³

329 1799 419 1850 καὶ
453 1799 796 1869 ἐρριμμένων
835 1802 946 1863 τοῖς
983 1801 1228 1870 νήσουσι,
1265 1803 1367 1855 κᾶν
1398 1805 1444 1856 εί
1478 1805 1738 1856 σπουδαῖα
1802 1805 1894 1857 καὶ
1937 1823 1940 1827 ’

327 1887 638 1958 ἐπιθυμητά
664 1891 774 1950 τοῖς
795 1889 1020 1958 ἄφροσιν
1047 1889 1242 1956 ἔδοξεν,
1272 1894 1600 1966 ἡπατήμένῃ
1625 1894 1896 1967 φαντασίᾳ

325 1979 715 2050 προσθεμένοις
764 1980 841 2042 ὡς
887 1981 1120 2045 ἀστείοις
1169 1986 1280 2048 τοῖς
1321 1985 1439 2037 λίαν
1485 1987 1750 2057 αἰσχροῖς,
1801 1989 1896 2040 καὶ

327 2069 598 2140 ὲρασθεῖσι
625 2070 724 2140 τῆς
750 2069 902 2140 ὕλης,
934 2071 1183 2142 καθάπερ
1212 2073 1379 2138 ὅντως
1406 2073 1682 2146 εὐμόρφου
1711 2093 1898 2145 γυναι-

327 2164 438 2226 κὸς,
475 2163 574 2215 οὑκ
606 2161 771 2234 οὔσης
804 2163 1080 2232 τοιαύτης,
1131 2165 1266 2220 ἀλλά
1313 2169 1701 2239 κεχρωσμένης
1747 2168 1897 2224 ἄνθει

326 2253 634 2324 φαινομένῳ
663 2253 910 2324 τοιούτῳ,
955 2257 1048 2308 καὶ
1079 2256 1478 2326 συναρπάζοντι
1531 2258 1664 2328 πρδς
1705 2258 1896 2329 τέρψιν

325 2351 449 2408 τοὺς
500 2346 604 2416 πρὸ
633 2345 739 2398 τῶν
770 2345 1061 2414 ὠφελίμων
1101 2348 1503 2419 ἀρεσκομένους
1529 2352 1641 2412 τοῖς
1684 2349 1897 2419 ⁴ἤδουσι,

325 2437 418 2489 καὶ
450 2438 556 2488 τῶν
591 2437 978 2508 συμφερόντων
1015 2437 1213 2508 μᾶλλον
1243 2438 1599 2510 αἱρουμένους
1631 2439 1698 2492 τὰ
1733 2439 1900 2510 λίχνῳ

324 2527 646 2596 δελεάσματι
675 2527 773 2590 τάς
803 2527 977 2598 ὁρμὰς
1005 2527 1442 2599 προκαλούμενα.

1985 454 2050 493 ex
2082 440 2304 509 obliquo
2347 441 2673 495 introeuntia
2717 455 2965 509 corpora,
2999 441 3195 496 nedum
3252 445 3560 512 graviorum

1987 529 2288 596 ponderum
2343 530 2550 582 acervis
2594 538 2840 588 onerata,
2892 532 3166 598 quomodo
3209 531 3410 598 dicent,
3470 529 3602 610 qui;

1988 621 2227 668 stercora
2285 624 2337 668 et
2384 616 2716 670 stercoribus
2772 617 3102 670 exsolutiora
3151 613 3602 696 circumferuntd

1989 715 2054 754 ac
2085 702 2129 755 si
2180 710 2362 756 essent
2388 716 2475 755 res
2523 702 2746 756 maximi
2781 704 2970 770 pretii:
3013 723 3030 754 ι
3062 703 3198 760 Ecce
3228 719 3325 760 nos
3355 706 3566 760 dimisi-
3595 713 3602 768 !

1991 808 2113 848 mus
2161 793 2367 860 omnia,
2425 801 2479 847 ct
2538 793 2709 848 secuti
2757 809 2944 848 sumus
2999 803 3048 846 te
3073 795 3141 860 ⁷ο,
3177 813 3194 844 ι
3230 797 3323 864 qui
3365 812 3461 850 nec
3491 797 3572 850 Vt'l

1990 879 2286 949 quidquam
2353 880 2777 949 dereliquerunt,
2835 888 2890 934 ct
2949 893 3070 948 quae
3125 895 3231 933 non
3282 881 3570 940 habebam.

1992 965 2353 1034 possederunt
2408 975 2667 1037 tanquam
2701 976 3038 1030 mercaturan,
3071 983 3176 1020 non
3218 967 3576 1036 pltiloSOphia:

1992 1059 2296 1124 materiam,
2347 1059 2512 1114 vitam
2592 1059 2950 1114 monasticam
3017 1059 3434 1128 computantes?
3479 1060 3576 1118 Est

1992 1161 2174 1208 autem
2237 1155 2353 1223 ipsa
2421 1170 2562 1210 vera:
2639 1166 2966 1210 mercaturae
3046 1155 3322 1219 maximae,
3368 1152 3579 1211 futuro-

1994 1260 2116 1300 rum
2157 1245 2324 1316 298
2355 1247 2564 1302 scilicet
2615 1248 2831 1302 occasio
2876 1247 3166 1311 bonorum,
3194 1260 3298 1300 non
3344 1262 3580 1316 praesen-

1994 1336 2128 1390 tium
2161 1336 2588 1406 splendidorum,
2627 1347 2936 1408 paupertate
2967 1338 3208 1408 quidem,
3241 1348 3292 1393 et
3322 1346 3576 1407 egestate,

1995 1443 2058 1483 ac
2084 1423 2225 1495 aliis,
2287 1444 2406 1498 qum
2443 1445 2587 1484 nunc
2617 1432 2752 1484 dura
2803 1429 3076 1496 videntur,
3108 1444 3434 1498 comparans
3459 1447 3578 1485 om-

1996 1523 2170 1586 nium,
2207 1537 2326 1591 quae
2354 1522 2463 1575 illic
2489 1533 2637 1584 sum,
2671 1522 2999 1576 suavitatum
3053 1520 3389 1586 fruitionem,
3424 1522 3578 1592 igno-

1999 1613 2088 1666 bili
2143 1628 2293 1677 vero,
2329 1623 2383 1667 et
2435 1615 2617 1683 ignoto
2645 1613 2895 1667 ﬁduciam
2952 1614 3018 1666 ad
3047 1611 3241 1678 Deum,
3268 1621 3320 1665 et
3347 1611 3580 1681 gloriam

2668 1715 2898 1768 quorum
2937 1699 3145 1754 ﬁrmam
3185 1715 3336 1771 spem
3366 1703 3417 1753 in
3449 1714 3583 1754 cou-

1997 1794 2222 1848 scientia
2279 1793 2544 1848 i'actorum
2602 1807 2700 1848 vos
2757 1794 3054 1858 habentes,
3115 1794 3278 1848 etiam
3333 1794 3582 1863 equidem

1997 1890 2161 1951 atque
2191 1881 2354 1936 etiam
2385 1890 2736 1934 contemnere
2758 1881 2971 1935 studete
3015 1896 3138 1950 quin
3177 1881 3287 1950 jam
3325 1881 3584 1948 praeclare

1996 1974 2302 2029 ratiocinati
2351 1973 2753 2042 contempsistis
2802 1973 2926 2042 jure
2980 1975 3174 2026 merito
3220 1972 3344 2026 talia
3400 1973 3581 2041 qualia

1998 2081 2125 2121 vero
2188 2076 2335 2128 sunt,
2391 2073 2446 2118 ct
2495 2065 2694 2120 sobriis
2720 2064 2949 2133 abjecta,
2999 2064 3121 2118 licet
3153 2063 3396 2118 studiose
3445 2061 3582 2117 ειγυ-

1999 2157 2194 2212 ctanda
2251 2167 2305 2211 et
2356 2157 2651 2226 expetenda
2689 2159 2800 2210 visa
2845 2156 2952 2209 sint
2992 2157 3205 2226 ineptis,
3234 2158 3322 2226 qui
3349 2156 3583 2224 decepta:

2001 2248 2373 2318 imaginationi
2431 2247 2724 2317 applicant,
2782 2247 2928 2301 velut
2975 2249 3202 2311 urbana,
3257 2263 3376 2317 qua:
3427 2248 3581 2300 valde

2004 2349 2131 2396 snnt
2171 2341 2369 2410 turpia,
2419 2349 2473 2393 ct
2515 2355 2700 2394 amore
2749 2326 3038 2409 capiuntur
3092 2339 3335 2394 sordium
3368 2339 3587 2392 munda-

2007 2443 2305 2500 narum,et
2361 2431 2577 2502 quidem
2631 2431 2892 2502 (exempli
2950 2429 3444 2501 gratia)l‘ormosa:
3465 2445 3585 2482 mu-

1996 2525 2168 2591 lieris,
2197 2540 2317 2596 quae
2343 2533 2522 2578 tamen
2546 2523 2666 2578 talis
2695 2537 2799 2577 non
2833 2530 2936 2586 est,
2971 2522 3064 2578 sed
3087 2522 3268 2578 fucata
3295 2531 3348 2577 et
3367 2521 3586 2575 excolo-

327 2629 443 2676 rata
481 2619 608 2672 llore
638 2619 804 2672 hocce
841 2619 1003 2674 modo
1032 2631 1344 2691 apparente,
1381 2632 1433 2677 et
1465 2621 1794 2693 corripiente
1826 2621 1894 2677 ad
1933 2621 2263 2690 voluptatem
2304 2633 2417 2684 eos,
2459 2618 2678 2688 quibus,
2701 2634 2823 2688 quae
2853 2617 3030 2672 dulcia
3054 2626 3180 2672 sunt
3213 2631 3322 2686 pne
3365 2615 3588 2670 utilibus

327 2710 559 2782 placent,
591 2709 792 2778 quique
818 2711 987 2780 magis
1017 2711 1223 2782 eligunt
1243 2727 1328 2774 ca,
1362 2728 1482 2782 qua:
1505 2712 1690 2768 dolosa
1719 2711 1969 2769 illecebra
1999 2717 2296 2779 provocant
2326 2709 2617 2779 appetitus,
2655 2723 2817 2777 quam
2857 2721 2920 2762 ea
2958 2721 3079 2777 qua}
3111 2707 3443 2761 conducunt.

901 2865 1150 2917 ΚΕΦΑΛ.
1192 2865 1314 2918 NF'.

411 2996 529 3048 Τῶν
583 2995 640 3048 δὲ
690 2995 790 3066 τῆς
837 2995 1076 3059 διανοίας
1128 2998 1445 3068 κινημάτων
1503 2997 1909 3070 ἐπιμελήθητε,

327 3087 693 3157 προσέχοντες
727 3086 847 3150 πῶς
891 3087 990 3150 τὰς
1039 3088 1374 3158 ὑπομνήσεις
1415 3090 1522 3142 τῶν
1567 3089 1910 3160 πραγμάτων

328 3177 677 3246 ἐργάζονται,
734 3175 1070 3247 προσπαθῶς
1115 3178 1147 3248 ἦ
1192 3178 1416 3242 ἀπαθῶς
1465 3179 1562 3244 τάς
1612 3179 1911 3248 φαντασίας

324 3266 533 3319 τούτων
561 3266 844 3335 δεχόμενα.
883 3267 1059 3320 Πολλά
1084 3267 1192 3338 γὰρ
1219 3268 1472 3333 ἀτάκτως
1497 3269 1754 3342 ὁρμῶντα
1783 3268 1911 3340 βλά-

327 3374 486 3412 πτειν
529 3358 809 3412 εἰώθεισαν
862 3357 1056 3424 ταῦτα,
1111 3361 1206 3412 καὶ
1250 3360 1358 3413 τῶν
1412 3362 1470 3415 ἐν
1512 3364 1634 3424 ταῖς
1679 3362 1911 3431 πράξεσι

327 3448 552 3502 πλείονα
599 3449 834 3511 εὐκόλως
886 3451 944 3503 ἐν
997 3452 1111 3514 τοῖς
1176 3449 1458 3522 λογισμοῖς
1519 3455 1632 3515 τοῖς
1681 3453 1911 3507 πάθεσιν

326 3543 567 3604 εἴκοντα,
612 3542 703 3593 καὶ
740 3541 1096 3612 συντιθέμενα
1144 3541 1354 3605 τούτοις
1396 3544 1640 3612 ἀφανῶς,
1682 3546 1775 3597 καὶ
1813 3544 1912 3614 τῆς

329 3630 618 3696 συνέσεως,
670 3631 822 3683 οὐδὲν
858 3634 1081 3702 σημεῖον
1115 3635 1226 3696 τοῖς
1266 3631 1370 3696 ἔξω
1398 3633 1704 3704 παρέχοντα
1737 3633 1890 3704 ήττώ

331 3737 492 3791 μενα,
524 3725 615 3774 καὶ
647 3721 915 3775 πίπτοντα
943 3722 1226 3786 πολλάκις,
1266 3725 1359 3776 καὶ
1387 3723 1488 3792 τῆς
1519 3723 1778 3787 πτώσεως
1805 3725 1911 3796 πρὸ

325 3812 425 3880 τῆς
454 3813 734 3882 ἐνεργείας
758 3813 892 3876 τέως
913 3813 1243 3867 λανθάνοντα
1269 3814 1390 3876 τοὺς
1417 3815 1477 3866 ού
1505 3815 1817 3885 πεφυκότας
1843 3815 1911 3869 τὰ

327 3900 480 3953 ἔνδον
504 3905 634 3973 όρᾷν
659 3919 672 3932 ’
715 3905 810 3956 καὶ
845 3904 1044 3974 σεμνὸς
1081 3905 1179 3975 μὲν
1212 3907 1275 3958 ὲκ
1300 3908 1398 3976 τῆς
1428 3905 1768 3974 καταστολῆς
1797 3910 1908 3970 τοῖς

325 3993 564 4064 παροῦσι
597 3996 844 4062 φαίνεται
877 3999 905 4049 ό
947 3996 1148 4066 τυχὼν,
1199 3997 1268 4052 τά
1298 3998 1516 4068 κρυπτά
1549 3998 1708 4069 αἴσχη
1749 3999 1909 4062 αὑτὸς

323 4086 686 4156 ἐπιστάμενος
733 4088 892 4158 μόνος
939 4089 1034 4142 καὶ
1079 4088 1347 4161 ἐρυθριῶν
1386 4092 1470 4159 ἐφ’
1507 4085 1588 4154 οἷς
1617 4091 1694 4161 τῷ
1723 4108 1910 4161 φαινο-

2598 2862 2832 2920 CAPUT
2885 2862 3027 2918 Llll~

2084 2996 2394 3052 Intellectus
2423 3011 2554 3050 vero
2581 2997 2846 3050 motiones
2876 2995 3158 3066 diligenter
3182 3007 3385 3064 curate,
3408 3008 3586 3053 atten-

2012 3089 2202 3144 dentes
2229 3104 2337 3159 quo
2371 3098 2530 3159 pacto
2573 3101 2840 3143 revocata:
2873 3104 2957 3143 res
3009 3088 3061 3141 in
3095 3089 3415 3143 memoriam
3458 3105 3586 3160 ope-

2011 3191 2224 3246 rantur,
2264 3179 2471 3249 absque
2499 3171 2716 3240 all‘cctu,
2760 3179 2840 3233 vel
2867 3195 2988 3234 cum
3021 3179 3213 3252 allectu
3243 3179 3586 3250 imaginatio-

2013 3285 2110 3324 nes
2156 3269 2395 3338 ipsarum
2433 3269 2777 3339 excipiendo.
2827 3269 2920 3324 lia:
2961 3271 3160 3340 quippe
3193 3269 3420 3341 (scilicet
3467 3290 3585 3326 ino-

2015 3360 2189 3414 liones
2220 3359 2436 3429 mentis)
2476 3359 2630 3414 valde
2675 3359 3030 3429 incomposite
3081 3362 3348 3417 irruentes
3395 3363 3587 3416 lasdere

2011 3457 2447 3514 consueverunt;
2483 3464 2606 3503 cum
2649 3465 2754 3501 non
2783 3465 2979 3520 pauca,
3017 3468 3137 3519 qua:
3185 3452 3240 3504 in
3282 3453 3613 3507 actionibus"

2011 3541 2357 3604 consistunt,
2401 3539 2559 3593 facile
2590 3538 2786 3594 cedant
2820 3538 3222 3604 aﬂ'ectionilius,
3257 3541 3455 3609 quibus
3490 3560 3583 3596 co—

2017 3631 2306 3701 gitationcs
2360 3629 2616 3684 involuta:
2667 3637 2832 3693 sunt,
2879 3645 3111 3698 cumque
3154 3631 3236 3683 his
3282 3631 3584 3684 clanrnlmn

2011 3723 2393 3792 astipulentur,
2427 3721 2744 3791 nullumque
2766 3720 2980 3791 signum
3005 3721 3358 3790 perspicaciae
3397 3723 3451 3775 in
3494 3723 3586 3790 ju-

2012 3815 2242 3868 dicando
2266 3813 2628 3868 exterioribus
2646 3812 2956 3877 exhibeant,
2983 3815 3346 3866 succumbunt
3366 3816 3585 3882 szt'pitts,

2013 3915 2066 3959 ct
2101 3904 2424 3976 procidunt;
2456 3920 2521 3960 ac
2548 3905 2762 3960 interim
2796 3916 2921 3958 ante
2946 3919 3110 3959 casus
3149 3904 3313 3974 299
3339 3904 3584 3958 eilectmn

2017 3998 2260 4053 latebant
2299 4013 2416 4059 cos.
2441 3999 2534 4068 qui
2563 4013 2670 4052 non
2705 4005 3109 4052 consueverunt
3159 3997 3416 4051 interiora
3469 4013 3588 4066 prr-

2016 4088 2227 4159 spicere
2254 4106 2268 4142 :
2303 4089 2444 4142 unde
2486 4089 2748 4144 honestus
2781 4087 3024 4156 quidem,
3053 4094 3108 4142 et
3139 4087 3319 4158 gravis
3365 4095 3590 4155 appan-t

327 4176 482 4246 μένῳ
530 4178 590 4229 τὸ
643 4179 847 4247 ἀφανὲς
899 4181 1159 4240 ἐναντίως
1200 4181 1466 4235 διάκειται
1514 4186 1580 4254 τῇ
1621 4185 1901 4255 τιμωμένῃ

2016 4182 2372 4250 praesentibus
2405 4195 2472 4235 ex
2500 4181 2764 4236 modestia
2800 4181 2852 4234 in
2905 4181 3099 4236 vestitu
3143 4179 3321 4250 quivis
3369 4179 3457 4231 ille
3493 4179 3587 4242 sit,

325 4269 506 4337 σκηνῇ
536 4267 1043 4339 ἀντιφθεγγομένης
1093 4271 1188 4340 τῆς
1236 4269 1512 4337 ἀληθείας,
1555 4272 1647 4326 καὶ
1687 4273 1748 4325 τὸ
1779 4290 1908 4326 συν-

324 4356 472 4417 ειδδς
525 4358 890 4412 καταδύεσθαι
939 4362 1466 4434 παρασκευαζούσης
1521 4365 1780 4428 εἰκότως,
1825 4366 1907 4419 ὅτι

327 4447 409 4515 μὴ
454 4452 732 4516 συμφωνεῖ
760 4451 822 4518 τῇ
874 4449 1140 4520 ὑπολήψει
1168 4451 1234 4504 τά
1271 4452 1373 4522 τῆς
1411 4454 1637 4525 καρδίας
1679 4455 1909 4526 ἐνθύμια

323 4535 574 4599 τοιαῦτα,
603 4532 688 4589 οἶα
715 4540 864 4609 ποιρά
884 4539 992 4591 τῶν
1023 4539 1377 4612 ἱστορούντων
1404 4543 1706 4608 δοξάζεται.
1769 4547 1906 4600 Ἀλλ’

326 4625 475 4676 ἔοικε
523 4627 677 4696 τάφῳ
725 4627 1101 4698 κεκονιαμένῳ
1145 4629 1205 4681 τὸ
1255 4632 1482 4702 σοϐαρὸν
1527 4634 1627 4702 τῆς
1671 4634 1909 4700 διανοίας

328 4717 768 4788 πεπληρωμένης
795 4719 869 4782 ὡς
891 4719 1057 4782 ὅντως
1088 4721 1147 4772 τύ
1157 4721 1292 4791 μϐου
1323 4723 1525 4778 ὀστέων
1553 4726 1782 4796 νεκρῶν,
1810 4729 1904 4781 καὶ

325 4806 513 4878 πάσης
542 4809 901 4879 ἀκαθαρσίας.
946 4811 1010 4864 Τί
1039 4813 1147 4883 γὰρ
1177 4812 1317 4884 αὕτη
1351 4818 1648 4884 μνήματος,
1681 4817 1809 4870 ὅταν
1839 4818 1907 4871 τά

331 4899 410 4968 μὴ
444 4899 750 4969 καθήκοντα
780 4900 1084 4971 λογίζηται,
1115 4903 1397 4975 διαφέρει,
1437 4906 1634 4974 ὁμοίως
1659 4907 1908 4978 ἀκάθαρ-

331 5003 424 5048 τος
452 4983 586 5040 οὗσα
615 4988 860 5050 ἐκείνων,
899 4990 992 5042 καὶ
1022 4990 1221 5058 μᾶλλον
1249 4991 1580 5060 ἀκάθαρτος
1622 4993 1780 5063 Σῆμα
1811 4995 1909 5063 μὲν

329 5081 441 5148 γὰρ
469 5082 554 5132 ἐπ’
586 5081 765 5148 ὀλίγον
813 5083 925 5152 ἔχει
959 5083 1054 5153 τὴν
1102 5084 1368 5150 δυσωδίαν
1399 5086 1672 5155 μυδῶντος
1702 5087 1782 5139 ἑτι
1813 5087 1906 5139 τοῦ

329 5169 605 5238 σώματος.
651 5174 756 5225 Τοῦ
786 5174 841 5226 δὲ
891 5176 1084 5246 ἰχῶρος
1125 5178 1521 5241 ἀποστάζοντος
1545 5179 1653 5231 τῶν
1683 5180 1906 5243 ὀστέων,

319 5255 516 5310 λοιπὸν
548 5257 644 5328 τῆς
671 5259 929 5323 δυσωδίας
960 5262 1338 5332 ἀπήλλακται,
1382 5265 1488 5320 τῶν
1520 5269 1798 5339 σαρκικῶν
1832 5272 1911 5332 εἰς

320 5342 428 5416 τὴν
463 5347 563 5416 γῆν
608 5349 994 5416 ἀναλυθεισῶν,
1033 5354 1125 5404 καὶ
1159 5355 1305 5407 κόνιν
1354 5355 1576 5425 λεπτὴν,
1626 5359 1685 5420 ἐξ
1715 5350 1790 5412 ὧν
1819 5360 1911 5410 καὶ

411 5606 453 5639 ’θ
473 5605 604 5665 Luc.
638 5626 788 5678 xvm,
814 5613 903 5667 ‘28.
982 5615 1020 5645 '”
1054 5615 1242 5670 Matth.
1279 5633 1430 5681 xxiii,
1478 5617 1559 5673 27.

2015 4272 2233 4326 latentia
2262 4272 2526 4328 dedecora
2547 4273 2724 4329 sciens
2746 4273 2859 4344 ipse
2889 4274 3061 4337 solus,
3076 4280 3130 4326 et
3150 4271 3498 4335 erubescens,
3523 4286 3588 4323 co

2017 4364 2161 4430 quod
2198 4363 2478 4432 apparcnti
2510 4365 2844 4419 contrarium
2877 4364 2948 4418 sit
2978 4364 3052 4428 id,
3093 4361 3237 4432 quod
3277 4377 3383 4415 non
3420 4377 3587 4430 appa-

2017 4465 2119 4520 ret,
2159 4457 2383 4511 veritate
2421 4455 2824 4510 contradicente
2869 4453 3219 4508 ostentationi
3266 4452 3582 4513 aestimatae,

2017 4556 2072 4599 et
2109 4546 2390 4612 illiriente,
2425 4557 2482 4600 ut
2520 4548 2714 4601 merito
2743 4547 2952 4601 ('l‘UbCSt
2971 4553 3025 4598 at
3068 4543 3418 4607 conscientia,
3457 4545 3586 4610 quia

2019 4650 2129 4689 non
2167 4645 2469 4690 consonant
2503 4637 2891 4708 existimationi
2922 4636 3056 4690 tales
3087 4633 3444 4702 cogitationes
3465 4648 3587 4684 cor-

2014 4727 2120 4790 dis,
2177 4728 2368 4795 quales
2398 4729 2466 4780 ab
2503 4727 2607 4792 his,
2637 4731 2728 4796 qui
2760 4728 2965 4793 visunt,
3009 4727 3375 4780 celebrantur.
3407 4723 3590 4789 Quare

2016 4817 2212 4871 similis
2239 4827 2322 4871 est
2357 4817 2608 4887 sepulcro
2640 4818 2891 4872 dealbato
2917 4817 3194 4872 l‘astuosus
3225 4823 3400 4870 status
3433 4815 3586 4868 intel-

2019 4908 2209 4972 lectus,
2236 4911 2424 4978 repleti
2462 4910 2706 4979 (perinde
2744 4925 2806 4963 ac
2851 4911 2896 4964 si
2935 4925 3119 4964 revera
3157 4909 3398 4962 tumulus
3428 4907 3585 4973 foret)

2021 4999 2242 5052 ossibus
2277 4998 2602 5053 cadaverum
2633 5008 2687 5052 et
2715 4999 2862 5052 omni
2889 5000 3148 5066 spurcitia
3176 4999 3242 5052 ".
3273 4997 3413 5062 Quid
3440 4997 3585 5052 enim

2019 5088 2106 5142 hic
2131 5089 2362 5159 (scilicet
2388 5090 2712 5156 intellectus)
2739 5089 2918 5142 dilfert
2947 5102 2979 5142 a
3010 5096 3382 5153 monumento,
3415 5101 3589 5156 quan-

2021 5176 2092 5230 do
2115 5177 2334 5246 cogitat,
2366 5192 2488 5246 qua:
2537 5177 2780 5232 decentia
2814 5175 3036 5229 niinime
3072 5173 3236 5228 sunt?
3263 5183 3345 5229 est
3391 5174 3590 5244 quippe

2024 5277 2154 5324 tunc
2189 5284 2341 5338 a‘quc
2368 5269 2613 5339 impurus
2641 5278 2807 5338 atque
2836 5268 2989 5332 illud,
3011 5268 3119 5321 imo
3139 5275 3192 5319 et
3222 5265 3552 5320 immundior
3571 5283 3588 5317 :

2023 5361 2334 5429 sepulcrum
2371 5377 2603 5430 namque
2649 5359 2797 5416 brevi
2839 5367 3085 5429 tempore
3122 5356 3352 5413 fetorem
3405 5353 3590 5419 habet,

3590 513 3610 554 θ’
