3956 6206
405 293 539 360 1029

1902 290 1960 349 S.
2001 290 2159 350 NILI

3521 283 3681 346 1040

404 409 531 460 dum
568 419 766 470 corpus
803 402 1066 454 tumidutu
1111 400 1290 453 adhuc
1342 401 1622 470 putrescit,
1681 417 1802 455 cum
1850 417 1964 456 verc

2080 398 2340 454 ἁνθοῦσαι
2388 399 2485 466 τὴν
2536 396 2795 449 σύστασιν
2837 388 3003 466 εἶχον,
3055 396 3222 465 πηλὸς
3257 396 3390 449 οὖσα
3455 415 3681 468 κεχρω-

402 497 580 549 sanies
600 492 897 546 almssibus
916 491 1212 553 distillarit,
1233 491 1494 556 abscedit,
1531 489 1676 561 quod
1703 492 1972 559 reliquum

402 585 528 636 mali
561 581 742 634 odoris
772 588 873 642 est,
905 595 1100 634 carnea
1137 579 1443 634 substantia
1478 582 1529 633 in
1574 592 1773 634 terram
1828 596 1975 634 reso-

400 677 530 737 luta,
585 673 748 740 inque
793 671 1069 740 pulverem
1118 672 1336 733 exilem,
1391 687 1421 724 e
1467 672 1663 741 quibus
1701 681 1750 726 et
1788 673 1974 741 vigens

398 763 808 817 eonsistentiam
864 761 1088 824 habuit,
1135 777 1256 830 qua:
1306 761 1477 815 lutum
1512 771 1629 815 erat
1672 762 1973 818 coloratuut

402 858 690 925 sanguine,
721 870 784 908 ac
809 855 1027 922 pituita,
1064 855 1167 906 hac
1184 853 1403 922 quidem
1432 854 1730 918 albescens,
1761 855 1850 907 illo
1876 870 1972 907 au—

399 957 505 1000 tem
551 946 847 1000 rubesceus
877 987 890 1009 ,
936 955 1096 1014 atque
1150 945 1249 997 ista
1285 946 1618 998 coloratione
1663 947 1971 1000 iilttstrabat

398 1036 684 1106 qualitates
717 1035 992 1100 delicatas,
1025 1051 1146 1103 qua:
1175 1035 1228 1088 iu
1266 1036 1580 1104 apparentia
1615 1036 1966 1102 eminebant;

2075 491 2270 560 σμένος
2291 490 2502 559 αἵματι,
2532 488 2626 540 καὶ
2653 487 2948 556 φλέγματι,
2981 487 3057 557 τῷ
3095 488 3190 556 μὲν
3221 487 3675 557 λευκαινόμεναι,

2071 581 2151 652 τῷ
2199 581 2253 634 δὲ
2303 579 2780 650 ἐρυθραινόμεναι,
2835 579 2928 630 καὶ
2972 576 3287 648 λάμπουσαι
3337 581 3402 647 τῇ
3457 578 3674 648 χρὼσει

2072 674 2248 745 ταύτῃ
2274 673 2375 735 τὰς
2405 670 2842 734 ἐπιπολαζούσας
2863 673 2929 739 τῇ
2961 669 3256 738 ἐπιφανείᾳ
3281 669 3493 739 λίχνους
3521 672 3677 722 ποιό-

2069 782 2238 836 τητας
2263 781 2276 796 ο
2309 764 2510 835 καρδία
2535 763 2592 816 δὲ
2627 761 3037 832 πεπληρωμένη
3073 759 3344 830 ἐνθυμίων
3368 761 3671 831 ἀπρεπῶν,

2069 857 2290 928 διηνεκῆ
2322 857 2419 926 τὴν
2464 855 2689 924 ἀκηδίαν
2737 855 3018 922 κέκτηται,
3065 854 3365 924 σεσηπότος
3412 853 3675 922 σώματος

2078 949 2272 1012 ὄζουσα
2321 947 2718 1018 χαλεπώτερον,
2767 947 2860 999 καὶ
2912 946 3048 1016 αύτὴ
3109 947 3244 1015 μόνη
3301 944 3399 1014 τῆς
3455 945 3674 1006 οἰκείας

2077 1041 2432 1110 αἰσχρότητος
2467 1039 2840 1092 ἀπολαύουσα.

397 1142 493 1182 eor
525 1142 650 1180 vero
707 1126 1125 1196 cogitationibus
1191 1127 1456 1195 repletum
1521 1127 1896 1182 indecentibus
1956 1133 2269 1185 continuam
2328 1132 2724 1187 maleolentiam
2781 1131 3058 1200 possidet,
3118 1138 3377 1200 corrupto
3434 1144 3674 1198 corpore

397 1220 635 1274 deterius
661 1220 835 1280 olens.
881 1229 934 1273 et
962 1220 1138 1290 ipsum
1175 1221 1348 1274 solum
1381 1222 1610 1292 propriae
1644 1224 1864 1292 capiens
1901 1227 2250 1295 turpitudinis
2282 1229 2564 1282 damnum.

988 1334 1218 1389 CAPUT
1254 1335 1388 1392 LIV.

464 1451 599 1505 Cum
643 1451 677 1502 ii
718 1450 810 1519 qui
835 1460 1069 1505 mentem
1102 1453 1376 1521 apparenti
1403 1453 1659 1508 adhibent
1685 1469 1970 1508 ornauit-n-

397 1550 450 1594 to
480 1541 642 1610 300
669 1541 802 1593 uiltil
827 1543 1004 1595 sciant
1037 1558 1248 1608 eorum,
1285 1560 1406 1613 quae
1443 1545 1751 1598 clanculum
1779 1547 1961 1598 animo

395 1632 689 1700 agitantur,
723 1633 970 1699 quinimo
1006 1647 1129 1686 cum
1169 1645 1392 1704 stupore
1423 1637 1751 1705 quandoque
1796 1639 1970 1689 admi-

397 1731 584 1774 rentur
631 1727 970 1791 gravitatem,
1019 1740 1140 1792 qua:
1172 1726 1452 1794 aspicitur,
1493 1735 1546 1780 et
1586 1738 1670 1781 est
1709 1728 1759 1780 iu
1793 1729 1971 1796 aliqua

394 1818 829 1886 exiSLimatione;
884 1821 1159 1890 ingenium
1205 1839 1438 1891 namque
1493 1822 1871 1891 tranquillum,
1919 1830 1972 1875 et

393 1909 585 1963 oculus
619 1925 886 1974 severus.
931 1923 985 1966 et
1011 1913 1234 1966 tetricus
1270 1915 1450 1968 vultus
1493 1914 1630 1966 nihil
1663 1913 1808 1967 aliud
1858 1914 1970 1967 cla-

394 2009 563 2065 ruant,
595 2015 756 2068 quam
783 2003 1069 2070 plurimam
1105 2005 1156 2056 iu
1190 2005 1297 2059 imo
1353 2006 1664 2060 lirmitatcm
1703 2007 1970 2061 sollicitu-

391 2089 533 2144 dinis
565 2091 848 2145 meliorum
899 2109 962 2146 ex
1001 2095 1104 2156 his,
1137 2111 1256 2163 qua!
1297 2111 1458 2165 supra
1485 2096 1627 2152 dicta
1664 2107 1812 2159 sunt,
1850 2115 1970 2167 qua:

397 2181 750 2252 (sollicitudo)
786 2184 866 2238 his
890 2225 908 2250 ,
948 2187 1040 2253 qui
1069 2187 1322 2255 ignorant
1352 2189 1516 2240 animi
1548 2191 1866 2257 agitationes
1897 2193 1972 2244 iu-

393 2275 541 2327 timis
573 2275 940 2331 inhabitantes
987 2277 1038 2330 in
1081 2279 1407 2344 recessibus,
1460 2281 1661 2349 praebet
1699 2283 1967 2352 suspicio-

389 2381 536 2431 nem,
569 2380 691 2420 cum
725 2375 936 2435 putent,
967 2369 1208 2437 gestibus
1256 2371 1421 2424 animi
1451 2387 1753 2427 consonare
1783 2375 1968 2442 dispo-

391 2459 664 2514 sitionem.
721 2461 772 2514 ld
810 2461 974 2530 igitur
1029 2463 1125 2527 (ιιι
1173 2463 1328 2518 valde
1376 2472 1800 2519 consentaneum
1842 2466 1966 2529 est)

389 2552 716 2620 persuadeat
753 2553 930 2616 nobis,
979 2564 1036 2608 ut
1067 2556 1150 2609 bis
1179 2571 1301 2625 qua:
1339 2566 1463 2611 sunt
1501 2557 1742 2612 exterius
1781 2572 1968 2609 assenv-

389 2643 592 2696 tiautur
621 2659 682 2698 ea
726 2660 847 2713 qua:
891 2645 1120 2700 iutcrius
1169 2656 1416 2708 exstant.
1467 2657 1521 2702 ct
1564 2657 1622 2701 ut
1666 2649 1963 2702 secundum

388 2741 668 2787 externam
714 2736 1064 2804 opinionem,
1116 2740 1364 2794 similiter
1407 2756 1587 2794 mores
1626 2741 1966 2810 contponatis

390 2822 639 2886 interius,
671 2825 736 2878 ad
766 2826 1012 2880 eﬂ'cctum
1042 2831 1332 2897 appareudi
1363 2831 1473 2884 Deo
1527 2833 1577 2884 iu
1613 2833 1961 2902 cogitationi-

390 2912 492 2966 bus
529 2913 688 2979 tales,
720 2917 907 2984 qu-alcs
933 2917 1246 2974 hominibus
1287 2938 1408 2975 esse
1440 2924 1711 2986 videmur,
1757 2939 1817 2976 ea
1859 2923 1964 2977 sci-

387 3003 514 3056 licet
537 3015 712 3059 mente
760 3007 1156 3075 pervolveutes,
1190 3027 1310 3078 qua:
1349 3027 1376 3063 a
1415 3013 1598 3064 ntultis
1643 3012 1803 3064 etiam
1851 3011 1961 3066 exi-

388 3097 599 3150 stimari
631 3108 886 3166 putamus
919 3108 1010 3152 :et
1039 3101 1256 3168 quitetn
1293 3101 1390 3170 (uti
1431 3101 1584 3155 scitis
1613 3111 1668 3154 et
1713 3103 1814 3171 ipsi
1857 3103 1959 3158 ho-

388 3202 510 3241 rum
545 3189 932 3255 experientiam
972 3189 1393 3257 Itabentcslnon
1437 3193 1589 3246 valde
1620 3194 1832 3250 difﬁcile
1879 3204 1962 3249 est

390 3276 494 3341 his,
528 3279 619 3346 qui
645 3279 813 3346 perite
854 3282 955 3334 hoc
990 3280 1166 3334 facere
1194 3282 1297 3335 sibi
1317 3269 1662 3352 proponunt,
1693 3287 1736 3340 si
1768 3303 1960 3341 causas

386 3370 734 3437 perscrutati,
768 3371 911 3438 ipsas
943 3374 1272 3442 reprimant;
1307 3373 1554 3428 faciendo
1581 3391 1798 3430 cessare
1830 3376 1964 3430 laci-

384 3461 436 3516 lc
467 3477 588 3530 qua:
628 3479 691 3516 ex
729 3464 812 3518 his
842 3476 1176 3519 enascuntur
1209 3468 1538 3520 turbulenta.
1594 3467 1726 3522 Cum
1762 3471 1962 3522 ctenim

384 3555 636 3624 voluptas
670 3573 733 3612 ac
766 3558 920 3612 dolor
952 3560 1357 3629 subsequantur
1387 3560 1761 3629 cupiditatem,
1796 3571 1844 3615 et
1867 3578 1963 3616 eu-

383 3645 587 3716 piditas
610 3658 872 3717 sequatur
913 3665 1158 3715 sensura,
1192 3653 1283 3720 qui
1305 3667 1410 3705 uou
1430 3658 1615 3718 cessit,
1645 3654 1963 3722 illisoppor-

389 3746 579 3793 tunum
620 3748 832 3809 tempus
867 3755 972 3794 non
1007 3744 1301 3805 concessit,
1327 3744 1493 3797 veluti
1524 3745 1613 3812 qui
1644 3754 1807 3813 caput
1847 3760 1964 3797 scr-

382 3829 562 3898 pentis
598 3832 894 3884 contritum
939 3831 1177 3902 dim-egit
1219 3833 1270 3885 in
1318 3834 1487 3899 aditu,
1531 3850 1655 3887 cum
1715 3835 1831 3902 ipso
1885 3843 1965 3888 ιο-

385 3928 498 3973 tum
528 3920 695 3973 simul
722 3922 969 3991 cerporis
1005 3937 1238 3976 tractum
1273 3925 1458 3993 rejccit
1489 3926 1769 3978 exclusum
1812 3927 1961 3987 foris,

382 4010 530 4078 quod
565 4026 669 4064 una
722 4029 843 4065 cum
894 4013 1013 4081 ipso
1059 4014 1388 4068 iutroivissct
1429 4016 1673 4080 omnino,
1710 4016 1966 4084 nulloque

384 4101 625 4170 negotio,
661 4101 706 4155 si
747 4103 898 4164 illud,
935 4107 1076 4172 quod
1111 4107 1445 4174 proponebat
1471 4117 1635 4176 caput
1671 4109 1964 4161 invenisset

383 4191 688 4257 ingressum
737 4208 1116 4262 quemcunque
1158 4212 1279 4251 sors
1321 4196 1638 4263 obtulisset;
1675 4207 1727 4251 et
1755 4202 1866 4252 haec
1899 4197 1962 4250 li-

382 4292 515 4344 guza
545 4279 608 4330 ad
639 4279 688 4331 id
717 4283 862 4348 quod
892 4283 1161 4352 signiﬁcat
1209 4289 1432 4340 multam
1483 4289 1643 4343 habet
1685 4291 1964 4360 cognatio-

2665 1344 2914 1398 ΚΕΦΑΛ.
2955 1343 3078 1397 ΝΔ’.

2149 1459 2315 1510 Οὐδὲν
2341 1457 2446 1510 τῶν
2496 1459 2552 1510 ἐν
2602 1457 2677 1526 τῷ
2726 1455 2956 1526 κρυπτῷ
3003 1454 3406 1525 βουλευομένων
3439 1455 3667 1508 εἰδότων

2076 1554 2180 1604 τῶν
2218 1552 2590 1622 προσεχόντων
2618 1548 2696 1618 τῷ
2726 1547 3036 1616 φαινομένῳ
3065 1548 3365 1614 ἀγάλματι,
3395 1546 3537 1598 ἀλλὰ
3569 1546 3667 1599 καὶ

2073 1646 2384 1716 τεθηπότων
2433 1643 2543 1695 ἕτθ⁶
2571 1644 2658 1694 ὅτε
2688 1642 2843 1694 τοῦτο
2885 1639 2987 1708 τῆς
3037 1639 3320 1707 όρωμένης
3360 1638 3452 1688 καὶ
3476 1636 3667 1688 δοκούο

2012 1739 2050 1791 Β
2085 1754 2182 1806 σης
2217 1736 2569 1804 σεμνότητος.
2614 1731 2781 1783 Ούδέν
2810 1730 2916 1800 γὰρ
2958 1728 3086 1784 ἄλλο
3113 1727 3346 1797 γαληνὸν
3377 1722 3536 1794 ἦθος,
3572 1726 3663 1776 καὶ

2075 1825 2336 1896 βλοσυρὸν
2363 1824 2538 1893 ὅμμα,
2573 1823 2668 1875 καὶ
2699 1821 2985 1892 πρόσωπον
3010 1818 3250 1888 ἁμειδὲς,
3279 1817 3311 1887 ἢ
3346 1815 3552 1886 πολλὴν
3580 1815 3663 1868 κέ·

2073 1933 2243 1986 κραγε
2279 1915 2376 1983 τὴν
2405 1916 2460 1966 ἐν
2490 1913 2566 1982 τῷ
2601 1911 2752 1981 βάθει
2784 1909 3104 1962 εὐστάθειαν
3135 1907 3230 1976 τῆς
3277 1905 3362 1972 ἐφ’
3391 1899 3473 1966 οἷς
3507 1903 3662 1973 εἴρη-

2069 2030 2159 2066 ται
2208 2009 2486 2080 φροντίδος
2541 2007 2885 2077 κρειττόνων,
2936 2006 3050 2066 τοῖς
3115 2000 3367 2068 ἀγνοοῦσι
3428 1999 3498 2051 τὰ
3549 2002 3666 2060 τοῖς

2072 2107 2260 2174 μυχοῖς
2286 2100 2677 2171 ἐνδιαιτώμενα
2709 2100 3002 2168 σκέμματα
3030 2092 3376 2166 παρεχούσης
3400 2092 3664 2144 ὑπόνοιαν

2070 2197 2146 2267 τῷ
2177 2196 2415 2265 σχήματι
2445 2192 2685 2263 συνᾴδειν
2717 2189 3087 2257 λογιζομένοις
3150 2186 3242 2238 καὶ
3274 2185 3371 2253 τὴν
3397 2183 3658 2236 διάθεσιν.

2071 2288 2241 2341 Τοῦτο
2271 2287 2401 2356 γοῦν
2452 2282 2768 2336 δυσωπείτω
2802 2281 2919 2333 λίαν
2954 2281 3186 2345 εὐλόγως
3221 2277 3389 2347 ὑμᾶς,
3415 2278 3524 2335 τοῖς
3557 2274 3661 2338 ἔξω

2078 2374 2604 2448 συνδιατιθὲ[με]ναι
2635 2374 2702 2426 τὰ
2731 2374 2858 2435 ἔσω,
2892 2371 2988 2423 καὶ
3019 2371 3152 2440 πρὸς
3183 2367 3282 2436 τὴν
3317 2367 3469 2427 ἐκτὸς
3499 2365 3662 2424 ἐόξαν

2078 2470 2362 2540 ῥυθμίζειν
2393 2467 2461 2520 τὰ
2495 2465 2640 2518 ἔνδον
2673 2467 2895 2532 ὁμοίως,
2944 2461 3031 2512 ἵνα
3057 2453 3161 2511 οἷοι
3203 2460 3318 2518 τοῖς
3347 2453 3662 2522 ἀνθρώποις

2072 2559 2207 2614 εἶναι
2245 2559 2492 2629 δοκῶμεν
2528 2599 2542 2622 ,
2595 2555 2827 2609 τοιοῦτοι
2857 2553 2950 2605 καὶ
2981 2551 3057 2620 τῷ
3091 2550 3210 2618 Θεῷ
3237 2551 3347 2610 τοῖς
3379 2547 3664 2616 ἐνθυμίοις

2072 2653 2410 2722 φαινώμεθα,
2438 2651 2608 2704 ταῦτα
2632 2647 2994 2716 λογιζόμενοι,
3031 2643 3066 2697 ἃ.
3093 2645 3186 2696 καὶ
3212 2640 3520 2708 λογίζεσθαι
3544 2639 3663 2700 τοῖς

2073 2746 2287 2808 πολλοῖς
2324 2740 2677 2812 νομιζόμεθα.
2713 2741 2822 2792 Καὶ
2851 2737 2968 2790 ἔστι
2999 2753 3084 2802 γε,
3115 2734 3189 2797 ὼς
3225 2732 3339 2784 ἴστε
3373 2730 3468 2783 καὶ
3501 2731 3664 2782 αὐτοὶ

2069 2840 2265 2905 πεῖραν
2301 2834 2513 2903 ἔχοντες
2548 2832 2772 2892 τούτων,
2807 2831 2868 2881 ού
2920 2829 3061 2880 πάνυ
3113 2823 3348 2894 χαλεπδν
3376 2825 3487 2883 τοῖς
3531 2823 3661 2872 ἐπι·

2070 2947 2168 2997 στη
2179 2928 2351 2997 μόνως
2380 2925 2537 2978 τοῦτο
2576 2924 2835 2994 πράττειν
2870 2918 3344 2992 προαιρουμένοις,
3371 2915 3418 2965 εἰ
3444 2913 3542 2971 τὰς
3573 2914 3661 2964 ai-

2067 3022 2186 3084 τίας
2213 3020 2654 3088 διερευνώμενοι,
2691 3014 2894 3076 ταύτας
2920 3009 3318 3066 ἀναστέλλοιεν,
3363 3005 3430 3056 τὰ
3462 3003 3518 3069 ἐξ
3557 3005 3662 3056 αύ-

2065 3112 2170 3166 τῶν
2203 3111 2445 3179 φυόμενα
2476 3107 2741 3168 παύοντες
2771 3102 3008 3173 εὐχερῶς
3035 3099 3268 3170 ὀχληρὰ’
3306 3096 3498 3167 ἡδονῆς
3546 3093 3660 3163 γὰρ

2064 3207 2156 3258 καὶ
2198 3204 2372 3272 λύπης
2421 3199 2820 3264 ἀκολουθούσης
2868 3194 3155 3263 ἐπιθυμία,
3211 3191 3307 3243 καὶ
3359 3186 3662 3256 ἐπιθυμίας

2065 3297 2337 3366 ἑπομένης
2369 3294 2636 3360 αίσθήσει,
2656 3293 2682 3342 ὁ
2713 3289 2884 3357 ταύτῃ
2915 3288 2986 3356 μὴ
3020 3283 3343 3346 ἐνδεδωκὼς,
3382 3279 3574 3348 καιρὸν
3595 3279 3658 3331 οὐ

2066 3388 2339 3459 παρέσχεν
2373 3385 2628 3446 ἐκείναις,
2659 3382 2733 3444 ὼς
2767 3383 2794 3433 ό
2830 3379 3072 3448 κεφαλὴν
3101 3377 3278 3444 ὄφεως
3305 3373 3509 3433 θλάσας
3543 3387 3656 3424 πα·

2067 3478 2460 3552 ραθλιόομένην
2509 3473 2698 3542 εἰσόδῳ
2737 3471 2854 3542 μετ’
2904 3471 3074 3539 αὐτῆς
3123 3468 3213 3520 τὸν
3256 3463 3658 3533 ἐπισυρόμενον

2065 3571 2220 3624 ὁλκὸν
2251 3569 2370 3622 ὅλον
2395 3565 2721 3622 ἀπέκλεισεν
2755 3559 3300 3628 ἐξω,συνεισελθόντα
3337 3555 3561 3614 πάντως
3591 3552 3656 3604 ἂν

2067 3659 2357 3730 εὐμαρῶς,
2404 3659 2561 3726 εἴπερ
2615 3656 2646 3726 ἠ
2701 3654 3009 3724 προέχουσα
3056 3648 3153 3718 τὴν
3200 3645 3472 3715 τυχοῦσαν
3523 3637 3655 3712 εὗρε

2067 3750 2418 3822 παρείσδυσιν
2443 3763 2456 3776 ·
2505 3747 2598 3800 καὶ
2628 3746 2739 3816 ἔχει
2791 3743 2926 3814 πρὸς
2954 3742 3015 3795 τὸ
3059 3738 3387 3809 δηλούμενον
3420 3737 3452 3804 ἡ
3485 3732 3654 3786 εἰκὼν

2069 3842 2269 3912 πολλὴν
2299 3840 2397 3910 τὴν
2427 3838 2771 3907 συγγένειαν,
2804 3835 3006 3905 ὁμοίως
3034 3832 3143 3884 τῶν
3188 3825 3651 3898 ἐφομαρτούντων

2074 3931 2568 3987 συνεισπιπτόντων
2599 3931 2710 3991 τοῖς
2738 3927 3062 3998 ἡγουμένοις
3087 3940 3100 3953 ·
3135 3921 3386 3989 αἴσθησις
3422 3918 3520 3988 μὲν
3541 3915 3654 3985 γὰρ

2072 4025 2204 4094 πρὸς
2232 4024 2329 4086 τὰς
2365 4023 2648 4094 ὁρωμένας
2685 4018 2899 4090 μορφὰς
2931 4017 3091 4069 τυποῖ
3122 4014 3220 4084 τὴν
3262 4011 3521 4070 διάνοιαν,
3555 4008 3653 4058 καὶ

2066 4115 2203 4183 αὐτὴ
2227 4114 2362 4184 πρὸς
2391 4113 2459 4164 τὰ
2489 4113 2759 4183 τέρποντα
2787 4109 2884 4178 τὴν
2910 4105 3205 4174 ἐπιθυμίαν
3231 4106 3392 4164 κινεῖ,
3419 4101 3487 4169 τῇ
3514 4099 3653 4167 μνή-

2069 4225 2143 4282 μῃ
2171 4210 2270 4270 τὰς
2301 4205 2600 4275 φαντασίας
2630 4204 2737 4256 τῶν
2767 4199 3219 4272 προτεθεαμένων
3252 4194 3373 4249 καθ’
3412 4192 3651 4261 ἑκάστην

2067 4299 2378 4370 ῥιπίζουσα,
2428 4295 2755 4349 καὶτούτων
2789 4289 3322 4362 ἀγαλματοφοροῦσα
3371 4300 3650 4355 τετραγω-

384 4381 528 4430 uetn,
551 4381 672 4419 cum
704 4372 820 4437 pari
850 4372 1006 4441 301
1046 4390 1268 4442 prorsus
1305 4377 1466 4430 modo
1511 4379 1672 4432 simul
1708 4397 1828 4433 cum
1861 4382 1960 4435 du-

2073 4391 2206 4460 μένα
2233 4388 2299 4440 τὰ
2331 4386 2547 4451 εἴδωλα,
2581 4385 2688 4446 ἓως
2722 4383 2954 4452 ἢλύπην
2983 4383 3014 4451 ή
3055 4378 3324 4448 ἁποτυχία
3355 4375 3648 4442 ποιήσασα,

382 4457 624 4514 ctoribtts
641 4465 1018 4527 succumbant,
1047 4466 1140 4533 qui
1169 4482 1470 4536 sequuntur
1496 4486 1600 4522 uua
1633 4487 1756 4524 cum
1795 4473 1960 4536 ipsis:

381 4564 577 4604 sensus
602 4553 800 4606 etenim
833 4554 985 4624 juxta
1024 4556 1244 4624 formas,
1293 4576 1428 4629 quas
1480 4564 1696 4631 respicit
1743 4568 1958 4635 signum

2069 4480 2100 4548 ἢ
2141 4477 2330 4549 ἡδονὴν
2374 4479 2407 4547 ἡ
2441 4476 2733 4546 ἐνετιτυχία,
2763 4474 2960 4538 διδάξει
2989 4475 3055 4543 τῇ
3109 4471 3276 4540 πείρᾳ
3324 4465 3511 4535 σαφῶς
3549 4467 3648 4534 δαη

2068 4573 2176 4633 τοῖς
2213 4569 2586 4642 ἐγχρονίζουσι
2614 4570 2823 4630 τούτοις
2855 4568 2890 4638 ἡ
2923 4565 3093 4635 βλάϐη
3123 4563 3352 4631 γίνεται.

381 4642 644 4709 imprimit
681 4647 883 4710 menti;
925 4657 978 4700 et
1038 4647 1125 4701 illa
1180 4660 1356 4704 movet
1395 4652 1748 4720 cupiditatem
1807 4655 1876 4708 ad
1944 4673 2027 4724 ea,
2069 4675 2190 4729 quae
2243 4659 2552 4724 oblectant,
2604 4655 2866 4711 memoria
2925 4653 3169 4723 quotidie
3237 4648 3646 4718 imaginatioues

379 4750 565 4787 eorum
616 4737 862 4792 excitans
895 4779 908 4801 ,
965 4752 1087 4808 quae
1137 4751 1260 4797 ante
1326 4743 1439 4797 visa
1517 4743 1689 4810 fuere,
1727 4757 1781 4800 et
1859 4749 2048 4804 lzorum
2110 4753 2424 4822 perspicuas
2478 4750 2892 4812 similitudines,
2941 4748 3087 4801 velut
3139 4752 3350 4800 statuas
3394 4750 3649 4810 portans.

379 4841 703 4896 usquequo,
763 4847 884 4883 cum
939 4843 1032 4885 aut
1083 4835 1364 4888 calamitas
1408 4837 1651 4912 dolorem
1727 4841 1988 4905 attuletit,
2048 4855 2140 4898 aut
2181 4845 2395 4912 adeptio
2451 4845 2818 4912 voluptatem,
2892 4840 3191 4895 luculenter
3241 4834 3450 4890 ediscat
3489 4847 3650 4900 expc-

379 4916 597 4980 ricutia,
630 4928 834 4984 quanta
869 4923 1114 4985 provenit
1142 4938 1282 4976 noxa
1320 4926 1409 4976 diu
1443 4908 1492 4977 iii
1552 4927 1700 4979 hisce
1729 4935 2187 4996 pertuaucntiltus.

971 5034 1206 5090 CAAUT
1261 5036 1365 5090 LV.

453 5143 618 5217 Aﬂert
645 5146 790 5199 enim
829 5160 1120 5216 utrumque
1149 5153 1398 5207 similiter
1430 5154 1712 5223 damnum,
1754 5157 1867 5210 sive
1891 5173 1956 5210 es

382 5234 550 5289 animi
595 5240 889 5293 succedant
931 5245 1219 5309 sententia,
1255 5245 1367 5299 sive
1422 5262 1451 5299 a
1503 5261 1670 5316 scopo
1707 5247 1957 5301 aberrent

381 5327 524 5381 male
547 5333 854 5398 concupita,
876 5333 1074 5402 quippe
1096 5351 1217 5404 qua:
1245 5339 1328 5392 vel
1352 5339 1609 5408 gaudium
1645 5341 1850 5400 inutile,
1875 5342 1956 5393 vel

379 5419 621 5473 dolorem
655 5421 1377 5482 inferuntinconvcttientem
1407 5447 1422 5493 ;
1452 5447 1550 5484 nec
1580 5432 1722 5484 enim
1757 5446 1954 5485 secun-

381 5514 508 5566 dum
563 5513 732 5569 Deum
786 5518 872 5570 hic
915 5520 1071 5575 dolor
1100 5531 1203 5586 est,
1252 5525 1345 5592 qui
1389 5526 1563 5595 (juxta
1606 5526 1835 5580 Paulum
1886 5529 1951 5592 “)

454 5689 497 5721 τ’
543 5689 581 5741 ll
613 5690 739 5745 Cor.
773 5708 868 5758 vit,
903 5695 988 5751 l0.

2657 5043 2703 5094 K
2713 5041 2884 5094 ΕΦΑΛ
2893 5078 2908 5092 .
2950 5039 3075 5093 NE'.

2145 5163 2346 5214 Ἀδικεί
2373 5162 2482 5229 γὰρ
2508 5159 2708 5228 ὁμοίιος
2743 5154 3024 5224 ἑκάτερον,
3057 5151 3161 5205 κᾶν
3190 5148 3506 5218 ἐπιτευχθῇ,
3545 5145 3646 5198 κᾶν

2062 5256 2337 5325 ἀστοχήσῃ
2361 5253 2426 5304 τὰ
2459 5251 2644 5314 κακῶς
2678 5247 3103 5317 ἐπιθυμηθέντα,
3135 5245 3227 5296 καὶ
3261 5241 3436 5313 χαρὰν
3463 5237 3644 5306 ἀσύμ-

2063 5363 2249 5417 φορον,
2285 5347 2376 5398 καὶ
2410 5345 2586 5413 λύπην
2618 5343 2678 5394 οὐ
2716 5340 3065 5410 καθήκουσαν
3097 5339 3444 5406 ἐργαζόμενα
3469 5348 3483 5362 ·
3522 5330 3643 5383 οὔτε

2063 5438 2171 5509 γὰρ
2199 5437 2338 5490 κατὰ
2363 5435 2495 5488 Θεὸν
2524 5436 2554 5500 ἡ
2588 5433 2729 5502 λύπη
2765 5433 2911 5483 ἐστὶν
2933 5429 3096 5492 ὥστε,
3128 5427 3270 5481 κατὰ
3298 5424 3386 5477 τὸν
3408 5421 3642 5480 Παῦλον,

2065 5529 2356 5598 μετάνοιαν
2412 5524 2825 5595 ἀμεταμέλητον
2877 5523 2955 5584 είς
3030 5518 3305 5589 σωτηρίαν
3375 5510 3643 5582 κατεργά-
