3956 6206
365 365 500 428 1041

1139 371 1235 430 DE
1290 371 1776 431 VOLUN'TARIA
1807 373 2306 434 PAUPERTATE
2348 379 2447 437 AD
2488 381 2830 439 MAGNAM.

3471 379 3606 442 1M9.

359 479 570 543 ζεσθαι,
603 477 726 531 οὔτε
762 479 906 550 χαρὰ
937 479 992 530 ἐν
1027 479 1218 550 Κυρίῳ
1245 481 1582 544 συνίσταται,
1611 480 1685 543 ὡς
1713 483 1741 534 ὁ
1775 481 1903 534 αὐτὸ

2037 485 2410 552 paenitentiam
2438 489 2649 556 operari
2679 489 2849 558 possit.
2879 488 2929 541 in
2982 489 3240 554 salutem;
3281 505 3457 558 neque
3501 493 3604 547 hoc

355 570 641 624 ἐπίσταται
667 569 877 630 Παῦλος
898 589 909 602 ·
935 574 1046 632 τοῖς
1069 572 1167 640 μὲν
1190 572 1298 641 γὰρ
1321 574 1405 623 ἐπ’
1427 572 1604 642 ἀγαθῇ
1630 573 1929 642 συνειδήσει

355 661 801 732 εὐφραινομένοις
839 661 1275 732 παρακελεύεται
1306 663 1478 730 λέγων
1499 683 1511 695 ο
1555 683 1574 715 ι
1604 664 1836 736 Χαίρετε
1869 665 1926 717 ἐν

357 753 547 824 Κυρίῳ
585 754 835 807 πάντοτε.
889 771 907 803 ι
957 753 1117 808 Ἀλλά
1157 771 1240 817 τις
1269 755 1404 808 οὖσα
1431 755 1693 824 τυγχάνει
1721 755 1926 826 ψυχικὴ

353 840 711 910 δαιμονιώδης
765 842 1142 910 προσπάθεια,
1203 843 1410 906 οὐδενὸς
1469 845 1752 916 ἠρτημένη
1820 846 1926 898 τῶν

356 933 586 986 αἰωνίων
631 932 832 998 καλῶν,
885 932 1014 1002 ὓλης
1063 933 1118 985 δὲ
1155 933 1522 1006 φθειρομένης
1555 936 1648 987 καὶ
1673 936 1770 1006 τὴν
1807 937 1927 988 ἐπι-

355 1023 550 1093 θυμίαν
577 1022 901 1092 ἐλεγχούσης
924 1023 1179 1095 ἀνόνητον
1197 1041 1210 1053 ·
1237 1027 1293 1078 τί
1313 1025 1418 1096 γὰρ
1438 1026 1639 1079 εἴποιεν
1661 1026 1725 1080 ἄν
1748 1043 1920 1092 τινες;

366 1114 650 1167 Ἐπέλιπον
676 1115 732 1167 αἱ
756 1114 1090 1184 καθήκουσαι
1113 1115 1408 1186 φροντίδες,
1429 1116 1512 1169 ἵνα
1545 1119 1654 1180 τοῖς
1676 1117 1921 1185 ματαίοις

352 1205 626 1274 λογισμοῖς
663 1206 1194 1276 προσασχολήσωμεν
1232 1206 1330 1276 τὴν
1359 1205 1621 1270 διάνοιαν,
1665 1205 1918 1274 πλοῦτον,

353 1295 448 1348 καὶ
474 1293 808 1356 δυναστείαν,
841 1295 932 1348 καὶ
957 1295 1134 1360 δόξαν,
1166 1295 1258 1347 καὶ
1293 1294 1392 1366 τὴν
1423 1296 1572 1364 παρὰ
1597 1295 1810 1358 πολλοῖς
1837 1314 1920 1349 νο⁶

355 1386 651 1458 μιζομὲνην
683 1385 974 1456 εὐκληρίαν
1017 1386 1410 1456 φανταζόμενοι
1439 1425 1452 1448 ,
1512 1386 1816 1458 διώρθωται
1855 1387 1921 1438 τὰ

351 1478 478 1547 ἤθη,
533 1478 898 1531 ὑποτέτακται
945 1478 1012 1531 τὰ
1061 1477 1243 1546 πάθη,
1289 1477 1441 1530 οὐδὲν
1495 1477 1831 1546 πλημμελῶς
1886 1479 1918 1548 ἡ

349 1570 599 1638 αἴσθησις
649 1572 885 1640 ἐνεργεῖ,
941 1569 1306 1637 ὲξωμάλισται
1370 1567 1438 1620 τὰ
1486 1567 1585 1635 τῆς
1636 1569 1920 1638 προκοπῆς

350 1660 486 1729 πρὸς
530 1660 590 1713 τὸ
624 1659 864 1721 εὔκολον,
917 1659 1031 1723 ’ἐξις
1061 1661 1191 1728 ἡμῖν
1219 1662 1250 1727 ὴ
1303 1659 1535 1728 ἄσκησις
1563 1658 1808 1726 γέγονεν,
1844 1660 1918 1710 εί·

351 1755 517 1823 ρήνην
546 1752 664 1818 ἄγει
695 1755 727 1821 ή
765 1750 963 1821 καρδία
992 1750 1202 1819 βαθεῖα,
1253 1751 1525 1803 πέπαυται
1565 1751 1632 1802 τὰ
1673 1749 1773 1818 τῆς
1811 1751 1916 1818 μά-

2030 575 2287 644 gaudium
2327 579 2378 630 in
2429 577 2656 632 Domino
2686 580 2986 642 stabilitur,
3030 588 3086 632 ut
3117 579 3229 647 ipse
3262 582 3604 635 animadver—

2031 667 2091 721 tit
2110 666 2337 734 Paulus;
2357 651 2479 724 illos
2494 673 2662 734 enim,
2683 686 2821 740 quos
2845 672 2981 725 bona
2999 673 3230 726 delectat
3247 676 3599 738 conscientia,

2029 758 2294 822 hortatur,
2318 759 2539 812 dicens:
2574 777 2592 808 ι
2627 757 2866 813 Gaudete
2895 761 2946 812 in
2972 761 3201 814 Domino
3237 777 3450 830 semper
3473 763 3540 816 ⁷³.
3579 783 3594 814 ι

2031 849 2228 902 Verum
2263 850 2514 904 animalis
2561 858 2646 904 est
2689 850 2936 918 quaedam
2982 851 3215 915 affcctio,
3263 853 3600 906 daemonibus

2026 940 2206 1009 potius
2233 940 2583 1006 conveniens,
2622 955 2745 1008 qua;
2779 941 2981 993 nullam
3034 955 3096 994 ex
3131 942 3348 995 aeternis
3401 943 3604 1009 depen-

2025 1029 2264 1083 dentiam
2308 1030 2497 1094 habet,
2528 1046 2652 1084 cum
2685 1040 3108 1100 corrumpantur
3159 1031 3466 1085 materiales
3501 1033 3600 1084 hu-

2025 1139 2200 1177 manze
2218 1125 2427 1189 sordes,
2455 1133 2509 1178 ct
2540 1124 2886 1194 CUpiditatem
2912 1125 3286 1178 demonstrent
3318 1124 3595 1189 inutilem;

2022 1215 2214 1283 ecquid
2239 1216 2384 1268 enim
2433 1215 2601 1285 aliqui
2655 1215 2893 1270 dicerent
2937 1234 2948 1268 :
2995 1213 3322 1268 Defecerunt
3364 1213 3597 1282 (forsan)

2025 1304 2193 1358 nostri
2247 1304 2494 1359 muneris
2543 1319 2716 1368 curae,
2769 1305 2842 1357 ita
2877 1313 2935 1358 ut
2983 1304 3406 1373 cogitationibus
3445 1305 3598 1358 vanis

2023 1394 2322 1449 debeamus
2365 1403 2596 1448 mentem
2627 1409 2914 1464 occupare,
2963 1395 3351 1465 imaginatione
3392 1397 3600 1450 scilicet

2022 1484 2393 1552 pervolventes
2429 1483 2666 1547 divitias,
2704 1483 3060 1550 dominatum,
3099 1485 3328 1554 gloriam
3358 1495 3412 1540 et
3437 1487 3596 1556 quid-

2019 1571 2146 1640 quid
2183 1572 2338 1626 multi
2381 1589 2692 1642 prosperam
2727 1575 2999 1627 fortunam
3033 1576 3376 1629 existimant?
3405 1577 3594 1632 Emen-

2024 1664 2132 1717 dati
2167 1674 2293 1718 sunt
2327 1664 2533 1735 (igitur)
2563 1679 2766 1728 mores,
2815 1664 3070 1719 concitati
3121 1665 3346 1720 allectus
3385 1669 3590 1722 subacti

2019 1760 2167 1817 sunt,
2201 1753 2274 1804 nil
2303 1767 2496 1806 sensus
2527 1752 2636 1821 agit
2669 1753 3044 1822 incomposite,
3083 1756 3438 1820 couulanalae
3468 1766 3595 1811 sunt

344 1860 445 1923 λης
474 1845 624 1912 ἡμῖν,
655 1844 688 1912 ἡ
727 1843 861 1912 πρὸς
887 1843 984 1904 τὰς
1009 1841 1202 1911 ἀρχὰς,
1231 1842 1324 1894 καὶ
1353 1843 1450 1904 τὰς
1476 1839 1724 1904 ἐξουσίας
1755 1857 1906 1892 κατα·

2023 1842 2120 1895 νὶιυ
2137 1857 2462 1912 progressus
2496 1843 2561 1896 ad
2588 1843 2929 1909 facilitatem;
2963 1845 3218 1898 diuturna
3248 1845 3408 1915 302
3437 1863 3592 1901 exer—

343 1935 557 1988 λέλυται
583 1935 725 2003 πάλη
752 1951 765 1963 ·
801 1932 1035 1994 σπονδὰς
1066 1932 1216 1984 ἔθετο
1239 1931 1372 2001 πρὸς
1402 1931 1462 1984 τὴ
1490 1930 1706 2000 πνεῦμα
1737 1933 1769 2000 ή
1797 1933 1915 1982 κατ’

340 2025 506 2081 αὐτοῦ
539 2023 818 2094 δυσμενῶς
852 2023 1166 2093 διακειμένη
1201 2022 1356 2093 σὰρξ,
1374 2023 1474 2076 οὐκ
1503 2021 1583 2074 ἔτι
1617 2021 1913 2092 στρατεύε-

340 2131 426 2167 ται
484 2113 623 2184 αὐτη
655 2112 796 2166 κατὰ
829 2112 922 2165 τοῦ
957 2111 1290 2182 πνεύματος,
1316 2111 1453 2174 ὅλως
1479 2110 1778 2180 νενίκηται,
1821 2112 1915 2164 καὶ

337 2201 621 2276 τὴνῆτταν
649 2205 898 2275 ὁμολογεῖ
922 2203 1255 2256 δουλεύσασα
1288 2203 1363 2265 ὡς
1397 2202 1758 2272 αἰχμάλωτος.
1791 2201 1916 2255 Συν-

337 2297 569 2365 εκόψατε
598 2297 697 2360 τὰς
741 2296 1017 2366 μαχαίρας
1048 2297 1126 2358 είς
1169 2294 1403 2364 ἄροτρα,
1440 2295 1534 2346 καὶ
1562 2293 1659 2356 τὰς
1691 2293 1913 2358 ζιϐύνας

337 2391 417 2451 είς
440 2389 703 2460 δρέπανα,
721 2387 790 2440 τὰ
811 2387 1080 2457 πολεμικὰ
1101 2386 1235 2456 ἔργα
1257 2387 1580 2455 ποιήσαντες
1605 2385 1691 2439 διὰ
1716 2384 1912 2456 πολλὴν

335 2481 558 2550 εἰρήνην
613 2478 780 2548 σκεύη
813 2477 1132 2548 γεωργικά*
1187 2475 1577 2546 ἁναπαυόμεθα
1628 2475 1768 2528 κατᾶ
1813 2476 1912 2545 τὴν

335 2572 487 2626 θείαν
515 2573 808 2641 ὑπόσχεσιν
841 2570 1071 2633 ἕκαστος
1120 2569 1223 2623 ὑπὸ
1272 2570 1420 2622 κάτω
1466 2567 1710 2638 ἀμπέλου
1745 2568 1910 2620 αὐτοῦ

333 2663 749 2732 εὐφραινόμενοι
786 2664 876 2715 ἐπὶ
899 2665 1009 2722 τοῖς
1039 2661 1220 2731 ἔργοις
1250 2660 1356 2714 τῶν
1384 2659 1583 2730 χειρῶν
1611 2659 1787 2729 ήμῶν,
1817 2659 1910 2712 καὶ

332 2755 426 2808 ἐπὶ
466 2755 576 2808 τῶν
603 2754 800 2808 κοιτῶν
845 2751 1266 2822 ἀγαλλιώμενοι,
1317 2751 1556 2814 οὐδενὺς,
1607 2749 1907 2819 οὐδαμόθεν

329 2846 630 2916 ὀχλοῦντος,
685 2846 744 2898 οὐ
795 2844 1020 2906 πάθους,
1075 2846 1136 2896 οὐ
1189 2842 1498 2911 πνεύματος
1531 2841 1628 2910 τῆς
1673 2842 1906 2893 ἀντικει-

334 2938 502 3008 μένης
535 2937 816 3006 δυνάμεως
858 2937 955 3006 τῆς
986 2934 1281 3003 ἐπιθυμίας
1322 2933 1719 3002 ἀναφλέγοντος
1768 2931 1906 3002 πρὸς

329 3031 396 3084 τὰ
423 3032 552 3100 ἡμῖν
585 3027 833 3098 οὐδαμῶς
868 3028 1188 3098 ἡρμοσμένα
1236 3027 1562 3095 πράγματα.
1606 3025 1668 3077 Et
1698 3023 1753 3077 δὲ
1788 3024 1902 3084 καὶ,

330 3119 405 3180 ὼς
433 3118 670 3188 ἐίρηται,
703 3117 873 3180 οὕτως
903 3113 1014 3187 εἶχε
1061 3117 1128 3168 τὰ
1167 3116 1288 3168 καθ’
1334 3117 1482 3185 ἡμᾶς
1529 3113 1774 3180 ἀπαθῶς,
1811 3115 1904 3168 καὶ

329 3209 570 3280 γαλήνην
617 3208 834 3279 εἴχομεν
864 3209 973 3261 τῶν
1011 3207 1296 3279 ταράττειν
1328 3207 1593 3259 εἰωθότων
1633 3206 1722 3258 τὸν
1756 3205 1900 3272 νοῦν,

332 3302 424 3352 καὶ
458 3300 659 3369 πάσης,
689 3300 832 3352 κατὰ
861 3299 986 3362 τοὺς
1019 3297 1188 3352 πάλαι
1219 3296 1425 3365 ἁγίους,
1459 3293 1600 3367 ἦμεν
1635 3295 1900 3365 ἀνώτεροι

331 3391 600 3461 κοσμικῆς
626 3377 946 3460 ἐπιθυμίας,
996 3389 1096 3443 ποῦ
1128 3392 1396 3460 χρήσιμος
1425 3390 1554 3459 ἡμῖν
1582 3389 1616 3458 ή
1653 3388 1758 3440 τῶν
1799 3405 1902 3457 μα-

326 3482 494 3535 ταίων
543 3481 786 3552 φροντὶς,
835 3480 928 3532 καὶ
960 3481 1344 3550 περισπασμὸς
1373 3480 1507 3532 οὖσα
1541 3481 1766 3543 εἰκαῖος,
1809 3481 1902 3533 καλ¹

325 3573 394 3626 τὰ
425 3572 833 3642 σπουδαζόμενα
863 3574 963 3626 οὐκ
1001 3571 1266 3635 ἁνύουσα;
1312 3571 1498 3642 (Οὐδὲν
1521 3571 1628 3642 γὰρ
1656 3571 1764 3623 τῶν
1799 3571 1898 3623 οὐκ

326 3663 411 3730 ἐφ’
433 3664 562 3732 ημῖν
583 3663 825 3733 ἡμετέρᾳ
844 3664 1052 3730 γίνεται
1076 3661 1483 3732 ὲντρεχείᾳ,κᾶν
1508 3661 1902 3731 ὐπερταθῶμεν

325 3754 461 3823 πρὸς
490 3753 587 3824 τὴν
615 3754 804 3824 κτῆσιν
834 3755 997 3807 αὐτοῦ
1027 3757 1091 3824 τῇ
1148 3753 1470 3824 προθυμίᾳ.)
1515 3754 1776 3826 Προνοίας
1804 3754 1902 3820 τῆς

325 3845 390 3898 τὰ
423 3845 544 3897 καθ’
579 3847 724 3915 ἡμᾶς
751 3847 1141 3916 οίκονομούσης
1167 3845 1292 3898 ὄντα
1323 3845 1642 3915 δωρήματα,
1673 3846 1766 3898 καὶ
1791 3845 1888 3897 οὐκ

323 3937 670 4007 ἀνθρωπίνης
706 3936 842 4006 ἔργα
874 3937 1130 4006 σπουδῆς.

2017 1934 2200 1987 citatio
2229 1935 2393 2004 quasi
2441 1934 2662 1989 habitus
2715 1937 2766 1988 in
2812 1936 2965 1989 nobis
2995 1936 3200 2000 evasit;
3233 1952 3326 1990 cor
3369 1936 3594 2004 profun-

2017 2025 2146 2078 dum
2181 2025 2377 2079 fruitur
2413 2043 2571 2094 pace;
2605 2038 2790 2096 pacata
2825 2038 2947 2080 sunt
2975 2045 3093 2096 qmc
3122 2042 3221 2081 nos
3256 2029 3319 2082 ad
3359 2043 3590 2096 pugnam

2015 2117 2263 2182 ciebant;
2297 2127 2568 2170 certamen
2618 2119 2770 2170 lucta:
2813 2128 3000 2170 contra
3035 2118 3367 2186 principatus
3395 2128 3448 2172 et
3492 2133 3591 2187 po-

2021 2215 2246 2260 testates
2280 2207 2609 2260 dissolutum
2664 2215 2778 2272 est;
2827 2207 3072 2261 inducias
3120 2209 3422 2276 composuit
3465 2224 3590 2264 cum

2017 2295 2211 2362 spiritu
2268 2310 2390 2363 qua:
2438 2305 2622 2350 c0ntra
2682 2303 2858 2365 ipsum
2915 2297 3283 2351 inhumaniter
3331 2299 3590 2367 disposita

2013 2395 2130 2438 erat
2165 2399 2294 2439 caro
2323 2405 2336 2439 :
2372 2400 2478 2439 non
2510 2387 2743 2455 amplius
2772 2389 3034 2442 adversus
3066 2389 3317 2457 spiritum
3348 2405 3410 2443 ea
3443 2389 3588 2442 mili-

2012 2483 2110 2536 tat,
2146 2474 2242 2528 fuit
2281 2476 2503 2529 omnino
2527 2476 2756 2541 devicta,
2786 2481 3132 2547 serviensque
3160 2479 3322 2532 veluti
3354 2479 3585 2547 captiva,

2012 2563 2209 2619 fatetur
2243 2581 2300 2620 se
2339 2567 2690 2622 succubuisse
2731 2586 2742 2620 :
2789 2568 3114 2623 Concidistis
3164 2569 3372 2636 gladios
3405 2569 3458 2622 in
3493 2584 3581 2624 vo-

2013 2673 2208 2722 meres,
2246 2667 2297 2712 et
2331 2659 2543 2713 lanceas
2572 2659 2623 2712 in
2654 2659 2821 2714 falces
2848 2661 2920 2724 τί,
2970 2670 3186 2730 propter
3232 2677 3418 2730 pacem
3453 2662 3588 2713 mul-

2012 2758 2121 2802 tam
2149 2750 2336 2804 bellica
2359 2767 2518 2820 opera
2537 2750 2738 2805 fecistis
2761 2751 3119 2805 instrumenta
3136 2751 3482 2822 agriculturae
3571 2767 3585 2804 :

1993 2841 2433 2910 requiescimus,
2466 2841 2616 2909 juxta
2646 2841 2884 2894 divinam
2935 2841 3371 2909 promissionem,
3419 2854 3589 2892 unus-

2006 2933 2236 3001 quisque
2263 2932 2362 2986 sub
2398 2935 2427 2983 li
2467 2947 2497 2983 ιι
2535 2947 2633 2984 sua
2657 2971 2670 2993 ,
2706 2941 2756 2984 et
2800 2931 2902 2986 sub
2949 2932 3238 3000 vitesua",
3255 2929 3502 2984 delectati
3533 2929 3587 2984 in

2007 3037 2266 3075 manuum
2301 3030 2608 3074 nostrarum
2651 3021 2926 3089 operibus,
2974 3029 3028 3074 et
3058 3024 3110 3073 in
3150 3021 3420 3075 cubilibus
3454 3036 3586 3090 gau-

2007 3111 2196 3166 dentes
2224 3112 2288 3176 ⁷⁸,
2321 3111 2537 3164 nemine
2585 3111 2855 3164 ullatenus
2896 3111 3266 3179 perturbante,
3305 3126 3412 3164 non
3461 3126 3586 3180 pas-

2009 3202 2184 3265 sione,
2220 3216 2326 3255 non
2359 3201 2553 3270 spiritu
2588 3203 2840 3270 potentia:
2888 3203 3178 3257 contrariae
3212 3203 3580 3256 inflammante

2003 3308 2196 3347 rursus
2225 3292 2290 3346 ad
2322 3306 2382 3346 ea
2425 3293 2662 3360 negotia,
2691 3308 2813 3363 quae
2853 3293 3010 3347 nobis
3057 3293 3206 3346 nullo
3257 3292 3418 3346 modo
3455 3304 3582 3347 sunt

2003 3398 2146 3456 apta.
2179 3386 2234 3443 Si
2267 3403 2413 3453 vero,
2436 3390 2511 3442 uti
2541 3389 2742 3443 dictum
2777 3399 2879 3455 ρει,
2914 3405 2999 3444 res
3034 3399 3233 3444 nostra:
3264 3389 3582 3459 impassihi-

2004 3479 2125 3534 liter
2141 3496 2198 3534 sc
2215 3480 2502 3546 habebant,
2525 3482 3022 3552 trantptillitatequc
3041 3482 3355 3536 fruebamur
3370 3497 3582 3544 eorum,

2005 3587 2127 3640 qua:
2163 3573 2406 3626 solebant
2443 3575 2761 3642 perturbare
2790 3573 3144 3637 intellectum,
3175 3584 3226 3626 et
3257 3573 3580 3643 (secundum

2005 3663 2309 3717 institutum
2349 3672 2586 3718 veterum
2637 3662 2970 3733 sanctorum)
3011 3678 3231 3718 eramus
3284 3663 3430 3716 omni
3480 3663 3580 3715 hu-

2007 3767 2164 3804 mana
2195 3752 2637 3820 concupiscentia
2672 3753 3004 3822 superiores,
3040 3753 3106 3806 ad
3139 3752 3268 3822 quid
3304 3753 3460 3805 nobis
3493 3750 3578 3803 fn-

2006 3843 2178 3895 tilimn
2210 3858 2388 3896 rerum
2421 3858 2548 3896 cura
2581 3844 2685 3897 crit
2727 3845 2894 3908 utilis,
2930 3859 3051 3913 qua:
3091 3859 3228 3898 vana
3268 3853 3351 3898 est
3380 3844 3584 3897 abstra-

2005 3938 2140 3999 ctio,
2183 3945 2240 3989 et
2275 3950 2396 4004 quae
2426 3936 2668 3990 studiose
2711 3945 3058 4004 appetuntur,
3088 3953 3192 3991 non
3229 3935 3436 4006 perficit
3479 3934 3582 3997 (ni-

326 4029 401 4082 hil
432 4029 581 4082 enim
613 4043 800 4081 eorum
834 4042 952 4097 quae
999 4043 1104 4081 non
1140 4036 1264 4082 sunt
1299 4028 1351 4081 in
1399 4036 1582 4081 nostra
1619 4035 1903 4094 potestate,
1945 4029 2161 4098 propria
2222 4028 2450 4080 ellicitur
2475 4027 2760 4092 industria,
2795 4037 2847 4081 et
2879 4027 2925 4081 si
2957 4028 3020 4083 ad
3049 4028 3097 4081 id
3153 4026 3572 4096 coritparandmn

324 4135 486 4188 supra
511 4119 732 4190 modum
765 4117 934 4171 animi
957 4119 1351 4172 contendamus
1382 4117 1731 4188 alacritate)?
1760 4123 1894 4173 Cum
1935 4134 1997 4174 ea
2023 4120 2132 4172 sint
2193 4117 2549 4171 Providentia:
2579 4120 2718 4171 dona
2755 4118 2819 4171 ad
2864 4134 2963 4172 nos
3031 4121 3329 4187 Spectantia
3379 4120 3584 4187 gttln'r-

323 4212 525 4274 nantis,
558 4220 612 4266 et
640 4226 746 4264 non
783 4210 1007 4264 humani
1037 4224 1200 4278 opera
1229 4211 1415 4266 studii.

892 4322 1142 4375 ιιιεειτΑΑ.
1176 4321 1318 4388 Ναί.

392 4435 503 4486 Καὶ
529 4433 616 4486 διὰ
658 4433 815 4486 τοῦτο
844 4432 980 4502 πρὸς
1016 4432 1144 4496 τοὺς
1182 4431 1390 4496 εἰδότας
1430 4433 1605 4497 καλῶς
1651 4435 1889 4500 ἀκούειν,

320 4527 349 4580 ὁ
370 4525 568 4596 Κύριός
591 4541 742 4594 φησι·
768 4543 785 4575 ι
815 4526 910 4587 Τίς
931 4524 988 4588 ἐξ
1010 4524 1160 4594 ὑμῶν
1189 4526 1470 4596 μεριμνῶν
1485 4526 1703 4580 δύναται
1727 4544 1894 4598 προσ-

2589 4312 2817 4368 CAPUT
2855 4312 2984 4367 LVI.

2073 4430 2138 4484 Et
2171 4445 2288 4483 eam
2321 4427 2390 4482 ob
2426 4444 2536 4480 rem
2570 4427 2634 4480 ad
2680 4442 2790 4489 eos,
2827 4430 2918 4498 qui
2962 4431 3093 4484 bene
3132 4433 3438 4486 auscultare
3478 4448 3578 4487 no-

2003 4533 2128 4576 runt
2169 4521 2427 4575 Dominus
2460 4520 2588 4574 dicit
2623 4538 2634 4572 :
2671 4538 2686 4569 ι
2716 4519 2849 4585 Quis
2873 4537 2938 4574 ex
2964 4521 3118 4575 vobis
3143 4521 3302 4590 303
3334 4523 3576 4591 cegitans

321 4616 490 4670 θεῖναι
525 4616 614 4668 ῐιπλ⁵
645 4615 740 4685 τὴν
774 4614 988 4684 ἡλικίαν
1024 4613 1189 4668 αὐτοῦ
1220 4615 1398 4686 πῆχυν
1441 4616 1555 4680 ἕνα,
1586 4635 1604 4668 ι
1655 4617 1732 4688 τῷ
1761 4621 1893 4690 ἀνη-

2013 4621 2166 4667 totesl
2185 4612 2416 4681 adjicere
2441 4611 2505 4663 ad
2529 4619 2790 4663 staturam
2815 4627 2968 4664 suam
2995 4613 3230 4680 palmum
3255 4613 3521 4665 unum”?
3551 4631 3569 4662 ›

321 4707 462 4777 νύτῳ
496 4711 592 4777 τῆς
623 4708 891 4778 μερίμνης
917 4708 1122 4776 ταύτης
1151 4710 1329 4761 πᾶσαν
1362 4709 1632 4779 μέριμναν
1659 4711 1890 4776 δεικνὺς,

317 4801 436 4870 ἥτις
463 4801 537 4870 μὴ
561 4803 625 4870 τῇ
658 4799 899 4870 ἡμετέρα
927 4801 1097 4870 πέρας
1123 4800 1386 4870 λαμϐάνει
1409 4801 1633 4870 σπουδῇ,
1661 4802 1894 4868 ματαίαν

319 4891 416 4944 καὶ
445 4891 615 4954 ὅντως
660 4893 941 4961 ἀνήνυτον,
990 4891 1425 4962 μετεωρίζουσαν
1459 4890 1641 4952 ἁπλῶς
1683 4891 1771 4943 τὸν
1804 4891 1891 4943 λο-

320 4980 534 5050 γισμὸν,
569 4981 666 5034 καὶ
699 4981 794 5051 τῆς
820 4981 1053 5051 ἀληθοῦς
1085 4980 1558 5034 ἀποϐουκολοῠσαν
1592 4981 1891 5049 φροντίδος,

317 5066 468 5120 οὐδὲν
513 5068 568 5121 δὲ
614 5069 722 5121 τῶν
770 5069 1296 5140 όνειροπολουμένων
1350 5069 1697 5141 περιποιῆσαι
1733 5069 1892 5121 δυνα-

322 5157 488 5228 μένην
520 5160 1079 5232 τινὶ,ὀνειρώττουσαν
1111 5162 1168 5213 ἐν
1197 5161 1310 5223 τοῖς
1343 5160 1708 5230 φαιδροῖςκαὶ
1744 5159 1892 5231 ὕπαρ

319 5249 480 5319 κενὴν
522 5249 630 5302 τῶν
687 5250 996 5319 φαντασιῶν
1041 5250 1136 5320 τὴν
1191 5250 1380 5306 ἐλπίδα
1428 5251 1755 5321 ὲλέγχονσαν
1805 5253 1894 5305 ἀεὶ

317 5347 445 5407 τοῖς
467 5345 713 5413 ματαίοις
743 5345 1022 5416 ένθυμίοις
1051 5345 1494 5416 ὲνευκαιροῢσαν,
1535 5347 1628 5400 καὶ¹
1654 5346 1798 5418 ἔργῳ
1825 5348 1893 5401 τὰ

319 5433 547 5504 ὲνθύμια
579 5435 882 5505 βλέπουσαν
913 5436 1349 5502 οὐδέποτε,κατὰ
1397 5437 1494 5509 τὴν
1535 5436 1629 5491 τοῦ
1663 5438 1885 5491 Ἡσαΐου

318 5526 629 5598 παραϐολήν
657 5531 714 5582 ὲν
809 5547 1004 5600 φησιν’
1047 5549 1064 5582 ι
1097 5531 1193 5582 Ὃν
1227 5530 1424 5601 τρόπον
1452 5529 1834 5593 ἐνυπνιάζεται
1862 5534 1888 5584 ὁ

315 5615 502 5685 διψῶν,
532 5617 606 5680 ὠς
632 5619 821 5684 πίνων,
849 5621 941 5672 καλ⁸
971 5621 1267 5685 ἐξαναστὰς
1299 5621 1377 5674 ἔτι
1403 5621 1528 5691 διψᾷ
1556 5639 1569 5654 ·
1601 5624 1632 5692 ή
1662 5621 1716 5674 δὲ
1743 5622 1886 5692 ψυχὴ

386 5773 679 5842 "Philipp.
720 5791 791 5838 tv,
826 5776 876 5828 4.
955 5779 998 5808 7"
1051 5778 1148 5832 lsa.
1183 5795 1239 5842 ιι,
1283 5779 1333 5831 4.

1413 5781 1454 5810 ⁷⁵
1485 5777 1551 5833 lll
1585 5777 1713 5850 Reg.
1752 5795 1820 5844 tv,
1855 5779 1944 5833 ‘23.

2008 4704 2304 4758 ostendens
2331 4741 2345 4764 ,
2397 4699 2542 4769 quod
2593 4700 2753 4754 sicuti
2813 4701 3070 4772 cogitatio
3105 4701 3220 4756 haec
3259 4701 3434 4754 inanis
3471 4711 3572 4765 est,

2005 4811 2128 4863 quae
2158 4793 2362 4846 nullum
2394 4792 2554 4846 habet
2605 4801 2793 4845 nostro
2825 4793 3006 4847 studio
3048 4794 3233 4856 finem,
3271 4792 3350 4846 sic
3396 4793 3575 4847 omnis

2003 4900 2133 4940 cura
2169 4901 2302 4938 vana
2337 4893 2440 4946 est,
2471 4900 2535 4938 ac
2573 4901 2700 4938 vere
2725 4885 2989 4950 ineftieax,
3017 4901 3139 4957 qua:
3164 4901 3380 4942 sursum
3404 4887 3575 4940 extol-

2004 4979 2059 5031 lit
2095 4975 2590 5038 ratiocinationem,
2629 4977 2956 5046 abducitque
2975 4992 3004 5030 a
3029 4993 3151 5031 vera
3176 4975 3569 5038 sollicitudine;

2003 5069 2096 5121 sed
2140 5083 2240 5122 nec
2272 5075 2451 5137 potest
2497 5066 2657 5119 alicui
2703 5067 3000 5136 quidquam
3050 5084 3236 5121 eorum
3270 5067 3570 5136 acquirere.

1999 5177 2119 5230 quae
2147 5161 2430 5216 somniarit
2465 5161 2576 5229 ipse
2609 5162 2849 5230 :quippe
2878 5176 2999 5231 qua:
3038 5178 3233 5218 somno
3263 5162 3480 5232 quidem
3515 5163 3568 5215 in

1997 5255 2401 5308 delectabilibus
2433 5265 2696 5318 versatur,
2723 5265 2777 5308 at
2808 5270 2940 5310 vera
2975 5255 3182 5312 visione
3211 5270 3403 5309 vanam
3428 5270 3573 5310 com-

2005 5350 2146 5418 perit
2187 5364 2335 5417 spem
2381 5348 2850 5418 imaginationum,
2888 5347 3148 5402 continuo
3197 5346 3443 5402 futilibus
3475 5360 3569 5398 va-

1997 5453 2083 5494 cat
2105 5441 2550 5509 cogitationibus,
2598 5441 2806 5509 istaque
2833 5441 3067 5510 cogitata
3099 5454 3376 5508 nunquam
3408 5450 3568 5506 opere

1996 5532 2136 5584 videt
2165 5532 2406 5587 absoluta
2437 5533 2605 5602 (juxta
2635 5533 2780 5588 Isaia:
2812 5532 3149 5602 parabolam)
3178 5534 3230 5586 in
3254 5547 3361 5601 qua
3389 5529 3522 5584 dicit
3551 5545 3563 5580 :

2003 5643 2019 5674 ι
2044 5623 2106 5676 Ει
2140 5626 2279 5678 sicut
2312 5625 2546 5680 somniat
2579 5625 2789 5688 sitiens,
2821 5625 2974 5695 quasi
3009 5625 3173 5690 bibat,
3198 5633 3246 5679 et
3279 5633 3566 5694 postquam

3551 5699 3576 5722 0

2024 5781 2067 5811 7"
2095 5779 2236 5834 i’sal.
2263 5796 2441 5844 (λιιι,
2487 5782 2534 5834 ὃ.
2615 5784 2656 5812 ⁷⁷
2691 5781 2875 5837 Matth.
2910 5800 2980 5844 \‘l,
3012 5781 3113 5845 “37;
3149 5780 3276 5838 Luc.
3321 5797 3414 5845 xn,
3473 5777 3561 5834 25.
