3956 6206
448 308 584 373 1343

1936 324 1994 383 S.
2035 326 2194 385 NIIJ

3574 338 3717 401 1044

450 421 610 475 fuerit
660 419 1096 489 expergefactus,
1150 423 1328 478 lassus
1357 424 1536 479 adhuc
1567 425 1697 492 sitit,
1753 438 1806 479 et
1838 432 1995 483 anim;

2127 434 2290 487 αὑτοῦ
2324 436 2403 498 είς
2435 437 2588 489 κενὸν
2631 438 2848 509 ἡλπισε.
2900 460 2917 492 ι
2982 443 3235 498 Τοιοῦτον
3266 444 3371 517 γὰρ
3399 448 3431 516 ἠ
3460 450 3574 501 τῶν
3608 471 3721 520 μα-

442 512 559 580 ejus
599 525 767 564 vacua
811 520 928 575 est;
965 515 1197 581 speravit
1238 514 1290 567 in
1333 531 1528 570 vaumn
1567 518 1633 570 ⁷⁸.
1667 536 1683 567 ι
1744 517 1833 572 Sic
1873 522 2015 574 enim

445 616 708 654 vanorum
757 616 881 671 spes
919 605 1166 673 voluptas
1212 607 1460 674 quzedam
1492 618 1576 661 est
1608 611 1855 663 nocturni
1889 626 2020 665 con-

442 691 593 755 vivii,
619 692 1146 760 deceptionesomnii
1167 698 1464 759 oblectaus,
1494 707 1548 751 et
1576 714 1851 768 nunquam
1884 716 2012 767 prie-

444 780 577 834 bcus
611 782 990 837 delectationis
1029 786 1351 841 existimatze
1399 789 1564 841 ullam
1601 791 2014 857 experientiam.

441 871 550 925 Cur
589 874 754 941 igitur
792 889 913 942 quae
939 884 1121 929 nostra
1147 892 1250 930 non
1284 889 1411 931 sunt
1442 880 1657 934 assidue
1692 882 2014 951 c0gitamus,

443 964 667 1031 perinde
716 978 780 1017 ac
830 972 1036 1028 nostra,
1071 975 1125 1019 et
1169 966 1343 1022 aliena
1399 970 1475 1023 uti
1512 972 1727 1039 propria
1778 975 2019 1028 studiose

446 1055 851 1123 prosequimur,
891 1063 1105 1125 tempus
1142 1057 1494 1127 inspectiouis
1527 1075 1711 1116 rerum
1768 1079 2019 1119 necessa-

446 1145 654 1198 riarum
687 1147 836 1200 vanis
857 1147 1193 1205 insumentes
1233 1150 1284 1205 in
1305 1151 1727 1222 cogitationibus
1752 1156 1775 1208 ?
1796 1156 2019 1225 Oportet

440 1248 591 1302 ergo,
639 1234 686 1287 si
717 1245 1002 1291 cessarunt
1033 1238 1132 1308 (uti
1164 1244 1471 1313 censemus)
1503 1245 1805 1313 passiones,
1846 1250 2017 1302 elam-

438 1338 543 1391 que
572 1337 920 1381 recesserunt
944 1331 1172 1399 spiritus
1202 1335 1444 1399 malitiae,
1472 1338 1565 1406 qui
1594 1337 2014 1408 insidiabantur,

437 1415 638 1481 gratias
668 1416 722 1471 in
764 1420 1106 1477 orationibus
1133 1439 1291 1494 agere
1340 1428 1559 1482 assidua
1602 1432 1861 1486 memoria
1908 1432 2015 1489 Do-

440 1510 589 1564 mino
632 1510 872 1578 Christo,
910 1516 1003 1583 qui
1054 1532 1153 1571 nos
1196 1520 1260 1571 ad
1307 1521 1451 1576 hunc
1489 1533 1688 1578 statum
1732 1516 2012 1595 perduiit;

442 1599 526 1651 vix
555 1601 697 1653 enim
731 1603 886 1657 nobis
915 1614 1084 1660 totum
1116 1618 1327 1676 tempus
1357 1611 1607 1677 suﬁiciet,
1640 1631 1763 1670 cum
1807 1618 1873 1671 ad
1914 1619 2017 1675 hoc

440 1692 509 1744 sit
537 1704 824 1763 angustum
848 1706 901 1749 et
932 1697 1113 1762 breve,
1139 1702 1203 1755 ad
1232 1704 1645 1760 retributionem
1698 1710 1907 1764 scilicet
1952 1712 2016 1766 il-

442 1785 639 1848 lorum,
673 1802 792 1855 qua:
826 1790 1139 1858 recipimus,
1173 1795 1560 1852 beneﬁciorum
1586 1803 2008 1885 quotidie;eum
2046 1787 2085 1841 Β

440 1874 628 1929 nosiis
664 1880 824 1932 rebus
863 1882 1193 1939 excelsiores
1236 1885 1495 1952 eﬁecerit,
1549 1906 1669 1959 qua:
1714 1874 2010 1962 permultos

435 1964 722 2020 aﬁlictant.
764 1969 897 2023 Nam
936 1974 979 2026 si
1020 1990 1116 2043 per
1157 1986 1449 2048 utrumque
1500 1983 1656 2049 spatii
1696 1991 2011 2055 temporarii

434 2058 745 2121 terminum,
782 2062 921 2116 diem
968 2066 1186 2135 inquam
1232 2079 1287 2124 et
1338 2081 1551 2127 noctem
1602 2073 1768 2130 David
1812 2093 2007 2147 percu-

434 2152 510 2214 pit
535 2142 601 2211 7’,
643 2151 859 2222 utlegis
900 2158 1118 2213 assidue
1148 2160 1311 2233 304
1342 2164 1672 2221 meditationi
1721 2142 2003 2225 incumba-

434 2255 577 2301 mus,
610 2252 663 2296 ct
704 2243 998 2313 legislator,
1021 2260 1078 2303 ut
1109 2251 1161 2304 id
1192 2253 1366 2322 ipsum
1400 2254 1696 2313 faciamus:
1733 2279 1750 2310 ι
1782 2260 2003 2316 Medita-

433 2330 573 2385 lteris
596 2333 648 2387 in
670 2350 730 2389 ea
760 2336 956 2409 (aiens)
980 2343 1126 2396 dorni
1155 2344 1369 2411 sedens,
1411 2358 1463 2401 ct
1493 2350 1546 2403 in
1572 2351 1655 2405 via
1685 2355 2002 2420 procedens,

429 2421 483 2474 iu
536 2422 675 2480 lecto
713 2431 1064 2499 accumbens,
1102 2445 1154 2489 et
1178 2451 1476 2506 exsurgens
1510 2440 1587 2505 ⁸ο,
1626 2461 1643 2492 ι
1693 2444 1902 2498 nullum
1935 2447 2002 2501 ad

428 2514 605 2569 otium
654 2517 809 2575 nobis
845 2520 1287 2595 derelinquentes
1329 2538 1579 2599 tempus;
1620 2542 1674 2587 et
1701 2536 1843 2591 alius
1870 2577 1885 2604 ,
1944 2546 2003 2592 ut

425 2604 811 2667 henedicamus
842 2613 894 2667 in
916 2619 1064 2671 omni
1091 2627 1334 2689 tempore
1366 2620 1651 2679 Dominum
1673 2630 1893 2683 mandat
1915 2631 1959 2661 ³⁸
1985 2648 2000 2697 ;

422 2707 476 2750 et
510 2699 710 2759 Paulus
746 2706 902 2776 jubet
935 2711 979 2743 "
1010 2713 1128 2767 sine
1160 2716 1571 2775 intermissione
1604 2737 1761 2777 orare
1791 2739 2001 2794 :quan—

422 2801 534 2843 tum
572 2802 787 2865 tempus
807 2804 1071 2858 remansit
1094 2804 1160 2858 ad
1197 2810 1499 2863 vacandum
1552 2804 2000 2884 dispectionieo-

420 2894 564 2940 rum.
607 2899 728 2952 quae
759 2892 932 2944 nostri
984 2907 1091 2948 non
1146 2907 1274 2950 sunt
1318 2900 1563 2956 muneris
1588 2942 1602 2967 ,
1639 2918 1764 2957 cum
1795 2921 1995 2961 unum-

2122 526 2287 578 ταίων
2317 526 2491 591 ἐλπὶς,
2521 528 2681 600 ἡδονή
2706 529 2789 592 τίς
2838 534 2954 584 ἐστι
3000 535 3320 604 νυκτερινῆς
3354 536 3598 605 εὐωχίας
3648 546 3711 611 τῇ

2120 618 2304 690 ἀπάτῃ
2328 618 2423 670 τοῦ
2444 619 2654 689 ὀνείρου
2675 622 3065 691 εύφραίνουσα,
3095 627 3190 677 καὶ
3214 630 3412 698 πεῖραν
3433 631 3495 680 ού
3524 632 3712 683 ποιού-

2122 708 2190 759 σά
2218 725 2346 761 ποτε
2376 710 2860 782 τῆςηνομιζομένης
2886 714 3250 786 εὐφροσύνης.
3283 718 3348 770 Τί
3379 715 3475 771 οὖν
3502 721 3575 774 τὰ
3613 726 3709 789 οὑχ

2119 802 2365 869 ἡμέτερα
2398 803 2752 872 μεριμνῶμεν
2780 804 2869 857 διὰ
2901 807 3099 870 παντὸς
3126 809 3202 871 ὡς
3226 810 3491 881 ἡμέτερα,
3524 813 3626 866 καὶ
3646 816 3710 867 τὰ

2121 891 2372 963 ἀλλότρια
2399 893 2474 956 ὡς
2501 896 2671 949 οἰκεῖα
2699 898 3069 969 σπουδάζομεν
3103 900 3193 953 τὸν
3225 904 3416 973 καιρὸν
3445 906 3549 974 τῆς
3586 909 3711 959 σκέ-

2119 984 2262 1051 ψεως
2284 986 2393 1041 τῶν
2424 988 2739 1056 ἀναγκαίων
2764 991 3251 1059 προσδαπανῶντες
3278 1001 3389 1059 τοῖς
3409 1001 3602 1061 κενοῖς
3625 1003 3708 1052 ὲν-

2121 1074 2367 1144 θυμίοις;
2422 1078 2594 1148 Εἴπερ
2625 1078 2925 1150 ἐλώφησεν,
2973 1082 3049 1145 ὡς
3078 1084 3377 1155 ἡγούμεθα,
3421 1088 3496 1140 τά
3532 1091 3706 1160 πάθη,

2119 1168 2214 1219 καὶ
2243 1168 2310 1221 τά
2353 1167 2453 1237 τῆς
2502 1171 2766 1241 πονηρίας
2813 1172 3175 1246 ὑπεχώρησαν
3227 1178 3489 1231 ἐπίϐουλα
3536 1182 3706 1234 πνεύ-

2122 1274 2266 1326 ματα
2296 1259 2638 1328 εὐχαριστεῖν
2667 1262 2724 1312 ἐν
2754 1265 3082 1333 προσευχαῖς
3119 1267 3307 1339 μνήμῃ
3335 1268 3589 1337 διηνεκεῖ
3631 1273 3704 1343 τῷ

2118 1348 2255 1419 πρὸς
2286 1349 2384 1414 τὴν
2419 1349 2675 1421 τοιαύτην
2709 1354 3040 1408 κατάστασιν
3081 1358 3230 1426 ἡμᾶς
3280 1359 3554 1426 ἀγαγόντι
3606 1365 3702 1414 Δε-

2120 1440 2293 1512 σπότῃ
2312 1442 2550 1511 Χριστῷ·
2577 1442 2727 1512 μόλις
2754 1445 2862 1514 γὰρ
2892 1444 2957 1497 διν
2992 1447 3136 1509 ἄπας
3162 1449 3291 1517 ἡμῖν
3324 1449 3350 1500 ὁ
3378 1450 3579 1519 Χρόνος
3610 1453 3699 1521 ἀρ’

2118 1530 2267 1584 κέσει
2302 1532 2436 1602 πρὸς
2464 1534 2624 1587 τούτο
2655 1535 2839 1598 στενὸς
2865 1535 2961 1597 ὢν,
2993 1537 3087 1589 καὶ
3115 1536 3318 1608 βραχὺς
3344 1543 3425 1601 είς
3454 1542 3696 1612 ἀμοιϐὴν

2115 1615 2190 1675 ὧν
2239 1624 2647 1694 ἀπελαύσαμεν,
2700 1626 2794 1678 καὶ
2840 1621 2915 1680 ὧν
2964 1629 3312 1699 ἀπολαύομεν
3356 1631 3696 1700 εὐεργεσιῶν

2117 1714 2408 1785 ὁσημέραι,
2442 1715 2535 1768 τοῦ
2562 1716 2669 1768 τῶν
2704 1716 2993 1771 θλιϐόντων
3023 1721 3147 1782 τοὺς
3175 1721 3401 1784 πολλοὺς
3435 1722 3694 1792 ὑψηλοτὲ-

2116 1824 2242 1875 ρους
2270 1808 2421 1876 ἡμᾶς
2447 1811 2907 1877 καταστήσαντος.
2940 1812 3002 1863 Εἰ
3024 1810 3130 1881 γὰρ
3156 1812 3413 1876 ἑκάτερον
3436 1814 3539 1865 τοῦ
3572 1832 3691 1886 χρο-

2114 1900 2264 1953 νικοῦ
2292 1900 2662 1971 διαστήματος
2694 1903 2839 1973 ὅρον,
2874 1905 3089 1975 ἡμέραν
3135 1904 3279 1973 λέγω
3310 1907 3404 1959 καὶ
3436 1906 3637 1970 νύκτα,
3668 1910 3693 1960 ὁ

2116 1991 2214 2059 μὲν
2261 1990 2425 2043 Δαόὶδ
2473 1993 2857 2064 προσεδρεύειν
2893 1997 3040 2065 ἡμᾶς
3089 1995 3338 2063 βούλεται
3378 2000 3448 2066 τῇ
3484 1998 3694 2069 μελέτῃ

2109 2081 2203 2136 τοῦ
2225 2084 2408 2154 νόμου,
2432 2085 2524 2136 καὶ
2547 2086 2575 2136 ὁ
2596 2084 2888 2154 νομοθέτης
2908 2086 3038 2138 αὐτὸ
3058 2086 3216 2139 τοῦτο
3240 2089 3408 2141 ποιεῖν
3427 2129 3441 2153 ,
3472 2107 3492 2138 ι
3516 2089 3696 2142 Μελε·

2111 2178 2296 2246 τήσεις
2348 2178 2407 2228 ἐν
2456 2176 2637 2246 αὐτῷ,
2688 2177 2882 2245 λέγων,
2931 2177 3238 2247 καθήμενος
3286 2180 3343 2231 ἐν
3386 2179 3553 2249 οἴκῳ,
3604 2181 3692 2231 καὶ

2111 2268 2474 2338 πορευόμενος
2525 2269 2582 2319 ἐν
2632 2268 2757 2337 ὁδῷ,
2809 2269 3213 2337 κοιταζὸμενος,
3273 2270 3365 2321 καὶ
3408 2270 3693 2323 διανιστὰ-

2112 2377 2293 2432 μενος,
2330 2378 2348 2412 ι
2394 2359 2583 2413 οὐδένα
2617 2360 2751 2429 πρὸς
2782 2359 2977 2429 ἀργίαν
3000 2361 3498 2430 καταλιμπάνοντες
3558 2365 3695 2431 ἡμῖν

2111 2452 2320 2523 καιρόν.
2340 2452 2449 2505 Καὶ
2483 2450 2641 2513 ἄλλος
2668 2452 2909 2519 εὐλογεῖν
2933 2453 2990 2503 ἐν
3019 2452 3183 2505 navet
3204 2452 3380 2523 καιρῷ
3408 2454 3695 2523 προστάτο

2109 2561 2191 2597 τει
2226 2543 2315 2596 τὸν
2365 2543 2590 2614 Κύριον,
2644 2541 2738 2595 καὶ
2798 2540 3009 2605 Παῦλος
3056 2542 3269 2595 κελεύει
3320 2541 3697 2604 ἀδιαλείπτως

2108 2633 2521 2705 προσεύχεσθαι·
2547 2636 2697 2697 ποῖος
2720 2634 2906 2704 καιρὸς
2933 2633 3314 2686 ὑπολέλειπται
3340 2632 3475 2703 πρὶς
3498 2633 3695 2687 ἄδειαν

2108 2727 2351 2797 σκέψεως
2370 2727 2479 2780 τῶν
2505 2727 2565 2779 οὐ
2598 2726 2948 2795 καθηκόντων
2981 2728 3132 2796 ἡμῖν,
3165 2726 3394 2780 ἑκάστου
3424 2726 3538 2778 τῶν
3565 2727 3695 2778 ἐπι-

2102 2821 2452 2885 τεταγμένων
2484 2816 2602 2869 ὅλον
2630 2816 2987 2881 ἀπαιτοῦντος
3012 2818 3104 2870 τὺν
3135 2816 3345 2887 χρόνον,
3375 2816 3469 2869 καὶ
3496 2836 3577 2869 πα
3591 2835 3693 2885 ραι

2103 2908 2405 2979 χωροῦντος
2430 2911 2542 2972 τοῖς
2571 2908 2752 2973 ἄλλοις
2789 2908 2973 2975 οὐδένς

423 2972 678 3042 quodque
712 2976 940 3061 borum,
983 2997 1104 3051 qua!
1138 2987 1391 3042 mandata
1463 2998 1593 3044 sunt
1657 2994 1837 3059 nobis,
1878 2972 2200 3053 universum
2256 2998 2498 3068 requirat
2550 3007 2798 3066 tempus,
2848 2997 3165 3066 rutilamque
3238 2996 3506 3053 concedat
3560 2998 3694 3054 aliis

422 3066 655 3133 negotiis
677 3060 719 3121 ἲν

904 3162 905 3165 γ
966 3193 1197 3251 CAPUT
1250 3197 1407 3252 Lvu.

487 3295 778 3365 Quomodo
826 3303 970 3359 enim
1026 3308 1146 3364 sine
1188 3309 1595 3370 intermissione
1642 3316 1859 3387 orabit,
1901 3320 1993 3389 qui

415 3405 523 3445 non
554 3392 850 3453 meditatur
901 3396 953 3451 in
986 3397 1102 3467 lege
1135 3400 1351 3457 Domini
1401 3405 1489 3460 die
1533 3421 1601 3461 ac
1627 3410 1819 3463 nocte?
1847 3409 1995 3475 Quo-

415 3485 580 3539 modo
627 3500 757 3542 vero
789 3488 1027 3557 perfecte
1060 3490 1349 3549 Dominum
1409 3496 1694 3555 benedicet
1745 3501 1854 3568 ille,
1897 3503 1990 3573 qui

415 3572 729 3644 aggreditur
753 3594 921 3635 unum
964 3582 1169 3652 aliquid
1201 3601 1416 3651 eorum,
1471 3606 1593 3658 qua:
1640 3591 1784 3647 dicta
1838 3572 1988 3663 sunt,

414 3681 537 3721 cum
563 3668 652 3723 vix
683 3678 898 3741 tempus
931 3673 1163 3730 sufﬁciat
1193 3679 1430 3734 navandi
1476 3697 1694 3752 operam
1723 3698 1991 3742 accuratae

410 3758 700 3829 diligentia:
733 3761 970 3833 cujusvis
1006 3780 1193 3821 eorum
1226 3810 1240 3831 ,
1274 3785 1394 3838 qua:
1443 3774 1683 3830 virtuose
1721 3791 1991 3849 peragun-

411 3849 541 3902 tur?
569 3848 777 3906 Idcirco
814 3853 1122 3923 Scriptura,
1162 3858 1395 3928 plurium
1447 3863 1727 3921 hominum
1758 3848 1989 3928 noscens

410 3938 828 4008 negligentiam,
877 3945 1177 4027 majpribus
1238 3952 1401 4005 etiam
1454 3966 1641 4012 nostra
1689 3969 1985 4028 potestate,

407 4043 509 4082 nos
535 4033 765 4086 arctavit
804 4038 1116 4106 praeceptis,
1149 4050 1207 4095 ut
1235 4045 1476 4100 studium
1519 4051 1774 4106 extendat
1814 4054 1881 4109 ad
1912 4055 1986 4121 id,

407 4118 554 4184 quod
615 4130 708 4175 est
740 4126 1021 4192 possibile,
1070 4141 1123 4184 et
1168 4133 1497 4193 inﬁrmitatis
1535 4150 1828 4210 przelextus
1861 4118 1986 4200 suc;

404 4206 580 4271 cidat;
622 4224 743 4262 eum
790 4212 881 4281 qui
930 4214 1129 4271 bonum
1184 4233 1463 4290 operatur,
1534 4206 1869 4286 moderatum
1934 4242 1988 4288 et

404 4309 622 4362 :equum
676 4310 795 4353 sese
843 4303 1022 4370 potius
1070 4311 1326 4375 praebeat,
1377 4317 1521 4383 quod
1568 4334 1630 4372 ea
1684 4320 1863 4377 facere
1891 4338 1984 4379 ne-

403 4384 543 4452 quit,
597 4395 656 4440 ut
704 4388 806 4443 sibi
865 4390 965 4446 fuit
1007 4394 1254 4465 jussum,
1298 4417 1459 4470 quam
1521 4407 1785 4477 inﬂatum,
1838 4416 1983 4483 quod

2697 3203 2948 3257 ΚΕΦΑΔ.
2981 3203 3111 3257 ΜΖ’.

2166 3316 2290 3379 Πῶς
2322 3316 2431 3388 γὰρ
2461 3316 2818 3380 ἀδιαλείπτως
2882 3316 3240 3387 προσεύξεται
3269 3317 3297 3368 ὁ
3328 3317 3401 3386 μὴ
3435 3318 3687 3387 μελετῶν

2095 3410 2152 3463 ἐν
2185 3409 2334 3479 νόμῳ
2362 3408 2565 3480 Κυρίου
2598 3410 2810 3479 ἡμέρας
2864 3410 2961 3463 καὶ
2986 3409 3214 3474 νυκτός;
3263 3410 3385 3471 Πῶς
3409 3410 3463 3462 δὲ
3497 3412 3683 3465 διόλου

2094 3502 2378 3573 εύλογήσει
2411 3501 2501 3554 τὸν
2530 3501 2753 3571 Κύριον,
2784 3503 2810 3555 ὁ
2838 3502 2896 3553 ἐν
2923 3519 2973 3553 τι
3002 3502 3109 3553 τῶν
3144 3502 3446 3573 εἰρημένων
3480 3504 3681 3567 ποιῶν,

2097 3594 2245 3666 μόλις
2272 3594 2363 3647 τοῦ
2396 3593 2589 3664 καιροῦ
2615 3593 2908 3662 φθάνοντος
2940 3594 3283 3664 ὑπουργῆσαι
3315 3596 3381 3663 τῇ
3413 3595 3680 3665 ἀκριϐείᾳ

2092 3686 2398 3738 οὑτινοσοῦν
2453 3686 2559 3737 τῶν
2612 3686 2729 3738 κατ’
2780 3685 2980 3757 ἀρετὴν
3031 3686 3363 3758 γινομένωνς
3420 3685 3519 3736 Διά
3565 3687 3680 3755 γάρ

2091 3776 2308 3846 τοῦτοή
2342 3776 2529 3849 Γραφὴ
2563 3780 2622 3830 τὸ
2651 3778 2889 3849 ῥᾴθυμον
2917 3777 3025 3830 τῶν
3060 3777 3269 3831 πολλῶν
3304 3776 3674 3847 ἐπισταμένη,

2091 3867 2184 3921 καὶ
2227 3868 2436 3938 μείζοσι
2489 3870 2587 3938 τῆς
2614 3868 2887 3939 ἡμετέρας
2915 3866 3197 3936 δυνάμεως
3222 3867 3368 3937 ἡμᾶς
3401 3866 3675 3918 ἐστένωσε

2042 3987 2057 4000 ο
2092 3960 2527 4030 προστάγμασιν,
2564 3959 2649 4012 ἵνα
2677 3958 2770 4011 καὶ
2794 3957 2893 4030 τὴν
2924 3957 3158 4029 σπουδὴν
3184 3956 3320 4028 πρὸς
3361 3957 3419 4009 τὸ
3443 3956 3675 4009 δυνατὸν

2088 4052 2333 4123 ἐπιτείνῃ
2372 4050 2467 4105 καὶ
2494 4051 2591 4114 τὰς
2626 4050 2725 4120 τῆς
2756 4049 3034 4113 ἀσθενείας
3075 4049 3415 4119 ύποτέμηται
3444 4048 3663 4117 προφά-

2090 4160 2223 4206 σεις,
2259 4142 2455 4212 μᾶλλον
2493 4139 2873 4211 μετριάζοντος
2905 4140 2997 4194 τοῦ
3028 4138 3395 4210 ἐργαζομένου
3432 4139 3491 4191 τὸ
3527 4140 3670 4207 ἀγα-

2088 4235 2178 4288 θὸν
2207 4238 2290 4305 ἐφ’
2318 4230 2402 4299 οἷς
2442 4235 2518 4300 ὡς
2561 4233 2854 4304 ἐκελεύσθη
2893 4236 2953 4288 οὐ
2996 4235 3187 4305 φθάνει
3214 4233 3371 4286 τοῦτο
3400 4236 3596 4295 ποιεῖν,
3630 4235 3663 4303 ἦ

2090 4328 2412 4397 φυσωμένου
2448 4328 2530 4379 ὅτι
2563 4326 2727 4397 μέρος
2773 4327 2881 4379 τῶν
2932 4326 3160 4380 ἐντολῶν
3207 4324 3521 4395 ἐπλήρωσεν
3566 4327 3663 4394 οὐχ

2087 4417 2258 4479 οὕτως
2288 4417 2430 4487 ὑπὲρ
2458 4409 2532 4469 ὧν
2554 4416 2698 4481 ἔδοξε
2722 4415 3018 4487 κατορθοῦν
3040 4416 3512 4486 ἐπαινεθήσεσθαι,
3539 4416 3664 4467 ὅσον

399 4486 606 4546 partem
650 4484 1000 4552 corupleverit
1039 4502 1427 4561 praeceptorum
1451 4537 1463 4560 ,
1506 4514 1732 4568 sperans
1765 4520 1823 4559 se
1871 4523 1977 4562 non

403 4566 532 4591 AA..-
564 4567 756 4591 I---.I-_i_
776 4572 888 4591 J__,-_
940 4589 949 4591 _
1042 4578 1054 4591 ι
1081 4577 1091 4588 ο
1336 4582 1367 4591 ..
1392 4584 1403 4591 .
1472 4585 1483 4591 -

2101 4504 2206 4559 ἐνθ’
2237 4498 2311 4559 ὧν
2344 4484 2611 4575 ἐνέλειψεν
2639 4505 2715 4570 ὡς
2748 4484 3027 4578 ἀμελήσας
3058 4484 3472 4577 μεμφθὴσεσθαι
3494 4520 3665 4573 προσ-

400 4566 535 4621 adeo
564 4567 893 4626 laudandum
925 4577 1145 4644 probis,
1165 4595 1285 4649 quae
1303 4582 1404 4637 sibi
1436 4566 1584 4642 visus
1606 4597 1688 4642 est
1722 4605 1981 4665 prospere

399 4667 683 4727 patrasse,
731 4674 992 4733 quantum
1051 4670 1460 4739 vituperandum
1515 4696 1612 4749 pro
1668 4682 1806 4747 illis,
1862 4703 1984 4757 qure

400 4751 677 4820 negligens
726 4756 957 4812 omisit:
992 4759 1365 4831 imperfectum
1423 4772 1622 4825 etenim
1672 4788 1807 4844 Optls
1870 4751 1978 4835 non

396 4843 599 4910 pra:th
632 4845 882 4903 ﬁduciam
917 4856 1181 4922 operanti,
1218 4858 1329 4913 imo
1358 4861 1518 4917 cﬁieit
1562 4875 1619 4921 ut
1662 4870 1976 4939 erubescat,

396 4934 552 4999 quasi
593 4934 907 4993 detrectarit
934 4941 999 4995 ad
1041 4943 1199 5000 ﬁnem
1241 4963 1427 5004 eorum
1472 4953 1769 5012 laborando
1811 4934 1970 5031 305

395 5027 716 5099 pertingere,
749 5049 870 5103 quae
918 5037 1019 5092 fuit
1046 5042 1290 5099 studiose
1340 5057 1613 5115 sectatus;
1661 5061 1713 5107 et
1751 5027 1966 5125 quidem

393 5117 570 5188 aliqua
624 5126 892 5181 artiﬁcum
925 5144 1085 5199 opera
1116 5137 1407 5192 terminum
1462 5140 1683 5208 habent,
1716 5117 1878 5216 atque
1913 5148 1969 5202 ﬁ-

393 5219 546 5271 nem,
584 5210 649 5263 ad
680 5226 839 5280 quem
876 5218 1127 5276 collineat
1157 5226 1577 5295 aggrediendum
1610 5210 1827 5302 scopus,
1854 5234 1966 5290 l‘eli-

390 5297 547 5366 cique
575 5316 831 5361 successu
883 5317 1316 5385 unumquodque
1355 5319 1597 5389 ipsorum
1651 5340 1759 5380 non
1797 5343 1964 5396 parvo

2088 4598 2259 4650 δοκῶν
2282 4613 2296 4627 ⁶
2350 4597 2471 4653 ἐπεὶ
2520 4596 2686 4667 μηδὲν
2718 4597 2902 4659 ἀτελὲς
2936 4598 3093 4669 ἔργον
3124 4596 3437 4667 παρρησίαν
3476 4595 3661 4647 δίδωσι

2081 4690 2159 4761 τῷ
2185 4690 2563 4761 ἐργασαμένῳ,
2602 4690 2858 4763 ἐρυθριᾷν
2898 4691 2954 4743 δὲ
2994 4689 3401 4761 παρασκευάζει
3424 4688 3498 4751 ὡς
3545 4690 3663 4741 ἀτο-

2080 4784 2309 4850 νήσαντι
2339 4777 2412 4836 ὧν
2442 4782 2767 4854 ἐπετήδευσε
2815 4783 2949 4853 πρὸς
2996 4782 3056 4835 τὸ
3107 4783 3278 4853 πέρας
3327 4781 3521 4846 ἐλθεῖν,
3567 4780 3658 4832 καὶ

2078 4874 2199 4927 τινά
2235 4874 2334 4944 μὲν
2364 4874 2469 4928 τῶν
2501 4871 2771 4945 τεχνητῶν
2802 4874 2977 4944 ἔργων
3008 4875 3130 4945 ὅρον
3160 4874 3270 4944 ἔχει
3323 4876 3415 4927 καὶ
3458 4874 3656 4941 πέρας.

2079 4966 2215 5037 πρὸς
2256 4966 2313 5018 ὃν
2342 4966 2370 5019 ὁ
2406 4968 2608 5029 σκοπὸς
2651 4966 2758 5019 τῶν
2792 4965 3106 5037 ἀρχομένων
3157 4967 3279 5035 ὁρᾷ,
3328 4966 3420 5017 καὶ
3459 4982 3657 5034 κατορ-

2080 5057 2264 5111 θοῦται
2297 5058 2498 5127 τούτων
2526 5057 2755 5111 ἕκαστον
2787 5059 2843 5109 ἐν
2875 5058 2934 5109 ού
2971 5058 3148 5128 πολλῷ
3195 5050 3373 5129 χρόνῳ
3411 5060 3469 5111 ἐν
3498 5057 3654 5120 ὕλαις

2078 5149 2491 5220 ἐνεργούμενον,
2536 5150 2630 5203 καὶ
2674 5150 2735 5201 τὸ
2762 5148 2913 5212 τέλος
2940 5149 3062 5219 ἕχον
3102 5149 3293 5215 ἑστὼς,
3346 5149 3439 5201 καὶ
3491 5166 3653 5218 περι-

2077 5241 2235 5311 μένον
2268 5240 2357 5293 τὸν
2385 5240 2784 5309 περικόπτοντα
2805 5258 2817 5270 ·
2861 5242 2895 5311 ἡ
2922 5241 2978 5294 δὲ
3004 5240 3174 5312 ἀρετὴ
3207 5242 3418 5311 μακρὸν
3449 5241 3562 5311 ἔχει
3592 5243 3652 5292 τὸ

2074 5333 2268 5404 μῆκος,
2300 5334 2393 5386 καὶ
2421 5333 2561 5403 τάχα
2593 5333 2895 5405 ἀπέραντον
2924 5334 3021 5405 τὴν
3049 5333 3276 5405 δύναμιν
3304 5333 3397 5387 τοῦ
3455 5350 3649 5404 μετερ-

389 5390 673 5455 perﬁcitur
708 5405 980 5469 tempore;
1010 5405 1209 5476 quippe
1241 5411 1386 5478 quod
1440 5412 1491 5465 in
1525 5416 1767 5473 materiis
1792 5390 1959 5474 elﬁci-

2071 5421 2301 5489 χομένου
2331 5419 2502 5491 αὐτὴν
2531 5420 2785 5488 κενοῦσα,
2819 5425 2913 5476 καὶ
2945 5424 3024 5477 ἐτι
3053 5424 3344 5491 ἀφεστῶσα
3365 5425 3462 5494 τῆς
3485 5441 3648 5478 καταο

390 5481 501 5537 tur,
537 5478 809 5552 ﬁnemque
853 5486 1017 5546 habet
1064 5505 1408 5563 praesentem,
1443 5509 1496 5555 ct
1538 5502 1713 5557 solum
1765 5519 1959 5576 exspe-

2065 5509 2315 5580 λήψεως,
2365 5511 2683 5581 ἐρεθίζουσα
2731 5515 2822 5569 τὸν
2871 5515 3032 5570 πόθον
3082 5517 3176 5570 τοῦ
3234 5516 3457 5587 πλησίον
3505 5512 3647 5570 εἶναι

464 5673 511 5707 ’⁸
550 5675 652 5732 lsa.
688 5697 837 5749 χχιι,
872 5687 922 5740 8.
1003 5691 1045 5721 ⁷⁹
1084 5691 1225 5747 l’sal.
1269 5710 1301 5758 ι,
1330 5697 1382 5748 2.
1461 5699 1506 5729 "
1540 5699 1694 5755 Deut.
1721 5720 1796 5768 xl,
1827 5704 1912 5759 i9.
1991 5716 1995 5742 ⁴

2101 5714 2211 5768 ’sal.
2251 5730 2447 5783 xxxnr,
2482 5717 2536 5771 ἓ.
2615 5719 2660 5749 ⁸¹
2696 5721 2710 5773 l
2753 5720 2969 5787 Thcss.,
3009 5738 3059 5785 v,
3094 5726 3174 5776 l7.
