3918 6180
404 221 542 288 10»ίῦ

1182 225 1279 283 DE
1314 226 1802 287 VOLUNTARIA
1840 225 2335 287 PAUPERTATE
2367 229 2466 287 AD
2500 228 2847 291 MAGNAM.

3520 236 3651 302 1056

400 339 598 409 δοκεῖν,
647 337 741 391 καλ⁵
773 337 898 401 τοὺς
928 339 1384 408 προσεγγίζοντας
1419 341 1804 410 ὑποφεύγουσα
1846 358 1971 395 τοσ-

2083 349 2226 407 ctat,
2273 358 2302 397 a
2338 359 2449 414 quo
2485 345 2841 403 circumcirca
2895 360 3205 416 resecetur;
3251 353 3420 407 virtus
3470 370 3650 412 autem

400 428 578 493 οὗτον,
610 429 736 480 ὅσον
769 429 865 482 καὶ
895 431 1071 481 κενεῖν
1114 428 1211 501 τὴν
1244 431 1549 501 προθυμίαν
1576 432 1651 496 ὡς
1684 432 1850 486 οὖσαν
1890 434 1982 499 ὲγ-

400 520 524 585 γυς,
559 517 771 571 καὶτοῦ
819 518 1222 588 προκόπτοντος
1258 521 1509 575 κλέπτειν
1556 522 1646 575 τὸν
1683 522 1844 576 πόνον
1901 521 1980 592 τῷ

403 607 544 660 κατά
576 607 772 678 μικρὸν
798 607 1099 679 λεληθότως
1131 610 1456 681 ὑποχωρεῖν.
1497 610 1605 662 Καὶ
1628 610 1787 664 τοῦτό
1808 614 1977 678 ἑστιν,

318 736 325 743 ς
403 700 477 762 ώς
506 699 669 763 ἔοικε,
700 698 761 752 τὸ
790 700 917 767 περὶ
961 701 1056 754 τοῦ
1088 703 1425 772 πατριάρχου
1477 703 1657 764 καλῶς
1687 704 1979 775 εἰρημένον

419 789 688 859 Ἀϐραὰμ,
739 790 821 844 ὅτι
849 786 1011 862 ἦλθεν
1040 794 1118 855 εἰς
1163 793 1253 845 τὸν
1283 793 1465 857 τόπον,
1498 793 1556 846 ὂν
1582 793 1737 847 εἶπεν
1779 794 1927 865 αὐτῷ
1952 798 1979 849 ὁ

409 880 559 943 Θεὸς,
607 882 700 934 καὶ
744 881 952 950 ἐπάρας
1001 884 1126 945 τοὺς
1170 882 1481 953 ὀφθαλμοὺς
1526 884 1690 936 αὐτοῦ
1730 884 1979 955 Ἀϐραὰμ

408 967 512 1023 εἶδε
543 970 631 1023 τόν
656 970 821 1023 τόπον
850 972 1261 1043 ἀπομακρόθεν,
1298 974 1392 1027 καὶ
1423 973 1636 1043 φθάσας
1677 976 1765 1027 ἐπ’
1793 976 1971 1040 αὑτὸν,

402 1060 479 1130 τῷ
514 1062 710 1125 δοκεῖν,
763 1062 856 1114 ἐπὶ
902 1061 962 1115 τὸ
1014 1064 1478 1136 παραμυθηθῆναι
1519 1066 1618 1137 τὴν
1672 1067 1767 1121 τοῦ
1816 1068 1976 1122 πόνου

403 1155 742 1226 δυσχέρειαν,
782 1153 876 1207 καὶ
902 1153 1090 1226 μαθὼν
1121 1154 1198 1225 τῷ
1241 1156 1377 1221 τέως
1422 1160 1722 1228 ἀφεστάναι
1768 1160 1844 1225 ὡς
1886 1162 1978 1214 ού-

402 1245 551 1298 ὃέπω
582 1245 930 1315 κατείληφεν,
982 1246 1070 1300 ἴνα
1104 1246 1178 1319 μὴ
1206 1247 1268 1301 τὸ
1308 1249 1587 1320 πρόθυμον
1615 1251 1858 1323 ἀναπέσῃ
1904 1252 1979 1314 ὼς

2084 433 2412 502 ρηειοηεειη
2445 437 2738 504 quamdam
2771 437 2932 493 habet
2970 440 3357 509 prolixitatem,
3387 453 3440 498 et
3469 444 3650 502 forsan

2084 520 2484 580 interminatam
2509 567 2524 591 ,
2565 542 2686 597 quae
2707 542 2901 598 nempe
2931 534 3189 588 sectantis
3216 549 3334 588 eam
3362 537 3504 591 vires
3534 542 3653 593 red-

2082 612 2161 666 dit
2189 612 2398 679 inanes,
2442 616 2709 688 longeque
2741 620 2915 685 abest,
2959 623 3091 691 quin
3127 626 3650 695 comprehendatur;

2082 706 2310 772 proritat
2337 707 2667 764 desiderium
2689 711 2826 780 ejus,
2873 714 2967 782 qui
3000 716 3337 786 propinquus
3354 734 3477 775 esse
3503 721 3651 774 vide-

2083 802 2191 858 tur,
2236 805 2291 851 et
2322 801 2762 868 approximantes
2787 802 2858 857 ita
2890 805 3234 877 subterfugit,
3269 818 3324 863 ut
3351 812 3513 865 animi
3542 813 3653 865 ala-

2082 888 2327 942 critatem
2349 905 2571 946 vacuam
2593 892 2803 959 reddat,
2831 903 3014 964 utpote
3039 898 3285 967 quzejam
3315 915 3479 969 prope
3495 914 3612 958 erat
3636 922 3649 967 ;

2082 979 2435 1051 laboremque
2472 986 2865 1054 progredientis
2893 986 3192 1044 sufi‘uretur
3222 991 3483 1056 latenter,
3537 1010 3655 1049 scn-

2084 1073 2186 1127 sim
2219 1075 2337 1130 sine
2365 1092 2527 1131 sensu
2568 1080 2865 1136 evadendo.
2893 1081 3070 1152 Atque
3096 1084 3325 1152 idipsum
3361 1095 3463 1151 est,
3485 1094 3545 1140 ut
3571 1087 3651 1139 vi-

2082 1166 2262 1233 detur,
2298 1169 2443 1237 quod
2484 1170 2550 1225 de
2586 1172 2893 1240 patriarcha
2924 1173 3197 1228 Abraham
3252 1178 3508 1244 praeclare
3552 1175 3653 1231 fuit

2076 1256 2300 1323 dictum,
2332 1259 2477 1324 quod
2511 1263 2656 1317 venit
2686 1262 2738 1316 in
2785 1265 2984 1327 locum,
3017 1280 3178 1335 quem
3213 1266 3350 1320 dixit
3375 1267 3480 1336 ipsi
3504 1266 3646 1322 Deus

403 1335 709 1404 ἠνυσμένου
747 1336 841 1389 τοῦ
873 1339 1257 1409 προκειμένου,
1290 1341 1623 1413 ἐπιτείνηται
1651 1342 1707 1397 δὲ
1736 1344 1819 1396 ἀεὶ
1842 1345 1978 1412 πρὸς

2083 1357 2129 1401 et
2157 1348 2380 1404 elevatis
2403 1354 2575 1408 oculis
2606 1356 2719 1410 suis
2741 1356 3012 1410 Abraham
3046 1357 3180 1411 vidit
3203 1358 3663 1431 locumalouge",

408 1427 466 1477 τὸ
510 1426 922 1499 σπουδαιότερον
965 1428 1139 1482 ἑλπίδι
1184 1428 1279 1483 τοῦ
1315 1431 1431 1501 μετ’
1463 1433 1524 1484 ού
1572 1433 1705 1487 πολὺ
1753 1431 1975 1488 ἔσεσθαι

2083 1441 2387 1511 appulitque
2442 1445 2701 1514 adipsum
2750 1446 2844 1518 (ut
2893 1448 3210 1520 videbatur)
3240 1451 3306 1505 ad
3340 1426 3649 1521 aliquo-so-

411 1517 543 1585 πρὸς
575 1518 710 1589 ὅπερ
749 1518 1026 1588 ἠπείγετο.

411 1609 564 1677 longe
589 1610 794 1676 aberat,
819 1612 1068 1680 cognovit
1107 1628 1166 1667 se
1203 1614 1440 1668 nondum
1482 1615 1958 1686 comprehendisse

2073 1527 2202 1583 latio
2228 1532 2426 1589 laboris
2452 1536 2667 1589 tiedium
2693 1538 3072 1604 mitigandum,
3116 1546 3251 1593 ctcx
3285 1554 3395 1609 quo
3430 1539 3645 1594 interim

2036 1634 2051 1683 ;
2095 1635 2160 1674 ne
2186 1621 2350 1676 animi
2383 1625 2635 1680 alacritas
2666 1628 2994 1691 concideret,
3027 1628 3182 1695 quasi
3208 1628 3542 1697 propositum
3561 1644 3651 1683 es-

410 1708 490 1755 set
525 1699 841 1768 perfectum,
875 1703 1255 1758 extruderctur
1298 1721 1426 1759 vero
1467 1707 1687 1761 assidue
1721 1707 1789 1761 ad
1829 1706 2006 1776 majus
2051 1711 2310 1779 studium,
2375 1717 2642 1784 sperando
2687 1732 2746 1772 se
2792 1732 2897 1772 non
2950 1721 3120 1775 multo
3154 1729 3276 1790 post
3337 1721 3403 1775 ad
3437 1719 3488 1774 id
3531 1734 3653 1789 per-

411 1801 695 1847 venturum
728 1794 793 1847 ad
832 1794 975 1864 quod
1015 1794 1178 1851 citato
1216 1798 1383 1868 gradu
1412 1800 1755 1868 properabat.

868 1898 873 1903 ’
983 1907 1235 1963 ΚΕΦΑΔ.
1264 1909 1398 1964 NH’.

480 2014 662 2068 Ταῦτα
704 2016 811 2087 γὰρ
837 2018 934 2087 τῆς
976 2019 1177 2090 ἀρετῆς
1211 2024 1605 2094 χαρακτηρίζει
1632 2023 1729 2096 τὴν
1759 2024 1977 2095 μέθοδον

411 2107 543 2177 πρὸς
586 2108 684 2177 τὴν
728 2108 1083 2181 ἐνδεχομένην
1141 2113 1423 2185 προκοπὴν
1472 2114 1831 2185 σοφιζομένης
1888 2117 1977 2170 τὸν

411 2199 700 2270 γνώριμον,
732 2199 854 2253 οὕτε
911 2202 1044 2255 πολὺ
1103 2202 1339 2272 μήκοθεν
1390 2206 1739 2276 φαινομένην,
1777 2207 1862 2260 ἵνα
1902 2207 1976 2278 μὴ

408 2290 563 2342 δκνον
598 2289 723 2363 δόξῃ
758 2292 929 2344 ποιεῖν
970 2291 1049 2362 τῷ
1078 2292 1255 2363 πολλῷ
1292 2292 1640 2365 διαστήματι,
1670 2294 1791 2349 οὔτε
1820 2313 1978 2366 περι-

414 2379 678 2450 μενούσης
703 2380 896 2444 ἓωςνᾶν
922 2382 1240 2453 καταληφθῇ
1273 2384 1421 2452 παρά
1445 2383 1536 2436 τοῦ
1562 2384 1865 2448 διώκοντος.
1891 2386 1977 2439 ἴνα

415 2471 488 2541 μὴ
525 2472 629 2541 πρὸ
661 2472 754 2525 τοῦ
786 2472 1011 2528 θανάνου
1056 2475 1241 2546 παύσῃ
1264 2475 1362 2544 τὴν
1397 2476 1724 2547 προθυμίαν,
1753 2477 1902 2550 πάσῃ
1922 2477 1979 2531 δὲ

411 2566 476 2634 τῇ
515 2562 626 2636 ζωῇ
648 2564 745 2637 τὴν
765 2565 1001 2638 σπουδὴν
1034 2567 1364 2642 παρεκτείνῃ
1389 2567 1567 2624 διόλου
1601 2569 1976 2642 ἀκμάζουσαν,

411 2661 697 2729 ἀνέφικτον
730 2658 924 2729 ἔχουσα
956 2660 1016 2713 τὺ
1046 2661 1216 2724 τέλος.
1241 2662 1335 2715 καὶ
1363 2663 1439 2732 τῷ
1463 2664 1549 2717 διὰ
1581 2665 1778 2729 παντὸς
1810 2683 1981 2738 παρα-

413 2749 695 2817 φαίνεσθαι
734 2751 961 2822 πλησίον
1010 2753 1145 2824 πρὸς
1186 2754 1247 2807 τὸ
1295 2755 1516 2824 ἐφικτὸν
1563 2759 1978 2830 προτρεπομένη

412 2839 508 2911 τὴν
535 2841 782 2912 δύναμιν,
815 2843 951 2914 πρὸς
990 2844 1121 2915 ὅσην
1157 2845 1440 2916 προκοπὴν
1473 2847 1779 2901 ἐπιδίδωσιν
1808 2850 1840 2919 ἡ
1878 2848 1980 2919 φύ-

412 2944 496 2992 σις
526 2931 964 3001 προκαλουμένη,
987 2933 1082 2985 καὶ
1114 2932 1252 3002 μετά
1289 2935 1514 2999 πολλοὺς
1548 2937 1742 3000 πόνους
1783 2938 1981 3003 ἱκανῶς

412 3018 701 3085 ἀφεστῶσα
742 3021 842 3085 τῆς
888 3020 1266 3091 καταλήψεως.
1306 3022 1402 3085 Τίς
1444 3023 1552 3093 γὰρ
1600 3024 1802 3095 ταύτην
1839 3025 1981 3079 οὖτω

412 3107 771 3179 κατώρθωσεν
789 3109 864 3175 ὡς
900 3110 1066 3181 μηδὲν
1094 3110 1297 3166 λείπειν
1321 3113 1471 3185 αύτῷ
1498 3115 1633 3185 πρὸς
1658 3116 1755 3187 τὴν
1783 3117 1982 3171 τελειό-

2637 1912 2863 1969 CAPUT
2906 1913 3085 1968 LVlll.

2153 2002 2255 2056 ista
2305 2017 2537 2072 namque
2575 2003 2791 2058 virtutis
2838 2005 3073 2074 figurant
3126 1999 3480 2067 mctliodum,
3527 2016 3648 2070 qua:

2081 2091 2324 2161 (scilicet
2358 2092 2559 2162 virtus)
2608 2092 2930 2149 familiarem
2981 2109 3140 2152 suum
3188 2092 3378 2148 edocet
3427 2093 3646 2161 sapien-

2081 2180 2211 2234 tiam
2264 2181 2330 2235 ad
2372 2181 2778 2251 suscipiendum
2825 2196 3211 2253 prOgressum,
3271 2196 3445 2252 neque
3491 2181 3648 2236 valde

2080 2272 2274 2341 procul
2306 2282 2547 2343 apparet,
2585 2288 2653 2328 ne
2686 2274 2973 2345 segnitiem
3008 2273 3256 2329 videatur
3285 2274 3543 2330 inducere
3577 2273 3648 2328 oh

2080 2367 2436 2438 longinquum
2482 2369 2858 2436 intervallum,
2898 2370 3061 2440 306
3096 2384 3197 2424 nec
3230 2383 3397 2439 prope
3436 2383 3648 2432 perma-

2082 2469 2173 2513 net
2194 2500 2208 2524 ,
2239 2460 2415 2516 donec
2436 2476 2463 2514 a
2489 2472 2847 2532 persequente
2881 2461 3393 2531 comprehendatur,
3421 2475 3489 2516 ne
3521 2469 3649 2515 ante

2082 2559 2309 2605 mortem
2352 2566 2570 2607 cessare
2618 2551 2781 2606 faciat
2832 2551 2998 2606 animi
3047 2552 3423 2622 propositum,
3474 2559 3644 2606 totum

2080 2658 2210 2699 vero
2260 2659 2358 2715 per
2406 2642 2530 2699 vitae
2572 2651 2786 2715 tempus
2824 2642 3061 2699 studium
3108 2658 3205 2715 per
3245 2642 3426 2699 omnia
3460 2642 3648 2715 vigens

2079 2737 2384 2813 protendat,
2431 2736 2633 2807 quippe
2666 2751 2788 2806 quae
2820 2736 2984 2791 ﬁnem
3018 2735 3199 2799 habet,
3232 2751 3392 2805 quem
3431 2737 3649 2806 assequi

2080 2842 2189 2882 non
2240 2843 2575 2897 possumus,
2632 2842 2869 2897 cumque
2918 2826 3360 2896 frequentissime
3396 2837 3651 2897 appareat

2082 2918 2399 2988 praeteriens
2434 2932 2623 2987 prope,
2675 2916 2865 2973 incitat
2914 2917 3059 2971 vires
3094 2916 3160 2971 ad
3220 2916 3399 2987 ipsum
3448 2916 3646 2982 linem,

2081 3007 2174 3077 qui
2228 3007 2458 3077 perlingi
2513 3014 2727 3075 potest,
2786 3022 3087 3079 provocans
3137 3006 3204 3062 ad
3263 3022 3647 3079 progressum,

2082 3114 2244 3167 quem
2287 3107 2485 3153 natura
2539 3098 2866 3168 impertitur,
2905 3114 2969 3155 ac
3010 3098 3226 3153 tandem
3275 3107 3398 3169 post
3448 3099 3650 3154 multos

413 3216 587 3268 τητα;
657 3200 740 3263 τίς
785 3200 863 3266 δὲ,
912 3202 1003 3255 καὶ
1046 3202 1193 3274 πάσῃ
1232 3206 1574 3275 χρησάμενος
1625 3208 1828 3279 σπουδῇ
1874 3209 1980 3262 τῶν

2084 3191 2299 3246 labores
2319 3188 2473 3244 valde
2497 3188 2790 3243 admodum
2811 3189 2964 3244 abest
2989 3190 3118 3259 quin
3139 3188 3646 3259 comprehendatur.

412 3290 617 3360 ταύτης
656 3292 797 3362 ὅρων
847 3293 1176 3364 κατελείφθη
1213 3296 1468 3366 μακράν;
1518 3297 1626 3350 Καὶ
1672 3297 1758 3351 ἵνα
1798 3298 1980 3371 δειχθῇ

414 3382 570 3434 τοῦτο
599 3385 910 3453 προφανῶς,
938 3385 1308 3457 ἀληθεστάτης
1336 3390 1554 3460 ἀγάπης
1580 3390 1867 3443 ἀκόλουθον
1905 3394 1982 3444 εί-

416 3476 536 3529 πεῖν
590 3474 873 3545 ἰδιώματα,
921 3476 1107 3546 ἐπειδὴ
1162 3478 1437 3549 πλήρωμα
1472 3480 1659 3551 νόμου,
1700 3483 1795 3535 καὶ
1839 3482 1982 3537 ἐστιν

414 3565 576 3634 αὕτη,
614 3568 706 3619 καὶ
734 3567 951 3635 λέγεται
986 3569 1210 3632 δικαίως
1240 3571 1391 3641 παρά
1428 3573 1526 3641 τῆς
1558 3572 1708 3635 θείας
1740 3574 1778 3624 Γ
1785 3575 1980 3645 ραφῆς,

415 3659 592 3709 πάντα
629 3657 1105 3729 περιλαμϐάνουσα
1126 3659 1191 3711 τὰ
1214 3660 1353 3733 μέρη
1388 3660 1495 3715 τῶν
1532 3662 1631 3732 τῆς
1665 3663 1983 3733 νομοθεσίας

415 3748 613 3811 καλῶν,
647 3750 955 3818 εὐεργετεῖν
986 3749 1307 3805 διδάσκουσα
1343 3751 1404 3805 τὸ
1428 3753 1718 3822 ὁμόφυλον,
1743 3753 1838 3807 καὶ
1868 3755 1984 3809 ἀδιο

416 3842 528 3890 κεῖν
558 3841 657 3891 οὐκ
684 3841 1075 3912 ἐπιτρέπουσα,
1097 3842 1217 3894 οὐδέ
1248 3859 1301 3895 τι
1334 3844 1596 3913 πράττειν
1625 3846 1706 3907 είς
1738 3844 1870 3898 αὐτὸ
1898 3847 1983 3899 ὲν-

417 3928 614 3992 αντίον,
656 3930 857 3984 ἑκοῦσά
894 3949 955 3984 τε
989 3936 1291 4003 συγχωρεῖν
1334 3935 1395 3989 τὸ
1428 3937 1614 3990 κακόν.
1653 3939 1695 3990 Τ
1701 3937 1745 3999 ίς
1771 3933 1982 3991 οὖντὸν

417 4021 640 4091 πλησίον
664 4024 947 4094 ἠγάπησεν
978 4025 1171 4092 οὕτως,
1215 4026 1288 4089 ὡς
1321 4027 1479 4081 ἄλλον
1509 4029 1701 4082 ἑαυτὸν
1731 4031 1790 4082 ἐν
1818 4031 1983 4085 πᾶσιν

415 4116 621 4169 ἐκεῖνον
647 4117 987 4186 ήγήσασθαι;
1014 4120 1110 4180 Τίς
1126 4122 1245 4181 ταῖς
1269 4120 1327 4171 ἑν
1352 4119 1430 4190 τῷ
1458 4120 1645 4191 ἀγαθῷ
1677 4123 1983 4193 προκοπαῖς

415 4204 507 4256 τοῦ
535 4205 763 4275 ἀδελφοῦ
796 4207 871 4270 ὡς
898 4209 1129 4269 οἰκείαις
1169 4211 1612 4279 ὲπευφραίνεται,
1644 4212 1740 4265 καὶ⁵
1776 4212 1837 4266 ού
1866 4212 1983 4266 κνί-

415 4294 566 4357 ζεται
597 4301 820 4363 ταύταις
849 4300 1080 4368 ἀλόγως,
1115 4301 1208 4355 καλ⁸
1244 4303 1381 4371 πρὸς
1408 4302 1602 4371 φθόνον
1633 4304 1840 4371 ἀδοξεῖν
1880 4306 1978 4358 αύ-

392 4386 503 4449 ⁸τὸς
528 4387 871 4460 λογιζόμενος
890 4392 946 4443 ἐν
976 4386 1056 4456 οἷς
1085 4393 1566 4465 παρευδοκιμεῖται
1589 4394 1738 4467 παρά
1764 4397 1859 4451 τοῦ
1884 4398 1981 4451 πέ-

417 4477 541 4546 ).ας;
576 4481 672 4543 Τίς
707 4480 807 4552 τὴν
837 4483 996 4537 ἄλλου
1035 4485 1121 4553 ἐφ’
1152 4482 1233 4550 οἷς
1272 4484 1340 4540 ἂν
1368 4488 1506 4561 τύχῃ
1537 4488 1720 4560 τιμὴν,
1761 4489 1823 4543 ού
1856 4490 1980 4560 κρί-

2084 3283 2219 3351 Quis
2252 3283 2396 3337 enim
2446 3283 2619 3352 ipsam
2668 3283 2744 3338 ita
2784 3282 2920 3338 bene
2961 3292 3045 3337 est
3086 3291 3388 3347 assecutus,
3425 3288 3485 3336 ut
3516 3280 3651 3335 nihil

2082 3377 2132 3431 ei
2171 3373 2404 3431 defuerit
2439 3376 2505 3430 ad
2536 3374 2966 3446 perfectionem?
2996 3373 3130 3438 Quis
3158 3389 3306 3442 vero,
3336 3374 3485 3429 omni
3515 3388 3651 3441 quo-

2084 3481 2190 3534 que
2220 3466 2400 3518 studio
2432 3480 2584 3529 usus,
2617 3479 2725 3518 non
2756 3460 2942 3533 procul
2979 3464 3048 3519 ab
3094 3462 3239 3519 illius
3267 3462 3514 3519 terminis
3552 3462 3651 3517 fuit

2084 3555 2419 3611 derelictus?
2453 3553 2629 3624 thue
2663 3554 2714 3608 id
2751 3553 3039 3608 manifeste
3062 3554 3482 3617 demonstretur,
3518 3568 3651 3608 con-

2086 3654 2395 3702 sectaneum
2440 3652 2522 3700 est
2566 3644 2866 3698 verissima:
2925 3643 3231 3699 dilectionis
3293 3644 3472 3697 dicere
3528 3659 3653 3712 pro-

2087 3737 2376 3808 prietates;
2413 3734 2857 3805 quandoquidem
2906 3734 3022 3803 ipsa
3067 3744 3151 3789 est
3197 3732 3649 3803 complementum

2084 3829 2238 3900 legis,
2266 3828 2518 3898 justeque
2549 3826 2629 3881 sic
2663 3826 2863 3881 dicitur
2905 3840 2933 3879 a
2975 3825 3160 3880 divina
3204 3824 3516 3895 Scriptura;
3564 3836 3652 3880 ut-

2084 3931 2209 3992 pote
2248 3936 2368 3991 que:
2404 3934 2593 3974 omnes
2638 3918 3018 3988 complectitur
3062 3928 3241 3987 partes
3298 3916 3653 3986 legislationis

2084 4016 2379 4079 bonorum,
2420 4011 2613 4067 edocet
2646 4011 2784 4065 bene
2828 4009 3009 4064 facere
3054 4009 3382 4073 contribuli,
3440 4018 3492 4061 et
3543 4023 3652 4062 non

2083 4105 2353 4177 permittit
2396 4103 2544 4173 quod
2574 4103 2624 4157 ei
2658 4100 2924 4156 inferatur
2973 4100 3194 4170 injuria,
3226 4115 3323 4154 nec
3363 4100 3563 4170 aliquid
3598 4099 3651 4152 in

2084 4200 2261 4269 ipsum
2299 4198 2393 4251 liat
2425 4195 2785 4258 contrarium,
2817 4193 2933 4248 vult
2982 4207 3158 4247 autem
3193 4201 3250 4246 ut
3291 4191 3491 4245 malum
3522 4206 3655 4245 con-

2083 4291 2335 4345 donetur.
2388 4286 2526 4355 Quis
2575 4287 2744 4358 igitur
2796 4285 3107 4356 proximum
3157 4283 3293 4339 adeo
3337 4284 3557 4349 dilexit,
3598 4294 3655 4339 ut

2084 4382 2251 4437 alium
2287 4379 2529 4451 scipsum
2564 4378 2618 4432 iu
2651 4376 2909 4433 omnibus
2942 4377 3091 4430 illum
3119 4375 3489 4430 existimarit?
3523 4374 3654 4440 Quis

2082 4479 2150 4533 de
2204 4473 2581 4548 progressibus
2634 4470 2823 4526 fratris
2862 4470 2918 4525 in
2956 4469 3099 4524 bono
3124 4509 3139 4531 ,
3193 4468 3272 4522 uti
3308 4468 3375 4522 de
3422 4468 3655 4535 prepriis

416 4584 494 4619 νει
526 4569 820 4622 κατάλυσιν
850 4570 949 4640 τῆς
996 4571 1132 4635 ιδίας
1163 4575 1356 4643 τιμῆς;
1403 4559 1497 4638 Τίς
1534 4577 1593 4629 ὲν
1635 4559 1712 4647 τῷ
1753 4559 1980 4649 προκρι-

2085 4572 2408 4635 delectatur,
2443 4581 2621 4636 neque
2668 4562 3116 4620 irrationabiliter
3161 4560 3310 4615 hisce
3351 4559 3652 4623 vellicatur,

416 4660 560 4712 θέντι
591 4661 650 4714 ἐν
713 4664 1019 4734 ὁτῳδήποτε
1072 4665 1179 4717 τῶν
1232 4665 1534 4737 εὐδοκίμων
1580 4669 1640 4722 οὐ
1682 4671 1986 4725 κατέπεσεν

415 4749 644 4822 ἀθυμίᾳ,
673 4752 733 4805 τὸ
759 4753 1096 4827 δευτερεύειν
1133 4757 1191 4809 ὲν
1223 4756 1446 4827 ἀτιμίας
1475 4758 1632 4831 μέρει
1669 4761 1984 4832 τιθέμενος;

416 4843 510 4904 Τίς
557 4847 666 4907 τοῖς
704 4844 944 4908 ἐπαίνοις
983 4846 1077 4899 τοῦ
1110 4850 1502 4919 συμμετιόντος
1526 4850 1587 4904 τὸ
1622 4852 1781 4923 ἔργον
1804 4854 1863 4906 ού
1896 4852 1989 4908 δά-

418 4952 623 4998 κνεται,
654 4936 731 4998 ὡς
762 4938 853 4989 ἐπὶ
881 4937 1069 5006 ψόγοις
1099 4940 1355 5008 οἰκείοις;
1387 4942 1483 5008 Τίς
1533 4944 1809 5015 σφάλματί
1845 4963 1988 5010 τινος

416 5027 819 5095 ἐπεστύγνασεν
840 5028 915 5091 ὠς
940 5029 1005 5083 ἂν
1031 5032 1114 5099 ἐφ’
1154 5032 1334 5103 ἑαυτῷ
1362 5036 1616 5103 σφαλέντι
1646 5035 1805 5089 τοῦτο
1827 5037 1987 5108 ἡγού-

419 5133 616 5185 μενος;
648 5119 743 5183 Τίς
776 5121 1135 5193 ἀστοχήσαντι
1164 5125 1238 5189 ὡς
1272 5126 1452 5197 ἑαυτῷ
1485 5128 1856 5200 συνεπάθησε;
1889 5129 1985 5194 Τίς

415 5206 599 5280 ἀδοξίᾳ
617 5207 711 5261 τοῦ
737 5211 990 5281 τυχόντος
1010 5215 1110 5268 οὐκ
1131 5215 1428 5283 ὲπεγέλασε
1448 5236 1462 5284 ;
1481 5217 1577 5281 Τίς
1603 5219 1858 5290 πτώματι
1884 5220 1986 5275 οὐκ

417 5299 659 5372 ἐπεχάρη
688 5302 895 5373 ἐτέρου,
942 5306 1038 5360 καὶ
1070 5307 1172 5360 οὐκ
1202 5309 1418 5381 ἐπήρθη
1449 5311 1542 5364 ἐπὶ
1578 5311 1659 5383 τῷ
1695 5311 1984 5366 ὑποσκελίσ-

418 5407 579 5461 σματι
608 5395 821 5463 τούτου,
872 5398 1011 5467 μέγα
1042 5400 1116 5462 ὡς
1149 5401 1320 5463 ἑστὼς
1346 5402 1440 5455 ἐπὶ
1472 5402 1550 5474 τῷ
1584 5405 1801 5458 πεσόντι
1848 5421 1981 5477 φρο-

418 5483 616 5555 νῄοα;;
666 5485 762 5548 Τίς
817 5487 1023 5559 ἐλέγχῳ
1076 5491 1543 5564 πλημμελήματος
1606 5494 1877 5568 ἐρυθριῶν
1920 5513 1981 5549 τε

486 5638 531 5667 ⁸¹
562 5636 694 5691 Ceu.
733 5653 864 5703 uti,
896 5640 948 5692 4.

2083 4672 2137 4720 et
2182 4662 2469 4725 invidiose,
2518 4665 2718 4729 putans
2752 4673 2812 4712 se
2858 4654 3150 4725 inglorium
3201 4652 3255 4706 in
3297 4650 3381 4706 bis
3429 4665 3568 4716 esse,
3600 4652 3652 4705 iu

2084 4755 2282 4827 quibus
2315 4753 2464 4808 fama
2506 4750 2835 4823 praecellitur
2865 4764 2895 4802 a
2928 4746 3210 4817 proximo?
3254 4744 3387 4812 Quis
3435 4744 3655 4799 alterius

2085 4850 2349 4904 honorem
2389 4845 2442 4899 in
2471 4842 2761 4913 quibusvis
2796 4856 2903 4896 non
2937 4839 3148 4909 judicat
3175 4836 3512 4893 eversionem
3557 4836 3656 4889 ho—

2085 4940 2236 4996 noris
2279 4936 2528 5007 proprii?
2562 4933 2719 5000 Quis,
2753 4932 2882 4987 dum
2913 4930 3048 4985 alter
3084 4927 3433 4998 auteponitur
3465 4927 3565 4982 sibi
3601 4926 3654 4980 iu

2087 5036 2270 5105 aliqua
2304 5014 2683 5105 (quaecunque
2712 5027 2805 5081 illa
2836 5024 3030 5093 fuerit)
3062 5022 3395 5082 celebritate.
3426 5037 3530 5076 non
3562 5022 3655 5076 de-

2083 5128 2229 5200 jecto
2260 5123 2499 5183 concidit
2530 5122 2736 5185 animo,
2769 5118 3068 5175 secundum
3118 5124 3301 5170 tenere
3326 5115 3528 5179 locum,
3558 5114 3656 5167 de-

2086 5221 2300 5277 decoris
2329 5214 2534 5287 aliquid
2574 5227 2695 5269 esse
2720 5208 3058 5266 arbitratus?
3083 5206 3218 5273 Quis
3245 5221 3351 5261 uou
3378 5206 3658 5261 mordetur

2089 5312 2362 5375 laudibus,
2399 5307 2601 5379 quibus
2638 5303 2798 5374 307
2828 5300 3060 5357 adicitur
3089 5298 3210 5364 ille,
3261 5297 3356 5367 qui
3403 5295 3470 5351 ad
3514 5295 3654 5350 idem

2087 5419 2229 5474 opus
2256 5397 2660 5471 assequendum
2690 5393 3013 5455 collaborat,
3039 5406 3104 5446 ac
3130 5393 3177 5444 si
3219 5388 3437 5459 propria
3463 5399 3649 5441 essent

2089 5492 2401 5564 vituperia?
2445 5488 2583 5558 Quis
2626 5488 2696 5545 ob
2744 5498 2986 5540 errorem
3032 5479 3263 5551 alicujus
3311 5478 3664 5533 contristatae
