3956 6206
323 267 341 328 1
359 266 457 328 ὓ-ίἸ
1813 260 1872 319 S.

2002 261 2075 320 LI
3445 256 3583 317 1048

317 377 443 441 fuit,
464 377 786 432 existimans
817 374 920 426 boc
949 382 1206 442 tanquam
1231 387 1259 426 a
1289 387 1468 442 seipso
1496 378 1884 443 perpetratum‘

2008 374 2464 445 συνηρυθρίασεν,
2505 372 2624 442 ούχ¹ι
2664 372 2718 425 δὲ
2748 372 2844 442 τὴν
2874 372 3083 426 ἐκείνου
3123 370 3422 445 διατροπὴν
3443 377 3579 444 παῤ-

315 471 450 535 Quis
479 469 754 522 aberranti
787 481 818 520 a
847 479 1016 534 scopo
1047 465 1122 518 uti
1149 465 1254 520 sibi
1287 465 1390 534 ipsi
1425 479 1749 534 compassus
1777 467 1884 520 esti

1997 468 2193 540 ρησίαν
2225 465 2392 519 αὑτοῦ
2422 467 2688 536 ἡγήσατο,
2716 465 2808 518 ἐπὶ
2847 466 3034 534 μεῖζον
3058 465 3158 534 τὴν
3187 465 3400 518 οἰκείαν
3425 465 3588 530 δόξαν

314 563 448 625 Quis
487 561 725 614 dedecus
761 558 1000 628 vulgaris
1049 557 1290 612 hominis
1343 573 1452 611 non
1499 558 1711 612 irrisit?
1757 557 1884 624 Qui:

1995 555 2320 627 ἐπαίρεσθαι
2363 556 2534 608 δοκῶν
2591 557 2648 608 ὲν
2703 550 2786 617 οἷς
2830 554 3184 608 ἐλαττοῦσθαι
3237 555 3335 615 τὴν
3383 557 3590 627 ἑτέρων

311 654 378 704 de
407 651 631 706 alterius
657 664 789 715 casu
822 665 928 702 non
962 658 1048 703 est
1085 650 1328 718 gavisus,
1364 665 1540 719 neque
1579 651 1758 705 elatus
1804 659 1884 705 est

1996 646 2325 718 συμϐαίνεις
2381 649 2488 701 Καὶ
2525 648 2628 712 τίς,
2671 645 2812 700 κατὰ
2859 646 2952 700 τὸν
3013 646 3246 710 Παῦλον,
3300 649 3591 717 συντόμως

312 743 382 794 uti
409 742 527 810 ejus
564 757 630 794 ex
662 741 1106 811 supplantatione
1148 741 1383 809 lapsum.
1429 742 1538 794 alte
1573 741 1641 794 de
1693 756 1752 796 se
1796 756 1884 796 sa-

1993 741 2194 806 εἱπεῖν,
2246 741 2427 811 χαίρει
2487 739 2626 811 μετά
2665 739 2989 810 χαιρόντων,
3045 740 3138 796 καὶ
3199 739 3373 792 κλαίει
3443 739 3592 809 μετὰ

311 831 506 898 piens,
552 833 698 901 quod
749 833 866 902 ipse
912 833 1145 894 steterit,
1191 848 1257 886 eo
1287 831 1560 886 cadente?
1598 831 1732 897 Quis
1761 849 1884 887 cum

1997 835 2320 901 κλαιόντων,
2347 836 2816 907 συνδιατιθέμενος
2843 834 3016 896 οὕτως
3048 834 3264 901 ἑκάστῳ
3297 833 3373 896 ὡς
3417 834 3590 898 αὐτὸς

311 923 670 982 erubescente
697 965 712 991 ,
762 925 889 979 dum
931 926 1178 994 arguitur
1201 925 1405 990 delicti,
1439 925 1600 979 simul
1631 927 1884 991 erubuit,

1999 927 2288 994 διάκειται,
2325 930 2382 981 ὲν
2416 929 2662 998 φαιδροῖς
2728 928 2762 998 ἢ
2814 925 3158 996 σκυθρωποῖς
3197 925 3590 996 ἐξεταζόμενος

313 1019 368 1064 ct
412 1027 516 1066 non
565 1027 595 1065 e
642 1021 868 1078 contra,
917 1013 1065 1068 illius
1115 1013 1493 1068 confusionem
1538 1016 1751 1070 censuit
1808 1016 1893 1070 sui
2003 1019 2332 1089 πράγμασι;

317 1100 725 1166 confidentiam,
760 1110 943 1170 ratus,
982 1104 1266 1173 proprium
1331 1104 1500 1159 decus
1563 1107 1628 1158 ad
1661 1107 1838 1176 majus
1863 1107 1978 1162 fore
2015 1112 2392 1176 attollendum,
2417 1113 2544 1166 dum
2567 1112 2854 1184 contingit,
2877 1114 3106 1168 aliorum
3137 1111 3268 1166 illud
3295 1109 3590 1163 imminui?

317 1191 383 1254 Et
417 1194 539 1260 quis
581 1191 677 1257 (ut
708 1193 949 1247 breviter
989 1194 1420 1266 perstringam),
1462 1197 1762 1252 secundum
1792 1197 2019 1255 Paulum
2047 1202 2116 1267 ⁸⁸,
2146 1205 2344 1274 gaudet
2372 1220 2495 1259 cum
2534 1205 2915 1275 gaudentibus,
2972 1205 3062 1260 ﬂet
3120 1221 3245 1260 cum
3300 1203 3582 1264 ﬂentibus,

318 1286 387 1336 ita
429 1297 551 1337 sese
615 1283 1040 1339 accommodans
1115 1286 1432 1357 unicuique,
1484 1297 1644 1360 prout
1696 1289 1816 1361 ipse
1861 1306 1981 1346 sese
2031 1295 2355 1350 examinans
2425 1297 2478 1349 in
2546 1298 2713 1350 rebus
2777 1297 3042 1351 hilaribus
3095 1298 3178 1351 vel
3236 1296 3438 1349 tetricis
3496 1302 3588 1348 est

314 1373 662 1444 dispositus?

897 1485 1125 1542 CAPUT
1169 1487 1301 1544 LIX.

389 1596 493 1648 ista
556 1605 638 1648 est
693 1597 894 1666 quippe
945 1598 1231 1654 cbaritatis
1279 1603 1638 1670 praelegativa
1691 1605 1890 1658 eximia

319 1683 552 1749 eflicere,
592 1693 650 1739 ut
691 1701 884 1756 nempe
926 1699 1120 1753 status,
1167 1705 1260 1744 seu
1313 1691 1599 1760 dispositio
1648 1696 1888 1747 ninnium

319 1775 394 1843 sit
422 1776 582 1829 veluti
637 1792 741 1848 una
767 1818 781 1843 ,
836 1795 1167 1850 unoquoque
1210 1781 1484 1850 gaudente
1526 1799 1649 1838 cum
1683 1785 1886 1849 altero,

315 1866 400 1921 vel
433 1867 682 1921 similiter
709 1868 928 1924 dolente
966 1871 1138 1927 instar
1170 1873 1536 1934 membrorum
1569 1875 1732 1930 unius
1761 1891 1888 1930 cor-

315 1956 466 2028 poris
499 1957 876 2024 colligatorum
901 1999 915 2025 ,
957 1967 1010 2013 et
1045 1960 1430 2025 commissura,
1486 1977 1580 2016 seu
1631 1978 1890 2034 compage

313 2036 548 2101 invicem
605 2046 708 2101 sibi
763 2051 1154 2118 compatienter
1207 2053 1777 2121 communicautium,
1827 2070 1889 2110 ac

315 2147 535 2195 mutuas
588 2141 1000 2210 suscipientium
1057 2143 1363 2214 passiones.
1426 2143 1612 2212 Itaque
1677 2146 1723 2200 si
1791 2162 1890 2202 nec

315 2245 479 2286 omne
516 2239 729 2302 tempus
777 2232 977 2288 sullicit
1023 2234 1090 2288 ad
1133 2221 1350 2291 virtutis
1388 2236 1626 2291 studium
1663 2252 1890 2292 accura-

313 2331 465 2388 tum,
523 2332 577 2377 et
629 2339 765 2393 opus
815 2334 895 2379 est
943 2327 1112 2380 multa
1165 2327 1439 2397 vigilantia
1483 2328 1889 2386 decertantibus

313 2410 579 2467 adversus
631 2412 907 2468 dwmonas
956 2417 1381 2486 impugnantes,
1437 2419 1750 2487 quomodo,
1800 2421 1888 2476 vel

312 2501 616 2580 poterimus
643 2501 905 2570 perficere
935 2505 1106 2571 viam,
1147 2521 1267 2576 quae
1305 2506 1471 2560 multa
1501 2517 1605 2573 cst,
1653 2524 1777 2563 cum
1808 2511 1886 2564 si-

315 2609 439 2648 mus
499 2594 798 2650 oscitantes
867 2611 931 2650 ac
981 2596 1255 2664 distracti;
1311 2599 1392 2653 vel
1446 2600 1884 2657 adversariorum

314 2700 511 2739 cavere
547 2686 792 2752 insidias,
829 2689 925 2757 qui
966 2690 1121 2744 tnulti
1151 2700 1299 2755 sunt,
1331 2701 1384 2745 et
1426 2691 1750 2759 invisibiles,
1785 2709 1886 2748 lto-

315 2777 550 2847 strisque
586 2779 955 2848 passiouibus,
1004 2791 1058 2836 ct
1107 2783 1360 2838 sensibus
1406 2792 1466 2838 ut
1500 2785 1668 2840 armis
1697 2793 1883 2840 contra

313 2883 416 2925 nos
448 2879 694 2937 utuntur,
725 2884 776 2926 et
824 2873 959 2942 ipsis
991 2889 1093 2930 nos
1125 2875 1348 2941 feriunt,
1403 2877 1603 2946 quibus
1655 2888 1714 2932 ut
1753 2895 1883 2948 pro-

313 2963 658 3032 pulsanlibus
691 2963 856 3034 308
895 2965 1112 3020 auxiliis
1149 2978 1342 3022 natura
1384 2984 1484 3023 nos
1528 2971 1760 3024 armavit
1793 2971 1887 3025 ad-

318 3070 508 3109 versus
540 3055 660 3110 illos
687 3074 700 3122 ;
733 3058 928 3112 oculus
963 3056 1098 3134 ipsis
1131 3057 1356 3113 inservit
1401 3062 1465 3115 ad
1495 3063 1886 3131 concupiscen-

319 3149 445 3200 tiam
467 3163 656 3203 earum
679 3164 862 3203 rerum
889 3165 1011 3219 qua:
1033 3151 1230 3220 saepius
1251 3151 1524 3217 videntur,
1554 3154 1885 3209 desiderium

318 3241 537 3312 pariens
569 3243 891 3311 quorumvis
917 3243 1279 3298 materialium
1313 3244 1749 3314 splendidorum;
1788 3263 1887 3302 au-

315 3333 464 3386 ditus
499 3333 568 3387 ob
607 3335 800 3388 nuntia
843 3335 1020 3390 tristia
1047 3335 1291 3394 dolorem
1329 3339 1611 3394 consuevit
1654 3340 1883 3406 inferre,

313 3433 368 3477 et
396 3424 465 3479 ob
497 3440 560 3480 ea
599 3441 720 3496 quae
755 3435 884 3482 sunt
919 3428 1086 3483 veluti
1129 3430 1314 3484 animo
1356 3438 1506 3501 grata
1553 3431 1885 3501 voluptatem

313 3532 690 3585 commovere;
726 3519 1008 3575 iracundia
1031 3536 1061 3576 e
1092 3529 1356 3591 praetextu
1398 3533 1720 3580 occurrente
1759 3540 1885 3578 suc-

313 3611 564 3665 cenditur
608 3611 1012 3678 effervescens,
1063 3624 1116 3669 et
1173 3616 1506 3672 tumultuose
1565 3618 1887 3674 concutiens

314 3719 512 3774 corpus
550 3706 888 3770 universum,
922 3709 1362 3779 perturbansque
1387 3711 1885 3781 ratiocinationem,

311 3805 366 3850 et
393 3798 512 3866 ejus
545 3799 836 3868 puritatem
870 3801 1182 3870 inquinatus,
1207 3803 1691 3872 sicutpellucidam
1718 3803 1886 3860 fontis

317 3905 537 3958 aquam,
568 3889 644 3944 ita
671 3900 730 3945 ut
759 3907 868 3945 non
899 3892 1079 3946 videat
1103 3894 1386 3963 perspicue
1411 3897 1637 3966 vestigia
1668 3911 1882 3963 eorum,

312 3996 432 4049 quae
460 3983 644 4036 animo
687 3983 1085 4050 obversantur;
1122 4001 1260 4039 vana
1300 3986 1470 4056 gloria
1507 4001 1644 4057 opus
1678 3988 1732 4041 in
1781 4005 1882 4058 pu-

313 4071 513 4125 blicum
568 4073 760 4128 etferre
816 4076 1132 4146 compellit,
1202 4078 1374 4147 magis
1423 4080 1639 4148 placere
1697 4081 1884 4136 volens

313 4163 627 4218 hominibus
665 4181 828 4232 quam
863 4165 1000 4232 Deo,
1035 4179 1088 4220 et
1118 4169 1332 4225 labores
1364 4171 1581 4228 inutiles
1609 4173 1880 4241 reddens;

311 4265 411 4305 nec
458 4251 602 4305 enim
651 4254 725 4317 id,
777 4256 922 4324 quod
956 4272 1239 4326 perperam
1277 4261 1477 4316 factunt
1524 4274 1627 4328 est,
1676 4280 1882 4320 merces

311 4341 420 4396 ulla
471 4344 846 4412 consequitur,
906 4350 1125 4415 quando
1170 4367 1275 4405 non
1325 4355 1388 4406 ad
1429 4355 1751 4424 placendum
1795 4356 1880 4423 ei,

310 4432 402 4503 qui
429 4441 609 4502 potest
633 4437 855 4505 praemia
880 4440 1196 4507 rependere,
1215 4458 1400 4496 verum
1426 4445 1491 4499 ad
1519 4456 1881 4514 spectatorum

311 4526 527 4580 laudem
583 4541 785 4597 scopus
843 4531 1068 4586 omnino
1113 4535 1462 4603 respiciebat;
1512 4540 1767 4610 superbia
1815 4543 1881 4598 ad

312 4617 582 4672 tumidum
626 4617 830 4675 fastum
871 4623 1071 4678 attollit
1123 4641 1302 4695 sensa,
1348 4643 1675 4702 omnemque
1704 4635 1883 4688 bomi-

312 4725 437 4763 nem
467 4717 820 4776 contemnere
849 4713 1029 4780 docet,
1064 4725 1118 4770 et
1144 4717 1306 4773 simul
1329 4720 1594 4790 despuere
1625 4734 1880 4794 tanquam

312 4800 448 4854 viles
470 4815 832 4872 quoscunque
863 4805 1109 4874 ejusdem
1142 4812 1354 4880 generis
1375 4853 1390 4876 ,
1439 4814 1490 4868 in
1537 4815 1768 4870 sublime
1799 4827 1883 4871 at-

314 4889 456 4943 tollit
490 4895 724 4944 mentem
756 4891 820 4947 ad
852 4897 1167 4962 amentiam,
1200 4908 1253 4954 et
1278 4902 1568 4974 persuadet
1598 4911 1658 4960 ut
1692 4905 1884 4975 imagi-

311 4995 509 5035 nemur
537 4983 900 5051 aequalitatem
941 5002 1064 5042 cum
1099 4987 1243 5058 Deo;
1278 4993 1666 5061 providentiam
1702 5007 1755 5050 et
1783 5013 1882 5067 gu-

308 5073 688 5128 bernationem
748 5077 1027 5144 melioris,
1085 5095 1181 5135 seu
1230 5081 1481 5140 Numinis
1535 5101 1643 5140 non
1689 5089 1880 5153 novit;

313 5163 532 5232 quando
583 5165 773 5234 gratiis
815 5167 1140 5235 perfruitur,
1189 5185 1401 5243 reputat
1463 5192 1584 5232 sese
1641 5180 1884 5248 recipere

313 5254 457 5322 quod
494 5255 751 5325 operibus
789 5259 1046 5328 debetur;
1089 5263 1180 5318 Dei
1219 5269 1652 5336 cooperationem
1692 5271 1746 5324 in
1800 5271 1883 5326 bis

314 5361 436 5413 quae
467 5345 613 5412 facit,
647 5353 700 5399 et
731 5357 875 5403 recte
904 5353 1060 5421 gerit,
1094 5369 1201 5408 non
1234 5359 1345 5409 vult
1375 5374 1690 5428 agnoscere,
1723 5361 1882 5416 suffl~

315 5436 546 5491 cientem
598 5453 656 5498 se
709 5438 776 5492 ad
833 5455 995 5497 omne
1042 5443 1241 5500 bonum
1296 5457 1478 5504 censet
1524 5465 1554 5506 e
1593 5452 1879 5522 semetipsa

386 5631 604 5698 “Rom,
649 5654 743 5704 xu,
779 5641 864 5695 15.

1911 2833 1958 2897 ο

2581 1499 2830 1551 ΚΕΦΑΛ.
2868 1499 2997 1554 ΝΕΥ.

2070 1616 2241 1669 Τοῦτο
2270 1615 2380 1686 γὰρ
2401 1614 2502 1684 τῆς
2528 1615 2748 1685 ἀγάπης
2781 1613 3059 1686 ἐξαίρετον
3090 1612 3492 1683 πλεονέκτημα,
3520 1613 3585 1666 τὸ

1996 1706 2094 1777 τὴν
2122 1706 2360 1761 διάθεσιν
2391 1705 2498 1758 τῶν
2535 1705 2790 1758 ἁπάντων
2812 1704 3138 1774 ἐργάζεσθαι
3168 1703 3316 1774 μίαν,
3343 1706 3581 1758 ἑκάστου

1999 1795 2282 1866 χαίροντος
2329 1796 2467 1865 μετά
2496 1794 2589 1848 τοῦ
2612 1795 2821 1865 ἐτέρου,
2859 1796 2953 1848 καὶ
2981 1796 3322 1865 λυπουμένου
3348 1796 3581 1865 ὁμοίως,

2001 1887 2179 1957 μελῶν
2235 1887 2354 1950 ἑνὸς
2420 1887 2670 1956 σώματος
2722 1888 2880 1957 δίκην
2920 1888 3333 1957 συνδεδεμένων,
3375 1887 3468 1940 καὶ
3507 1890 3579 1957 τῇ

1999 1979 2236 2049 ἁρμονίᾳ,
2271 1979 2574 2049 συμπαθῶς
2607 1979 2997 2048 μεταδιδόντων
3046 1979 3318 2049 ἀλλήλοις,
3358 1979 3453 2033 καὶ
3485 1979 3582 2031 δε-

1995 2071 2239 2140 χομένων
2270 2067 2401 2139 παρ’
2424 2067 2670 2138 ἀλλήλων
2708 2067 2776 2120 τὰ
2811 2065 2981 2136 πάθη.
3014 2066 3076 2119 Εἰ
3105 2066 3284 2118 τοίνυν
3317 2063 3438 2118 οὔτε
3464 2067 3580 2125 πᾶς

1995 2163 2023 2214 ὁ
2045 2161 2232 2230 χρόνος
2262 2161 2424 2230 ἀρκεῖ
2451 2160 2590 2229 πρὸς
2617 2159 2715 2227 τὴν
2744 2157 2841 2229 τῆς
2875 2158 3077 2228 ἀρετῆς
3108 2156 3446 2226 ἐπιμέλειαν,
3477 2158 3580 2208 καὶ

1995 2251 2199 2320 πολλῆς
2230 2253 2342 2314 τοῖς
2364 2249 2784 2319 ἀγωνιζομένοις
2805 2248 2893 2302 διὰ
2915 2249 3041 2312 τοὺς
3065 2248 3580 2318 ἀνταγωνισμένους

1993 2343 2252 2414 δαίμονας
2307 2343 2464 2415 χρεία
2506 2343 2606 2410 τῆς
2649 2342 2886 2413 νήψεως,
2941 2342 3059 2404 πῶς
3104 2342 3401 2411 κεχηνότας
3474 2341 3579 2394 καὶ

1997 2436 2514 2509 μετεωριζομένους,
2559 2435 2592 2504 ἢ
2637 2434 2736 2504 τὴν
2781 2433 2902 2486 ὁδὸν
2951 2431 3214 2485 δύσϐατον
3247 2427 3412 2508 οὖσαν
3474 2431 3577 2485 καὶ.

1995 2528 2196 2598 πολλὴν
2235 2527 2384 2580 ἔστιν
2417 2527 2635 2590 ἀνύσαι,
2665 2525 2698 2596 ἢ
2729 2524 2840 2578 τῶν
2877 2523 3188 2578 ἀντιπάλων
3229 2523 3577 2590 φυλάξασθαι

1991 2617 2090 2680 τὰς
2123 2616 2414 2679 ἐπιϐουλὰς
2443 2615 2654 2669 πολλῶν
2682 2615 2873 2680 ὄντων,
2905 2613 3000 2667 καὶ
3027 2613 3297 2682 ἀοράτων,
3327 2613 3419 2666 καὶ
3461 2614 3577 2666 πά·-

1993 2710 2141 2764 θεσιν
2175 2708 2464 2780 ἡμετέροις
2523 2707 2617 2760 καὶ
2651 2706 2971 2775 αἰσθήσεσιν
3024 2704 3211 2768 ὅπλοις
3249 2705 3372 2756 καθ’
3412 2705 3573 2774 ἡμῶν

1993 2799 2368 2868 κεχρημένων,
2407 2796 2502 2848 καὶ
2533 2795 2744 2856 τούτοις
2786 2795 3090 2863 βαλλόντων
3126 2795 3293 2865 ἡμᾶς,
3327 2788 3409 2852 οἷς
3443 2797 3569 2847 κατ’

1989 2889 2167 2943 αὐτῶν
2195 2888 2552 2958 ἀμυντηρίοις
2585 2889 2617 2955 ἡ
2649 2885 2811 2955 φύσις
2843 2887 2992 2954 ἡμᾶς
3015 2883 3254 2937 ὥπλισεν
3281 2903 3295 2949 ;
3337 2884 3570 2952 Ὀφθαλ-

1991 2979 2090 3049 μὺς
2121 2978 2301 3041 αὐτοῖς
2326 2976 2588 3046 ὑπηρετεῖ
2626 2974 2761 3044 πρὸς
2789 2973 3086 3042 ἐπιθυμίαν
3124 2974 3233 3026 τῶν
3275 2974 3570 3043 ὁρωμένων

1989 3071 2267 3132 πολλάκις,
2311 3071 2491 3138 πάοης
2525 3067 2783 3137 λαμπρᾶς
2818 3065 2952 3135 ὕλης
2978 3066 3343 3136 ἐργαζόμενον
3377 3065 3561 3128 πόθον,

1987 3160 2125 3231 ἀκοὴ
2155 3160 2331 3229 λύπην
2356 3160 2448 3212 ἐπὶ
2484 3161 2603 3221 ταῖς
2628 3158 2983 3228 σκυθρωπαῖς
3011 3157 3318 3226 ἀγγελίαις.
3343 3158 3450 3210 Καὶ
3474 3157 3582 3212 ἐπὶ

1986 3256 2097 3316 τοῖς
2123 3251 2198 3315 ὡς
2229 3251 2588 3320 καταθυμίοις
2628 3252 2797 3302 κινεῖν
2851 3250 3094 3317 πέφυκεν
3138 3249 3351 3320 ἡδονήν·
3398 3248 3569 3319 θυμὸς

1987 3345 2052 3398 ὲκ
2100 3345 2200 3412 τῆς
2245 3342 2517 3413 τυχούσης
2547 3343 2846 3397 ἀνάπτεται
2896 3345 3243 3414 προφάσεως,
3289 3343 3564 3412 βράσσων,

1989 3440 2080 3492 καὶ
2111 3436 2313 3490 κλονῶν
2347 3435 2466 3488 ὅλον
2497 3435 2556 3488 τὸ
2590 3433 2773 3506 σῶμα,
2814 3436 2908 3488 καὶ
2947 3436 3036 3488 τὸν
3069 3435 3327 3504 λογισμὸν
3360 3434 3564 3501 ταράτ-

1985 3545 2115 3594 των,
2149 3530 2244 3582 καὶ
2280 3527 2448 3580 θολῶν
2486 3527 2547 3580 τὸ
2576 3527 2816 3596 καθαρὸν
2848 3527 3059 3588 τούτου,
3096 3527 3346 3594 καθάπερ
3381 3525 3564 3594 πηγῆς

1986 3620 2208 3688 διαυγὲς
2239 3619 2553 3690 ὓδωρ,πρὸς
2583 3618 2643 3670 τὸ
2677 3617 2750 3688 μὴ
2777 3617 2991 3686 τρανῶς
3011 3616 3242 3687 ὁρᾶσθαι
3274 3616 3381 3668 τῶν
3409 3615 3562 3668 ἐνθυ-

1991 3713 2130 3782 μίων
2182 3713 2308 3774 τοὺς
2348 3708 2572 3773 τύπους·
2605 3708 2878 3773 κενοδοξία
2914 3708 3261 3777 δημοσιεύειν
3303 3709 3363 3761 τὸ
3402 3707 3560 3779 ἔργον

1989 3801 2258 3871 βιάζεται,
2294 3799 2494 3870 μᾶλλον
2521 3798 2827 3868 ἀνθρώποις
2855 3799 3110 3869 ἀρέσκειν
3142 3797 3390 3862 θέλουσα,
3423 3797 3455 3866 ἦ
3487 3797 3564 3867 τῷ

1987 3891 2126 3960 Θεῷ,
2158 3891 2402 3953 καὶτοὺς
2443 3890 2638 3952 πόνους
2682 3889 2975 3961 ἀχρειοῦσα
3021 3889 3102 3958 (ού
3137 3890 3246 3961 γὰρ
3284 3889 3565 3943 ἀκολουθεῖ

1985 3981 2064 4051 τῷ
2102 3979 2438 4051 πλημμελῶς
2483 3979 2754 4051 γινομένῳ
2804 3983 2832 4033 ὁ
2884 3980 3093 4051 μισθὸς,
3131 3983 3254 4033 ἐπεὶ
3303 3982 3378 4051 μὴ
3428 3982 3564 4050 πρὸς

1988 4074 2283 4142 ἀρέσκειαν
2325 4071 2416 4123 τοῦ
2449 4072 2775 4140 ἀμείϐεσθαι
2807 4072 3128 4141 δυναμένου,
3172 4073 3304 4142 πρὸς
3345 4073 3562 4125 ἔπαινον

1917 4167 1959 4220 D
1987 4164 2043 4216 δὲ
2066 4164 2172 4215 τῶν
2200 4160 2447 4233 ὁρώντων
2473 4163 2500 4214 ό
2526 4161 2725 4225 σκοπὸς
2751 4161 2980 4213 ἔϐλεπεν
3008 4161 3186 4231 ὅλως)’
3218 4163 3564 4232 ὑπερηφανία

1991 4257 2130 4330 πρὸς
2151 4257 2316 4326 ὄγκον
2342 4257 2558 4328 ἐπαίρει
2587 4258 2648 4309 τὸ
2678 4256 2949 4327 φρόνημα,
2976 4258 3335 4326 καταφρονεῖν
3368 4253 3562 4316 παντὸς

1991 4349 2279 4420 ἀνθρώπου
2310 4349 2570 4414 διδάσκει,
2603 4350 2699 4401 καὶ
2726 4348 3007 4402 διαπτύειν
3056 4348 3129 4410 ὡς
3159 4347 3372 4408 εὐτελὲς
3418 4346 3582 4435 ἅπαν.

1991 4440 2128 4510 ὁμοῦ
2188 4440 2248 4493 τὸ
2297 4439 2592 4510 ὁμόφυλον,
2640 4438 2958 4508 μετεωρίζει
3001 4438 3092 4490 τὸν
3132 4436 3393 4506 λογισμὸν
3427 4434 3563 4504 πρὸς

1991 4533 2271 4598 ἀπόνοιαν,
2326 4531 2561 4586 meum
2619 4531 2797 4583 πείθει
2839 4529 3230 4600 φαντάζεσθαι,
3307 4528 3562 4598 πρόνοιαν

1991 4626 2085 4680 καὶ
2115 4623 2440 4693 κηδεμονίαν
2471 4622 2563 4674 τοῦ
2596 4623 2916 4693 Κρείττονος
2945 4622 3044 4674 ούκ
3073 4622 3381 4682 ἐπίσταται,
3409 4619 3560 4686 ὀφειο

1990 4715 2088 4786 λὴν
2117 4714 2296 4786 ἔργων
2321 4712 2731 4782 ἀπολαμϐάνειν
2757 4711 3028 4780 λογίζεται
3057 4706 3130 4764 ὧν
3162 4710 3420 4764 ἀπολαύει
3469 4727 3566 4777 χα-

1995 4809 2178 4879 ρίτων,
2216 4805 2506 4876 συνεργίαν
2535 4803 2670 4856 Θεοῦ
2705 4805 2762 4856 ὲν
2795 4798 2874 4867 οἷς
2907 4805 3136 4872 πράττει
3185 4805 3277 4855 καὶ
3312 4801 3566 4871 κατορθοῖ

1991 4899 2190 4952 εἰδέναι
2223 4897 2284 4950 ού
2319 4895 2588 4965 βούλεται,
2617 4894 2896 4964 αὐτάρκης
2925 4895 3090 4964 ἑαυτῇ
3123 4894 3259 4964 πρὸς
3287 4895 3395 4947 πᾶν
3428 4896 3561 4960 ἀγα-

1991 4993 2083 5046 θὸν
2127 4987 2267 5044 εἶναι
2303 4987 2534 5057 νομίζει,
2579 4986 2756 5039 πάντα
2804 4988 2870 5055 τῇ
2926 4986 3099 5055 οἰήσει
3141 4984 3348 5054 ἰσχύειν
3395 4985 3559 5045 δοκεῖ,

1989 5085 2140 5138 οὐδὲν
2176 5080 2433 5151 ἰσχύουσα
2462 5077 2618 5142 ὅλως,
2649 5075 2930 5145 πομφόλυξ
2963 5076 3078 5128 ἐστὶ
3112 5073 3558 5144 ύπερωγκωμένη

1991 5173 2258 5244 ὑπολήψει
2304 5168 2528 5240 ματαία,
2577 5164 2644 5239 ἧς
2691 5166 3164 5235 διαπνευσθείσης,
3226 5165 3376 5217 οὐδὲν
3431 5161 3562 5216 οὖσα

1989 5267 2292 5336 ἐλέγχεται.
2339 5260 2634 5330 Πνεύματα
2666 5257 2875 5328 πονηρά
2918 5258 2986 5309 τὰ
3027 5257 3125 5326 μὲν
3165 5257 3402 5326 ἐχόμενα
3444 5252 3560 5325 τρί-

1991 5361 2106 5430 βου,
2153 5358 2335 5425 τίθησι
2382 5352 2649 5408 σκάνδαλα
2703 5352 2818 5412 τοῖς
2858 5348 3108 5402 δοκοῦσιν
3156 5349 3418 5419 εὐλόγοις,
3462 5346 3560 5414 τῆς

1988 5448 2246 5519 ἀληθείας
2275 5445 2577 5513 ἀπάγοντα,
2616 5442 2780 5510 ἕτερα
2815 5437 3064 5509 καθάπερ
3091 5441 3343 5507 πετηνοῖς
3388 5440 3445 5489 ἐν
3483 5435 3558 5503 τί)
