3918 6180
310 261 445 325 1019
1087 261 1185 320 DE
1224 261 1714 322 VOLUN'I'ARIA
1753 260 2252 320 PAUPERTATE
2284 262 2382 320 AD
2407 255 2768 321 'MAGNAM.
3424 257 3561 324 1050

299 373 422 443 ἀέρι
466 371 884 426 διαπετάννυσιν
920 371 1133 432 δίκτυα,
1177 375 1304 436 τοὺς
1332 376 1513 443 ὀλίγον
1539 375 1650 428 τῶν
1675 375 1872 444 γηΐνων

1987 389 2107 428 esse
2133 392 2148 440 ;
2183 375 2284 429 sibi
2314 373 2524 427 videtur
2550 373 2731 427 omnia
2759 387 2940 442 posse,
2972 373 3138 427 nimia
3163 375 3562 433 existimatione

299 464 614 534 ύψωθέντας
651 463 863 534 βρόχων
901 465 1014 526 τοῖς
1057 464 1417 534 ὑπερέχουσιν
1455 467 1534 530 εἰς
1561 465 1872 529 ἀλαζονείαν

1980 467 2076 530 sui,
2111 481 2234 520 cum
2267 465 2400 519 nihil
2431 465 2656 519 omnino
2683 466 2891 530 valeat;
2922 465 3067 519 bulla
3095 475 3179 521 est
3226 468 3388 521 nimia
3417 470 3559 524 mole

297 555 558 624 ἀγρεύειν
580 553 921 626 πειρώμενα.

1980 557 2178 627 Lurgida
2227 571 2324 610 sua
2380 571 2445 609 ex
2508 555 2762 623 opinione
2823 555 3018 620 stulta,
3073 573 3193 625 qua:
3241 560 3559 620 exsulllnta,

298 650 463 723 309
497 649 631 703 nihil
658 663 780 703 esse
805 649 1070 719 arguitur.
1115 649 1237 704 Mali
1269 650 1490 719 quidem
1526 651 1754 720 spiritus
1803 650 1878 704 illi
1918 650 1973 704 in
2042 650 2234 703 semita
2303 657 2707 702 commorantes
2740 655 2950 716 ponunt
2979 649 3300 704 oﬂ'endicnla
3335 653 3436 715 his,
3469 656 3560 722 qui

301 744 406 798 sibi
436 742 692 795 videntur
717 739 1092 805 rationabiles,
1141 749 1201 794 ut
1237 755 1334 794 eos
1366 755 1395 794 a
1447 743 1673 795 veritate
1714 741 2006 800 abducant,
2038 738 2129 791 alii
2198 737 2357 792 siculi
2421 736 2754 799 volucribus,
2789 737 2841 788 in
2903 753 3026 790 nere
3065 739 3198 792 retia
3227 742 3560 809 expandunt,

304 839 577 889 tentantes
607 831 768 900 paulo
798 845 828 882 a
858 829 1089 884 terrenis
1118 829 1386 884 exaltatos
1427 830 1638 900 laqueis
1665 827 2200 902 supereminentibus
2229 827 2296 881 ad
2327 826 2646 896 iactantiam
2677 826 2964 894 aucupari.

906 937 1162 992 ΚΕΦΑΛ.
1202 937 1279 992 Ξ’.

380 1055 548 1107 Ἀλλα
581 1055 708 1116 τοὺς
746 1051 1100 1122 ἐπουρανίους
1117 1051 1492 1106 καταλαϐόντα
1544 1052 1764 1118 τόπους,
1802 1051 1878 1116 ῶς

303 1162 466 1214 φησιν
496 1145 523 1195 6
545 1141 852 1205 Παῦλος,τὰ
885 1141 1234 1207 πνευματικὰ
1255 1142 1352 1211 τῆς
1380 1142 1646 1213 πονηρίας
1680 1146 1737 1196 ὲν
1764 1145 1878 1207 τοῖς

301 1238 672 1308 ἐπουρανίοις,
705 1235 832 1298 τοὺς
858 1235 918 1287 τὸ
951 1235 1250 1306 πολίτευμα
1295 1236 1520 1306 ἔχοντας
1549 1239 1606 1289 ὲν
1637 1237 1873 1308 οὐρανῷ,

299 1332 417 1384 ἐκεῖ
443 1329 549 1382 τῶν
580 1332 676 1399 τῆς
719 1326 1097 1398 ὑπερηφανίας
1136 1327 1284 1390 ἐντὸς
1319 1326 1538 1394 ἀρκύων
1580 1328 1876 1398 πειρῶνται

299 1424 506 1477 λαϐεῖν’
642 1421 804 1476 πάθει
847 1420 937 1473 τὸν
980 1421 1196 1490 πρῶτον
1229 1420 1602 1489 ἀπονοηθέντα
1630 1417 1876 1473 διάϐολον

301 1514 598 1568 κατέϐαλον
627 1517 705 1577 εἰς
739 1515 838 1584 τὴν
870 1515 994 1583 γῆν,
1027 1512 1200 1583 τούτῳ
1224 1514 1351 1575 τοὺς
1377 1511 1768 1572 ἀναϐαίνοντας
1796 1509 1878 1580 τῷ

303 1605 403 1674 βίῳ
432 1606 496 1656 ὲκ
535 1605 633 1672 τῆς
663 1605 838 1674 ἄκρας
881 1603 1167 1673 περιωπῆς
1199 1599 1574 1670 καταστρέψαι
1611 1613 1873 1668 πραγμα-

2577 935 2806 991 CAPUT
2851 936 2960 990 LX.

2053 1053 2158 1107 Alii
2209 1052 2454 1122 (scilicet
2501 1051 2759 1122 Spiritus)
2815 1052 3055 1107 cmlestia
3107 1056 3222 1110 loca
3262 1057 3560 1112 invatlcndo

1983 1144 2144 1216 (cum
2177 1145 2322 1209 sint,
2359 1155 2418 1198 ut
2449 1145 2524 1198 ait
2566 1143 2770 1198 Paulus
2796 1184 2808 1208 ,
2860 1145 3164 1212 spiritualia
3209 1151 3460 1215 nequitize
3508 1154 3560 1203 in

1982 1237 2296 1291 cmlestibus
2322 1237 2368 1268 ⁸⁸
2393 1237 2432 1304 ),
2479 1251 2574 1290 eos
2616 1238 2712 1305 qui
2748 1239 3222 1292 conversationem
3275 1241 3474 1294 habent
3506 1242 3560 1295 in

1982 1329 2134 1384 caelis
2159 1329 2227 1392 ⁸⁵,
2265 1328 2337 1382 ibi
2383 1328 2523 1381 intra
2552 1329 2821 1397 superbia:
2849 1330 3075 1383 reticula
3122 1346 3312 1399 capere
3355 1347 3560 1385 conan-

1980 1433 2108 1489 tur;
2162 1439 2268 1491 qua
2303 1423 2561 1491 passione
2592 1423 2961 1476 dementatum
3000 1425 3234 1492 primmn
3279 1424 3555 1477 diabolum

1982 1514 2314 1585 prmcipitem
2373 1515 2684 1582 dejccerunt
2751 1515 2805 1567 in
2859 1523 3080 1575 terram,
3141 1515 3240 1569 hac
3293 1531 3410 1580 eos,
3465 1517 3557 1584 qui

1981 1605 2286 1658 ascendunt
2314 1604 2443 1659 illuc
2467 1607 2592 1657 vitae
2620 1605 2777 1658 istius
2801 1620 3014 1674 genere,
3047 1620 3075 1658 e
3107 1620 3318 1657 summa
3344 1608 3557 1672 specula

299 1695 734 1766 τευόμενα.”οσα
748 1695 803 1747 δὲ
821 1695 1067 1763 πολεμεῖ,
1087 1693 1180 1746 καὶ
1199 1690 1476 1754 πυκτεύει,
1503 1690 1596 1742 καὶ
1620 1691 1872 1759 μάχεται,

1981 1704 2038 1748 ιιι
2082 1695 2339 1748 deorsum
2395 1711 2616 1750 eversos
2667 1695 2973 1763 projiciant,
3027 1698 3380 1750 contendunt.
3418 1696 3560 1763 Quot

303 1786 706 1858 παγκρατιάζει
748 1803 828 1848 τε,
874 1785 968 1838 καὶ
1009 1785 1250 1845 παλαίει,
1297 1784 1390 1836 καὶ
1435 1781 1718 1851 συντρέχει
1762 1781 1874 1840 τοῖς

299 1879 602 1950 τρέχουσιν,
630 1878 728 1946 οὐχ
751 1877 837 1930 ἵνα
869 1876 986 1945 μετ’
1007 1875 1186 1928 αὐτῶν
1216 1875 1308 1926 ἐπὶ
1329 1873 1388 1925 τὸ
1414 1871 1665 1942 βραϐεῖον
1691 1869 1871 1938 φθάσῃ

299 1976 400 2042 τῆς
424 1971 670 2032 κλίσεως,
703 1968 818 2021 ἀλλ’
855 1968 1001 2030 ὅπως
1041 1967 1475 2020 ὑποσκελίσαντα
1502 1961 1768 2032 ὲμποδίσῃ
1795 1960 1874 2030 τῷ

299 2062 502 2134 δρόμῳ,
533 2056 704 2110 πολλὰ
729 2056 879 2120 ὅντα,
907 2055 982 2117 ὼς
1012 2055 1104 2106 καὶ
1127 2055 1155 2105 6
1182 2052 1390 2114 Παῦλός
1419 2067 1573 2119 φησι,
1602 2048 1695 2100 καὶ
1720 2046 1876 2114 ποιῆ-

302 2169 390 2206 σαι
419 2152 497 2222 τῷ
519 2151 663 2220 λόγῳ
701 2149 873 2219 μῆκος
897 2147 1192 2215 δυνάμενα,
1223 2142 1456 2213 χαλεπὸν
1485 2139 1875 2208 ἀπαριθμήσα-

301 2245 423 2297 σθαι
452 2242 546 2294 ιιιιαῒ⁸
585 2242 642 2294 ού
675 2240 876 2311 ρᾴδιον,
911 2232 989 2300 οἷς
1017 2239 1064 2290 οἱ
1094 2235 1390 2306 μαχόμενοι
1415 2231 1600 2301 καιρὸν
1625 2227 1874 2297 οὐδαμῶς

300 2335 543 2404 ἴσχουσιν
604 2332 854 2400 ἀσχολεῖν
897 2329 1034 2400 πρὸς
1073 2328 1236 2397 ’ἐτερα
1273 2325 1372 2396 τὴν
1396 2323 1631 2376 διάνοιαν
1653 2320 1752 2388 τῆς
1779 2337 1872 2371 τυ-

296 2426 498 2495 χούσης
527 2422 852 2492 ἀπαγωγῆς,
877 2419 1087 2478 τούτοις
1112 2417 1210 2487 μὲν
1231 2417 1420 2485 ἣττης,
1451 2416 1562 2468 τοῖς
1584 2411 1640 2464 δὲ
1662 2410 1874 2481 ἐχθροῖς

218 2503 226 2510 ’
298 2518 449 2582 νίκης
484 2514 774 2585 γινομένης
791 2513 988 2574 αἰτίας.
1025 2509 1244 2570 Τούτοις
1265 2503 1356 2560 οὖν
1387 2504 1675 2574 προσέχειν
1703 2505 1872 2568 ἀναγ-

298 2608 471 2669 καῖον,
507 2605 600 2658 καὶ
635 2603 708 2675 μὴ
775 2599 1146 2672 περισπᾶσθαι
1192 2598 1327 2669 πρὸς
1380 2596 1447 2648 τὰ
1510 2591 1872 2662 συνεργοῦντα

295 2697 418 2753 καθ’
446 2697 603 2768 ἡμῶν
633 2698 746 2758 τοῖς
784 2691 1118 2754 ἀντιπάλοις.
1159 2691 1223 2742 Ὃ
1275 2687 1382 2758 γὰρ
1413 2687 1478 2740 ἄν
1525 2702 1604 2746 τις
1651 2682 1871 2750 λογίση-

295 2805 386 2842 ται
439 2787 545 2840 τῶν
584 2786 660 2856 μὴ
692 2783 1087 2837 συντελούντων
1121 2780 1256 2850 πρὸς
1285 2779 1384 2847 τὴν
1423 2775 1729 2846 γυμνασίαν
1773 2773 1872 2842 τῆς

295 2881 568 2950 ἡμετέρας
599 2876 898 2946 ἀθλήσεως,
931 2872 1090 2926 τοῦτο
1119 2873 1256 2939 λαϐὴ
1298 2873 1408 2932 τοῖς
1438 2868 1704 2929 ἐναντίοις
1734 2866 1870 2929 ἐστὶ,

299 2963 738 3035 μεσολαϐούντων
775 2964 944 3032 ἡμᾶς,
977 2961 1070 3014 καὶ
1116 2961 1218 3026 ἔξω
1245 2960 1547 3030 βαλλόντων
1580 2956 1671 3008 τοῦ
1703 2955 1874 3024 σκάμ-

1977 1801 2103 1840 vero
2133 1785 2452 1854 belligerant
2476 1827 2489 1848 ,
2519 1795 2571 1839 et
2604 1795 2865 1854 pugnant,
2899 1796 2951 1839 et
2977 1787 3276 1850 decertant,
3314 1796 3368 1840 et
3407 1804 3561 1842 excr-

1976 1886 2100 1933 ccnt
2125 1893 2183 1933 se
2205 1879 2353 1932 omni
2381 1878 2698 1941 certamine,
2726 1887 2779 1931 et
2807 1879 3102 1942 luctantur,
3136 1888 3190 1932 et
3215 1888 3558 1932 concurrunt

1978 1985 2103 2024 cum
2133 1969 2503 2031 currentibus,
2544 1985 2650 2023 non
2687 1980 2746 2022 ιιι
2777 1986 2899 2024 cum
2931 1971 3062 2038 ipsis
3091 1972 3375 2038 praemium
3409 1970 3554 2023 obti-

1978 2067 2143 2111 neant
2195 2058 2535 2124 vocationis,
2589 2060 2682 2112 sed
2720 2069 2776 2112 ut
2809 2075 2902 2113 eos
2933 2060 3332 2128 supplantando
3384 2060 3556 2128 impe-

1975 2149 2126 2202 diant
2157 2163 2184 2200 a
2221 2164 2414 2213 cursu;
2454 2165 2576 2203 cum
2611 2150 2764 2202 multi
2799 2150 3064 2203 exsistant
3096 2151 3201 2219 (uti
3257 2160 3310 2203 et
3353 2147 3556 2206 Paulus

1976 2239 2053 2292 ait
2077 2237 2152 2306 ⁸⁷)
2186 2248 2242 2292 et
2271 2239 2544 2308 prolixum
2582 2254 2890 2292 sermonem
2922 2239 3137 2307 exigere
3168 2239 3398 2308 possint,
3433 2254 3555 2292 mo-

1977 2329 2176 2384 lestum
2211 2339 2321 2393 est,
2355 2346 2451 2383 nec
2478 2329 2600 2383 illos
2628 2330 2784 2384 facile
2807 2330 3176 2394 dinumerare,
3210 2347 3331 2384 cum
3357 2330 3555 2397 quibus

1974 2433 2284 2493 pugnantes
2317 2438 2660 2493 nequaquam
2704 2424 2884 2476 valent
2918 2437 3184 2491 occnpare
3219 2429 3452 2474 mentem
3498 2420 3556 2473 in

1975 2515 2100 2568 aliis
2132 2515 2319 2576 rebus,
2355 2531 2491 2583 quas
2519 2515 2639 2566 talis
2672 2514 2970 2582 rcquircrct
3001 2511 3292 2574 abductio;
3328 2526 3446 2579 quae
3471 2509 3555 2563 his

1977 2607 2197 2676 quidem
2227 2623 2393 2661 causa
2425 2606 2566 2660 foret
2593 2607 2786 2668 cladis,
2817 2604 3052 2658 inimicis
3083 2612 3263 2656 autem
3293 2601 3550 2654 victorim.

1973 2699 2053 2752 Ad
2101 2700 2217 2754 lucc
2254 2699 2420 2768 igitur
2451 2702 2728 2753 attendere
2762 2712 3044 2750 necvssum
3085 2705 3187 2757 est,
3229 2709 3401 2762 neque
3444 2693 3555 2744 dis-

1977 2787 2113 2841 trahi
2148 2787 2213 2841 ad
2247 2804 2332 2854 ea,
2367 2805 2488 2857 qua:
2518 2795 2706 2842 contra
2749 2803 2851 2841 nos
2903 2786 3230 2840 adversariis
3262 2799 3556 2851 (cuperan-

1977 2889 2099 2944 tur;
2129 2879 2272 2948 quod
2297 2881 2442 2934 enim
2473 2895 2568 2933 cen
2584 2890 2664 2933 set
2695 2878 2894 2945 aliquis
2928 2893 3046 2931 esse
3072 2892 3135 2929 ex
3168 2875 3255 2936 iis,
3285 2890 3402 2942 qua:
3425 2871 3554 2926 nihil

1979 2969 2274 3026 conferunt
2304 2972 2370 3026 ad
2405 2971 2849 3024 exercitationem
2877 2968 3050 3022 nostri
3081 2967 3414 3028 certaminis,
3453 2965 3554 3019 hoc

298 3073 484 3126 ματος,
521 3055 659 3122 ὅπερ
694 3056 786 3107 καὶ
825 3054 978 3116 αὐτὸ,
1019 3055 1066 3106 εί
1101 3053 1194 3104 καὶ
1225 3050 1302 3121 μὴ
1333 3049 1550 3118 πτῶμα,
1586 3047 1701 3102 ἀλλ’
1726 3050 1872 3116 ὅμως

1981 3062 2046 3113 ad
2085 3061 2501 3128 [ll't‘llellSiOllenl
2537 3060 2788 3114 hostibus
2817 3070 2901 3114 est
2932 3069 3116 3126 aptum
3141 3099 3155 3121 ,
3194 3073 3302 3124 qtto
3351 3070 3453 3108 nos
3498 3056 3551 3108 in

293 3141 435 3220 ἤττά
466 3145 1095 3218 ὲστι,παρασαλευθῆναι
1126 3142 1227 3215 τῆς
1258 3141 1624 3211 βεϐαιότητος,
1659 3141 1751 3192 καὶ
1777 3139 1867 3206 ἀφ’

295 3232 371 3293 ὧν
411 3239 515 3292 ἔδει
554 3238 860 3308 φροντίζειν
886 3236 1156 3305 ὲξωθῆναι
1195 3237 1285 3287 επὶ
1325 3235 1393 3287 τὰ
1424 3233 1687 3304 μηδαμῶς
1719 3250 1869 3301 μερι-

298 3331 534 3400 μνᾶσθαι
557 3330 861 3398 όφείλοντα’
895 3328 1105 3396 ἐπειδὴ,
1131 3325 1458 3394 δικαζοΰσης
1490 3323 1768 3391 ἀληθείας,
1795 3323 1868 3384 ὼς

293 3421 354 3475 ἒν
387 3418 537 3482 ὕλαις
567 3421 601 3488 ἠ
633 3420 898 3488 ἐνέργεια,
925 3416 1097 3479 οὕτως
1120 3419 1176 3468 ἐν
1210 3415 1428 3484 βουλαῖς
1455 3417 1481 3467 6
1510 3419 1585 3488 μὴ
1612 3413 1868 3480 καθήκων

293 3511 550 3580 λογισμὸς
579 3504 716 3582 ἧττα
776 3511 872 3562 καὶ
902 3507 1102 3578 πτῶμά
1128 3509 1262 3559 ἐστι.
1290 3507 1385 3558 Διᾶ
1417 3505 1592 3570 τοῦτο,
1621 3505 1870 3574 λογισμοὶ

292 3601 516 3656 δικαίων
538 3602 800 3671 κρίματα·
833 3600 1137 3670 κυϐερνῶσι
1173 3598 1226 3650 δὲ
1263 3597 1352 3648 καὶ
1380 3596 1598 3658 ἀσεϐεῖς
1630 3595 1812 3657 δόλους
1852 3611 1864 3624 ·

293 3697 343 3748 οἱ
389 3697 485 3766 μὲν
518 3694 812 3766 βεϐηκότες
875 3696 932 3746 ἐν
975 3691 1051 3760 τῷ
1092 3690 1282 3759 ἀγαθῷ
1329 3687 1688 3758 κεκριμένως,
1719 3689 1767 3738 οἱ
1813 3687 1870 3739 δὲ

295 3790 434 3858 πρὸς
463 3786 523 3839 τὸ
546 3787 717 3840 κακὸν
746 3787 994 3847 εὐκόπως
1029 3783 1393 3851 οἱακιζόμενοι
1429 3779 1580 3851 παρὰ
1616 3779 1709 3833 τοῦ
1737 3779 1872 3849 πρὸς

292 3881 355 3932 τὸ
390 3879 750 3949 προκείμενον
779 3878 1052 3940 ποικίλαις
1088 3875 1331 3946 μεθόδοις
1369 3874 1742 3943 κυϐερνῶντος
1782 3873 1871 3926 τὸν

289 3969 466 4031 δόλον,
499 3969 573 4037 πῆ
611 3968 709 4038 μὲν
739 3961 863 4031 ὦδε,
897 3967 974 4036 πῆ
1000 3966 1054 4018 δὲ
1085 3967 1283 4026 ἐκεῖσε,
1315 3962 1553 4032 συνεχῶς
1582 3962 1872 4032 τρέποντος

288 4059 363 4112 τὰ
394 4059 737 4128 βουλεύματα
765 4057 1014 4126 καθάπερ
1047 4055 1222 4108 ἱστίου
1255 4052 1576 4124 μεταϐολαῖς
1604 4052 1873 4114 ίθύνοντος

288 4150 388 4205 τοῦ
421 4151 606 4203 πλοίου
645 4149 733 4202 τὸν
776 4149 976 4220 δρόμον
1032 4146 1167 4217 πρὸς
1197 4143 1290 4208 οὓς
1323 4143 1571 4214 ἐξορμῶν
1613 4141 1872 4213 προέθετο

286 4238 540 4307 λιμένας.
569 4239 666 4290 Διὰ
696 4237 851 4290 τοῦτο
877 4239 906 4289 ὁ
935 4237 1033 4306 μέν
1064 4251 1216 4304 φησί’
1257 4253 1274 4285 ι
1320 4233 1530 4302 Καρδία
1567 4232 1758 4302 ἀνδρὸς
1785 4231 1873 4284 λο-

290 4329 534 4406 γιζέσθω
561 4331 766 4391 δίκαια,
800 4330 886 4382 ἵνα
914 4327 1019 4381 ὑπὸ
1049 4327 1182 4379 Θεοῦ
1207 4325 1475 4395 διορθωθῇ
1508 4324 1578 4377 τὰ
1600 4324 1872 4392 διαϐήμα-

1983 3149 2163 3202 ιιιοιῖἰο
2198 3165 2360 3204 cursu
2396 3149 2766 3220 intercipiant,
2801 3156 2854 3203 et
2887 3158 3035 3202 extra
3070 3146 3272 3201 fossam
3301 3162 3394 3199 seu
3427 3160 3553 3209 gra-

1972 3242 2096 3293 ιῖιιτιι
2146 3240 2434 3310 dcjiciant;
2479 3242 2625 3311 quod
2661 3241 2912 3310 equidem
2954 3239 3116 3309 310
3153 3237 3402 3307 quamvis
3447 3253 3552 3288 nou

1977 3333 2043 3384 sit
2081 3332 2288 3400 lapsus,
2321 3343 2560 3386 attamen
2595 3330 2887 3386 inferiores
2917 3340 3045 3384 sunt
3071 3340 3269 3398 partes,
3303 3330 3554 3397 aliquan-

1973 3430 2088 3476 tum
2129 3422 2341 3477 scilicet
2368 3423 2588 3477 concuti
2635 3437 2664 3474 a
2710 3422 2884 3490 prima
2929 3421 3220 3480 ﬁrmitate.
3257 3430 3311 3473 et
3355 3420 3423 3471 ab
3466 3420 3553 3478 iis.

1973 3531 2095 3584 quae
2125 3529 2318 3568 curare
2368 3513 2750 3567 debuissentus
2799 3509 3033 3570 extrudi,
3077 3517 3132 3562 et
3170 3508 3328 3574 dt-jit-i
3367 3507 3429 3559 ad
3465 3523 3551 3570 ca,

1970 3609 2035 3660 de
2097 3607 2295 3674 quibus
2344 3605 2504 3659 nobis
2559 3602 2706 3657 nulla
2755 3601 2911 3654 debet
2968 3614 3089 3653 esse
3185 3597 3529 3659 sollicitudo;

1976 3695 2444 3766 quamloquidem,
2486 3695 2530 3748 si
2561 3691 2994 3748 controversiam
3033 3689 3232 3742 veritas
3264 3688 3552 3755 disceptet,

1972 3786 2114 3839 sicut
2148 3784 2200 3836 in
2235 3783 2475 3837 materiis
2508 3780 2788 3851 operatio,
2835 3779 2908 3833 ita
2959 3778 3011 3831 in
3054 3777 3425 3830 voluntatibus
3471 3775 3555 3827 in-

1973 3874 2310 3929 conveniens
2358 3871 2620 3942 cegitatio
2667 3881 2752 3926 est
2785 3869 3078 3923 diminutio
3113 3878 3162 3922 et
3203 3881 3387 3922 casus.
3433 3865 3554 3918 Ideo

1973 3965 2339 4035 cogitationes
2371 3966 2639 4032 iustorum
2683 3962 2888 4031 judicia
2928 3959 3171 4027 dirigunt
3201 3977 3213 4012 :
3248 3957 3555 4026 gubernant

1972 4070 2103 4108 vero
2134 4064 2188 4109 ct
2220 4055 2371 4122 impii
2405 4054 2560 4107 dolos
2591 4054 2658 4107 ⁸⁸.
2706 4051 2873 4104 Primi
2903 4050 3121 4120 quidem
3152 4049 3244 4103 ubi
3274 4062 3556 4118 processe-

1973 4145 2084 4198 rint
2117 4145 2360 4199 adhibito
2386 4143 2597 4213 judicio
2633 4143 2686 4196 in
2721 4142 2902 4206 bono;
2938 4139 3163 4194 secundi
3191 4153 3320 4193 vero
3347 4138 3411 4190 ad
3437 4153 3555 4190 ma-

1975 4240 2086 4292 lum
2121 4237 2315 4298 facile,
2356 4237 2513 4306 quasi
2549 4235 2921 4304 gubernaculo
2950 4232 3206 4296 admoto,
3261 4231 3451 4284 directi
3487 4229 3556 4282 ab

1974 4342 2070 4388 co,
2126 4326 2218 4394 qui
2248 4324 2546 4379 secundum
2588 4323 2818 4393 subjecti
2871 4321 3149 4376 materiam
3180 4321 3347 4374 variis
3382 4320 3556 4372 modis

288 4437 360 4473 τα
380 4409 546 4472 αὐτοῦ
575 4435 587 4449 ’
623 4439 640 4470 ι
675 4420 704 4471 6
733 4419 810 4480 δὲ,
851 4437 869 4468 ι
902 4418 969 4470 Εἴ
995 4434 1078 4480 τις
1118 4416 1309 4488 ἀρετὴ,
1339 4417 1432 4469 καὶ
1460 4415 1513 4468 εί
1545 4433 1628 4478 τις
1651 4415 1872 4478 ἔπαινος

1980 4419 2166 4473 dolum
2191 4427 2412 4472 struens
2444 4426 2692 4486 apparat,
2727 4425 2781 4469 et
2804 4415 3151 4484 aliquatenus
3180 4412 3398 4482 quidem
3426 4411 3552 4470 huc.

290 4511 468 4564 ταῦτα
503 4511 805 4578 λογίζεσθε.
847 4529 864 4562 ι

1981 4511 2326 4579 aliquatenus
2353 4509 2482 4574 alio,
2517 4507 2737 4563 assidue
2766 4517 2948 4560 autem
2995 4504 3225 4558 consilia
3271 4501 3452 4562 vertit,
3487 4499 3552 4551 ad

289 4605 468 4659 instar
494 4603 596 4658 veli
653 4602 936 4671 dirigentis
976 4617 1196 4655 cursum
1253 4601 1452 4668 navigii
1521 4617 1618 4670 pro
1683 4601 2082 4656 mutationibus
2141 4602 2207 4656 ad
2272 4617 2388 4666 eos,
2430 4615 2568 4669 quos
2611 4599 2828 4653 solvens
2874 4611 2904 4650 e
2941 4595 3174 4648 statione
3221 4591 3320 4646 sibi
3355 4605 3554 4659 prapo-

290 4698 504 4762 suerit,
553 4703 781 4765 portus;
838 4695 958 4749 ideo
989 4694 1139 4756 dicit,
1175 4693 1386 4763 primus
1412 4693 1671 4761 quidem:
1713 4712 1730 4744 ι
1765 4692 1875 4747 Cor
1913 4692 2149 4746 hominis
2175 4692 2320 4760 justa
2354 4692 2590 4758 cogitet,
2635 4699 2695 4741 ut
2741 4704 2768 4741 a
2812 4686 2922 4740 Deo
2987 4698 3205 4756 gressus
3270 4681 3388 4751 ejus
3419 4679 3562 4734 diri-

291 4796 492 4858 gantur
521 4787 608 4852 3°;
652 4803 670 4836 ι
713 4784 852 4838 alter
883 4797 1051 4837 vero:
1089 4801 1108 4833 ι
1143 4780 1198 4836 Si
1229 4798 1333 4852 qua
1369 4784 1561 4845 virtus,
1598 4793 1651 4836 et
1681 4783 1727 4838 si
1759 4799 1865 4852 qua
1901 4783 2022 4836 laus
2047 4780 2367 4849 disciplinac,
2404 4781 2504 4833 ista
2536 4779 2768 4847 cogitate
2794 4779 2862 4830 ’°.
2899 4795 2918 4828 ι

883 4898 1134 4950 ΚΕΦΛΛ.
1169 4896 1289 4950 ΞΑ’.

364 4989 459 5055 Οἷς
486 4992 552 5062 δὴ
579 4991 861 5059 λογισμοῖς
902 4987 1204 5058 κεχρῆσθαι
1243 4987 1590 5052 διδάσκοντες
1620 4990 1749 5052 τοὺς
1781 4989 1872 5041 εὖ·

288 5099 491 5136 τακτον
521 5081 666 5151 ἔχειν
701 5079 1060 5149 βουλομένους
1084 5078 1192 5132 τῶν
1218 5078 1491 5149 ὲνθυμίων
1533 5080 1622 5132 τὸν
1648 5081 1867 5150 δρόμον·

288 5173 463 5238 οὕτως
518 5175 547 5226 6
597 5173 760 5226 Δαϐὶδ
799 5172 928 5225 ποτὲ
971 5172 1070 5241 μὲν
1103 5171 1312 5240 ἔλεγεν,
1348 5189 1365 5218 ι
1402 5173 1465 5224 ἸΙ
1521 5172 1723 5241 μελέτη
1773 5171 1872 5239 τῆς

287 5266 520 5337 καρδίας
556 5283 660 5336 μου
695 5265 930 5327 σύνεσιςο
961 5284 978 5315 ι
1011 5263 1142 5317 ποτὲ
1167 5263 1244 5325 δὲ,
1289 5281 1307 5314 ι
1349 5263 1646 5335 Μελετήσω
1675 5266 1734 5316 ὲν
1759 5266 1872 5328 τοῖς

287 5353 625 5426 δικαιώμασί
656 5371 751 5407 σου
781 5354 870 5408 διὰ
895 5353 1114 5416 παντός’
1159 5373 1176 5404 ι
1222 5353 1316 5406 καὶ
1349 5353 1530 5416 πάλιν,
1571 5371 1588 5403 ι
1624 5353 1866 5420 Μελετήο

291 5467 372 5502 σω
403 5449 461 5499 ὲν
488 5449 622 5501 πᾶσι
648 5450 762 5511 τοῖς
786 5446 966 5517 ἔργοις
996 5464 1089 5499 σου
1123 5448 1215 5500 καὶ
1243 5449 1298 5498 ἐν
1331 5449 1442 5508 τοῖς
1474 5445 1870 5514 ἐπιτηδεύμασί

365 5606 409 5635 ⁸⁸
442 5603 636 5672 Ephcs.
671 5621 743 5668 νι,
781 5604 866 5658 Η.

291 5679 339 5710 ⁸⁸
381 5675 616 5740 Philipp.
654 5691 726 5736 tv,
757 5676 810 5728 8.

943 5606 989 5636 ⁸⁸
1017 5603 1248 5672 Philipp.
1286 5619 1365 5665 ιιι,
1399 5603 1488 5656 ‘20.

1567 5602 1609 5632 ⁸⁷
1655 5602 1691 5656 ΙΙ
1723 5602 1859 5657 'l'itn.
1906 5620 1964 5664 ιι,
1999 5603 2077 5662 16,
2118 5601 2198 5653 I7.

887 5676 926 5706 "
961 5674 1103 5728 Psal.
1143 5689 1323 5730 XLVIII,
1353 5679 1385 5732 ι
1417 5692 1428 5738 ;
1467 5674 1606 5726 l‘sal.
1649 5691 1798 5726 Mttt.
1837 5675 1916 5725 lii.

2545 4889 2772 4945 CAPUT
2818 4888 2954 4942 LXI.

2049 4985 2144 5040 llis
2178 4986 2359 5054 itaque
2385 4983 2810 5054 cogitationibus
2841 4980 3037 5034 docent
3071 4978 3146 5029 uti
3184 4975 3380 5029 debere
3410 4974 3548 5036 illus,

1977 5079 2070 5150 qui
2100 5094 2323 5133 cursum
2355 5074 2786 5129 intellectionum
2823 5073 2960 5125 bene
3012 5067 3321 5122 ordinatum
3373 5073 3551 5117 tenere

1975 5172 2195 5233 volunt;
2239 5169 2318 5224 sic
2362 5167 2529 5222 David
2565 5178 2956 5233 nonnunquam
3004 5160 3254 5230 equidem
3300 5157 3550 5209 dicebat:

1986 5280 2004 5312 ι
2053 5260 2329 5316 Mcditatio
2379 5260 2562 5313 cordis
2605 5255 2707 5309 mei
2759 5252 3160 5323 prudentia“;
3207 5267 3222 5296 ι
3279 5246 3549 5302 interdum

1979 5370 2108 5408 vero
2151 5371 2163 5406 :
2200 5373 2216 5403 ι
2280 5350 2585 5405 Meditabor
2632 5348 2685 5402 in
2736 5343 3217 5415 justiﬁeatinnibus
3261 5340 3368 5394 tuis
3413 5356 3544 5393 sem-

1979 5441 2184 5516 pcr";
2229 5465 2246 5498 ι
2292 5457 2454 5514 atque
2495 5455 2730 5497 rursus:
2779 5459 2796 5490 ι
2850 5437 3153 5492 Meditabor
3196 5436 3248 5486 in
3300 5431 3554 5486 erunibus

2278 5601 2321 5630 ⁸³
2361 5599 2519 5651 l‘ruv.
2558 5615 2618 5662 ιι,
2659 5596 2809 5651 5-15.
2888 5595 2929 5623 “‘9
2968 5591 3126 5645 Prov.
3162 5606 3245 5654 ιιι,
3271 5587 3340 5653 6;
3367 5600 3484 5650 ut,
3511 5582 3564 5636 9.

1996 5676 2039 5704 ν’
2080 5673 2219 5723 l‘s:tl.
2253 5687 2436 5729 ττι-ιιι,
2475 5667 2556 5721 i6.
