3956 6206
432 283 564 352 ινδι

1927 295 1986 354 S.
2013 295 2178 354 NILI

3575 286 3711 349 1052

427 404 692 474 operibus
721 404 846 465 tuis,
872 413 927 457 et
951 403 1004 456 in
1039 403 1146 458 tuis
1173 403 1392 467 studiis,
1424 419 1520 460 seu
1553 403 1714 461 factis
1735 421 1994 460 manuum

2117 423 2197 458 mu
2243 404 2609 473 ἀδολεσχήσω.
2651 420 2669 452 ›
2727 400 2944 470 Ταύτην
2995 400 3092 469 τὴν
3139 399 3480 470 ἀδολεσχίαν
3529 399 3709 465 διδοὺς

428 507 644 548 tuarum
677 495 896 548 assidue
929 494 1341 564 contemplabor
1370 495 1438 548 ".
1474 513 1493 546 θ
1549 494 1700 550 Hanc
1756 496 1858 551 sibi
1895 496 1996 564 ipsi

425 587 727 638 attrihuens
755 586 1295 654 contemplationem,
1330 594 1390 640 ut
1423 601 1492 641 ne
1522 596 1740 656 tempus
1775 588 1998 642 haberet

426 675 622 729 mentis
651 677 908 730 assiduus
939 677 1100 746 311
1138 688 1320 733 motus
1349 678 1636 749 divagandi
1666 679 1732 732 ad
1761 694 1846 744 ea,
1879 695 2000 749 qua:

427 767 652 822 mirime
696 769 1046 832 conveniunt,
1098 769 1334 824 insideat
1363 785 1492 824 vero
1541 771 1770 824 ﬁrmiter
1821 771 1995 833 hisce,

423 874 661 927 quorum
710 860 1100 929 contemplatio
1147 861 1288 930 parit
1354 860 1768 915 oblectationem
1832 861 2004 930 pluri-

423 966 682 1020 mamque
721 953 1032 1015 utilitatem,
1076 967 1198 1020 qua:
1241 961 1292 1006 et
1336 953 1452 1004 visu
1497 951 1715 1020 quidem
1752 968 1997 1015 sensum,

431 1041 810 1112 speculatione
843 1058 972 1096 vero
997 1043 1235 1096 animam
1279 1043 1570 1098 delectant.
1603 1041 1776 1108 Quale
1809 1058 2004 1112 nempe

429 1143 514 1187 est
550 1150 692 1198 vere,
741 1136 1096 1190 meditatione
1135 1151 1363 1206 operum
1423 1134 1516 1188 Dei
1565 1150 1660 1203 per
1688 1135 2000 1188 universum

425 1223 710 1288 diversari,
759 1234 813 1278 et
854 1226 1148 1294 aliquando
1196 1228 1261 1280 ad
1307 1228 1504 1282 cadum
1541 1225 1758 1294 quidem
1790 1236 2006 1293 proten-

425 1317 551 1368 dere
615 1316 868 1383 oculum,
948 1319 1048 1372 soli
1112 1335 1207 1388 per
1269 1319 1452 1384 diem,
1506 1327 1562 1373 et
1617 1327 1780 1371 noctu
1834 1317 2005 1371 stellis

427 1408 801 1464 attendendo:
845 1427 1238 1481 nonnunquam
1296 1427 1421 1465 vero
1454 1421 1508 1465 ct
1560 1411 1713 1465 illum
1769 1409 2006 1478 dejicere

431 1500 484 1551 in
527 1509 725 1552 terram
773 1503 1017 1570 germina
1064 1503 1436 1572 respiciendo,
1493 1502 1767 1557 fructuum
1829 1502 2008 1555 omni-

427 1606 718 1658 genarum,
750 1600 803 1646 et
832 1594 1151 1648 animalium
1179 1595 1613 1664 quamplurimas
1639 1593 2002 1648 diversitates.

426 1681 564 1734 Cum
598 1699 787 1738 rursus
825 1685 876 1737 in
915 1700 1037 1738 aere
1065 1687 1312 1754 marique
1338 1696 1647 1756 spectemus
1674 1685 2006 1739 diversantia

2102 494 2299 563 ἑαυτῷ,
2335 495 2422 546 ἵνα
2455 493 2531 564 μὴ
2556 491 2653 563 ἔχῃ
2681 492 2871 561 καιρὸν
2891 491 2952 544 τὸ
2977 491 3072 544 τοῦ
3087 491 3179 543 νοῦ
3208 491 3544 560 ἀεικίνητον
3577 493 3710 562 ρεμτ

2102 585 2316 655 δαίςμοῦ
2352 585 2443 636 ἐπὶ
2475 585 2543 636 τὰ
2577 584 2650 653 μὴ
2686 582 3017 651 καθήκοντα,
3072 583 3425 654 προσεδρεύῃ
3477 581 3540 634 δὲ
3589 581 3712 636 τού·-

2101 695 2130 710 ρ

2113 695 2237 740 τοις,
2264 669 2338 728 ὧν
2365 677 2398 743 ἡ
2427 673 2712 742 ἀδολεσχία
2736 675 2927 743 τέρψιν
2954 673 3088 743 ἔχει,
3123 675 3217 727 καὶ
3245 674 3550 743 ὠφέλειαν
3585 673 3714 727 πολ-

2102 767 2218 835 λὴν,
2244 770 2309 835 τῇ
2347 767 2444 835 μὲν
2472 765 2594 833 ὕψει
2621 764 2722 832 τὴν
2747 765 3021 833 αἴσθησιν,
3051 765 3148 835 τὴν
3179 766 3234 818 δὲ
3253 765 3454 835 ψυχὴν
3475 769 3549 835 τῇ
3581 765 3714 820 θεω-

2105 859 2198 928 ρία
2226 856 2606 925 εὐφραίνοντα.
2634 850 2760 907 Οἷον
2809 855 2920 924 γάρ
2955 859 3104 907 ἐστιν
3141 855 3364 925 ἀληθῶς
3399 859 3476 926 τῇ
3509 857 3712 930 μελέτῃ

2105 949 2212 1000 τῶν
2244 948 2418 1017 ἕργων
2470 945 2564 998 τοῦ
2599 945 2734 998 Θεοῦ
2773 946 3131 1014 ἐνδιατρίϐειν
3174 946 3379 1009 διόλου,
3417 948 3526 998 καὶ
3586 949 3712 1000 ποτὲ

2109 1041 2206 1109 μὲν
2253 1038 2388 1108 πρὸς
2435 1038 2664 1107 οὐρανὸν
2717 1035 3018 1090 ἀνατείνειν
3072 1037 3133 1089 τὸ
3177 1037 3334 1107 ὄμμα
3395 1039 3548 1108 ἡλίῳ
3592 1039 3709 1108 μεθ’

2106 1130 2343 1199 ἡμέραν,
2381 1129 2476 1180 καὶ
2514 1129 2731 1198 νύκτωρ
2773 1127 2992 1198 ἄστροις
3025 1129 3425 1198 προσέχοντας,
3476 1131 3616 1181 ποτὲ
3657 1130 3709 1182 δὲ

2107 1221 2267 1273 τοῦτο
2299 1221 2560 1286 κατάγειν
2595 1221 2674 1282 εἰς
2707 1218 2833 1287 γῆν,
2866 1217 3102 1288 βλάστην
3127 1219 3379 1289 ὁρῶντας
3427 1221 3707 1272 παντοίων

2107 1311 2357 1382 καρπῶν,
2405 1311 2498 1363 καὶ
2548 1309 2704 1372 ζώων
2765 1310 3116 1380 παμπληθεῖς
3141 1309 3438 1379 διαφοράς·
3498 1311 3626 1380 ἀέρι
3653 1310 3706 1363 δὲ

2108 1404 2267 1456 πάλιν
2307 1402 2632 1472 θεωμένους,
2665 1402 2758 1454 καὶ
2784 1401 3023 1474 θαλάττῃ
3066 1403 3275 1474 μυρίων
3317 1403 3585 1473 πτηνῶν,
3617 1407 3704 1457 καὶ

2111 1495 2309 1565 ἰχθύων
2341 1491 2736 1561 ἐνδιαιτώμενα
2765 1493 2922 1562 γένη,
2965 1494 3092 1563 πρὶν
3121 1493 3324 1561 γνῶναι
3354 1495 3453 1557 τίς
3485 1495 3548 1559 ἐξ
3579 1496 3703 1547 ἐκά-

2110 1605 2234 1640 στου
2269 1585 2474 1638 τούτων
2503 1584 2740 1654 ὠφέλεια
2767 1585 2902 1648 τέως
2937 1583 3239 1654 θαυμάζειν
3259 1586 3360 1657 τὴν
3395 1586 3503 1639 τοῦ
3533 1590 3698 1654 Any:-

2107 1677 2305 1748 ουργοῦ
2327 1678 2538 1746 σοφίαν,
2566 1678 2659 1730 καὶ
2683 1677 2924 1740 δοξάζειν
2953 1679 3044 1730 τὸν
3075 1678 3206 1730 Θεὸν
3234 1679 3326 1731 ἐπὶ
3348 1678 3441 1748 τῷ
3472 1680 3698 1749 ποικίλῳ

432 1773 580 1826 mille
637 1776 946 1842 volucrum,
1004 1787 1054 1829 et
1113 1777 1340 1844 piscium
1398 1791 1631 1846 genera,
1687 1776 2005 1846 priusquam

2117 1771 2207 1840 τῆς
2246 1769 2475 1832 κτίσεως
2499 1769 2943 1839 διδασκομένους,
2972 1771 3098 1824 ὅταν
3127 1770 3183 1824 δὲ
3219 1771 3312 1824 καὶ
3340 1771 3413 1823 τὸ
3442 1771 3574 1841 μετ’
3594 1772 3697 1822 ἑπι-

429 1880 824 1935 cognoscamus
875 1884 1125 1937 quaenam
1168 1869 1375 1922 utilitas
1413 1885 1475 1922 ex
1513 1884 1842 1937 unoquoque
1876 1868 2010 1922 isto-

434 1971 552 2008 rum
594 1957 895 2023 proveniat,
930 1958 1132 2012 interea
1184 1958 1507 2027 sapientiam
1553 1957 1870 2012 Conditoris
1915 1956 2012 2010 ad-

435 2045 640 2108 mirari,
686 2055 739 2099 et
790 2046 1013 2101 laudare
1055 2049 1219 2102 Deum
1260 2049 1312 2100 in
1347 2049 1609 2101 varietate
1638 2055 2007 2102 creaturarum

433 2136 783 2201 edoceamur,
814 2147 867 2192 et
895 2139 1116 2208 quando
1143 2139 1438 2194 accesserit
1459 2139 1564 2203 his,
1587 2154 1708 2208 quae
1735 2139 2010 2201 videntur,

439 2227 542 2282 hoc
582 2228 768 2294 etiam,
800 2231 946 2300 quod
987 2247 1110 2285 eum
1151 2231 1351 2285 virtute
1382 2231 1656 2300 adjicitur,
1693 2238 1822 2283 tunc
1857 2245 2010 2284 mens

436 2314 489 2366 in
527 2315 840 2370 omnimoda
878 2318 1231 2377 constituitur
1267 2318 1473 2384 laetitia,
1515 2326 1704 2388 utpote
1740 2335 1860 2388 qum
1917 2334 2013 2372 na-

436 2407 598 2460 turali
633 2407 940 2474 cognitione
973 2419 1169 2464 eterra
1215 2411 1521 2480 genitarum
1550 2426 1731 2464 rerum
1770 2411 2012 2465 oblecta-

437 2504 570 2550 tur:
607 2499 739 2552 nihil
789 2501 934 2554 enim
986 2510 1069 2556 est
1111 2517 1324 2566 eorum,
1355 2516 1477 2571 qua:
1523 2503 1814 2564 exsistunt,
1867 2500 2011 2572 quod

441 2588 740 2654 moralem,
777 2599 832 2643 et
884 2590 1244 2662 theologicam
1295 2591 1533 2662 aliquam
1584 2591 2010 2661 speculationem

439 2686 538 2728 nos
567 2677 824 2733 omnibus
847 2695 955 2734 non
1001 2670 1216 2736 erudiat
1266 2681 1441 2736 modis
1473 2699 1486 2735 :
1517 2692 1566 2735 et
1608 2683 1868 2750 quoniam
1920 2695 2015 2734 vo—

2114 1863 2326 1930 στήμης
2354 1862 2464 1922 τοῖς
2494 1859 2789 1929 ὁρωμένοις
2820 1859 3125 1912 ἐπιϐαίνειν
3150 1863 3562 1929 προσγένηται,
3587 1861 3696 1912 τότε

2113 1950 2380 2020 παντελὴς
2419 1949 2726 2019 εὐφροσύνη
2768 1950 2990 2020 κατέχει
3018 1949 3108 2003 τὸν
3150 1950 3279 2003 νοῦν
3312 1949 3702 2020 εὐωχούμενον

2110 2045 2175 2113 τῇ
2206 2044 2405 2112 φυσικῇ
2436 2042 2632 2106 γνώσει
2672 2042 2779 2095 τῶν
2821 2043 3089 2112 γηγενῶν.
3127 2042 3294 2095 Οὐδὲν
3319 2041 3443 2112 γὰρ
3475 2043 3589 2094 τῶν
3620 2043 3700 2095 δν.

2111 2151 2221 2188 των
2250 2133 2418 2195 ἐστὶν,
2444 2134 2471 2186 ὃ
2503 2135 2577 2203 μὴ
2609 2133 2855 2187 παιδεύει
2891 2133 3110 2196 πάντως
3141 2134 3308 2202 ἡμὶς,
3341 2133 3584 2203 ἠθικὴν,
3616 2135 3699 2185 καὶ

2113 2225 2430 2295 θεολογική-θ
2479 2243 2590 2278 τινα
2627 2225 2882 2296 θεωρίαν·
2911 2227 3097 2297 ἐπειδὴ
3133 2226 3186 2279 δὲ
3215 2226 3314 2297 τὴν
3347 2227 3578 2289 ἑαυτοῖς
3609 2225 3694 2278 cui

2113 2317 2272 2386 λόγου
2315 2321 2434 2382 ταῖς
2485 2317 2835 2390 ἡδυπαθείαις
2874 2320 3258 2390 ἁπεσδέσαμεν
3300 2319 3571 2390 δύναμιν,
3606 2319 3698 2372 ούκ

2115 2409 2195 2463 ἔτι
2224 2412 2354 2482 παρ’
2379 2412 2545 2482 αὐτῆς
2573 2411 2641 2464 τὰ
2668 2414 3014 2482 συμφέροντα
3039 2413 3147 2465 τῶν
3177 2414 3475 2483 πρακτέων
3509 2414 3697 2480 ὑπομι-

2121 2501 2502 2570 μνησκόμενοι,
2553 2500 2750 2565 ἔξωθεν
2807 2505 2925 2565 ταῖς
2967 2503 3194 2564 οἰκείαις
3244 2503 3561 2573 ἐνεργείαις
3603 2499 3698 2570 τὴν

2120 2591 2346 2662 μνήμην
2373 2591 2628 2662 κινοῦμεν
2664 2594 2801 2664 πρὸς
2830 2594 2891 2647 τὸ
2928 2594 3044 2656 πῶς
3096 2595 3203 2666 χρὴ
3237 2595 3335 2666 ζῇν
3392 2596 3497 2649 καὶ
3527 2594 3691 2664 βιοῦν,

2117 2682 2264 2746 ὅπως
2295 2683 2580 2754 εὐάρεστοι
2609 2678 2758 2754 ὦμεν
2793 2685 2868 2756 τῷ
2906 2687 3223 2756 Ποιήσαντι.

441 2767 737 2833 luptatibus
773 2770 930 2826 nobis
977 2770 1108 2841 ipsis
1139 2773 1368 2828 rationis
1408 2776 1811 2843 suppressimus
1856 2772 2019 2835 vires,
2058 2780 2113 2826 et
2178 2774 2246 2826 ab
2287 2775 2402 2844 ipsa
2452 2776 2502 2829 in
2534 2785 2774 2831 nostram
2806 2793 2913 2831 non
2960 2790 3281 2835 revocantur
3344 2780 3691 2843 memoriam,

439 2871 562 2922 qua:
602 2858 890 2913 conferunt
936 2861 1204 2929 facienda,
1241 2881 1523 2919 necessum
1567 2874 1650 2920 est
1696 2866 1839 2936 quod
1887 2865 2248 2920 exterioribus
2313 2869 2544 2937 propriis
2603 2871 3010 2937 operationibus
3069 2887 3520 2928 commoveamus
3580 2886 3692 2926 me-

441 2949 672 3002 moriam
705 2951 772 3004 ad
811 2951 1054 3016 modum,
1091 2969 1201 3023 quo
1238 2956 1426 3009 deceat
1466 2957 1629 3010 vitam
1678 2957 1874 3028 degere
1897 2997 1913 3020 ,
1959 2965 2018 3010 ut
2054 2954 2226 3010 simus
2261 2961 2465 3028 accepti
2510 2962 2771 3016 Creatori.

1015 3086 1246 3142 CAPUT
1289 3089 1446 3143 LXII.

512 3198 718 3256 Idcirco
756 3201 1026 3255 interdum
1072 3202 1289 3272 quidem
1337 3203 1648 3267 formicam,
1687 3205 2019 3274 quandoque

440 3307 568 3345 vero
613 3308 766 3361 apem
822 3294 1172 3360 gubernatrix
1212 3297 1384 3367 gratia
1444 3297 1703 3352 doctores
1738 3297 2014 3364 adhibuit,

439 3382 533 3450 qui
568 3392 714 3436 muta
749 3398 880 3437 voce
911 3384 976 3438 ad
1013 3386 1368 3440 imitationem
1406 3401 1568 3456 opere
1616 3387 1932 3456 hortantur;
1963 3397 2017 3444 et

437 3472 600 3542 312
631 3475 706 3528 ait
734 3492 747 3528 :
786 3473 965 3530 «Vade
997 3475 1062 3530 ad
1095 3477 1398 3541 formicam,
1423 3493 1456 3532 o
1491 3477 1658 3548 piger,
1688 3487 1742 3532 et
1763 3480 2020 3533 temulare

443 3566 559 3618 vias
595 3565 736 3634 ejus,
795 3583 918 3637 qua:
971 3568 1022 3621 in
1083 3585 1258 3623 messe
1307 3585 1578 3639 reponens
1626 3570 1881 3625 alimenta
1921 3587 2020 3640 pro

445 3656 622 3710 hieme
656 3656 722 3720 ",
769 3676 788 3709 ι
836 3661 1074 3729 suggerit
1111 3670 1164 3713 ut
1212 3678 1309 3731 pro
1355 3661 1540 3715 futuro
1579 3663 1778 3717 smculo
1815 3663 2020 3718 utiliter

437 3748 758 3818 colligamus
797 3752 1028 3817 viatica;
1065 3761 1158 3806 aut
1190 3772 1202 3806 :
1237 3772 1255 3804 ‹
1293 3753 1637 3822 l‘rogredere,
1702 3754 1902 3822 inquit,
1950 3755 2016 3809 ad

440 3859 632 3910 apem,
674 3853 728 3897 et
777 3845 929 3898 disce
974 3860 1137 3914 quam
1173 3846 1419 3914 operaria
1469 3846 1559 3910 sit,
1602 3865 1620 3896 ι
1657 3846 1857 3915 quippe
1895 3862 2017 3914 qua:

441 3939 604 3990 tiores
635 3937 975 4006 decerpendo
1019 3938 1333 4000 herbarum,
1369 3947 1422 3992 et
1447 3937 1600 3994 favos
1638 3940 1814 3993 mellis
1845 3939 2015 3992 conli-

439 4027 632 4081 cieudo
661 4029 934 4098 sapienter
967 4030 1159 4084 edocet
1192 4031 1353 4083 istam
1389 4031 1741 4099 agnitionem,
1769 4047 1874 4100 qua
1909 4033 2020 4084 col-

441 4119 656 4185 Iigendo
709 4120 887 4188 quivis
933 4121 1195 4174 honorum
1261 4121 1543 4175 hominum
1595 4124 2012 4193 praerogativas,

441 4208 544 4260 sibi
579 4208 677 4276 ipsi
725 4211 1040 4264 dulcedines
1085 4211 1392 4280 huiusmodi
1424 4213 1753 4268 thesaurizet
1783 4215 1848 4268 ad
1886 4230 2015 4268 sua-

440 4312 558 4350 vem
605 4298 908 4352 habendum
948 4300 1144 4352 victum
1196 4301 1392 4356 futura:
1422 4303 1564 4368 vitae,
1606 4320 1768 4373 quam
1806 4313 2010 4373 sperat.

2703 3097 2952 3152 ΚΕΦΑᾹ.
2979 3095 3098 3153 ΞΒ¹.

2189 3201 2288 3252 Διά
2323 3201 2478 3254 τοῦτο
2507 3205 2634 3257 ποτὲ
2674 3205 2774 3275 μὲν
2813 3205 2903 3260 τὸν
2934 3207 3220 3281 μύρμηκα,
3251 3212 3377 3266 ποτὲ
3399 3214 3460 3267 δὲ
3486 3215 3585 3285 τὴν
3608 3213 3690 3285 μέ·

2118 3289 2326 3352 λιτταν,
2359 3295 2393 3363 ἡ
2445 3295 2776 3366 κηδεμονικὴ
2818 3297 2977 3368 χάρις
3019 3299 3369 3368 διδασκάλους
3408 3305 3690 3375 ἐφίστησιν

2118 3382 2380 3455 ἀφθόγγῳ
2415 3389 2567 3457 φωνῇ
2603 3387 2681 3457 τῷ
2708 3389 2852 3461 ἔργῳ
2884 3393 3281 3462 παραινοῦντας
3307 3395 3405 3465 τὴν
3439 3397 3688 3468 μίμησιν.

2117 3479 2228 3533 Καί
2253 3497 2436 3551 φησιν’
2469 3499 2488 3531 t
2517 3482 2621 3536 Ἴθι
2653 3485 2790 3555 πρὸς
2815 3487 2906 3539 τὸν
2949 3487 3234 3560 μύρμηκα,
3266 3486 3310 3545 ὦ
3341 3493 3566 3563 ὀκνηρὲ,
3602 3491 3689 3544 καὶ

2119 3570 2363 3642 ζήλωσον
2392 3575 2490 3638 τὰς
2514 3575 2666 3640 ὁδοὺς
2691 3579 2878 3641 αὐτοῦ,
2908 3579 2966 3644 ὃς
3003 3581 3060 3634 ἐν
3092 3583 3285 3655 ἀμήτῳ
3332 3585 3431 3656 τὴν
3483 3587 3541 3638 ἐν
3582 3602 3687 3653 χειν

2122 3663 2261 3733 μῶνι
2305 3665 2642 3736 ἀποθέμενος
2673 3669 2898 3740 τροφὴν,
2935 3690 2953 3723 ι
2984 3673 3268 3743 χρησίμως
3310 3675 3375 3728 τὰ
3418 3675 3513 3728 τοῦ
3564 3674 3686 3744 μέλ-

2119 3755 2303 3820 λοντος
2340 3757 2536 3821 αἰῶνος
2573 3759 2884 3814 ὑποτίθεται
2919 3765 3172 3832 συνάγειν
3204 3767 3410 3834 ἐφόδια·
3437 3768 3495 3838 ἦ,
3535 3790 3551 3818 ι
3589 3767 3682 3818 Πο-

2123 3845 2346 3916 ρεύθητι
2395 3848 2532 3916 πρὸς
2559 3848 2656 3918 τὴν
2688 3850 2968 3915 μέλισσαν,
3015 3853 3108 3904 καὶ
3152 3854 3289 3924 μάθε
3349 3854 3424 3920 ὡς
3477 3855 3684 3928 ἐργάτις

2119 3937 2292 3999 ἐστὶν,
2324 3956 2342 3988 ›
2381 3939 2516 4007 ἄνθη
2551 3937 2790 4008 βοτανῶν
2817 3941 3124 4012 δρεπομένη
3157 3946 3248 3996 καὶ
3283 3946 3452 4016 κηρία
3484 3947 3682 4014 μέλιτος

2121 4027 2490 4099 ἐργαζομένη,
2543 4030 2719 4099 σοφῶς
2748 4033 2842 4086 καὶ
2894 4032 3076 4098 τοῦτο,
3108 4035 3195 4088 τὸν
3227 4037 3537 4107 γνωρισμδν
3567 4053 3681 4086 παι-

2119 4118 2348 4172 δεύουσα
2411 4121 2520 4172 τῶν
2583 4121 2806 4188 ἀγαθῶν
2869 4123 3080 4193 ἀνδρῶν
3145 4125 3574 4196 ἁπανθιζόμενον
3622 4122 3680 4174 τὰ

2124 4209 2591 4283 πλεονεκτήματα,
2624 4213 2986 4284 γλυκάσματα
3016 4217 3331 4289 θησαυρίζει
3360 4219 3536 4289 ἑαυτῷ
3561 4215 3679 4285 πρδς

2120 4301 2249 4369 ἡδὺν
2281 4300 2394 4370 βίον
2440 4301 2537 4370 τῆς
2571 4302 2931 4374 ἐλπιζομένης
2981 4286 3142 4377 ζωῆξ.
3175 4286 3394 4359 ’.Λλλοτε
3432 4286 3673 4378 τρυγόνα,

437 4387 587 4442 Alias
635 4387 1068 4443 inobedientihus
1113 4391 1267 4459 jubet
1311 4401 1372 4447 ut
1434 4402 1676 4449 urturem
1732 4405 1785 4450 et
1828 4397 2010 4450 hirun-

2123 4393 2213 4444 καὶ
2245 4392 2505 4462 χελιδόνα,
2527 4395 2650 4458 τοὺς
2696 4395 2943 4459 ἀπειθεῖς
2994 4397 3426 4467 παρακελεύεται
3475 4395 3674 4470 ζηλοῦν,

439 4480 620 4534 dinem
649 4481 947 4547 imitentur,
979 4482 1166 4538 dicens
1193 4503 1204 4536 :
1247 4502 1266 4535 ι
1304 4483 1507 4539 Turtur
1537 4495 1590 4540 et
1627 4486 1862 4541 hirundo
1888 4503 2014 4558 pas-

445 4575 642 4629 serculi
687 4585 930 4647 agrestes
971 4575 1334 4632 observarunt
1380 4588 1617 4646 tempora
1664 4595 1888 4634 suorum
1917 4581 2015 4634 ad-

441 4677 725 4733 ventuum,
764 4669 997 4738 populus
1026 4679 1205 4724 autem
1235 4686 1390 4726 meus
1428 4687 1535 4725 non
1566 4672 1785 4742 agnovit
1809 4673 2012 4742 judicia

442 4761 654 4815 Domini
676 4763 747 4815 ⁸³.
775 4781 794 4814 ι
831 4761 896 4815 Et
916 4762 1080 4816 infert
1108 4780 1120 4817 :
1146 4782 1163 4813 ι
1188 4763 1470 4830 Quomodo
1493 4763 1672 4818 dicitis
1697 4784 1709 4819 :
1731 4765 2017 4836 Sapientes

441 4867 655 4916 sumus,
683 4861 778 4906 aut
816 4862 869 4908 et
896 4855 978 4908 lex
1015 4852 1106 4908 Dei
1156 4854 1440 4908 nobiscum
1481 4861 1565 4908 est
1593 4854 1675 4907 ’5?
1712 4874 1732 4906 ι
1777 4854 1868 4910 Sic
1908 4857 2014 4909 im-

442 4960 740 5012 properans
803 4947 1218 5002 rationabilibus
1284 4958 1396 5000 tum
1461 4956 1712 5001 naturam
1787 4948 2015 5003 scientia

443 5038 746 5107 praeditam,
809 5049 921 5094 tum
975 5039 1136 5092 etiam
1187 5040 1358 5111 legem
1409 5054 1620 5112 morum
1660 5042 2012 5107 magistram,

441 5133 587 5198 quod
651 5132 1117 5187 irrationabilibus
1170 5135 1223 5186 in
1280 5131 1657 5203 cognoscenda
1703 5131 2017 5187 Conditoris

441 5218 722 5270 voluntate
753 5227 880 5272 sunt
906 5220 1360 5274 insensibiliores.
1415 5218 1628 5275 Rursus
1669 5220 1768 5284 iis,
1824 5221 1914 5291 qui
1961 5222 2013 5274 in

441 5308 808 5374 potentatibus
840 5323 946 5361 non
980 5309 1289 5363 moderatos
1321 5325 1379 5364 se
1405 5309 1667 5379 przebent,
1710 5309 1802 5363 sed
1837 5309 2017 5378 inepte

446 5396 780 5452 iusoleseunt
804 5399 856 5452 in
882 5399 1159 5469 proximos
1179 5399 1424 5468 ejusdem
1453 5401 1687 5471 generis,
1714 5417 1864 5456 mare
1891 5417 2014 5471 pro-

446 5484 634 5542 fundis
667 5488 924 5544 inversim
955 5492 1352 5547 circumdatum
1385 5492 1593 5560 profert
1617 5493 1671 5546 in
1704 5495 2011 5562 exemplum

543 5665 586 5694 ”
623 5668 764 5723 l‘sal.
801 5687 962 5734 cun,
1042 5671 1093 5725 5.
1172 5673 1215 5703 "
1270 5671 1424 5725 Prov.
1458 5687 1530 5735 vt,
1561 5676 1614 5726 ὑ.

1693 5673 1737 5705 ’⁸
1789 5672 1988 5728 Jcrctu.
2025 5689 2140 5740 vtu,
2170 5673 2222 5724 7.

2123 4481 2318 4550 λέγων·
2357 4503 2375 4534 ε
2399 4483 2648 4554 Τρυγὼν,
2677 4487 2770 4538 καὶ
2799 4485 3022 4555 χελιδὼν
3058 4486 3231 4558 ἀγροῦ
3268 4489 3528 4557 στρουθία
3559 4484 3676 4554 ἐφύ-

2121 4574 2286 4635 λαξαν
2347 4578 2571 4646 καιροὺς
2631 4579 2850 4631 εἰσόδων
2909 4577 3078 4646 αὐτῷ,
3139 4580 3167 4631 ὁ
3201 4579 3260 4632 δὲ
3301 4579 3430 4642 λαός
3468 4598 3566 4650 μου
3591 4576 3676 4628 οὐκ

2121 4668 2260 4735 ἔγνω
2316 4668 2384 4720 τὰ
2424 4669 2670 4738 κρίματα
2724 4671 2952 4739 Κυρίου.
2989 4691 3005 4720 υ
3059 4672 3164 4723 Καὶ
3207 4671 3476 4741 ἐπιφέρει·
3523 4692 3540 4724 ι
3570 4665 3677 4727 [ιὼς

2118 4759 2313 4828 ἐρεῖτε·
2351 4760 2510 4828 Σοφοί
2541 4761 2728 4828 ὲσμεν;
2763 4762 2796 4833 ἦ
2841 4762 2957 4825 καὶ,
2991 4762 3171 4831 Νόμος
3198 4761 3330 4814 Θεοῦ
3380 4762 3498 4830 μεθ’
3536 4757 3676 4831 ἡμῶν

2122 4852 2257 4916 ἐστι,
2279 4870 2296 4901 ι
2318 4851 2487 4906 καὶτὸ
2511 4851 2607 4921 τῆς
2632 4853 3298 4922 ψύσεωςλὲπιστημονικὺν,
3325 4856 3418 4905 καὶ
3437 4853 3527 4905 τὸν
3547 4849 3679 4905 πιδ-

2122 4943 2336 5012 αγωγὺν
2360 4944 2465 4996 τῶν
2496 4943 2643 5012 ἠθῶν
2682 4944 2856 5013 μόμον
2876 4943 3150 5007 ὀνειδίζων
3183 4945 3295 5008 τοῖς
3323 4943 3578 5012 λογικοῖς,
3605 4942 3675 4993 ὅτι

2123 5040 2232 5094 τῶν
2269 5040 2482 5107 ἀλόγων
2511 5041 2590 5101 εἰς
2623 5037 2681 5090 τὺ
2715 5035 2918 5103 γνῶναι
2956 5036 3016 5088 τὸ
3048 5033 3295 5105 βούλημα
3325 5034 3420 5087 τοῦ
3459 5035 3678 5088 Κτίσαν-

2123 5131 2212 5183 vi:
2252 5130 2391 5181 εἰσιν
2421 5126 2878 5195 ἁναισθητότεροι.
2918 5123 3089 5176 Πάλιν
3132 5125 3245 5186 τοῖς
3282 5124 3340 5176 ὲν
3382 5127 3501 5186 ταῖς
3535 5123 3678 5176 δυνα-

2125 5219 2329 5282 στείαις
2378 5217 2452 5288 μὴ
2503 5215 2904 5287 μετριάζουσιν,
2939 5214 3054 5268 ἀλλ’
3086 5207 3680 5284 ὑϐρίζουσΐάπειροκά-

2122 5312 2229 5373 λως
2264 5313 2342 5373 είς
2371 5310 2432 5362 τὸ
2459 5309 2750 5379 ὁμόφυλον,
2794 5305 3169 5377 κυκλουμένην
3197 5305 3556 5377 βυοοστροφίᾳ
3594 5299 3678 5368 τὴν

2125 5401 2401 5454 θάλασσαν
2432 5399 2779 5468 παράδειγμα
2813 5397 3137 5468 προστίθησι
3166 5397 3300 5466 πρδς
3329 5395 3389 5449 τὸ
3417 5392 3676 5448 καταστεῖ-

2122 5495 2210 5548 λαι
2241 5493 2420 5548 αὐτῶν
2474 5493 2552 5560 (ὲν
2603 5485 2684 5554 οἷς
2735 5490 2890 5561 φησι)
2940 5489 3275 5560 φλεγμαῖνον
3318 5489 3375 5542 τὺ
3407 5488 3674 5560 φρύαγμα)

2299 5672 2344 5702 ”
2377 5673 2506 5725 ibid.
2543 5671 2594 5724 8.
