3918 6180
374 270 513 338 1053

1149 281 1246 344 DE
1277 283 1766 344 VOLUNTARIA
1801 282 2300 343 PAUPERTATE
2333 283 2432 342 AD
2466 279 2812 344 MAGNAM.

3492 279 3627 346 1054

375 414 394 447 ι
421 394 516 466 Μὴ
555 394 654 462 ἐμὲ
680 389 771 448 οὖν
793 394 1184 467 φοϐηθήσεσθε,
1210 397 1354 467 λέγει
1381 399 1605 471 Κύριος,
1642 402 1675 472 ἢ
1725 401 1818 454 καὶ
1848 401 1952 453 ἀπὸ

2064 398 2130 452 ad
2177 398 2578 468 reprimendum
2627 412 2816 452 eorum
2888 395 3337 451 intumescentem
3379 395 3624 464 fastum,

368 486 464 540 τοῦ
495 485 792 557 προσώπου
824 504 924 557 μου
957 488 1057 541 οὑκ
1087 489 1549 562 εὑλαῦηθήσεσθε,
1583 492 1675 546 τὸν
1705 491 1946 556 τάξαντα

369 581 554 648 ἄμμον
580 578 726 648 ὄριον
746 579 812 648 τῇ
841 577 1086 651 Θαλάσσῃ
1108 581 1434 652 πρόσταγμα
1458 583 1693 649 αἰώνιον,
1733 583 1827 636 καὶ
1850 583 1908 634 οὑ
1916 601 1947 651 χ

373 666 746 737 ὑπερϐήσεται
769 667 934 732 αὑτός
965 669 1044 739 τῷ
1073 669 1129 722 δὲ
1155 669 1268 740 λαῷ
1290 673 1465 742 τούτῳ
1486 674 1718 742 ἐγενήθη
1750 673 1948 744 καρδία

375 762 622 831 ἀνήκοος,
651 761 742 812 καὶ
771 760 1025 831 άπειθήςο
1064 781 1081 811 ι
1121 763 1198 833 τῷ
1235 763 1362 834 περὶ
1396 765 1455 816 τὸ
1491 765 1819 838 πρόσταγμα
1850 765 1947 834 φό-

378 851 457 920 ὁῳ
485 849 577 903 τοῦ
601 849 809 920 ἀψύχου
844 852 1109 920 στοιχείου
1137 853 1381 916 εὐλαϐεῖς
1403 855 1572 906 ποιῶν
1597 855 1794 917 αὑτοὺς
1825 854 1950 926 περὶ⁸

378 942 475 1012 τὴν
509 941 753 1012 φυλακὴν
787 941 894 994 τῶν
923 943 1172 1005 ἐντολῶν,
1223 945 1310 996 ἵνα
1339 945 1413 1006 ὡς
1452 945 1514 998 τὸ
1541 946 1756 999 πόντιον
1798 945 1949 1014 κῦμα

374 1035 440 1085 ὲκ
471 1031 739 1100 πελάγους
770 1030 1084 1101 ὠθούμενον
1114 1035 1182 1103 τῇ
1229 1033 1320 1102 βίᾳ
1353 1032 1448 1087 τοῦ
1487 1033 1818 1103 πνεύματος,
1855 1035 1951 1086 καὶ

375 1119 515 1172 κατὰ
548 1120 741 1188 μικρὸν
761 1119 1122 1188 ἀνιστάμενον
1151 1119 1286 1190 πρὸς
1309 1120 1369 1172 τὸ
1400 1120 1630 1190 μέγεθος
1660 1120 1829 1191 ὀρέων
1855 1122 1950 1188 ἐφ-

374 1209 600 1278 άμιλλον
650 1209 768 1278 ἅμα
815 1208 893 1277 τῷ
931 1209 1226 1279 πλησιάσαι
1261 1212 1328 1279 τῇ
1372 1210 1650 1280 αἰγιαλείᾳ
1706 1209 1943 1279 ψάμμῳ,

374 1302 454 1362 είς
474 1297 717 1351 τούπίσω
746 1297 906 1350 πάλιν
931 1297 1320 1376 ἀνακλώμενον
1355 1300 1684 1370 ὑποστρέφει
1718 1302 1806 1352 τὸν
1827 1302 1951 1372 ὅρον

375 1389 694 1457 αἰδούμενον
744 1389 839 1442 τοῦ
885 1390 1241 1460 πεδήσαντος,
1275 1390 1419 1444 οὑτω
1453 1395 1631 1445 πᾶσαν
1684 1393 1950 1462 έπέχωσιν

377 1480 560 1533 ἄδικον
585 1478 762 1549 ὁρμὴν
809 1480 860 1532 οἱ
905 1478 1134 1547 λογικοὶ,
1174 1479 1270 1534 καὶ
1317 1480 1460 1550 λόγῳ
1487 1481 1952 1551 προστεταγμένοι

377 1573 558 1624 πᾶσαν
589 1570 838 1634 κολάζειν
879 1570 1180 1640 ἐνθύμησιν
1222 1571 1561 1642 παράνομον,
1589 1572 1683 1624 καὶ
1719 1573 1953 1642 μάλιστα

376 1661 544 1730 τύφον
576 1663 858 1714 πεπαίνειν
913 1662 1123 1731 ἀλόγως
1153 1663 1510 1731 σηκούμενον,
1555 1663 1786 1732 μιμήσει
1821 1661 1954 1729 γοῦν

2049 485 2175 540 dum
2237 482 2432 542 asserit
2485 505 2496 540 :
2545 505 2563 538 ι
2615 487 2693 542 Me
2747 485 2912 555 igitur
2964 501 3068 540 non
3117 486 3376 541 timebitis
3422 487 3628 557 (inquit

2051 579 2354 649 Dominus)
2389 587 2483 633 aut
2513 577 2707 633 faciem
2742 593 2912 631 meam
2952 591 3058 630 non
3097 578 3495 642 reverebimini,
3530 579 3622 648 qui

2050 670 2294 723 ovdinavi
2328 685 2550 724 arenam
2587 670 2878 724 terminum
2923 669 3090 722 maris
3123 678 3446 738 przeceptum
3483 685 3629 724 sem-

2050 761 2343 830 piternum,
2384 767 2435 814 et
2468 777 2571 813 non
2613 759 3049 829 supergre‘dietur
3074 760 3263 813 illum?
3291 760 3494 830 Populo
3525 776 3625 814 au-

2051 862 2156 908 tem
2185 853 2272 907 isti
2303 851 2502 907 factum
2524 863 2602 905 est
2621 867 2712 906 cor
2738 851 3054 904 inobediens
3075 860 3128 904 et
3154 852 3570 917 incredulum";
3601 871 3619 904 ι

2056 942 2135 996 sic
2176 951 2322 995 metu
2360 940 2640 994 inanimali
2687 954 2748 991 ex
2782 946 3054 1008 praecepto
3093 935 3345 990 elementi
3399 936 3626 989 reddens

2053 1049 2149 1088 eos
2192 1044 2382 1087 cautos
2417 1033 2560 1087 circa
2611 1030 3050 1084 observationem
3095 1027 3508 1089 mandatorum,
3566 1035 3627 1079 ut

2051 1123 2507 1193 quemadmodum
2544 1121 2740 1175 fluctus
2778 1119 3022 1173 marinus
3067 1133 3096 1172 e
3143 1119 3328 1187 pelago
3359 1115 3627 1185 impulsus

2059 1213 2312 1266 violentia
2346 1213 2592 1282 spiritus,
2635 1223 2688 1267 et
2722 1213 2984 1282 paulatim
3017 1220 3230 1266 erectus
3259 1212 3321 1264 ad
3351 1209 3626 1279 magnitu-

2052 1305 2230 1359 dinem
2252 1306 2515 1358 montium
2539 1305 2923 1359 aemulatricem
2941 1345 2955 1368 ,
2979 1303 3138 1374 313
3163 1301 3321 1356 simul
3345 1316 3406 1354 ac
3434 1315 3628 1369 appro-

2056 1397 2290 1466 pinquat
2315 1412 2490 1450 arenae
2517 1398 2744 1452 littorete
2784 1411 3139 1466 repercussus
3169 1392 3503 1448 convertitur
3529 1391 3628 1445 de-

2054 1504 2164 1542 nuo
2210 1497 2356 1542 retro
2401 1490 2665 1542 reveritus
2693 1487 2813 1556 ejus
2853 1496 3078 1549 metam,
3116 1501 3144 1538 a
3178 1501 3289 1551 quo
3317 1483 3472 1553 quasi
3503 1498 3626 1537 cum

2053 1579 2410 1647 compedibus
2462 1578 2564 1632 fuit
2612 1579 2871 1632 astrictus
2917 1595 2930 1630 :
2969 1577 3042 1630 ita
3101 1590 3317 1628 omnem
3366 1573 3626 1641 iniustum

2057 1671 2362 1741 reprimant
2387 1670 2648 1737 impetum
2677 1667 2772 1736 qui
2799 1665 3012 1720 ratione
3045 1674 3295 1727 utuntur,
3325 1675 3378 1716 et
3405 1664 3503 1728 illi,
3535 1663 3628 1733 qui

379 1753 486 1806 τῶν
507 1753 845 1823 ἀναισθήτων
864 1753 1022 1807 τοῦτο
1050 1753 1400 1824 πράττοντες,
1433 1754 1566 1825 ὅπερ
1605 1754 1698 1806 καὶ
1732 1753 1948 1822 νομοθε-

2060 1779 2089 1818 a
2119 1763 2330 1818 ratione
2360 1763 2722 1832 imperantur,
2763 1775 2982 1829 pravam
3005 1773 3218 1811 onmem
3245 1756 3627 1826 cogitationem

383 1845 502 1908 σίας
546 1847 702 1909 ἐκτὸς
758 1845 986 1915 ὤφειλον
1029 1845 1180 1918 (αὐτὸ
1225 1846 1562 1915 λογιζόμενοι
1619 1846 1677 1898 τὸ
1721 1845 1952 1914 δίκαιον)

383 1939 643 2009 πράττειν
702 1937 1009 2008 αὐθαιρέτῳ
1066 1938 1268 2008 κρίσει,
1324 1939 1464 2008 ὅπερ
1531 1933 1599 2008 ἦν
1664 1936 1952 2008 ἐλευθέρου

378 2030 574 2100 δεῖγμα
637 2031 1003 2100 φρονήματος,
1070 2029 1477 2098 αὑτοκελεύστῳ
1536 2028 1730 2102 γνώμῃ
1797 2046 1953 2099 κινη-

381 2125 564 2190 Θέντος
617 2125 752 2196 πρὸς
803 2127 940 2196 ὅπερ
989 2124 1213 2195 ἔμελλεν
1264 2123 1420 2194 ἄγειν
1463 2123 1677 2195 ἀνάγκη
1724 2123 1818 2177 τοῦ
1865 2123 1956 2178 νό-

385 2231 508 2284 μου.

965 2557 1213 2612 ΚΕΦΑΔ.
1265 2556 1382 2612 ΞΓ.

449 2716 561 2770 Καὶ
590 2717 697 2768 τῶν
731 2717 1032 2785 φωστήρων
1065 2716 1121 2768 δὲ
1146 2716 1384 2769 διδάσκει
1421 2715 1475 2768 τί
1504 2714 1773 2786 χρήσιμον
1811 2715 1952 2785 ὁρῶ-

385 2825 543 2878 μενος
564 2808 790 2871 ἕκαστος
811 2823 824 2837 °
858 2808 1005 2877 ἣλιος
1032 2807 1130 2877 μὲν
1157 2807 1232 2876 τῷ
1263 2805 1656 2880 άπαυγάσματι
1688 2807 1955 2860 συναῖδιον

381 2895 459 2967 τῷ
492 2898 662 2969 Πατρὶ
695 2897 787 2950 τὸν
817 2897 943 2949 Υίον
975 2895 1358 2964 ὑποτιθέμενος
1411 2897 1572 2957 νοεῖν,
1626 2897 1718 2949 καὶ
1763 2896 1953 2949 τούτου

381 2989 637 3061 μάρτυρα
671 2989 762 3041 τὸν
798 2987 1008 3040 Παῦλον
1037 2987 1187 3040 καλῶ
1211 2987 1458 3054 λέγοντα,
1496 3006 1514 3038 ι
1550 2988 1642 3050 Ὃς
1671 2986 1746 3040 ὢν
1777 2987 1955 3041 ἀπαύ-

375 3101 571 3153 ’γασμα
601 3085 699 3152 τῆς
743 3079 920 3148 δόξης.
976 3079 1069 3131 καὶ
1125 3080 1409 3149 χαρακτὴρ
1461 3079 1562 3148 τῆς
1605 3078 1953 3145 ὑποστάσεως
1981 3063 2026 3126 C

381 3175 567 3230 αὑτοῦ·
612 3194 630 3225 ι
661 3169 816 3236 οὗτος
855 3171 963 3240 γὰρ
1003 3171 1141 3242 ὅπερ
1171 3167 1310 3224 εἶδεν
1355 3172 1594 3241 ἐνόησεν,
1626 3172 1701 3236 ὡς
1734 3175 1766 3242 ἡ
1795 3173 1955 3243 φύσις

382 3265 475 3320 τοῦ
508 3264 785 3334 ὁρωμένου
815 3261 1066 3332 ἐδίδαξε),
1096 3259 1286 3316 τοῦτον
1313 3265 1377 3333 τῇ
1415 3267 1724 3334 κατασκευῇ
1756 3267 1848 3318 τὸν
1873 3265 1957 3317 λό-

385 3373 478 3423 γον
499 3353 914 3422 ἑναποκείμενον
940 3352 1222 3422 ὀξυδορκεῖ
1239 3353 1336 3423 τῆς
1357 3353 1534 3423 ψυχῆς
1561 3352 1850 3423 διαθρῆσαι
1879 3356 1956 3424 τῷ

383 3446 611 3516 ὄμματι,
646 3444 705 3497 ὃν
744 3442 1082 3514 συμϐολικῶς
1125 3443 1421 3497 ἐναπέθετο
1458 3447 1486 3497 ὁ
1523 3445 1860 3515 Δημιουργὸς
1893 3449 1957 3498 ἐκ

383 3538 482 3605 τῆς
509 3533 918 3605 ἐνυπαρχούσης
950 3533 1028 3603 τῷ
1061 3534 1245 3603 ἄστρῳ
1279 3533 1513 3601 θεωρίας
1565 3533 1658 3584 ἐπὶ
1684 3533 1782 3602 τὴν
1820 3533 1955 3604 πρὸς

383 3628 575 3682 ἑαυτὸν
629 3626 720 3681 τοῦ
777 3625 907 3678 Υίοῦ
957 3626 1293 3694 συνάναρχον
1331 3623 1515 3692 σχέσιν
1555 3624 1664 3675 τῶν
1704 3623 1956 3693 ὁρώντων

382 3718 592 3789 ὁδηγῶν
626 3716 724 3788 τὴν
752 3716 1008 3770 διάνοιαν.
1039 3716 1240 3784 Σελήνη
1275 3713 1329 3766 δὲ
1369 3715 1660 3784 αὐξομένη,
1725 3716 1820 3767 καὶ
1865 3716 1957 3785 λή-

383 3824 577 3873 γουσα,
616 3806 676 3858 τὸ
710 3804 1114 3874 εὑμετάδλητον
1147 3802 1254 3855 τῶν
1289 3803 1574 3874 ἡμετέρων
1618 3804 1957 3874 πραγμάτων

382 3898 552 3969 δηλοῖ,
609 3895 889 3949 καὶτοῦτο
917 3897 1037 3958 ταῖς
1081 3895 1464 3964 ἀγχιστρὸφοις
1508 3893 1616 3946 τῶν
1662 3895 1956 3965 σχημάτων

388 3986 750 4057 μεταλλαγαῖς
781 3987 1053 4057 παραινεῖ,
1087 3985 1163 4048 ὡς
1193 3982 1315 4037 οὔτε
1347 3983 1616 4054 εὑημερία
1640 3984 1721 4037 δεῖ
1744 3985 1958 4055 χαίρειν

381 4077 458 4140 ὡς
489 4076 809 4146 παραμόνῳ,
861 4073 984 4129 οὔτε
1047 4074 1383 4145 δυσημερίαν
1425 4075 1676 4146 ἡγεῖσθαι
1707 4068 1956 4146 λυπηρὰν

382 4168 456 4232 ὡς
489 4169 752 4240 ἐσομένην
781 4167 1019 4239 χρονίαν·
1053 4168 1219 4232 ὀξέως
1248 4168 1356 4238 γὰρ
1382 4162 1540 4222 αὑται
1569 4169 1957 4238 ὲπαμείϐονται

385 4261 643 4331 ἀλλήλαις
669 4261 744 4323 ὡς
784 4261 858 4330 μὴ
881 4262 1054 4312 ποιεῖν
1105 4258 1358 4331 αἴσθησιν
1397 4259 1496 4330 τῆς
1535 4262 1835 4332 παρουσίας
1880 4263 1958 4330 τῷ

381 4353 536 4424 τάχει
578 4354 676 4422 τῆς
707 4352 1132 4422 ὑποχωρήσεως,
1165 4351 1331 4423 ἄλλης
1365 4345 1760 4424 ἐφεδρεὐούσης
1799 4355 1953 4426 ἄλλῃ,

384 4446 476 4498 καὶ
508 4445 604 4515 τὴν
627 4443 935 4514 ἡγουμένην
962 4443 1344 4514 διαδεχομένης
1388 4444 1485 4514 τῆς
1520 4446 1800 4516 προσεχῶς
1830 4448 1956 4500 ἑπο-

385 4536 552 4606 μένης
588 4536 726 4589 κατά
755 4535 883 4598 τοὺς
912 4534 1012 4604 τῆς
1051 4535 1280 4605 σελήνης
1320 4538 1564 4606 συνεχεῖς
1602 4555 1955 4609 μετασχημα-

380 4629 624 4698 τισμοὺς,
672 4629 720 4682 οἳ
761 4627 1012 4680 τοσοῦτον
1069 4626 1490 4696 παραχωροῦσιν
1525 4628 1796 4700 ἀλλήλοις,
1831 4631 1954 4683 ὅσον

380 4722 476 4773 καὶ
501 4721 599 4790 τὴν
633 4719 922 4788 συνήθειαν
952 4717 1203 4786 γενέσθαι
1237 4719 1330 4788 τῆς
1355 4717 1615 4788 βιώσεως,
1655 4721 1748 4773 καὶ
1776 4721 1954 4774 ἐπιδό-

380 4828 514 4873 σεως
562 4810 768 4881 τροπὴν
815 4809 908 4862 τοῦ
935 4809 1132 4878 φωτὸς,
1168 4810 1261 4861 καὶ
1295 4809 1392 4881 τὴν
1427 4811 1786 4882 παραλλαγὴν
1825 4813 1951 4866 τού-

378 4917 485 4954 των
513 4897 651 4953 εἶναι
683 4900 1003 4970 δυσπαρατή
1015 4917 1174 4969 ρητον
1202 4940 1217 4963 ,
1262 4901 1383 4954 κατ’
1405 4901 1585 4969 ὀλίγον
1635 4903 1951 4975 προσθήκης

380 4990 472 5042 καὶ
500 4988 840 5060 ὑφαιρέσεως
872 4987 1241 5058 λανθανούσης
1279 4990 1504 5053 είκὸτως
1545 4990 1643 5061 τὴν
1676 4991 1950 5062 αἴσθησιν.

392 5081 543 5133 Ἐπεὶ
586 5083 676 5132 καὶ
716 5079 886 5132 πολλὰ
927 5080 1035 5132 τῶν
1068 5078 1210 5132 οὑτω
1254 5080 1650 5152 αὑξομένων,ἡ
1701 5083 1956 5152 μειουμέ-

383 5191 505 5230 νων,
537 5161 733 5244 ἄδηλον
763 5173 874 5242 ἔχει
898 5173 996 5242 τὴν
1028 5172 1423 5244 καθημερινὴν,
1453 5176 1536 5242 ἐφ’
1565 5168 1717 5246 ᾧπερ
1748 5176 1814 5230 ἂν
1852 5177 1951 5229 τύ-

381 5279 452 5336 χῃ
499 5264 873 5336 παραλλαγὴν,
905 5264 1116 5328 οὑδενὺς
1163 5265 1365 5332 γνῶναι
1407 5267 1711 5338 δυναμένου
1754 5268 1952 5340 ῥᾳδίως

378 5353 501 5405 ὅσον
537 5352 660 5406 καθ’
696 5353 933 5424 ἑκάστην
961 5355 995 5422 ἡ
1028 5352 1137 5405 τῶν
1163 5353 1476 5423 αὐξομένων
1508 5356 1692 5425 ἡλικία
1726 5356 1950 5429 προστί-

380 5443 505 5516 Θησι
534 5444 918 5514 προκύπτουσα
956 5444 1150 5511 διόλου,
1187 5446 1280 5498 καὶ
1317 5447 1416 5516 τῆς
1457 5449 1739 5519 προκοπῆς
1767 5449 1825 5502 τὸ
1855 5449 1950 5520 μέ-

451 5667 497 5699 "
524 5665 725 5723 Jcrcm.
759 5685 810 5732 ν,
837 5668 928 5734 22,
981 5669 1070 5724 25.
1148 5667 1192 5698 "
1243 5665 1404 5724 IIebr.
1434 5685 1472 5734 ι,
1501 5669 1554 5723 5.

2056 1856 2346 1922 castigare.
2391 1854 2631 1908 maxime
2676 1853 2874 1908 fastum
2907 1865 3152 1920 premere
3184 1847 3629 1903 irrationabiliter

2056 1945 2280 2008 elatum,
2320 1943 2727 1998 inscusibilium
2759 1943 2950 1996 saltem
2981 1939 3283 1993 imitatione
3305 1937 3358 1991 id
3383 1946 3624 2007 agentes,

2054 2037 2198 2106 quod
2225 2035 2388 2089 etiam
2420 2043 2616 2104 prazter
2643 2033 3037 2103 legislationcm
3060 2029 3377 2085 debuissent
3400 2027 3626 2098 (iuetum

2054 2127 2173 2184 fore
2204 2126 2413 2182 ratione
2433 2127 2796 2196 dijudicantes
2812 2124 2858 2196 ),
2877 2133 3176 2194 spontaneo
3199 2121 3406 2192 judicio
3427 2120 3627 2188 facere,

2054 2221 2256 2291 quippe
2294 2219 2439 2289 quod
2481 2219 2741 2273 indicium
2786 2225 2934 2272 esset
2978 2215 3227 2270 libertate
3267 2213 3496 2269 fruentis
3541 2214 3630 2270 in-

2057 2313 2306 2367 tellectus
2341 2329 2406 2366 cx
2435 2311 2520 2367 sui
2546 2311 2656 2378 .sibi
2682 2311 2910 2381 jubente
2940 2308 3174 2364 consilio
3215 2308 3347 2362 moti
3395 2307 3461 2361 ad
3503 2307 3608 2360 hoc

2057 2405 2124 2460 ad
2157 2405 2309 2476 quod
2344 2420 2467 2458 eum
2495 2404 2794 2458 deductura
2824 2409 2944 2456 erat
2971 2401 3108 2471 legis
3136 2400 3456 2454 necessitas.

2613 2557 2838 2615 CAPUT
2871 2556 3058 2612 LXIII.

2127 2717 2268 2782 Quin
2308 2722 2363 2769 et
2401 2712 2828 2782 unumquodque
2866 2708 3217 2764 luminarium
3255 2707 3429 2760 visum
3471 2704 3635 2760 docet

2055 2807 2182 2877 quid
2220 2805 2350 2860 utile
2385 2803 2490 2869 sit;
2543 2802 2624 2857 sol
2655 2801 2872 2871 quidem
2908 2797 3206 2853 relucentia
3239 2794 3433 2848 Filium
3482 2793 3632 2848 Patri

2055 2909 2382 2954 coaeternnm
2411 2899 2743 2950 demonstrat
2765 2890 3194 2963 intelligendum,
3225 2896 3280 2942 et
3310 2887 3535 2956 hujusce
3555 2883 3631 2936 rei

2054 2998 2250 3046 testem
2279 2987 2505 3043 Paulum
2561 2985 2768 3041 advoco
2811 2985 3080 3039 dicentem
3135 2999 3148 3036 :
3189 3000 3206 3032 ι
3243 2979 3347 3046 Qui
3398 2992 3520 3030 rum
3562 2976 3634 3030 sit

2057 3079 2312 3152 Splendor
2345 3077 2551 3147 gloriae,
2577 3085 2630 3131 et
2663 3075 2832 3145 ﬁgura
2868 3073 3186 3129 substantia:
3239 3071 3357 3140 ejus
3387 3070 3456 3134 ἐς
3495 3087 3512 3119 ι
3547 3067 3635 3120 ille

2058 3187 2314 3244 namque,
2346 3170 2488 3242 quod
2518 3167 2653 3224 vidit
2681 3167 2944 3223 intellexit
2972 3167 3054 3237 (ut
3083 3175 3273 3220 natura
3299 3161 3399 3216 visi
3425 3158 3633 3229 docuit)

2055 3273 2110 3320 et
2151 3264 2446 3334 perspicaci
2505 3261 2703 3315 animae
2762 3259 2922 3314 oculo
2978 3257 3030 3310 in
3073 3253 3288 3326 opificio
3336 3250 3634 3319 repositum

2057 3353 2454 3424 dispiciendum
2481 3352 2584 3406 hoc
2615 3350 2862 3411 verbum,
2889 3348 3034 3417 quod
3059 3343 3355 3416 symbolice
3381 3336 3636 3408 deposuit

2056 3445 2270 3516 Opifex,
2299 3444 2535 3512 dirigens
2568 3440 2899 3494 intellectum
2933 3436 3334 3506 inspicientium
3372 3448 3438 3486 ex
3471 3429 3634 3484 insita

2058 3536 2224 3591 stellae
2275 3531 2610 3598 spectatione
2667 3528 2731 3581 ad
2785 3536 3110 3581 coazternani
3147 3523 3267 3575 Filii
3325 3519 3632 3574 naturalem

2058 3624 2487 3680 rom'cnienliam
2530 3636 2652 3674 cum
2690 3618 2892 3686 seipso.
2950 3615 3099 3668 Luna
3134 3627 3264 3668 vero
3298 3624 3550 3664 crescens
3580 3615 3636 3660 ct

2057 3718 2312 3772 deficiens
2344 3728 2523 3766 rerum
2557 3717 2868 3764 nostrarum
2896 3705 3107 3760 facilem
3143 3699 3632 3758 ostentatmutabi-

2058 3806 2286 3866 litatem,
2313 3800 2618 3868 subitisque
2639 3798 2937 3867 figurarum
2971 3792 3362 3846 n‘tutationibus
3382 3789 3635 3841 admonet

2060 3898 2182 3956 hoc,
2213 3895 2355 3964 quod
2402 3892 2611 3947 scilicet
2639 3904 2815 3958 neque
2845 3886 3122 3948 felicitate,
3152 3881 3314 3953 31!.
3353 3887 3635 3948 preptcrea

2059 3995 2306 4058 Oporteat
2339 3983 2596 4055 gaudere,
2631 3981 2787 4050 quasi
2841 3991 3220 4048 permansura,
3274 3988 3374 4028 nec
3401 3969 3635 4026 infelici-

2059 4090 2224 4135 tatem
2249 4078 2446 4132 ducere
2479 4073 2790 4134 molestam,
2825 4067 3048 4139 perinde
3083 4082 3146 4121 ac
3181 4065 3226 4121 si
3277 4063 3457 4118 futura
3492 4067 3636 4116 esset

2058 4175 2313 4229 diuturna
2346 4187 2360 4224 :
2387 4169 2540 4222 ocius
2581 4165 2727 4220 enim
2755 4163 2871 4216 ista:
2901 4160 3005 4216 sibi
3036 4158 3271 4213 invicem
3311 4154 3635 4218 succedunt,

2065 4267 2138 4320 ita
2173 4276 2227 4318 ut
2251 4278 2355 4316 non
2383 4259 2620 4314 alliciant
2643 4270 2865 4311 sensum
2895 4269 2992 4308 sua
3017 4251 3325 4322 praesentia,
3349 4263 3460 4319 pra:
3490 4245 3635 4301 cclc—

2062 4360 2218 4412 ritatc
2271 4354 2586 4416 discessus,
2647 4364 2769 4403 cum
2835 4347 3004 4401 altera
3071 4344 3303 4400 insideat
3356 4338 3549 4402 alteri,
3583 4345 3637 4392 et

2062 4449 2320 4521 prterunti
2351 4446 2626 4508 succedat,
2651 4460 2772 4515 qua:
2787 4442 3046 4498 continuo
3063 4437 3417 4506 subsequitur
3441 4447 3636 4520 sccunT

2061 4541 2190 4596 dum
2213 4538 2500 4598 continuas
2536 4535 2678 4588 lunre
2719 4529 3250 4600 transfiguratioucs,
3277 4541 3396 4592 quae
3424 4523 3496 4576 ita
3529 4511 3631 4574 silJi

2062 4633 2289 4686 invicem
2345 4629 2563 4691 cedunt,
2625 4633 2685 4678 ut
2717 4625 2839 4678 vita).
2869 4618 3206 4676 consuetudo
3239 4621 3549 4685 peragatur,
3582 4619 3635 4664 et

2062 4721 2295 4776 mutatio
2322 4718 2414 4772 fiat
2437 4716 2663 4770 luminis
2693 4714 3112 4774 incrementum,
3151 4709 3451 4774 harumque
3479 4701 3631 4756 diﬁc-

2063 4810 2242 4868 rcntia
2293 4809 2364 4862 sit
2411 4806 2643 4863 difﬁcilis
2697 4805 3029 4868 observatu,
3083 4815 3207 4855 cum
3275 4795 3477 4852 additio
3547 4792 3634 4847 vel

2061 4904 2262 4960 ablatio
2295 4904 2491 4973 exigua
2525 4915 2745 4956 sensum
2787 4897 2982 4953 merito
3015 4895 3256 4948 lateant:
3291 4883 3634 4958 quandoqui-

2060 4996 2244 5052 demet
2275 4996 2442 5049 multa
2464 5009 2651 5049 eorum
2674 5006 2793 5061 quae
2821 4989 2898 5044 sic
2921 4993 3189 5056 augentur
3209 4991 3263 5037 et
3289 4980 3631 5040 minuuntur,

2060 5088 2391 5160 incognitam
2421 5087 2472 5140 in
2503 5084 2697 5156 quovis
2715 5098 2844 5137 casu
2875 5073 3472 5135 liabentdifferentiam,
3499 5084 3634 5138 quo-

2061 5175 2346 5242 tidianam,
2382 5190 2504 5229 cum
2539 5186 2699 5227 nemo
2735 5170 2891 5224 facile
2919 5169 3239 5238 dignoscere
3270 5167 3434 5232 queat
3457 5173 3632 5227 quau-

2061 5278 2174 5324 tum
2212 5283 2402 5322 corum
2455 5281 2576 5336 qua:
2630 5271 2900 5334 augentur
2953 5268 3183 5321 statura,
3235 5252 3475 5326 quotidie
3504 5265 3630 5321 pro—

2059 5359 2310 5431 grediens
2368 5371 2464 5428 per
2516 5365 2711 5420 totum,
2767 5362 2822 5409 et
2875 5363 3199 5424 progressus
3253 5344 3472 5400 modum
3525 5353 3635 5394 non

2059 5449 2414 5506 manifestans
2477 5448 2727 5516 adjiciat,
2790 5445 2965 5499 donec
3021 5441 3072 5497 id
3127 5438 3353 5495 edoceat
3405 5441 3632 5502 tempus.
