3956 6206
265 282 406 350 1055

1767 266 1828 325 S.
1855 263 2020 324 NILI

3361 235 3499 301 1056

263 403 406 472 quod
437 397 688 452 (ιι-ηιὶιιιιιι
721 393 855 448 visio
879 392 1019 462 ejus,
1051 390 1196 461 quod
1227 387 1384 444 ﬁebat
1415 399 1523 441 non
1547 381 1832 440 consuevit

1949 393 2058 447 ερον
2089 374 2148 426 ού
2179 369 2403 424 ποιοῦσα
2430 365 2682 436 φανερὸν,
2731 363 2834 424 ἓως
2886 362 2950 416 ἂν
3001 358 3187 430 χρόνος
3235 353 3388 408 τοῦτο
3425 355 3504 407 δι’

1977 467 2026 472 --
2102 463 2134 472 --
2212 462 2364 472 ι--.
2573 459 2585 472 .
2796 455 2807 470 .
2887 445 3466 472 ,_,_____.._

262 495 510 550 educere.

829 735 1057 794 CAPUT
1079 733 1261 790 LXIV.

331 876 525 930 Nullus
561 873 756 930 etenim
801 870 1053 940 cognovit
1089 881 1325 936 unquam
1379 864 1679 920 secundum
1725 862 1834 916 sin-

263 971 418 1038 gnlas
450 975 626 1036 partes
658 967 1050 1020 incrementum
1080 962 1410 1030 plantarum,
1435 965 1487 1011 ct
1518 957 1832 1017 herbarum,

263 1059 669 1119 animalinmve,
718 1071 781 1109 ac
811 1067 1124 1123 puerorum,
1171 1049 1264 1103 sed
1299 1063 1420 1102 cum
1469 1062 1565 1114 per
1615 1045 1832 1114 aliquod

267 1162 477 1218 tempus
515 1163 619 1200 non
662 1145 855 1198 viderit
909 1158 1028 1213 quae
1062 1140 1430 1210 perficiuntur.
1458 1137 1833 1198 Postmodum,

264 1252 388 1290 cum
435 1248 624 1287 rursus
655 1231 1035 1297 conspexerit,
1092 1228 1338 1297 agnoscit
1382 1225 1834 1288 additamentum,

264 1324 407 1396 quod
435 1324 646 1379 interim
677 1321 936 1392 paulatim
971 1318 1220 1381 accessit,
1253 1317 1442 1386 sicque
1464 1314 1656 1369 ediscit
1687 1321 1835 1382 post—

263 1428 425 1483 quam
454 1411 610 1465 fuerit
635 1409 954 1480 perfectum,
981 1406 1149 1476 quod,
1173 1406 1300 1458 dum
1327 1402 1498 1466 fieret,
1531 1399 1834 1472 ignorabat;

265 1499 516 1554 similiter
547 1499 735 1558 etiam,
772 1496 900 1549 dum
941 1493 1142 1562 aliquis
1169 1505 1362 1545 saxum
1396 1498 1717 1543 excavatum
1751 1488 1841 1540 in-

266 1591 424 1660 spicit
473 1607 535 1643 ex
572 1588 941 1641 indeficienter
991 1585 1249 1638 instillata
1303 1591 1472 1650 gutta,
1531 1581 1685 1650 plene
1715 1595 1838 1648 per-

267 1685 526 1736 suadetur
563 1697 590 1733 a
643 1679 1010 1750 profunditate
1058 1678 1218 1745 longo
1250 1675 1513 1741 temporis
1557 1673 1840 1741 interiecto

267 1776 443 1843 spatio
471 1773 736 1833 confecta,
766 1772 908 1840 quod
935 1783 1274 1837 unaquaque
1299 1768 1459 1838 315
1476 1767 1613 1820 stilla
1635 1775 1837 1835 partem

267 1862 559 1930 quamdam
593 1859 901 1913 etiossionis
928 1857 1174 1927 perfecit,
1211 1857 1302 1909 sed
1337 1857 1690 1924 quantitatem
1725 1855 1839 1908 sin-

269 1950 495 2018 gillatim
526 1950 758 2015 ignorat,
790 1961 911 1999 cum
945 1945 1080 1998 visio
1111 1943 1377 1997 crassiora
1412 1944 1626 2012 quidem
1665 1940 1840 1995 sensi-

269 2038 398 2092 bilia
446 2033 842 2103 aliquantulum
899 2032 1185 2100 dignos‘cat
1225 2029 1450 2098 (fallitur
1495 2030 1638 2082 enim
1690 2037 1742 2082 et
1786 2028 1839 2081 in

273 2129 358 2182 Itis
385 2128 602 2194 saepius)
629 2167 644 2188 ,
683 2125 746 2178 ad
785 2123 1027 2177 tenuiora
1077 2137 1205 2176 vero
1256 2121 1580 2175 collimanda
1611 2128 1842 2188 nequeat

271 2215 414 2268 felici
450 2215 667 2267 tendere
719 2226 907 2276 cursu,
942 2220 996 2264 ct
1057 2210 1280 2264 inertior
1315 2208 1716 2278 quodannnodo
1749 2209 1838 2272 sit,

269 2313 324 2358 et
354 2304 567 2357 inﬁrma
615 2301 679 2355 ad
729 2299 1042 2369 ltujusmodi
1099 2313 1384 2368 corporum
1420 2298 1838 2366 perceptionem.

276 2396 472 2450 Stellas
511 2410 638 2447 vero
671 2393 716 2446 si
766 2392 890 2460 quis
922 2389 1290 2452 obscuriores,
1340 2397 1393 2442 et
1448 2388 1844 2455 splendidiores

272 2482 636 2544 inundabitur,
691 2479 818 2532 dum
861 2478 1128 2530 obscurus
1188 2477 1256 2528 sit
1295 2483 1348 2528 et
1407 2474 1676 2541 ignobilis,
1735 2489 1841 2526 non

273 2573 533 2629 invidebit
565 2573 652 2637 iis,
690 2571 782 2640 qui
817 2571 1076 2638 dignitate
1101 2584 1162 2622 ac
1196 2567 1396 2621 divitiis
1423 2569 1841 2636 superemincnt,

276 2682 373 2721 nec
407 2682 469 2720 ex
501 2666 750 2726 adverso,
783 2663 827 2718 si
860 2662 1218 2718 sitexccllens
1243 2661 1295 2714 in
1329 2661 1454 2724 illis,
1475 2670 1662 2714 contra
1691 2661 1842 2727 viles,

271 2771 328 2814 et
374 2759 554 2828 (veluti
605 2755 980 2826 purgamenta)
1039 2755 1278 2824 abiectos
1322 2754 1512 2821 grandi
1584 2763 1843 2807 tumescet

275 2851 587 2920 supercilio,
633 2848 1010 2920 conspicatus,
1063 2847 1207 2916 quod
1255 2846 1356 2898 illa!
1397 2855 1664 2899 contentae
1719 2857 1846 2899 sunt

275 2863 587 2920 supcrmllo,
633 2863 765 2902 cons
809 2863 1010 2912 reatus,
1063 2863 1207 2916 quoa
1255 2863 1356 2898 nne
1397 2863 1664 2899 contentae
1719 2863 1841 2899 sunt

273 2943 493 3013 pmpria
539 2940 666 2995 sede
699 2863 938 3000 πείθεο,
988 2947 1040 2990 et
1089 2945 1275 2990 amant
1305 2951 1623 3004 permanere
1654 2937 1706 2989 in
1739 2937 1841 3000 his,

1930 463 2138 537 δάξῃ.’ὃ
2166 462 2239 533 μὴ
2259 462 2527 515 διδάσκειν
2564 459 2596 528 ἡ
2631 455 2855 526 συνεχὴς
2881 453 3121 522 πέφυκεν
3154 449 3273 517 ὄψις
3295 445 3385 499 τοῦ
3415 464 3503 514 γι-

1932 555 2176 626 νομένου.

2515 721 2766 776 ΚΕΦΑΛ.
2805 720 2919 772 ΞΔ⁹.

2005 841 2190 902 Οὐδεὶς
2236 837 2329 892 οὖν
2385 835 2601 888 πώποτε
2637 833 2839 900 φυτῶν,
2887 829 2981 882 καὶ
3029 827 3195 886 ποῶν,
3229 825 3380 889 ζώων
3427 840 3506 880 τε,

1937 933 2030 986 καὶ
2058 931 2265 984 παίδων
2301 929 2440 992 ἔγνω
2465 927 2562 994 τὴν
2591 923 2732 977 κατᾶ
2761 923 2926 993 μέρος
2951 919 3085 990 πρὸς
3119 918 3292 986 μῆκος
3323 915 3506 966 tntae-

1938 1040 2041 1076 σιν·
2075 1022 2248 1091 χρόνῳ
2281 1019 2338 1072 δέ
2365 1035 2469 1070 τινι
2498 1016 2571 1084 μὴ
2595 1013 2926 1081 θεασάμενος
2953 1010 3018 1062 τὰ
3044 1008 3344 1077 ὑψούμενα.
3375 999 3508 1056 Εἶτα

1937 1114 2094 1175 αὖθις
2130 1112 2251 1165 ίδὼν
2283 1111 2380 1181 τὴν
2416 1112 2472 1162 ἐν
2499 1107 2574 1176 τῷ
2601 1105 2798 1176 μεταξὺ
2821 1103 2962 1156 κατὰ
2995 1099 3188 1170 μικρὸν
3214 1096 3507 1164 γινομένην

1939 1206 2077 1273 ἔγνω
2128 1203 2461 1273 προσθήκην,
2507 1199 2642 1266 ὅπερ
2690 1195 2958 1266 ἠγνόησεν
3015 1195 3071 1244 ἐν
3131 1189 3208 1259 τῷ
3241 1186 3503 1255 γίνεσθαι,

1937 1296 2092 1350 τοῦτο
2113 1298 2170 1347 ἐν
2188 1293 2265 1364 τῷ
2293 1289 2618 1360 γεγενῆσθαι
2646 1286 2852 1357 μαθών.
2877 1284 3032 1337 Οὕτω
3055 1299 3158 1344 τις,
3188 1281 3280 1333 καὶ
3303 1279 3506 1348 πέτραν

1938 1388 2311 1444 κοιλανθεῖσαν
2363 1383 2722 1444 ἀδιαλείπτως
2761 1376 3126 1446 ἐπισταζούσῃ
3174 1374 3508 1440 θεασάμενος

1941 1480 2112 1552 ρανίδι
2140 1478 2217 1548 τῷ
2253 1477 2449 1547 χρονίῳ
2485 1475 2657 1544 βάθει,
2685 1471 3107 1541 πληροφορεῖται
3141 1467 3236 1535 μέν
3275 1466 3348 1527 ὡς
3375 1463 3510 1516 ἑκά-

1942 1591 2040 1641 στη
2085 1567 2319 1636 σταγὼν,
2361 1566 2524 1637 μέρος
2555 1581 2610 1616 τι
2647 1562 2740 1616 τοῦ
2785 1561 3095 1632 ὀρύγματος
3129 1559 3312 1627 ἧνυσε.
3350 1555 3410 1607 τὸ
3451 1552 3509 1606 δὲ

1941 1663 2062 1715 ὅσον
2119 1660 2217 1712 οὐκ
2265 1655 2394 1722 οἶδε,
2452 1657 2552 1725 τῆς
2610 1654 2783 1722 ὅψεως
2831 1653 2898 1705 τὰ
2943 1652 3040 1720 μὲν
3076 1648 3356 1717 παχύτερα
3401 1645 3510 1698 τῶν

1942 1751 2215 1821 αἰσθητῶν
2247 1748 2619 1819 γνωριζούσης
2651 1745 2830 1807 ποσῶς
2863 1743 3173 1812 (σφάλλεται
3196 1739 3302 1806 γὰρ
3329 1738 3422 1791 καὶ
3453 1740 3511 1790 έν

1941 1844 2148 1906 τούτοις
2171 1840 2474 1907 πολλάκις),
2505 1840 2616 1901 τοῖς
2642 1837 2697 1890 δὲ
2723 1836 3065 1905 λεπτοτέροις
3094 1835 3210 1886 ούδέ
3235 1831 3512 1885 ἐπιϐαλεῖν

1941 1936 2263 2004 δυναμένης,
2289 1931 2590 2003 ἀργοτέρας
2617 1945 2732 1992 πως
2756 1926 2942 1994 οὔσης,
2970 1926 3064 1978 καὶ
3095 1924 3349 1985 ἀσθενοῦς
3375 1921 3512 1990 πρὸς

1943 2025 2040 2094 τὴν
2075 2023 2182 2076 τῶν
2215 2021 2472 2074 τοιούτων
2508 2018 2774 2088 σωμάτων
2807 2014 3108 2083 ἀντίληψιν.
3153 2013 3424 2080 Ἀστέρων
3452 2007 3510 2062 δὲ

1941 2118 2067 2178 τοὺς
2096 2113 2518 2184 ἀμυδροτέρους,
2555 2111 2649 2162 καὶ
2683 2106 3080 2177 φαιδροτέρους,
3130 2105 3182 2156 ετ
3213 2119 3294 2164 τις
3334 2099 3514 2170 ζηλώ-

1946 2225 2109 2270 σειεν,
2153 2205 2275 2258 οὔτε
2319 2203 2530 2272 ἀφανὴς
2579 2201 2652 2253 ὢν
2686 2200 2780 2252 καλ⁵
2814 2199 3045 2266 ἄσημος,
3107 2194 3367 2263 βασκανεῖ
3402 2193 3513 2252 τοῖς

1947 2297 2304 2369 ὑπερέχουσιν
2352 2294 2477 2366 ἀξίᾳ
2533 2292 2625 2346 καὶ
2664 2289 2898 2358 πλούτῳ,
2951 2287 3070 2339 οὕτε
3108 2285 3268 2338 πάλιν
3308 2283 3513 2335 εύδοκι-

1951 2387 2067 2458 μῶν
2114 2388 2170 2440 ὲν
2219 2388 2427 2447 τούτοις
2458 2383 2598 2436 κατά
2625 2381 2733 2434 τῶν
2766 2378 2997 2432 εὐτελῶν
3037 2377 3111 2438 ὡς
3144 2375 3512 2442 καθαρμάτων

1946 2478 2380 2548 ὀφρυωθήσεται,
2411 2475 2733 2544 στέργοντας
2762 2471 3000 2531 ἐκείνους
3024 2467 3119 2538 τὴν
3145 2464 3347 2518 οἰκείαν
3363 2461 3512 2524 τάξιν

1947 2570 2109 2640 ὁρῶν,
2149 2569 2240 2621 καὶ
2283 2565 2609 2635 ἀγαπῶντας
2669 2563 2846 2632 μένειν
2885 2562 2942 2612 ἐν
2985 2553 3065 2620 οἷς
3105 2555 3510 2624 ἐκληρώθησαν,

1946 2661 2020 2724 ὼς
2058 2659 2328 2731 ἠϐουλήθη
2387 2661 2414 2711 ό
2460 2655 2528 2708 τὰ
2569 2654 2742 2724 μέτρα
2784 2653 2876 2707 τοῦ
2914 2651 3089 2721 φωτὸς
3126 2649 3307 2708 αὐτοῖς
3348 2644 3516 2706 τάξας

1947 2752 2097 2815 Θεὸς.
2137 2752 2243 2805 Καὶ
2269 2749 2564 2821 φρονίμους
2588 2746 2734 2816 ἡμᾶς
2769 2742 2910 2796 κατὰ
2949 2741 3038 2793 τὸν
3071 2739 3212 2806 ὅφιν,
3245 2735 3339 2788 καὶ
3383 2733 3514 2784 ἀκε-

1952 2842 2136 2911 ραίους
2179 2841 2318 2893 κατὰ
2367 2840 2466 2908 τὴν
2491 2834 2817 2907 περιστερὰν
2854 2828 2992 2885 εἶναι
3032 2829 3198 2882 θέλων
3228 2827 3254 2877 ὁ
3291 2823 3513 2894 Κύριος,

1950 2932 2168 2984 πάντων
2205 2933 2348 3000 ἡμᾶς
2375 2929 2482 2981 τῶν
2516 2926 2697 2998 μερῶν
2729 2923 2826 2992 τῆς
2855 2922 3083 2982 κτίσεως
3104 2916 3390 2986 καθίστησι
3415 2930 3528 2983 μα-

275 3035 329 3086 in
385 3032 583 3100 quibus
639 3031 793 3098 quasi
839 3037 986 3083 sorte
1034 3026 1257 3080 fuerunt
1315 3026 1517 3088 electa',
1572 3033 1632 3076 ιιι
1699 3025 1842 3079 Deus

1949 3025 2135 3094 θητάς,
2180 3023 2240 3074 ού
2289 3021 2629 3090 φυλάξαντας
2663 3016 2764 3084 τῆς
2800 3013 3026 3074 κτίσεως
3067 3009 3164 3078 τὴν
3214 3005 3516 3073 εὐγένειαν,

273 3121 468 3182 voluit,
493 3118 584 3188 qui
618 3130 904 3170 mensuras
934 3114 1156 3167 luminis
1187 3111 1318 3181 ipsis
1349 3109 1641 3178 adaptavit.
1679 3110 1843 3176 Quin,

275 3225 398 3264 cum
453 3206 748 3276 prudentes
809 3203 885 3257 uti
943 3209 1258 3270 serpentes,
1327 3209 1380 3253 et
1436 3200 1709 3268 simplices
1768 3200 1845 3253 uti

275 3297 556 3353 columbas
580 3295 623 3327 99
655 3283 755 3348 nos
786 3307 904 3346 esse
932 3291 1061 3344 velit
1095 3289 1377 3351 Dominus,
1408 3289 1569 3342 etiam
1604 3287 1846 3340 omnium

277 3389 424 3445 orbis
479 3387 712 3458 partium
759 3399 858 3438 nos
904 3380 1180 3437 constituit
1222 3364 1551 3449 discipulos,
1608 3378 1696 3446 qui
1741 3394 1846 3431 nan

275 3495 496 3539 servare
548 3480 601 3533 in
645 3479 745 3532 hoc
793 3477 1051 3530 debemus
1109 3473 1443 3526 nobilitatem
1501 3471 1846 3536 conditionis,

275 3575 367 3630 sed
400 3573 593 3627 merito
615 3571 812 3626 instrui
851 3569 916 3622 ad
948 3569 1148 3622 bonum
1172 3566 1418 3620 ordinem
1449 3580 1511 3618 cx
1543 3565 1850 3633 insipientia

274 3670 343 3723 ab
373 3669 441 3722 iis
474 3667 566 3736 qui
604 3665 747 3721 servi
781 3664 1054 3732 quondam
1105 3661 1452 3723 exstiterunt,
1511 3666 1570 3712 ut
1626 3660 1694 3712 ab
1744 3659 1851 3712 illis

273 3755 577 3810 doctrinam
629 3751 956 3818 accipientes
1007 3748 1108 3800 sub
1154 3746 1348 3809 oculis,
1405 3746 1458 3797 in
1514 3745 1669 3798 nobis
1719 3744 1851 3814 ipsis

276 3843 582 3905 scientiam,
615 3839 682 3892 ad
731 3853 891 3908 quam
949 3835 1059 3888 nati
1109 3848 1324 3898 sumus,
1357 3833 1688 3898 excitemus;
1727 3847 1849 3886 cum

275 3934 483 3989 scilicet
531 3931 800 4000 possimus
849 3927 1118 3996 inculpate
1154 3923 1334 3977 vivere
1369 3939 1398 3977 c
1444 3923 1851 3992 nobismetipsis

276 4025 563 4094 deligendo
615 4024 778 4087 bona,
828 4037 930 4076 nec
962 4021 1124 4075 veluti
1159 4018 1548 4081 mendicantes,
1582 4017 1849 4082 faciendo,

277 4127 337 4171 nt
362 4117 412 4170 id
444 4117 497 4169 in
527 4130 625 4169 nos
657 4114 826 4168 exteri
858 4113 1163 4168 conferant.
1207 4110 1428 4174 Verum,
1463 4127 1495 4163 0
1530 4110 1849 4175 beatissimi,

277 4216 473 4278 prteter
495 4207 600 4259 alia
629 4206 811 4258 omnia
841 4206 1002 4267 bona,
1029 4214 1084 4258 et
1112 4204 1463 4260 concordiam
1499 4203 1639 4257 inter
1657 4218 1773 4266 vos,
1801 4209 1854 4254 et

278 4295 664 4364 experientiam
695 4310 909 4360 eorum,
939 4309 1060 4362 quae
1081 4294 1355 4363 pertinent
1387 4297 1452 4348 ad
1487 4309 1851 4363 unumquem-

1949 3093 2041 3168 καὶ
2087 3111 2238 3182 παρά
2279 3109 2386 3162 τῶν
2415 3125 2542 3161 ποτε
2575 3105 2778 3158 δούλων
2807 3102 3030 3163 εἰκότως
3064 3093 3520 3163 παιδαγωγουμέ·

1947 3223 2069 3268 νους
2093 3203 2227 3272 πρὸς
2251 3202 2310 3254 τὸ
2337 3199 2596 3252 εὔτακτον
2618 3199 2715 3266 τῆς
2748 3191 3234 3264 ἀφροσύνης,ὃπως
3262 3187 3359 3256 τὴν
3387 3184 3520 3252 παρ’

1949 3297 2130 3358 αὐτοῖς
2168 3293 2465 3364 μαθητείαν
2503 3289 2756 3350 λαϐόντες
2798 3286 3018 3339 ὑπώπια
3057 3281 3152 3351 τὴν
3200 3281 3256 3331 ἐν
3307 3277 3521 3336 ἑαυτοῖς

1951 3390 2260 3457 κινήσωμεν
2312 3385 2622 3452 ἐπιστήμην
2682 3379 2803 3434 καθ’
2850 3379 2914 3449 ἣν
2982 3375 3302 3443 γεγόναμεν·
3373 3366 3521 3437 βιοῦν

1951 3456 2257 3548 ἀμέμπτως
2285 3476 2571 3545 δυνάμενοι
2604 3471 2662 3536 ἐξ
2691 3467 2899 3524 ἑαυτῶν
2929 3464 3240 3534 αἱρούμενοι
3265 3459 3331 3511 τὰ
3356 3456 3518 3517 καλὰ,

1950 3569 2047 3624 καὶ
2079 3571 2178 3622 οὐκ
2218 3566 2416 3631 ἔξωθεν
2450 3563 2589 3617 κατὰ
2618 3563 2743 3624 τοὺς
2777 3555 3165 3630 μεταιτοῦντας
3202 3548 3520 3621 ἐρανιζόμε-

1950 3679 2031 3715 νοι
2059 3659 2234 3713 τούτο.
2282 3655 2418 3709 Ἀλλ’
2458 3656 2623 3724 ὑμᾶς,
2673 3646 2716 3704 ὧ
2766 3646 3195 3721 μακαριώτατοι,
3247 3639 3382 3710 μετά
3413 3635 3522 3688 τῶν

1953 3751 2125 3806 ἄλλων
2157 3749 2406 3802 ἁπάντων
2440 3744 2640 3807 καλῶν,
2673 3743 2765 3794 κοιλ⁸
2796 3743 2892 3810 τῆς
2922 3734 3256 3807 συμφωνίας,
3295 3729 3386 3782 καὶ
3424 3729 3524 3795 τῆς

1954 3844 2082 3914 περὶ¹
2115 3841 2182 3894 τὰ
2222 3838 2579 3893 ἐπιϐάλλοντα
2625 3834 2830 3902 ἑκάστῃ
2863 3827 3194 3883 καταστάσει
3235 3818 3524 3892 ἐμπειρίας

1954 3931 2252 4003 θαυμάζειν
2282 3928 2429 3993 ἄξιον
2463 3927 2579 3987 πῶς
2602 3923 2902 3993 ψαλτηρίου
2943 3919 3042 3987 μὲν
3079 3915 3414 3985 εύαρμόστου
3449 3909 3514 3961 δίο

1953 3999 2142 4094 κηννέν
2173 4019 2450 4088 διαφόροις
2481 4017 2736 4086 φθόγγοις
2760 4012 2816 4063 ἓν
2847 4010 2947 4078 τῆς
2977 4005 3252 4065 εὐσεϐείας
3278 3999 3520 4094 συνηγεῖν

1953 4086 2022 4168 τε.
2042 4114 2222 4185 μέλος,
2259 4086 2418 4172 ἀλλος
2447 4108 2574 4162 ἄλλο
2613 4123 2663 4158 τι
2703 4103 2907 4170 ταύτης
2947 4096 3328 4169 μετερχόμενοι
3362 4086 3524 4149 εἶδος,

1955 4208 2050 4262 καὶ
2082 4205 2256 4266 οὐδεὶς
2315 4201 2536 4271 ἀπᾴδων
2590 4196 2800 4258 οὐδενὸς
2850 4192 2938 4246 διὰ
2969 4189 3066 4260 τὴν
3093 4185 3229 4256 πρὸς
3268 4181 3526 4252 ἀλλήλους

1958 4296 2224 4367 ὑπακοὴν,
2254 4295 2375 4365 ἥτις
2423 4293 2549 4354 τοὺς
2597 4285 2958 4359 διῃρημένους
3002 4283 3112 4342 τοῖς
3151 4275 3362 4344 σώμασι
3402 4289 3527 4324 συν-

279 4402 386 4456 que
413 4399 591 4438 rcrmn
635 4391 831 4437 statum
855 4425 870 4448 ,
906 4383 1127 4452 dignum
1163 4392 1247 4437 est
1283 4393 1343 4437 ut
1395 4399 1585 4437 omnes
1619 4384 1844 4437 admira-

1957 4390 2150 4444 ἅπτειν
2185 4383 2475 4455 ὁμοψύχως
2500 4383 2615 4443 ταῖς
2648 4377 2892 4448 γνώμαις
2919 4375 3126 4439 πέφυκε
3155 4366 3289 4437 πρὸς
3315 4364 3410 4416 ἕνα
3438 4363 3528 4414 τὸν

281 4479 428 4532 tione
461 4483 698 4528 vestrum
747 4474 908 4528 etiam
959 4483 1359 4542 prosequantur
1426 4474 1674 4536 modum,
1727 4489 1854 4542 quo,

279 4570 345 4623 ad
400 4568 570 4621 instar
634 4567 769 4620 bene
831 4565 994 4635 aptati
1054 4564 1295 4620 Psalterii
1355 4564 1584 4618 diversis
1633 4565 1858 4620 vocibus

281 4676 448 4716 unum
492 4658 705 4728 pietatis
743 4658 1030 4713 concinitis
1077 4658 1371 4723 canticum,
1415 4657 1578 4728 316
1621 4673 1853 4726 quorum

282 4753 420 4806 alius
449 4751 609 4804 aliam
638 4751 800 4819 bujus
831 4750 1062 4819 speciem
1089 4759 1345 4816 sectatur,
1371 4758 1425 4803 et
1446 4750 1627 4804 nullus
1649 4749 1718 4804 ab
1746 4750 1854 4804 ullo

282 4846 550 4912 discrepat
573 4843 625 4896 in
659 4850 822 4896 cantu
857 4842 926 4896 ob
959 4850 1199 4895 mutuam
1241 4841 1626 4907 obedientiam,
1658 4841 1856 4911 quippe

282 4950 404 5002 qua:
461 4934 766 5002 disjunctos
818 4943 1094 5002 utcunque
1145 4931 1466 5002 corporibus
1528 4932 1855 5002 conjungere

282 5032 614 5085 unanimiter
666 5031 1040 5086 voluntatibus
1093 5031 1293 5086 assolet
1345 5027 1412 5082 ad
1465 5027 1634 5082 unam'
1675 5028 1855 5097 operis

284 5127 512 5180 metam,
570 5121 762 5174 musici
826 5135 1024 5184 more,
1077 5120 1338 5189 cujusque
1395 5117 1612 5171 cliorda‘,
1671 5125 1855 5171 tonum

1955 4479 2050 4532 τοῦ
2091 4478 2252 4548 ἔργου
2278 4475 2500 4536 σκοπὸν,
2535 4467 2796 4541 μουσικοῦ
2820 4467 2997 4534 δίκην,
3033 4461 3121 4513 τὸν
3149 4457 3384 4524 ἑκάστης
3404 4471 3528 4524 χορ·

1954 4572 2050 4640 ea;
2095 4569 2226 4621 ἴδιον
2257 4567 2404 4631 ὀξὺν,
2434 4565 2466 4634 ἢ
2503 4562 2670 4633 βαρὺν
2707 4559 2855 4640 τόνον
2885 4552 3177 4625 κιρνῶντος
3207 4547 3342 4640 πρδς
3373 4548 3529 4640 ἐμαρ-

1962 4634 2144 4732 μύνιον
2181 4658 2469 4729 μελῳδίαν.
2495 4655 2568 4706 Τὸ
2595 4653 2699 4723 γὰρ
2730 4635 2962 4717 ἠηχεῖν
2995 4643 3229 4732 ἑκάστης
3259 4634 3446 4690 δοκοῦν
3473 4635 3530 4684 ὲν

1962 4731 2040 4821 τῷ
2070 4749 2373 4820 ἀνωμάλως
2403 4745 2680 4808 τετάσθαι,
2718 4739 2877 4793 τοῦτο
2910 4736 3146 4807 μάλιστα
3176 4731 3276 4799 τὴν
3307 4743 3530 4821 συμφω-

1963 4815 2081 4897 νίαν
2107 4815 2432 4910 ἐργάζεται,
2462 4838 2572 4898 τοῖς
2601 4831 2876 4901 διαφόροις
2902 4826 3242 4896 τερετισμοῖς
3278 4819 3412 4890 πρὸς
3442 4815 3535 4870 τὸν

1965 4932 2168 5004 ῥυθμὸν
2202 4929 2558 5001 χρησιμεύειν
2595 4924 2686 4978 τοῦ
2727 4924 2990 4995 ᾄσματος,
3028 4920 3116 4971 καὶ
3146 4917 3206 4968 τὸ
3247 4914 3408 4985 μέρος
3437 4912 3533 4979 ἀρ-

1961 5025 2089 5077 τύον
2127 5022 2261 5094 πρὸς
2298 5021 2359 5074 τὸ
2395 5019 2612 5088 λιγυρὸν
2651 5019 2761 5079 τοῖς
2790 5010 3206 5084 ἐνηλλαγμένως
3248 5006 3355 5058 τῶν
3391 5005 3536 5073 ῆχων

1964 5114 2338 5184 ψιθυρισμοῖς.

285 5215 504 5264 acutum
543 5219 634 5262 aut
675 5225 892 5274 gravem
924 5209 1304 5279 permiscentis
1333 5209 1398 5261 ad
1430 5205 1851 5260 modulationem
1889 5215 2012 5274 apte
2043 5202 2514 5272 componendam;
2584 5197 2714 5251 illud
2780 5196 3004 5259 etenim,
3048 5207 3156 5264 quo
3199 5198 3536 5256 unaquaeque

285 5297 487 5350 chorda
511 5297 726 5351 videtur
751 5297 1207 5362 dissonare,dum
1247 5297 1587 5364 inaequaliter
1655 5295 1924 5358 tendatur,
1965 5294 2067 5347 hoc
2119 5292 2354 5345 maxime
2400 5294 2724 5358 concentum
2777 5285 2941 5339 cflicit
2986 5296 3266 5343 sonorum,
3317 5293 3439 5330 cum
3473 5291 3535 5326 cx

290 5388 604 5443 diversitate
628 5388 992 5457 pulsationum
1027 5390 1232 5442 utilitas
1267 5389 1529 5443 redundet
1599 5387 1660 5443 ad
1726 5385 1922 5442 cantici
1964 5383 2409 5447 concinnitatem,
2447 5390 2500 5436 ct
2531 5387 2710 5450 partes
2753 5377 2970 5434 condiat
3022 5375 3085 5430 ad
3118 5372 3536 5444 jucunditatcm,

292 5481 641 5535 commutatis
681 5483 957 5536 sonituum
1000 5480 1481 5535 susurrationibus.

373 5632 418 5666 ”
455 5631 643 5688 Matth.
677 5651 729 5702 ιι,
787 5636 864 5688 16.
