3956 6206
448 237 581 300 1057

1029 347 1280 402 ΚΕΦΑΛ.
1317 348 1404 399 ΞΕ
1422 389 1436 400 .

514 469 638 532 Ilii);
693 468 748 520 δὲ
797 466 958 521 πάλιν
1008 465 1390 520 νεοσὺντακτοι
1465 461 1557 514 καὶ
1615 459 2017 530 προκόπτοντες

446 561 546 626 ἔτι,
582 563 675 621 καῖι
704 563 815 623 τοῖς
844 558 1057 629 λιμέσιν
1087 555 1520 626 ὲνορμιζόμενοι,
1553 555 1650 622 τῆς
1686 553 2020 621 τελειότητος

446 657 630 725 τηρεῖν
677 653 772 722 τὴν
815 650 1022 704 ἑαυτῶν
1065 649 1194 717 παρ’
1230 649 1358 718 ὑμῖν
1404 647 1574 699 οἴδασι
1629 643 1800 710 τάξιν,
1836 645 1884 696 οἱ
1921 643 2017 712 μὲν

447 744 909 816 γαστριμαργίαν,
937 743 983 794 oi
1020 741 1074 794 δὲ
1103 740 1430 802 κενοδοξίαν,
1469 737 1847 806 ὑπερηφανίαν
1877 735 1934 788 δὲ
1968 736 2016 787 οἱ

447 837 805 906 ὑπερέχοντες
837 833 1247 904 (ἐκτρεπόμενοι
1275 834 1353 893 είς
1377 829 1593 898 ὀλέθριοι
1617 826 2016 896 πάθη),ὲγκρά·

445 947 593 982 τειαν
619 929 696 988 δὲ,
735 927 828 979 καὶ⁸
856 927 916 978 τὸ
949 928 1022 996 μὴ
1049 927 1182 994 πρὸς
1207 923 1361 987 δόξαν
1384 923 1493 974 τῶν
1525 923 1829 990 ἀνορώπων
1862 923 2014 992 όρᾷν,

446 1021 535 1072 καὶ
586 1020 645 1071 τὸ
684 1019 886 1088 ἄτυφον
938 1019 1127 1070 ἀσκεῖν
1174 1015 1506 1079 σπουδαίως;
1552 1015 1675 1067 Ὄτι
1730 1015 2016 1085 πλησμονὴ

443 1111 698 1181 γαστρὸς,
733 1109 953 1180 ἀρδείαν
977 1108 1185 1175 εἰσάγει
1222 1109 1330 1162 τῶν
1370 1107 1769 1178 ὑπογαστρίων,
1800 1109 2017 1178 πικροῖς

442 1203 628 1270 ὥσπερ
655 1202 858 1271 ὀχετοῖς
890 1203 1002 1262 τοῖς
1036 1201 1100 1252 ἐκ
1129 1199 1222 1252 τοῦ
1252 1199 1412 1268 κόρου
1442 1198 1764 1270 φερομένοις
1797 1198 2016 1262 ποτιζο-

445 1292 620 1359 μένων
655 1289 1051 1360 πλημμηροῦσι
1096 1288 1352 1358 ῥείθροις,
1384 1289 1647 1358 κνισμοῦς
1705 1290 1767 1340 ὲκ
1812 1289 2015 1341 τούτων

442 1382 742 1434 ποιούντων
766 1383 1006 1453 τραχεῖς,
1035 1381 1129 1433 καὶ
1158 1380 1245 1432 τὸν
1281 1381 1380 1450 τῆς
1422 1379 1776 1450 σωφροσύνης
1806 1379 2014 1446 ἀγῶνα,

440 1477 551 1536 τοῖς
578 1474 976 1543 γαργαλισμοῖς
1005 1471 1351 1543 παρεχόντων
1395 1473 1669 1524 ἐπίπονον·
1712 1470 2017 1534 κενοδοξίαν

439 1565 494 1617 δὲ
528 1565 689 1618 πάλιν
736 1565 934 1626 εἰδότες
973 1563 1272 1632 φαντασίαν
1313 1563 1590 1632 ἀνόνητον,
1644 1564 1865 1623 εἰκότως
1893 1561 2018 1628 φεύ-

439 1673 595 1723 γουσι
632 1655 837 1726 ταύτην
887 1657 1068 1707 πονεῖν
1125 1654 1262 1724 ὑπὲρ
1317 1654 1515 1722 ἀρετῆς
1572 1651 1864 1705 πείθουσαν
1919 1652 2013 1704 καὶ

439 1745 772 1815 ἀχρειοῦσαν
808 1745 932 1806 τοὺς
966 1745 1179 1804 πόνους,
1214 1744 1336 1795 ἐπεὶ
1366 1744 1441 1814 μὴ
1459 1743 1576 1812 Θεῷ
1604 1742 2012 1796 δεικνύναιτοὺ-

435 1854 563 1899 τους
587 1836 834 1904 βούλεται
867 1835 944 1904 τῷ
977 1836 1085 1887 τῶν
1115 1835 1374 1906 κρυπτῶν
1401 1835 1577 1904 ἔργων
1607 1835 1864 1904 ἐμφανῶς
1893 1834 2014 1903 ὀρέ-

436 1945 584 1996 γοντι
618 1926 714 1997 τὴν
745 1927 1031 1989 ἀντίδοσιν,
1055 1926 1361 1997 ἀνθρώποις
1387 1926 1442 1978 δὲ
1472 1926 1816 1996 δημοσιεύειν
1844 1927 1910 1978 τὰ
1934 1943 2014 1993 γι-

437 2019 639 2087 νόμενα
675 2018 953 2082 θέλουσαν,
982 2020 1093 2080 τοῖς
1124 2018 1377 2079 ἐπαίνους
1399 2017 1679 2088 παρέχειν,
1707 2018 1783 2079 είς
1822 2017 2014 2085 μισοοῦ

437 2106 614 2175 λόγον,
644 2110 846 2169 ἱκανοῖς
868 2109 986 2160 οῦσι
1014 2108 1174 2160 πλέον
1206 2109 1377 2170 οὐδὲν,
1411 2109 1502 2159 καὶ
1531 2108 1628 2176 τῆς
1659 2108 1875 2160 αἰωνίου
1925 2108 2016 2160 καὶ

439 2199 641 2267 πολλῆς
672 2199 1034 2268 ἀποστεροῦσι
1059 2199 1244 2266 τιμῆς.
1289 2199 1348 2250 '0
1395 2199 1504 2267 γὰρ
1548 2198 1683 2268 πρὸς
1714 2199 1775 2250 τὸ
1806 2198 2017 2267 θαυμα-

442 2288 633 2357 σθῆναι
661 2288 811 2358 παρὰ
834 2289 1267 2357 τῶν”ἀνορώπων
1296 2287 1692 2358 ἀναδεξάμενος
1721 2290 1901 2341 ὅντινα
1925 2285 2016 2341 οὖν

440 2377 707 2445 κάματον,
740 2376 890 2428 οὐδὲν
920 2377 1027 2427 τῶν
1058 2377 1151 2429 ἐπὶ
1186 2379 1388 2449 σκηνῆς
1428 2377 1872 2448 παραδοξοποιῶν
1898 2380 2014 2431 δια-

439 2466 614 2535 φέρει,
647 2466 826 2536 μισθῷ
856 2466 933 2536 τῷ
967 2469 1117 2537 παρὰ
1139 2468 1244 2520 τῶν
1276 2471 1625 2538 τερπομένων
1657 2471 2014 2540 ἀρκούμενος,

439 2559 532 2609 καὶ
573 2557 725 2626 παρὰ
761 2558 852 2610 τοῦ
881 2559 1015 2610 Θεοῦ
1046 2558 1203 2612 ἄλλον
1237 2562 1408 2612 αἰτεῖν
1440 2562 1622 2612 οὑκέτι
1662 2561 1882 2628 εὔλογος
1909 2561 2012 2614 ὧν·

437 2648 519 2701 ὃτι
566 2651 639 2718 μὴ
675 2650 764 2702 τὸν
800 2651 953 2720 παρά
979 2651 1168 2703 τούτου
1203 2652 1388 2704 λαϐεῖν
1424 2653 1481 2718 ἐξ
1521 2655 1717 2723 ἀρχῆς,
1755 2654 1891 2706 ἀλλὰ
1926 2655 2016 2707 τὸν

440 2741 568 2810 παρ’
589 2740 812 2792 ἐκείνων
836 2741 1116 2809 προὶθετο.
1171 2740 1332 2792 Ἀλλά
1372 2743 1463 2793 καὶ
1499 2744 1560 2794 τὸ
1602 2745 1700 2813 τῆς
1730 2745 2016 2814 ὑπερηφα-

439 2829 558 2892 νίας
602 2831 796 2898 ἄλογον
839 2832 1005 2894 πάθος
1044 2832 1269 2894 δικαίως
1297 2832 1674 2902 βδελύττονται
1703 2852 1717 2865 ·
1759 2836 1879 2888 τίνα
1909 2838 2016 2906 γάρ

437 2939 522 2987 τις
545 2923 656 2991 ἔχει
689 2924 828 2976 κατά
854 2941 994 2985 τινος
1023 2924 1156 2994 πρὸς
1191 2926 1446 2977 ἀπόνοιαν
1470 2927 1742 2995 πρόφασιν
1773 2927 2012 2996 εὔλογον,

1246 233 1342 291 DE
1377 226 1870 288 VOLUNTARIA
1899 222 2396 284 PAUPERTATE
2448 223 2546 281 AD
2582 222 2924 282 MAGNAM.

2697 331 2926 388 CAPUT
2961 329 3119 385 LXV.

2193 448 2296 502 Sed
2328 464 2356 502 e
2395 450 2690 511 contrario,
2723 449 2816 518 qui
2851 449 2919 503 de
2951 463 3092 501 novo
3126 446 3178 500 in
3210 447 3397 501 eodem
3431 463 3695 504 armame-

2121 537 2220 589 rati
2251 545 2378 590 sunt
2406 537 2615 601 ordine,
2642 546 2694 590 et
2714 539 3010 590 etiamnum
3045 535 3273 588 ulterius
3299 537 3695 603 provehuntur,

2121 625 2283 692 quive
2313 625 2378 678 ad
2422 623 2770 693 perfectionis
2801 634 2988 693 portus
3018 625 3290 693 appellere
3333 625 3695 686 contendunt,-

2119 712 2395 778 quomodo
2425 711 2565 779 apud
2601 726 2692 763 vos
2721 726 2876 764 suum
2931 711 3171 778 ipsorum
3205 712 3450 763 ordinem
3481 726 3698 763 servare

2119 813 2341 865 norunt,
2390 812 2443 856 et
2499 801 2553 854 hi
2616 801 2834 870 quidem
2883 804 3084 870 gulam,
3161 802 3233 852 illi
3268 811 3447 853 autem
3503 815 3697 852 vanam

2118 895 2370 964 gloriam,
2407 895 2712 963 superbiam
2772 908 2900 946 vero
2935 892 3047 955 alii,
3084 892 3172 960 qui
3225 891 3534 958 superiores
3573 901 3701 944 sunt

2119 988 2414 1054 reprimere
2463 989 2607 1055 (cum
2642 986 2706 1038 al
2749 985 3084 1052 perniciosas
3116 985 3442 1051 quandoque
3471 997 3698 1035 conver-

2119 1086 2304 1130 tantur
2338 1078 2641 1144 passiones)
2672 1091 2900 1144 seseque
2931 1073 3174 1128 studiose
3200 1088 3470 1135 exercere,
3502 1082 3615 1125 tum
3645 1074 3699 1125 in

2120 1166 2385 1220 servanda
2439 1166 2816 1234 temperantia,
2852 1173 2964 1217 tum
3019 1165 3074 1216 in
3124 1163 3287 1214 animi
3333 1162 3699 1229 simplicitate,

2120 1255 2534 1324 humilitateque
2570 1255 2848 1315 sectanda,
2904 1267 3000 1305 nec
3055 1252 3120 1304 ad
3151 1252 3380 1317 gloriam
3419 1251 3699 1305 hominum

2120 1348 2363 1401 animum
2397 1347 2594 1400 habere
2635 1345 2937 1398 intentum?
2974 1344 3186 1398 Ventris
3221 1343 3418 1397 etenim
3472 1343 3702 1412 repletio

2122 1438 2494 1505 irrigationem
2537 1437 2743 1488 in'lucit
2788 1451 3000 1497 eorum,
3043 1451 3163 1502 quae
3201 1436 3302 1488 sub
3333 1443 3518 1487 ventre
3550 1443 3699 1496 sunt,

2122 1542 2244 1595 qttt'c
2289 1526 2356 1578 ab
2409 1526 2812 1578 exumlantibns
2862 1525 3079 1576 ﬂueltlis
3125 1540 3153 1575 c
3185 1525 3433 1576 satietate
3496 1524 3702 1592 impetu

2122 1615 2439 1683 tlrpnrlalis,
2463 1614 2624 1666 veluti
2666 1629 2728 1665 ex
2764 1614 2966 1664 amaris
2992 1612 3272 1665 canalibus
3302 1612 3706 1680 quodammodo

2069 1703 2394 1773 iirrigatnr,
2457 1721 2688 1774 qumque
2761 1706 3065 1773 prurigincs
3143 1719 3401 1756 venereas
3477 1719 3538 1756 ex
3618 1703 3704 1757 his

2115 1793 2359 1846 efﬁciunt
2390 1793 2738 1858 asperrimas,
2776 1799 2829 1843 ct
2860 1790 3207 1843 continenti:-
3238 1801 3516 1842 certamen
3549 1788 3704 1842 labo-

2116 1881 2325 1933 riosum
2357 1879 2758 1931 titillationibus
2812 1878 3068 1931 exhibrnt
3098 1895 3110 1928 :
3145 1876 3235 1929 sed
3271 1886 3322 1928 et
3346 1892 3540 1928 vanam
3593 1875 3706 1944 glo-

2118 1969 2254 2020 riam
2291 1966 2524 2018 srientes
2555 1981 2676 2018 esse
2735 1965 3160 2018 ostentationem
3197 1962 3464 2025 inutilem,
3505 1964 3706 2016 merito

2121 2057 2289 2122 ipsam
2312 2053 2724 2120 317iugiunt,
2755 2068 2876 2120 qua:
2897 2050 3318 2118 suadetquidcm
3349 2049 3706 2104 laborandum

2119 2155 2217 2207 pro
2252 2140 2468 2202 virtute,
2498 2150 2550 2189 at
2577 2137 2791 2192 labores
2818 2137 2991 2191 reddit
3023 2136 3261 2200 inutiles,
3289 2139 3415 2204 quia
3443 2151 3550 2190 non
3590 2137 3704 2188 vult

2121 2228 2242 2281 illos
2267 2227 2374 2280 Deo
2395 2226 2762 2290 manifestare,
2787 2228 2878 2295 qui
2905 2242 3128 2296 operum
3159 2227 3499 2280 occultorum
3527 2226 3703 2294 palam

2118 2315 2617 2367 remunerationem
2678 2315 2920 2381 praebet,
2987 2313 3304 2367 hominibus
3367 2328 3494 2365 vero
3557 2312 3707 2380 cupit

2121 2403 2395 2472 publicare
2421 2419 2542 2472 quae
2593 2405 2748 2468 liunt,
2785 2405 2876 2471 qui
2917 2419 3022 2456 non
3058 2412 3186 2456 sunt
3221 2403 3330 2470 apti
3379 2402 3443 2453 ad
3471 2401 3706 2468 majores

2119 2495 2420 2548 reddendas
2478 2495 2698 2555 laudes,
2748 2496 2800 2548 in
2867 2496 3077 2549 ratione
3112 2495 3401 2558 mercedis,
3457 2495 3706 2563 quinimo

2120 2597 2326 2640 a=terno
2367 2588 2711 2656 plurimoque
2752 2589 2995 2656 privatur
3033 2588 3276 2652 honore;
3331 2588 3420 2640 ille
3448 2601 3706 2656 namque,

2121 2678 2242 2745 qui,
2274 2688 2331 2731 ut
2371 2679 2716 2731 admirationi
2765 2680 2833 2732 sit
2870 2679 3206 2742 hominibus,
3245 2678 3477 2746 suscipit
3512 2693 3705 2746 quem-

2121 2770 2204 2822 vis
2257 2769 2516 2832 laborem,
2573 2770 2707 2822 nihil
2765 2771 2981 2838 penitus
3021 2769 3199 2822 differt
3233 2770 3300 2822 ab
3355 2770 3464 2831 bis,
3498 2768 3588 2836 qni
3647 2768 3704 2821 in

2121 2875 2286 2914 scena
2322 2860 2492 2912 multa
2527 2859 2732 2914 faciunt
2762 2861 3104 2922 admiranda,
3141 2876 3264 2912 cum
3307 2860 3378 2914 sit
3416 2868 3706 2913 contentus

2122 2945 2388 3009 mercede,
2449 2963 2574 3014 qua:
2630 2947 2731 2998 sibi
2787 2947 3032 3014 provenit
3097 2962 3160 2999 ex
3219 2946 3308 3008 iis,
3360 2946 3454 3015 qui
3505 2946 3706 2999 talibus

437 3015 520 3068 ὅτι
555 3016 696 3068 κατά
726 3013 822 3066 τοῦ
851 3014 1075 3084 πλησίον
1131 3017 1440 3086 ἐπαίρεται,
1495 3018 1587 3070 καὶ
1635 3021 1778 3071 κατὰ
1824 3021 2014 3072 τούτου

2121 3013 2488 3101 oblectamur,
2523 3047 2576 3089 et
2607 3052 2635 3089 a
2692 3013 2800 3088 Deo
2836 3052 3180 3106 nequaquam
3228 3013 3390 3090 aliam
3432 3037 3707 3106 postulare

357 3151 360 3154 ,
441 3105 583 3176 μέγα
613 3108 835 3174 φρονεῖ;
873 3105 1242 3173 Κατώρθωταί
1293 3125 1345 3160 τι
1395 3108 1552 3161 πλέον
1583 3110 1730 3179 αὑτῷ
1768 3111 1875 3163 τῶν
1921 3111 2015 3164 ἀλ-

438 3195 566 3255 λων,
631 3195 726 3246 καὶ
776 3193 884 3245 τῶν
939 3194 1141 3246 λοιπῶν
1189 3197 1246 3247 ἐν
1289 3201 1400 3259 τοῖς
1453 3197 1639 3261 καλοῖς
1699 3202 2014 3270 περιουσίαν

436 3286 592 3353 ἄγειν
651 3287 854 3357 πολλὴν
901 3288 1065 3350 αὑτὸς
1114 3289 1331 3351 πάντως
1372 3289 1718 3356 ὲσποὺδασε;
1783 3293 1876 3344 καὶ
1915 3294 2015 3363 τῆς

438 3376 675 3445 σπουδῆς
731 3377 961 3447 λήψεται
1017 3379 1180 3442 αὑτὸς
1208 3382 1334 3442 τοὺς
1385 3381 1629 3449 μισθούς·
1675 3383 1891 3450 Ἀμελεῖ
1929 3402 2015 3447 τις

436 3466 643 3537 ἕτερος,
680 3468 772 3521 καὶ
833 3472 960 3539 περὶ
1019 3471 1121 3538 τὴν
1169 3470 1369 3539 ἀρετὴν
1411 3471 1655 3540 ῥᾴθυμος
1704 3473 2012 3539 διάκειται;

436 3558 597 3616 αὐτὸς
643 3559 958 3628 ζημιοῦται,
999 3560 1092 3611 καὶ
1126 3561 1227 3611 οὑκ
1257 3559 1472 3610 ἐλαττοῖ
1509 3561 1635 3623 τοὺς
1677 3563 1882 3616 ἐκείνου
1920 3582 2012 3633 μι-

440 3647 621 3710 σΘοὺς.

2124 3125 2514 3178 rationabiliter
2545 3127 2736 3190 valeat,
2777 3127 2921 3196 quod
2961 3127 3030 3181 ab
3059 3127 3215 3181 initio
3256 3143 3362 3181 non
3401 3143 3543 3189 eam,
3585 3144 3706 3198 qua:

2122 3234 2186 3270 ex
2222 3217 2339 3286 ipso
2366 3219 2636 3286 provenit,
2659 3218 2753 3271 sed
2786 3233 2907 3286 quae
2939 3234 3003 3271 ex
3046 3218 3152 3271 illis
3182 3217 3457 3280 tribuitur,
3491 3218 3593 3271 sibi
3644 3231 3705 3272 se

2121 3320 2499 3364 assecuturum
2583 3312 2945 3379 proposuerit.
3007 3309 3202 3364 Verum
3259 3320 3313 3363 et
3390 3311 3701 3379 passionem

2123 3402 2490 3455 irrationalem
2539 3404 2806 3471 superbia:
2833 3403 2954 3469 jure
2985 3413 3337 3457 exsecrantur
3369 3420 3380 3453 :
3407 3418 3706 3470 quemnam

2122 3491 2264 3544 enim
2297 3491 2459 3544 habet
2483 3494 2683 3559 aliquis
2717 3493 2980 3545 adversus
3007 3493 3314 3560 quempiam
3344 3493 3537 3544 rationi
3569 3507 3701 3544 con-

2122 3587 2439 3630 sentaneum
2506 3589 2823 3645 praetextum
2871 3580 2935 3631 ad
2993 3580 3304 3642 amentiam,
3341 3587 3399 3630 ut
3441 3579 3702 3632 adversus

2119 3664 2426 3729 proximum
2461 3666 2774 3728 extollatur,
2808 3674 2860 3718 et
2895 3680 3059 3732 supra
3097 3664 3271 3732 ipsum
3322 3664 3605 3732 magniﬁce
3634 3665 3703 3716 de

439 3750 498 3790 se
569 3736 808 3790 sentiat?
849 3736 1160 3792 Patravitne
1243 3737 1360 3806 ipse
1400 3739 1626 3792 feliciter
1673 3742 1876 3810 aliquid
1947 3747 2068 3814 plus
2120 3765 2282 3818 quam
2334 3754 2456 3816 alii,
2503 3763 2558 3808 et
2625 3755 2692 3808 ad
2753 3756 3052 3823 augendam
3103 3753 3324 3807 multam
3379 3764 3701 3810 cancrorum

438 3827 705 3881 bonorum
730 3829 1108 3896 copiamonmi
1131 3832 1405 3884 contendit
1453 3833 1676 3885 studio?
1738 3837 2084 3894 nanciscetur
2123 3844 2284 3896 etiam
2354 3846 2469 3914 ipse
2535 3847 2763 3902 studiosi
2820 3847 2999 3915 operis
3065 3847 3340 3899 mercedes

3409 3866 3422 3898 :
3483 3848 3706 3919 negligit

437 3921 712 3990 quispiam
743 3923 896 3986 alter,
929 3933 980 3976 et
1006 3925 1151 3975 circa
1176 3923 1432 3977 virtutem
1467 3927 1706 3994 segniter
1735 3942 1793 3982 se
1816 3929 2016 3986 habet?
2057 3935 2172 4004 ipse
2202 3938 2402 3992 damno
2431 3938 2696 4002 allicitur,
2727 3957 2825 3993 nec
2859 3939 3003 3992 illius
3028 3938 3305 3994 mercedes
3332 3938 3632 3993 imminuit.

1006 4035 1255 4088 ΚΕΦΛΛ.
1305 4033 1440 4103 Ξεῖο.

506 4153 571 4204 Τί
619 4147 713 4204 οὖν
770 4153 799 4203 6
850 4150 1081 4221 σοϐαρὸς
1130 4154 1388 4220 φυσᾶται,
1432 4155 1525 4207 καὶ
1559 4155 1901 4227 βρενθύεται,
1937 4157 2013 4220 ὡς

435 4244 575 4315 ὑπὲρ
600 4243 775 4297 ἀλλων
805 4243 1004 4308 ἀϐλῶν,
1051 4244 1227 4306 κοινὸς
1260 4244 1450 4314 ὥσπερ
1480 4246 1663 4315 σωτὴρ
1691 4247 1783 4299 τοῦ
1823 4247 2014 4314 γένους

2683 4048 2909 4104 CAPUT
2949 4048 3036 4101 LX
3049 4048 3132 4102 Vl.

2188 4154 2326 4220 Quid
2351 4173 2499 4228 ergo,
2523 4159 2615 4226 qui
2641 4158 2918 4214 fastuosus
2944 4170 3047 4224 est,
3075 4157 3295 4213 inﬂatur
3331 4171 3394 4213 ac
3431 4158 3700 4228 superbit,

2117 4261 2182 4300 ac
2211 4248 2256 4299 si
2307 4248 2426 4316 plus
2459 4265 2624 4317 quam
2682 4250 2774 4303 alii
2828 4251 3149 4314 decertaret,
3213 4266 3334 4306 sese
3393 4261 3700 4316 ostentans,

433 4337 806 4406 διακείμενος;
866 4336 982 4389 υὺκ
1048 4334 1204 4398 εἰδὼς
1266 4335 1486 4388 ἔλαττον
1557 4335 1813 4405 βλάπτειν
1877 4340 2014 4408 ἀμέ-

2123 4335 2281 4401 quasi
2312 4336 2620 4390 communis
2649 4346 2794 4391 esset
2825 4339 3037 4407 generis
3067 4338 3343 4392 salvator?
3375 4340 3458 4393 An
3491 4341 3703 4410 ignorat

436 4429 583 4482 λειαν
632 4430 776 4499 ἥπερ
828 4428 1088 4498 βλάπτειν
1150 4427 1393 4496 πέφυκεν
1459 4428 1674 4498 οἴησις,
1735 4431 1828 4481 καὶ
1883 4430 2019 4500 πρὸς

435 4521 494 4574 τὸ
533 4520 850 4588 λειπόμενον
892 4521 990 4589 τῆς
1041 4521 1324 4590 προκοπῆς
1370 4520 1737 4590 ἐμποδίζουσα
1774 4524 1840 4592 τῇ
1883 4539 2018 4592 προ-

436 4612 607 4682 θυμίᾳ
651 4613 726 4675 ὡς
774 4613 1078 4682 ἠνυσμένου
1110 4613 1206 4666 τοῦ
1246 4614 1628 4684 προκειμένου,
1670 4615 1764 4666 καὶ
1808 4616 1873 4668 ὲκ
1919 4615 2014 4668 τοῦ

433 4702 713 4757 διαπτὺειν
784 4705 909 4767 τοὺς
968 4704 1469 4766 ἀναπεπτωκότας,
1530 4704 1772 4774 μεγάλην
1835 4706 2014 4776 ἑαυτῷ

435 4798 769 4869 προξενοῦσα
811 4801 910 4868 τὴν
961 4800 1199 4854 κόλασιν.
1251 4800 1323 4852 Τὸ
1368 4799 1426 4852 δὲ
1473 4799 1729 4852 ταπεινὸν
1772 4803 1828 4853 ὲν
1880 4803 2011 4872 ἡμῖν

433 4891 534 4944 οὑκ
585 4890 752 4944 ἔδωκε
796 4891 1011 4961 χώραν,
1058 4893 1119 4945 οὑ
1169 4891 1376 4962 φθόνῳ,
1425 4892 1486 4944 οὑ
1535 4891 1688 4962 τύφῳ
1734 4893 1863 4946 ποτὲ
1915 4895 2012 4962 τὴν

433 4982 542 5034 τῶν
601 4982 780 5051 μελῶν
825 4985 1214 5054 κοινοπραγίαν
1270 4982 1626 5054 μιμουμένοις
1667 4984 1880 5047 καλῶς,
1918 4987 2012 5039 καὶ

433 5072 531 5143 τὴν
579 5074 811 5128 ἑκάστου
870 5074 1027 5140 δόξαν
1081 5075 1471 5143 οίκειουμένοις
1518 5075 1593 5137 ὡς
1652 5075 1767 5137 ἐνὸς
1826 5074 2012 5145 σώμα-

435 5178 547 5224 τος’
587 5162 707 5215 οὗτε
753 5164 860 5233 γὰρ
911 5166 939 5216 ό
974 5164 1178 5226 τέλειος
1221 5163 1362 5217 κατὰ
1398 5164 1492 5217 τοῦ
1524 5165 1603 5216 ἔτι
1641 5166 2011 5238 προσκόπτον-

434 5272 524 5317 τος
577 5255 653 5318 ὡς
705 5256 988 5327 ὑπερέχων
1049 5257 1371 5326 ἐπαίρεται,
1423 5256 1516 5309 καὶ
1574 5258 1733 5320 αὑτὸς
1783 5259 2013 5328 γεγενῆ-

438 5347 561 5400 σθαι
616 5348 853 5410 τοιοῦτος
899 5348 1053 5412 εἰδὼς
1113 5349 1274 5418 ἡνίκα
1341 5349 1667 5420 προέκοπτε.
1714 5350 1808 5400 καὶ
1852 5350 2013 5403 αὑτὸν

463 5430 586 5499 ςξειν
619 5431 735 5501 μετ’
765 5432 824 5482 οῦ
854 5431 986 5483 πολὺ
1025 5431 1159 5500 πρὸς
1198 5431 1257 5482 τὸ
1292 5432 1421 5483 αὑτὸ
1455 5432 1652 5500 μέτρον
1686 5431 1783 5500 τῆς
1815 5432 2014 5486 τελειό-

435 5538 596 5592 τητος
626 5521 1132 5592 πεπεισμένον,οὑδὲ
1162 5522 1236 5589 τῷ
1261 5523 1453 5591 τελείῳ
1489 5521 1789 5591 βασκαίνει,
1817 5526 1844 5576 ὁ
1876 5525 2013 5587 τέως

441 5615 580 5667 κατὰ
633 5611 728 5680 τὴν
773 5615 870 5681 τῆς
907 5613 1110 5682 ἀρετῆς
1157 5613 1314 5678 ἀξίαν
1360 5613 1552 5665 τοῦτου
1586 5613 2010 5683 ἀπολειπόμενον

2125 4425 2269 4494 quod
2298 4427 2481 4481 minus
2510 4438 2670 4483 nocet
2706 4428 3051 4499 negligentia,
3101 4444 3265 4498 quant
3303 4444 3501 4482 nocere
3532 4431 3702 4484 soleat

2123 4531 2386 4590 arrogans
2405 4521 2471 4574 de
2493 4536 2551 4575 se
2571 4522 2936 4575 existimatio?
2955 4521 3156 4590 quippe
3173 4536 3293 4589 qua:
3311 4521 3700 4589 impedimento

2120 4624 2202 4670 est
2226 4612 2392 4666 animi
2425 4612 2690 4666 alacritati
2728 4612 2893 4682 318
2921 4613 2984 4666 ad
3024 4612 3291 4680 reliquum
3323 4626 3696 4680 progressum,

2120 4712 2339 4772 putans,
2377 4716 2436 4756 se
2475 4702 2588 4770 jam
2621 4703 2864 4771 attigisse
2894 4702 3186 4772 obiectum,
3223 4716 3555 4770 magnasque
3593 4701 3702 4756 sibi

2117 4806 2311 4862 poenas
2355 4793 2629 4857 conciliat,
2683 4808 2748 4846 eo
2812 4794 2958 4862 quod
3009 4793 3133 4847 illos
3188 4794 3280 4862 qui
3321 4791 3700 4859 conciderunt,

2118 4883 2304 4935 animo
2332 4891 2648 4937 contemnat
2677 4898 2740 4938 ac
2783 4884 3032 4953 despuat.
3089 4882 3380 4936 llumilitas
3426 4890 3608 4935 autem
3642 4881 3702 4935 in

2118 4973 2272 5027 vobis
2321 4988 2429 5026 non
2478 4974 2726 5028 concedit
2791 4989 3029 5045 unquam
3085 4975 3265 5028 locum
3315 4972 3549 5036 invidiae,
3600 4986 3706 5026 nec

2117 5065 2341 5128 tumori,
2397 5067 2489 5135 qui
2552 5068 2919 5120 membrorum
2975 5066 3433 5135 conspirationem
3486 5063 3702 5134 cgregie

2118 5157 2429 5222 imitamini,
2455 5173 2518 5212 ac
2541 5157 2694 5212 vobis
2728 5158 2860 5227 ipsis
2890 5158 3156 5228 cujusque
3187 5157 3353 5212 decus
3387 5156 3696 5218 vindicatis,

2117 5250 2273 5320 quasi
2304 5251 2465 5305 unius
2482 5252 2766 5320 corporis:
2793 5267 2893 5306 nec
2915 5251 3114 5306 etenim
3137 5250 3410 5321 perfectus
3437 5251 3702 5304 adversus

2124 5342 2361 5409 aliquant
2399 5342 2579 5396 adhuc
2604 5342 3058 5411 progredientem,
3081 5356 3143 5394 ac
3175 5341 3218 5396 si
3244 5340 3702 5409 superemineret,

2120 5432 2416 5496 extollitur,
2446 5433 2576 5486 dum
2627 5443 2678 5489 et
2710 5433 2822 5502 ipse
2855 5447 2974 5488 sese
3029 5431 3190 5486 talem
3234 5429 3511 5485 exstitisse
3541 5428 3698 5494 sciat,

2120 5525 2339 5592 quando
2369 5527 2832 5594 progrediebatur,
2870 5526 3082 5595 sibique
3127 5539 3448 5595 persuasum
3482 5521 3702 5585 habeat,

2120 5617 2261 5683 quod
2292 5617 2454 5670 etiam
2493 5619 2594 5673 iste
2626 5617 2690 5672 ad
2723 5618 2968 5672 eamdem
2998 5616 3350 5686 perfectionis
3387 5627 3697 5673 mensuram
