3956 6206
293 5073 320 5090 Α

303 261 438 326 1059
470 232 474 235 ’
1777 226 1837 283 s.
1879 223 2042 282 NlLl’
3389 193 3528 258 meo

293 379 418 444 post
443 381 548 422 non
577 361 804 418 multum
835 349 1096 421 temporis
1127 346 1232 401 erit
1257 347 1654 414 perventurus;
1685 347 1862 402 neque
1891 345 1927 396 Α

2036 330 2142 383 λῶν
2178 329 2497 398 ἐξισωθῆναι
2528 326 2664 379 κατᾶ
2689 322 2778 376 τὸν
2809 322 2923 392 βίον
2951 315 3118 386 αὐτῷ,
3158 314 3251 366 καὶ
3289 311 3350 364 ού
3375 309 3532 381 £1110-

2041 425 2127 444 -ηε-
2153 423 2225 444 2--
2259 419 2497 444 --.-;·---
2528 416 2834 444 ...ηιμ--..ιο
2862 413 2951 444 νηὶ
2984 408 3136 444 ἧὨΛρ
3163 404 3346 444 er-117:!
3375 405 3532 444 Elim.

331 404 418 427 us.
443 404 548 422 ην..
578 404 804 418 ....,..----
950 404 964 421 ,
1261 404 1278 414 _

293 404 532 537 Serfecto
558 452 776 513 invidet,
809 453 922 509 ant,
964 440 1106 512 quod
1135 438 1256 493 talis
1279 437 1392 504 ipse
1425 429 1678 492 evaserit,
1704 425 1862 480 mali-

2037 425 2127 475 πεῖ
2151 423 2229 475 ὅτι
2259 419 2497 482 τοιοῦτος
2528 416 2834 485 γεγένηταιο
2862 413 2958 464 καὶ
2983 408 3136 472 ἄλλος
3163 404 3346 467 ἁπλῶς
3375 405 3535 458 ἄλλου

2033 512 2146 537 .-.~.:-.
2179 512 2253 537 _.-.
2290 511 2470 537 ne--.“
2512 507 2622 537 ειη-ι
2672 503 3050 537 -..οε.ς.Α-ερ.ι.ρ
3103 497 3430 537 η-νιηνὸτττςιν
3471 495 3535 537 τῆ

333 495 378 520 σι
395 495 532 517 Iov“:
558 495 776 513 "nun",
809 495 922 509 ..μη
972 495 1018 512 Ἰν
1053 495 1060 496 ί
1299 495 1314 504 .

295 495 406 625 :no
454 542 751 618 percutitur
790 537 973 591 animo
1022 531 1130 594 ille,
1185 527 1278 596 qui
1311 525 1518 578 interea
1562 519 1616 571 in
1654 512 1867 568 virtutis

2033 512 2151 583 ιλλῴ
2179 512 2256 582 τῷ
2289 511 2472 581 μέτρῳ
2511 507 2626 560 ἐστὶ
2672 503 3050 572 ταπεινότερος
3103 497 3430 568 προκόπτειν
3471 495 3538 562 τῇ

2033 604 2212 625 ,κη-,ρ-
2275 602 2363 625 --.Α
2413 603 2469 625 -3.
2517 598 2592 625 -.”⁸.
2626 598 2821 625 ..λη-...ι
2857 592 3176 625 ΩιηιἹΑν-ευηι
3210 587 3302 625 eni'.
3344 586 3538 625 terrm-ﬁ-

337 586 406 607 ..υ
493 586 741 601 ..ν-η.---
1118 586 1130 594 ,
1203 586 1220 596 _

299 586 563 712 Signirate
609 647 674 687 eo
705 627 929 684 inferior
961 632 1064 688 est,
1104 621 1232 676 dum
1281 627 1336 672 et
1371 605 1872 683 ipse'a‘mulationis

2033 604 2237 674 ιλιτείᾳ,
2275 602 2369 655 καὶ
2411 603 2472 654 οὑ
2517 598 2594 668 τῷ
2626 598 2822 666 κόμπῳ
2856 592 3176 664 βουλόμενος
3210 587 3302 639 τοῦ
3344 586 3544 654 φρονή-

2075 711 2103 712 ,,
2133 710 2144 712 _
2197 693 2281 712 μέλ
2339 691 2532 712 __\‘.,I_-_
2572 689 2702 712 -1“...
2748 686 2809 712 ι’...
2848 702 2930 712 -.ι
2972 681 3109 712 λμιτη.
3142 679 3277 712 κοιλ-
3307 677 3372 712 ινδ,
3403 679 3544 712 η-Ιιῦ-

301 677 352 698 υι
395 677 563 694 ἰη’-’ν
610 677 671 687 vv
705 677 918 684 ----ν----
1050 677 1063 688 ι
1393 677 1407 683 ,

301 677 531 786 ἀυδοειιιιι
565 721 746 777 studio
777 718 853 773 illi
886 730 1007 771 sese
1057 712 1109 766 in
1141 708 1330 766 eodem
1374 700 1590 756 vivendi
1628 696 1874 752 instituto

2033 710 2168 758 ιτος,
2195 693 2288 745 καὶ
2334 691 2532 760 πολλὴν
2571 689 2708 757 τάχα
2745 686 2809 740 ἄν
2848 702 2930 747 τις
2971 681 3109 754 ὁρῶν
3142 679 3277 750 πρὸς
3307 677 3374 728 τὰ
3403 679 3546 744 πρά-

659 814 734 866 i-:
779 818 833 864 et
893 808 973 862 sic
1018 804 1158 857 alius
1214 799 1320 853 alio
1366 793 1550 849 multis
1607 787 1878 844 mensuris

2033 800 2164 836 ιατα
2217 781 2451 850 σπουδὴν
2502 779 2724 847 ἔχοντας
2777 775 2920 844 ὑμᾶς
2985 770 3153 842 εὖροι,
3206 766 3288 829 τίς
3339 765 3548 834 μᾶλλον

1745 883 1881 934 ituto
1980 874 2154 933 ἔσται,
2177 869 2318 922 κατὰ
2343 873 2402 922 rb
2424 864 2574 938 ἦθος,
2605 865 2746 926 τινὸς
2779 859 3162 932 μετριώτερος,
3195 855 3269 917 ὡς
3297 855 3443 906 ἐστιν
3468 853 3554 902 εὑο

1984 967 2098 1035 ρεῖν
2130 965 2188 1015 ἐν
2219 961 2420 1024 ἄλλοις,
2450 959 2680 1010 ἕκαστον
2719 954 2950 1006 ἑκάστου
2997 947 3217 1002 θέλοντα
3261 943 3556 1011 φαίνεσθαι

1986 1053 2397 1126 προτιμότερον,
2435 1050 2522 1102 διὰ
2553 1049 2649 1118 τὴν
2701 1040 3196 1117 ὲμπολιτευομὲνην
3226 1036 3302 1106 τῷ
3337 1035 3436 1104 βίῳ
3472 1050 3558 1100 φι-

1987 1145 2247 1209 λοδοξίαν.
2291 1143 2477 1213 Ὑμεῖς
2506 1141 2561 1192 δὲ
2599 1140 2674 1201 ὡς
2707 1137 2938 1207 ἐμάθετε
2973 1136 3064 1185 τὸν
3095 1129 3349 1200 Χριστὸν,
3383 1125 3557 1186 οὑτως

1991 1239 2048 1291 ὲν
2075 1235 2220 1305 αύτῷ
2253 1231 2624 1296 πολιτεύεσθε,
2643 1229 2740 1299 τὴν
2767 1227 2902 1296 πρὸς
2929 1222 3189 1292 ἀλλήλους
3220 1217 3466 1285 ὑπακοὴν
3499 1214 3560 1277 ἐξ

316 1112 435 1151 rum
460 1100 632 1148 status
663 1083 1012 1156 expenderet,
1069 1078 1237 1132 multo
1286 1072 1548 1140 pollentes
1585 1065 1766 1121 studio
1793 1077 1888 1114 vos

317 1187 595 1256 reperiret,
624 1191 857 1248 quorum
882 1173 1017 1226 alter
1039 1168 1210 1223 altero
1237 1167 1288 1218 in
1323 1161 1566 1216 moribus
1594 1154 1890 1211 modestior

319 1292 438 1331 esse
457 1268 751 1332 contendit,
784 1263 862 1318 uti
887 1261 1047 1315 facile
1077 1257 1258 1310 videre
1289 1260 1375 1306 est
1403 1251 1455 1304 in
1485 1247 1628 1312 aliis,
1657 1255 1889 1312 quorum

322 1369 460 1423 alter
487 1365 656 1418 altero
683 1357 798 1413 vult
836 1348 1183 1424 praestantior
1217 1342 1388 1398 videri
1431 1340 1501 1394 ob
1545 1335 1750 1408 gloriae,
1775 1345 1896 1400 quae

323 1456 378 1508 in
405 1451 604 1507 saeculo
620 1420 890 1508 versatur,
905 1437 1278 1508 cupiditatem.
1306 1431 1408 1486 \‘os
1429 1436 1606 1482 autem
1634 1425 1708 1476 uti
1737 1420 1896 1474 Chri-

325 1557 468 1601 stum
511 1538 804 1600 didicistis,
849 1535 928 1588 sic
961 1532 1016 1585 in
1047 1530 1163 1598 ipso
1199 1519 1616 1582 converseinini,
1651 1525 1896 1570 mutuam

327 1641 396 1693 ab
425 1638 515 1690 illo
555 1635 696 1688 inter
731 1643 828 1682 vos
857 1621 1220 1679 obedientiam
1263 1613 1462 1677 edocti,
1512 1608 1605 1680 qui
1641 1605 1900 1661 obediens

1994 1329 2200 1384 ἐκείνου
2225 1325 2506 1397 μαθόντες,
2526 1321 2582 1384 ὃς
2609 1338 2627 1371 ι
2652 1319 2893 1388 ὑπήκοος
2919 1314 3079 1386 μέχρι
3112 1311 3339 1363 θανάτου
3371 1307 3558 1374 γέγονε

1994 1421 2073 1492 τῷ
2104 1419 2301 1490 Πατρὶ,
2325 1415 2555 1470 θανάτου
2582 1413 2637 1465 δὲ
2671 1408 2929 1478 σταυροῦ,
2969 1425 2986 1457 ι
3021 1405 3080 1458 τὸ
3113 1405 3307 1474 μέτρον
3334 1401 3431 1468 τῆς
3461 1399 3564 1449 ὑπ-

1997 1513 2166 1583 ακοῆς
2211 1511 2315 1572 ἓως
2365 1506 2518 1560 τοῦδε
2562 1503 2653 1557 τοῦ
2691 1501 2934 1555 κινδύνου
2976 1493 3300 1566 νομοθετῶν,
3333 1494 3422 1544 καὶ
3466 1489 3565 1550 τὰς

2001 1603 2167 1665 ἄλλας
2234 1598 2372 1671 μετὰ
2431 1597 2611 1663 πάσης
2660 1590 2895 1659 σπουδῆς
2953 1583 3282 1657 μετέρχεσθε
3342 1582 3563 1649 ἀρετάς,

329 1668 396 1693 δυ
425 1668 515 1690 ΙΙΙυ
558 1668 688 1688 Ιιιιυι
740 1668 828 1682 *νυ
859 1668 1218 1679 νυνκ------..---
1273 1668 1285 1669 γ
1451 1668 1462 1677 1
1532 1668 1546 1680 ⁸

329 1730 434 1784 init
458 1726 605 1780 Patri
633 1737 804 1791 usque
830 1717 894 1770 ad
924 1721 1175 1774 mortem,
1208 1715 1436 1762 mortem
1468 1711 1646 1755 autem
1674 1697 1897 1761 erucis',

2038 1693 2193 1760 πειδὴ
2235 1689 2438 1749 ταύτας
2481 1685 2641 1746 αὐτὸς
2672 1681 2860 1742 ποιῶν,
2899 1679 2991 1730 καὶ
3020 1676 3306 1736 διδάσκων,
3358 1668 3570 1733 ἀξιόπι-

2163 1783 2184 1791 λ
2215 1781 2265 1791 ⁸³
2384 1779 2399 1790 ‘
2551 1777 2577 1790 "’
2711 1774 2722 1791 -'
2769 1773 2794 1791 Α
2854 1769 3004 1791 ⁹›----
3040 1766 3324 1791 -ι--.λ..--.δ.
3383 1762 3440 1791 φὶ..
3481 1760 3570 1791 ἓ..-

332 1823 448 1889 lege
508 1786 847 1886 praesumens
895 1817 1206 1861 mensuram
1255 1794 1576 1853 obedientiae
1624 1804 1796 1859 usque
1830 1786 1897 1839 ad

335 1877 444 1966 tale
482 1877 813 1976 periculum;
840 1898 970 1966 quin
997 1902 1051 1948 et
1077 1893 1210 1945 alias
1235 1903 1354 1942 cum
1383 1885 1530 1940 omni
1561 1879 1755 1934 aifectu
1789 1877 1898 1930 vir-

336 2011 479 2056 tutes
505 1991 806 2054 sectemini,
831 1982 1288 2057 quandoquidem,
1313 1973 1476 2045 319
1501 1986 1624 2026 cum
1661 1971 1758 2022 has
1788 1967 1902 2034 ipse

335 2091 577 2153 fecisset,
610 2093 666 2138 et
690 2081 1018 2139 edocuisset,
1055 2072 1311 2126 (minibus
1361 2064 1676 2121 hominibus
1705 2073 1906 2130 prince-

338 2189 460 2250 ptor
488 2175 591 2229 ﬁde
619 2171 816 2240 dignus
847 2165 1043 2228 evasit,
1067 2159 1228 2230 quive
1255 2153 1669 2227 possibilitatem
1697 2161 1907 2208 eorum,

338 2235 460 2336 quae
496 2235 860 2331 praecipiebat,
895 2249 1132 2305 ostendit
1159 2240 1553 2304 ediscentibus,
1582 2252 1646 2291 ea
1673 2235 1910 2304 primum

343 2323 572 2427 ipsemet
619 2323 896 2410 faciendo;
951 2339 1181 2394 multum
1235 2333 1398 2402 igitur
1444 2327 1691 2383 habeatis
1741 2323 1944 2378 animi.

343 2446 595 2502 allectum
621 2439 686 2494 ad
709 2436 964 2498 invicem,
990 2430 1188 2501 quippe
1215 2425 1307 2496 qui
1332 2437 1438 2476 non
1461 2417 1746 2488 ignoratis,
1768 2413 1912 2484 quod

345 2538 435 2592 ille
484 2530 744 2602 apostolis
798 2526 868 2580 sit
915 2529 1274 2584 contestatus,
1307 2517 1412 2570 hoc
1456 2511 1664 2566 scilicet
1692 2521 1913 2562 suorum

345 2627 734 2697 discipulorum
769 2633 892 2675 esse
924 2614 1287 2686 signaculum,
1318 2609 1446 2664 dum
1483 2606 1560 2659 ait
1596 2621 1610 2657 :
1651 2621 1670 2653 ι
1712 2601 1770 2655 ln
1817 2602 1919 2653 hoc

351 2729 580 2775 noscent
617 2729 826 2776 omnes,
853 2709 996 2780 quod
1035 2707 1138 2761 mei
1172 2704 1302 2760 estis
1341 2695 1620 2767 discipuli,
1655 2694 1700 2748 si
1733 2692 1918 2747 chari—

2005 1801 2128 1844 στος
2157 1779 2474 1840 διδάσκαλος
2502 1777 2666 1828 πᾶσιν
2699 1769 3004 1842 ἀνθρώποις
3040 1766 3352 1834 γεγένηται,
3383 1762 3442 1813 τὸ
3480 1760 3570 1811 δυ-

2009 1876 2166 1928 νατὸν
2198 1867 2272 1926 ὧν
2303 1869 2594 1922 ἐπέταττεν
2643 1865 2788 1935 ἔργῳ
2833 1861 2909 1932 τῷ
2949 1858 3178 1932 πρώτως
3216 1855 3354 1908 αὐτὰ
3399 1853 3573 1904 ποιεῖν

2008 1966 2220 2027 δεικνὺς
2260 1964 2371 2025 τοῖς
2405 1959 2754 2032 μανθάνουσι.
2808 1953 3016 2021 Πολλὴν
3077 1949 3205 2020 γοῦν
3253 1948 3422 2017 ἔχετε,
3481 1944 3580 1997 καὶ

2012 2055 2456 2128 ὑπερϐάλλουσαν
2499 2051 2599 2119 τὴν
2643 2051 2698 2100 ὲν
2747 2044 2994 2114 ἀλλήλοις
3021 2041 3285 2101 διάθεσιν,
3317 2036 3581 2108 μαθόντες

2009 2144 2289 2217 εἰρηκέναι
2319 2145 2428 2204 τοῖς
2461 2139 2779 2198 ἀποστόλοις
2813 2133 2944 2188 αὑτὸ
2969 2131 3030 2184 τὸ
3065 2128 3328 2200 σύμϐολον
3354 2126 3460 2177 τῶν
3485 2126 3582 2177 αὑ-

2007 2238 2102 2290 τοῦ
2137 2233 2413 2307 μαθητῶν,
2447 2233 2505 2284 ἐν
2535 2224 2615 2292 οἷς
2665 2241 2846 2296 φησιν·
2887 2242 2904 2275 ι
2946 2223 3033 2274 Ἐν
3067 2220 3238 2287 τούτῳ
3282 2215 3584 2286 γνώσονται

2014 2327 2213 2387 πάντες
2247 2325 2327 2376 ὅτι
2359 2322 2477 2393 ἐμοὶ
2505 2318 2748 2390 μαθηταί
2783 2320 2903 2368 ἐστε
2944 2314 3038 2367 ἐὰν
3068 2312 3290 2380 ἀγάπην
3328 2310 3485 2379 ἔχητε
3527 2309 3587 2360 ὲν

2019 2416 2287 2485 ἀλλήλοις.
2321 2409 2642 2483 Εἰρηνεύετε
2671 2407 2911 2476 γνησίοις
2948 2406 3082 2476 πρὸς
3115 2403 3379 2464 ἅπαντας.
3423 2400 3590 2470 Εἰρή-

2020 2525 2116 2578 νην
2144 2506 2242 2576 τὴν
2265 2503 2404 2575 ὲμὴν
2429 2501 2630 2572 ἀφίημι
2660 2501 2806 2569 ὑμῖν.
2848 2498 3122 2564 Ἀγαπᾶτε
3149 2496 3273 2555 τοὺς
3301 2490 3591 2563 μισοῦντας

2025 2599 2191 2666 ὑμᾶς,
2241 2595 2338 2648 καὶ
2388 2589 2752 2663 προσεύχεσθε
2789 2587 2929 2656 ὑπὲρ
2961 2586 3066 2638 τῶν
3099 2583 3402 2637 διωκόντων
3445 2580 3592 2649 ὑμᾶς

2031 2691 2124 2742 καὶ
2155 2690 2260 2756 ὲπη
2269 2685 2592 2756 ρεαζόντων.
2621 2703 2641 2734 ι

351 2821 517 2867 tatem
550 2806 794 2862 habeatis
831 2804 896 2857 ad
924 2801 1151 2854 invicem
1173 2799 1227 2861 ¹;
1257 2806 1442 2864 pacem
1479 2801 1668 2842 veram
1707 2792 1915 2839 servate
1943 2796 2066 2836 curn
2105 2778 2390 2843 omnibus‘;
2420 2786 2808 2846 pacemmeam
2854 2769 3098 2838 relinquo
3131 2765 3282 2820 vobis
3303 2764 3354 2828 ³;
3391 2762 3599 2832 diligite

353 2917 449 2958 eos
481 2899 574 2970 qui
611 2897 842 2953 oderunt
873 2907 993 2956 vos,
1029 2901 1081 2944 et
1109 2895 1260 2944 orate
1293 2898 1392 2954 pro
1425 2881 1532 2944 his,
1563 2879 1655 2948 qni
1687 2891 1786 2932 vos
1822 2881 2244 2945 persequuntur,
2280 2880 2334 2925 et
2363 2869 2574 2937 injuriis
2605 2862 2903 2921 aﬂieiunt‘.
2939 2881 2958 2914 ι

902 2999 1126 3058 CAPUT
1157 2995 1364 3051 LXVII.

432 3106 549 3172 lpse
570 3099 768 3156 etenim
795 3097 898 3152 hoc
915 3094 1104 3149 dicens
1130 3086 1423 3152 mandavit,
1443 3096 1647 3152 vosque
1670 3089 1928 3133 exercens

360 3195 418 3248 iu
473 3183 913 3245 tribulationibus
979 3179 1055 3232 uti
1115 3175 1344 3229 athletas
1406 3170 1475 3224 ad
1535 3163 1926 3223 constantiam.

361 3276 696 3336 Anseultatis
738 3272 913 3340 ipsum
949 3267 1248 3327 dicentem;
1286 3277 1304 3310 ι
1351 3257 1547 3311 Discite
1581 3268 1611 3306 a
1651 3265 1764 3313 inc,
1802 3247 1929 3318 quia

365 3372 514 3426 mitis
536 3382 655 3421 sum
688 3373 742 3418 et
771 3358 992 3415 humilis
1014 3356 1177 3410 corde
1197 3353 1240 3418 ',
1269 3371 1286 3402 ι
1313 3359 1367 3404 ει
1389 3361 1551 3418 apere
1575 3341 1932 3398 imitationem

367 3455 726 3519 exhibuistis;
762 3452 915 3519 alapa
935 3446 1073 3501 'caesi
1106 3444 1158 3496 in
1189 3441 1412 3494 dextera
1459 3435 1696 3498 maxilla,
1741 3430 1936 3485 obver-

369 3555 481 3607 titis
521 3549 702 3610 aliain,
754 3557 816 3595 ac
846 3539 1009 3592 etiam
1060 3532 1275 3603 spoliati
1315 3528 1496 3582 tunica
1547 3521 1845 3578 conceditis
1886 3529 1940 3573 et

370 3643 592 3714 pallium
631 3638 675 3698 °,
707 3632 960 3702 injuriain
999 3637 1049 3682 et
1092 3626 1360 3694 jacturam
1401 3617 1580 3688 potius
1623 3615 1937 3676 tolerantes,

312 3797 319 3805 _
371 3748 534 3805 quam
560 3725 847 3784 confestim
878 3736 1000 3775 cum
1024 3719 1229 3785 impetu
1251 3714 1518 3766 irruentes
1538 3708 1604 3762 ad
1627 3705 1940 3761 vindictam.

375 3826 480 3881 Sed
518 3817 746 3877 feliciori
778 3826 1036 3870 successu
1063 3808 1238 3870 vobis,
1271 3816 1434 3873 quam
1467 3799 1586 3852 aliis
1614 3794 1792 3850 evenit
1819 3794 1942 3851 hoc.

375 3915 517 3986 quod
545 3912 750 3968 scilicet
771 3923 881 3961 non
923 3898 1246 3974 possideatis
1270 3894 1565 3964 quidquam
1591 3901 1800 3946 eorum,
1827 3898 1947 3952 quae

377 3997 614 4062 inhibuit
651 4000 938 4060 Dominus,
975 3993 1068 4063 qui
1097 3991 1202 4044 tale
1243 3987 1366 4039 vita:
1415 3982 1726 4036 institutum
1761 3975 1948 4028 militi-

379 4103 502 4160 bus.
527 4105 581 4151 et
602 4093 818 4148 athletis
841 4087 1192 4146 conveniens,
1211 4085 1559 4148 aptatamque
1586 4071 1698 4124 [ore
1721 4066 1946 4121 sciebat.

382 4187 494 4240 Vos
522 4186 704 4252 itaque
734 4181 878 4234 nulla
922 4173 1200 4230 beatitudo
1245 4166 1529 4221 Dominiea
1566 4157 1950 4230 prietei'eurrit,
2003 4153 2005 4155 ’

381 4291 505 4347 quae
535 4273 684 4341 operi
731 4286 838 4322 non
873 4265 1034 4320 fuerit
1073 4259 1430 4319 demandata;
1473 4265 1665 4306 omnes
1715 4249 1859 4300 enim
1895 4247 1952 4297 in

1950 2997 1996 3055 C

2606 2976 2861 3032 ΚΕΦΑΛ.
2889 2975 3006 3028 ΞΖ’.

2103 3074 2268 3136 Δύτὸς
2300 3072 2407 3142 γὰρ
2445 3069 2749 3124 ἐνετείλατο
2785 3066 2960 3134 λέγων
3003 3063 3180 3129 τοῦτο,
3212 3059 3506 3132 γυμνάζων
3545 3059 3605 3109 ἐν
3665 3119 3670 3122 _

2033 3168 2152 3229 ταῖς
2187 3163 2432 3233 θλίψεσιν
2481 3162 2624 3230 ὑμᾶς
2677 3159 2752 3221 ὡς
2806 3155 3046 3226 ἀθλητὰς
3097 3155 3234 3224 πρὸς
3286 3149 3604 3223 καρτερίαν.

2047 3255 2346 3308 Ἠκούσατε
2390 3251 2632 3313 εἰπόντος
2675 3247 2862 3313 αὑτοῦ,
2901 3266 2920 3298 ‹
2954 3243 3171 3302 Μὰθετε
3206 3243 3298 3298 ἀπ’
3339 3240 3494 3312 ἐμοῦ,
3527 3242 3610 3294 ὅτι

2040 3347 2214 3418 πρᾶός
2248 3345 2363 3414 εἰμι
2393 3343 2488 3395 καὶ
2521 3339 2773 3402 ταπεινὸς
2801 3343 2867 3411 τῇ
2896 3337 3117 3409 καρδίᾳ,
3149 3353 3168 3387 ι
3207 3333 3303 3388 καὶ⁷
3327 3333 3474 3404 ἔργῳ
3511 3333 3612 3400 τὴν

2046 3437 2274 3509 μίμησιν
2298 3433 2624 3497 ἐπεδείξατε,
2660 3431 3010 3503 ραπιζόμενοι
3036 3429 3133 3499 τὴν
3156 3425 3333 3491 δεξιὰν
3363 3425 3613 3490 σιαγόνα,

2045 3529 2307 3598 στρέφετε
2347 3526 2441 3579 καὶ
2465 3524 2562 3595 τὴν
2588 3522 2774 3593 ἄλλην,
2806 3520 3012 3575 καὶτὸν
3043 3517 3243 3590 χιτῶνα
3276 3514 3615 3585 ἀφαιρούμε-

2045 3637 2148 3679 νοι,
2181 3619 2558 3690 παραχωρεῖτε
2588 3616 2684 3668 καὶ
2717 3613 2778 3666 τὺ
2813 3613 3045 3682 ἱμάτιον,
3086 3609 3264 3680 ὓϐριν,
3293 3608 3387 3660 καὶ
3411 3606 3616 3676 ζημίαν

2049 3710 2303 3780 φέροντες
2347 3706 2542 3776 μᾶλλον
2573 3705 2607 3776 ἢ
2637 3703 2941 3774 προχείρως
2971 3700 3250 3772 ὁρμῶντες
3295 3698 3429 3770 πρὸς
3477 3697 3619 3766 ἄμυ-

2050 3819 2168 3854 ναν.
2213 3797 2584 3869 Κατώρθωται
2618 3797 2675 3848 δὲ
2719 3795 2882 3848 πλέον
2923 3795 3032 3846 τῶν
3061 3792 3235 3846 ἄλλων
3284 3791 3411 3860 ὑμῖν
3439 3791 3502 3842 τὴ
3543 3788 3618 3858 μὴ

2053 3888 2355 3960 κτήσασθαί
2383 3905 2435 3940 τι
2465 3881 2538 3940 ὧν
2573 3888 2600 3939 ό
2628 3885 2831 3956 Κύριος
2855 3884 3074 3946 ἀπεῖπε,
3109 3873 3465 3952 στρατιώταις
3524 3879 3620 3930 καὶ

2055 3980 2308 4048 ἀθληταῖς
2337 3980 2434 4046 τὴν
2458 3975 2675 4044 ἀγωγὴν
2704 3973 2796 4028 τοῦ
2825 3975 2940 4044 βίου
2966 3970 3167 4042 ταύτην
3193 3971 3425 4040 πρέπειν
3444 3967 3617 4028 εἰδώς.

2067 4068 2258 4138 Ἀργὺς
2299 4068 2442 4135 ὑμᾶς
2483 4065 2658 4128 οὐδεὶς
2691 4062 2800 4116 τῶν
2837 4060 3128 4134 Κυριακῶν
3160 4059 3480 4130 παρέδραμε
3518 4073 3623 4124 μα-

2057 4156 2352 4228 καρισμὸς,
2391 4156 2447 4210 ὲν
2485 4155 2641 4224 χερσὶ
2685 4153 2740 4206 δὲ
2779 4153 2980 4214 πάντες
3032 4149 3120 4202 dei.
3156 4152 3276 4212 ταῖς
3333 4147 3624 4218 ὑμετέραις

2058 4247 2312 4316 γεγόνασι
2346 4244 2483 4315 μετὰ
2509 4245 2616 4296 τῶν
2648 4242 3086 4312 συνεζευγμένων
3123 4239 3390 4310 ἁμοιϐῶν,
3417 4236 3626 4307 πτωχοὶ

384 4365 640 4422 manibus
671 4359 868 4413 vestris
901 4363 1029 4410 sunt
1075 4363 1309 4420 semper,
1340 4361 1465 4401 cum
1501 4336 1924 4396 retributionibu

2059 4340 2352 4410 γεγένησθε
2400 4338 2480 4407 τῷ
2514 4336 2805 4404 πνεύματι,
2863 4334 2957 4388 καὶ
3002 4334 3220 4403 πραεῖς,
3280 4332 3373 4383 καὶ
3411 4331 3626 4400 είρηνοο

387 4450 683 4514 connexis;
716 4459 981 4517 pauperes
1022 4439 1272 4494 evasistis
1301 4433 1514 4504 spiritu,
1560 4438 1615 4485 et
1653 4427 1835 4491 mites,
1864 4439 1958 4494 pa-

389 4545 550 4605 citiei,
573 4549 628 4596 et
653 4535 1048 4597 misericordes,
1073 4537 1125 4584 et
1143 4527 1328 4582 mundi
1355 4523 1518 4580 corde
1566 4563 1583 4588 ,
1601 4519 1694 4574 sed
1716 4525 1960 4572 vestrum

389 4652 473 4694 est
504 4648 729 4704 regnum
752 4621 1388 4692 εωΙοι·υιιι⁷-⁸,32οιιιιο
1401 4625 1454 4670 et
1470 4628 1572 4668 nos
1601 4619 1660 4666 ut
1680 4607 1828 4679 digni
1849 4605 1961 4661 clli-

391 4733 601 4789 cianiur
626 4732 864 4784 exorate.
892 4726 1193 4774 vestrorum
1223 4711 1526 4764 imitatores
1559 4717 1782 4774 operum
1813 4698 1960 4760 i‘acti,

391 4833 624 4893 quorum
655 4814 935 4884 praemium
964 4815 1048 4863 est
1077 4802 1329 4859 omnibus
1363 4799 1646 4853 vobiscum
1679 4792 1962 4859 condignis

392 4913 664 4984 promissa
722 4903 906 4959 fruitio
959 4897 1109 4967 regni
1171 4895 1224 4948 in
1281 4891 1498 4944 Christo
1547 4887 1677 4943 Jesu
1731 4883 1963 4938 Domino

397 5015 607 5067 nostro,
636 5002 724 5056 cui
753 4997 922 5068 gloria
957 4994 1013 5047 in
1047 4989 1268 5045 saecula.
1299 4988 1491 5038 Arnen.

402 5234 764 5308 Sequebantur
800 5232 936 5295 apud

2059 4433 2226 4496 terei,
2258 4431 2354 4484 καὶ
2395 4428 2704 4498 ἐλεήμονες,
2743 4427 2837 4478 καὶ
2877 4425 3110 4494 καθαροὶ
3135 4426 3217 4494 ,τῇ
3251 4420 3470 4491 καρδία,
3515 4419 3631 4471 ἀλλ’

2061 4522 2215 4593 ὑμῶν
2245 4523 2393 4574 ἐστιν
2423 4521 2457 4590 ή
2494 4520 2741 4590 βασιλεία
2782 4519 2890 4571 τῶν
2927 4514 3192 4587 οὑρανῶν,
3239 4508 3307 4583 ἧς
3352 4515 3446 4566 καὶ
3487 4513 3634 4581 ἡμᾶς

2064 4615 2361 4685 ἀξιωθῆναι
2397 4612 2787 4684 προσεύχεσθε,
2823 4610 3067 4682 ζηλωτὰς
3095 4608 3204 4660 τῶν
3235 4605 3515 4676 ὑμετέρων
3549 4604 3637 4672 έρο

2066 4723 2178 4774 γων
2207 4705 2626 4776 γεγενημένους·
2656 4697 2729 4756 ὧν
2761 4705 2876 4754 ἐστι
2908 4702 3075 4771 γέρας
3102 4701 3134 4768 ἡ
3171 4699 3305 4750 πᾶσι
3339 4694 3458 4765 μεθ’
3485 4694 3639 4762 ὑμῶν

2066 4799 2178 4859 τοῖς
2200 4795 2370 4860 ἀξίοις
2397 4793 2784 4865 ὲπηγγελμένη
2808 4792 2908 4860 τῆς
2933 4790 3208 4860 βασιλείας
3239 4787 3561 4849 ἀπόλαυσις,
3587 4786 3642 4835 ἐν

2069 4887 2291 4959 Χριστῷ
2331 4886 2504 4957 Ἰησοῦ
2534 4886 2612 4954 τῷ
2641 4885 2831 4955 Κυρίῳ
2877 4883 3057 4952 ήμῶν,
3093 4873 3134 4947 ᾧ
3161 4882 3194 4950 ή
3243 4878 3366 4942 δόξα
3411 4877 3489 4938 εἰς
3518 4876 3644 4934 τοὺς

2071 4981 2293 5042 αἰῶνας.
2328 4979 2520 5048 Ἀμήν.

977 5221 1320 5282 Suaresium;
1360 5218 1411 5269 1ο
1435 5214 1716 5268 Tractatus
1760 5208 2013 5273 moralis;
2059 5205 2119 5258 2ο
2153 5202 2379 5273 Epicteti
2427 5199 2774 5254 Enchiridion
2814 5213 2904 5250 seu
2955 5192 3244 5255 Manuale;
3295 5192 3350 5244 5°
3387 5187 3650 5242 Narratio

692 5321 929 5377 monachi
960 5317 1202 5377 Pachon;
1230 5328 1344 5382 quae
1373 5311 1567 5372 omnia,
1601 5315 1657 5359 ut
1683 5303 1926 5359 sublesta:
1955 5301 2165 5354 omnino
2193 5298 2337 5368 ﬁdei,
2366 5295 2433 5349 ad
2463 5296 2659 5348 calcem
2681 5307 2896 5360 operum
2919 5287 3346 5342 amandavimus.

1007 5522 1026 5551 ²
1056 5518 1214 5574 Joan.
1253 5533 1372 5580 xm,
1399 5515 1490 5571 '55.

479 5530 496 5559 ‘
525 5527 756 5596 Philipp.
788 5541 846 5589 ιι,
877 5523 932 5577 8.
1007 5523 1026 5551 ²
1056 5523 1214 5574 Joan.
1253 5533 1349 5571 xm

479 5595 650 5643 Iaiih.
681 5610 733 5643 ν.
761 5595 866 5643 3—9
895 5607 909 5643 :
1015 5589 1145 5643 Luc.
1183 5602 1253 5643 vi.
1285 5586 1354 5639 20

382 5595 650 5652 "’Hatth.
671 5595 734 5660 7v,
761 5595 866 5651 3-9
894 5607 909 5658 ;

1569 5517 1588 5549 ³
1618 5516 1770 5571 Joan.
1802 5529 1912 5578 XlV',
1955 5511 2046 5566 27.

1993 5445 2062 5460 ρ

2122 5511 2142 5542 ⁸
2172 5507 2358 5562 Matth.
2393 5521 2445 5569 v,
2483 5504 2571 5558 Η.
2654 5505 2674 5536 ⁸
2702 5500 2889 5557 Matth.
2923 5497 3088 5557 v.29
3196 5497 3215 5527 ⁸
3251 5493 3441 5548 Matth.
3471 5507 3520 5555 v,
3562 5491 3651 5546 50.
