  <div class='ocr_page' id='page_1' title='image "/cluster/home/n/w/nwhite01/storage/ocr_20150623/79/hvd.32044073502056/536.png"; bbox 0 0 3956 6206; ppageno 0'>
   <div class='ocr_carea' id='block_1_1' title="bbox 412 248 3642 321">
    <p class='ocr_par' dir='ltr' id='par_1_1' title="bbox 412 248 3642 321">
     <span class='ocr_line' id='line_1_1' title="bbox 412 248 3642 321; baseline 0.001 -6"><span class='ocrx_word' id='word_1_1' title='bbox 412 248 535 315; x_wconf 76' lang='grc' dir='ltr'>Ῑθῦι</span> <span class='ocrx_word' id='word_1_2' title='bbox 1419 250 1516 310; x_wconf 89' lang='lat' dir='ltr'>DE</span> <span class='ocrx_word' id='word_1_3' title='bbox 1556 249 2088 313; x_wconf 80' lang='lat' dir='ltr'>MONACHORUM</span> <span class='ocrx_word' id='word_1_4' title='bbox 2128 252 2639 312; x_wconf 61' lang='lat' dir='ltr'>PRrESTANTIA.</span> <span class='ocrx_word' id='word_1_5' title='bbox 3507 256 3642 321; x_wconf 78' lang='lat'>1062</span> 
     </span>
    </p>
   </div>
   <div class='ocr_carea' id='block_1_2' title="bbox 414 437 3605 479">
    <p class='ocr_par' dir='ltr' id='par_1_2' title="bbox 414 437 3605 479">
     <span class='ocr_line' id='line_1_2' title="bbox 414 437 3605 479; baseline 0.002 -11"><span class='ocrx_word' id='word_1_6' title='bbox 414 437 3605 479; x_wconf 53' lang='lat' dir='ltr'>mwm:</span> 
     </span>
    </p>
   </div>
   <div class='ocr_carea' id='block_1_3' title="bbox 1681 594 2347 684">
    <p class='ocr_par' dir='ltr' id='par_1_3' title="bbox 1681 594 2347 684">
     <span class='ocr_line' id='line_1_3' title="bbox 1681 594 2347 684; baseline 0.008 -5"><span class='ocrx_word' id='word_1_7' title='bbox 1681 594 1907 681; x_wconf 88' lang='grc' dir='ltr'>ΤΟΥ</span> <span class='ocrx_word' id='word_1_8' title='bbox 1970 594 2347 684; x_wconf 86' lang='grc' dir='ltr'>ΑΥΤΟΥ</span> 
     </span>
    </p>
   </div>
   <div class='ocr_carea' id='block_1_4' title="bbox 1986 795 2063 831">
    <p class='ocr_par' dir='ltr' id='par_1_4' title="bbox 1986 795 2063 831">
     <span class='ocr_line' id='line_1_4' title="bbox 1986 795 2063 831; baseline -0.026 0"><span class='ocrx_word' id='word_1_9' title='bbox 1986 795 2063 831; x_wconf 88' lang='grc' dir='ltr'>Οτι</span> 
     </span>
    </p>
   </div>
   <div class='ocr_carea' id='block_1_5' title="bbox 408 918 3649 1005">
    <p class='ocr_par' dir='ltr' id='par_1_5' title="bbox 408 918 3649 1005">
     <span class='ocr_line' id='line_1_5' title="bbox 408 918 3649 1005; baseline 0.006 -30"><span class='ocrx_word' id='word_1_10' title='bbox 408 921 763 990; x_wconf 69' lang='grc' dir='ltr'>Διαφέρουσι</span> <span class='ocrx_word' id='word_1_11' title='bbox 815 918 935 975; x_wconf 71' lang='grc' dir='ltr'>τῶν</span> <span class='ocrx_word' id='word_1_12' title='bbox 977 920 1046 974; x_wconf 78' lang='grc' dir='ltr'>ἐν</span> <span class='ocrx_word' id='word_1_13' title='bbox 1087 919 1346 976; x_wconf 73' lang='grc' dir='ltr'>πόλεσιν</span> <span class='ocrx_word' id='word_1_14' title='bbox 1381 919 1729 990; x_wconf 74' lang='grc' dir='ltr'>ᾠκισμένων</span> <span class='ocrx_word' id='word_1_15' title='bbox 1758 925 1811 975; x_wconf 81' lang='grc' dir='ltr'>οι</span> <span class='ocrx_word' id='word_1_16' title='bbox 1865 924 1933 975; x_wconf 77' lang='grc' dir='ltr'>ἐν</span> <span class='ocrx_word' id='word_1_17' title='bbox 1961 922 2205 992; x_wconf 82' lang='grc' dir='ltr'>ἐρήμοις</span> <span class='ocrx_word' id='word_1_18' title='bbox 2234 926 2661 996; x_wconf 73' lang='grc' dir='ltr'>ἡσυχάζοντες,</span> <span class='ocrx_word' id='word_1_19' title='bbox 2697 929 2813 985; x_wconf 80' lang='grc' dir='ltr'>κᾶν</span> <span class='ocrx_word' id='word_1_20' title='bbox 2841 934 3093 999; x_wconf 67' lang='grc' dir='ltr'>πολλοῖς</span> <span class='ocrx_word' id='word_1_21' title='bbox 3140 934 3258 987; x_wconf 74' lang='grc' dir='ltr'>τῶν</span> <span class='ocrx_word' id='word_1_22' title='bbox 3282 936 3535 1005; x_wconf 58' lang='grc' dir='ltr'>ἀπείρων</span> <span class='ocrx_word' id='word_1_23' title='bbox 3582 940 3649 993; x_wconf 84' lang='grc' dir='ltr'>τὸ</span> 
     </span>
    </p>
   </div>
   <div class='ocr_carea' id='block_1_6' title="bbox 1780 1015 2273 1087">
    <p class='ocr_par' dir='ltr' id='par_1_6' title="bbox 1780 1015 2273 1087">
     <span class='ocr_line' id='line_1_6' title="bbox 1780 1015 2273 1087; baseline 0.014 -21"><span class='ocrx_word' id='word_1_24' title='bbox 1780 1015 2064 1072; x_wconf 76' lang='grc' dir='ltr'>ἐναντίον</span> <span class='ocrx_word' id='word_1_25' title='bbox 2105 1017 2273 1087; x_wconf 77' lang='grc' dir='ltr'>δοκῇ.</span> 
     </span>
    </p>
   </div>
   <div class='ocr_carea' id='block_1_7' title="bbox 1728 1353 2361 1474">
    <p class='ocr_par' dir='ltr' id='par_1_7' title="bbox 1728 1353 2361 1474">
     <span class='ocr_line' id='line_1_7' title="bbox 1728 1353 2361 1474; baseline 0.002 -3"><span class='ocrx_word' id='word_1_26' title='bbox 1728 1360 1877 1474; x_wconf 86' lang='lat' dir='ltr'>EJ</span> <span class='ocrx_word' id='word_1_27' title='bbox 1892 1353 2361 1474; x_wconf 86' lang='lat' dir='ltr'>USDEM</span> 
     </span>
    </p>
   </div>
   <div class='ocr_carea' id='block_1_8' title="bbox 1053 1597 3012 1693">
    <p class='ocr_par' dir='ltr' id='par_1_8' title="bbox 1053 1597 3012 1693">
     <span class='ocr_line' id='line_1_8' title="bbox 1053 1597 3012 1693; baseline -0.002 -5"><span class='ocrx_word' id='word_1_28' title='bbox 1053 1599 1201 1690; x_wconf 90' lang='lat' dir='ltr'><strong>DE</strong></span> <span class='ocrx_word' id='word_1_29' title='bbox 1285 1597 2133 1693; x_wconf 81' lang='lat' dir='ltr'>MONACHORUM</span> <span class='ocrx_word' id='word_1_30' title='bbox 2226 1597 3012 1689; x_wconf 65' lang='lat' dir='ltr'>PRIESTANTIA</span> 
     </span>
    </p>
   </div>
   <div class='ocr_carea' id='block_1_9' title="bbox 1985 1802 2081 1844">
    <p class='ocr_par' dir='ltr' id='par_1_9' title="bbox 1985 1802 2081 1844">
     <span class='ocr_line' id='line_1_9' title="bbox 1985 1802 2081 1844; baseline 0.01 -1"><span class='ocrx_word' id='word_1_31' title='bbox 1985 1802 2081 1844; x_wconf 83' lang='lat' dir='ltr'>SEU</span> 
     </span>
    </p>
   </div>
   <div class='ocr_carea' id='block_1_10' title="bbox 399 1933 3653 2017">
    <p class='ocr_par' dir='ltr' id='par_1_10' title="bbox 399 1933 3653 2017">
     <span class='ocr_line' id='line_1_10' title="bbox 399 1933 3653 2017; baseline 0.004 -20"><span class='ocrx_word' id='word_1_32' title='bbox 399 1936 583 2013; x_wconf 87' lang='lat' dir='ltr'>Quod</span> <span class='ocrx_word' id='word_1_33' title='bbox 610 1936 689 1999; x_wconf 89' lang='lat' dir='ltr'>iis</span> <span class='ocrx_word' id='word_1_34' title='bbox 713 1936 822 2017; x_wconf 88' lang='lat' dir='ltr'>qui</span> <span class='ocrx_word' id='word_1_35' title='bbox 852 1934 1131 1999; x_wconf 81' lang='lat' dir='ltr'>habitant</span> <span class='ocrx_word' id='word_1_36' title='bbox 1160 1935 1226 1997; x_wconf 93' lang='lat' dir='ltr'>in</span> <span class='ocrx_word' id='word_1_37' title='bbox 1277 1933 1537 1998; x_wconf 82' lang='lat' dir='ltr'>urbibus</span> <span class='ocrx_word' id='word_1_38' title='bbox 1582 1935 2052 2014; x_wconf 65' lang='lat' dir='ltr'>praestantior-es</span> <span class='ocrx_word' id='word_1_39' title='bbox 2100 1938 2224 1998; x_wconf 92' lang='lat' dir='ltr'>sint</span> <span class='ocrx_word' id='word_1_40' title='bbox 2268 1936 2667 2015; x_wconf 73' lang='lat' dir='ltr'>quiescentes</span> <span class='ocrx_word' id='word_1_41' title='bbox 2700 1956 2770 2003; x_wconf 85' lang='lat' dir='ltr'>ac</span> <span class='ocrx_word' id='word_1_42' title='bbox 2811 1941 3065 2005; x_wconf 80' lang='lat' dir='ltr'>silentes</span> <span class='ocrx_word' id='word_1_43' title='bbox 3110 1944 3174 2004; x_wconf 92' lang='lat' dir='ltr'>in</span> <span class='ocrx_word' id='word_1_44' title='bbox 3226 1947 3471 2017; x_wconf 87' lang='lat' dir='ltr'>eremis,</span> <span class='ocrx_word' id='word_1_45' title='bbox 3538 1948 3653 2009; x_wconf 85' lang='lat' dir='ltr'>etsi</span> 
     </span>
    </p>
   </div>
   <div class='ocr_carea' id='block_1_11' title="bbox 1348 2036 2700 2118">
    <p class='ocr_par' dir='ltr' id='par_1_11' title="bbox 1348 2036 2700 2118">
     <span class='ocr_line' id='line_1_11' title="bbox 1348 2036 2700 2118; baseline 0.003 -21"><span class='ocrx_word' id='word_1_46' title='bbox 1348 2036 1562 2099; x_wconf 88' lang='lat' dir='ltr'>multis</span> <span class='ocrx_word' id='word_1_47' title='bbox 1591 2037 1940 2118; x_wconf 76' lang='lat' dir='ltr'>inexpertis</span> <span class='ocrx_word' id='word_1_48' title='bbox 1987 2038 2369 2100; x_wconf 81' lang='lat' dir='ltr'>contrarium</span> <span class='ocrx_word' id='word_1_49' title='bbox 2401 2039 2700 2101; x_wconf 86' lang='lat' dir='ltr'>videatur.</span> 
     </span>
    </p>
   </div>
   <div class='ocr_carea' id='block_1_12' title="bbox 1010 2269 2572 2340">
    <p class='ocr_par' dir='ltr' id='par_1_12' title="bbox 1010 2269 2572 2338">
     <span class='ocr_line' id='line_1_12' title="bbox 1010 2269 2572 2338; baseline 0.002 -14"><span class='ocrx_word' id='word_1_50' title='bbox 1010 2270 1264 2326; x_wconf 80' lang='grc' dir='ltr'>ΚΕΦΑΔ.</span> <span class='ocrx_word' id='word_1_51' title='bbox 1300 2269 1381 2323; x_wconf 79' lang='lat' dir='ltr'>A’.</span> <span class='ocrx_word' id='word_1_52' title='bbox 2008 2272 2050 2326; x_wconf 84' lang='lat' dir='ltr'><strong>A</strong></span> <span class='ocrx_word' id='word_1_53' title='bbox 2503 2269 2572 2338; x_wconf 66' lang='lat'>31</span> 
     </span>
    </p>
   </div>
   <div class='ocr_carea' id='block_1_13' title="bbox 1666 2269 3228 2340">
    <p class='ocr_par' dir='ltr' id='par_1_13' title="bbox 2008 2269 3228 2340">
     <span class='ocr_line' id='line_1_13' title="bbox 2008 2269 3228 2340; baseline 0.002 -14"><span class='ocrx_word' id='word_1_54' title='bbox 2008 2272 2050 2326; x_wconf 84' lang='lat' dir='ltr'><strong>A</strong></span> <span class='ocrx_word' id='word_1_55' title='bbox 2503 2269 2854 2340; x_wconf 86' lang='lat'>321-377</span> <span class='ocrx_word' id='word_1_56' title='bbox 2918 2269 3144 2326; x_wconf 80' lang='lat' dir='ltr'>CAPUT</span> <span class='ocrx_word' id='word_1_57' title='bbox 3186 2271 3228 2329; x_wconf 81' lang='grc' dir='ltr'>ι.</span> 
     </span>
    </p>
   </div>
   <div class='ocr_carea' id='block_1_14' title="bbox 487 2357 2049 2435">
    <p class='ocr_par' dir='ltr' id='par_1_14' title="bbox 487 2357 1981 2435">
     <span class='ocr_line' id='line_1_14' title="bbox 487 2357 1981 2435; baseline -0.007 -16"><span class='ocrx_word' id='word_1_58' title='bbox 487 2364 696 2435; x_wconf 82' lang='grc' dir='ltr'>Τέχνης</span> <span class='ocrx_word' id='word_1_59' title='bbox 736 2364 834 2433; x_wconf 78' lang='grc' dir='ltr'>μὲν</span> <span class='ocrx_word' id='word_1_60' title='bbox 865 2362 1083 2433; x_wconf 79' lang='grc' dir='ltr'>ἀπάσης</span> <span class='ocrx_word' id='word_1_61' title='bbox 1126 2360 1195 2415; x_wconf 89' lang='grc' dir='ltr'>τά</span> <span class='ocrx_word' id='word_1_62' title='bbox 1246 2358 1482 2430; x_wconf 78' lang='grc' dir='ltr'>τεχνητὰ</span> <span class='ocrx_word' id='word_1_63' title='bbox 1512 2357 1794 2428; x_wconf 84' lang='grc' dir='ltr'>κρίνοντες</span> <span class='ocrx_word' id='word_1_64' title='bbox 1824 2358 1981 2412; x_wconf 80' lang='grc' dir='ltr'>ἀπει-</span> 
     </span>
    </p>
   </div>
   <div class='ocr_carea' id='block_1_15' title="bbox 2095 2357 3657 2435">
    <p class='ocr_par' dir='ltr' id='par_1_15' title="bbox 2154 2357 3657 2434">
     <span class='ocr_line' id='line_1_15' title="bbox 2154 2357 3657 2434; baseline 0.007 -23"><span class='ocrx_word' id='word_1_65' title='bbox 2154 2357 2419 2427; x_wconf 73' lang='lat' dir='ltr'>Ittexperti</span> <span class='ocrx_word' id='word_1_66' title='bbox 2473 2360 2567 2428; x_wconf 87' lang='lat' dir='ltr'>qui</span> <span class='ocrx_word' id='word_1_67' title='bbox 2621 2360 2871 2428; x_wconf 80' lang='lat' dir='ltr'>judicant</span> <span class='ocrx_word' id='word_1_68' title='bbox 2923 2363 3055 2417; x_wconf 89' lang='lat' dir='ltr'>artis</span> <span class='ocrx_word' id='word_1_69' title='bbox 3103 2362 3479 2434; x_wconf 85' lang='lat' dir='ltr'>cujuscunque</span> <span class='ocrx_word' id='word_1_70' title='bbox 3523 2372 3657 2421; x_wconf 85' lang='lat' dir='ltr'>arti-</span> 
     </span>
    </p>
   </div>
   <div class='ocr_carea' id='block_1_16' title="bbox 408 2447 1970 2531">
    <p class='ocr_par' dir='ltr' id='par_1_16' title="bbox 408 2448 1970 2531">
     <span class='ocr_line' id='line_1_16' title="bbox 408 2448 1970 2531; baseline -0.01 -17"><span class='ocrx_word' id='word_1_71' title='bbox 408 2477 501 2531; x_wconf 85' lang='grc' dir='ltr'>ρα,</span> <span class='ocrx_word' id='word_1_72' title='bbox 551 2455 757 2526; x_wconf 74' lang='grc' dir='ltr'>σφόδρα</span> <span class='ocrx_word' id='word_1_73' title='bbox 797 2451 1119 2522; x_wconf 81' lang='grc' dir='ltr'>σφάλλονται</span> <span class='ocrx_word' id='word_1_74' title='bbox 1162 2450 1290 2521; x_wconf 71' lang='grc' dir='ltr'>περὶ</span> <span class='ocrx_word' id='word_1_75' title='bbox 1341 2449 1440 2521; x_wconf 81' lang='grc' dir='ltr'>τὴν</span> <span class='ocrx_word' id='word_1_76' title='bbox 1489 2448 1675 2519; x_wconf 86' lang='grc' dir='ltr'>κρίσιν</span> <span class='ocrx_word' id='word_1_77' title='bbox 1714 2449 1970 2512; x_wconf 78' lang='grc' dir='ltr'>εἰκότως⁴</span> 
     </span>
    </p>
   </div>
   <div class='ocr_carea' id='block_1_17' title="bbox 2087 2447 3649 2531">
    <p class='ocr_par' dir='ltr' id='par_1_17' title="bbox 2087 2447 3649 2525">
     <span class='ocr_line' id='line_1_17' title="bbox 2087 2447 3649 2525; baseline 0.006 -22"><span class='ocrx_word' id='word_1_78' title='bbox 2087 2447 2224 2513; x_wconf 79' lang='lat' dir='ltr'>licia,</span> <span class='ocrx_word' id='word_1_79' title='bbox 2256 2450 2452 2504; x_wconf 88' lang='lat' dir='ltr'>merito</span> <span class='ocrx_word' id='word_1_80' title='bbox 2485 2450 2747 2505; x_wconf 79' lang='lat' dir='ltr'>falluntur</span> <span class='ocrx_word' id='word_1_81' title='bbox 2774 2452 2927 2507; x_wconf 81' lang='lat' dir='ltr'><strong>valde</strong></span> <span class='ocrx_word' id='word_1_82' title='bbox 2960 2454 3102 2508; x_wconf 84' lang='lat' dir='ltr'>circa</span> <span class='ocrx_word' id='word_1_83' title='bbox 3133 2456 3435 2525; x_wconf 79' lang='lat' dir='ltr'>judicium;</span> <span class='ocrx_word' id='word_1_84' title='bbox 3480 2462 3649 2513; x_wconf 84' lang='lat' dir='ltr'>ratio-</span> 
     </span>
    </p>
   </div>
   <div class='ocr_carea' id='block_1_18' title="bbox 406 2540 1968 2618">
    <p class='ocr_par' dir='ltr' id='par_1_18' title="bbox 406 2540 1968 2618">
     <span class='ocr_line' id='line_1_18' title="bbox 406 2540 1968 2618; baseline -0.008 -14"><span class='ocrx_word' id='word_1_85' title='bbox 406 2552 588 2618; x_wconf 83' lang='grc' dir='ltr'>λόγοις</span> <span class='ocrx_word' id='word_1_86' title='bbox 614 2549 671 2602; x_wconf 86' lang='grc' dir='ltr'>δὲ</span> <span class='ocrx_word' id='word_1_87' title='bbox 704 2546 1036 2609; x_wconf 73' lang='grc' dir='ltr'>δικάζοντες,</span> <span class='ocrx_word' id='word_1_88' title='bbox 1061 2542 1329 2596; x_wconf 85' lang='grc' dir='ltr'>οίτούτων</span> <span class='ocrx_word' id='word_1_89' title='bbox 1359 2540 1616 2612; x_wconf 79' lang='grc' dir='ltr'>ἀμύητοι,</span> <span class='ocrx_word' id='word_1_90' title='bbox 1680 2540 1968 2610; x_wconf 79' lang='grc' dir='ltr'>πλημμελῆ</span> 
     </span>
    </p>
   </div>
   <div class='ocr_carea' id='block_1_19' title="bbox 2088 2540 3650 2618">
    <p class='ocr_par' dir='ltr' id='par_1_19' title="bbox 2088 2540 3650 2615">
     <span class='ocr_line' id='line_1_19' title="bbox 2088 2540 3650 2615; baseline 0.008 -22"><span class='ocrx_word' id='word_1_91' title='bbox 2088 2540 2248 2595; x_wconf 90' lang='lat' dir='ltr'>nibus</span> <span class='ocrx_word' id='word_1_92' title='bbox 2274 2557 2403 2595; x_wconf 87' lang='lat' dir='ltr'>vero</span> <span class='ocrx_word' id='word_1_93' title='bbox 2436 2542 2820 2613; x_wconf 80' lang='lat' dir='ltr'>disceptantes,</span> <span class='ocrx_word' id='word_1_94' title='bbox 2850 2545 2942 2613; x_wconf 89' lang='lat' dir='ltr'>qui</span> <span class='ocrx_word' id='word_1_95' title='bbox 2974 2545 3107 2615; x_wconf 89' lang='lat' dir='ltr'>ipsis</span> <span class='ocrx_word' id='word_1_96' title='bbox 3132 2547 3328 2602; x_wconf 77' lang='lat' dir='ltr'>initiati</span> <span class='ocrx_word' id='word_1_97' title='bbox 3364 2565 3469 2605; x_wconf 90' lang='lat' dir='ltr'>non</span> <span class='ocrx_word' id='word_1_98' title='bbox 3503 2564 3650 2613; x_wconf 87' lang='lat' dir='ltr'>sunt,</span> 
     </span>
    </p>
   </div>
   <div class='ocr_carea' id='block_1_20' title="bbox 409 2631 1971 2710">
    <p class='ocr_par' dir='ltr' id='par_1_20' title="bbox 409 2631 1971 2710">
     <span class='ocr_line' id='line_1_20' title="bbox 409 2631 1971 2710; baseline -0.009 -11"><span class='ocrx_word' id='word_1_99' title='bbox 409 2643 530 2699; x_wconf 84' lang='grc' dir='ltr'>κατ’</span> <span class='ocrx_word' id='word_1_100' title='bbox 555 2641 735 2696; x_wconf 85' lang='grc' dir='ltr'>αὐτῶν</span> <span class='ocrx_word' id='word_1_101' title='bbox 764 2639 861 2710; x_wconf 82' lang='grc' dir='ltr'>τὴν</span> <span class='ocrx_word' id='word_1_102' title='bbox 892 2637 1075 2707; x_wconf 78' lang='grc' dir='ltr'>κρίσιν</span> <span class='ocrx_word' id='word_1_103' title='bbox 1114 2636 1460 2707; x_wconf 79' lang='grc' dir='ltr'>ἐκφέρουσιν,</span> <span class='ocrx_word' id='word_1_104' title='bbox 1494 2635 1595 2687; x_wconf 82' lang='grc' dir='ltr'>οὐκ</span> <span class='ocrx_word' id='word_1_105' title='bbox 1628 2634 1826 2697; x_wconf 78' lang='grc' dir='ltr'>εἰδότες</span> <span class='ocrx_word' id='word_1_106' title='bbox 1851 2631 1971 2686; x_wconf 80' lang='grc' dir='ltr'>ἐκά-</span> 
     </span>
    </p>
   </div>
   <div class='ocr_carea' id='block_1_21' title="bbox 2090 2631 3652 2710">
    <p class='ocr_par' dir='ltr' id='par_1_21' title="bbox 2090 2632 3652 2710">
     <span class='ocr_line' id='line_1_21' title="bbox 2090 2632 3652 2710; baseline 0.007 -25"><span class='ocrx_word' id='word_1_107' title='bbox 2090 2632 2352 2686; x_wconf 86' lang='lat' dir='ltr'>absonum</span> <span class='ocrx_word' id='word_1_108' title='bbox 2393 2648 2558 2703; x_wconf 90' lang='lat' dir='ltr'>super</span> <span class='ocrx_word' id='word_1_109' title='bbox 2585 2635 2670 2689; x_wconf 92' lang='lat' dir='ltr'>his</span> <span class='ocrx_word' id='word_1_110' title='bbox 2708 2633 2888 2689; x_wconf 79' lang='lat' dir='ltr'>ferunt</span> <span class='ocrx_word' id='word_1_111' title='bbox 2922 2637 3212 2705; x_wconf 82' lang='lat' dir='ltr'>judicium,</span> <span class='ocrx_word' id='word_1_112' title='bbox 3254 2640 3522 2710; x_wconf 85' lang='lat' dir='ltr'>cujusque</span> <span class='ocrx_word' id='word_1_113' title='bbox 3577 2646 3652 2696; x_wconf 74' lang='lat' dir='ltr'>l‘ui</span> 
     </span>
    </p>
   </div>
   <div class='ocr_carea' id='block_1_22' title="bbox 410 2722 1972 2804">
    <p class='ocr_par' dir='ltr' id='par_1_22' title="bbox 410 2722 1972 2804">
     <span class='ocr_line' id='line_1_22' title="bbox 410 2722 1972 2804; baseline -0.008 -15"><span class='ocrx_word' id='word_1_114' title='bbox 410 2752 539 2789; x_wconf 80' lang='grc' dir='ltr'>στου</span> <span class='ocrx_word' id='word_1_115' title='bbox 586 2733 689 2804; x_wconf 84' lang='grc' dir='ltr'>τὴν</span> <span class='ocrx_word' id='word_1_116' title='bbox 724 2730 928 2803; x_wconf 79' lang='grc' dir='ltr'>ἀκριὸἧ</span> <span class='ocrx_word' id='word_1_117' title='bbox 976 2728 1366 2799; x_wconf 81' lang='grc' dir='ltr'>παρατήρησιν</span> <span class='ocrx_word' id='word_1_118' title='bbox 1390 2743 1402 2756; x_wconf 80' lang='grc'><em>’</em></span> <span class='ocrx_word' id='word_1_119' title='bbox 1438 2727 1520 2779; x_wconf 79' lang='grc' dir='ltr'>ὅτι</span> <span class='ocrx_word' id='word_1_120' title='bbox 1561 2726 1635 2794; x_wconf 79' lang='grc' dir='ltr'>μὴ</span> <span class='ocrx_word' id='word_1_121' title='bbox 1685 2727 1803 2787; x_wconf 82' lang='grc' dir='ltr'>ταῖς</span> <span class='ocrx_word' id='word_1_122' title='bbox 1838 2722 1972 2777; x_wconf 83' lang='grc' dir='ltr'>κατά</span> 
     </span>
    </p>
   </div>
   <div class='ocr_carea' id='block_1_23' title="bbox 2088 2722 3650 2804">
    <p class='ocr_par' dir='ltr' id='par_1_23' title="bbox 2088 2722 3650 2799">
     <span class='ocr_line' id='line_1_23' title="bbox 2088 2722 3650 2799; baseline 0.007 -24"><span class='ocrx_word' id='word_1_123' title='bbox 2088 2722 2396 2792; x_wconf 77' lang='lat' dir='ltr'>diligentem</span> <span class='ocrx_word' id='word_1_124' title='bbox 2461 2724 2897 2780; x_wconf 88' lang='lat' dir='ltr'>observationem</span> <span class='ocrx_word' id='word_1_125' title='bbox 2955 2726 3267 2797; x_wconf 84' lang='lat' dir='ltr'>ignorantes</span> <span class='ocrx_word' id='word_1_126' title='bbox 3303 2769 3317 2793; x_wconf 93' lang='lat'>,</span> <span class='ocrx_word' id='word_1_127' title='bbox 3377 2746 3442 2784; x_wconf 88' lang='lat' dir='ltr'>eo</span> <span class='ocrx_word' id='word_1_128' title='bbox 3505 2735 3650 2799; x_wconf 81' lang='lat' dir='ltr'>quod</span> 
     </span>
    </p>
   </div>
   <div class='ocr_carea' id='block_1_24' title="bbox 410 2814 1972 2897">
    <p class='ocr_par' dir='ltr' id='par_1_24' title="bbox 410 2814 1972 2897">
     <span class='ocr_line' id='line_1_24' title="bbox 410 2814 1972 2897; baseline -0.011 -17"><span class='ocrx_word' id='word_1_129' title='bbox 410 2826 577 2897; x_wconf 78' lang='grc' dir='ltr'>μέρος</span> <span class='ocrx_word' id='word_1_130' title='bbox 600 2824 783 2886; x_wconf 80' lang='grc' dir='ltr'>αὐτοῖς</span> <span class='ocrx_word' id='word_1_131' title='bbox 827 2818 1160 2890; x_wconf 74' lang='grc' dir='ltr'>γυμνασίαις</span> <span class='ocrx_word' id='word_1_132' title='bbox 1194 2819 1274 2880; x_wconf 82' lang='grc' dir='ltr'>είς</span> <span class='ocrx_word' id='word_1_133' title='bbox 1310 2814 1424 2880; x_wconf 75' lang='grc' dir='ltr'>ἕξιν</span> <span class='ocrx_word' id='word_1_134' title='bbox 1455 2816 1489 2885; x_wconf 85' lang='grc' dir='ltr'>ἠ</span> <span class='ocrx_word' id='word_1_135' title='bbox 1526 2814 1807 2883; x_wconf 73' lang='grc' dir='ltr'>ἐπιστήμη</span> <span class='ocrx_word' id='word_1_136' title='bbox 1846 2829 1972 2883; x_wconf 84' lang='grc' dir='ltr'>προ·</span> 
     </span>
    </p>
   </div>
   <div class='ocr_carea' id='block_1_25' title="bbox 2082 2814 3644 2897">
    <p class='ocr_par' dir='ltr' id='par_1_25' title="bbox 2082 2817 3644 2891">
     <span class='ocr_line' id='line_1_25' title="bbox 2082 2817 3644 2891; baseline 0.006 -21"><span class='ocrx_word' id='word_1_137' title='bbox 2082 2817 2324 2886; x_wconf 89' lang='lat' dir='ltr'>ipsorum</span> <span class='ocrx_word' id='word_1_138' title='bbox 2380 2820 2605 2875; x_wconf 82' lang='lat' dir='ltr'>scientia</span> <span class='ocrx_word' id='word_1_139' title='bbox 2668 2822 2900 2891; x_wconf 84' lang='lat' dir='ltr'>singulis</span> <span class='ocrx_word' id='word_1_140' title='bbox 2951 2824 3224 2879; x_wconf 77' lang='lat' dir='ltr'>exercitiis</span> <span class='ocrx_word' id='word_1_141' title='bbox 3282 2825 3349 2878; x_wconf 85' lang='lat' dir='ltr'>ad</span> <span class='ocrx_word' id='word_1_142' title='bbox 3400 2826 3644 2882; x_wconf 87' lang='lat' dir='ltr'>habitum</span> 
     </span>
    </p>
   </div>
   <div class='ocr_carea' id='block_1_26' title="bbox 410 2902 1972 2985">
    <p class='ocr_par' dir='ltr' id='par_1_26' title="bbox 410 2902 1972 2985">
     <span class='ocr_line' id='line_1_26' title="bbox 410 2902 1972 2985; baseline -0.008 -14"><span class='ocrx_word' id='word_1_143' title='bbox 410 2914 625 2985; x_wconf 71' lang='grc' dir='ltr'>ἔκοψεν.</span> <span class='ocrx_word' id='word_1_144' title='bbox 654 2914 728 2966; x_wconf 73' lang='grc' dir='ltr'>Οὐ</span> <span class='ocrx_word' id='word_1_145' title='bbox 763 2912 945 2966; x_wconf 80' lang='grc' dir='ltr'>τοίνυν</span> <span class='ocrx_word' id='word_1_146' title='bbox 974 2907 1276 2977; x_wconf 78' lang='grc' dir='ltr'>θαυμάζειν</span> <span class='ocrx_word' id='word_1_147' title='bbox 1314 2904 1483 2972; x_wconf 82' lang='grc' dir='ltr'>ἄξιον,</span> <span class='ocrx_word' id='word_1_148' title='bbox 1516 2904 1566 2957; x_wconf 84' lang='grc' dir='ltr'>εί</span> <span class='ocrx_word' id='word_1_149' title='bbox 1588 2902 1696 2958; x_wconf 81' lang='grc' dir='ltr'>τῶν</span> <span class='ocrx_word' id='word_1_150' title='bbox 1726 2905 1783 2958; x_wconf 79' lang='grc' dir='ltr'>ἐν</span> <span class='ocrx_word' id='word_1_151' title='bbox 1830 2902 1972 2975; x_wconf 81' lang='grc' dir='ltr'>ὄρεσι</span> 
     </span>
    </p>
   </div>
   <div class='ocr_carea' id='block_1_27' title="bbox 2090 2902 3652 2985">
    <p class='ocr_par' dir='ltr' id='par_1_27' title="bbox 2090 2910 3652 2985">
     <span class='ocr_line' id='line_1_27' title="bbox 2090 2910 3652 2985; baseline 0.008 -22"><span class='ocrx_word' id='word_1_152' title='bbox 2090 2923 2434 2979; x_wconf 78' lang='lat' dir='ltr'>progressum</span> <span class='ocrx_word' id='word_1_153' title='bbox 2468 2927 2578 2968; x_wconf 91' lang='lat' dir='ltr'>non</span> <span class='ocrx_word' id='word_1_154' title='bbox 2628 2911 2839 2968; x_wconf 74' lang='lat' dir='ltr'>fecerit.</span> <span class='ocrx_word' id='word_1_155' title='bbox 2883 2910 3041 2969; x_wconf 80' lang='lat' dir='ltr'>Haud</span> <span class='ocrx_word' id='word_1_156' title='bbox 3082 2913 3246 2985; x_wconf 84' lang='lat' dir='ltr'>igitur</span> <span class='ocrx_word' id='word_1_157' title='bbox 3286 2928 3369 2971; x_wconf 91' lang='lat' dir='ltr'>est</span> <span class='ocrx_word' id='word_1_158' title='bbox 3412 2920 3652 2975; x_wconf 84' lang='lat' dir='ltr'>admira-</span> 
     </span>
    </p>
   </div>
   <div class='ocr_carea' id='block_1_28' title="bbox 411 2997 1973 3081">
    <p class='ocr_par' dir='ltr' id='par_1_28' title="bbox 411 2997 1973 3081">
     <span class='ocr_line' id='line_1_28' title="bbox 411 2997 1973 3081; baseline -0.01 -15"><span class='ocrx_word' id='word_1_159' title='bbox 411 3015 502 3066; x_wconf 73' lang='grc' dir='ltr'>καὶ</span> <span class='ocrx_word' id='word_1_160' title='bbox 551 3007 841 3081; x_wconf 79' lang='grc' dir='ltr'>σπηλαίοις</span> <span class='ocrx_word' id='word_1_161' title='bbox 898 3004 1287 3079; x_wconf 71' lang='grc' dir='ltr'>ἡσυχαζόντων</span> <span class='ocrx_word' id='word_1_162' title='bbox 1348 3002 1602 3074; x_wconf 84' lang='grc' dir='ltr'>μοναχῶν</span> <span class='ocrx_word' id='word_1_163' title='bbox 1677 2997 1973 3068; x_wconf 85' lang='grc' dir='ltr'>καταγινώ-</span> 
     </span>
    </p>
   </div>
   <div class='ocr_carea' id='block_1_29' title="bbox 2088 2997 3650 3081">
    <p class='ocr_par' dir='ltr' id='par_1_29' title="bbox 2088 3003 3650 3080">
     <span class='ocr_line' id='line_1_29' title="bbox 2088 3003 3650 3080; baseline 0.008 -24"><span class='ocrx_word' id='word_1_164' title='bbox 2088 3003 2231 3057; x_wconf 88' lang='lat' dir='ltr'>tione</span> <span class='ocrx_word' id='word_1_165' title='bbox 2289 3003 2513 3075; x_wconf 88' lang='lat' dir='ltr'>dignum</span> <span class='ocrx_word' id='word_1_166' title='bbox 2546 3044 2561 3071; x_wconf 88' lang='lat'>,</span> <span class='ocrx_word' id='word_1_167' title='bbox 2624 3006 2669 3060; x_wconf 90' lang='lat' dir='ltr'>si</span> <span class='ocrx_word' id='word_1_168' title='bbox 2734 3006 3035 3061; x_wconf 83' lang='lat' dir='ltr'>monachos</span> <span class='ocrx_word' id='word_1_169' title='bbox 3085 3008 3251 3062; x_wconf 89' lang='lat' dir='ltr'>vitam</span> <span class='ocrx_word' id='word_1_170' title='bbox 3301 3010 3555 3080; x_wconf 69' lang='lat' dir='ltr'>degentes</span> <span class='ocrx_word' id='word_1_171' title='bbox 3598 3015 3650 3067; x_wconf 90' lang='lat' dir='ltr'>in</span> 
     </span>
    </p>
   </div>
   <div class='ocr_carea' id='block_1_30' title="bbox 412 3090 1974 3171">
    <p class='ocr_par' dir='ltr' id='par_1_30' title="bbox 412 3091 1974 3170">
     <span class='ocr_line' id='line_1_30' title="bbox 412 3091 1974 3170; baseline -0.01 -11"><span class='ocrx_word' id='word_1_172' title='bbox 412 3118 633 3159; x_wconf 86' lang='grc' dir='ltr'>σκουσιν</span> <span class='ocrx_word' id='word_1_173' title='bbox 657 3101 709 3156; x_wconf 76' lang='grc' dir='ltr'>οἱ</span> <span class='ocrx_word' id='word_1_174' title='bbox 735 3101 853 3164; x_wconf 81' lang='grc' dir='ltr'>πῶς</span> <span class='ocrx_word' id='word_1_175' title='bbox 891 3100 1062 3170; x_wconf 78' lang='grc' dir='ltr'>ἀρετῇ</span> <span class='ocrx_word' id='word_1_176' title='bbox 1099 3094 1458 3166; x_wconf 77' lang='grc' dir='ltr'>κατορθοῦται</span> <span class='ocrx_word' id='word_1_177' title='bbox 1514 3094 1591 3165; x_wconf 81' lang='grc' dir='ltr'>μὴ</span> <span class='ocrx_word' id='word_1_178' title='bbox 1623 3091 1890 3163; x_wconf 77' lang='grc' dir='ltr'>μαθόντες</span> <span class='ocrx_word' id='word_1_179' title='bbox 1909 3092 1974 3161; x_wconf 82' lang='grc' dir='ltr'>τῇ</span> 
     </span>
    </p>
   </div>
   <div class='ocr_carea' id='block_1_31' title="bbox 2096 3090 3658 3171">
    <p class='ocr_par' dir='ltr' id='par_1_31' title="bbox 2096 3090 3658 3171">
     <span class='ocr_line' id='line_1_31' title="bbox 2096 3090 3658 3171; baseline 0.008 -28"><span class='ocrx_word' id='word_1_180' title='bbox 2096 3090 2360 3146; x_wconf 72' lang='lat' dir='ltr'>montibus</span> <span class='ocrx_word' id='word_1_181' title='bbox 2409 3100 2463 3146; x_wconf 90' lang='lat' dir='ltr'>et</span> <span class='ocrx_word' id='word_1_182' title='bbox 2522 3092 2798 3161; x_wconf 87' lang='lat' dir='ltr'>speluncis</span> <span class='ocrx_word' id='word_1_183' title='bbox 2844 3094 3210 3150; x_wconf 80' lang='lat' dir='ltr'>condemnant</span> <span class='ocrx_word' id='word_1_184' title='bbox 3258 3097 3294 3151; x_wconf 91' lang='lat' dir='ltr'>ii</span> <span class='ocrx_word' id='word_1_185' title='bbox 3349 3101 3441 3168; x_wconf 87' lang='lat' dir='ltr'>qui</span> <span class='ocrx_word' id='word_1_186' title='bbox 3493 3116 3658 3171; x_wconf 42' lang='lat' dir='ltr'>expc.</span> 
     </span>
    </p>
   </div>
   <div class='ocr_carea' id='block_1_32' title="bbox 408 3180 1970 3268">
    <p class='ocr_par' dir='ltr' id='par_1_32' title="bbox 408 3182 1970 3268">
     <span class='ocr_line' id='line_1_32' title="bbox 408 3182 1970 3268; baseline -0.012 -17"><span class='ocrx_word' id='word_1_187' title='bbox 408 3196 596 3268; x_wconf 72' lang='grc' dir='ltr'>πείρᾳ,</span> <span class='ocrx_word' id='word_1_188' title='bbox 627 3195 757 3257; x_wconf 82' lang='grc' dir='ltr'>τοὺς</span> <span class='ocrx_word' id='word_1_189' title='bbox 804 3195 865 3246; x_wconf 84' lang='grc' dir='ltr'>ὲν</span> <span class='ocrx_word' id='word_1_190' title='bbox 902 3192 1051 3262; x_wconf 83' lang='grc' dir='ltr'>μέσῳ</span> <span class='ocrx_word' id='word_1_191' title='bbox 1094 3187 1495 3260; x_wconf 83' lang='grc' dir='ltr'>στρεφομένους</span> <span class='ocrx_word' id='word_1_192' title='bbox 1524 3184 1848 3253; x_wconf 84' lang='grc' dir='ltr'>ἀνθρώπων,</span> <span class='ocrx_word' id='word_1_193' title='bbox 1882 3182 1970 3235; x_wconf 68' lang='grc' dir='ltr'>καὶ</span> 
     </span>
    </p>
   </div>
   <div class='ocr_carea' id='block_1_33' title="bbox 2088 3180 3650 3268">
    <p class='ocr_par' dir='ltr' id='par_1_33' title="bbox 2088 3180 3650 3260">
     <span class='ocr_line' id='line_1_33' title="bbox 2088 3180 3650 3260; baseline 0.007 -26"><span class='ocrx_word' id='word_1_194' title='bbox 2088 3180 2276 3239; x_wconf 88' lang='lat' dir='ltr'>rientia</span> <span class='ocrx_word' id='word_1_195' title='bbox 2307 3199 2417 3239; x_wconf 90' lang='lat' dir='ltr'>non</span> <span class='ocrx_word' id='word_1_196' title='bbox 2463 3186 2735 3242; x_wconf 86' lang='lat' dir='ltr'>edidicere</span> <span class='ocrx_word' id='word_1_197' title='bbox 2766 3188 3045 3256; x_wconf 85' lang='lat' dir='ltr'>quomodo</span> <span class='ocrx_word' id='word_1_198' title='bbox 3086 3202 3430 3259; x_wconf 81' lang='lat' dir='ltr'>comparetur</span> <span class='ocrx_word' id='word_1_199' title='bbox 3458 3195 3650 3260; x_wconf 54' lang='lat' dir='ltr'>virtus,</span> 
     </span>
    </p>
   </div>
   <div class='ocr_carea' id='block_1_34' title="bbox 408 3274 1970 3354">
    <p class='ocr_par' dir='ltr' id='par_1_34' title="bbox 408 3274 1970 3354">
     <span class='ocr_line' id='line_1_34' title="bbox 408 3274 1970 3354; baseline -0.012 -11"><span class='ocrx_word' id='word_1_200' title='bbox 408 3291 693 3354; x_wconf 82' lang='grc' dir='ltr'>διάγοντας</span> <span class='ocrx_word' id='word_1_201' title='bbox 720 3289 776 3340; x_wconf 86' lang='grc' dir='ltr'>ὲν</span> <span class='ocrx_word' id='word_1_202' title='bbox 799 3283 987 3341; x_wconf 84' lang='grc' dir='ltr'>πόλεσι</span> <span class='ocrx_word' id='word_1_203' title='bbox 1018 3283 1290 3350; x_wconf 82' lang='grc' dir='ltr'>λέγοντες,</span> <span class='ocrx_word' id='word_1_204' title='bbox 1324 3278 1433 3332; x_wconf 86' lang='grc' dir='ltr'>τῶν</span> <span class='ocrx_word' id='word_1_205' title='bbox 1471 3274 1970 3347; x_wconf 79' lang='grc' dir='ltr'>ἀνακεχωρημένων</span> 
     </span>
    </p>
   </div>
   <div class='ocr_carea' id='block_1_35' title="bbox 2086 3274 3648 3354">
    <p class='ocr_par' dir='ltr' id='par_1_35' title="bbox 2086 3278 3648 3351">
     <span class='ocr_line' id='line_1_35' title="bbox 2086 3278 3648 3351; baseline 0.005 -22"><span class='ocrx_word' id='word_1_206' title='bbox 2086 3284 2382 3341; x_wconf 89' lang='lat' dir='ltr'>testantes,</span> <span class='ocrx_word' id='word_1_207' title='bbox 2416 3278 2766 3333; x_wconf 85' lang='lat' dir='ltr'>anachoretis</span> <span class='ocrx_word' id='word_1_208' title='bbox 2808 3294 2903 3335; x_wconf 91' lang='lat' dir='ltr'>eos</span> <span class='ocrx_word' id='word_1_209' title='bbox 2942 3279 3104 3351; x_wconf 89' lang='lat' dir='ltr'>longe</span> <span class='ocrx_word' id='word_1_210' title='bbox 3139 3283 3482 3351; x_wconf 81' lang='lat' dir='ltr'>probatiores</span> <span class='ocrx_word' id='word_1_211' title='bbox 3510 3302 3648 3351; x_wconf 52' lang='lat' dir='ltr'>essm</span> 
     </span>
    </p>
   </div>
   <div class='ocr_carea' id='block_1_36' title="bbox 413 3365 1975 3452">
    <p class='ocr_par' dir='ltr' id='par_1_36' title="bbox 413 3365 1975 3452">
     <span class='ocr_line' id='line_1_36' title="bbox 413 3365 1975 3452; baseline -0.013 -17"><span class='ocrx_word' id='word_1_212' title='bbox 413 3381 614 3452; x_wconf 82' lang='grc' dir='ltr'>μᾶλλον</span> <span class='ocrx_word' id='word_1_213' title='bbox 639 3376 779 3433; x_wconf 76' lang='grc' dir='ltr'>εἶναι</span> <span class='ocrx_word' id='word_1_214' title='bbox 805 3373 1072 3446; x_wconf 87' lang='grc' dir='ltr'>δοκιμωτέ</span> <span class='ocrx_word' id='word_1_215' title='bbox 1081 3390 1232 3445; x_wconf 84' lang='grc' dir='ltr'>ρους,</span> <span class='ocrx_word' id='word_1_216' title='bbox 1260 3371 1355 3426; x_wconf 74' lang='grc' dir='ltr'>καὶ</span> <span class='ocrx_word' id='word_1_217' title='bbox 1393 3368 1633 3438; x_wconf 81' lang='grc' dir='ltr'>τοσούτῳ</span> <span class='ocrx_word' id='word_1_218' title='bbox 1656 3367 1838 3433; x_wconf 78' lang='grc' dir='ltr'>πλέον,</span> <span class='ocrx_word' id='word_1_219' title='bbox 1867 3365 1975 3434; x_wconf 81' lang='grc' dir='ltr'>ὅσῳ</span> 
     </span>
    </p>
   </div>
   <div class='ocr_carea' id='block_1_37' title="bbox 2096 3365 3658 3452">
    <p class='ocr_par' dir='ltr' id='par_1_37' title="bbox 2096 3368 3658 3445">
     <span class='ocr_line' id='line_1_37' title="bbox 2096 3368 3658 3445; baseline 0.007 -24"><span class='ocrx_word' id='word_1_220' title='bbox 2096 3368 2173 3437; x_wconf 72' lang='grc' dir='ltr'>ιυὶ</span> <span class='ocrx_word' id='word_1_221' title='bbox 2202 3377 2494 3423; x_wconf 87' lang='lat' dir='ltr'>versantur</span> <span class='ocrx_word' id='word_1_222' title='bbox 2523 3369 2579 3423; x_wconf 90' lang='lat' dir='ltr'>in</span> <span class='ocrx_word' id='word_1_223' title='bbox 2611 3370 2872 3435; x_wconf 88' lang='lat' dir='ltr'>urbibus,</span> <span class='ocrx_word' id='word_1_224' title='bbox 2913 3387 3088 3441; x_wconf 86' lang='lat' dir='ltr'>eoque</span> <span class='ocrx_word' id='word_1_225' title='bbox 3128 3376 3301 3444; x_wconf 84' lang='lat' dir='ltr'>magis</span> <span class='ocrx_word' id='word_1_226' title='bbox 3325 3418 3338 3442; x_wconf 90' lang='lat'>,</span> <span class='ocrx_word' id='word_1_227' title='bbox 3384 3393 3493 3445; x_wconf 87' lang='lat' dir='ltr'>quo</span> <span class='ocrx_word' id='word_1_228' title='bbox 3533 3381 3658 3431; x_wconf 50' lang='lat' dir='ltr'>athe</span> 
     </span>
    </p>
   </div>
   <div class='ocr_carea' id='block_1_38' title="bbox 410 3457 1972 3541">
    <p class='ocr_par' dir='ltr' id='par_1_38' title="bbox 410 3457 1972 3538">
     <span class='ocr_line' id='line_1_38' title="bbox 410 3457 1972 3538; baseline -0.012 -14"><span class='ocrx_word' id='word_1_229' title='bbox 410 3472 504 3524; x_wconf 69' lang='lat' dir='ltr'>xui.</span> <span class='ocrx_word' id='word_1_230' title='bbox 523 3469 631 3523; x_wconf 87' lang='grc' dir='ltr'>τῶν</span> <span class='ocrx_word' id='word_1_231' title='bbox 658 3465 1108 3538; x_wconf 58' lang='grc' dir='ltr'>σκιαμαχούντων</span> <span class='ocrx_word' id='word_1_232' title='bbox 1133 3461 1404 3533; x_wconf 82' lang='grc' dir='ltr'>ἀθλητῶν,</span> <span class='ocrx_word' id='word_1_233' title='bbox 1434 3460 1482 3512; x_wconf 83' lang='grc' dir='ltr'>οῖ</span> <span class='ocrx_word' id='word_1_234' title='bbox 1514 3457 1655 3511; x_wconf 85' lang='grc' dir='ltr'>κατὰ</span> <span class='ocrx_word' id='word_1_235' title='bbox 1679 3458 1839 3527; x_wconf 85' lang='grc' dir='ltr'>χεῖρα</span> <span class='ocrx_word' id='word_1_236' title='bbox 1862 3458 1972 3519; x_wconf 85' lang='grc' dir='ltr'>τοῖς</span> 
     </span>
    </p>
   </div>
   <div class='ocr_carea' id='block_1_39' title="bbox 2090 3457 3652 3541">
    <p class='ocr_par' dir='ltr' id='par_1_39' title="bbox 2090 3458 3652 3541">
     <span class='ocr_line' id='line_1_39' title="bbox 2090 3458 3652 3541; baseline 0.008 -29"><span class='ocrx_word' id='word_1_237' title='bbox 2090 3458 2205 3515; x_wconf 89' lang='lat' dir='ltr'>letis</span> <span class='ocrx_word' id='word_1_238' title='bbox 2240 3459 2499 3526; x_wconf 87' lang='lat' dir='ltr'>inaniter,</span> <span class='ocrx_word' id='word_1_239' title='bbox 2553 3471 2605 3517; x_wconf 90' lang='lat' dir='ltr'>et</span> <span class='ocrx_word' id='word_1_240' title='bbox 2660 3462 2712 3516; x_wconf 91' lang='lat' dir='ltr'>in</span> <span class='ocrx_word' id='word_1_241' title='bbox 2766 3463 2958 3517; x_wconf 88' lang='lat' dir='ltr'>umbra</span> <span class='ocrx_word' id='word_1_242' title='bbox 3015 3468 3384 3535; x_wconf 80' lang='lat' dir='ltr'>pugnantibus</span> <span class='ocrx_word' id='word_1_243' title='bbox 3439 3471 3516 3533; x_wconf 92' lang='lat' dir='ltr'>hi,</span> <span class='ocrx_word' id='word_1_244' title='bbox 3559 3476 3652 3541; x_wconf 79' lang='lat' dir='ltr'>qui</span> 
     </span>
    </p>
   </div>
   <div class='ocr_carea' id='block_1_40' title="bbox 410 3545 1972 3629">
    <p class='ocr_par' dir='ltr' id='par_1_40' title="bbox 410 3545 1972 3628">
     <span class='ocr_line' id='line_1_40' title="bbox 410 3545 1972 3628; baseline -0.012 -13"><span class='ocrx_word' id='word_1_245' title='bbox 410 3560 723 3622; x_wconf 79' lang='grc' dir='ltr'>ἀντιπάλοις</span> <span class='ocrx_word' id='word_1_246' title='bbox 736 3557 1176 3628; x_wconf 82' lang='grc' dir='ltr'>συμπλεκόμενοι</span> <span class='ocrx_word' id='word_1_247' title='bbox 1198 3552 1309 3605; x_wconf 70' lang='grc' dir='ltr'>εἰσὶ</span> <span class='ocrx_word' id='word_1_248' title='bbox 1329 3549 1715 3619; x_wconf 66' lang='grc' dir='ltr'>γενναιότερον</span> <span class='ocrx_word' id='word_1_249' title='bbox 1736 3545 1838 3600; x_wconf 83' lang='grc' dir='ltr'>οὐκ</span> <span class='ocrx_word' id='word_1_250' title='bbox 1858 3545 1972 3598; x_wconf 86' lang='grc' dir='ltr'>ὲπι-</span> 
     </span>
    </p>
   </div>
   <div class='ocr_carea' id='block_1_41' title="bbox 2090 3545 3652 3629">
    <p class='ocr_par' dir='ltr' id='par_1_41' title="bbox 2090 3553 3652 3629">
     <span class='ocr_line' id='line_1_41' title="bbox 2090 3553 3652 3629; baseline 0.007 -24"><span class='ocrx_word' id='word_1_251' title='bbox 2090 3566 2308 3605; x_wconf 91' lang='lat' dir='ltr'>manum</span> <span class='ocrx_word' id='word_1_252' title='bbox 2360 3562 2659 3608; x_wconf 89' lang='lat' dir='ltr'>conserunt</span> <span class='ocrx_word' id='word_1_253' title='bbox 2710 3570 2833 3608; x_wconf 91' lang='lat' dir='ltr'>cum</span> <span class='ocrx_word' id='word_1_254' title='bbox 2874 3553 3205 3611; x_wconf 87' lang='lat' dir='ltr'>adversariis</span> <span class='ocrx_word' id='word_1_255' title='bbox 3251 3568 3380 3613; x_wconf 88' lang='lat' dir='ltr'>sunt</span> <span class='ocrx_word' id='word_1_256' title='bbox 3426 3576 3652 3629; x_wconf 83' lang='lat' dir='ltr'>genero-</span> 
     </span>
    </p>
   </div>
   <div class='ocr_carea' id='block_1_42' title="bbox 414 3612 1976 3721">
    <p class='ocr_par' dir='ltr' id='par_1_42' title="bbox 414 3612 1976 3721">
     <span class='ocr_line' id='line_1_42' title="bbox 414 3612 1976 3721; baseline -0.011 -17"><span class='ocrx_word' id='word_1_257' title='bbox 414 3612 674 3721; x_wconf 70' lang='grc' dir='ltr'>στάμενοι</span> <span class='ocrx_word' id='word_1_258' title='bbox 860 3647 959 3709; x_wconf 84' lang='grc' dir='ltr'>τὰς</span> <span class='ocrx_word' id='word_1_259' title='bbox 1004 3612 1083 3707; x_wconf 59' lang='lat' dir='ltr'>ei;</span> <span class='ocrx_word' id='word_1_260' title='bbox 1124 3612 1354 3712; x_wconf 68' lang='grc' dir='ltr'>πτῶμα⁷</span> <span class='ocrx_word' id='word_1_261' title='bbox 1374 3638 1566 3703; x_wconf 80' lang='grc' dir='ltr'>λαϐὰς,</span> <span class='ocrx_word' id='word_1_262' title='bbox 1597 3612 1707 3691; x_wconf 76' lang='grc' dir='ltr'>οὐδ’</span> <span class='ocrx_word' id='word_1_263' title='bbox 1737 3637 1837 3690; x_wconf 74' lang='grc' dir='ltr'>ὅσα</span> <span class='ocrx_word' id='word_1_264' title='bbox 1872 3635 1976 3689; x_wconf 84' lang='grc' dir='ltr'>τῶν</span> 
     </span>
    </p>
   </div>
   <div class='ocr_carea' id='block_1_43' title="bbox 2086 3612 3648 3721">
    <p class='ocr_par' dir='ltr' id='par_1_43' title="bbox 2086 3643 3648 3719">
     <span class='ocr_line' id='line_1_43' title="bbox 2086 3643 3648 3719; baseline 0.005 -21"><span class='ocrx_word' id='word_1_265' title='bbox 2086 3643 2301 3711; x_wconf 88' lang='lat' dir='ltr'>siores;</span> <span class='ocrx_word' id='word_1_266' title='bbox 2334 3645 2536 3699; x_wconf 89' lang='lat' dir='ltr'>etenim</span> <span class='ocrx_word' id='word_1_267' title='bbox 2566 3646 2881 3716; x_wconf 82' lang='lat' dir='ltr'>ignorantes</span> <span class='ocrx_word' id='word_1_268' title='bbox 2915 3646 3329 3715; x_wconf 86' lang='lat' dir='ltr'>prchensiones,</span> <span class='ocrx_word' id='word_1_269' title='bbox 3373 3667 3493 3719; x_wconf 63' lang='lat' dir='ltr'>qum</span> <span class='ocrx_word' id='word_1_270' title='bbox 3539 3663 3648 3706; x_wconf 79' lang='lat' dir='ltr'>trn-</span> 
     </span>
    </p>
   </div>
   <div class='ocr_carea' id='block_1_44' title="bbox 411 3726 1973 3811">
    <p class='ocr_par' dir='ltr' id='par_1_44' title="bbox 411 3726 1973 3811">
     <span class='ocr_line' id='line_1_44' title="bbox 411 3726 1973 3811; baseline -0.012 -13"><span class='ocrx_word' id='word_1_271' title='bbox 411 3740 684 3811; x_wconf 79' lang='grc' dir='ltr'>ἁμμάτων</span> <span class='ocrx_word' id='word_1_272' title='bbox 713 3734 886 3809; x_wconf 79' lang='grc' dir='ltr'>ἧτταν</span> <span class='ocrx_word' id='word_1_273' title='bbox 914 3738 1076 3800; x_wconf 84' lang='grc' dir='ltr'>ποιεῖ,</span> <span class='ocrx_word' id='word_1_274' title='bbox 1118 3733 1218 3796; x_wconf 79' lang='grc' dir='ltr'>τὰς</span> <span class='ocrx_word' id='word_1_275' title='bbox 1248 3730 1370 3786; x_wconf 86' lang='grc' dir='ltr'>κατ’</span> <span class='ocrx_word' id='word_1_276' title='bbox 1397 3730 1677 3799; x_wconf 76' lang='grc' dir='ltr'>ἐνέργειαν</span> <span class='ocrx_word' id='word_1_277' title='bbox 1707 3726 1973 3798; x_wconf 80' lang='grc' dir='ltr'>ἁμαρτίας</span> 
     </span>
    </p>
   </div>
   <div class='ocr_carea' id='block_1_45' title="bbox 2091 3726 3653 3811">
    <p class='ocr_par' dir='ltr' id='par_1_45' title="bbox 2091 3735 3653 3809">
     <span class='ocr_line' id='line_1_45' title="bbox 2091 3735 3653 3809; baseline 0.006 -21"><span class='ocrx_word' id='word_1_278' title='bbox 2091 3735 2220 3789; x_wconf 88' lang='lat' dir='ltr'>bunt</span> <span class='ocrx_word' id='word_1_279' title='bbox 2248 3735 2316 3790; x_wconf 91' lang='lat' dir='ltr'>ad</span> <span class='ocrx_word' id='word_1_280' title='bbox 2360 3736 2596 3807; x_wconf 86' lang='lat' dir='ltr'>lapsum,</span> <span class='ocrx_word' id='word_1_281' title='bbox 2636 3753 2735 3792; x_wconf 91' lang='lat' dir='ltr'>nec</span> <span class='ocrx_word' id='word_1_282' title='bbox 2760 3747 2892 3807; x_wconf 88' lang='lat' dir='ltr'>quot</span> <span class='ocrx_word' id='word_1_283' title='bbox 2936 3738 3356 3809; x_wconf 87' lang='lat' dir='ltr'>illaqueamenta</span> <span class='ocrx_word' id='word_1_284' title='bbox 3418 3742 3653 3800; x_wconf 81' lang='lat' dir='ltr'>inferant</span> 
     </span>
    </p>
   </div>
   <div class='ocr_carea' id='block_1_46' title="bbox 418 3819 1980 3904">
    <p class='ocr_par' dir='ltr' id='par_1_46' title="bbox 418 3819 1977 3904">
     <span class='ocr_line' id='line_1_46' title="bbox 418 3819 1977 3904; baseline -0.011 -18"><span class='ocrx_word' id='word_1_285' title='bbox 418 3835 608 3904; x_wconf 83' lang='grc' dir='ltr'>μόνας.</span> <span class='ocrx_word' id='word_1_286' title='bbox 645 3829 917 3901; x_wconf 74' lang='grc' dir='ltr'>πτώματα</span> <span class='ocrx_word' id='word_1_287' title='bbox 956 3827 1207 3897; x_wconf 86' lang='grc' dir='ltr'>κρίνουσι</span> <span class='ocrx_word' id='word_1_288' title='bbox 1230 3842 1243 3855; x_wconf 82' lang='lat'><strong><em>°</em></strong></span> <span class='ocrx_word' id='word_1_289' title='bbox 1275 3824 1374 3887; x_wconf 83' lang='grc' dir='ltr'>τὰς</span> <span class='ocrx_word' id='word_1_290' title='bbox 1415 3823 1536 3876; x_wconf 87' lang='grc' dir='ltr'>κατ’</span> <span class='ocrx_word' id='word_1_291' title='bbox 1565 3821 1775 3875; x_wconf 75' lang='grc' dir='ltr'>ἔννοιαν</span> <span class='ocrx_word' id='word_1_292' title='bbox 1808 3819 1977 3890; x_wconf 78' lang='grc' dir='ltr'>ἥττας</span> 
     </span>
    </p>
   </div>
   <div class='ocr_carea' id='block_1_47' title="bbox 2090 3819 3652 3904">
    <p class='ocr_par' dir='ltr' id='par_1_47' title="bbox 2090 3822 3652 3899">
     <span class='ocr_line' id='line_1_47' title="bbox 2090 3822 3652 3899; baseline 0.006 -17"><span class='ocrx_word' id='word_1_293' title='bbox 2090 3822 2325 3892; x_wconf 69' lang='lat' dir='ltr'>cladem,</span> <span class='ocrx_word' id='word_1_294' title='bbox 2352 3829 2468 3883; x_wconf 90' lang='lat' dir='ltr'>sola</span> <span class='ocrx_word' id='word_1_295' title='bbox 2498 3838 2720 3899; x_wconf 85' lang='lat' dir='ltr'>peccata</span> <span class='ocrx_word' id='word_1_296' title='bbox 2762 3830 2995 3885; x_wconf 89' lang='lat' dir='ltr'>actualia</span> <span class='ocrx_word' id='word_1_297' title='bbox 3035 3832 3370 3887; x_wconf 84' lang='lat' dir='ltr'>arbitrantur</span> <span class='ocrx_word' id='word_1_298' title='bbox 3405 3850 3525 3890; x_wconf 89' lang='lat' dir='ltr'>esse</span> <span class='ocrx_word' id='word_1_299' title='bbox 3577 3839 3652 3891; x_wconf 67' lang='lat' dir='ltr'>la«</span> 
     </span>
    </p>
   </div>
   <div class='ocr_carea' id='block_1_48' title="bbox 412 3905 1974 3993">
    <p class='ocr_par' dir='ltr' id='par_1_48' title="bbox 412 3905 1972 3987">
     <span class='ocr_line' id='line_1_48' title="bbox 412 3905 1972 3987; baseline -0.013 -11"><span class='ocrx_word' id='word_1_300' title='bbox 412 3923 505 3977; x_wconf 75' lang='grc' dir='ltr'>καὶ</span> <span class='ocrx_word' id='word_1_301' title='bbox 529 3920 686 3983; x_wconf 84' lang='grc' dir='ltr'>νίκας</span> <span class='ocrx_word' id='word_1_302' title='bbox 718 3918 780 3972; x_wconf 80' lang='grc' dir='ltr'>οὐ</span> <span class='ocrx_word' id='word_1_303' title='bbox 802 3916 1172 3987; x_wconf 79' lang='grc' dir='ltr'>λογιζόμενοι.</span> <span class='ocrx_word' id='word_1_304' title='bbox 1214 3912 1364 3965; x_wconf 79' lang='grc' dir='ltr'>Ἐπεὶ</span> <span class='ocrx_word' id='word_1_305' title='bbox 1390 3911 1514 3981; x_wconf 87' lang='grc' dir='ltr'>μηδ’</span> <span class='ocrx_word' id='word_1_306' title='bbox 1530 3908 1654 3978; x_wconf 70' lang='grc' dir='ltr'>ὄψις</span> <span class='ocrx_word' id='word_1_307' title='bbox 1679 3906 1849 3969; x_wconf 75' lang='grc' dir='ltr'>αὑτὰς</span> <span class='ocrx_word' id='word_1_308' title='bbox 1874 3905 1972 3957; x_wconf 79' lang='grc' dir='ltr'>πέ-</span> 
     </span>
    </p>
   </div>
   <div class='ocr_carea' id='block_1_49' title="bbox 2090 3905 3652 3993">
    <p class='ocr_par' dir='ltr' id='par_1_49' title="bbox 2090 3920 3652 3993">
     <span class='ocr_line' id='line_1_49' title="bbox 2090 3920 3652 3993; baseline 0.005 -20"><span class='ocrx_word' id='word_1_309' title='bbox 2090 3934 2237 3990; x_wconf 90' lang='lat' dir='ltr'>psus,</span> <span class='ocrx_word' id='word_1_310' title='bbox 2265 3920 2486 3975; x_wconf 87' lang='lat' dir='ltr'>minime</span> <span class='ocrx_word' id='word_1_311' title='bbox 2527 3931 2905 3992; x_wconf 87' lang='lat' dir='ltr'>supputantes,</span> <span class='ocrx_word' id='word_1_312' title='bbox 2944 3939 3067 3993; x_wconf 64' lang='lat' dir='ltr'>quae</span> <span class='ocrx_word' id='word_1_313' title='bbox 3111 3939 3177 3979; x_wconf 81' lang='lat' dir='ltr'>ex</span> <span class='ocrx_word' id='word_1_314' title='bbox 3222 3937 3401 3981; x_wconf 89' lang='lat' dir='ltr'>mente</span> <span class='ocrx_word' id='word_1_315' title='bbox 3436 3932 3652 3983; x_wconf 86' lang='lat' dir='ltr'>contin—</span> 
     </span>
    </p>
   </div>
   <div class='ocr_carea' id='block_1_50' title="bbox 412 3998 1974 4089">
    <p class='ocr_par' dir='ltr' id='par_1_50' title="bbox 412 3998 1974 4085">
     <span class='ocr_line' id='line_1_50' title="bbox 412 3998 1974 4085; baseline -0.011 -17"><span class='ocrx_word' id='word_1_316' title='bbox 412 4030 584 4085; x_wconf 84' lang='grc' dir='ltr'>φυκεν</span> <span class='ocrx_word' id='word_1_317' title='bbox 618 4014 775 4079; x_wconf 79' lang='grc' dir='ltr'>δρᾶν,</span> <span class='ocrx_word' id='word_1_318' title='bbox 824 4010 1171 4081; x_wconf 75' lang='grc' dir='ltr'>ἀπορρήτους</span> <span class='ocrx_word' id='word_1_319' title='bbox 1217 4005 1406 4069; x_wconf 73' lang='grc' dir='ltr'>οὔσας,</span> <span class='ocrx_word' id='word_1_320' title='bbox 1440 4003 1531 4057; x_wconf 77' lang='grc' dir='ltr'>καὶ</span> <span class='ocrx_word' id='word_1_321' title='bbox 1555 4002 1703 4073; x_wconf 79' lang='grc' dir='ltr'>μόνῳ</span> <span class='ocrx_word' id='word_1_322' title='bbox 1722 3998 1799 4069; x_wconf 84' lang='grc' dir='ltr'>τῷ</span> <span class='ocrx_word' id='word_1_323' title='bbox 1831 3999 1974 4065; x_wconf 83' lang='grc' dir='ltr'>ἀγω-</span> 
     </span>
    </p>
   </div>
   <div class='ocr_carea' id='block_1_51' title="bbox 2088 3998 3650 4089">
    <p class='ocr_par' dir='ltr' id='par_1_51' title="bbox 2088 4014 3650 4089">
     <span class='ocr_line' id='line_1_51' title="bbox 2088 4014 3650 4089; baseline 0.006 -23"><span class='ocrx_word' id='word_1_324' title='bbox 2088 4020 2257 4081; x_wconf 81' lang='lat' dir='ltr'>gunt,</span> <span class='ocrx_word' id='word_1_325' title='bbox 2314 4014 2496 4069; x_wconf 83' lang='lat' dir='ltr'>clades</span> <span class='ocrx_word' id='word_1_326' title='bbox 2549 4030 2614 4069; x_wconf 87' lang='lat' dir='ltr'>ac</span> <span class='ocrx_word' id='word_1_327' title='bbox 2669 4016 2967 4082; x_wconf 81' lang='lat' dir='ltr'>victorias;</span> <span class='ocrx_word' id='word_1_328' title='bbox 3022 4017 3463 4089; x_wconf 89' lang='lat' dir='ltr'>quandoquidem</span> <span class='ocrx_word' id='word_1_329' title='bbox 3504 4022 3650 4077; x_wconf 82' lang='lat' dir='ltr'>visus</span> 
     </span>
    </p>
   </div>
   <div class='ocr_carea' id='block_1_52' title="bbox 410 4090 1972 4182">
    <p class='ocr_par' dir='ltr' id='par_1_52' title="bbox 410 4090 1972 4182">
     <span class='ocr_line' id='line_1_52' title="bbox 410 4090 1972 4182; baseline -0.013 -20"><span class='ocrx_word' id='word_1_330' title='bbox 410 4108 603 4182; x_wconf 79' lang='grc' dir='ltr'>νοθέτῃ</span> <span class='ocrx_word' id='word_1_331' title='bbox 675 4103 794 4175; x_wconf 78' lang='grc' dir='ltr'>Θεῷ</span> <span class='ocrx_word' id='word_1_332' title='bbox 840 4104 935 4158; x_wconf 74' lang='grc' dir='ltr'>καὶ</span> <span class='ocrx_word' id='word_1_333' title='bbox 981 4104 1050 4172; x_wconf 82' lang='grc' dir='ltr'>τῇ</span> <span class='ocrx_word' id='word_1_334' title='bbox 1090 4100 1395 4169; x_wconf 82' lang='grc' dir='ltr'>συνειδήσει</span> <span class='ocrx_word' id='word_1_335' title='bbox 1435 4096 1529 4149; x_wconf 84' lang='grc' dir='ltr'>τοῦ</span> <span class='ocrx_word' id='word_1_336' title='bbox 1564 4090 1972 4182; x_wconf 52' lang='grc' dir='ltr'>ἀγωνιζομένου</span> 
     </span>
    </p>
   </div>
   <div class='ocr_carea' id='block_1_53' title="bbox 2085 4090 3647 4182">
    <p class='ocr_par' dir='ltr' id='par_1_53' title="bbox 2086 4103 3647 4179">
     <span class='ocr_line' id='line_1_53' title="bbox 2086 4103 3647 4179; baseline 0.006 -20"><span class='ocrx_word' id='word_1_337' title='bbox 2086 4103 2236 4174; x_wconf 85' lang='lat' dir='ltr'>ipsas</span> <span class='ocrx_word' id='word_1_338' title='bbox 2266 4105 2536 4175; x_wconf 89' lang='lat' dir='ltr'>dispicere</span> <span class='ocrx_word' id='word_1_339' title='bbox 2573 4122 2683 4161; x_wconf 91' lang='lat' dir='ltr'>non</span> <span class='ocrx_word' id='word_1_340' title='bbox 2728 4109 3035 4171; x_wconf 87' lang='lat' dir='ltr'>consuevit,</span> <span class='ocrx_word' id='word_1_341' title='bbox 3085 4125 3209 4164; x_wconf 87' lang='lat' dir='ltr'>cum</span> <span class='ocrx_word' id='word_1_342' title='bbox 3258 4112 3367 4165; x_wconf 84' lang='lat' dir='ltr'>s‘int</span> <span class='ocrx_word' id='word_1_343' title='bbox 3403 4115 3647 4179; x_wconf 43' lang='lat' dir='ltr'>occulta],</span> 
     </span>
    </p>
   </div>
   <div class='ocr_carea' id='block_1_54' title="bbox 409 4179 1971 4272">
    <p class='ocr_par' dir='ltr' id='par_1_54' title="bbox 409 4179 1971 4268">
     <span class='ocr_line' id='line_1_54' title="bbox 409 4179 1971 4268; baseline -0.013 -16"><span class='ocrx_word' id='word_1_344' title='bbox 409 4179 818 4268; x_wconf 78' lang='grc' dir='ltr'>γινωσκομένας</span> <span class='ocrx_word' id='word_1_345' title='bbox 839 4211 852 4224; x_wconf 83' lang='grc'><strong>’</strong></span> <span class='ocrx_word' id='word_1_346' title='bbox 882 4188 963 4257; x_wconf 81' lang='grc' dir='ltr'>οἷς</span> <span class='ocrx_word' id='word_1_347' title='bbox 1015 4192 1108 4245; x_wconf 76' lang='grc' dir='ltr'>καὶ</span> <span class='ocrx_word' id='word_1_348' title='bbox 1153 4189 1398 4261; x_wconf 84' lang='grc' dir='ltr'>χρησίμη</span> <span class='ocrx_word' id='word_1_349' title='bbox 1456 4186 1688 4258; x_wconf 83' lang='grc' dir='ltr'>μάλιστα</span> <span class='ocrx_word' id='word_1_350' title='bbox 1714 4186 1746 4253; x_wconf 79' lang='grc' dir='ltr'>ἡ</span> <span class='ocrx_word' id='word_1_351' title='bbox 1776 4179 1971 4250; x_wconf 82' lang='grc' dir='ltr'>γνῶσίς</span> 
     </span>
    </p>
   </div>
   <div class='ocr_carea' id='block_1_55' title="bbox 2089 4179 3651 4272">
    <p class='ocr_par' dir='ltr' id='par_1_55' title="bbox 2089 4196 3651 4272">
     <span class='ocr_line' id='line_1_55' title="bbox 2089 4196 3651 4272; baseline 0.006 -21"><span class='ocrx_word' id='word_1_352' title='bbox 2089 4206 2141 4251; x_wconf 84' lang='lat' dir='ltr'>et</span> <span class='ocrx_word' id='word_1_353' title='bbox 2178 4196 2280 4251; x_wconf 90' lang='lat' dir='ltr'>soli</span> <span class='ocrx_word' id='word_1_354' title='bbox 2309 4198 2656 4267; x_wconf 85' lang='lat' dir='ltr'>praemiorum</span> <span class='ocrx_word' id='word_1_355' title='bbox 2689 4199 3033 4254; x_wconf 86' lang='lat' dir='ltr'>distributori</span> <span class='ocrx_word' id='word_1_356' title='bbox 3081 4200 3212 4266; x_wconf 90' lang='lat' dir='ltr'>Deo,</span> <span class='ocrx_word' id='word_1_357' title='bbox 3246 4211 3408 4272; x_wconf 77' lang='lat' dir='ltr'>atque</span> <span class='ocrx_word' id='word_1_358' title='bbox 3439 4216 3651 4260; x_wconf 78' lang='lat' dir='ltr'>certan-</span> 
     </span>
    </p>
   </div>
   <div class='ocr_carea' id='block_1_56' title="bbox 412 4273 1974 4363">
    <p class='ocr_par' dir='ltr' id='par_1_56' title="bbox 412 4273 1974 4358">
     <span class='ocr_line' id='line_1_56' title="bbox 412 4273 1974 4358; baseline -0.011 -16"><span class='ocrx_word' id='word_1_359' title='bbox 412 4294 547 4354; x_wconf 79' lang='grc' dir='ltr'>ἑστι,</span> <span class='ocrx_word' id='word_1_360' title='bbox 581 4290 660 4356; x_wconf 82' lang='grc' dir='ltr'>τῷ</span> <span class='ocrx_word' id='word_1_361' title='bbox 694 4289 792 4358; x_wconf 81' lang='grc' dir='ltr'>μὲν</span> <span class='ocrx_word' id='word_1_362' title='bbox 835 4287 911 4348; x_wconf 79' lang='grc' dir='ltr'>ὡς</span> <span class='ocrx_word' id='word_1_363' title='bbox 950 4284 1199 4341; x_wconf 78' lang='grc' dir='ltr'>ἀθλοῦντι</span> <span class='ocrx_word' id='word_1_364' title='bbox 1242 4280 1513 4353; x_wconf 80' lang='grc' dir='ltr'>βραϐείων</span> <span class='ocrx_word' id='word_1_365' title='bbox 1550 4278 1646 4331; x_wconf 80' lang='grc' dir='ltr'>καὶ</span> <span class='ocrx_word' id='word_1_366' title='bbox 1699 4273 1974 4343; x_wconf 81' lang='grc' dir='ltr'>στεφάνων</span> 
     </span>
    </p>
   </div>
   <div class='ocr_carea' id='block_1_57' title="bbox 2092 4273 3654 4363">
    <p class='ocr_par' dir='ltr' id='par_1_57' title="bbox 2092 4289 3654 4363">
     <span class='ocr_line' id='line_1_57' title="bbox 2092 4289 3654 4363; baseline 0.008 -20"><span class='ocrx_word' id='word_1_367' title='bbox 2092 4289 2159 4343; x_wconf 92' lang='lat' dir='ltr'>tis</span> <span class='ocrx_word' id='word_1_368' title='bbox 2193 4290 2541 4345; x_wconf 71' lang='lat' dir='ltr'>conscientia:</span> <span class='ocrx_word' id='word_1_369' title='bbox 2578 4293 2828 4361; x_wconf 64' lang='lat' dir='ltr'>cognitas,</span> <span class='ocrx_word' id='word_1_370' title='bbox 2860 4295 3060 4363; x_wconf 88' lang='lat' dir='ltr'>quibus</span> <span class='ocrx_word' id='word_1_371' title='bbox 3087 4297 3253 4350; x_wconf 90' lang='lat' dir='ltr'>etiam</span> <span class='ocrx_word' id='word_1_372' title='bbox 3290 4300 3524 4353; x_wconf 78' lang='lat' dir='ltr'>maxime</span> <span class='ocrx_word' id='word_1_373' title='bbox 3555 4305 3654 4357; x_wconf 65' lang='lat' dir='ltr'>nti-</span> 
     </span>
    </p>
   </div>
   <div class='ocr_carea' id='block_1_58' title="bbox 411 4363 1973 4463">
    <p class='ocr_par' dir='ltr' id='par_1_58' title="bbox 411 4363 1973 4463">
     <span class='ocr_line' id='line_1_58' title="bbox 411 4363 1973 4463; baseline -0.013 -27"><span class='ocrx_word' id='word_1_374' title='bbox 411 4382 596 4436; x_wconf 72' lang='grc' dir='ltr'>ἕνεκεν</span> <span class='ocrx_word' id='word_1_375' title='bbox 620 4398 631 4410; x_wconf 91' lang='grc'>·</span> <span class='ocrx_word' id='word_1_376' title='bbox 665 4379 742 4448; x_wconf 83' lang='grc' dir='ltr'>τῷ</span> <span class='ocrx_word' id='word_1_377' title='bbox 780 4379 838 4433; x_wconf 81' lang='grc' dir='ltr'>δὲ</span> <span class='ocrx_word' id='word_1_378' title='bbox 875 4378 950 4439; x_wconf 84' lang='grc' dir='ltr'>ὡς</span> <span class='ocrx_word' id='word_1_379' title='bbox 972 4374 1236 4446; x_wconf 81' lang='grc' dir='ltr'>ἀθλοθέτῃ</span> <span class='ocrx_word' id='word_1_380' title='bbox 1268 4374 1365 4425; x_wconf 80' lang='grc' dir='ltr'>καὶ</span> <span class='ocrx_word' id='word_1_381' title='bbox 1411 4368 1686 4463; x_wconf 68' lang='grc' dir='ltr'>διανέμειν</span> <span class='ocrx_word' id='word_1_382' title='bbox 1732 4363 1973 4463; x_wconf 54' lang='grc' dir='ltr'>μέλλοντι</span> 
     </span>
    </p>
   </div>
   <div class='ocr_carea' id='block_1_59' title="bbox 2093 4363 3655 4463">
    <p class='ocr_par' dir='ltr' id='par_1_59' title="bbox 2093 4380 3655 4463">
     <span class='ocr_line' id='line_1_59' title="bbox 2093 4380 3655 4463; baseline 0.01 -30"><span class='ocrx_word' id='word_1_383' title='bbox 2093 4380 2151 4435; x_wconf 88' lang='lat' dir='ltr'>lis</span> <span class='ocrx_word' id='word_1_384' title='bbox 2194 4390 2279 4437; x_wconf 84' lang='lat' dir='ltr'>est</span> <span class='ocrx_word' id='word_1_385' title='bbox 2320 4383 2581 4454; x_wconf 81' lang='lat' dir='ltr'>cognitio,</span> <span class='ocrx_word' id='word_1_386' title='bbox 2615 4384 2705 4437; x_wconf 90' lang='lat' dir='ltr'>uni</span> <span class='ocrx_word' id='word_1_387' title='bbox 2751 4384 2971 4454; x_wconf 90' lang='lat' dir='ltr'>quidem</span> <span class='ocrx_word' id='word_1_388' title='bbox 3019 4387 3094 4441; x_wconf 90' lang='lat' dir='ltr'>uti</span> <span class='ocrx_word' id='word_1_389' title='bbox 3137 4389 3457 4456; x_wconf 87' lang='lat' dir='ltr'>decertanti,</span> <span class='ocrx_word' id='word_1_390' title='bbox 3489 4393 3655 4463; x_wconf 76' lang='lat' dir='ltr'>37S</span> 
     </span>
    </p>
   </div>
   <div class='ocr_carea' id='block_1_60' title="bbox 411 4455 1973 4546">
    <p class='ocr_par' dir='ltr' id='par_1_60' title="bbox 411 4455 1973 4537">
     <span class='ocr_line' id='line_1_60' title="bbox 411 4455 1973 4537; baseline -0.012 -14"><span class='ocrx_word' id='word_1_391' title='bbox 411 4471 507 4533; x_wconf 82' lang='grc' dir='ltr'>τὰς</span> <span class='ocrx_word' id='word_1_392' title='bbox 530 4468 764 4537; x_wconf 70' lang='grc' dir='ltr'>ἀμοιϐὰς</span> <span class='ocrx_word' id='word_1_393' title='bbox 830 4466 938 4520; x_wconf 81' lang='grc' dir='ltr'>τῶν</span> <span class='ocrx_word' id='word_1_394' title='bbox 989 4465 1165 4517; x_wconf 85' lang='grc' dir='ltr'>πόνων</span> <span class='ocrx_word' id='word_1_395' title='bbox 1210 4460 1387 4527; x_wconf 80' lang='grc' dir='ltr'>ἀξίας.</span> <span class='ocrx_word' id='word_1_396' title='bbox 1436 4459 1588 4529; x_wconf 75' lang='grc' dir='ltr'>Ἐμοὶ</span> <span class='ocrx_word' id='word_1_397' title='bbox 1636 4455 1887 4510; x_wconf 79' lang='grc' dir='ltr'>δοκοῦσιν</span> <span class='ocrx_word' id='word_1_398' title='bbox 1931 4455 1973 4505; x_wconf 87' lang='grc' dir='ltr'>οξ</span> 
     </span>
    </p>
   </div>
   <div class='ocr_carea' id='block_1_61' title="bbox 2091 4455 3653 4546">
    <p class='ocr_par' dir='ltr' id='par_1_61' title="bbox 2091 4473 3653 4546">
     <span class='ocr_line' id='line_1_61' title="bbox 2091 4473 3653 4546; baseline 0.007 -22"><span class='ocrx_word' id='word_1_399' title='bbox 2091 4473 2433 4541; x_wconf 71' lang='lat' dir='ltr'>prtemiorum</span> <span class='ocrx_word' id='word_1_400' title='bbox 2467 4482 2520 4528; x_wconf 80' lang='lat' dir='ltr'>et</span> <span class='ocrx_word' id='word_1_401' title='bbox 2548 4489 2875 4530; x_wconf 88' lang='lat' dir='ltr'>coronarum</span> <span class='ocrx_word' id='word_1_402' title='bbox 2926 4478 3118 4546; x_wconf 86' lang='lat' dir='ltr'>gratia,</span> <span class='ocrx_word' id='word_1_403' title='bbox 3169 4480 3323 4533; x_wconf 85' lang='lat' dir='ltr'>alteri</span> <span class='ocrx_word' id='word_1_404' title='bbox 3368 4497 3495 4534; x_wconf 84' lang='lat' dir='ltr'>vero</span> <span class='ocrx_word' id='word_1_405' title='bbox 3535 4494 3653 4535; x_wconf 80' lang='lat' dir='ltr'>tan-</span> 
     </span>
    </p>
   </div>
   <div class='ocr_carea' id='block_1_62' title="bbox 411 4547 1973 4641">
    <p class='ocr_par' dir='ltr' id='par_1_62' title="bbox 411 4547 1973 4630">
     <span class='ocr_line' id='line_1_62' title="bbox 411 4547 1973 4630; baseline -0.011 -16"><span class='ocrx_word' id='word_1_406' title='bbox 411 4562 643 4614; x_wconf 77' lang='grc' dir='ltr'>τοιοῦτοι</span> <span class='ocrx_word' id='word_1_407' title='bbox 672 4557 858 4630; x_wconf 71' lang='grc' dir='ltr'>κριταὶ</span> <span class='ocrx_word' id='word_1_408' title='bbox 880 4554 1057 4627; x_wconf 75' lang='grc' dir='ltr'>ψυχὴν</span> <span class='ocrx_word' id='word_1_409' title='bbox 1083 4554 1182 4625; x_wconf 80' lang='grc' dir='ltr'>μὲν</span> <span class='ocrx_word' id='word_1_410' title='bbox 1204 4556 1315 4616; x_wconf 83' lang='grc' dir='ltr'>τοῖς</span> <span class='ocrx_word' id='word_1_411' title='bbox 1348 4550 1669 4605; x_wconf 86' lang='grc' dir='ltr'>λανθάνουσι</span> <span class='ocrx_word' id='word_1_412' title='bbox 1703 4547 1973 4601; x_wconf 85' lang='grc' dir='ltr'>καλλωπι-</span> 
     </span>
    </p>
   </div>
   <div class='ocr_carea' id='block_1_63' title="bbox 2089 4547 3651 4641">
    <p class='ocr_par' dir='ltr' id='par_1_63' title="bbox 2089 4567 3651 4641">
     <span class='ocr_line' id='line_1_63' title="bbox 2089 4567 3651 4641; baseline 0.003 -23"><span class='ocrx_word' id='word_1_413' title='bbox 2089 4580 2247 4635; x_wconf 88' lang='lat' dir='ltr'>quam</span> <span class='ocrx_word' id='word_1_414' title='bbox 2308 4567 2625 4621; x_wconf 87' lang='lat' dir='ltr'>certaminis</span> <span class='ocrx_word' id='word_1_415' title='bbox 2667 4568 2906 4636; x_wconf 52' lang='lat' dir='ltr'>prasidi,</span> <span class='ocrx_word' id='word_1_416' title='bbox 2954 4582 3017 4622; x_wconf 88' lang='lat' dir='ltr'>ac</span> <span class='ocrx_word' id='word_1_417' title='bbox 3064 4569 3308 4622; x_wconf 88' lang='lat' dir='ltr'>laborum</span> <span class='ocrx_word' id='word_1_418' title='bbox 3352 4572 3651 4641; x_wconf 74' lang='lat' dir='ltr'>condignas</span> 
     </span>
    </p>
   </div>
   <div class='ocr_carea' id='block_1_64' title="bbox 415 4636 1977 4725">
    <p class='ocr_par' dir='ltr' id='par_1_64' title="bbox 415 4636 1977 4720">
     <span class='ocr_line' id='line_1_64' title="bbox 415 4636 1977 4720; baseline -0.01 -18"><span class='ocrx_word' id='word_1_419' title='bbox 415 4649 647 4720; x_wconf 77' lang='grc' dir='ltr'>ζομένην</span> <span class='ocrx_word' id='word_1_420' title='bbox 672 4647 854 4711; x_wconf 85' lang='grc' dir='ltr'>καλοῖς</span> <span class='ocrx_word' id='word_1_421' title='bbox 882 4648 1122 4699; x_wconf 70' lang='grc' dir='ltr'>ἐπαινεῖν</span> <span class='ocrx_word' id='word_1_422' title='bbox 1147 4644 1347 4713; x_wconf 77' lang='grc' dir='ltr'>ἥκιστα</span> <span class='ocrx_word' id='word_1_423' title='bbox 1375 4659 1387 4673; x_wconf 80' lang='lat'>&#39;</span> <span class='ocrx_word' id='word_1_424' title='bbox 1420 4641 1579 4710; x_wconf 84' lang='grc' dir='ltr'>σῶμα</span> <span class='ocrx_word' id='word_1_425' title='bbox 1600 4640 1657 4692; x_wconf 76' lang='grc' dir='ltr'>δὲ</span> <span class='ocrx_word' id='word_1_426' title='bbox 1679 4636 1977 4706; x_wconf 75' lang='grc' dir='ltr'>θαυμάζειν</span> 
     </span>
    </p>
   </div>
   <div class='ocr_carea' id='block_1_65' title="bbox 2087 4636 3649 4725">
    <p class='ocr_par' dir='ltr' id='par_1_65' title="bbox 2088 4636 3649 4725">
     <span class='ocr_line' id='line_1_65' title="bbox 2088 4636 3649 4725; baseline 0.004 -15"><span class='ocrx_word' id='word_1_427' title='bbox 2088 4657 2450 4712; x_wconf 88' lang='lat' dir='ltr'>distributuro</span> <span class='ocrx_word' id='word_1_428' title='bbox 2480 4661 2779 4713; x_wconf 85' lang='lat' dir='ltr'>mercedes.</span> <span class='ocrx_word' id='word_1_429' title='bbox 2813 4658 2943 4713; x_wconf 85' lang='lat' dir='ltr'>Mihi</span> <span class='ocrx_word' id='word_1_430' title='bbox 2982 4660 3234 4714; x_wconf 87' lang='lat' dir='ltr'>videntur</span> <span class='ocrx_word' id='word_1_431' title='bbox 3272 4636 3649 4725; x_wconf 71' lang='lat' dir='ltr'>hujuscemodi</span> 
     </span>
    </p>
   </div>
   <div class='ocr_carea' id='block_1_66' title="bbox 414 4730 1976 4818">
    <p class='ocr_par' dir='ltr' id='par_1_66' title="bbox 414 4730 1976 4810">
     <span class='ocr_line' id='line_1_66' title="bbox 414 4730 1976 4810; baseline -0.01 -17"><span class='ocrx_word' id='word_1_432' title='bbox 414 4741 627 4809; x_wconf 83' lang='grc' dir='ltr'>λάμπον</span> <span class='ocrx_word' id='word_1_433' title='bbox 647 4742 712 4810; x_wconf 83' lang='grc' dir='ltr'>τῇ</span> <span class='ocrx_word' id='word_1_434' title='bbox 742 4738 860 4809; x_wconf 81' lang='grc' dir='ltr'>ὥρᾳ</span> <span class='ocrx_word' id='word_1_435' title='bbox 891 4738 984 4807; x_wconf 77' lang='grc' dir='ltr'>τῆς</span> <span class='ocrx_word' id='word_1_436' title='bbox 1019 4736 1195 4805; x_wconf 70' lang='grc' dir='ltr'>ὂψεως</span> <span class='ocrx_word' id='word_1_437' title='bbox 1222 4751 1237 4766; x_wconf 88' lang='grc'><strong>·</strong></span> <span class='ocrx_word' id='word_1_438' title='bbox 1288 4735 1382 4788; x_wconf 76' lang='grc' dir='ltr'>καὶ</span> <span class='ocrx_word' id='word_1_439' title='bbox 1424 4730 1671 4799; x_wconf 85' lang='grc' dir='ltr'>ποικίλην</span> <span class='ocrx_word' id='word_1_440' title='bbox 1714 4730 1976 4798; x_wconf 71' lang='grc' dir='ltr'>εὐφημεῖν</span> 
     </span>
    </p>
   </div>
   <div class='ocr_carea' id='block_1_67' title="bbox 2090 4730 3652 4818">
    <p class='ocr_par' dir='ltr' id='par_1_67' title="bbox 2090 4748 3652 4818">
     <span class='ocr_line' id='line_1_67' title="bbox 2090 4748 3652 4818; baseline 0.004 -17"><span class='ocrx_word' id='word_1_441' title='bbox 2090 4748 2321 4815; x_wconf 84' lang='lat' dir='ltr'>iudices,</span> <span class='ocrx_word' id='word_1_442' title='bbox 2349 4750 2593 4803; x_wconf 89' lang='lat' dir='ltr'>animam</span> <span class='ocrx_word' id='word_1_443' title='bbox 2634 4751 2851 4818; x_wconf 84' lang='lat' dir='ltr'>quidem</span> <span class='ocrx_word' id='word_1_444' title='bbox 2883 4752 3180 4806; x_wconf 88' lang='lat' dir='ltr'>latentibus</span> <span class='ocrx_word' id='word_1_445' title='bbox 3224 4752 3379 4805; x_wconf 88' lang='lat' dir='ltr'>bonis</span> <span class='ocrx_word' id='word_1_446' title='bbox 3419 4768 3652 4817; x_wconf 75' lang='lat' dir='ltr'>exorna-</span> 
     </span>
    </p>
   </div>
   <div class='ocr_carea' id='block_1_68' title="bbox 414 4819 1976 4909">
    <p class='ocr_par' dir='ltr' id='par_1_68' title="bbox 414 4819 1975 4902">
     <span class='ocr_line' id='line_1_68' title="bbox 414 4819 1975 4902; baseline -0.009 -17"><span class='ocrx_word' id='word_1_447' title='bbox 414 4832 637 4902; x_wconf 74' lang='grc' dir='ltr'>ἐσθῆτα,</span> <span class='ocrx_word' id='word_1_448' title='bbox 677 4832 781 4901; x_wconf 86' lang='grc' dir='ltr'>πρὸ</span> <span class='ocrx_word' id='word_1_449' title='bbox 817 4830 915 4898; x_wconf 76' lang='grc' dir='ltr'>τῆς</span> <span class='ocrx_word' id='word_1_450' title='bbox 962 4827 1148 4893; x_wconf 62' lang='lat' dir='ltr'>ebitat;</span> <span class='ocrx_word' id='word_1_451' title='bbox 1181 4825 1275 4878; x_wconf 76' lang='grc' dir='ltr'>τοῦ</span> <span class='ocrx_word' id='word_1_452' title='bbox 1323 4822 1525 4892; x_wconf 82' lang='grc' dir='ltr'>ταύτην</span> <span class='ocrx_word' id='word_1_453' title='bbox 1551 4819 1938 4890; x_wconf 78' lang='grc' dir='ltr'>περικειμένου</span> <span class='ocrx_word' id='word_1_454' title='bbox 1962 4832 1975 4846; x_wconf 83' lang='grc'><em>’</em></span> 
     </span>
    </p>
   </div>
   <div class='ocr_carea' id='block_1_69' title="bbox 2091 4819 3653 4909">
    <p class='ocr_par' dir='ltr' id='par_1_69' title="bbox 2091 4839 3653 4909">
     <span class='ocr_line' id='line_1_69' title="bbox 2091 4839 3653 4909; baseline 0.003 -17"><span class='ocrx_word' id='word_1_455' title='bbox 2091 4847 2197 4892; x_wconf 88' lang='lat' dir='ltr'>tam</span> <span class='ocrx_word' id='word_1_456' title='bbox 2231 4839 2457 4893; x_wconf 89' lang='lat' dir='ltr'>minimc</span> <span class='ocrx_word' id='word_1_457' title='bbox 2494 4840 2795 4903; x_wconf 84' lang='lat' dir='ltr'>dilaudarc,</span> <span class='ocrx_word' id='word_1_458' title='bbox 2828 4856 3028 4909; x_wconf 87' lang='lat' dir='ltr'>corpus</span> <span class='ocrx_word' id='word_1_459' title='bbox 3066 4851 3246 4896; x_wconf 86' lang='lat' dir='ltr'>autem</span> <span class='ocrx_word' id='word_1_460' title='bbox 3278 4843 3531 4896; x_wconf 84' lang='lat' dir='ltr'>demirari</span> <span class='ocrx_word' id='word_1_461' title='bbox 3575 4846 3653 4898; x_wconf 75' lang='lat' dir='ltr'>ef-</span> 
     </span>
    </p>
   </div>
   <div class='ocr_carea' id='block_1_70' title="bbox 414 4907 1976 5003">
    <p class='ocr_par' dir='ltr' id='par_1_70' title="bbox 414 4907 1976 4992">
     <span class='ocr_line' id='line_1_70' title="bbox 414 4907 1976 4992; baseline -0.011 -15"><span class='ocrx_word' id='word_1_462' title='bbox 414 4925 494 4977; x_wconf 80' lang='grc' dir='ltr'>ὃτι</span> <span class='ocrx_word' id='word_1_463' title='bbox 528 4926 636 4986; x_wconf 84' lang='grc' dir='ltr'>τοῖς</span> <span class='ocrx_word' id='word_1_464' title='bbox 665 4921 959 4992; x_wconf 81' lang='grc' dir='ltr'>ὁρωμένοις</span> <span class='ocrx_word' id='word_1_465' title='bbox 984 4918 1297 4972; x_wconf 81' lang='grc' dir='ltr'>ἀπατῶνται</span> <span class='ocrx_word' id='word_1_466' title='bbox 1330 4914 1427 4984; x_wconf 82' lang='grc' dir='ltr'>τὴν</span> <span class='ocrx_word' id='word_1_467' title='bbox 1461 4911 1732 4982; x_wconf 81' lang='grc' dir='ltr'>αἴσθησιν,</span> <span class='ocrx_word' id='word_1_468' title='bbox 1767 4912 1833 4978; x_wconf 82' lang='grc' dir='ltr'>τῇ</span> <span class='ocrx_word' id='word_1_469' title='bbox 1879 4907 1976 4977; x_wconf 76' lang='grc' dir='ltr'>φύ-</span> 
     </span>
    </p>
   </div>
   <div class='ocr_carea' id='block_1_71' title="bbox 2089 4907 3651 5003">
    <p class='ocr_par' dir='ltr' id='par_1_71' title="bbox 2089 4929 3651 5003">
     <span class='ocr_line' id='line_1_71' title="bbox 2089 4929 3651 5003; baseline 0.005 -21"><span class='ocrx_word' id='word_1_470' title='bbox 2089 4929 2300 4999; x_wconf 83' lang='lat' dir='ltr'>fulgens</span> <span class='ocrx_word' id='word_1_471' title='bbox 2356 4931 2669 4999; x_wconf 74' lang='lat' dir='ltr'>aspectaltili</span> <span class='ocrx_word' id='word_1_472' title='bbox 2721 4931 2919 4993; x_wconf 83' lang='lat' dir='ltr'>forma.</span> <span class='ocrx_word' id='word_1_473' title='bbox 2966 4943 3020 4987; x_wconf 86' lang='lat' dir='ltr'>et</span> <span class='ocrx_word' id='word_1_474' title='bbox 3064 4934 3390 5003; x_wconf 77' lang='lat' dir='ltr'>variegatam</span> <span class='ocrx_word' id='word_1_475' title='bbox 3451 4947 3651 4990; x_wconf 84' lang='lat' dir='ltr'>vestem</span> 
     </span>
    </p>
   </div>
   <div class='ocr_carea' id='block_1_72' title="bbox 418 5001 1980 5097">
    <p class='ocr_par' dir='ltr' id='par_1_72' title="bbox 418 5001 1980 5082">
     <span class='ocr_line' id='line_1_72' title="bbox 418 5001 1980 5082; baseline -0.008 -15"><span class='ocrx_word' id='word_1_476' title='bbox 418 5031 499 5066; x_wconf 86' lang='grc' dir='ltr'>σει</span> <span class='ocrx_word' id='word_1_477' title='bbox 530 5014 640 5067; x_wconf 81' lang='grc' dir='ltr'>τῶν</span> <span class='ocrx_word' id='word_1_478' title='bbox 675 5013 1015 5082; x_wconf 84' lang='grc' dir='ltr'>πραγμάτων</span> <span class='ocrx_word' id='word_1_479' title='bbox 1061 5010 1353 5079; x_wconf 73' lang='grc' dir='ltr'>ἐπιστῆσαι</span> <span class='ocrx_word' id='word_1_480' title='bbox 1398 5008 1488 5059; x_wconf 76' lang='grc' dir='ltr'>τὸν</span> <span class='ocrx_word' id='word_1_481' title='bbox 1517 5004 1641 5058; x_wconf 74' lang='grc' dir='ltr'>νοῦν</span> <span class='ocrx_word' id='word_1_482' title='bbox 1691 5003 1750 5056; x_wconf 76' lang='grc' dir='ltr'>οὑ</span> <span class='ocrx_word' id='word_1_483' title='bbox 1800 5001 1980 5073; x_wconf 86' lang='grc' dir='ltr'>βουλό-</span> 
     </span>
    </p>
   </div>
   <div class='ocr_carea' id='block_1_73' title="bbox 2090 5001 3652 5097">
    <p class='ocr_par' dir='ltr' id='par_1_73' title="bbox 2090 5023 3652 5097">
     <span class='ocr_line' id='line_1_73' title="bbox 2090 5023 3652 5097; baseline 0.004 -22"><span class='ocrx_word' id='word_1_484' title='bbox 2090 5023 2368 5077; x_wconf 75' lang='lat' dir='ltr'>celebrare</span> <span class='ocrx_word' id='word_1_485' title='bbox 2418 5038 2527 5091; x_wconf 76' lang='lat' dir='ltr'>pne</span> <span class='ocrx_word' id='word_1_486' title='bbox 2575 5023 2716 5076; x_wconf 86' lang='lat' dir='ltr'>bOna</span> <span class='ocrx_word' id='word_1_487' title='bbox 2753 5024 2996 5092; x_wconf 72' lang='lat' dir='ltr'>cet&#39;poris</span> <span class='ocrx_word' id='word_1_488' title='bbox 3038 5025 3357 5079; x_wconf 87' lang='lat' dir='ltr'>habitudine</span> <span class='ocrx_word' id='word_1_489' title='bbox 3405 5029 3527 5093; x_wconf 87' lang='lat' dir='ltr'>viri,</span> <span class='ocrx_word' id='word_1_490' title='bbox 3562 5032 3652 5097; x_wconf 88' lang='lat' dir='ltr'>qui</span> 
     </span>
    </p>
   </div>
   <div class='ocr_carea' id='block_1_74' title="bbox 420 5112 3657 5182">
    <p class='ocr_par' dir='ltr' id='par_1_74' title="bbox 420 5112 3657 5182">
     <span class='ocr_line' id='line_1_74' title="bbox 420 5112 3657 5182; baseline 0.005 -23"><span class='ocrx_word' id='word_1_491' title='bbox 420 5122 589 5176; x_wconf 80' lang='grc' dir='ltr'>μενοι.</span> <span class='ocrx_word' id='word_1_492' title='bbox 2089 5123 2171 5169; x_wconf 87' lang='lat' dir='ltr'>est</span> <span class='ocrx_word' id='word_1_493' title='bbox 2236 5114 2349 5182; x_wconf 83' lang='lat' dir='ltr'>ipsa</span> <span class='ocrx_word' id='word_1_494' title='bbox 2408 5112 2662 5179; x_wconf 87' lang='lat' dir='ltr'>indutus;</span> <span class='ocrx_word' id='word_1_495' title='bbox 2722 5113 2997 5182; x_wconf 91' lang='lat' dir='ltr'>decipiunt</span> <span class='ocrx_word' id='word_1_496' title='bbox 3048 5115 3192 5169; x_wconf 90' lang='lat' dir='ltr'>enim</span> <span class='ocrx_word' id='word_1_497' title='bbox 3239 5132 3458 5171; x_wconf 87' lang='lat' dir='ltr'>sensum</span> <span class='ocrx_word' id='word_1_498' title='bbox 3525 5120 3657 5174; x_wconf 76' lang='lat' dir='ltr'>visi-</span> 
     </span>
    </p>
   </div>
   <div class='ocr_carea' id='block_1_75' title="bbox 2089 5206 3655 5268">
    <p class='ocr_par' dir='ltr' id='par_1_75' title="bbox 2089 5206 3655 5268">
     <span class='ocr_line' id='line_1_75' title="bbox 2089 5206 3655 5268; baseline 0.004 -8"><span class='ocrx_word' id='word_1_499' title='bbox 2089 5206 2332 5268; x_wconf 87' lang='lat' dir='ltr'>bilibus,</span> <span class='ocrx_word' id='word_1_500' title='bbox 2408 5215 2614 5260; x_wconf 61' lang='lat' dir='ltr'>natura:</span> <span class='ocrx_word' id='word_1_501' title='bbox 2682 5220 2861 5261; x_wconf 89' lang='lat' dir='ltr'>rerum</span> <span class='ocrx_word' id='word_1_502' title='bbox 2925 5206 3166 5260; x_wconf 88' lang='lat' dir='ltr'>animum</span> <span class='ocrx_word' id='word_1_503' title='bbox 3233 5208 3491 5265; x_wconf 89' lang='lat' dir='ltr'>adhibere</span> <span class='ocrx_word' id='word_1_504' title='bbox 3556 5227 3655 5266; x_wconf 86' lang='lat' dir='ltr'>no-</span> 
     </span>
    </p>
   </div>
   <div class='ocr_carea' id='block_1_76' title="bbox 2088 5297 2283 5351">
    <p class='ocr_par' dir='ltr' id='par_1_76' title="bbox 2088 5297 2283 5351">
     <span class='ocr_line' id='line_1_76' title="bbox 2088 5297 2283 5351; baseline 0 -1"><span class='ocrx_word' id='word_1_505' title='bbox 2088 5297 2283 5351; x_wconf 87' lang='lat' dir='ltr'>lentes.</span> 
     </span>
    </p>
   </div>
   <div class='ocr_carea' id='block_1_77' title="bbox 1006 5454 2568 5512">
    <p class='ocr_par' dir='ltr' id='par_1_77' title="bbox 1006 5454 1361 5510">
     <span class='ocr_line' id='line_1_77' title="bbox 1006 5454 1361 5510; baseline -0.003 -3"><span class='ocrx_word' id='word_1_506' title='bbox 1006 5455 1255 5510; x_wconf 79' lang='grc' dir='ltr'>ΚΕΦΛΛ.</span> <span class='ocrx_word' id='word_1_507' title='bbox 1288 5454 1361 5506; x_wconf 81' lang='lat' dir='ltr'>B&#39;.</span> 
     </span>
    </p>
   </div>
   <div class='ocr_carea' id='block_1_78' title="bbox 1474 5454 3036 5512">
    <p class='ocr_par' dir='ltr' id='par_1_78' title="bbox 2711 5456 3036 5512">
     <span class='ocr_line' id='line_1_78' title="bbox 2711 5456 3036 5512; baseline -0.003 -1"><span class='ocrx_word' id='word_1_508' title='bbox 2711 5456 2938 5512; x_wconf 80' lang='lat' dir='ltr'>CAPUT</span> <span class='ocrx_word' id='word_1_509' title='bbox 2980 5457 3036 5511; x_wconf 90' lang='lat' dir='ltr'>Il.</span> 
     </span>
    </p>
   </div>
   <div class='ocr_carea' id='block_1_79' title="bbox 502 5543 2064 5621">
    <p class='ocr_par' dir='ltr' id='par_1_79' title="bbox 502 5543 1983 5618">
     <span class='ocr_line' id='line_1_79' title="bbox 502 5543 1983 5618; baseline -0.003 -16"><span class='ocrx_word' id='word_1_510' title='bbox 502 5549 589 5612; x_wconf 81' lang='grc' dir='ltr'>Ὠς</span> <span class='ocrx_word' id='word_1_511' title='bbox 624 5547 731 5618; x_wconf 80' lang='grc' dir='ltr'>γὰρ</span> <span class='ocrx_word' id='word_1_512' title='bbox 761 5545 820 5599; x_wconf 83' lang='grc' dir='ltr'>τὸ</span> <span class='ocrx_word' id='word_1_513' title='bbox 848 5545 954 5599; x_wconf 72' lang='grc' dir='ltr'>ἔσω</span> <span class='ocrx_word' id='word_1_514' title='bbox 982 5544 1076 5598; x_wconf 79' lang='grc' dir='ltr'>τοῦ</span> <span class='ocrx_word' id='word_1_515' title='bbox 1108 5544 1367 5615; x_wconf 76' lang='grc' dir='ltr'>ποτηρίου</span> <span class='ocrx_word' id='word_1_516' title='bbox 1400 5543 1535 5617; x_wconf 75' lang='grc' dir='ltr'>πρὸς</span> <span class='ocrx_word' id='word_1_517' title='bbox 1560 5544 1751 5616; x_wconf 66' lang='grc' dir='ltr'>τέρψιν</span> <span class='ocrx_word' id='word_1_518' title='bbox 1781 5545 1875 5597; x_wconf 83' lang='grc' dir='ltr'>τοῦ</span> <span class='ocrx_word' id='word_1_519' title='bbox 1897 5548 1983 5599; x_wconf 79' lang='grc' dir='ltr'>πί-</span> 
     </span>
    </p>
   </div>
   <div class='ocr_carea' id='block_1_80' title="bbox 2094 5543 3656 5621">
    <p class='ocr_par' dir='ltr' id='par_1_80' title="bbox 2163 5548 3656 5621">
     <span class='ocr_line' id='line_1_80' title="bbox 2163 5548 3656 5621; baseline 0.003 -16"><span class='ocrx_word' id='word_1_520' title='bbox 2163 5548 2317 5605; x_wconf 86' lang='lat' dir='ltr'>Sicut</span> <span class='ocrx_word' id='word_1_521' title='bbox 2342 5550 2564 5613; x_wconf 84' lang='lat' dir='ltr'>etenim,</span> <span class='ocrx_word' id='word_1_522' title='bbox 2600 5550 2747 5620; x_wconf 88' lang='lat' dir='ltr'>quod</span> <span class='ocrx_word' id='word_1_523' title='bbox 2797 5551 2935 5605; x_wconf 86' lang='lat' dir='ltr'>intra</span> <span class='ocrx_word' id='word_1_524' title='bbox 2985 5553 3240 5621; x_wconf 83' lang='lat' dir='ltr'>poculum</span> <span class='ocrx_word' id='word_1_525' title='bbox 3282 5561 3365 5607; x_wconf 88' lang='lat' dir='ltr'>est</span> <span class='ocrx_word' id='word_1_526' title='bbox 3404 5552 3469 5607; x_wconf 87' lang='lat' dir='ltr'>ad</span> <span class='ocrx_word' id='word_1_527' title='bbox 3501 5554 3656 5609; x_wconf 86' lang='lat' dir='ltr'>volu-</span> 
     </span>
    </p>
   </div>
   <div class='ocr_carea' id='block_1_81' title="bbox 414 5631 1976 5719">
    <p class='ocr_par' dir='ltr' id='par_1_81' title="bbox 414 5631 1976 5709">
     <span class='ocr_line' id='line_1_81' title="bbox 414 5631 1976 5709; baseline -0.002 -13"><span class='ocrx_word' id='word_1_528' title='bbox 414 5659 598 5706; x_wconf 85' lang='grc' dir='ltr'>νοντος</span> <span class='ocrx_word' id='word_1_529' title='bbox 631 5642 712 5695; x_wconf 81' lang='grc' dir='ltr'>δεῖ</span> <span class='ocrx_word' id='word_1_530' title='bbox 744 5638 959 5702; x_wconf 83' lang='grc' dir='ltr'>πάντως</span> <span class='ocrx_word' id='word_1_531' title='bbox 1002 5637 1240 5706; x_wconf 76' lang='grc' dir='ltr'>καθαρὸν</span> <span class='ocrx_word' id='word_1_532' title='bbox 1268 5631 1425 5701; x_wconf 72' lang='grc' dir='ltr'>εἶναι,</span> <span class='ocrx_word' id='word_1_533' title='bbox 1456 5635 1597 5691; x_wconf 78' lang='grc' dir='ltr'>οὕτω</span> <span class='ocrx_word' id='word_1_534' title='bbox 1629 5640 1727 5709; x_wconf 78' lang='grc' dir='ltr'>τὴν</span> <span class='ocrx_word' id='word_1_535' title='bbox 1758 5638 1976 5709; x_wconf 70' lang='grc' dir='ltr'>καρδίαν</span> 
     </span>
    </p>
   </div>
   <div class='ocr_carea' id='block_1_82' title="bbox 2094 5631 3656 5719">
    <p class='ocr_par' dir='ltr' id='par_1_82' title="bbox 2094 5643 3656 5719">
     <span class='ocr_line' id='line_1_82' title="bbox 2094 5643 3656 5719; baseline 0.006 -23"><span class='ocrx_word' id='word_1_536' title='bbox 2094 5652 2291 5712; x_wconf 83' lang='lat' dir='ltr'>ptatem</span> <span class='ocrx_word' id='word_1_537' title='bbox 2318 5643 2572 5710; x_wconf 86' lang='lat' dir='ltr'>hibentis,</span> <span class='ocrx_word' id='word_1_538' title='bbox 2592 5651 2804 5714; x_wconf 89' lang='lat' dir='ltr'>oportet</span> <span class='ocrx_word' id='word_1_539' title='bbox 2822 5646 3044 5700; x_wconf 85' lang='lat' dir='ltr'>omnino</span> <span class='ocrx_word' id='word_1_540' title='bbox 3070 5659 3263 5716; x_wconf 85' lang='lat' dir='ltr'>purum</span> <span class='ocrx_word' id='word_1_541' title='bbox 3296 5659 3436 5719; x_wconf 86' lang='lat' dir='ltr'>esse,</span> <span class='ocrx_word' id='word_1_542' title='bbox 3461 5646 3535 5704; x_wconf 80' lang='lat' dir='ltr'>ita</span> <span class='ocrx_word' id='word_1_543' title='bbox 3560 5660 3656 5707; x_wconf 78' lang='lat' dir='ltr'>cor</span> 
     </span>
    </p>
   </div>
  </div>
