3956 6206
379 240 520 303 1063

1879 231 1941 290 S.
1967 229 2130 288 NILI

3481 235 3623 296 1061

374 363 491 419 prae
513 359 740 415 corpore
769 344 967 397 habere
996 342 1143 394 nullo
1173 341 1336 394 modo
1383 341 1726 409 inquinatum
1764 337 1940 401 decet,

2061 339 2152 410 πρὸ
2174 335 2266 390 τοῦ
2300 336 2547 406 σώματος
2576 337 2717 407 ἔχειν
2755 337 3054 408 ἅμόλυντον
3086 338 3192 410 χρὴ
3235 339 3370 412 πρὸς
3402 338 3461 392 τὸ
3493 343 3626 412 ἀρέ-

377 441 445 494 ad
478 436 795 507 placendum
826 434 954 498 Deo,
980 433 1072 501 qui
1109 433 1213 486 tale
1245 431 1360 485 vult
1386 431 1561 500 ipsum
1589 431 1793 493 videre,
1819 429 1946 498 quia

378 544 569 596 nempe
595 527 734 579 hanc
759 525 880 592 ejus
915 525 1206 594 puritatem
1242 524 1490 592 sequitur
1509 531 1562 576 et
1597 523 1800 590 pnritas
1823 535 1945 575 cor-

375 618 554 687 poris;
613 615 933 684 neutiquam
987 630 1116 669 vero
1174 615 1484 669 necessario
1535 613 1724 667 eodem
1785 612 1947 666 modo

377 709 727 778 componitur
765 708 962 761 anima:
1007 707 1294 775 ᾱίενοείιίο
1353 722 1416 760 ac
1467 705 1714 774 corporis
1765 714 1943 758 tento-

376 804 544 854 rium.
607 799 819 853 Accidit
859 799 1056 868 quippe
1102 797 1181 868 (ut
1216 799 1292 851 ait
1329 797 1592 851 Dominus
1625 795 1802 864 Jesné)
1837 796 1947 849 ali-

377 909 541 962 quem
589 891 899 960 Sepulcrum
935 904 1057 944 esse
1091 889 1423 953 dealbatum,
1467 891 1685 958 plenum
1729 888 1948 942 ossibus

376 983 679 1036 demortuis
711 983 752 1044 ’,
800 991 854 1034 et
893 980 1040 1033 (ιιιιηὶ
1083 980 1428 1033 immunditia
1456 1021 1471 1044 ,
1511 995 1618 1033 non
1657 979 1946 1032 habentem

377 1073 663 1124 veritatem
698 1072 1010 1124 interiorem
1049 1081 1438 1124 consonantem
1476 1073 1562 1134 ei,
1610 1071 1751 1138 quod
1784 1086 1948 1139 appa-

381 1171 490 1226 ret;
537 1169 628 1213 εει]
658 1171 722 1212 an
758 1160 1222 1230 comparationem
1257 1176 1365 1215 non
1420 1161 1563 1214 hunc
1614 1170 1770 1214 vocat
1811 1160 1950 1212 ratio

381 1267 594 1314 eorum,
625 1267 746 1318 qua:
773 1252 917 1305 dicta
972 1261 1120 1316 sunt,
1174 1252 1406 1304 accersit
1449 1259 1629 1304 autem
1670 1267 1813 1314 eum,
1860 1253 1948 1320 qui

382 1344 682 1397 secundum
733 1344 1024 1411 practicam
1060 1344 1224 1396 vitam
1279 1358 1376 1412 par
1414 1352 1500 1396 est
1548 1343 1703 1411 ipsis,
1751 1345 1951 1412 quique

383 1450 507 1490 sese
563 1437 617 1488 in
659 1435 952 1488 virtutibus
995 1435 1296 1488 moralibus
1337 1435 1582 1488 exercuit
1627 1435 1851 1503 perinde
1889 1451 1952 1488 ac

383 1527 461 1578 illi
492 1526 632 1594 ipsi;
669 1526 868 1579 etenim
904 1526 1286 1593 hujuscemodi
1337 1526 1508 1578 virum
1554 1526 1951 1593 comperiemns

386 1619 562 1669 multo
590 1619 771 1684 spatio
804 1617 938 1684 ipsis
966 1615 1300 1678 inferiorem,
1331 1617 1733 1684 distantemqne
1769 1617 1836 1668 ab
1869 1617 1953 1668 in-

383 1709 577 1761 stituto
607 1708 908 1760 scientilico
933 1715 1166 1773 tantum,
1211 1717 1473 1776 quantum
1506 1723 1536 1760 a
1568 1707 1836 1760 medicina
1871 1723 1954 1759 re-

383 1807 484 1851 ctae
515 1797 756 1851 methodi
782 1797 964 1851 differt
997 1812 1079 1862 ea,
1113 1813 1234 1865 qua:
1262 1799 1436 1852 solum
1473 1799 1540 1851 ad
1566 1814 1785 1852 manum
1821 1815 1951 1867 ope-

385 1899 556 1953 ratur,
579 1905 699 1957 qua:
733 1905 833 1942 nec
855 1905 1051 1944 causas
1070 1889 1384 1943 morborum
1415 1891 1542 1952 scit,
1581 1905 1760 1958 neque
1789 1889 1954 1958 379

384 1980 726 2050 passionum,
777 1980 1072 2048 quomodo,
1119 1992 1212 2032 aut
1245 1980 1385 2033 unde
1433 1988 1750 2044 nascantur,
1799 1980 1953 2032 (11Πύ-

386 2071 593 2125 rentias
615 2071 830 2124 curiose
859 2079 1251 2138 perscrutatur,
1285 2070 1664 2123 tantummodo
1699 2085 1825 2123 vero
1849 2081 1954 2122 stat

387 2163 442 2215 in
478 2162 691 2224 morbo,
729 2171 781 2212 ct
809 2161 960 2213 illum
993 2169 1168 2223 curat,
1201 2175 1360 2228 quem
1395 2159 1546 2212 novit
1573 2160 1823 2212 celeriter
1853 2160 1956 2212 ite-

386 2269 507 2306 rum
554 2255 882 2316 rediturum,
919 2267 1041 2306 cum
1103 2268 1204 2306 non
1235 2253 1446 2305 sublata
1494 2250 1660 2304 fuerit
1705 2266 1892 2312 causa,
1925 2265 1956 2304 e

386 2359 493 2412 qua
519 2343 753 2412 sumpsit
797 2343 1056 2409 initium;
1095 2343 1237 2396 sicut
1277 2357 1514 2411 namque
1559 2342 1950 2406 distensiones,

386 2443 442 2487 et
483 2433 944 2488 inflammationes
994 2434 1423 2503 praecordiorum
1451 2474 1466 2498 ,
1505 2443 1559 2488 et
1610 2435 1956 2502 intemperies

387 2524 678 2578 humorem
727 2525 948 2594 pariunt
991 2527 1138 2579 mille
1178 2527 1514 2592 nominibus,
1555 2535 1610 2580 et
1638 2527 1956 2596 dispositio-

387 2615 551 2669 nibus
589 2614 832 2670 diversas
861 2614 1080 2681 febres;
1116 2616 1215 2669 has
1257 2631 1367 2670 uno
1394 2617 1481 2671 die
1514 2617 1954 2681 intermittentes,

388 2705 528 2758 alias
569 2713 771 2773 septem
809 2705 1026 2770 diebus,
1049 2715 1102 2758 et
1143 2707 1228 2760 bis
1267 2716 1472 2775 septem
1495 2746 1509 2770 ,
1545 2707 1840 2774 capitales,
1872 2709 1958 2761 vel

391 2795 698 2860 diuturnas,
737 2797 1102 2865 hectieasque,
1138 2808 1192 2852 et
1221 2799 1472 2862 diurnas,
1522 2799 1620 2853 has
1665 2801 1886 2868 quidem
1927 2814 1958 2854 e

388 2887 547 2948 ﬂava,
603 2887 722 2940 illas
768 2894 948 2940 autem
976 2904 1006 2940 e
1038 2890 1190 2957 nigra
1238 2891 1363 2953 bile,
1403 2891 1537 2944 alias
1571 2905 1603 2944 e
1633 2891 1823 2959 pituita
1855 2907 1957 2960 pu—

2049 448 2176 484 σκον
2205 430 2283 501 τῷ
2313 430 2564 500 τοιαύτην
2599 431 2733 500 ὁρᾷν
2776 431 2946 502 αὐτὴν
2992 431 3300 503 βουλομένῳ
3330 432 3468 502 Θεῷ.
3497 436 3622 488 Ὀτι

2046 524 2111 592 τῇ
2146 521 2352 591 ταύτης
2380 521 2664 574 ἀκολουθεῖ
2689 521 3023 592 καθαρότητι
3075 523 3170 576 καὶ
3189 525 3222 593 ὴ
3251 523 3346 576 τοῦ
3368 523 3623 592 σώματος

2048 614 2376 683 καθαρότης,
2397 613 2650 666 οὐκέτιδέ
2667 614 2759 666 καὶ
2777 617 2844 684 τῇ
2865 617 3035 685 σκηνῇ
3056 615 3148 667 τοῦ
3175 615 3425 686 σώματος
3452 617 3616 684 ἀναγ-

2048 704 2217 766 καίως
2236 703 2606 757 συνδιάκειται
2625 705 2722 774 τῆς
2745 704 2922 775 ψυχῆς
2946 707 2979 776 ή
3001 707 3259 770 διάθεσις.
3292 708 3450 760 Ἔστι
3486 709 3620 780 γὰρ,

2049 795 2125 858 ὥς
2150 810 2316 864 φησιν
2343 796 2371 846 ὁ
2408 794 2609 865 Κύριος
2645 795 2875 866 Ἰησοῦς,
2906 798 3000 850 καὶ
3023 799 3192 866 τάφον
3215 794 3354 851 εἷναί
3380 816 3504 851 τινα
3535 817 3624 851 κε-

2049 904 2202 940 κονια
2211 887 2369 956 μένον
2401 888 2596 956 μεστὸν
2623 887 2826 941 ὀστέων
2844 888 3159 958 νεκρῶνκαὶ
3173 891 3354 960 πάσης
3373 891 3623 961 ἀκαθαρο

2051 977 2190 1040 σίας,
2217 977 2295 1047 τῷ
2320 977 2628 1047 φαινομένῳ
2661 978 2996 1047 συνᾴδουσαν
3037 979 3138 1031 οὐκ
3181 979 3373 1048 ἔχοντα
3401 979 3499 1050 τὴν
3531 980 3620 1032 εν-

2049 1068 2136 1120 δον
2157 1068 2432 1136 ἀλήθειαν,
2454 1067 2566 1120 ἀλλ’
2591 1069 2652 1120 οὐ
2675 1067 2866 1120 τοῦτον
2883 1070 2962 1130 είς
2986 1068 3274 1137 σύγκρισιν
3290 1071 3318 1122 ὁ
3341 1069 3496 1137 λόγος
3509 1069 3621 1122 τῶν

2049 1157 2354 1226 εἰρημένων
2401 1157 2590 1208 καλεῖ·
2627 1157 2718 1208 τὸν
2744 1155 2804 1208 δὲ
2851 1157 2994 1209 κατὰ
3037 1157 3136 1228 τὴν
3161 1157 3472 1227 πρακτικὴν
3506 1157 3622 1210 ἴσον

2051 1246 2302 1307 ἐκείνοις,
2331 1246 2426 1297 καὶ
2473 1246 2571 1308 τὰς
2613 1245 2812 1314 tam;
2841 1245 3042 1317 ἀρετὰς
3070 1247 3381 1316 ἠσκημένον
3417 1247 3622 1316 ὁμοίως

2051 1335 2275 1395 αὐτοῖς·
2315 1336 2408 1388 καὶ
2463 1336 2651 1388 τοῦτον
2711 1335 2818 1406 γὰρ
2874 1338 3178 1407 εὑρήσομεν
3239 1338 3618 1406 ἀπολιμπανόο

2056 1441 2214 1493 μενον
2244 1424 2394 1494 αὐτῷ
2419 1425 2596 1496 πολλῷ
2618 1425 2970 1496 διαστήματι,
3007 1427 3100 1479 καὶ
3141 1427 3242 1494 τῆς
3269 1429 3620 1498 ἐπιστημονι-

2053 1516 2156 1580 κῇς
2184 1516 2476 1584 ἀφεστῶτα
2503 1517 2726 1586 ἀγωγῆς
2750 1518 3022 1584 τοσοῦτον,
3058 1519 3181 1570 ὅσον
3209 1520 3306 1586 τῆς
3329 1520 3619 1588 εὐμεοὸὁου

2059 1613 2300 1680 ἰατρικῆς
2326 1611 2358 1679 ἡ
2384 1611 2522 1664 κατὰ
2551 1615 2709 1682 χεῖρα
2733 1613 2890 1680 μόνον
2917 1613 3292 1683 ἐνεργουμένη
3315 1613 3618 1681 διέστηκεν,

2053 1704 2176 1756 οὔτε
2230 1707 2549 1774 νοσημάτων
2607 1707 2786 1769 αἰτίας
2841 1709 3202 1776 ἐπισταμένη,
3237 1707 3362 1760 οὔτε
3412 1709 3618 1774 παθῶν,

2053 1798 2199 1859 ὅπως
2248 1796 2428 1866 ἢὸθεν
2477 1797 2748 1850 τίκτονται
2779 1837 2794 1860 ,
2831 1797 3091 1868 διαφορὰς
3125 1799 3619 1869 περιεργαζομένη,

2058 1889 2218 1958 μόνον
2240 1887 2297 1939 δὲ
2339 1890 2476 1958 πρὸς
2503 1889 2564 1940 τὸ
2592 1890 2800 1958 κάμνον
2843 1890 3130 1960 ἱσταμένη,
3156 1891 3251 1942 καὶ
3274 1889 3430 1942 τοῦτο
3461 1890 3623 1960 θεραφ

2055 1978 2316 2038 πεύουσα,
2338 1976 2365 2028 ὃ
2401 1977 2560 2030 πάλιν
2587 1979 2950 2049 ὑποστρέφειν
2981 1976 3118 2033 οἶδεν
3152 1981 3340 2046 ὀξέως,
3375 1981 3474 2051 τῆς
3503 1981 3626 2033 ὅθεν

2055 2067 2258 2136 ἤρξατο
2308 2067 2487 2129 αἰτίας
2516 2068 2616 2120 οὐκ
2661 2070 3012 2138 ἀνῃρημένης
3042 2086 3054 2097 ·
3088 2070 3164 2132 ὼς
3195 2071 3302 2140 γὰρ
3332 2070 3624 2136 διατάσεις,

2057 2158 2152 2208 καὶ
2209 2157 2509 2226 φλεγμοναὶ
2541 2153 2888 2227 σπλὰγχνων,
2943 2160 3036 2212 καὶ
3065 2160 3386 2230 δυσκρασίαι
3415 2163 3625 2235 χυμῶν,

2056 2248 2183 2309 τοὺς
2219 2248 2466 2317 μυρίους,
2504 2249 2597 2300 καὶ
2622 2252 2732 2312 τοῖς
2761 2250 3007 2318 ὀνόμασι,
3037 2252 3132 2303 καὶ
3177 2254 3298 2312 ταῖς
3323 2251 3628 2304 διαθέσεσιν

2059 2338 2414 2392 ἀποτίκτουσι
2459 2341 2745 2409 πυρετοὺς,
2809 2343 3197 2411 ἐφημερινοὺς,
3237 2343 3632 2412 ἐϐδοματικοῦς

2059 2429 2155 2482 καὶ
2184 2427 2550 2498 δισεὸδόμους,
2591 2431 2948 2502 ἐπικάρρους,
2983 2433 3016 2501 ἢ
3054 2433 3320 2501 χρονίους,
3352 2434 3629 2500 έκτικοὺς,

2060 2522 2155 2574 καὶ
2185 2521 2516 2591 ἐφημέρους,
2541 2521 2667 2585 τοὺς
2693 2524 2790 2592 μὲν
2819 2523 2910 2575 ἐπὶ
2935 2523 3124 2594 ξανθῇ,
3156 2527 3282 2587 τοὺς
3308 2526 3365 2578 δὲ
3395 2527 3488 2578 ἐπὶ
3523 2543 3625 2593 με·

2059 2613 2216 2685 λαίνῃ
2241 2612 2393 2684 χολῇ,
2425 2614 2616 2676 ἄλλους
2645 2615 2740 2666 ἐπὶ
2773 2613 3047 2683 φλέγματι
3090 2618 3374 2686 σεσηπότι,
3406 2620 3498 2670 καὶ
3533 2619 3632 2672 ᾶλδ

2060 2707 2186 2770 λους
2211 2707 2295 2774 ἐφ’
2311 2707 2542 2775 αἵματος
2565 2706 2888 2776 πλεονασμῷ
2915 2709 3360 2776 συνισταμένους,
3377 2711 3503 2772 τοὺς
3530 2709 3634 2778 μὲν

2051 2799 2238 2868 ’ἠσυχῆ
2269 2799 2362 2852 καὶ
2393 2799 2628 2867 ἀμηνυτὶ
2688 2799 3013 2868 προσιόντας
3045 2836 3058 2860 ,
3121 2800 3248 2862 τοὺς
3273 2799 3331 2853 δὲ
3363 2801 3467 2870 πρὸ
3497 2800 3631 2852 πολε

2061 2890 2158 2942 λοῦ
2189 2889 2530 2960 κεκραγότας
2575 2889 2675 2957 τὴν
2709 2894 3011 2959 παρουσίαν
3042 2890 3392 2959 μαλακισμῶ,
3425 2894 3520 2946 καὶ
3544 2893 3635 2962 ξη-

388 2977 550 3042 trida,
575 2987 630 3031 et
656 2979 790 3032 alias
813 2993 843 3032 e
869 2979 1151 3048 sanguinis
1181 2982 1510 3036 abundantia
1535 2982 1828 3047 conflatas;
1857 2987 1954 3038 has

2061 2983 2267 3055 ρότητι,
2295 2984 2388 3036 καὶ
2419 2981 2571 3053 ῦπνῳ
2613 2983 2848 3051 συνεχῶς
2887 2983 3298 3053 διακοπτομένῳ
3347 2984 3444 3054 τὴν
3476 2984 3633 3037 νόσον

389 3071 610 3138 quidem
662 3072 850 3137 tacite,
903 3078 959 3124 et
1007 3071 1502 3142 imperceptihilitcr
1574 3075 1946 3138 advenientes,

2061 3076 2440 3145 σημαίνοντας.

390 3160 524 3214 istas
563 3176 692 3214 vero
731 3163 904 3215 multo
946 3173 1104 3215 antea
1149 3163 1503 3218 inclamantes
1543 3165 1858 3229 adventum,
1902 3165 2163 3235 languore
2210 3174 2372 3234 atque
2411 3164 2657 3220 siccitate
2689 3179 2754 3220 ac
2791 3179 2988 3220 somno
3023 3164 3285 3220 continuo
3317 3166 3634 3236 interrupto

389 3256 758 3326 aegritudinem
793 3255 1176 3324 significantes.

987 3429 1214 3486 CAPUT
1263 3431 1348 3486 lll.

461 3540 538 3596 ita
580 3557 776 3596 sensus
805 3541 1064 3610 impulsio
1099 3543 1407 3596 inordinata
1458 3544 1744 3598 consuevit
1787 3559 1951 3614 gene-

390 3648 513 3687 rare
567 3633 951 3699 cogitationem
1006 3635 1247 3702 passioni
1297 3635 1636 3698 obnoxiam,
1693 3635 1954 3704 concupi-

391 3725 658 3776 scentiam
709 3730 942 3791 turpem,
991 3723 1108 3792 ipsa
1157 3724 1570 3778 delectationem
1599 3767 1613 3789 ,
1659 3735 1712 3779 et
1763 3742 1956 3780 rursus

395 3825 746 3874 consensum,
800 3811 960 3878 cujus
991 3826 1194 3880 sequax
1241 3821 1324 3865 est
1385 3811 1599 3865 actuale
1651 3805 1956 3880 peccatum,

393 3902 562 3970 quod,
593 3902 816 3971 quando
839 3903 1076 3956 desumit
1109 3903 1346 3968 initium,
1368 3913 1579 3972 oportet
1601 3919 1668 3957 ex
1693 3905 1787 3957 illo
1813 3903 1961 3970 prin-

393 3993 540 4061 cipio
594 3995 914 4061 reprimere,
991 3995 1287 4049 avertendo
1347 4010 1569 4049 sensqu
1632 3995 1780 4048 visus
1812 3995 1961 4048 serie

393 4083 626 4153 quadam
653 4094 1107 4147 commoventem,
1151 4101 1273 4154 qua:
1293 4087 1438 4140 dicta
1457 4097 1604 4148 sunt,
1635 4087 1958 4154 priusquam

395 4175 526 4228 illud
551 4175 793 4238 accedat,
821 4192 884 4230 ac
911 4177 1199 4230 difficulter
1223 4177 1347 4232 inde
1381 4182 1722 4233 retrocedere
1753 4177 1958 4245 pussit;

395 4263 543 4331 quod
576 4265 736 4315 enim
762 4280 871 4318 non
906 4266 1238 4335 imprimitur
1265 4285 1358 4336 per
1401 4271 1690 4333 visionem,
1731 4270 1961 4322 forsitan

399 4354 625 4406 minime
661 4353 825 4409 infert
852 4357 1221 4412 difﬁcultatem
1274 4360 1595 4423 intellectui,
1628 4375 1730 4413 nec
1763 4360 1962 4412 malam

396 4443 446 4500 ei
503 4443 731 4514 porrigit
797 4448 1224 4503 meditationem.
1283 4449 1436 4515 Quod
1482 4459 1662 4516 autem
1713 4466 1819 4504 non
1867 4449 1966 4502 fuit

399 4537 741 4601 meditatum,
779 4553 888 4593 non
929 4541 1171 4610 procedit
1201 4543 1266 4596 ad
1299 4557 1459 4611 Opus,
1507 4556 1606 4595 nec
1641 4541 1822 4594 locum
1866 4541 1966 4594 ha-

399 4629 510 4692 bet,
547 4637 607 4682 ut
648 4627 795 4684 foras
841 4631 1142 4698 expellatur
1189 4633 1376 4703 aliquo
1423 4634 1664 4688 indicio:
1707 4647 1812 4686 non
1839 4647 1966 4701 pro—

402 4719 507 4776 fert
530 4722 836 4774 convicium
867 4722 1072 4793 lingua,
1095 4727 1314 4794 quando
1349 4727 1428 4780 ira
1455 4725 1740 4795 consopita
1777 4726 1849 4780 sit
1879 4725 1964 4778 in-

400 4819 531 4878 tus;
569 4827 675 4866 non
719 4811 868 4866 videt
912 4813 1077 4884 380
1106 4817 1302 4873 oculus
1342 4819 1710 4882 meretricius,
1747 4818 1790 4870 si
1822 4815 1964 4870 ratio

400 4902 552 4958 illum
586 4901 820 4957 refrenet
841 4918 906 4957 ac
931 4906 1257 4971 moderetur,
1289 4917 1472 4964 etnon
1501 4909 1781 4964 decentem
1807 4922 1966 4976 aspe-

401 5004 546 5050 ctum
575 4994 842 5062 inhibeat;
871 5011 979 5050 non
1003 4999 1231 5069 suscipit
1262 5001 1482 5056 auditus
1508 5015 1818 5056 sermonem
1844 5009 1966 5052 tur-

403 5100 548 5158 pem,
585 5085 714 5140 dum
764 5102 920 5143 mens
969 5089 1342 5159 hujuscemodi
1390 5108 1610 5148 sensum
1644 5091 1917 5147 custodiat
1951 5107 1964 5143 :

403 5175 613 5236 nullum
639 5178 942 5232 membrum
979 5193 1429 5251 praveoperatur,
1450 5185 1680 5238 interius
1709 5183 1969 5253 vigilante

404 5269 785 5340 gubernatore,
810 5274 901 5342 qui
938 5284 1090 5343 regat
1125 5275 1408 5331 interiores
1439 5277 1820 5345 COgitationes,
1841 5275 1968 5344 qui-

405 5377 512 5431 que
551 5361 760 5418 fortiter
794 5366 1022 5419 retineat
1062 5367 1273 5422 initium
1313 5369 1434 5432 loci,
1470 5386 1499 5423 e
1542 5385 1652 5450 quo
1696 5371 1968 5438 prodeunt

481 5564 502 5595 ’
537 5562 723 5618 Matth.
766 5582 899 5619 χχιιι
923 5605 935 5627 ,
966 5567 1058 5622 27.

2650 3436 2908 3490 -ΚΕΦΑΛ.
2961 3437 3035 3489 1".-

2131 3545 2312 3609 Οὕτως
2375 3545 2679 3614 αἰσθήσεως
2719 3547 2953 3610 ἄτακτος
2971 3548 3114 3618 ὁρμὴ
3157 3550 3329 3602 ποιεῖν
3359 3548 3516 3602 εἴωθε
3537 3550 3634 3602 λο-

2065 3639 2261 3707 γισμὸν
2305 3637 2546 3707 ἐμπαθῆ,
2600 3638 2892 3708 ἐπιθυμίαν
2948 3641 3198 3710 αἰσχρὰν,
3257 3640 3394 3711 αῦτη
3417 3641 3629 3712 τέρψιν,

2067 3730 2160 3782 καὶ
2209 3730 2370 3783 πάλιν
2423 3730 2744 3795 συναίνεσιν,
2799 3728 2869 3803 ἦς
2914 3733 3170 3803 ὁπαδὸςὴ
3201 3733 3324 3785 κατ’
3354 3733 3632 3804 ἐνέργειαν

2063 3823 2309 3896 ἁμαρτία
2345 3824 2514 3889 ἐστὶν,
2537 3825 2614 3894 ἣν
2660 3823 3159 3894 προοιμιαζομένην
3207 3828 3270 3878 ἐκ
3301 3824 3528 3895 πρώτης
3553 3824 3634 3876 δεῖ

2062 3917 2254 3969 παύειν
2309 3915 2510 3978 αἰτίας,
2555 3915 2652 3984 τὴν
2700 3905 2822 3984 ὄψίν
2859 3916 3390 3986 ἀποστρεφομένους,
3420 3915 3520 3984 τὴν
3545 3931 3632 3966 κιο

2062 4005 2258 4058 νοῦσαν
2279 4003 2454 4073 εἰρμῷ
2469 4005 2535 4056 τὰ
2557 4005 2843 4073 εἰρημένα,
2870 4005 2997 4075 πρὶν
3015 4003 3184 4074 αὐτὴν
3202 4003 3630 4072 παραγενέσθαι,

2063 4096 2160 4148 καὶ
2217 4096 2442 4164 ποιῆσαι
2494 4095 2730 4164 δυσχερῆ
2773 4094 2872 4164 τὴν
2895 4095 3172 4156 ἀνάδυσιν,
3197 4095 3259 4146 τὸ
3288 4095 3397 4164 γὰρ
3428 4093 3502 4162 μὴ
3535 4109 3636 4144 τυ-

2065 4187 2244 4240 πωθέν
2267 4187 2356 4240 διὰ
2389 4187 2488 4256 τῆς
2515 4187 2780 4255 ὁράσεως,
2832 4185 2962 4248 ἴσως
2989 4186 3050 4237 οὐ
3081 4185 3294 4236 δίδωσιν
3320 4183 3498 4252 ἔργον,
3539 4183 3638 4234 καὶ

2069 4279 2300 4349 μελέτην
2342 4281 2408 4348 τῇ
2454 4277 2663 4347 διανοίᾳ
2693 4275 2891 4346 κακὴν,
2933 4275 2999 4327 τὸ
3023 4275 3080 4328 δὲ
3109 4274 3184 4344 μὴ
3222 4273 3534 4343 μελετηθέν,
3555 4273 3637 4334 εἰς

2065 4371 2226 4440 ἔργον
2255 4369 2315 4420 οὐ
2347 4367 2616 4437 πρόεισιν,
2643 4367 2764 4419 οὐδὲ
2791 4366 2905 4435 ἔχει
2932 4364 3114 4436 χώραν
3133 4363 3402 4432 ἐξωθῆναι
3425 4379 3636 4432 τεκμη-

2071 4461 2170 4531 ρίῳ
2197 4460 2324 4512 τινί·
2356 4461 2416 4512 οὐ
2444 4455 3053 4529 προφέρεταιλοιδορίας
3068 4455 3309 4524 γλῶσσα,
3329 4453 3479 4507 ἔνδον
3504 4468 3638 4504 κατ-

2067 4551 2418 4612 ευνασθέντος
2473 4548 2644 4618 θυμοῦ
2672 4565 2687 4580 ·
2738 4547 2836 4618 οὐχ
2885 4549 2989 4618 ὁρᾷ
3028 4546 3286 4618 πορνικὸς
3327 4543 3639 4614 ὀφθαλμὸς,

2067 4642 2330 4715 λογισμοῦ
2375 4642 2563 4696 τοῦτον
2600 4641 2962 4711 ἡνιοχοῦντος,
2995 4641 3090 4693 καὶ
3127 4640 3228 4707 τῆς
3261 4636 3334 4709 μὴ
3365 4635 3640 4706 καθηκού-

2074 4755 2173 4809 σης
2202 4737 2476 4806 εἴργοντος
2508 4734 2636 4796 θέας
2655 4746 2671 4762 ⁸
2705 4734 2766 4785 οὐ
2788 4732 3000 4803 δέχεται
3024 4731 3180 4799 λόγον
3219 4730 3448 4800 αἰσχρὸν
3476 4728 3639 4795 ἀκοὴ,

2073 4827 2166 4879 τοῦ
2201 4826 2292 4879 νοῦ
2318 4824 2523 4894 ταύτην
2543 4821 2907 4893 φρουροῦντος
2934 4823 3033 4891 τὴν
3059 4819 3334 4888 αίσθησιν,
3362 4818 3516 4870 οὐδὲν
3533 4817 3646 4868 τῶν

2078 4917 2256 4988 μελῶν
2308 4914 2645 4985 πλημμελῶς
2694 4915 2928 4983 ἐνεργεῖ,
2985 4917 3249 4982 νήφοντος
3284 4910 3392 4963 ἔσω
3423 4908 3516 4962 τοῦ
3543 4925 3644 4960 κυ-

2076 5007 2378 5079 ϐερνῶντος
2401 5004 2470 5057 τὰ
2509 5002 2760 5073 ἐνθύμια,
2791 5005 2885 5056 καὶ
2927 5000 3027 5072 τὴν
3062 5000 3286 5071 βαλϐίδα
3324 4999 3646 5068 κατέχοντος

2077 5099 2244 5168 αὐτὴν
2276 5097 2370 5150 τοῦ
2407 5095 2742 5166 ὀρμητηρίου
2794 5093 2902 5145 τῶν
2942 5091 3129 5145 παθῶν
3183 5091 3453 5160 ἰσχυρῶς·
3486 5089 3648 5157 νήφει

2078 5191 2136 5244 δὲ
2163 5192 2257 5244 καὶ
2311 5191 2407 5242 καὶ
2445 5187 2748 5257 ἐγρήγορεν
2775 5179 2931 5247 οὗτος
2975 5183 3386 5252 ἀποταξάμενος
3419 5184 3531 5243 τοῖς
3565 5183 3649 5232 ἐκ·

2077 5283 2190 5345 τὸς,
2242 5281 2334 5333 καὶ
2393 5279 2601 5348 βλέπων
2632 5277 2708 5339 ὡς
2757 5277 2815 5329 ἐν
2865 5276 3074 5345 αἰθρία,
3134 5275 3347 5337 οὐδενὸς
3385 5276 3650 5340 ἐπιπροσ-

2080 5371 2318 5434 θοῦντος,
2353 5369 2566 5440 καθαρὰ
2593 5367 2660 5420 τὰ
2705 5366 3066 5436 βουλεύματα.
