3956 6206
351 113 384 170 \

447 242 583 308 1067
1946 250 2014 311 8.

2131 250 2204 312 LI
3562 248 3756 313 1068

443 352 738 409 terioribus
763 350 1108 422 proveniunt,
1140 358 1260 404 tum
1293 348 1575 405 oculorum
1612 351 2018 422 inspicientium

2131 355 2265 424 μῶν,
2299 356 2335 411 ἃ.
2361 356 2437 428 μὴ
2456 356 2615 425 θέμις
2641 354 2913 427 δρώντων,
2953 356 3126 427 ἀκοῆς
3153 356 3404 429 αἰσχραῖς
3436 359 3754 414 πάντοθεν

443 458 511 497 ea
551 458 673 514 qua
706 441 928 495 minime
973 438 1058 494 fas
1088 447 1196 503 est,
1245 448 1360 495 tum
1395 440 1617 496 auditus
1650 442 1901 513 turpibus
1919 459 2019 497 un-

2131 450 2642 520 περικτυπουμένης
2688 451 2916 518 φωναῖς,
2961 449 3137 521 θυμοῦ
3181 451 3320 522 πρὸς
3357 451 3577 515 τούτοις
3618 470 3753 505 τα·-

438 535 726 603 dequaque
782 529 1105 586 circumtusl
1190 530 1439 597 vocibus,
1487 545 1602 586 tum
1678 532 1773 587 ira
1834 534 2019 589 adliac

2131 538 2485 609 ρασσομένου,
2537 540 2835 611 ἐπιθυμίας
2884 539 3311 611 δελεαζομένης,
3355 541 3555 612 ἡδονῆς
3587 543 3753 612 ἐρε-

438 624 789 695 perturbata,
840 632 953 678 tum
1019 623 1477 692 concupiscentia
1507 623 1779 679 illecebris
1816 634 2016 695 capta;

2131 630 2430 701 θιζομένης,
2462 632 2623 702 δόξης
2657 632 3032 703 ῥιπιζομένης,
3061 632 3240 704 λύπης
3270 635 3745 705 ἐπισυμὸαινοὺο

436 727 551 770 tum
590 715 885 786 voluptatis
913 715 1216 786 proritata,
1253 724 1365 770 tum
1402 716 1589 787 gloria
1619 718 1776 787 quasi
1804 716 2019 772 ﬂabello

2131 740 2241 795 της,
2277 723 2429 794 εὖροι
2456 723 2674 786 πάντως
2700 723 2859 776 αὑτὸν
2883 722 2958 787 ὡς
2992 726 3056 777 ἐκ
3098 725 3324 795 πυγμῆς
3362 743 3753 779 κατακεκον-

435 808 765 874 eventilata,
811 816 926 862 tum
959 806 1198 863 tristitia
1235 808 1705 879 supervenientis;
1754 809 2019 879 reperiret

2131 816 2461 886 Βυλισμένον,
2506 814 2602 870 καί¹
2645 815 2979 886 τραυμάτων
3014 816 3404 886 καταγέμοντα
3441 816 3543 868 καὶ
3588 818 3749 869 τότε

438 901 668 955 omnino
719 899 963 970 seipsum
1003 900 1153 954 velut
1182 916 1247 955 ex
1278 900 1525 971 pugilatu
1579 900 1776 970 pugnis
1829 911 2019 956 contu-

2131 904 2515 976 μακαρίζοντα
2578 906 2706 967 τοὺς
2757 904 2922 975 μηδὲν
2960 904 3165 957 τούτων
3196 908 3254 958 ἐν
3297 906 3376 976 τῷ
3405 907 3750 975 ἡσυχάζειν

437 1008 559 1048 sitm
593 1006 655 1047 ac
682 992 859 1062 plagis
889 1002 1202 1059 oneratum,
1236 1003 1474 1063 tuncque
1500 993 1684 1047 beatos
1718 994 2019 1062 pradican-

2131 998 2387 1069 δρῶντας,
2417 998 2450 1069 ἦ
2479 997 2809 1068 πάσχοντας.
2843 997 2909 1049 Τί
2947 996 3057 1067 γάρ
3079 996 3270 1064 ὄφελος
3292 999 3429 1068 αὐτῇ
3446 1001 3510 1068 τῇ
3543 1000 3749 1068 πείρᾳ

440 1095 548 1141 tem
605 1100 736 1151 eos,
789 1084 882 1154 qui
936 1084 1075 1138 nillil
1125 1085 1319 1139 liorum
1353 1085 1535 1139 vident
1592 1095 1685 1139 aut
1716 1087 2017 1155 patiuntur,

2131 1089 2227 1142 τῶν
2289 1087 2632 1159 πραγμάτων
2687 1088 2856 1140 κινεῖν
2922 1087 3058 1157 πρὸς
3100 1087 3281 1157 μάχην
3319 1088 3385 1141 τά
3428 1088 3614 1155 πάθη,
3654 1092 3745 1157 τῇ

440 1178 566 1232 dum
595 1177 649 1230 in
680 1178 862 1245 quiete
901 1176 1221 1245 persistunt.
1256 1175 1516 1242 Quanam
1559 1178 1760 1231 etenim
1811 1178 2019 1235 utilitas

2131 1179 2399 1251 γυμνασίᾳ
2420 1178 2592 1249 ταύτῃ
2616 1179 2877 1249 παρέχειν
2904 1177 3089 1231 ἄδειαν
3111 1177 3293 1240 αὐτοῖς
3322 1178 3741 1247 ἐπιτρίὸεσθαι

439 1269 555 1340 ipsa
590 1283 773 1323 rerum
811 1269 1148 1339 experientia
1178 1269 1421 1324 excitare
1474 1270 1761 1339 passiones
1800 1271 1866 1324 ad
1919 1288 2019 1341 pn-

2131 1272 2214 1326 ἐπὶ
2248 1272 2309 1325 τὸ
2344 1269 2745 1341 χαλεπώτερον,
2777 1267 2836 1332 ἐξ
2858 1262 2929 1320 ὧν
2962 1269 3161 1338 ἡσυχία
3197 1268 3335 1337 πρὸς
3367 1270 3739 1322 κατάστασιν

437 1377 621 1431 gnam,
652 1371 705 1416 et
739 1361 844 1416 hac
872 1362 1268 1416 exercitatione
1295 1361 1432 1432 ipsis
1454 1363 1694 1433 praebere
1720 1364 2017 1429 licentiam,

438 1463 500 1509 ut
533 1455 585 1509 in
621 1471 679 1509 re
706 1454 1011 1510 difficiliore
1046 1463 1351 1509 atterantur
1378 1472 1392 1508 :
1424 1455 1554 1509 dum
1581 1457 1647 1509 ad
1675 1465 1883 1509 statum
1909 1458 2002 1510 im-

438 1544 868 1612 perturbabilem
924 1543 1046 1599 illas
1107 1544 1378 1599 deducere
1420 1547 1828 1614 quodammodo
1887 1562 2020 1601 con-

448 1637 626 1690 suevit
654 1637 831 1705 quies,
873 1644 928 1689 et
962 1636 1227 1705 cujusque
1259 1635 1367 1689 vim
1416 1636 1678 1705 paulatim
1712 1637 2020 1693 diminuere

439 1727 579 1782 solet
624 1727 827 1781 bonum
870 1727 1065 1791 otium,
1102 1735 1161 1779 ut
1208 1726 1260 1794 (e
1305 1726 1546 1798 diverso)
1582 1728 1905 1782 exercitatio
1945 1731 2012 1783 ad

439 1820 802 1874 robustiorem
851 1828 1052 1873 statum
1110 1819 1283 1888 ipsam
1331 1820 1569 1875 excitat?
1630 1821 1833 1876 etenim
1909 1824 2017 1876 ira-

438 1911 638 1965 cundia
686 1911 852 1965 silens
905 1911 1089 1965 mitior
1121 1910 1329 1977 evadit,
1365 1912 1811 1982 concupiscentia
1859 1917 2017 1984 quie-

438 2017 597 2059 scens
623 2005 848 2058 assuelit
875 2004 1130 2073 paulatim
1170 2005 1506 2059 mansuetius
1549 2021 1922 2076 prorumpere,
1960 2016 2013 2061 et

439 2093 619 2147 omnis
653 2095 838 2161 passio
877 2093 1201 2161 simpliciter
1241 2094 1306 2146 ad
1338 2093 1770 2148 moderationem
1824 2112 2015 2164 proce-

439 2185 514 2239 dit
557 2184 823 2253 quotidie,
860 2186 1086 2238 minime
1117 2193 1414 2250 commota,
1454 2201 1517 2239 ac
1568 2187 1786 2239 domum
1837 2189 2018 2241 evadit

438 2276 622 2347 quieta
651 2277 890 2347 penitus,
930 2292 1039 2346 pra
1082 2278 1343 2346 temporis
1398 2279 1577 2347 spatio
1603 2279 1833 2348 propriae
1877 2281 2021 2335 oluli-

2122 1363 2397 1434 ἀτάραχον
2424 1362 2583 1429 ἄγειν
2620 1360 2760 1413 αὐτὰ
2804 1360 3117 1429 ἐπειδήπως
3148 1360 3417 1428 πέφυκεν,
3445 1363 3543 1412 καὶ
3578 1362 3731 1415 ἐκά-

2125 1472 2254 1510 στου
2283 1454 2383 1525 τὴν
2405 1453 2636 1522 δύναμιν
2659 1450 2917 1504 ἐλαττοῦν
2951 1450 3096 1503 κατὰ
3127 1452 3323 1521 μικρὸν
3346 1452 3379 1521 ή
3406 1453 3613 1523 ἀργία,
3640 1453 3729 1511 ὡς

2123 1551 2157 1620 ἡ
2182 1546 2462 1619 γυμνασία
2505 1545 2712 1613 ταύτην
2752 1542 2957 1612 ἐγείρει
2994 1543 3086 1594 ἐπὶ
3116 1541 3178 1595 τδ
3210 1542 3675 1615 ρωμαλαιότερον
3705 1563 3723 1605 ;

2128 1643 2236 1694 Καὶ
2289 1638 2460 1709 θυμὸς
2502 1636 2610 1707 γὰρ
2668 1635 2892 1706 ἠρεμῶν
2920 1634 3326 1705 ἐπιεικέστερος
3354 1635 3598 1703 γίνεται,
3625 1640 3727 1689 καὶ

2122 1730 2387 1800 ἐπιθυμία
2437 1726 2790 1799 ἡσυχάζουσα
2832 1725 3138 1795 πραότερον
3166 1725 3344 1795 ὁρμᾷν
3374 1725 3497 1779 κατ’
3525 1727 3723 1789 ὀλίγον

2124 1819 2384 1886 ἐθίζεται,
2422 1819 2518 1871 καὶ
2547 1818 2655 1868 πᾶν
2682 1814 2850 1877 πάθος
2890 1814 3074 1877 ἁπλῶς
3103 1814 3196 1866 ἐπὶ
3227 1814 3287 1866 τδ
3333 1814 3722 1884 μετριώτερον

2122 1909 2389 1978 ὁσημέραι
2420 1907 2494 1977 μὴ
2522 1904 2838 1971 κινούμενον
2866 1903 3101 1973 πρόεισι,
3137 1903 3231 1955 καὶ
3283 1902 3521 1956 παύεται
3566 1919 3719 1955 παν-

2125 2003 2295 2065 τελῶς
2356 2000 2582 2064 ὕστερον
2628 1997 2724 2067 τῆς
2768 1995 2973 2057 οἰκείας
3000 1994 3286 2064 ἐνεργείας
3303 1992 3381 2063 τῷ
3408 1995 3595 2064 χρόνῳ
3622 1994 3725 2063 λῇ-

2127 2100 2227 2171 θην
2264 2096 2609 2167 ποιούμενον,
2651 2093 2743 2145 καὶ
2777 2091 3027 2162 μένουσιν
3061 2090 3118 2143 αἱ
3144 2090 3352 2160 μνῆμαι
3380 2089 3569 2141 λοιπον
3600 2090 3724 2142 τῶν

2128 2190 2469 2263 πραγμάτων
2492 2184 2645 2256 ψιλαῖ
2664 2184 2763 2254 τῆς
2805 2181 3089 2253 ἐμπαθοῦς
3126 2179 3565 2252 ύποχωρησάσης
3589 2178 3724 2235 δια-

2132 2285 2353 2346 θέσεως.

440 2368 603 2425 vione
668 2379 826 2438 capta
873 2370 1236 2440 operationis,
1309 2384 1372 2423 ac
1421 2369 1681 2439 deinceps
1753 2371 1910 2425 nudae
1965 2388 2019 2428 re

2131 2386 2250 2435 nent
2288 2370 2588 2432 memoria,
2638 2381 2760 2422 cum
2815 2362 3104 2418 secesserit
3152 2360 3369 2416 affectio
3414 2364 3726 2431 perturba-

437 2464 585 2521 tione
614 2472 906 2519 commota.

951 2575 1114 2646 333
1153 2574 1380 2629 CAPUT
1422 2571 1509 2627 Vl.

512 2689 579 2745 Et
600 2689 1063 2759 quemadmodum
1105 2690 1259 2745 valde
1288 2690 1538 2744 suavium
1580 2689 1939 2743 obsoniorum
1964 2697 2019 2744 et

440 2790 686 2851 potuuin,
710 2795 808 2835 nec
843 2781 1015 2846 visus,
1054 2797 1153 2837 nec
1181 2782 1485 2836 recordatio
1515 2770 1694 2835 mevet
1717 2783 2015 2849 appetitum

440 2872 561 2942 ejus
590 2873 683 2942 qui
725 2872 875 2925 nulla
910 2881 1125 2927 tenetur
1175 2875 1513 2942 cupiditate;
1549 2873 1619 2925 ita
1656 2874 1787 2925 nihil
1840 2872 2017 2927 sensi-

2720 2569 2975 2625 ΚΕΦΛΛ.
3019 2568 3111 2633 (τ’.

2195 2697 2306 2752 Καὶ
2330 2694 2522 2763 ὥσπερ
2553 2689 2648 2744 καὶ
2674 2687 2782 2742 τῶν
2812 2686 2953 2754 ἄγαν
2986 2683 3160 2755 ἡδέων
3181 2680 3351 2750 δψων,
3377 2677 3475 2732 καὶ
3500 2677 3721 2739 ποτῶν,

2122 2787 2246 2841 οὔτε
2271 2788 2304 2857 ὴ
2333 2784 2455 2855 ιψις
2501 2780 2623 2835 οὔτε
2653 2780 2687 2850 ἠ
2735 2777 2924 2849 μνήμη
2978 2776 3117 2828 κινεῖ
3164 2769 3259 2825 τοῦ
3298 2769 3374 2840 μὴ
3411 2768 3727 2838 ἐφιεμένου

2122 2879 2222 2950 τὴν
2267 2876 2468 2948 ὄρεξιν.
2526 2871 2712 2933 Οὕτως
2758 2868 2911 2921 οὐδὲν
2938 2866 3048 2920 τῶν
3089 2862 3384 2933 αἰσθητῶν,
3419 2859 3545 2914 οὔτε
3569 2859 3725 2928 δρω-

444 2965 656 3029 Ιιὶιίυιιι,
694 2979 793 3019 nec
817 2964 964 3034 quod
1015 2965 1254 3029 videtur,
1303 2980 1405 3018 nec
1449 2964 1593 3033 quod
1634 2964 1875 3027 auditur,
1922 2978 2019 3019 nec

2135 2971 2341 3042 μένων,
2369 2966 2494 3021 οὔτε
2521 2963 2880 3033 άκουόμενον,
2925 2957 3051 3012 οὔτε
3070 2958 3169 3027 τὴν
3198 2954 3492 3025 ἐνθύμησιν
3521 2953 3726 3047 ἐπεισ-

443 3058 678 3128 quodin
727 3056 1108 3126 cogitationem
1160 3056 1464 3125 ingreditur
1529 3055 1804 3111 illecebris
1844 3058 2013 3124 capit,

444 3150 511 3204 ad
535 3149 1001 3205 succunibendum
1031 3148 1270 3218 passioni
1292 3189 1307 3215 ,
1351 3148 1499 3201 illum
1534 3148 1626 3217 qui
1674 3148 1913 3202 aSsuevit
1946 3146 2025 3201 fa-

445 3258 590 3310 cere,
617 3252 675 3297 ut
703 3244 958 3313 quiescat
988 3257 1115 3312 pars
1172 3242 1342 3296 animi
1378 3241 1726 3310 passionibus
1765 3241 2024 3305 obnoxia,

445 3336 633 3391 habitu
697 3336 1016 3406 neutiquam
1077 3336 1427 3407 permittente
1495 3336 1831 3389 commoveri
1898 3350 2023 3389 eum

447 3430 560 3499 qui,
588 3445 683 3499 per
709 3430 933 3483 multam
971 3429 1232 3498 quietem,
1264 3427 1529 3482 dedidicit
1575 3420 2022 3482 commotionem.

446 3519 566 3587 Quo
594 3519 758 3588 igitur
790 3528 947 3587 pacto
978 3519 1382 3589 aggredientem
1409 3520 1686 3588 inexperte
1711 3534 1776 3574 ac
1805 3519 2025 3589 pericu-

458 3612 575 3666 lose
614 3612 1060 3665 exercitationem
1105 3611 1334 3680 (scilicet
1379 3611 1763 3684 monasticam)
1798 3627 1865 3667 eo
1896 3627 2023 3683 pro-

449 3703 710 3756 batiorem
746 3702 873 3756 licet
896 3702 1099 3765 dicere,
1133 3703 1226 3771 qui
1275 3702 1524 3755 eamdem
1580 3702 1874 3757 artiliciosa
1913 3701 2019 3766 via,

446 3802 502 3848 et
527 3808 718 3849 secure
754 3793 894 3847 init?
933 3794 1058 3863 quis
1096 3792 1295 3846 bellum
1328 3792 1529 3847 rectius
1558 3795 1715 3862 gerit,
1748 3803 1803 3848 et
1841 3792 2026 3848 hostes

447 3882 662 3942 facilius
688 3894 930 3952 superat,
972 3885 1018 3938 is
1054 3884 1146 3953 qui
1200 3882 1403 3937 furiose
1435 3883 1701 3937 adversus
1741 3882 2026 3952 oppositos

446 3977 648 4049 prodit,
683 3986 737 4032 et
791 3977 1021 4031 obversa
1080 3976 1219 4030 facie
1248 3977 1299 4028 in
1335 3975 1513 4030 aciem
1568 3975 1727 4028 irruit
1764 3974 2014 4029 inimico-

447 4086 593 4135 rum,
626 4070 711 4125 vel
749 4071 840 4140 qni
871 4069 1061 4139 majori
1089 4070 1281 4138 peritia
1324 4070 1628 4122 exercitum
1659 4068 1891 4121 ducendi
1929 4082 2025 4123 eos

445 4161 674 4227 invadit,
702 4170 756 4215 et
790 4161 1003 4216 insidiis
1033 4169 1088 4215 et
1131 4160 1511 4216 obsidionibus
1558 4160 1705 4229 ipsos
1755 4161 2013 4225 debellat,

446 4252 808 4321 prudentique
868 4252 1052 4305 animo
1132 4260 1395 4321 trepaum
1454 4251 1652 4321 erigit,
1706 4253 1802 4321 qui
1849 4253 2024 4306 multo

2129 3061 2425 3133 ερχόμενον
2465 3057 2543 3128 τῷ
2590 3054 2825 3126 ἠρεμεῖν
2872 3050 2932 3104 τὸ
2978 3046 3284 3119 παθητικὸν
3337 3045 3584 3098 ἐθίσαντι
3618 3042 3726 3096 δε-

2127 3152 2309 3216 λεάζει
2339 3150 2477 3221 πρὸς
2510 3147 2682 3210 πάθος
2714 3146 2815 3215 τῆς
2841 3143 3011 3211 ἕξεως
3048 3140 3148 3193 οὐκ
3168 3139 3249 3191 ἐτι
3278 3136 3548 3191 κινεῖσθαι
3578 3152 3725 3203 συγ-

2127 3244 2414 3316 χωρούσης
2437 3241 2529 3295 τδν
2562 3238 2919 3310 άπομαθὸντα
2960 3237 3028 3305 τῇ
3067 3231 3237 3301 πολλῇ
3269 3228 3470 3300 ἡσυχία
3500 3228 3601 3296 τὴν
3623 3227 3723 3279 κί-

2127 3357 2282 3410 νησιν
2308 3354 2322 3368 ’
2355 3337 2469 3399 πῶς
2501 3334 2596 3388 οὖν
2625 3334 2715 3388 τὸν
2771 3330 3040 3401 ἀπείρως,
3095 3324 3192 3379 xui.
3226 3319 3585 3381 ἐπικινδύνως
3612 3319 3725 3389 τὴν

2126 3430 2360 3499 ἄσκησιν
2404 3424 2826 3497 μετερχόμενον,
2874 3418 2969 3474 τοῦ
3009 3414 3343 3488 ἐμμεθόδως,
3397 3411 3492 3463 καὶ
3530 3410 3726 3477 ἀσφα-

2125 3522 2234 3586 λῶς
2254 3520 2353 3592 τὴν
2377 3520 2610 3589 ἄσκησιν
2631 3515 2910 3588 μετιόντος
2927 3508 3296 3583 δοκιμάπερὸν
3312 3507 3458 3557 ἐστιν
3484 3502 3669 3554 εἰπεῖν
3701 3519 3719 3563 ;

2128 3615 2225 3677 Τίς
2265 3612 2465 3684 μᾶλλον
2494 3608 2730 3678 πόλεμον
2771 3602 2984 3674 κατορθι
3011 3603 3057 3661 ί,
3097 3598 3193 3651 καὶ
3217 3595 3513 3666 πολεμίους
3549 3593 3721 3644 εὐκό-

2126 3704 2233 3768 λως
2254 3702 2556 3775 χειροῦται,
2577 3701 2605 3752 ὁ
2630 3695 2878 3766 μανικῶς
2900 3692 3043 3748 κατὰ
3060 3691 3167 3744 τῶν
3188 3684 3719 3775 άντιίτεῖταγμένων

2128 3773 2341 3867 χωρῶν,
2391 3791 2488 3846 καλ⁸
2536 3787 2956 3858 ἀντιπρόσωπος
2983 3784 3049 3853 τῇ
3091 3779 3335 3849 φάλαγγι
3354 3777 3473 3867 τῶν
3495 3773 3717 3867 ἐχθρῶν

2129 3865 2508 3955 προσπίπτων,
2542 3880 2576 3952 ἢ
2609 3874 3118 3949 στρατηγικώτερον
3147 3873 3177 3924 ό
3212 3868 3425 3930 τούτοις
3460 3865 3717 3918 ἐπιτιθέ-

2129 3993 2314 4046 μενος,
2333 3974 2431 4029 καὶ
2451 3973 2650 4043 λόχοις,
2674 3968 2768 4022 καὶ
2794 3965 3038 4037 ἐνέδραις
3061 3962 3259 4025 αὐτοὺς
3276 3956 3517 4030 εὐχερῶς
3541 3968 3717 4008 κατα-

2129 4068 2359 4133 ϐάλλων,
2412 4067 2506 4120 καὶ
2552 4063 2815 4135 φρονήσει
2853 4058 3117 4131 τρόπαιον
3151 4052 3467 4125 ἐγείρων,ῆ
3511 4052 3541 4104 ὁ
3572 4051 3717 4122 μετὰ,

2128 4160 2326 4215 πολλοῦ
2353 4159 2519 4213 πόνου
2574 4156 2672 4209 καὶ
2698 4154 2862 4224 φόνου
2907 4151 3021 4212 τοῖς
3058 4145 3327 4216 συστάδην
3373 4142 3713 4214 μαχομένοις

2128 4250 2556 4321 ἀνθιστάμενος;
2585 4247 2683 4309 Τίς
2717 4240 3075 4314 σωφροσύνην
3108 4238 3278 4300 δοκεῖ,
3313 4235 3409 4289 καὶ
3432 4236 3714 4303 σωφρονεί

446 4357 574 4397 cum
617 4342 805 4397 labore
844 4358 908 4397 ac
956 4344 1221 4412 sanguine
1249 4344 1337 4406 iis,
1383 4343 1479 4412 qui
1518 4344 1772 4399 cominus
1815 4353 2019 4399 certant

2132 4342 2274 4396 κατὰ
2301 4320 2391 4395 τὸν
2422 4338 2548 4392 νοῦν
2582 4334 2820 4406 ἀληθῶς,
2848 4335 2876 4387 ὁ
2910 4331 3115 4405 θηρίων
3144 4330 3359 4399 θυμοῖς,
3383 4325 3478 4380 καὶ
3509 4325 3709 4394 φλεγο-

447 4435 671 4492 stataria
725 4449 904 4505 pugna
944 4433 1191 4489 resistit?
1221 4433 1357 4500 Quis
1405 4435 1825 4505 temperantiam
1878 4437 2026 4490 asti-

449 4541 583 4596 mat,
617 4546 681 4586 ac
705 4531 755 4585 in
781 4544 961 4586 mente
989 4545 1113 4584 vere
1154 4539 1490 4601 temperatus
1523 4540 1649 4596 est;
1684 4530 1795 4595 ille,
1843 4533 1935 4601 qui
1967 4533 2022 4586 in

448 4627 687 4683 ferarum
714 4626 1047 4686 iracundias,
1079 4635 1135 4680 et
1175 4626 1454 4681 caminum
1491 4624 1914 4691 inﬂammatum,
1954 4638 2009 4682 et

447 4736 599 4777 mare
624 4720 974 4776 furibundum
1012 4720 1222 4790 irrepit,
1271 4721 1346 4775 vel
1390 4720 1487 4791 qui
1536 4734 1738 4775 noxam
1784 4720 2019 4776 istorum

448 4826 622 4883 cavet,
655 4834 719 4873 ac
748 4827 901 4873 extra
930 4815 1173 4886 pericula
1205 4816 1326 4871 est?

1053 4929 1282 4986 CAPUT
1314 4929 1423 4984 VII.

523 5049 676 5103 Sicut
706 5048 849 5103 enim
882 5063 1104 5117 corpus,
1154 5048 1299 5117 quod
1332 5047 1385 5101 in
1420 5046 1505 5102 liis
1543 5057 1792 5101 versatur
1834 5061 2021 5115 perpe-

450 5138 603 5207 titur,
653 5155 775 5209 qua
835 5138 1143 5193 necessario
1205 5138 1346 5191 idem
1393 5149 1592 5205 corpus
1658 5144 1919 5205 tangunt;
1954 5135 2025 5187 ita

450 5246 670 5300 sensus,
700 5236 792 5304 qui
846 5232 1195 5288 sensibilibus
1247 5231 1570 5296 inambulat,
1629 5230 1885 5284 materias
1928 5233 2027 5282 ad-

450 5339 644 5379 versus
673 5323 911 5377 animam
938 5321 1137 5391 prabet
1162 5321 1528 5390 passionibus,
1553 5327 1611 5372 ut
1638 5319 1737 5388 ipsi
1775 5328 2025 5382 noceant,

450 5414 616 5487 385
656 5428 762 5468 non
821 5414 1001 5468 minus
1039 5428 1202 5482 quam
1252 5428 1313 5466 ea
1351 5427 1471 5481 qua
1520 5411 1779 5463 diximus.
1824 5409 2025 5464 Natura

451 5518 534 5562 sat
568 5516 653 5562 est
682 5506 746 5560 ad
779 5515 1054 5562 certamen
1082 5506 1269 5560 nihile
1312 5503 1446 5558 foris
1478 5503 1578 5572 ipsi
1610 5503 1932 5557 inducamus
1962 5504 2027 5556 ad

450 5600 858 5667 epitulationcm
892 5615 1105 5669 pugna,
1134 5613 1255 5669 qua
1283 5605 1471 5652 contra
1527 5595 1890 5664 nosmetipsos
1925 5595 2019 5660 fit;

450 5690 609 5745 liabet
644 5692 841 5760 quippe
875 5692 1152 5761 proprium
1206 5691 1380 5760 ignem
1435 5687 1900 5757 concupiscentia,
1955 5703 2019 5741 ne

2136 4434 2274 4504 μένῃ
2319 4429 2538 4501 καμίνῳ
2605 4428 2702 4481 καὶ
2744 4425 3049 4496 μαινομένη
3096 4420 3341 4489 θαλάσσῃ
3389 4418 3710 4485 ἐπεισερχὸ-

2134 4540 2317 4596 μενος,
2339 4523 2373 4591 ἢ
2401 4522 2430 4573 ὁ
2461 4519 2560 4591 τὴν
2591 4518 2793 4589 βλάϐην
2822 4515 3002 4569 αὐτῶν
3026 4510 3456 4583 φυλασσόμενος,
3485 4507 3580 4560 καὶ
3605 4506 3714 4570 ἔξω

2128 4616 2238 4671 τῶν
2272 4613 2535 4669 κινδύνων
2558 4609 2727 4673 ἑστώς
2753 4626 2767 4673 ;

2718 4935 3096 5000 κεψιιειυσῖν.

2214 5051 2302 5115 Ὠς
2321 5050 2429 5121 γὰρ
2460 5049 2616 5117 σῶμα
2647 5048 2930 5116 γενόμενον
2957 5046 3015 5097 ἐν
3038 5044 3252 5107 τούτοις
3279 5042 3478 5110 πάσχει
3510 5039 3582 5091 τά
3616 5038 3715 5090 τοῦ

2134 5143 2381 5213 σώματος
2416 5140 2752 5208 ἀναγκαίως.
2793 5136 2966 5199 οὕτως
3011 5135 3264 5206 αἴσθησις
3299 5129 3717 5203 ἐπιρεμϐομένη

2129 5241 2242 5300 τοῖς
2270 5235 2547 5304 αἰσθητοῖς
2576 5232 2707 5294 ὔλας
2750 5229 2890 5283 κατὰ
2916 5231 3015 5300 τῆς
3047 5229 3226 5299 ψυχῆς
3254 5229 3365 5288 τοῖς
3398 5222 3599 5285 πάθεσι
3635 5221 3718 5273 δίο

2129 5329 2262 5383 δωσι
2298 5328 2434 5398 πρὸς
2466 5326 2526 5378 τὸ
2562 5324 2762 5394 βλάψαι
2830 5322 3035 5392 ταύτην
3081 5319 3187 5372 τῶν
3244 5316 3552 5388 είρημένων
3611 5312 3717 5364 οὐκ

2130 5422 2372 5475 ἔλαττον.
2420 5419 2606 5488 ’Λρκεῖ
2644 5418 2779 5488 πρὸς
2830 5416 3012 5486 μάχην
3054 5415 3086 5484 ἡ
3130 5412 3313 5480 φύσις,
3357 5408 3527 5479 μηδὲν
3577 5404 3718 5470 ἔξω·

2130 5513 2222 5567 θεν
2251 5512 2389 5583 αὐτῇ
2426 5511 2561 5580 πρὸς
2583 5510 2681 5580 τὴν
2709 5507 2829 5561 καθ’
2850 5507 3007 5578 ἡμῶν
3033 5502 3217 5559 αὐτῶν
3251 5500 3716 5567 ἐπεισαγάγωμεν

2131 5601 2448 5672 συμμαχίαν
2481 5615 2492 5628 ⁸
2531 5599 2643 5670 ἔχει
2707 5598 2816 5669 γὰρ
2862 5596 2994 5650 ἴδιον
3051 5596 3083 5664 ἡ
3134 5591 3400 5661 ἐπιθυμία
3466 5587 3599 5658 πῦρ,
3637 5586 3714 5654 μὴ

2129 5694 2299 5764 ἐχέτω
2351 5692 2625 5763 φρύγανα,
2674 5690 2768 5743 καὶ
2821 5688 2921 5741 οὐκ
2982 5686 3137 5753 αὔξει
3187 5684 3286 5757 τὴν
3328 5680 3521 5750 φλόγα.
3556 5678 3711 5743 Τάχα
