3918 6180
353 145 488 220 1069

1344 160 1442 221 DE
1474 151 2004 220 MONACHOBUM
2050 147 2545 214 PRESTANTIA

3459 142 3601 206 1070

348 264 507 318 τοῦτο
524 262 593 318 δι’
619 263 944 336 αἰνίγματος
975 265 1033 320 τὸ
1062 270 1285 340 νομικὸν
1305 267 1680 324 ὐπαινίττεται
1715 268 1922 336 λόγιον·
1959 313 1965 325 .

2058 264 2232 318 labeat
2286 262 2509 324 cremia,
2552 275 2644 314 seu
2689 257 2919 328 virgulta
2967 256 3138 318 arida,
3175 263 3227 308 et
3277 269 3382 308 non
3432 253 3599 306 adau-

354 370 373 402 ι
413 353 540 408 Ἐὰν
571 353 811 424 ἐξελθὸν,
847 357 1004 430 φησὶ,
1050 361 1164 432 πῦρ
1196 359 1336 436 εὕρῃ
1365 349 1608 426 ἀκάνθας
1637 361 1732 414 καὶ
1762 377 1930 430 προσ-

346 445 612 516 εμπρῆσῃ
663 445 878 501 ἅλωνα*
923 452 1174 506 ἀποτίσει
1221 455 1250 506 ὁ
1294 455 1354 506 τὸ
1399 454 1512 522 πῦρ
1565 452 1863 516 ἐκκαύσας,
1908 468 1926 501 ι

348 538 532 591 ἅλωνα
553 535 728 604 λέγων
769 537 839 590 τὰ
877 537 1046 608 πάθη,
1080 537 1190 609 πῦρ
1223 538 1322 602 τὰς
1361 539 1460 608 τῆς
1489 539 1704 608 φύσεως
1730 538 1929 609 ὁρμάς,

274 653 296 688 -_
349 625 594 688 ἀκάνθας
618 625 689 678 τὰ
713 626 968 696 αἰσθητά,
1015 628 1090 698 μὴ
1137 627 1576 698 μεσιτευέτωσαν
1623 622 1805 691 αὗται,
1839 628 1934 681 καὶ

349 718 446 788 τῆς
469 717 676 796 ἅλωνος
701 716 942 785 ἀψασθαι
968 717 1078 789 πῦρ
1103 721 1290 790 χώραν
1324 720 1425 773 οὐκ
1440 718 1553 788 ἔχει
1572 719 1657 792 ,μὴ
1680 719 1934 788 εὑρίσκον

352 805 509 878 ὓλην,
537 806 604 859 δι’
631 801 700 878 ἦς
727 797 812 859 ἐπ’
846 806 1017 877 αὐτὴν
1055 807 1266 860 ὀδεύσει
1297 797 1635 878 φλεγδμενον
1658 824 1672 838 ⁸
1714 809 1934 873 πάντως

353 892 522 968 γάρῆ
559 898 926 968 σδεσθήσεται
964 899 1245 964 παντελῶς
1305 902 1511 973 ἀπορίᾳ
1559 903 1789 974 τροφῆς.
1841 904 1934 957 καὶ

353 990 670 1061 τελευτήσει
710 987 792 1052 είς
845 989 1050 1062 τέφραν
1104 991 1204 1062 τὴν
1248 993 1624 1062 σημαίνουσαν
1661 983 1763 1064 τῆς
1805 996 1936 1049 ποτὲ

355 1081 691 1153 τυραννίδος,
729 1080 824 1134 καὶ
878 1081 1087 1145 πάθους
1131 1082 1371 1153 ἐσχάτην
1399 1084 1706 1151 ἀσθένειαν,
1737 1083 1768 1158 ἦ
1803 1103 1937 1157 σμυ-

354 1175 586 1246 χόμενον
611 1176 668 1228 ὲν
705 1172 971 1243 σπινθῆρι
994 1173 1262 1241 διαμενεῖ,
1299 1167 1465 1246 μηδὲν
1498 1176 1756 1253 βλάπτον,
1783 1181 1847 1249 τῇ
1879 1178 1937 1232 δὲ

353 1260 478 1336 δψει
511 1261 782 1347 διδάσκον,
810 1264 885 1328 ὡς
911 1265 1135 1319 δύναται
1184 1264 1386 1336 βλάψαι
1425 1269 1556 1321 ποτὲ
1597 1268 1818 1339 λάμψαν
1859 1270 1939 1332 είς

356 1357 554 1429 φλόγα,
581 1356 675 1410 ἐὰν
715 1355 849 1426 ὕλης
887 1355 1171 1430 εὐπορήσῃ
1207 1357 1343 1424 πρὸς
1390 1357 1486 1430 τὴν
1531 1359 1814 1432 παροῦσαν
1851 1359 1940 1414 δύ-

356 1459 522 1518 ναμιν
550 1447 886 1517 ἐπιτηδείας·
917 1446 980 1500 οὐ
1024 1449 1134 1519 γὰρ
1171 1439 1334 1511 εὐθὺς
1365 1448 1537 1513 ξύλων
1581 1451 1941 1522 περιδραττε-

357 1543 446 1592 ται
488 1535 720 1607 σπινθὴρ
766 1535 887 1590 οὐδὲ
941 1536 1202 1606 σχίδακας
1224 1537 1632 1608 παρατεθείσας
1683 1539 1936 1602 ἀνάπτει,

359 1627 580 1699 ἀχύρων
623 1626 678 1679 δὲ
726 1625 947 1697 χρῄζει,
995 1626 1091 1678 καὶ
1149 1614 1428 1698 καλάμης,
1451 1620 1546 1680 καὶ
1581 1618 1774 1700 χόρτου
1805 1630 1942 1700 πρὸς

358 1725 420 1776 τί)
449 1723 543 1776 καὶ⁹
572 1711 670 1794 τῆς
701 1712 1000 1794 ἁδροτέρας
1030 1722 1164 1793 ’ὐλης
1207 1723 1613 1793 περιγενέσθαι.
1639 1725 1755 1777 Ἵνα
1776 1726 1937 1795 ἡμεῖς

364 1811 626 1884 μάθωμεν
687 1811 956 1883 ἀκριϐῶς,
989 1811 1165 1864 ὄτιτά
1225 1812 1425 1881 μικρὰ,
1478 1814 1574 1866 καὶ
1613 1813 1803 1885 εὐτελῆ
1829 1814 1938 1868 τῶν

361 1903 780 1975 ἁμαρτημάτων
805 1905 954 1974 ἡμᾶς
980 1903 1248 1972 προσάγει
1271 1893 1385 1966 τοῖς
1419 1903 1654 1974 μείζοσι,
1697 1907 1792 1960 καὶ
1819 1909 1852 1976 ἡ
1880 1910 1938 1960 ὲν

361 1991 592 2058 ὲκείνοις
617 1995 911 2067 ἀδιαφορία
939 1995 1054 2059 ὁδὸς
1090 1995 1182 2048 ἐπὶ
1213 1996 1280 2048 τὰ
1314 1995 1670 2068 χαλεπώτερα
1703 1997 1932 2066 γίνεται.

2032 357 2179 428 gebit
2221 354 2514 410 ﬂammam.
2555 353 2802 407 Forsitan
2833 345 2935 404 hoc
2968 349 3305 405 subobscure
3341 362 3434 416 per
3469 347 3604 401 ami-

2032 461 2153 517 gma
2177 447 2423 516 designat
2460 445 2594 513 legis
2624 443 2930 498 oraculum.
2970 458 2989 491 ι
3029 439 3088 494 Si
3145 453 3398 510 egressus
3444 437 3605 508 ignis,

2037 538 2233 608 inquit,
2261 537 2530 592 invenerit
2575 537 2783 607 spinas,
2815 544 2870 590 et
2897 525 3203 588 incenderit
3233 545 3457 596 aream;
3490 547 3609 600 pcr-

2035 629 2230 691 solvet,
2257 629 2349 699 qui
2377 628 2722 682 succenderit
2748 627 2926 698 ignem
2961 625 3032 689 '°;
3065 643 3082 676 ι
3119 635 3304 679 aream
3343 620 3459 675 sive
3501 624 3612 673 l'ru-

2037 739 2164 794 gum
2217 735 2474 776 acervum
2514 718 2705 772 dicens
2766 717 3070 786 passiones,
3131 715 3308 786 ignem
3338 727 3611 778 vero,na-

2035 824 2170 870 tura:
2207 813 2491 873 motiones,
2547 810 2731 879 spinas
2781 820 2962 862 au'em
3003 806 3304 863 sensibilis.
3366 819 3435 859 ne
3494 806 3612 873 ipsa

2037 908 2478 976 interponantur,
2515 914 2566 958 et
2586 903 2725 973 ignis
2754 917 2862 956 non
2894 901 3088 971 poterit
3107 913 3290 952 aream
3321 897 3610 964 attingere.

2037 998 2240 1069 quippe
2271 996 2363 1066 qui
2406 1012 2512 1050 non
2557 995 2794 1050 inveniet
2860 992 3168 1056 materiam,
3209 992 3329 1060 per'
3354 1004 3519 1059 quam
3549 989 3614 1040 ad

2039 1091 2212 1162 ipsam
2242 1104 2425 1145 arcam
2453 1089 2554 1143 sibi
2585 1083 2747 1143 faciat
2794 1087 2896 1142 iter
2946 1084 3317 1139 inﬂammatus
3349 1098 3362 1134 :
3395 1080 3620 1135 omnino

2039 1171 2185 1239 enim
2209 1182 2700 1251 autexstinguetur
2749 1187 2894 1233 lotus
2919 1193 3030 1247 prae
3061 1175 3246 1245 pabuli
3296 1173 3544 1244 penuria,
3567 1183 3622 1224 ct

2041 1279 2094 1334 in
2127 1279 2362 1334 cinerem
2415 1277 2649 1340 desinet,
2687 1275 3060 1345 designantem
3107 1269 3414 1342 tyrannidis
3457 1277 3622 1336 atque

2043 1369 2333 1440 passionis,
2377 1383 2498 1438 qum
2547 1367 2820 1435 quondam
2853 1364 3020 1435 viguit
3073 1372 3372 1416 extremam
3429 1357 3621 1413 debili-

2043 1468 2248 1524 tatem;
2292 1468 2388 1512 aut
2442 1465 2803 1526 consumptus
2861 1456 2914 1509 in
2965 1454 3205 1509 scintilla
3260 1450 3618 1524 permanebit.

2045 1551 2176 1604 nihil
2209 1551 2414 1604 interea
2441 1563 2666 1610 nocens,
2703 1548 2812 1600 imo
2853 1546 3001 1600 visus
3038 1545 3293 1604 edocens.
3341 1541 3485 1612 quod
3525 1558 3620 1610 po-

2051 1649 2155 1694 test
2181 1639 2483 1708 aliquando
2515 1652 2708 1692 nocere
2759 1634 3124 1690 exardescens
3152 1633 3206 1687 in
3238 1632 3537 1694 ﬂammam,
3579 1631 3623 1683 si

2045 1731 2407 1786 abundaverit
2463 1727 2686 1784 materia
2723 1727 2788 1782 ad
2837 1726 3157 1798 potentiam,
3220 1739 3385 1794 quam
3443 1722 3623 1778 habet.

2047 1822 2278 1888 idonea;
2330 1837 2431 1891 nec
2463 1822 2608 1876 enim
2658 1819 2844 1874 statim
2893 1818 3038 1887 ligna
3091 1815 3449 1886 apprehendit
3477 1813 3626 1868 scin-

2046 1913 2180 1978 tilla,
2221 1927 2320 1966 nec
2363 1912 2579 1966 assulas
2626 1907 2908 1980 appositas
2939 1905 3210 1969 accendit,
3248 1902 3422 1972 paleis
3445 1912 3626 1955 autem

2043 2019 2181 2073 opus
2230 2003 2394 2058 habet
2441 2011 2496 2057 et
2516 2001 2755 2072 stipula,
2788 2011 2843 2056 et
2870 1998 3016 2062 l‘eno,
3044 1996 3110 2050 ad
3159 1997 3261 2051 hoc
3293 2003 3354 2049 ut
3385 1995 3626 2050 crassio-

362 2099 475 2144 rem
511 2101 727 2159 quoque
787 2088 970 2144 vincat
1033 2089 1346 2175 materiam:
1383 2099 1442 2143 ut
1487 2106 1587 2144 nos
1635 2093 1791 2160 plene
1833 2094 2165 2159 ediscamus,
2214 2096 2359 2165 quod
2417 2111 2579 2166 parva
2647 2103 2701 2148 et
2734 2092 2921 2148 exilia'
2964 2098 3182 2160 peccata
3249 2102 3348 2141 nos
3390 2085 3456 2140 ad
3517 2100 3632 2138 ma-

363 2179 482 2251 iora
503 2180 808 2252 pcrditeun't
857 2190 912 2237 et
941 2180 1336 2246 indill‘erentia,
1371 2198 1492 2253 quae
1526 2183 1578 2236 in
1616 2183 1722 2238 illis
1744 2195 1851 2249 est,
1877 2185 1942 2240 ad
1987 2188 2323 2242 molestiora.

993 2318 1244 2372 KE¢AA.
1280 2317 1359 2371 H'.

437 2429 550 2484 Καὶ
575 2427 657 2483 δεῖ
693 2429 768 2501 μὴ
795 2428 951 2492 ἔθους
997 2428 1184 2492 αὐτοῖς
1222 2429 1486 2500 παρέχειν
1532 2429 1778 2500 ἀγωγὴν,
1815 2430 1947 2503 μηδὲ

370 2520 686 2592 ἐπιτρέπειν
707 2520 1090 2591 παρακύπτειν
1113 2520 1367 2584 ἀναιδῶς,
1393 2523 1658 2591 ἐπιτιμᾷν
1677 2521 1733 2574 δὲ
1759 2537 1945 2592 προοι-

374 2609 726 2683 μιαζομένοις
766 2612 1064 2682 μέλλουσαν
1120 2612 1444 2683 παρρησίαν
1495 2614 1595 2684 μὲν
1644 2613 1743 2684 τὴν
1772 2625 1946 2682 κεφα-

369 2703 472 2775 λὴν
499 2703 581 2756 ἔτι
627 2704 936 2767 σαίνουσαν,
989 2705 1118 2774 πρὶν
1164 2705 1267 2775 τῆς
1318 2705 1558 2776 πτέρνης
1599 2705 1947 2775 ἐπιλάϐηται,

374 2793 578 2848 θλίϐειν
610 2794 704 2846 τοῦ
739 2796 936 2865 δφεως,
973 2796 1069 2849 καὶ
1091 2795 1312 2867 σπέρμα
1337 2795 1644 2866 δλοθρεύειν
1669 2799 1734 2850 ἐκ
1767 2797 1948 2850 816w-

372 2883 563 2948 λῶνος,
590 2883 685 2937 καὶ
708 2883 776 2936 τὰ
801 2885 974 2953 νήπια
1011 2884 1217 2954 ταύτης
1247 2884 1526 2953 ὲδαφίζειν
1561 2885 1698 2955 πρὸς
1720 2886 1819 2956 τὴν
1845 2886 1948 2939 πέ-

372 2991 532 3047 τραν,
585 2974 654 3046 ἢν
683 2976 716 3045 ἡ
741 2974 836 3028 τοῦ
898 2975 1104 3045 ἄρθρου
1155 2977 1466 3048 προσθήκη,
1507 2977 1636 3047 μίαν
1662 2976 1830 3031 οὖσαν
1855 2996 1952 3049 ση-

376 3067 583 3136 μαίνει·
617 3067 716 3120 καὶ
737 3067 847 3138 γάρ
880 3069 945 3138 τῇ
990 3067 1200 3138 κεφαλῇ
1234 3069 1578 3140 παραδυείση
1618 3067 1766 3133 ἅπας
1800 3069 1829 3121 ὁ
1865 3071 1956 3123 ὀλ-

375 3161 471 3224 κδς
510 3159 939 3231 συνεισέρχεται,
975 3159 1069 3212 καὶ
1103 3160 1164 3212 τὸ
1189 3159 1413 3230 σπέρμα
1445 3160 1554 3214 τῶν
1577 3160 1840 3226 ζιζανίων
1868 3163 1956 3234 ρι-

377 3252 552 3317 ζωθὲν
577 3253 890 3325 ἐμποδίζειν
919 3255 986 3324 τῇ
1013 3251 1218 3325 βλάστῃ
1231 3252 1338 3306 τῶν
1362 3252 1589 3324 ἡμέρων
1613 3252 1828 3321 πέφυκε
1857 3271 1958 3323 φυ-

375 3345 510 3408 τῶν,
541 3345 638 3399 καὶ
689 3345 1022 3416 ἀδρυνθέντα
1059 3345 1128 3398 τά
1159 3347 1330 3414 νήπια
1373 3347 1474 3399 οὐκ
1511 3347 1768 3418 ἀνεκτὴν,
1809 3347 1954 3416 ἀμφ.

379 3437 604 3507 ήριστον
633 3436 709 3498 δὲ.
745 3438 840 3490 καὶ
884 3436 1182 3506 ἐναγώνιον
1220 3437 1380 3492 εἴωθε
1411 3438 1511 3508 τὴν
1535 3441 1716 3511 μάχην
1749 3445 1919 3496 ποιεῖν
1945 3459 1958 3470 ο

380 3525 477 3578 καὶ
511 3524 838 3594 σημαίνεται
857 3525 950 3579 διὰ
984 3525 1192 3580 τούτων
1230 3527 1297 3580 τά
1329 3527 1476 3600 πάθη
1507 3529 1583 3592 ὡς
1613 3532 1670 3583 ἐν
1695 3532 1836 3602 ἀρχῇ
1864 3533 1964 3601 μέν

376 3619 528 3670 ἔστιν
567 3617 837 3681 εὐαλωτα,
863 3617 977 3671 ἔθει
1006 3618 1064 3671 δὲ
1095 3619 1468 3689 κρατυνθέντα
1493 3623 1572 3684 είς
1608 3622 1796 3694 ἀκμὴν
1827 3626 1964 3696 πρό-

380 3721 512 3773 εισι,
536 3707 631 3761 καὶ
655 3707 1139 3777 δυσκαταγώνιστοι
1169 3710 1402 3778 γίνεται,
1439 3712 1580 3780 μετά
1627 3713 1690 3766 τὸ
1717 3714 1966 3784 κάματον

385 3798 646 3870 παρέχειν
697 3801 755 3852 ἐν
777 3802 844 3870 τῇ
878 3800 1024 3874 πάλῃ
1078 3801 1264 3855 πολύν.
1301 3802 1422 3855 Ἔτι.
1451 3803 1508 3855 δὲ
1535 3804 1630 3857 καὶ
1667 3805 1962 3878 εὐχέρειαν

384 3891 545 3962 ἡμῶν
573 3894 666 3946 καὶ
696 3892 884 3946 ἄνοιαν
912 3893 1331 3964 κατηγοροῦντα
1358 3893 1559 3966 δεινὴν,
1595 3896 1718 3951 καθ’
1752 3899 1967 3952 ἑαυτῶν

386 3983 682 4055 πολεμίους
729 3983 1069 4055 ηὐξήσαμεν,
1101 3985 1196 4047 οὓς
1245 3986 1495 4040 καθελεῖν
1533 3989 1778 4052 ἀσθενεῖς
1807 3990 1968 4054 ὄντας

385 4072 455 4148 ἦν
482 4076 548 4130 ἓν
581 4079 713 4148 ἡμῖν
761 4078 1029 4142 εὐπετῶς.
1056 4078 1251 4142 Οὐτως
1299 4078 1408 4150 γάρ
1445 4080 1640 4151 καιρὸν
1667 4077 1814 4152 εἶχεν
1847 4082 1967 4154 avi)

386 4169 601 4222 διάνοια
648 4169 794 4239 μετά
854 4168 952 4241 τὴν
999 4169 1110 4223 τῶν
1148 4171 1461 4227 ἀντιπάλων
1508 4172 1715 4243 φθοράν
1748 4174 1971 4246 εἰρήνην

2627 2314 2860 2379 CAPUT
2905 2316 3036 2377 Vlll.

2126 2434 2463 2508 Quapropter
2495 2451 2598 2490 non
2628 2446 2844 2507 oportet
2884 2435 3025 2489 viam
3052 2434 3188 2504 ipsis
3227 2429 3464 2502 praebere
3499 2441 3632 2484 con-

2055 2529 2379 2592 suetudinis,
2431 2542 2607 2598 neque
2637 2528 2970 2596 permittere,
3003 2527 3062 2579 ut
3091 2522 3290 2578 nedum
3327 2535 3423 2591 per
3449 2529 3632 2574 trans-

2053 2633 2252 2675 ennam
2288 2619 2452 2690 385
2482 2619 2750 2689 aspiciant
2781 2617 3142 2686 impudenter,
3175 2627 3362 2669 verum
3395 2611 3632 2665 l‘uturam

2055 2708 2339 2762 audaciam
2397 2707 2486 2772 iis,
2527 2706 2657 2760 dum
2713 2705 2888 2776 primo
2923 2705 3300 2764 exordiantur,
3331 2700 3634 2768 increpare.

2056 2800 2111 2852 et
2155 2799 2420 2868 serpentis
2463 2806 2625 2868 caput
2699 2797 2882 2852 statim
2912 2811 2975 2852 ac
3007 2805 3290 2858 movetur,
3333 2801 3636 2854 conterere,

2056 2891 2373 2960 priusquam
2408 2888 2722 2944 calcaneum
2755 2887 3126 2958 apprehendat
3150 2879 3219 2950 ιι,
3253 2895 3419 2954 atque
3445 2895 3630 2938 semen

2059 2997 2088 3036 a
2113 2980 2385 3052 Babylone
2429 2981 2644 3050 penitus
2672 2975 2911 3043 abolere,
2941 2973 3224 3049 ipsiusque
3258 2975 3493 3030 inlantes
3519 2973 3642 3027 alli-

2059 3075 2187 3128 dere
2221 3073 2286 3128 ad
2313 3083 2520 3143 petram
2545 3073 2610 3136 η,
2635 3086 2800 3142 quam
2853 3071 3073 3125 articuli
3116 3069 3320 3125 additio
3365 3066 3639 3136 signilicat

2060 3179 2224 3217 unam
2261 3163 2564 3230 exsistere;
2605 3163 2810 3217 etenim
2861 3164 3040 3232 capite
3089 3161 3435 3216 subintrante
3490 3167 3638 3212 totus

2061 3263 2271 3309 tractus
2300 3255 2463 3309 simul
2519 3255 2847 3324 ingreditur;
2877 3263 2928 3309 et
2959 3267 3143 3308 semen
3209 3252 3484 3313 Ioliorutn,
3546 3264 3639 3304 seu

2061 3347 2396 3402 zizaniorum
2429 3347 2692 3402 radicitus
2750 3346 3014 3411 delixum,
3067 3345 3375 3414 plantarum
3435 3343 3642 3398 sativa-

2066 3454 2185 3492 rum
2214 3438 2458 3508 germina
2513 3437 2774 3506 impedire
2823 3437 3150 3501 consuevit;
3202 3445 3256 3489 et
3307 3416 3544 3488 infantes
3573 3433 3638 3485 ad

2075 3529 2443 3583 naturitatem
2510 3526 2746 3597 provecti
2807 3525 3224 3590 intolerabilem,
3279 3534 3334 3577 et
3391 3524 3646 3592 utrinque

2065 3631 2468 3691 controversam
2522 3619 2947 3688 athleticamque
3000 3631 3238 3685 pugnant
3290 3615 3438 3669 ciere
3485 3627 3642 3667 esse-

2066 3711 2213 3776 lent;
2258 3725 2462 3780 perque
2499 3710 2616 3765 haec
2674 3710 2855 3765 omnia
2920 3708 3274 3776 designantur
3337 3703 3644 3775 passiones,

2065 3805 2210 3874 quod
2236 3804 2495 3858 nimirum
2553 3802 2608 3857 in
2653 3802 2926 3872 principio
2982 3800 3202 3870 quidem
3265 3797 3424 3853 facile
3471 3811 3646 3867 expu-

2069 3907 2325 3969 gnantur,
2354 3897 2755 3953 consuetudine
2785 3911 2914 3950 vero
2941 3902 3283 3949 assumentes
3314 3891 3485 3947 robur
3519 3905 3646 3960 pro-

2068 3992 2270 4048 cedunt
2299 3992 2363 4046 a'd
2391 3990 2655 4061 vigorem,
2709 3989 2958 4058 ﬁuntque
3009 3993 3320 4056 expugnatu
3370 3982 3645 4040 dil'liciles.

2070 4093 2356 4152 postquam
2384 4081 2680 4151 plurimmn
2715 4078 3048 4150 praebuerint
3094 4077 3337 4131 laborem
3370 4074 3423 4128 in
3472 4083 3646 4128 certa-

2071 4174 2252 4239 mine;
2279 4187 2402 4242 quae
2433 4180 2694 4242 praaterea
2727 4170 2998 4225 levitatem
3036 4177 3302 4234 nostram,
3335 4175 3392 4222 et
3429 4180 3648 4236 grave-ri

389 4262 600 4330 ἄγουσα
650 4263 788 4332 πρὸς
840 4261 1074 4335 θεωρίαν
1119 4264 1419 4334 τραπῆναι,
1489 4266 1583 4318 καὶ
1627 4265 1726 4328 τὰς
1763 4267 1965 4330 οἰκείας

2075 4272 2337 4319 accusant
2367 4262 2720 4326 dementiam,
2753 4277 2820 4316 eo
2871 4260 3014 4332 quod
3043 4271 3234 4314 contra
3288 4257 3653 4328 nosmetipsos

391 4353 710 4423 γεωργῆσαι
734 4351 1016 4422 δυνάμεις.
1049 4353 1222 4406 Τοῦτο
1264 4353 1374 4425 γάρ
1395 4353 1424 4405 ὁ
1455 4354 1557 4425 μέν
1585 4371 1669 4418 τις
1700 4355 1808 4408 τῶν
1837 4372 1971 4424 προ-

392 4444 580 4514 φητῶν
611 4463 766 4516 φησί’
807 4463 828 4496 ι
870 4443 1213 4514 Συγκὸψουσι
1245 4447 1343 4510 τὰς
1371 4446 1648 4518 μαχαίρας
1679 4445 1860 4499 αὐτῶν
1889 4447 1971 4509 εἰς

391 4537 621 4610 ἄροτρα,
659 4537 878 4602 καὶτὰς
907 4537 1133 4602 ζιϐὐνας
1171 4539 1250 4600 είς
1289 4537 1552 4608 δρέπανα,
1591 4536 1970 4611 παρελθοῦσαν

391 4630 461 4681 τά
491 4628 786 4700 πολεμικὰ,
819 4632 908 4684 καὶ
939 4632 1052 4693 τοῖς
1082 4630 1182 4699 τῆς
1223 4630 1450 4700 εἰρήνης
1485 4629 1852 4699 εὐκαιροῦσαν
1879 4629 1905 4682 ἓ
1914 4645 1973 4696 ρ-

393 4736 512 4788 γοις
562 4723 844 4794 σημαίνων
877 4724 1238 4777 κατάστασιν.

2078 4353 2612 4411 accumulaverimus
2648 4353 2853 4413 hostes.
2877 4367 3036 4421 quos,
3062 4365 3186 4405 cum
3213 4359 3398 4405 essent
3426 4349 3649 4403 debiles.

2077 4449 2262 4502 nostra
2290 4453 2408 4501 erat
2461 4445 2516 4498 in
2575 4451 2844 4514 potestate
2898 4442 3214 4496 interimere
3248 4437 3502 4509 perfacile
3532 4453 3545 4486 :
3575 4438 3655 4489 sic

2075 4537 2277 4607 quippe
2317 4536 2660 4591 occasionem
2714 4534 2936 4588 haberet
2983 4532 3290 4585 intellectus
3355 4537 3476 4596 post
3515 4535 3655 4580 stra-

2081 4646 2200 4701 gem
2234 4627 2688 4684 adversariorum
2718 4640 2850 4694 pace
2907 4623 3094 4678 fruens
3123 4621 3188 4675 ad
3237 4617 3655 4688 contemplatio-

2084 4735 2207 4774 nem
2241 4733 2360 4773 sese
2387 4717 2760 4781 convertendi,
2788 4725 2952 4786 atque
2981 4713 3231 4783 proprias
3259 4709 3540 4766 excolendi
3575 4709 3653 4761 l'a-

395 4817 646 4870 cultates.
670 4813 782 4870 Hoc
811 4815 956 4871 enim
989 4831 1131 4870 unus
1152 4814 1372 4884 quidem
1401 4812 1785 4882 prophetarum
1847 4812 2011 4868 dicit:
2055 4829 2073 4864 ι
2139 4810 2444 4865 Concident
2491 4809 2703 4879 gladios
2735 4822 2869 4863 suos
2905 4807 2960 4860 in
3010 4819 3282 4866 vomeres,
3312 4810 3365 4856 et
3391 4801 3577 4856 hastas
3605 4801 3655 4853 in

400 4907 636 4972 falces“,
681 4927 700 4961 ι
730 4909 1044 4979 signiﬁcans
1102 4916 1301 4963 statum
1337 4905 1838 4976 prater-mittentem
1894 4921 1980 4961 res
2015 4905 2259 4968 bellicas,
2322 4913 2378 4959 ct
2435 4904 2488 4957 in
2527 4903 2678 4973 pacis
2704 4901 2964 4972 operibus
3008 4899 3182 4953 otium
3240 4911 3399 4952 smnn
3451 4897 3653 4964 impen-

400 4997 638 5053 dentem.

1013 5111 1262 5166 ΚΕΦΑΛ.
1288 5111 1369 5165 0⁸.

480 5225 538 5280 Ὀ
568 5226 646 5291 δὲ,
683 5242 702 5276 ι
747 5225 808 5278 Οί
837 5223 1107 5293 ὀφθαλμοί
1138 5240 1232 5276 σου
1255 5221 1475 5292 ὄψονται
1503 5219 1629 5282 τούς
1663 5214 1980 5281 πλανῶντάς

2678 5093 2904 5151 CAPUT
2940 5091 3032 5147 IX.

2161 5215 2308 5268 Alter
2344 5203 2472 5266 vero
2507 5209 2739 5282 (scilicet
2766 5191 3176 5278 prophetarum)
3218 5204 3428 5275 inquit:
3469 5221 3488 5255 ι
3527 5201 3660 5259 Ocu-

401 5329 484 5384 σε,
517 5318 611 5372 καὶ
639 5317 706 5370 τὰ
737 5311 854 5369 ὦτά
879 5332 970 5369 σου
990 5312 1312 5368 ἀκούσονται
1347 5311 1457 5363 τῶν
1478 5309 1652 5364 ὀπίσω
1683 5325 1743 5361 σε
1779 5307 1965 5375 ἰτλανη⁴

2090 5305 2124 5359 li
2166 5306 2244 5360 tui
2290 5303 2550 5356 videbunt
2593 5315 2688 5356 eos
2741 5300 2835 5370 qui
2883 5307 2936 5355 te
2985 5299 3350 5366 deceperunt,
3389 5305 3444 5350 et
3501 5311 3664 5350 aures

401 5410 634 5464 σάντων.
673 5428 691 5459 ι
731 5408 886 5463 Μετά
914 5407 976 5460 τὸ
1013 5403 1329 5460 παύσασθαι
1375 5401 1473 5473 τὴν
1505 5401 1606 5473 τῆς
1642 5401 1822 5470 μάχης
1863 5397 1965 5464 σύγ

2090 5405 2196 5450 tua:
2253 5395 2476 5450 audient
2496 5410 2592 5449 eos
2647 5392 2738 5463 qui
2772 5400 2822 5446 te
2853 5400 3004 5445 retro
3029 5389 3365 5458 deceperunt
3393 5387 3472 5454 “;
3512 5405 3530 5438 ι
3584 5386 3664 5440 (ιι-ι

487 5585 531 5616 ¹⁶
560 5581 734 5637 Exod.
768 5597 903 5644 χχιι,
935 5581 988 5634 6.

1069 5580 1107 5610 ¹¹
1135 5577 1271 5632 Gen.
1299 5593 1375 5627 ιιι.
1410 5575 1493 5627 15.
1575 5575 1616 5605 "
1643 5572 1783 5628 Psal.
1815 5585 2034 5629 cum,
2060 5568 2112 5625 9.
2191 5568 2233 5599 ⁸³
2267 5568 2534 5632 .\licl-..1v,
2571 5564 2626 5620 5.

2711 5563 2759 5596 "‘
2799 5560 2903 5617 Isa.
2937 5578 3064 5628 xxx,
3094 5561 3196 5625 20,
3223 5559 3287 5612 2|
3309 5601 3325 5614 .
