3956 6206
438 373 576 440 19⁵15

1918 379 1976 449 S,
2019 379 2180 438 ΝΠ]

3578 371 3769 438 10'36

435 506 463 544 ιι
494 487 738 557 cognatis
762 487 1050 565 proserpit.
1083 488 1282 543 Verum
1326 488 1470 560 quod
1516 489 1692 558 majus
1752 497 1835 542 est
1899 503 2006 557 pra:

2131 487 2296 540 :ssOat
2327 486 2551 556 βλάϐην.
2584 486 2690 539 Καὶ
2721 486 2780 540 ce
2809 487 2872 556 δὴ
2908 487 3095 557 μεῖζον
3121 488 3398 550 ἀπάντων,
3423 486 3507 540 διά
3555 483 3774 538 τοῦτο

435 577 719 640 unmibus,
764 589 827 629 ea
849 575 916 630 de
945 591 1109 631 causa
1167 576 1432 632 Dominus
1481 575 1662 643 Jesus,
1713 575 1807 646 qui
1857 577 2006 631 omni

434 680 575 719 noxa
609 667 858 736 superior
887 675 990 732 est,
1019 667 1280 724 secedens
1308 684 1338 723 a
1361 669 1732 732 multitudine,
1761 667 1808 723 si
1833 683 2007 738 quan-

433 773 502 812 eo
532 759 793 828 temporis
826 761 1114 830 opportuni
1145 760 1484 816 vacationem
1517 767 1781 830 captaret,
1822 757 2008 813 diver-

435 851 658 906 sabatur
691 851 744 904 in
785 852 1194 915 solitudinibus,
1237 852 1343 917 his,
1373 851 1466 920 qui
1505 851 1808 920 diiudicare
1862 851 2008 904 vale-

438 944 588 1005 bant,
639 958 803 1013 opere
860 943 1243 1000 demonstrans
1298 945 1586 998 utilitatem
1649 942 1887 1013 quietis;
1948 951 2007 996 ut

437 1031 805 1098 manifestum,
837 1042 888 1088 et
915 1018 1066 1089 extra
1101 1035 1526 1090 controversiam
1556 1033 1796 1102 undique
1833 1035 2005 1097 tieret,

436 1123 580 1192 quod
617 1124 722 1187 bis,
757 1124 849 1192 qui
901 1125 1112 1184 vivendi
1157 1126 1375 1178 modum
1411 1124 1676 1180 trivialem
1716 1133 1770 1178 et
1799 1125 2006 1193 promi-2

434 1228 626 1270 senum
665 1224 1068 1280 consectantur,
1108 1216 1234 1270 licet
1265 1216 1528 1286 gravitate
1581 1223 1859 1285 praestent,
1920 1224 2005 1268 ta-

433 1320 554 1358 men
597 1305 652 1368 ii,
682 1305 774 1375 qui
804 1305 968 1360 vitam
1025 1306 1424 1375 amplectuntur.
1452 1305 1615 1376 390
1650 1305 2005 1360 monasticam

431 1407 485 1451 et
517 1412 731 1456 secessu
766 1407 1055 1462 remotam,
1102 1407 1226 1454 sunt
1273 1397 1630 1462 antelcrendi,
1663 1397 1864 1467 quippe
1913 1397 2006 1465 qui

432 1489 654 1560 sopiunt
703 1489 888 1562 quiete
936 1489 1239 1561 passiOues,
1272 1506 1409 1560 quas
1440 1490 1514 1543 illi
1575 1501 1798 1560 aspectu
1854 1490 2004 1553 alTri-

431 1589 560 1635 cant
608 1579 833 1643 assiduo
855 1578 919 1632 ad
951 1581 1216 1649 asperius,
1249 1589 1303 1644 et
1350 1580 1500 1634 nullo
1551 1579 1717 1643 modo
1751 1581 1856 1636 tale
1913 1597 2010 1634 no-.

437 1677 750 1733 cumentum
783 1672 1141 1741 persentiunt,
1184 1686 1308 1726 cum
1340 1679 1554 1740 tempus
1590 1671 1851 1745 paulatim
1878 1671 2006 1733 illud

433 1768 711 1815 assuetum
745 1760 878 1834 ipsis
906 1761 1220 1827 reddiderit,
1258 1760 1424 1814 veluti
1465 1759 1668 1816 febrem
1719 1761 2005 1824 hecticam,

2093 580 2137 631 ’ὀ
2164 579 2350 647 κύριος
2415 576 2640 646 Ἰησοῦς,
2685 579 2714 630 ὁ
2759 578 2963 650 βλάϐης
3010 579 3193 650 πάσης
3242 579 3514 652 ἀνώτερος
3554 619 3578 642 ,
3641 577 3775 629 τοῦ

2110 669 2347 740 πλήθους
2374 669 2694 739 ὑποχωρῶν,
2727 668 2908 723 εἴποτε
2931 670 3126 742 καιροῦ
3150 671 3335 735 ἀδείας
3365 669 3770 730 ἐπιλάϐοιτο,

2109 763 2227 823 ταῖς
2250 761 2476 830 ἐρήμοις
2498 760 2816 832 ὲνδιέτριᾶε,
2834 763 2893 814 τδ
2921 764 3192 834 χρήσιμον
3212 765 3312 834 τῆς
3331 763 3582 834 ἡσυχίας
3617 761 3770 820 τοῖς

2108 853 2239 922 ὁρᾷν
2269 851 2588 922 δυναμένοις
2616 850 2762 922 ἔργῳ
2795 854 3146 923 παραδηλῶν,
3187 855 3335 917 ὅπως
3369 853 3536 924 δῆλον
3573 892 3596 914 ,
3641 855 3764 903 καὶ

2108 942 2501 1014 ἀναντίρρητον
2556 944 2783 1014 γένηται
2841 945 3126 1011 πάντοθεν,
3167 949 3248 1001 δτι
3292 945 3401 998 τῶν
3431 943 3525 997 τὸν
3587 944 3762 1008 ἁγεο

2109 1034 2257 1087 λαῖον
2286 1035 2380 1086 καὶ
2413 1033 2616 1103 μιγάδα
2644 1035 3078 1106 ὲπανῃρημένων
3123 1035 3259 1105 βίον,
3292 1035 3394 1088 κᾶν
3449 1027 3567 1085 ὦσι
3639 1047 3753 1082 σε·

2117 1124 2342 1194 μνότητι
2370 1123 2741 1194 διαφέροντες,
2759 1127 2808 1177 οἱ
2835 1125 2926 1178 τὸν
2951 1127 3273 1196 μοναστικδν
3298 1127 3393 1182 καὶ
3413 1127 3751 1195 ἀναχωρη-

2119 1215 2280 1285 μὲνον
2336 1216 2742 1288 ἐπανῃρημένοι
2779 1217 2893 1287 βίον
2925 1219 3030 1271 εἰσὶ
3058 1218 3466 1288 προτιμότεροι,
3503 1233 3751 1269 κατε-λ-

2110 1303 2366 1370 νάζοντες
2394 1305 2594 1377 ἡσυχία
2619 1307 2690 1362 τά
2717 1308 2888 1379 πάθη,
2925 1309 3067 1380 ἇπερ
3091 1311 3156 1380 τῇ
3190 1309 3428 1380 διηιοεί
3451 1307 3563 1379 θέᾳ
3593 1309 3751 1359 ἑπι-

2109 1397 2390 1468 τρίεουσιν
2420 1399 2620 1452 ἐκεῖνοι
2649 1399 2787 1467 πρὸς
2832 1400 2894 1454 τδ
2919 1399 3324 1470 χαλεπώτερον,
3349 1400 3448 1460 οὐκ
3483 1399 3575 1450 ἔτι
3626 1398 3745 1467 τῆς

2113 1487 2314 1559 βλάϐης
2339 1490 2737 1560 αἰσθανόμενοι,
2766 1491 2952 1562 ἐπειδὴ
2978 1491 3168 1562 χρόνος
3197 1473 3364 1561 αὐτὴν
3388 1490 3596 1559 ἔθιμον
3633 1489 3746 1544 αὑ-

2111 1581 2222 1642 τοζς
2249 1581 2370 1640 κατ’
2408 1579 2587 1646 ὀλίγον
2617 1581 2838 1652 ἐποίησε
2865 1623 2880 1643 ,
2911 1581 3166 1651 καθάπερ
3195 1580 3412 1634 ἑκτικδν
3461 1579 3741 1650 πυρετὸν

2111 1673 2211 1726 ούκ
2263 1672 2500 1744 ἀνιόντα
2537 1672 2764 1737 λοιπὸν,
2817 1673 2912 1726 καὶ
2953 1673 3052 1744 τήν
3106 1670 3337 1742 δύναμιν
3394 1669 3738 1740 λεληθότως

2115 1743 2575 1825 ύπαναλίσκοντα,
2605 1763 2763 1818 Οὕτω
2787 1759 2877 1817 καί
2901 1781 2984 1828 τις
3011 1743 3220 1827 ἁπαλὸς
3243 1763 3458 1834 πρῶτον
3489 1763 3738 1832 γυμνὸς

433 1851 548 1904 sive
595 1849 948 1914 liabitualcm,
974 1865 1095 1922 qua:
1126 1865 1400 1918 nunquam
1433 1848 1650 1912 desiuit,
1689 1849 1783 1904 sed
1841 1849 2008 1903 robur

2131 1853 2406 1917 ,πιδαίνων
2433 1857 2532 1923 τῆς
2565 1855 2670 1925 γῆς
2695 1855 2816 1914 οὐδὲ
2845 1855 2945 1930 τήν
2982 1853 3248 1925 τυχοῦσαν
3279 1854 3505 1914 ἀλύπως
3548 1853 3738 1922 φέρει

437 1938 666 1990 latenter
705 1937 964 2010 absumit,
999 1937 1090 1992 Sic
1121 1938 1280 1992 etiam
1309 1938 1574 1997 delicatus
1591 1937 2009 2011 aliquis,nudus

2131 1942 2444 2018 τραχύτητα·
2471 1943 2732 2009 τυλωθεὶς
2765 1943 2821 1998 δὲ
2860 1945 2960 2008 οὐκ
2979 1939 3118 2006 οἶδεν
3148 1945 3366 2015 ὀδύνην,
3392 1944 3498 1996 κᾶν
3534 1944 3737 1998 ἄκανο-

438 2029 671 2096 primum
715 2045 878 2100 super
905 2040 1103 2102 terram
1129 2030 1388 2087 incedens
1419 2045 1528 2084 non
1563 2027 1666 2095 [ert
1711 2030 2010 2086 obvenien-

2113 2034 2224 2098 θαι,
2264 2036 2359 2089 καὶ
2385 2035 2647 2100 σκόλοπες
2667 2077 2682 2102 ,
2718 2037 2813 2092 καὶ
2837 2031 2958 2108 ἧλοι
2986 2034 3312 2107 ὲμπαρῶσιν
3343 2034 3484 2102 ὀξεῖς
3504 2075 3523 2099 ,
3553 2033 3733 2087 οὐδε-

437 2131 542 2174 tem
576 2121 918 2190 asperitatem
952 2122 1158 2200 absque
1183 2121 1400 2188 dolore;
1427 2139 1548 2177 cum
1580 2133 1758 2186 autem
1783 2103 2017 2179 callosus

2131 2123 2190 2186 πὸς
2248 2123 2352 2188 ἕως
2407 2124 2506 2194 τῆς
2565 2123 2746 2196 ζώσης
2809 2103 3102 2195 φθάνοντος
3143 2103 3390 2194 σαρκὸς,
3453 2123 3543 2174 ὅτι
3615 2121 3731 2192 τῆς

435 2210 694 2280 evaserit,
718 2212 957 2268 dolorem
993 2230 1099 2285 non
1133 2216 1298 2270 sentit
1323 2216 1515 2281 ullum,
1543 2213 1792 2286 quamvis
1822 2214 2012 2284 spinae,

435 2299 638 2354 surculi
677 2311 730 2356 et
759 2301 895 2358 clavi
925 2305 1178 2374 praeacuti
1219 2305 1488 2372 intersint,
1525 2305 1674 2360 nullo
1713 2303 1782 2358 ad
1833 2303 2008 2358 vivam

2107 2215 2316 2286 νεκρᾶς
2348 2215 2449 2270 ούκ
2493 2215 2737 2283 ἔλαττον,
2773 2219 2806 2288 ή
2851 2216 3255 2289 σκληρυνθείσα
3295 2215 3390 2286 τὴν
3437 2213 3724 2285 αἴσθησιν

2116 2305 2370 2360 ἀπέθετο.

440 2407 611 2467 usque
640 2407 859 2462 carnem
882 2397 1248 2479 perveniente,
1310 2397 1440 2470 quia
1507 2412 1635 2464 caro
1687 2414 1809 2476 qua:
1839 2397 2089 2464 indurata
2127 2405 2231 2466 est,
2300 2399 2715 2468 sensibilitatem
2793 2402 3062 2481 deposuit,
3097 2418 3205 2458 non
3276 2403 3457 2460 minus
3535 2416 3725 2474 qua

439 2493 673 2554 mortua.

1021 2677 1249 2743 CAPUT
1289 2679 1422 2734 XIII.

511 2807 695 2876 Quare
727 2827 856 2882 ergo
888 2823 1084 2882 putant
1117 2830 1227 2868 non
1260 2815 1379 2869 laedi
1434 2829 1552 2878 eos,
1591 2815 1684 2885 qui
1741 2813 2012 2884 prtelonga

441 2899 716 2956 laesionem
758 2903 995 2971 patiendi
1055 2906 1451 2961 consuetudine
1513 2921 1621 2958 non
1661 2906 1898 2975 amplius
1923 2905 2012 2959 la:-

442 2995 684 3050 dentium
711 3008 1096 3051 nocumentum
1130 2997 1516 3068 persentiunt?
1559 2997 1730 3062 Quale
1780 3010 2015 3066 namque

2721 2675 2970 2732 ΚΕΦΑΔ.
3003 2675 3097 2733 ll".

2191 2807 2257 2861 Τί
2287 2803 2382 2863 οὖν
2408 2809 2509 2862 οὐκ
2534 2810 2834 2864 ἀδικεῖσθαι
2866 2813 3148 2882 νομίζουσι
3173 2815 3297 2876 τοὺς
3316 2814 3382 2883 τῇ
3415 2810 3592 2883 πολλῇ
3621 2809 3726 2866 τοῦ

2119 2899 2424 2955 ἀδικεῖσθαι
2451 2899 2710 2972 συνηθείᾳ
2735 2900 2921 2954 οὐκέτι
2950 2902 3052 2972 τῆς
3075 2901 3185 2955 τῶν
3214 2901 3545 2957 ἀδικούντων
3585 2901 3728 2972 βλά-

2121 2992 2224 3063 ϐης
2265 2990 2730 3060 αἱσθανομὲνουςς
2762 2991 2872 3044 Ποῦ
2910 2991 3019 3062 γὰρ
3045 2993 3236 3062 καιρὸν
3267 2991 3382 3062 ἔχει
3426 2992 3459 3063 ή
3496 2992 3726 3047 διάνοια

445 3099 657 3156 tempus
697 3088 855 3142 liabet
883 3089 1189 3143 intellectus
1213 3088 1588 3157 dignoscendi,
1623 3088 1768 3158 quod
1815 3103 2012 3142 noxam

2131 3084 2216 3154 τῆς
2243 3082 2421 3152 ὅψεως
2461 3081 2636 3137 διόλου
2675 3082 3031 3152 περισπώσης
3081 3083 3252 3154 αὐτὴν
3286 3083 3411 3154 περὶ
3455 3083 3527 3137 τὰ
3570 3081 3726 3155 ὁρώ-

444 3179 621 3243 all‘ert,
655 3180 865 3236 visione
905 3181 1143 3235 totaliter
1171 3181 1510 3237 distrahente
1541 3181 1606 3235 al
1637 3197 1698 3234 ea
1760 3196 1883 3250 quae
1935 3181 2016 3233 vi-

445 3273 664 3336 dentur,
695 3273 895 3343 quippe
917 3274 1010 3343 qui
1051 3282 1173 3344 eget
1200 3276 1482 3330 vacatione
1509 3273 1578 3328 ad
1617 3273 1667 3328 id
1715 3282 2016 3343 supputati-

446 3362 619 3418 dum?
650 3361 810 3435 Modo
839 3364 1068 3432 suscipit
1111 3365 1278 3420 basce
1319 3365 1544 3428 formas,
1589 3375 1641 3420 et
1685 3365 1848 3434 paulo
1903 3371 2025 3433 post

449 3455 605 3519 alias,
641 3465 695 3510 et
721 3457 1118 3526 subsequenter
1143 3457 1362 3518 alteras,
1399 3471 1464 3510 ac
1485 3455 1742 3526 deinceps
1777 3470 2024 3524 quasque

447 3555 818 3613 occurrentes,
862 3557 916 3601 et
968 3549 1222 3603 omnibus
1287 3557 1380 3601 aut
1431 3548 1692 3617 pluribus
1736 3547 2025 3607 oblectata,

449 3639 736 3708 enjusnam
787 3637 1207 3698 delectationem
1244 3637 1402 3692 ducet
1447 3638 1726 3693 laesionem
1776 3652 1924 3694 esse.
1973 3645 2027 3689 et

449 3728 796 3796 quandonam
823 3728 1042 3783 vacabit
1070 3727 1239 3798 ipsius
1274 3727 1555 3798 detergere
1588 3725 2024 3795 inquinatiouem

451 3837 575 3876 eum
635 3837 745 3876 .nec
791 3836 1034 3890 unquam
1097 3821 1302 3884 videre,
1351 3819 1494 3888 quod
1548 3818 1867 3888 inquinatus
1920 3826 2027 3880 est,

453 3912 666 3982 possit?
723 3909 915 3964 Nonne
939 3920 994 3964 et
1051 3911 1105 3964 in
1159 3907 1670 3964 conversationibus
1734 3923 1829 3978 per
1884 3907 2027 3962 diem

456 4001 708 4058 numeris
736 4000 1096 4064 obliviscitur.
1132 4000 1224 4070 qui
1257 4008 1469 4061 niteret,
1516 4008 1572 4053 et
1605 3997 1904 4068 languoris,
1935 3995 2030 4066 qui

456 4103 701 4164 ςγδι-οισι,
743 4101 797 4147 et
840 4093 1066 4158 doloris,
1105 4093 1200 4160 qui
1250 4091 1550 4146 convulsus
1593 4089 1752 4160 39],
1791 4098 1874 4144 est
1906 4090 2030 4154 illo;

455 4201 582 4240 cum
631 4199 758 4238 vero
816 4193 980 4238 noctu
1035 4185 1188 4239 solus
1250 4183 1632 4252 unusquisque
1682 4181 2026 4246 remanserit,

460 4276 731 4344 propriam
773 4276 938 4330 sentit
966 4275 1272 4344 passionem
1301 4277 1324 4328 ’ἒ
1359 4274 1544 4343 quiete
1571 4274 1831 4328 nimirum
1858 4273 2029 4328 otium

461 4366 592 4434 ipsis
624 4366 914 4436 praebente,
945 4381 1056 4436 quo
1085 4373 1550 4429 commoveantur,
1587 4374 1639 4420 et
1681 4365 1942 4420 ellieiente
1977 4373 2036 4419 ut

463 4459 537 4521 id,
571 4457 716 4527 quod
748 4467 874 4512 tunc
904 4473 1011 4512 non
1048 4457 1416 4526 perturbabat,
1452 4457 1699 4512 molestet
1749 4474 1762 4509 :
1813 4467 1864 4510 et
1895 4457 2037 4511 sicut

463 4550 754 4624 appetitus,
792 4564 916 4612 cum
951 4548 1022 4604 sit
1060 4555 1212 4602 satur
1245 4559 1298 4602 et
1329 4549 1600 4618 expletus,
1635 4547 1862 4612 assiduo
1886 4557 2037 4601 motu

464 4644 529 4696 ad
567 4642 950 4717 appetendum,
1003 4639 1346 4695 saturitatem
1422 4655 1528 4694 non
1601 4639 1762 4694 habet
1811 4638 1864 4692 in
1922 4638 2032 4692 ltel-

467 4736 628 4789 lnone
658 4748 872 4804 semper
891 4731 1104 4798 edente,
1137 4732 1215 4788 sic
1243 4733 1436 4790 otiosa:
1467 4730 1870 4802 quodammodo
1922 4745 2045 4794 esse

465 4827 718 4884 videntur
747 4826 1032 4896 passiones
1078 4841 1188 4894 prae
1226 4840 1487 4880 sensuum
1519 4823 1588 4878 ad
1616 4823 1896 4888 sensibilia
1947 4839 2042 4878 oc-

467 4917 778 4987 cupatione,
827 4916 955 4970 dum
994 4915 1214 4994 proprio
1241 4926 1533 4982 arCeantur
1583 4914 1820 4984 impulsu
1875 4932 1888 4966 :
1949 4913 2047 4974 lia-

470 5009 633 5064 bcant
673 5023 801 5063 vero
847 5008 928 5063 'ab
985 5017 1206 5062 externa
1235 5005 1643 5077 perturbatione
1679 5005 2042 5072 vacationem,

473 5113 641 5169 utque
691 5107 814 5173 post
871 5099 1178 5163 satietatem
1228 5096 1452 5174 penuria
1506 5096 1704 5152 famem
1749 5096 1909 5166 parit,
1971 5096 2047 5150 ita

473 5190 758 5262 passiones
790 5190 1042 5252 sensibus
1072 5189 1338 5250 remissis,
1359 5188 1651 5256 insurgunt
1675 5186 1729 5240 in
1759 5186 2048 5255 quiescen-

476 5290 584 5336 tctn
619 5280 774 5334 valde
809 5281 1072 5352 vigentes,
1127 5280 1472 5348 multumque
1516 5278 1616 5348 ipsi
1680 5288 1900 5340 moveut
1960 5287 2047 5340 tu-

2126 3187 2296 3239 μενα,
2333 3168 2542 3237 γνῶναι
2579 3169 2641 3224 τὸ
2673 3168 2898 3236 λυποῦν,
2950 3170 3136 3234 ἀδείας
3179 3171 3460 3242 χρῄζουσα
3507 3172 3728 3244 πολλῆς

2124 3265 2259 3335 πρὸς
2289 3264 2350 3318 τὸ
2379 3264 2697 3333 λογίσασθαι
2724 3266 2884 3318 τοῦτο
2946 3267 3107 3335 Ἀρτι
3137 3265 3336 3328 ταύτας
3362 3266 3586 3336 δέχεται
3615 3269 3724 3328 τὰς

2129 3357 2362 3428 μορφάς,
2395 3357 2488 3410 καὶ
2519 3358 2638 3427 μετ’
2662 3357 2842 3426 ὀλίγον
2869 3357 3058 3421 ἄλλας,
3085 3358 3182 3412 καὶ
3215 3354 3368 3422 αὖθις
3397 3358 3600 3428 ἑτέρας
3629 3358 3728 3420 καὶ

2125 3447 2254 3516 ἑξῆς
2288 3448 2385 3510 τάς
2408 3445 2850 3518 παρατυχούσας,
2892 3447 2988 3500 καὶ
3025 3447 3227 3512 πάσαις
3269 3448 3302 3517 ἢ
3341 3449 3461 3510 ταῖς
3500 3447 3724 3501 πλείοσι

2125 3537 2437 3609 τερπομένη
2471 3537 2631 3601 ποίας
2677 3537 2778 3608 τὴν
2801 3536 2995 3609 τέρψιν
3027 3537 3235 3610 βλάϐην
3270 3539 3572 3610 ἡγήσεται,
3628 3539 3724 3591 καὶ

2130 3629 2385 3699 σχολάσει
2430 3628 2634 3698 ταύτης
2667 3629 3074 3701 ἀποτρίψασθαι
3113 3629 3204 3684 τὸν
3251 3629 3556 3702 μολυσμὸν,
3613 3631 3724 3684 οὐδ’

2129 3724 2211 3776 ὅτι
2248 3721 2550 3792 μεμόλυται
2587 3720 2715 3775 ἰδεῖν
2739 3721 3012 3792 δυναμένη
3042 3723 3211 3788 ποτές
3245 3724 3318 3776 Ἦ
3343 3720 3579 3793 ούχὶ⁶καὶ
3625 3723 3722 3791 τῆς

2131 3812 2330 3883 λύπης,
2364 3813 2392 3865 ὁ
2413 3811 2775 3882 λυπούμενος,
2802 3813 2898 3867 καὶ
2921 3815 2950 3866 ὁ
2975 3813 3146 3866 νοσῶν
3179 3814 3278 3884 τῆς
3307 3815 3464 3872 ἀνίας
3495 3814 3593 3867 καὶ
3623 3813 3721 3884 τῆς

2133 3901 2326 3970 ὀδύνης
2361 3903 2389 3954 ὁ
2434 3901 2719 3970 σπώμενος
2765 3903 2823 3960 ὲν
2857 3905 2981 3965 ταῖς
3029 3903 3344 3973 συντυχίαις
3379 3901 3447 3955 δι’
3501 3900 3720 3971 ἡμέρας

2135 3991 2568 4058 ἐπιλανθάνεται,
2589 3991 2853 4063 μονωθεὶς
2882 3992 2938 4045 δὲ
2955 3991 3172 4064 νύκτωρ
3192 3993 3422 4056 ἕκαστος
3445 3993 3503 4045 ὲν
3528 3992 3720 4061 alcon-.-

2137 4099 2220 4135 σει
2251 4081 2345 4136 τοῦ
2385 4081 2592 4135 οἰκείου
2627 4081 2837 4149 γίνεται
2861 4080 3100 4149 πάθους;
3131 4083 3230 4151 τῆς
3263 4083 3495 4153 ἡσυχίας
3521 4081 3720 4151 σχολὴν

2138 4172 2484 4244 παρεχούσης
2518 4173 2702 4234 αὐτοῖς
2716 4171 3004 4236 κινεῖσθαι,
3029 4173 3126 4225 καὶ
3161 4171 3224 4225 τδ
3259 4173 3381 4229 τότε
3527 4171 3719 4243 ὀχλοῦν

2139 4263 2662 4333 παρασκευαζούσης
2683 4261 2858 4332 ὀχλεϊν
2876 4305 2891 4328 ,
2923 4263 3017 4315 καὶ
3042 4262 3118 4327 ὼς
3135 4263 3213 4334 τῷ
3233 4263 3527 4335 άδδηφάγῳ
3544 4262 3719 4316 διόλου

2141 4356 2374 4410 ἐσθίοντι
2405 4358 2505 4410 ούκ
2537 4354 2650 4426 ἔχει
2682 4356 2842 4426 κόρον
2880 4356 2914 4426 ή
2955 4353 3136 4426 ὄρεξις
3165 4357 3252 4411 ἀεὶ
3293 4356 3562 4410 κινεῖσθαι
3585 4355 3718 4426 πρὸς

2141 4447 2326 4516 ἔφεσιν
2346 4447 2604 4519 διακορὴς
2627 4441 2783 4514 οὖσα,
2807 4447 2902 4498 καὶ
2926 4444 3216 4517 πλήσμιος,
3241 4445 3413 4508 οὕτως
3438 4445 3586 4516 ἀργά
3609 4461 3720 4506 πως

2140 4539 2208 4594 τὰ
2239 4539 2386 4606 πάθη
2420 4534 2752 4601 εἶναιδοκεῖ,
2784 4541 2851 4610 τῇ
2883 4539 2992 4592 τῶν
3019 4539 3326 4608 αἰσθήσεων
3359 4537 3498 4609 πρὸς
3534 4542 3605 4591 τά
3641 4539 3720 4591 αἰ-

2145 4631 2318 4704 σθητά
2345 4633 2595 4702 ἀσχολία,
2625 4632 2726 4700 τῆς
2750 4631 2957 4694 οἰκείας
2987 4629 3164 4702 ὁρμῆς
3193 4615 3530 4700 κωλυόμενα.
3574 4629 3722 4701 Ἐχέ-

2143 4741 2220 4776 τω
2283 4723 2341 4776 δὲ
2413 4723 2514 4793 τῆς
2579 4721 2778 4787 ἔξωθεν
2842 4720 3117 4792 ὀχλήσεως
3181 4721 3366 4775 ἄδειαν
3393 4761 3408 4787 ,
3487 4721 3583 4774 καὶ
3657 4720 3724 4782 ὡς

2146 4822 2338 4872 πεῖναν
2367 4858 2380 4882 ,
2431 4817 2606 4872 ἔνδεια
2653 4815 2791 4887 μετά
2833 4815 2993 4887 κόρον
3045 4818 3190 4869 ποιεῖ
3216 4831 3228 4843 ·
3277 4814 3422 4868 οὓτω
3467 4814 3539 4868 τά
3583 4815 3721 4882 πάθη

2147 4911 2441 4978 ἀνεθεισῶν
2503 4910 2611 4974 τῶν
2672 4909 2978 4980 αἰσθήσεων
3040 4909 3425 4963 ἐπανίστανται
3467 4907 3546 4979 τῷ
3605 4911 3722 4979 ἡρε-

2151 5008 2384 5077 μήσαντι
2423 5002 2543 5055 λίαν
2591 5001 2932 5073 ἀκμάζοντα,
2967 5001 3062 5054 καὶ
3093 5000 3262 5054 πολὺν
3287 4999 3437 5071 αὐτῷ
3479 5001 3726 5054 κινοῦντα

2148 5096 2256 5150 τῶν
2280 5096 2336 5149 ὲν
2357 5094 2467 5148 ἔθει
2489 5093 2794 5164 γενομένων
2816 5092 2908 5146 τὸν
2923 5092 3173 5160 θόρυὸον,
3203 5091 3417 5156 ὲκείνας
3448 5093 3528 5156 είς
3553 5091 3722 5163 μάχην

2151 5185 2300 5257 αύτῷ
2327 5185 2426 5252 τάς
2457 5183 2672 5256 μορφὰς
2707 5183 3070 5253 ὲφοπλίζοντα
3090 5225 3105 5250 ,
3134 5186 3200 5255 τῇ
3233 5183 3331 5256 θέᾳ
3360 5183 3723 5256 παρατρέχειν

2151 5278 2402 5350 ἐνόμιζεν
2448 5277 2702 5341 ἀδλαδῶς
2753 5277 2855 5337 οὐκ
2894 5275 3034 5346 ἔχων
3079 5277 3269 5346 καιρόν
3317 5275 3723 5346 ὑπομνησθῆναι

479 5371 707 5424 multum
739 5387 802 5424 ex
836 5371 938 5437 his,
979 5387 1101 5442 qua:
1123 5371 1236 5446 jam
1293 5387 1359 5426 ex
1421 5370 1814 5426 consuetudine
1865 5371 2021 5425 insun

2151 5375 2252 5444 τῆς
2280 5370 2484 5442 βλάϐης
2509 5369 2690 5433 αὐτῶν
2729 5368 2824 5422 καὶ
2851 5369 2975 5421 τότε
2999 5367 3204 5438 ταύτης
3233 5367 3624 5439 αἰσθανόμενος
3643 5367 3722 5419 δτι

481 5462 600 5515 illas
628 5461 694 5516 ad
729 5463 975 5531 praelium
1013 5463 1217 5519 fortnas
1241 5463 1294 5524 in
1345 5464 1523 5533 ipsum
1583 5465 1867 5530 armanda,
1915 5479 2021 5534 qua

2156 5464 2350 5538 σχολὴν
2378 5463 2500 5532 ᾷγει
2526 5461 2749 5530 γνῶναι,
2782 5461 2875 5514 καὶ
2916 5460 3043 5514 ίδεῖν
3087 5459 3186 5527 τὴν
3214 5459 3530 5513 δυναστείαν
3563 5456 3722 5525 αὐτῆς

481 5563 701 5621 aspectu
734 5571 1050 5623 percurrere
1090 5572 1146 5610 se
1179 5555 1402 5626 putabat
1461 5555 1665 5633 absque
1722 5556 1831 5621 ulla
1890 5573 2021 5622 noxa

2155 5554 2690 5628 αἰχμαλωτιζόμενος
2734 5551 2868 5621 προς
2898 5550 3225 5622 ἐνθυμήσεις
3249 5549 3506 5614 ἀτόπους,
3531 5551 3624 5604 καὶ
3645 5549 3724 5601 λο-

483 5659 608 5696 cum
649 5659 756 5697 non
787 5656 1100 5714 suppeteret
1137 5647 1187 5701 ei
1249 5655 1463 5715 tempus
1511 5646 1896 5709 rcminiscendi
1958 5646 2021 5702 de

2157 5633 2404 5713 γίζεσθαι
2429 5633 2750 5712 βιαζόμενος
2770 5638 3065 5710 λογισμοὺς
3086 5638 3347 5710 αἰσχύνης
3371 5635 3726 5710 πεπληρωμέ-

487 5735 744 5798 trimenti,
778 5737 919 5803 quod
954 5739 1056 5790 illa:
1087 5737 1352 5806 inﬂigunt,
1381 5738 1472 5806 qui
1518 5749 1645 5792 tunc
1673 5737 1723 5792 id
1772 5739 2021 5808 pct'scntil

2162 5751 2303 5796 νους·
2337 5734 2430 5786 καὶ
2453 5733 2574 5784 τότε
2604 5730 2813 5799 πλάνην
2830 5729 3110 5798 ὁμολογῶν
3133 5730 3459 5808 ἀναφανδὸν,
3481 5727 3580 5798 τὴν
3597 5743 3725 5796 παρ-

485 5822 703 5900 quamlo
747 5833 898 5876 \‘acat
942 5841 1286 5892 cognoscere,
1366 5839 1412 5880 et
1474 5828 1900 5884 aninmdvertcrc
1959 5843 2021 5897 pn

2164 5825 2420 5878 ελθοὺσαν
2467 5824 2632 5894 ζωὴν,
2678 5823 2772 5876 καὶ
2810 5820 3127 5892 μακαρίζων
3163 5823 3287 5885 τοὺς
3316 5821 3389 5892 μή
3415 5821 3636 5890 γνόντας
3665 5819 3720 5887 τῇ
