3956 6206
364 360 497 425 1077
1366 364 1461 423 DE
1512 365 1931 426 MONACHOR

2041 371 2048 428 [
2109 371 2593 431 ΡΗλΕΞΤΛΝΤΙΑ
2606 417 2619 430 .
3478 366 3611 428 1078

345 477 491 546 ὄψει,
537 476 727 549 ὥσπερ
757 475 901 545 ἔγνω
935 476 1117 541 αὐτὸς,
1166 480 1261 532 καὶ
1290 476 1663 550 οἰκτιζόμενος
1708 480 1932 544 εἰκότως

2041 488 2289 535 testatem
2324 483 2523 552 ipsius,
2552 491 2738 552 utpote
2783 480 3031 550 captivus
3079 480 3344 534 abductus
3410 494 3477 533 ac
3528 495 3613 533 re-

348 570 561 634 ἐαυτδν,
596 571 678 623 ὅτι
707 569 830 623 καθ’
878 568 1071 623 ἑαυτοῦ
1104 573 1214 635 τοῖς
1264 569 1475 641 ἐχθροῖς
1514 572 1675 634 αὐτὸς
1701 571 1931 625 δέδωκεν

2041 573 2375 628 rordationes
2406 574 2689 638 absurdus,
2720 585 3051 642 coactusque
3087 570 3445 639 cogitationes
3491 585 3607 639 per.
3661 564 3673 661 ρ

349 660 509 727 ὅπλα,
544 662 637 714 καὶ
659 661 973 732 πολεμεῖται
990 661 1233 728 δικαίως,
1258 662 1412 735 ἀνοίᾳ
1437 663 1602 735 πολλῇ
1634 662 1932 733 παρασχὼν

354 754 506 825 ἰσχὺν
538 757 651 817 τοῖς
687 752 815 806 πολε
823 753 989 820 μῖοις.

2037 664 2252 718 volvere
2304 664 2638 734 turpitudine
2674 665 2863 733 plenas
2891 680 2905 729 ;
2942 663 3146 732 quique
3174 670 3301 715 tunc
3331 659 3614 714 manifeste

2036 754 2252 818 fatetur,
2302 756 2630 825 praeteritam
2666 755 2830 810 vitam
2862 753 3031 808 fuisse
3056 752 3347 816 fallaciam,
3395 760 3449 807 et
3486 752 3617 807 bea-
3658 763 3663 791 τ

350 856 435 900 tos
478 847 732 916 prtedicat
761 861 877 911 eos,
908 846 1003 917 qui
1046 861 1153 901 non
1203 857 1575 918 cognoverunt
1603 848 1746 913 visu,
1775 848 1916 903 sicut
1958 848 2070 917 ipse
2136 849 2307 916 novit,
2336 860 2390 905 et
2458 850 2652 904 merito
2696 849 2985 903 miseratur
3038 848 3123 901 sui
3157 846 3347 916 ipsius.
3376 860 3442 900 eo
3466 846 3612 916 quod

350 938 584 993 inimicis
631 938 746 994 suis
780 939 897 1010 ipse
934 940 1196 999 adversus
1229 959 1288 1000 se
1321 942 1612 1011 prmbuerit
1662 955 1832 1008 arma,
1880 949 1933 996 et
1967 940 2113 1011 jUSte
2166 952 2530 1014 oppugnatur,
2593 941 2740 1013 quod
2799 941 2972 996 multa
3014 955 3138 995 cmn
3169 940 3441 994 dementia
3475 941 3616 995 vires

349 1030 600 1086 bostibus
627 1031 1078 1088 submiuistrarit.

945 1146 1193 1202 ΚΕΦΑΛ.
1237 1148 1332 1203 IA'.

417 1260 551 1313 Τότε
582 1261 692 1332 γὰρ
738 1264 804 1319 τὰ
833 1264 920 1319 διὰ
962 1265 1062 1334 τῆς
1097 1265 1375 1338 όράσεως,
1402 1264 1471 1318 τὰ
1496 1264 1582 1318 διὰ
1605 1265 1703 1335 τῆς
1731 1263 1925 1333 ἀκοῆς,

347 1351 416 1404 τὰ
444 1353 533 1405 διὰ
569 1353 892 1411 τῶιβᾶλλων
928 1357 1238 1428 αἰσθήσεων
1271 1356 1584 1426 ἐμπεσόντα
1619 1373 1926 1427 σπερματιεο

352 1442 484 1506 κῶς,
540 1446 793 1501 ἀκανθῶν
836 1447 993 1519 δίκην
1042 1447 1474 1501 ὑποὸλαστάνειν
1513 1445 1742 1515 ἄρχεται
1773 1484 1788 1509 ,
1836 1446 1930 1498 καὶ

350 1531 491 1584 κατὰ
528 1535 723 1605 μικρὸν
751 1535 1088 1607 ἀδρυνόμενα
1132 1538 1311 1590 κεντεῖ
1338 1535 1612 1598 ἐπιπόνως
1650 1537 1763 1598 τοῖς
1799 1535 1930 1603 νύγ-

353 1641 505 1693 μασι,
542 1627 740 1695 μᾶλλον
765 1628 821 1681 δὲ
865 1631 965 1700 τῆς
1002 1628 1379 1699 μυθευομένης
1411 1626 1566 1698 παρὰ
1612 1629 1735 1691 τοῖς.
1788 1627 1930 1698 ῥαψ-

2609 1130 2841 1189 CAPUT
2875 1129 3014 1186 XIV.

2107 1251 2261 1306 Tunc
2291 1248 2435 1305 enim
2487 1261 2609 1316 quae
2651 1261 2749 1316 per
2799 1244 3000 1309 visum,
3055 1255 3177 1312 quae
3217 1255 3313 1310 per
3342 1238 3615 1303 auditum,

2030 1359 2154 1415 qua:
2188 1357 2284 1413 per
2320 1340 2454 1396 alios
2483 1353 2679 1393 sensus
2713 1336 2871 1406 quasi
2901 1332 3150 1390 seminali
3197 1331 3361 1387 modo
3409 1331 3618 1387 incide-

2037 1443 2184 1498 runt,
2219 1434 2392 1486 instar
2432 1430 2711 1499 Spinarum
2750 1424 3167 1496 subgerminare
3215 1422 3516 1492 incipiunt,
3564 1431 3619 1477 et

2036 1520 2364 1594 pedetentim
2449 1517 2610 1588 392
2661 1514 3026 1571 adolescentia
3082 1512 3426 1568 acuminibus
3468 1511 3618 1565 labo-

2036 1615 2179 1669 riose
2215 1619 2483 1683 pungunt,
2528 1609 2777 1678 quinimo
2814 1620 2969 1675 teque
3021 1619 3086 1659 ac
3144 1603 3313 1674 hydra
3340 1602 3358 1671 (
3387 1603 3453 1659 de
3510 1619 3617 1672 qua

351 1690 515 1783 ιρδοίς
542 1690 709 1786 ῖδδρας
737 1720 793 1771 ὲν
814 1690 1108 1791 tam-dilue
1132 1690 1223 1773 ER;
1243 1690 1431 1782 ἄλλαις
1452 1690 1737 1789 ὑπανίσχει
1764 1690 1932 1788 κεφα-

2041 1703 2266 1759 l‘abulati
2317 1708 2446 1755 sunt
2493 1697 2796 1754 carminum
2860 1690 3247 1761 contextores)
3294 1691 3400 1744 alia
3459 1706 3618 1759 super

349 1806 465 1872 λάς,
495 1809 706 1879 μυρίοις
731 1809 972 1880 δήγμασι
1002 1811 1274 1885 όδμνῶντα
1316 1810 1408 1863 τὸν
1451 1808 1649 1863 ἄθλιον.
1685 1809 1795 1861 Καὶ⁵
1824 1810 1932 1878 γὰρ

347 1897 526 1967 ἡὸψις
584 1900 908 1969 ἡδραθεῖσα
948 1902 1146 1972 φαιδρά
1195 1900 1548 1973 παρίσταται,
1593 1898 1688 1951 καὶ
1732 1898 1934 1968 κόσμος

350 1985 666 2055 πολυτελὴς,
716 1988 809 2040 καὶ
846 1988 1021 2057 γέλως
1100 1988 1419 2066 κεχυμένος,
1474 1986 1568 2040 xui.
1610 1985 1796 2055 σχῆμα
1835 2000 1935 2036 πε-

351 2076 680 2144 πλασμένον,
707 2079 800 2131 καὶ
827 2078 1075 2149 βλακεὶα,
1098 2081 1195 2131 καὶ
1216 2077 1413 2148 θρύψις
1443 2073 1933 2145 ὲπιτετηδευμέναι

351 2168 487 2238 πρὸς
510 2168 734 2232 ἅλωσιν,
760 2172 854 2223 καὶ
877 2170 1053 2238 νεῦμα
1085 2168 1442 2237 πλαζόμενον,
1470 2168 1563 2219 καὶ
1594 2165 1812 2235 βλέμμα
1836 2181 1936 2217 κα·

351 2260 567 2324 κόηθες,
599 2262 693 2312 καὶ
728 2261 932 2330 κίνημα
968 2260 1335 2330 σεσοϐημένον
1363 2300 1376 2322 ,
1415 2260 1511 2312 καὶ
1541 2257 1726 2327 φωνῆς
1759 2256 1933 2326 ἐμμέ-

352 2348 490 2410 λεια,
524 2349 619 2401 καὶ
655 2346 878 2417 φθέγμα
913 2348 1231 2419 Θηλύτερον,
1268 2350 1329 2401 οὺ
1368 2349 1528 2418 μόνον
1558 2348 1635 2411 δὲ,
1671 2346 1808 2400 ἀλλά
1842 2348 1937 2400 καὶ

353 2435 483 2508 ἦθος
520 2440 817 2507 ἄπλαστον,
860 2443 953 2494 καὶ
994 2441 1261 2512 σεμνότης
1297 2441 1506 2504 ἁπλῶς,
1552 2442 1647 2495 καὶ
1682 2439 1934 2508 ἀφέλεια,

355 2528 449 2579 καὶ
479 2529 630 2599 ῥῆμα
676 2528 925 2593 ἐλεεινὸν,
969 2531 1062 2583 καὶ
1105 2530 1317 2599 οἰμωγὴ
1361 2529 1668 2599 συμπαθὴς,
1708 2528 1802 2582 καὶ
1841 2527 1937 2581 δά-

355 2636 522 2688 κρυον
548 2620 891 2692 όδυνωμένης
920 2622 1120 2692 ψυχῆς,
1154 2622 1461 2677 τελευταῖον
1489 2620 1729 2675 κινοῦσιν
1752 2620 1937 2689 ἀγῶνα

355 2708 639 2772 πολὺν,καὶ
658 2711 829 2780 αὐτῆς
855 2711 985 2774 ἴσως
1008 2710 1109 2780 τῆς
1132 2710 1690 2780 οἱκτειρηθεξσηςμαλ⁵
1709 2710 1937 2763 ἀπολαυο

356 2802 527 2871 σάσης
552 2803 896 2871 κηδεμονίας,
924 2805 961 2874 ἡ
989 2805 1179 2875 μνήμη
1208 2803 1458 2873 προξενεῖ
1477 2802 1736 2866 κίνδυνον,
1772 2801 1939 2855 ἱκέτι-

354 2892 444 2955 δος
471 2894 527 2945 ἐν
562 2894 775 2964 ἀνάγκη
818 2894 1141 2964 γενομένης,
1188 2895 1284 2947 καὶ⁹
1319 2893 1663 2964 πολεμούσης
1712 2892 1937 2964 ὕστερον

352 2978 535 3037 οἶκτον
566 2986 868 3056 κινησάσης
906 2987 964 3037 ὲν
1001 2988 1067 3057 τῇ
1096 2985 1276 3055 χρείᾳ,
1315 2985 1408 3038 καὶ
1434 2985 1599 3050 ἔλεον,
1633 2985 1725 3037 καὶ
1751 2984 1937 3037 ποιού-

2035 1796 2141 1850 alia
2216 1792 2509 1849 sustollunt
2557 1789 2757 1859 capita,
2808 1786 2955 1840 mille
3020 1783 3300 1839 morsibus
3346 1781 3617 1837 infelicem

2033 1886 2403 1962 excruciantia
2434 1904 2449 1940 :
2483 1882 2683 1939 etenim
2711 1889 2853 1935 astat
2883 1894 3005 1949 quae
3034 1877 3151 1933 visa
3186 1886 3269 1932 est
3291 1874 3481 1930 hilaris
3498 1889 3619 1944 spe—

2035 1983 2168 2045 cies.
2212 1989 2265 2035 et
2304 1987 2532 2034 ornatus
2574 1974 2916 2046 magniﬁcus.
2993 1982 3047 2027 et
3074 1971 3217 2025 risus
3251 1969 3505 2030 diﬂ‘usus.
3566 1975 3621 2021 et

2035 2070 2254 2126 habitus
2285 2069 2463 2132 ﬁctus,
2513 2075 2567 2121 et
2596 2064 2823 2129 deliciae,
2865 2076 2929 2117 ac
2957 2060 3214 2115 mollities
3248 2058 3493 2112 studiose
3536 2056 3618 2110 af-

2037 2159 2249 2216 fectata:
2297 2159 2364 2213 ad
2402 2156 2758 2227 captandum,
2813 2163 2868 2208 et
2914 2161 3082 2207 nutus
3116 2149 3497 2221 vagabundus,
3564 2156 3620 2202 et

2036 2251 2257 2307 obtutus
2306 2248 2458 2317 pravi
2488 2245 2711 2315 ingenii,
2755 2253 2810 2298 et
2837 2253 3019 2298 motus
3042 2243 3372 2305 concitatus,
3420 2250 3476 2297 et
3525 2256 3621 2295 vo-

2037 2342 2119 2395 cis
2148 2339 2415 2395 concinna
2451 2337 2770 2399 modulatio,
2802 2345 2855 2390 et
2885 2351 3058 2390 sonus
3076 2334 3473 2401 ell‘eminatior;
3506 2348 3614 2388 non

2038 2431 2212 2485 solum
2242 2444 2372 2484 vero
2404 2429 2555 2493 haec;
2589 2442 2776 2482 verum
2820 2436 2874 2482 et
2925 2442 3104 2481 mores
3155 2441 3263 2479 non
3314 2425 3504 2489 fucati,
3559 2434 3614 2480 et

2040 2521 2360 2592 simpliciter
2386 2519 2644 2591 gravitas,
2693 2528 2857 2588 atque
2886 2518 3189 2588 integritas,
3216 2526 3268 2571 et
3292 2516 3519 2570 verbum
3552 2515 3621 2570 ad

2040 2613 2443 2669 miserationem
2492 2610 2758 2676 excitans,
2808 2620 2861 2664 et
2905 2609 3148 2679 ploratus
3182 2606 3620 2675 ad-compatien-

2040 2706 2166 2762 dum
2196 2719 2566 2769 commovens,
2619 2712 2674 2758 et
2719 2703 2955 2773 lacryma
2989 2701 3199 2755 amictae
3254 2699 3451 2753 animae
3499 2697 3622 2767 plu-
3722 2748 3727 2751 _

2047 2798 2249 2852 rimum
2286 2797 2338 2851 in
2370 2796 2478 2851 tiue
2526 2802 2746 2850 movent
2806 2804 3104 2857 certamen,
3146 2802 3200 2847 et
3261 2791 3434 2861 ipsius
3482 2788 3623 2844 forte

2042 2906 2186 2944 cura:
2234 2888 2586 2954 miserabilis,
2644 2903 2873 2957 quzeque
2905 2886 3162 2940 damnum
3200 2884 3462 2954 percepit,
3508 2897 3622 2937 me-

2042 2983 2211 3037 moria
2246 2980 2854 3051 coneiliatpericulum,
2888 2988 3093 3048 utpote,
3136 2993 3256 3045 qua:
3283 2975 3538 3040 evaserit,
3564 2974 3617 3029 in

359 3091 458 3144 σης
508 3073 759 3145 οἴστρους
808 3074 1126 3145 ἐρωτικούς.
1187 3076 1251 3128 Τί
1311 3072 1403 3128 οὖν
1454 3074 1695 3145 βέλτιον,
1746 3075 1932 3129 ἑαυτὸν

2046 3073 2370 3129 necessitate
2414 3072 2613 3143 posita,
2658 3070 2913 3141 supplex,
2945 3079 3007 3124 et
3025 3080 3303 3139 postremo
3333 3069 3619 3124 decertans

356 3166 543 3228 ἐλεεῖν,
592 3167 687 3221 καὶ
728 3167 1104 3236 περιίστασθαι
1133 3166 1197 3221 τὰ
1239 3168 1509 3220 σκάνδαλα
1545 3209 1557 3232 ,
1593 3167 1624 3236 ἢ
1681 3167 1742 3220 τὸ
1777 3166 1935 3237 δῆθεν

355 3256 547 3323 ἄλλους
616 3256 828 3322 ἐλεεῖν,
896 3258 1112 3328 βρόχοις
1172 3257 1518 3320 δυσεκλύτοις
1568 3256 1933 3327 ὲμπλέκεσθαι

351 3344 430 3416 τῷ
502 3345 716 3417 βοηθεῖν
790 3346 994 3400 ἐθέλειν
1059 3347 1305 3417 ἑτέροις,
1374 3347 1535 3400 καλὸν
1585 3346 1661 3417 τῷ
1695 3364 1932 3418 κρημνι-

351 3436 563 3506 ζομένῳ
623 3439 781 3508 χεῖρα
842 3437 1062 3502 διδόναι,
1123 3440 1171 3490 εἰ
1233 3438 1347 3491 ἔστι
1417 3438 1491 3508 μὴ
1541 3436 1935 3492 συναπολέσθαι

352 3525 503 3596 αὐτῷ
554 3529 936 3584 κινδυνεύοντι.
989 3531 1051 3583 Εἰ
1092 3530 1148 3582 δὲ
1202 3529 1280 3599 τῷ
1320 3531 1499 3584 δοκεῖν
1559 3530 1932 3601 συμπάσχειν,

353 3618 414 3670 τὸ
457 3618 685 3688 πάσχειν
722 3620 1045 3686 ἀκολουθεῖ,
1098 3620 1160 3673 τὸ
1211 3624 1410 3674 οἰκεῖον
1455 3622 1731 3692 συμφέρον
1763 3639 1933 3675 σπουη

354 3709 577 3761 δαστέον
596 3751 609 3773 ,
640 3710 722 3761 ὅτι
763 3710 835 3780 μὴ
874 3708 1046 3773 οὕτως
1076 3710 1231 3774 ἄλλος
1274 3709 1418 3781 ἄλλῳ
1458 3710 1685 3781 πλησίον
1714 3711 1788 3774 ὡς
1808 3712 1937 3766 ἕκα-

359 3815 481 3861 στος
514 3798 710 3869 ἐαυτῷ.

2044 3164 2448 3220 miserationem
2503 3178 2568 3217 ac
2608 3162 3041 3216 misericordiam
3087 3160 3141 3215 in
3184 3168 3425 3230 egestate
3466 3174 3621 3214 com-

2044 3266 2276 3323 moveat,
2323 3265 2377 3311 et
2408 3255 2706 3311 amatorios
2737 3254 2935 3309 excitet
2982 3253 3254 3309 stimulos.
3295 3252 3436 3319 Quid
3492 3265 3622 3321 ergo

2043 3349 2260 3415 melius,
2307 3349 2552 3405 misereri
2605 3348 2691 3402 sui
2741 3347 2933 3417 ipsius,
2963 3356 3016 3401 et
3041 3346 3271 3401 evadere
3337 3342 3618 3406 scandala,

2043 3455 2138 3497 seu
2167 3440 2511 3507 offendicula,
2539 3449 2629 3494 aut
2657 3438 2887 3493 aliorum
2920 3438 3128 3493 scilicet
3153 3436 3483 3503 miserendo,
3518 3435 3619 3490 im-

2043 3533 2231 3602 plicari
2290 3533 2497 3602 laqueis
2558 3530 3046 3595 iudissolubilibus,
3102 3544 3166 3584 ac
3208 3529 3439 3583 volendo
3484 3527 3623 3584 alios

2045 3624 2303 3695 adjuvare
2334 3626 2387 3681 in
2420 3627 2557 3680 mala
2589 3627 2824 3681 incidere
2849 3624 3220 3679 inevitabilia?
3271 3624 3481 3679 Bonum
3537 3632 3625 3679 est

2045 3714 2120 3769 illi
2156 3730 2376 3769 manum
2428 3717 2727 3787 porrigere,
2760 3716 2854 3786 qui
2896 3730 2954 3770 se
2995 3714 3327 3785 praecipitent
3378 3713 3509 3784 agit,
3573 3712 3622 3768 si

2033 3805 2289 3875 possibile
2325 3807 2397 3862 sit
2425 3822 2530 3862 non
2558 3808 2722 3863 simul
2757 3823 2879 3863 cum
2906 3807 3023 3877 ipso
3049 3807 3393 3878 periclitante
3423 3806 3623 3880 perire;

350 3892 436 3945 sin
464 3900 642 3945 autem
675 3893 846 3961 operi,
882 3891 1025 3962 quod
1072 3890 1286 3946 videtur
1335 3895 1753 3963 compassionis,
1814 3897 2178 3968 subsequatur
2233 3900 2364 3971 pati,
2420 3902 2651 3973 propria:
2721 3902 3053 3959 studendum
3079 3909 3160 3958 est
3189 3900 3430 3968 utilitati,
3492 3900 3621 3973 quia

353 3996 458 4035 non
495 3981 566 4035 ita
617 3981 954 4051 pr0piuquus
982 3988 1066 4037 est
1099 3983 1235 4038 alter
1266 3982 1443 4049 alteri,
1477 3996 1534 4039 nt
1561 3985 1916 4055 qtrisquesibi
1957 3986 2080 4058 ipsi.

947 4095 1199 4150 ΚΕΦΔΛ.
1234 4093 1331 4148 lE'.

420 4209 519 4262 Διά
549 4208 708 4262 τοῦτο
730 4249 745 4275 ,
777 4208 855 4279 τῷ
890 4208 1192 4280 κεραυνείῳ
1225 4210 1356 4280 πυρὶ¹
1399 4209 1500 4279 τῆς
1550 4211 1933 4276 Πενταπόλεως

2612 4101 2842 4158 CAPUT
2896 4102 3012 4157 XV.

2132 4215 2261 4272 Eam
2294 4220 2363 4273 ob
2391 4234 2534 4283 rem,
2568 4235 2691 4272 cum
2740 4217 2999 4276 fulmineo
3026 4218 3150 4289 igne
3175 4217 3488 4289 Pentapolis
3538 4221 3623 4275 in-

282 4278 287 4289 ;
354 4298 714 4371 φλεγομένης,
741 4301 769 4352 ό
798 4278 1030 4369 ἄγγελος
1055 4278 1208 4368 ἔλεγε
1239 4278 1317 4369 τῷ
1337 4278 1549 4371 δικαίῳ,
1587 4302 1684 4355 καὶ
1721 4300 1932 4372 φιλοξε-

2041 4311 2431 4374 ﬂamrnaretur,
2477 4309 2702 4381 angelus
2748 4310 2885 4365 dixit
2929 4278 3081 4380 justo
3125 4319 3180 4365 et
3222 4278 3622 4381 hospitalitatis

352 4388 469 4451 via;
509 4388 926 4459 ἐπιμελουμένῳ
958 4387 1103 4441 Λώτ·
1134 4407 1153 4438 ι
1191 4387 1386 4452 Σώζων
1412 4390 1549 4454 σῶζε
1578 4390 1676 4461 τὴν
1704 4391 1929 4445 σεαυτοῦ

350 4479 549 4551 ψυχὴν,
584 4481 663 4542 εἰς
701 4479 763 4532 τὸ
794 4482 920 4551 ὅρος
962 4479 1139 4545 σώζου
1173 4481 1383 4552 μήποτε
1432 4483 1929 4554 συμπαραληφθῇς,

353 4571 460 4641 πρὸ
492 4570 601 4624 τῶν
647 4571 1035 4643 ἀπολλυμένων
1078 4574 1180 4643 τῆς
1224 4573 1418 4626 ἑαυτοῦ
1465 4574 1717 4647 φρόντιζε
1756 4592 1931 4646 σωτη-

356 4661 497 4731 ρίας.
530 4681 548 4711 ι
589 4661 662 4715 Τὸ
685 4663 813 4731 γὰρ,
852 4682 870 4714 ι
908 4663 1001 4735 Μὴ
1025 4664 1330 4736 πριὸλέψῃ
1351 4666 1431 4725 εἰς
1451 4665 1519 4717 τά
1546 4666 1740 4729 ὀπίσω,
1777 4684 1795 4717 ι
1835 4684 1934 4739 μη-

354 4751 480 4804 δένα
509 4754 668 4821 λόγον
698 4756 805 4807 τῶν
839 4755 1235 4825 ἀπολλυμένων
1277 4756 1560 4810 ἐδίδασκεν
1599 4756 1765 4827 ἔχειν,
1809 4759 1933 4812 ἐπεὶ

356 4843 431 4915 μὴ
458 4845 673 4909 πάντως
695 4846 844 4900 ὅσιον
864 4843 934 4918 ἦν
960 4847 1357 4901 συναπολέσθαι
1379 4847 1602 4919 θελῆσαι
1628 4852 1740 4913 τοῖς
1766 4850 1933 4903 ἀπολ-

352 4939 414 4993 λυ
426 4940 629 5010 μένοις,
659 4943 794 5013 μηδὲ
819 4946 875 4996 ὲν
908 4944 1007 5015 ἴσῳ
1028 4944 1216 4998 θέσθαι
1241 4944 1466 5015 θελῆσαι
1501 4944 1609 4997 τῶν
1635 4945 1810 4999 ἄλλων
1840 4948 1933 5001 καὶ

349 5029 448 5100 τὴν
488 5031 682 5086 ἑαυτοῦ
725 5033 1073 5104 κηδεμονίαν,
1111 5036 1169 5088 ὲν
1204 5030 1282 5100 οἷς
1325 5037 1387 5089 τὸ
1432 5039 1738 5106 συμπαθὲς,
1782 5040 1931 5093 οὐδὲν

349 5121 589 5191 ὠφελοῦν
606 5124 731 5187 τοὺς
752 5125 1217 5195 τιμωρουμένους,
1237 5127 1414 5181 ἀδικεῖ
1438 5129 1564 5191 τοὺς
1582 5131 1931 5201 συμπάσχον-

350 5232 448 5278 τας
472 5216 543 5269 τὰ
574 5218 807 5291 μέγιστα
832 5233 845 5246 °
880 5218 963 5279 εἰς
1014 5218 1182 5288 αὐτὴν
1214 5220 1451 5290 βλάπτον
1498 5222 1596 5292 τὴν
1630 5224 1796 5275 πᾶσιν
1836 5224 1934 5276 dv-

353 5305 592 5374 θρώποις
630 5306 765 5375 ὁμοῦ
802 5307 1147 5381 ποθουμένην
1198 5311 1502 5383 σωτηρίαν·
1556 5312 1617 5365 τδ
1669 5312 1768 5383 μὲν
1823 5314 1932 5385 γὰρ

356 5393 759 5465 φιλάνθρωπον,
790 5397 887 5450 καὶ
943 5398 1062 5470 Θεῷ
1122 5402 1269 5470 φίλον
1299 5442 1313 5467 ,
1376 5404 1470 5456 καῖ
1530 5404 1739 5474 πρέπον
1777 5408 1928 5478 ἡμῖν,

356 5484 447 5536 καὶ
504 5484 586 5537 δεῖ
642 5487 711 5540 τὰ
758 5490 992 5559 χρηστὰ,
1041 5491 1134 5544 καὶ
1177 5491 1585 5561 συμϐουλεύειν,
1635 5495 1730 5549 καὶ
1768 5513 1932 5549 σπου-

348 5576 568 5646 δάζειν,
634 5579 727 5633 καὶ
783 5580 1108 5652 ἐπεύχεσθαι
1173 5583 1403 5638 ἕκαστον
1476 5584 1712 5658 mm,»-
1778 5590 1933 5643 ὲπαι-

426 5760 467 5791 ⁸³
507 5763 641 5817 Gen.
678 5779 790 5826 xu,
830 5761 920 5817 19.

2042 4401 2210 4473 393
2250 4400 2498 4455 studioso
2528 4399 2667 4457 Loti:
2711 4419 2728 4452 ι
2768 4401 2997 4457 Salvans
3025 4400 3171 4455 salva
3227 4411 3374 4457 tuam
3445 4404 3617 4473 ipsius

2032 4496 2294 4561 animam,
2348 4493 2401 4547 in
2446 4503 2684 4549 montem
2721 4494 3057 4559 salvare,pne
3086 4494 3226 4549 forte
3263 4494 3425 4549 simul
3467 4510 3619 4549 com-

2035 4587 2411 4657 prebendaris,
2464 4585 2645 4655 potius
2671 4594 2839 4647 tuam.
2892 4600 3054 4657 quam
3107 4600 3322 4650 eorum,
3354 4585 3446 4654 qui
3482 4601 3613 4653 per-

2032 4688 2182 4742 eunt,
2220 4679 2441 4733 salutem
2473 4692 2604 4731 cura
2637 4677 2721 4743 ¹⁸;
2770 4696 2788 4728 ι
2848 4677 2992 4753 quod
3055 4677 3199 4731 enim
3237 4675 3337 4745 ipsi
3395 4675 3603 4730 dictum

2034 4777 2136 4832 est,
2179 4776 2372 4820 utnon
2412 4766 2707 4835 respiceret
2757 4775 2921 4831 retro,
2961 4767 3164 4821 nullam
3206 4766 3472 4820 rationem
3521 4766 3620 4821 ha-

2035 4855 2162 4910 bere
2228 4854 2573 4921 pereuntium
2607 4854 2866 4910 edocebat
2894 4872 2907 4921 ;
2944 4856 3071 4924 quia
3096 4863 3241 4911 certe
3266 4855 3473 4926 justum
3506 4869 3615 4909 non

2034 4953 2151 5000 erat
2184 4944 2316 4999 velle
2352 4946 2519 4999 simul
2551 4946 2726 5015 perire
2757 4961 2884 4999 cum
2916 4946 3294 5015 pereuntibus,
3328 4961 3428 5001 nec
3460 4962 3615 5016 teque

2034 5051 2097 5089 ar.
2125 5035 2359 5089 aliorum
2395 5034 2497 5089 sui'
2539 5034 2711 5104 ipsius
2748 5033 2951 5089 habere
2997 5049 3228 5101 curam;
3274 5035 3403 5089 dum
3462 5049 3615 5092 com-

2034 5116 2215 5197 passi‘o
2244 5127 2296 5181 in
2325 5126 2393 5181 iis
2426 5126 2723 5180 maximum
2759 5125 3019 5179 damnum
3072 5124 3229 5180 atl‘ert
3277 5128 3616 5197 compatien-

2036 5220 2197 5283 tibus,
2230 5219 2281 5273 in
2307 5218 2509 5289 quibus
2538 5218 2671 5273 nihil
2701 5217 2844 5271 valet
2870 5216 3129 5286 adjuvare
3144 5219 3387 5287 punitos,
3416 5218 3618 5289 quippe

2036 5327 2157 5384 qua:
2191 5313 2468 5368 ltesionem
2495 5311 2657 5366 infert
2698 5312 2798 5383 ipsi
2838 5310 3025 5378 saluti,
3059 5325 3179 5381 quae
3210 5313 3387 5367 simul
3413 5313 3481 5369 ab
3496 5328 3617 5368 om-

2034 5405 2207 5460 nibus
2232 5402 2547 5459 hominibus
2583 5412 2935 5474 peroptatur:
3000 5403 3116 5460 haec
3176 5419 3413 5475 namque
3456 5421 3618 5475 argu-

2035 5508 2278 5553 mentum
2336 5505 2419 5550 cst
2457 5512 2584 5568 erga
2637 5495 2889 5551 homines
2932 5496 3341 5561 benevolentiae,
3399 5495 3616 5566 Deoquc

2038 5598 2217 5657 grata,
2254 5604 2315 5644 ae
2346 5587 2506 5644 nobis
2532 5589 2971 5657 conveniensmt
2993 5598 3232 5660 oportet,
3282 5604 3613 5659 quemquam
