3956 6206
389 321 527 384 1083

1889 325 1950 383 S.
1994 324 2154 383 NILI

3524 319 3691 381 1084

392 436 565 488 multo
610 439 757 495 sunt,
811 430 1159 500 indigentque
1216 431 1549 484 diuturniori
1607 442 1869 500 tempore,
1919 440 1980 485 ut

2093 430 2339 499 Βεομένας
2377 429 2511 498 πρὸς
2558 428 2617 480 τὸ
2649 429 2946 498 ἀνυσθῆναι
2998 430 3241 496 πλείονος
3292 430 3506 502 χρόνου.
3558 435 3690 487 Καὶ

389 520 767 575 conﬁciantur.
809 520 872 575 Et
902 535 1007 588 qua
1045 522 1253 575 ratione
1293 523 1397 585 via,
1448 537 1569 590 quae
1605 522 1774 575 ardua
1806 530 1888 575 est
1919 529 1974 575 et

389 613 475 664 vix
525 610 846 680 pertransiri
896 620 1089 679 potest.
1138 628 1259 681 quae
1310 611 1466 681 longa
1512 619 1565 665 et
1644 610 1971 680 periculosa,

386 716 509 769 quae
556 699 799 755 ferarum
859 702 1057 756 ictibus
1092 701 1359 771 subjecta,
1414 717 1478 754 ac
1522 702 1835 770 prauiouum
1890 709 1976 755 est

389 794 570 858 altrix,
603 805 656 848 et
690 795 916 865 laqueos
961 796 1143 859 habet,
1200 803 1254 849 et
1291 794 1573 858 scandala,
1620 808 1674 847 et
1708 795 1969 858 insultus,

392 896 441 938 et
482 884 728 950 insidias,
788 894 842 939 et
887 886 1209 940 detrimenta
1266 887 1456 949 multa,
1503 886 1786 954 jndicatur
1831 901 1972 956 pra!-

393 978 622 1031 stanlior
655 993 716 1032 ca
759 993 880 1047 qua:
941 978 1236 1032 tolerabilis
1281 986 1400 1042 est,
1441 988 1604 1048 atque
1663 978 1882 1033 concisa
1924 990 1976 1034 et

394 1069 590 1136 plana?
644 1068 719 1121 lbi
762 1069 1005 1122 mulieris
1049 1077 1300 1137 aspectus
1346 1069 1591 1137 proritat,
1636 1067 1865 1133 divitiae,
1922 1078 1976 1122 et

395 1167 729 1227 potentatus,
754 1169 807 1213 et
838 1160 1009 1229 gloria
1034 1169 1379 1213 commovent
1408 1161 1807 1215 :entulationem
1830 1179 1844 1226 ;
1870 1161 1975 1216 alia

395 1251 732 1304 iracundiam
791 1251 1080 1317 vellicant;
1137 1253 1238 1306 alia
1292 1253 1792 1322 concupiscentiam
1850 1270 1976 1308 suc-

393 1338 666 1397 cendunt:
716 1338 820 1393 alia
862 1339 1207 1394 dimisionem
1254 1342 1437 1396 cordis
1475 1357 1586 1411 prae
1624 1343 1831 1406 laetitia,
1875 1343 1976 1397 alia

394 1444 522 1484 vero
566 1431 732 1483 animi
776 1431 1164 1485 demissioncm
1201 1432 1478 1500 inferunt;
1507 1435 1611 1488 alia
1641 1435 1851 1488 vultum
1888 1438 1981 1486 de-

398 1524 661 1586 missum,
708 1538 801 1577 seu
854 1525 1113 1593 pudorem
1164 1542 1286 1580 cum
1328 1542 1560 1581 mmrore
1594 1534 1645 1581 et
1703 1526 1981 1581 confusio-

398 1629 558 1678 nem;
591 1615 695 1668 alia
737 1616 1022 1683 gaudium,
1065 1616 1501 1688 hllaritatemque
1556 1618 1828 1685 efﬁciunt;
1875 1620 1979 1673 alia

394 1706 835 1767 oblectationem,
894 1716 948 1761 et
1005 1707 1112 1762 alia
1172 1708 1426 1775 tzedium;
1488 1710 1675 1778 sicque
1739 1710 1982 1779 quotidie

2076 520 2194 584 πῶς
2224 522 2258 590 ή
2305 519 2638 590 προσάντης,
2689 519 2782 572 καὶ
2823 520 3208 590 δυσπόρευτος,
3258 522 3292 593 ή
3332 524 3520 595 μακρά
3578 527 3691 577 καὶ

2077 610 2432 674 ἐπικίνδυνος,
2466 611 2498 680 ή
2535 608 2993 680 θηροδολουμένη,
3017 612 3111 664 καὶ
3144 612 3532 683 λῃστοτρόφος,
3581 616 3688 667 καί

2086 702 2314 773 βρόχους
2344 702 2561 772 ἔχουσα,
2589 702 2685 754 καὶ
2717 701 3008 768 σκάνδαλα,
3036 704 3129 755 καὶ
3154 703 3394 775 ἐνέδρας,
3420 706 3514 758 καὶ
3534 707 3665 775 ἐτι-η
3677 735 3705 748 -

2083 795 2235 866 ρείας
2275 795 2475 858 πολλὰς
2501 794 2598 863 τῆς
2625 794 2879 862 ἀνεκτῆς,
2896 794 2989 847 καὶ
3008 795 3277 865 συντόμου
3296 796 3389 849 καὶ
3418 796 3686 866 πεδινῆς,

2082 886 2329 957 κρίνεται
2350 885 2721 955 προτιμοτέρα
2744 904 2759 951 ;
2798 885 2958 953 Ὀψις
2979 886 3095 938 ἐκεῖ
3122 887 3377 953 γυναικὸς
3405 887 3689 958 ἐρεθίζει,

2082 974 2329 1038 πλοῦτος,
2365 975 2457 1027 καὶ
2483 974 2789 1035 δυναστεία,
2814 974 2907 1025 καὶ
2929 973 3058 1039 δόξα
3091 976 3233 1026 κινεῖ
3254 973 3314 1027 τδ
3338 974 3690 1044 ζηλότυπον,

2079 1066 2213 1122 ἄλλα
2252 1067 2344 1119 τὸν
2375 1066 2546 1134 θυμὸν
2578 1062 2876 1128 ὲπικνίζει·
2908 1064 3045 1118 ἄλλα
3090 1064 3193 1135 τὴν
3236 1065 3543 1135 ἐπιθυμίαν
3590 1068 3695 1118 ἀνι

2082 1159 2263 1218 ἀπτει,
2298 1158 2391 1209 καὶ
2437 1157 2598 1226 ἕτερα
2620 1156 2885 1225 διάχυσιν,
2910 1154 3003 1208 καὶ
3035 1155 3201 1224 ἓτερα
3236 1159 3378 1209 ποιεῖ
3407 1158 3693 1209 ταπεινό-

2080 1266 2240 1319 τητα,
2268 1248 2401 1301 ἄλλα
2431 1249 2756 1316 κατήφειαν,
2782 1248 2873 1299 καὶ
2899 1245 3182 1315 σύγχυσιν,
3210 1247 3346 1302 ἀλλα
3366 1246 3547 1319 χαρὰν
3584 1249 3693 1300 καὶ

2082 1338 2377 1393 εὐπάθειαν
2410 1337 2734 1408 ἐργάζεται·
2766 1337 2901 1390 ἄλλα
2945 1336 3157 1406 τέρψιν,
3195 1338 3288 1392 καὶ
3321 1339 3486 1407 ἕτερα
3539 1341 3687 1392 δυσ-

2082 1430 2407 1500 αρέστησιν,
2436 1430 2528 1481 καὶ
2572 1428 2695 1481 καθ’
2729 1430 2967 1500 ἑκάστην
3005 1431 3062 1482 ἐν
3088 1433 3197 1493 τοῖς
3245 1430 3549 1499 ὁρωμένοις
3583 1431 3690 1483 καὶ

2082 1522 2436 1592 ἀκουομένοις
2501 1522 2642 1574 οὕτω
2697 1521 3011 1591 τυφόμενα,
3067 1521 3163 1574 καὶ
3211 1520 3547 1591 ριπιζόμενα
3612 1522 3689 1573 τά

2085 1613 2253 1682 πάθη,
2288 1613 2403 1674 πῶς
2431 1614 2510 1675 είς
2553 1610 2815 1682 λαμπράν
2854 1612 2953 1664 οὐκ
2983 1613 3346 1680 ἀναστήσεται
3374 1612 3685 1683 ότεδήποτε

2085 1706 2280 1773 φλόγα,
2311 1707 2403 1757 καὶ
2444 1708 2509 1774 τῇ
2559 1706 2772 1773 συνεχεῖ
2804 1703 3090 1774 γυμνασίᾳ
3131 1702 3328 1771 φθάσει
3366 1702 3502 1773 πρὸς
3547 1704 3684 1755 δυσ-

397 1799 483 1852 his
548 1812 670 1867 qua:
730 1798 985 1851 videntur
1039 1809 1093 1854 et.
1148 1801 1447 1854 audiuntur
1520 1801 1866 1855 inflammatae
1931 1812 1984 1855 et

2093 1797 2388 1850 κατάλυτον
2417 1796 2552 1861 ἕξιν,
2587 1796 2681 1849 καὶ
2714 1795 2812 1863 τὴν
2841 1795 3164 1865 μεταϐολὴν,
3219 1794 3252 1865 ἢ
3306 1795 3596 1860 ἐπίπονον,
3646 1797 3681 1864 ἢ

396 1891 697 1944 eventilata.-
727 1892 1030 1959 passiones,
1062 1892 1339 1961 quomodo
1370 1893 1422 1946 in
1455 1893 1794 1962 splendidam
1828 1894 1983 1947 llam-

400 1998 540 2036 mam
572 1981 788 2036 tandem
824 1983 1119 2052 aliquando
1148 1999 1253 2037 non
1287 1995 1602 2055 exsurgent,
1638 1996 1690 2039 et
1719 1986 1979 2039 continua

398 2073 787 2127 exercitatione
833 2088 939 2126 non
988 2074 1295 2144 pertingent
1344 2075 1407 2129 ad
1467 2076 1709 2129 habitum
1760 2075 1983 2131 dissolvi

399 2165 697 2229 difﬁcilem,
726 2179 787 2220 ac
813 2165 1345 2230 transmutationem,
1372 2176 1468 2220 aut
1500 2165 1853 2231 laboriosam,
1887 2177 1981 2222 aut

404 2258 651 2313 fortassis
694 2257 1085 2327 impossibilem
1133 2273 1240 2312 non
1276 2258 1555 2313 efﬁcient?
1592 2257 1805 2313 Etenim
1850 2274 1987 2312 con-

404 2351 636 2405 suetudo
673 2366 778 2404 non
823 2352 1006 2405 minus
1036 2367 1201 2421 quam
1240 2352 1514 2406 vinculum
1552 2351 1821 2417 detinens,
1876 2367 1985 2405 non

404 2438 668 2508 permittit
714 2454 1012 2504 recessum,
1068 2442 1269 2510 quippe
1330 2456 1450 2508 qua:
1505 2442 1785 2507 paululum
1838 2441 1986 2495 cedit

406 2531 662 2601 impulsui
709 2531 973 2593 moventi,
1029 2540 1084 2585 at
1135 2547 1328 2587 rursus
1372 2532 1536 2586 trahit
1574 2531 1642 2603 ad
1693 2548 1752 2586 se
1812 2533 1984 2601 ipsam

404 2641 552 2688 eum,
588 2624 680 2693 qui
730 2633 962 2678 conatur
1006 2625 1320 2680 abscedere.
1379 2623 1600 2686 Verum,
1649 2626 1739 2695 qui
1795 2626 1862 2679 ab
1895 2627 1992 2680 hu—

399 2717 556 2787 jusce
583 2718 707 2771 vita:
742 2717 971 2785 negotiis
1009 2727 1292 2786 separatus
1321 2726 1425 2779 est,
1450 2725 1503 2770 et
1550 2733 1746 2772 sensus
1795 2719 1991 2771 avertit

404 2824 435 2862 δ
480 2807 640 2861 rebus
694 2807 1066 2870 sensibilibus,
1113 2817 1277 2877 atque
1328 2808 1469 2875 apud
1524 2808 1761 2875 scipsum
1808 2809 1990 2877 quiete

405 2898 536 2967 agit,
578 2898 621 2952 si
658 2897 950 2951 memorias
982 2897 1177 2950 habeat
1226 2897 1573 2967 passionibus
1603 2898 1855 2964 percitos,
1899 2913 1991 2952 ce-

406 2989 572 3043 lerius
601 2985 799 3041 delebit
826 3000 941 3050 eas,
970 2994 1229 3054 tempore,
1266 2986 1435 3056 393
1467 2987 1611 3054 quod
1646 2987 1830 3039 omnia
1870 3003 1991 3055 per.

405 3079 671 3149 antiquat,
720 3078 915 3131 horum
959 3091 1175 3146 quoque
1216 3076 1473 3145 paulatim
1516 3069 1867 3130 'oblivionem
1914 3078 1991 3131 in-

2087 1890 2227 1960 τάχα
2261 1890 2479 1956 ποιήσει
2525 1888 2619 1941 καὶ
2654 1887 2947 1952 ἀδύνατον;
2996 1885 3209 1955 Δεσμοῦ
3249 1885 3356 1956 γὰρ
3380 1888 3480 1939 οὐκ
3515 1887 3682 1939 ἔλατ-

2088 1998 2179 2033 τον
2234 1980 2536 2048 κατέχουσα
2598 1981 2631 2047 ή
2686 1979 2963 2047 συνήθεια,
3013 1979 3113 2045 τὴν
3164 1978 3518 2047 ἀναχώπσιν
3575 1980 3684 2032 οὐκ

2090 2072 2326 2142 ἐφίησιν,
2353 2072 2530 2139 ὀλίγον
2565 2070 2837 2123 ἐνδιδοῦσα
2862 2071 2926 2139 τῇ
2949 2072 3114 2140 ὁρμῇ,
3142 2070 3237 2123 καὶ
3263 2066 3416 2134 αὖθις
3436 2070 3688 2124 ἕλκουσα

2094 2162 2230 2232 πρὸς
2277 2161 2475 2231 ἑαυτὴν
2520 2160 2612 2212 τὸν
2668 2158 3039 2228 ἀποφοιτῆσαι
3093 2160 3451 2231 πειρώμενον.
3508 2160 3576 2212 ὐ
3624 2160 3685 2212 δὲ

2088 2251 2197 2305 τῶν
2252 2250 2519 2320 βιωτικῶν
2574 2251 2981 2321 κεχωρισμένος
3034 2253 3398 2323 πραγμάτων,
3447 2252 3543 2305 καὶ
3577 2256 3686 2314 τάς

2091 2342 2374 2411 αἰσθήσεις
2413 2343 2734 2413 ἀποστήσας
2773 2342 2882 2395 τῶν
2924 2342 3221 2413 αἰσθητῶν,
3269 2344 3365 2395 καὶ
3392 2342 3514 2396 καθ’
3551 2345 3689 2396 ἑαυο

2089 2435 2181 2488 τὸν
2211 2433 2454 2503 ἠρεμῶν,
2503 2433 2570 2486 ἂν
2605 2434 2705 2502 μὲν
2742 2433 2841 2505 ἔχῃ
2879 2436 3096 2503 μνήμας
3141 2433 3430 2503 ἐμπαθεῖς,
3461 2435 3689 2504 ταχέως

2091 2524 2342 2595 ἀφανίσει
2388 2524 2613 2588 ταύτας.
2668 2523 2764 2578 τοῦ
2822 2524 3001 2578 πάντα
3052 2524 3407 2588 παλαιοῦντος
3451 2525 3687 2594 χρόνου,

2091 2614 2261 2684 λήθην
2286 2615 2379 2667 καὶ
2423 2612 2627 2666 τούτων
2659 2611 2800 2665 κατά
2831 2612 3031 2682 μικρὸν
3058 2610 3428 2681 ἐργαζομένου
3455 2628 3469 2641 ο
3501 2610 3605 2663 ἐὰν
3627 2610 3687 2663 δὲ

2096 2707 2264 2777 μηδὲν
2296 2705 2517 2769 ἐδέξατο
2542 2704 2650 2757 τῶν
2682 2703 2981 2757 ποιούντων
3018 2704 3198 2773 μάχην
3244 2701 3502 2765 εἰδώλων,
3536 2701 3688 2772 πρὸς

2091 2799 2192 2861 τὰς
2227 2796 2463 2866 φυσικάς
2491 2796 2831 2866 ὑπομνήσεις
2860 2794 3021 2863 ψιλὰς
3056 2794 3168 2864 ἔχει
3206 2793 3307 2863 τὴν
3356 2793 3533 2862 πάλην
3583 2794 3685 2846 εύ-

2093 2888 2532 2957 καταγωνίστους
2579 2887 2747 2952 οὔσας
2798 2885 3253 2958 εὐπαραγώγους,
3282 2886 3379 2955 τῆς
3431 2884 3690 2946 διανοίας

2093 2980 2328 3043 εὐκόλως
2363 2980 2792 3051 μετατιθεμένης
2822 2978 3012 3042 αὐτάς,
3044 2978 3142 3031 καὶ
3184 2972 3687 3045 ἀποστρεφομένης

2093 3072 2354 3142 εὐχερῶς.
2397 3074 2525 3127 ὅταν
2560 3073 2747 3144 μηδενὶ
2777 3072 2885 3126 τῶν
2923 3070 3123 3138 ἔξωθεν
3150 3068 3346 3140 λίχνων
3394 3066 3683 3130 δελεάζει*

405 3172 673 3233 ducente;
747 3166 831 3222 sin
877 3179 1003 3219 vero
1062 3164 1261 3219 nullam
1299 3162 1856 3233 susceperitefﬁgiem
1910 3179 1986 3217 eo

2099 3164 2324 3233 δύνηται
2359 3166 2385 3217 ὁ
2415 3165 2607 3236 ἐχθρός

407 3277 530 3317 rum
574 3273 696 3328 qua:
750 3270 986 3325 pugnam
1041 3255 1207 3318 cient,
1256 3255 1459 3309 luctam
1514 3251 1676 3307 habet
1718 3253 1979 3309 adversus
2019 3253 2295 3325 simplices
2350 3258 2781 3313 reminiscentias
2827 3255 3122 3318 naturales,
3158 3268 3280 3324 qua
3336 3252 3524 3308 faciles
3548 3259 3685 3306 sunt

406 3362 739 3426 expugnato,
772 3360 825 3405 et
855 3350 1052 3405 abduci
1088 3348 1236 3404 nullo
1322 3349 1543 3418 negotio
1618 3356 1847 3416 queunt,
1878 3355 2059 3402 mente
2099 3348 2462 3405 transferente
2505 3350 2762 3407 facillime
2803 3350 2970 3419 ipsas,
3012 3356 3066 3402 et
3107 3356 3392 3403 aversante
3421 3345 3543 3402 sine
3587 3345 3682 3400 la-

406 3445 557 3511 bore,
594 3444 815 3515 quando
856 3444 1112 3497 inimicus
1139 3439 1286 3495 nulla
1314 3438 1487 3509 possit
1512 3439 1844 3493 exteriorum
1884 3438 2238 3507 cupediarnm
2269 3441 2507 3497 allicere.

995 3573 1223 3631 CAPUT
1264 3572 1383 3627 XX.

478 3693 637 3749 llisce
679 3692 881 3761 quippe
930 3686 1213 3743 consuevit
1268 3686 1492 3757 (hostis)
1543 3687 1825 3756 passiones
1879 3686 1990 3741 illi-

408 3802 557 3847 nere.
594 3800 657 3839 ac
697 3782 913 3837 efﬁcere
960 3780 1283 3833 luctationes
1321 3793 1581 3848 operosas
1615 3788 1668 3833 et
1699 3779 1996 3833 laboriosas

408 3876 814 3933 decertantibus
851 3892 864 3927 :
897 3887 998 3927 nec
1036 3872 1180 3926 enim
1226 3880 1438 3925 tantum
1498 3881 1677 3940 potest
1728 3871 1995 3939 concupi-

411 3968 617 4022 scentia
661 3966 779 4020 sine
808 3963 1053 4020 materia,
1090 3975 1356 4031 quantum
1391 3961 1554 4024 valet,
1584 3977 1707 4015 cum
1752 3964 1800 4016 ei
1848 3961 1997 4026 adja-

410 4067 535 4112 cent
562 4054 837 4125 proposita
874 4050 1345 4121 concupiscibilia,
1378 4065 1479 4103 nec
1524 4065 1715 4103 rursus
1746 4049 1994 4102 domina-

413 4159 501 4200 tur
546 4146 648 4208 ira,
698 4159 821 4198 cum
875 4158 981 4196 non
1036 4141 1179 4196 adsit
1224 4141 1315 4210 qui
1354 4141 1589 4194 concitet
1635 4140 1805 4194 illam.
1839 4139 1995 4192 Volu-

413 4250 532 4305 ptas
569 4250 696 4289 τοῖο
748 4247 875 4287 tunc
914 4235 1207 4298 excitatur,
1253 4233 1472 4303 quando
1515 4233 1566 4286 id
1610 4232 1756 4301 quod
1796 4232 1992 4301 placet,

414 4337 631 4396 aspectu
661 4326 890 4395 proritat
924 4326 1245 4394 appetitum.
1280 4324 1421 4378 Sunt
1441 4334 1620 4377 autem
1654 4324 1849 4377 horum
1877 4337 1996 4376 mo-

415 4431 501 4472 tus
544 4417 769 4482 infirmi,
828 4431 890 4470 ac
926 4417 1161 4479 remissi,
1205 4432 1309 4470 non
1354 4416 1679 4470 obturbante
1715 4414 1996 4483 imagina-

415 4513 581 4574 tione,
617 4525 737 4579 qum
779 4509 1272 4562 considerationem
1313 4507 1460 4560 velut
1498 4523 1526 4559 c
1558 4521 1751 4560 somno
1774 4507 1992 4568 excitat,

413 4602 568 4671 quasi
604 4602 959 4665 obdormiret,
990 4611 1043 4655 et
1093 4600 1477 4670 cogitationem
1528 4599 1580 4652 in
1617 4614 1675 4653 se
1707 4599 1823 4667 ipsa
1869 4598 1994 4651 reti-

415 4704 503 4746 net
538 4692 774 4762 vigilem,
811 4709 873 4746 ac
919 4698 1348 4761 permanentem.
1385 4690 1628 4760 Exempli
1667 4692 1875 4761 gratia;
1916 4690 1996 4742 vi-

414 4796 527 4843 sus,
559 4781 673 4849 qui,
709 4780 966 4833 blamlum
997 4778 1201 4847 aliquid
1227 4779 1462 4833 amicum
1494 4780 1743 4840 reddens,
1778 4779 1994 4834 cohibet

415 4873 851 4925 ineonniventem
890 4869 1146 4923 intuitum
1186 4870 1332 4924 oculi
1369 4871 1597 4924 nimium
1635 4871 1880 4940 corporis
1908 4870 1993 4925 sui

416 4964 666 5027 studiosi,
699 4973 751 5018 et
773 4964 1083 5017 nullatenus
1104 4978 1227 5017 eum
1257 4963 1631 5032 circumagere
1652 4961 1989 5032 permittens,

417 5072 516 5109 nec
545 5056 753 5120 siucns,
790 5064 847 5107 ut
880 5056 944 5107 ad
986 5054 1186 5123 aliquid
1219 5054 1364 5108 aliud
1408 5053 1700 5107 transferat
1742 5054 1990 5106 volunta-

419 5156 523 5198 tcm
577 5146 698 5214 (ριδί
740 5147 864 5215 quis
912 5145 1032 5198 velit
1086 5144 1506 5215 constringere),
1554 5145 1721 5197 vincit
1765 5145 1993 5197 delecta-

418 5237 562 5289 tione
605 5237 871 5305 pertinax,
917 5250 1287 5304 magnumqne
1325 5234 1563 5289 studium
1610 5234 1990 5288 contendentis

417 5326 633 5377 oculum
660 5335 921 5379 avertere.
950 5323 1149 5379 Verum
1180 5341 1285 5377 non
1318 5325 1396 5378 sic
1429 5325 1701 5392 contingit
1736 5324 1805 5390 ei,
1833 5326 1926 5393 qui
1962 5340 1991 5378 a

418 5418 549 5472 solis
571 5418 1039 5472 recordationibus
1063 5417 1424 5484 perturbatur,
1455 5418 1542 5471 cui
1580 5417 1828 5472 liberatio
1859 5417 1993 5472 faci-

419 5506 485 5561 lis
522 5516 625 5573 est,
651 5509 814 5578 fitque
852 5509 1003 5564 valde
1044 5516 1291 5578 prompta
1321 5511 1570 5577 migratio
1600 5528 1613 5563 :
1644 5510 1995 5565 meditatione

423 5611 672 5667 namque,
728 5616 791 5654 ac
836 5601 1094 5654 exercitio
1140 5615 1455 5654 sermonum
1510 5601 1900 5668 spiritualium,
1938 5612 1992 5657 ct

422 5686 631 5744 intensa
686 5693 930 5747 oratione
975 5707 1128 5748 meus
1168 5694 1409 5750 abscedit
1436 5694 1602 5765 399
1622 5696 1690 5752 ab
1729 5697 1835 5764 his,
1873 5713 1991 5766 qua:

2699 3576 2949 3629 ΚΕΦΑΛ.
2992 3578 3076 3630 ις’.

2169 3688 2393 3754 Τούτοις
2420 3689 2526 3760 γάρ
2559 3688 2800 3757 ἀλείφειν
2836 3689 3047 3757 πέφυκε
3078 3688 3147 3742 τὰ
3180 3689 3346 3760 πάθη,
3376 3690 3475 3743 καὶ
3502 3692 3681 3743 ποιεῖν

2097 3783 2211 3843 τοῖς
2256 3778 2680 3848 ἀγωνιζομένοις
2731 3778 2965 3849 ἐργώδη,
3027 3779 3123 3832 καὶ
3170 3778 3402 3833 ἐπίπονα
3453 3778 3519 3832 τά
3569 3796 3681 3832 πα-

2098 3870 2368 3939 λαίσματα
2388 3887 2400 3900 ·
2432 3871 2528 3940 οὐχ
2567 3869 2708 3923 οὕτω
2737 3870 2845 3940 γὰρ
2879 3868 3050 3940 ἰσχύει
3081 3869 3208 3924 ἄνευ
3233 3868 3365 3941 ὕλης
3388 3868 3677 3938 ἐπιθυμία,

2098 3962 2172 4023 ὡς
2204 3961 2377 4030 ἰσχύει
2406 3962 2512 4014 τῶν
2544 3960 2897 4032 ἐπιθυμητῶν
2930 3960 3377 4031 παρακειμένων,
3412 3959 3534 4012 οῦτε
3565 3960 3676 4012 πά-

2098 4053 2181 4105 λιν
2222 4052 2533 4105 δυναστεύει
2567 4050 2757 4121 θυμδς,
2796 4052 2871 4122 μὴ
2902 4052 3171 4123 παρόντος
3202 4051 3297 4104 τοῦ
3345 4048 3675 4123 παροξύνον-

2098 4162 2207 4206 τος.
2225 4144 2413 4213 Ἡδονή
2448 4160 2505 4195 τε
2532 4143 2654 4195 τότε
2682 4143 3041 4209 διανίσταται,
3073 4145 3162 4197 ὅτε
3196 4144 3254 4197 τὸ
3278 4138 3405 4214 ἦδος
3441 4142 3677 4214 ἐρεθίζει

2097 4239 2163 4306 τῇ
2198 4235 2315 4303 ὄψει
2351 4234 2448 4305 τὴν
2503 4235 2709 4303 ἔφεσιν.
2757 4235 3029 4300 Ἀσθενεῐς
3079 4236 3136 4290 δέ
3183 4236 3385 4290 τούτων
3426 4238 3484 4291 αἰ
3526 4239 3678 4307 κινή-

2105 4344 2238 4391 σεις,
2279 4329 2372 4379 καί⁵
2420 4328 2594 4381 ἀτονοι
2643 4328 2718 4398 μὴ
2753 4327 3192 4400 παρενοχλούσης
3233 4330 3530 4400 φαντασίας
3578 4328 3676 4398 τῆς

2101 4416 2489 4488 διυπνιζούσης
2548 4416 2736 4486 ὥσπερ
2790 4418 3154 4472 καθεύδουσαν
3204 4419 3299 4489 τήν
3353 4418 3674 4488 ἐνθύμησιν,

2106 4509 2199 4563 καὶ
2242 4508 2335 4561 τὸν
2377 4508 2638 4579 λογισμὸν
2674 4510 2809 4579 πρὸς
2849 4510 3044 4581 ἑαυτὴν
3081 4511 3416 4580 κατεχούσης
3446 4511 3677 4581 ἐγρηγοο

2105 4600 2235 4670 ρότα
2292 4602 2385 4653 καὶ
2421 4602 2829 4673 παραμένοντα.
2897 4603 2984 4665 Ὠς
3028 4603 3156 4655 ὅταν
3203 4602 3482 4673 ὀφθαλμοῦ
3531 4602 3679 4671 φιλο-

2102 4691 2359 4761 σωμάτου
2407 4693 2627 4762 κατέχει
2669 4693 2791 4762 δψις
2839 4693 3146 4763 ἀρέσκουσα
3188 4693 3265 4763 τῷ
3310 4692 3588 4762 ἐπαγωγῷ
3620 4692 3679 4745 τὸ

2101 4781 2306 4846 ἀτενὲς,
2353 4781 2591 4851 οὐδαμοῦ
2626 4782 2913 4850 περιάγειν
2947 4783 3333 4852 ἐπιτρέπουσα,
3387 4782 3506 4834 οὐδὲ
3544 4781 3678 4852 πρὸς

2099 4871 2284 4942 ἕτερόν
2312 4889 2365 4924 τι
2411 4874 2758 4941 μετενεγκεῖν
2787 4871 2881 4942 τὴν
2917 4872 3112 4943 βουλὴν
3153 4872 3529 4942 συγχωροῦσα,
3578 4871 3679 4924 κᾶν

2100 4964 2292 5033 ἄγχειν
2319 4980 2404 5026 τις
2438 4962 2632 5028 ἐθέλοι,
2669 4962 2879 5015 νικῶσα
2922 4966 2988 5033 τῇ
3023 4962 3212 5035 τέρψει
3242 4964 3334 5016 τοῦ
3371 4963 3678 5032 ἀποστῆσαι

2098 5057 2159 5109 τὸ
2188 5056 2342 5126 ὄμμα
2392 5054 2715 5125 βιαζομένου
2767 5056 2828 5107 τὸ
2876 5054 3198 5124 φιλόνεικον.
3242 5054 3383 5107 Ἀλλ’
3430 5054 3544 5107 ἐστι
3600 5054 3678 5124 τῷ

2102 5146 2202 5216 μὲν
2234 5150 2354 5208 ταῖς
2380 5147 2622 5216 μνήμαις
2654 5145 3021 5216 ἐνοχλουμένῳ
3052 5145 3274 5209 εὔκολος
3305 5147 3338 5215 ὴ
3362 5145 3676 5215 ἀπαλλαγὴ,

2099 5240 2191 5292 καὶ
2239 5238 2359 5291 λίαν
2408 5236 2655 5307 εὐμαρὴς
2702 5237 3075 5301 ἀπανάστασις
3105 5255 3120 5269 ο
3159 5237 3360 5309 μελέτῃ
3428 5237 3536 5306 γάρ
3585 5237 3677 5289 καὶ

2098 5329 2376 5400 γυμνασίᾳ
2411 5328 2585 5396 λόγων
2618 5328 3028 5396 πνευματικῶν,
3060 5330 3153 5382 καὶ
3181 5331 3457 5399 προσευχῇ
3491 5344 3676 5381 συντε-

2098 5422 2308 5492 ταμένῃ
2342 5420 2633 5489 ἀφίσταται
2678 5419 2786 5472 τῶν
2835 5420 2910 5491 μὴ
2964 5420 3307 5491 ἀρεσκόντων
3353 5420 3431 5489 τῷ
3479 5416 3601 5487 θεῷ
3649 5419 3676 5472 ὁ

2102 5513 2246 5577 νοῦς,
2295 5514 2389 5566 καὶ
2422 5513 2741 5583 μεθίσταται
2775 5514 2912 5583 πρὸς
2953 5512 3023 5566 τὰ
3070 5512 3479 5580 σπουδαζόμενα
3535 5510 3677 5565 κατά

2100 5605 2253 5671 Θεὸν,
2281 5604 2489 5667 τούτοις
2518 5604 2873 5675 ἐνενκαιρῶν,
2906 5605 3173 5657 κάκείνων
3204 5604 3376 5674 λήθην
3409 5599 3672 5668 ποιούμε-

2099 5713 2206 5762 νος.
2238 5696 2544 5769 Καμμῦσαι
2577 5696 2632 5750 δὲ
2669 5696 2805 5767 πρὸς
2853 5696 2921 5750 τά
2962 5694 3213 5769 ὁρώμενα
3253 5698 3342 5750 τὸν
3395 5696 3675 5767 ὀφθαλμὸν
