3918 6180
290 365 427 433 1085

1285 368 1383 429 DE
1438 365 1971 427 MONACHORUM
2031 361 2541 424 PBJESTANTIA.

3402 356 3538 417 1086

275 478 456 531 διόλου
514 472 794 536 ἀδύνατον,
823 472 942 527 οὐδὲ
987 471 1122 544 πρὸς
1177 472 1278 535 τὰς
1325 473 1509 543 φωνὰς
1557 474 1717 543 βῦσαι
1759 471 1857 543 τὴν

1971 469 2073 526 Deo
2106 470 2330 525 minime
2354 470 2586 539 placent,
2626 477 2679 521 ct
2716 466 2781 520 ad
2816 482 2878 521 ea
2912 463 3264 527 transfertur,
3302 478 3421 530 qua:
3448 478 3538 516 se-

276 569 466 640 ἀκοὴν,
495 567 617 621 οὐδὲ
659 569 756 637 τὴν
790 566 995 637 βλάϐην
1024 565 1203 619 αὐτῶν
1233 565 1481 619 ἐκκλῖναι
1516 564 1605 619 διὰ
1653 566 1855 631 παντὸς

275 662 499 733 νήφοντι
526 660 604 729 τῷ
635 659 902 729 λογισμῷ’
928 657 1123 712 πολλαὶ
1147 658 1256 730 γὰρ
1279 658 1544 712 πάντοθεν
1573 659 1853 729 ὲπήρειαι,

281 754 376 805 καὶ
399 751 788 821 δυσφύλακτοι,
820 751 915 803 καὶ
950 751 1048 804 οὐκ
1074 748 1189 803 ἔστι
1214 749 1304 803 τὸν
1332 750 1411 812 είς
1440 750 1610 819 πηλὸν
1638 749 1853 803 διαϐαί-

278 860 436 896 νοντα
466 841 541 912 μὴ
575 841 795 911 μολῦναι
823 840 885 893 τὸ
916 840 1084 911 ἴχνος,
1110 841 1207 895 καὶ
1233 840 1489 907 διάγοντα
1522 840 1580 892 ὲν
1619 837 1856 909 λοιμικῷ

282 933 683 1002 καταστήματι,
720 931 796 1001 μὴ
828 931 1039 993 παθεῖν,
1073 931 1101 984 δ
1149 929 1422 1001 διατίθησι
1468 930 1529 984 τὸ
1564 932 1854 1002 περιέχονο

281 1024 453 1088 οὕτως
484 1023 747 1077 ἀδύνατον
793 1024 869 1093 μὴ
922 1022 1289 1093 ἀναμίξασθαί
1337 1040 1389 1076 τι
1436 1022 1545 1075 τῶν
1590 1021 1859 1088 βιωτικῶν

283 1112 517 1183 κηλίδων
539 1112 630 1165 τὸν
658 1112 871 1175 τούτοις
900 1111 1325 1183 ἐνδιατρίϐοντα,
1357 1110 1462 1164 κᾶν
1488 1111 1563 1181 μὴ
1599 1111 1859 1181 αἰσθάνη-

278 1219 367 1256 ται
413 1203 513 1272 τῆς
568 1202 791 1274 βλάϐης,
825 1202 1011 1256 λοιπὸν
1063 1201 1357 1266 ὲνεθισθεὶς
1412 1201 1490 1273 τῷ
1527 1202 1705 1273 χρόνῳ
1740 1203 1853 1265 τοῖς

283 1294 632 1363 βλάπτουσιν.

1964 565 2203 620 cundum
2239 563 2333 617 Dei
2360 563 2618 633 placitum
2649 559 2892 614 studiose
2917 565 3270 627 peraguntur,
3306 556 3357 606 iu
3390 554 3544 608 hisce

1962 655 2183 724 quidem
2235 654 2406 706 otium
2454 664 2615 704 suum
2668 649 2967 705 insumens,
3022 642 3110 695 illa
3158 656 3289 694 vero
3322 643 3544 693 tradens

1962 743 2241 799 oblivioni.
2276 742 2345 796 At
2386 740 2604 795 oculum
2655 736 2944 792 connivere
2985 734 3049 787 ad
3093 749 3178 794 ea.
3205 746 3325 801 qua:
3357 731 3539 784 viden-

1963 845 2071 899 tur,
2100 833 2326 887 omnino
2355 830 2615 901 possibile
2644 844 2746 882 non
2772 836 2873 891 est,
2903 840 3000 878 nec
3025 824 3267 877 auditum
3295 822 3360 875 ad
3386 835 3549 873 voces

1964 928 2272 985 obstruere.
2321 921 2657 992 impossibile
2698 932 2916 987 quoque
2950 923 3035 969 est
3065 912 3358 967 intellectui
3396 926 3542 963 sem-

1965 1032 2061 1088 per
2106 1015 2349 1085 vigilanti
2397 1028 2631 1074 noxam,
2683 1025 2843 1079 quam
2897 1006 3183 1075 inlligttnt,
3227 1002 3499 1057 declinare
3529 1018 3548 1051 :

1968 1110 2153 1164 multa:
2186 1122 2423 1177 namque
2464 1115 2591 1161 sunt
2622 1103 2860 1171 undique
2895 1098 3176 1161 molestiae,
3212 1104 3264 1149 et
3303 1107 3423 1163 quae
3448 1088 3551 1143 dil—

1964 1203 2104 1256 ticile
2136 1209 2449 1263 caveantur,
2502 1213 2600 1251 nec
2642 1195 2757 1249 ﬁeri
2793 1202 2987 1262 potest,
3028 1188 3172 1259 quod
3216 1188 3308 1256 qui
3342 1200 3435 1254 per
3464 1183 3551 1235 lu-

1966 1304 2078 1350 tum
2117 1293 2461 1363 progreditur
2502 1305 2606 1344 non
2642 1288 2889 1356 inquinet
2924 1283 3185 1353 plantam,
3220 1289 3272 1333 et
3301 1275 3445 1347 quod
3477 1275 3549 1340 is,

280 1382 376 1453 qui
412 1384 720 1438 diversatur
754 1384 807 1438 in
836 1384 1107 1454 pestilenti
1144 1384 1273 1449 situ,
1337 1398 1446 1439 non
1513 1385 1755 1453 patiatur
1822 1386 2096 1450 morbum,
2134 1401 2292 1454 quem
2336 1381 2789 1437 circumamhiens
2837 1392 2929 1430 aer
2970 1373 3264 1429 dilIundit:
3325 1372 3403 1424 sic
3444 1371 3547 1421 im-

281 1475 539 1543 possibile
584 1476 727 1529 haud
765 1477 1056 1531 immisceri
1107 1476 1362 1531 sordibus
1420 1492 1601 1533 rerum
1671 1478 1898 1543 hujusce
1962 1479 2082 1531 vitae
2117 1492 2237 1531 eum
2283 1475 2375 1545 qui
2418 1481 2662 1527 versatur
2709 1478 2757 1523 et
2793 1468 2937 1536 degit
2993 1467 3045 1519 in
3119 1464 3245 1527 illis,
3289 1461 3390 1517 etsi
3437 1476 3547 1515 non

282 1568 479 1623 sentiat
508 1568 792 1636 damnum,
826 1585 974 1631 cum,
1017 1569 1274 1638 temporis
1313 1570 1509 1638 spatio,
1542 1569 1886 1625 assuefactus
1926 1570 2139 1624 tandem
2180 1568 2340 1622 fuerit
2369 1567 2420 1621 in
2458 1566 2564 1627 his,
2596 1579 2717 1633 qua:
2746 1562 2968 1617 laedunt.

844 1662 1093 1715 ΚΕΦΑΛ.
1145 1660 1277 1716 KA'.

362 1751 579 1821 Ἐπειδὴ
627 1752 722 1805 καὶ
751 1752 1080 1823 δηλητηρίου
1107 1753 1252 1817 τινὲς
1284 1754 1678 1824 ἀπογευόμενοι
1729 1753 1865 1824 βρα-

284 1844 448 1913 χέως,
482 1842 696 1916 πρῶτον
747 1844 847 1912 μὲν
881 1846 981 1897 ούκ
1024 1844 1337 1899 ἀδικοῦνται
1378 1845 1454 1916 τῷ
1504 1846 1579 1916 μὴ
1628 1845 1727 1915 τὴν
1771 1861 1865 1898 πο⁶

288 1936 489 2006 σότητα
515 1940 581 2007 τῇ
613 1937 862 2004 ποιότητι
910 1935 1195 2003 ἀναλογεῖν
1226 1936 1362 2006 πρὸς
1413 1934 1511 2006 τὴν
1558 1936 1862 2006 ἀναίρεσιν,

283 2030 351 2099 τῇ
406 2026 530 2081 κατ’
576 2025 754 2094 ἀλίγον
801 2026 856 2079 δὲ
903 2026 1193 2100 προσθήκῃ
1242 2026 1711 2098 προσεθιζομένης
1764 2029 1866 2097 τῆς

286 2116 556 2188 κράσεως,
592 2115 821 2186 ὕστερον
849 2116 944 2168 καὶ
969 2115 1175 2185 τροφὴν
1222 2114 1500 2169 ποιοῦνται
1538 2116 1638 2187 τὴν
1674 2116 1864 2188 φθορο-

285 2210 441 2264 ποιὸν
485 2207 581 2261 τοῦ
617 2208 918 2277 ἐδέσματος
948 2206 1198 2277 δύναμιν,
1227 2206 1328 2277 τῆς
1368 2208 1583 2276 φύσεως
1611 2209 1732 2261 κατ’
1756 2209 1864 2262 ὀλί-

285 2318 382 2369 γον
416 2299 744 2363 οἰκειοῦσθαι
780 2300 840 2352 τὸ
880 2298 1116 2368 βλάπτον
1150 2298 1529 2370 μανθανούσης
1560 2299 1637 2370 τῷ
1667 2301 1860 2371 χρόνῳ.

286 2392 384 2456 Τίς
411 2391 503 2446 τοῦ
539 2391 808 2462 μακαρίου
836 2389 1004 2443 Δαόὶδ
1032 2391 1182 2460 παρά
1206 2390 1305 2459 τῆς
1340 2390 1489 2454 θείας
1517 2392 1740 2462 Γραιρῆς
1765 2394 1864 2447 οὐκ

288 2482 458 2553 ἔμαθε
502 2482 601 2554 τὴν
646 2484 703 2535 ὲν
750 2482 917 2534 πᾶσιν
962 2480 1285 2551 ἀκρίὸειαν;
1322 2482 1418 2544 Τίς
1469 2482 1570 2535 οὐκ
1613 2478 1754 2535 οἶδεν
1800 2484 1864 2536 ὲκ

286 2572 389 2643 τῆς
418 2571 588 2641 ἀκοῆς
613 2570 681 2623 τά
710 2570 902 2623 τούτου
935 2570 1377 2642 κατορθώματα;
1408 2572 1552 2635 Πῶς.
1587 2573 1863 2641 ἐγκαλλω-

290 2663 604 2733 στιζόμενος,
634 2663 695 2715 ού
728 2662 815 2716 διὰ
848 2662 908 2715 τὸ
939 2662 1273 2733 φιλόκομψον
1294 2704 1309 2728 ,
1340 2664 1428 2718 διά
1480 2663 1535 2718 δὲ
1570 2666 1633 2718 τὸ
1675 2665 1864 2734 φιλάλ-

287 2757 469 2826 ληλον,
504 2757 651 2819 ὅπως
682 2761 776 2809 καὶ
810 2756 958 2809 ἄλλοι
985 2755 1272 2826 διδαχθῶσι
1304 2760 1480 2810 ποιεῖν
1509 2759 1653 2829 ειπερ
1703 2759 1863 2823 αὐτὸς

288 2851 578 2920 πεποίηκε,
608 2850 677 2903 τά
716 2850 892 2902 οἰκεῖα
940 2848 1209 2919 διηγεῖται
1264 2849 1435 2912 καλάς
1471 2850 1600 2902 ποτὲ
1635 2849 1734 2920 μὲν
1779 2850 1864 2903 λέ-

287 2954 421 3005 γων·
461 2957 479 2988 ι
527 2941 614 2992 Ἐν
644 2940 849 3010 ἀκακία
877 2958 978 3010 μου
1014 2940 1336 3009 ἐπορεύθην·
1378 2961 1397 2993 ι
1446 2940 1576 2993 ποτὲ
1609 2941 1687 2993 δέ’
1733 2961 1751 2994 ι
1799 2942 1862 2995 El

289 3030 648 3084 ἀνταπέδωκα
668 3033 783 3094 τοῖς
812 3030 1221 3085 ἀνταποδιδοῦσί
1251 3049 1341 3102 μοι
1371 3033 1537 3085 κακά’
1570 3053 1587 3084 ι
1624 3035 1751 3086 ποτε
1780 3034 1858 3087 δέ’

294 3139 313 3174 ι
360 3122 519 3184 Ἄνευ
544 3120 771 3191 ἀνομίας
803 3121 1058 3192 ἔδραμον,
1091 3121 1187 3174 καὶ
1218 3120 1543 3174 κατεύθυνα·
1585 3141 1603 3172 ι
1649 3122 1860 3176 ἄλλοτεο

292 3231 311 3273 ι
349 3212 462 3265 Οὐκ
500 3211 616 3264 ἔστι
661 3212 809 3274 δόλος
855 3214 915 3267 ὲν
947 3210 1169 3283 γλώσσῃ
1217 3228 1340 3282 μουο
1382 3230 1401 3263 ι
1450 3212 1661 3265 ἄλλοτε·
1702 3232 1720 3263 ι
1760 3214 1864 3265 Εὑ-

287 3303 573 3375 ηρέστησα
612 3305 670 3358 ὲν
719 3307 785 3376 τῇ
813 3303 1040 3376 ἀληθείᾳ
1074 3320 1187 3357 σου’
1225 3322 1244 3356 ι
1286 3303 1615 3357 καὶτούτων
1647 3303 1865 3357 πλείονα

284 3395 539 3460 διέξεισιν
582 3399 611 3450 ὁ
653 3396 831 3464 ἅγιος,
886 3398 981 3453 καὶ
1031 3396 1184 3460 τέλος
1238 3397 1391 3467 φησί·
1443 3416 1462 3449 ι
1519 3397 1715 3467 Κύριε,
1766 3399 1865 3467 οὐχ

287 3483 477 3556 ὑψώθη
509 3487 542 3556 ή
570 3486 762 3555 καρδία
790 3503 912 3556 μου,
940 3486 1059 3540 οὐδὲ
1083 3487 1554 3557 ἐμετεωρίσθησαν
1582 3488 1631 3540 οί
1664 3487 1865 3555 ὀφθαλ-

292 3575 383 3643 μοί
418 3592 543 3645 μου.
601 3594 620 3627 ι
657 3574 844 3639 Οὕτως
876 3576 1104 3648 ἐθάρρει
1131 3579 1198 3647 τῇ
1241 3576 1352 3642 ἔξει
1384 3575 1494 3629 τῶν
1537 3578 1865 3648 ἠσκημένων

288 3665 525 3736 ἀρετῶν.
570 3666 793 3719 Ἀλλοτε
844 3667 1042 3737 μικρὸν
1091 3667 1335 3737 ⁴ημέλησε
1380 3668 1482 3735 τῆς
1532 3670 1861 3739 προσευχῆς,

289 3754 487 3826 ἄφετον
507 3757 674 3828 ἄρδην
703 3757 868 3822 ἐάσας
896 3757 1326 3829 ὲκνέμεσθαιτὸν
1354 3758 1649 3829 ὀφθαλμόν.
1679 3760 1866 3831 Τούτῳ

291 3848 390 3917 μὲν
425 3848 686 3919 εἱλκύσθη
736 3849 871 3921 πρὸς
903 3849 1097 3914 κάλλος
1130 3849 1388 3918 γυναικὸς
1442 3850 1748 3923 ἀλλοτρίας,
1795 3855 1863 3922 τῇ

285 3942 344 3999 δὲ
369 3941 566 4014 καρδίᾳ
602 3942 751 4013 βέλος
787 3943 1004 4008 ἐδέξατο
1042 3944 1140 4014 τὴν
1172 3942 1296 4013 ὄψιν
1324 3946 1742 4015 πεπυρωμένον,
1770 3947 1865 3999 καὶ

284 4029 476 4084 τοῦτον
499 4032 634 4103 πρὸς
655 4031 753 4103 τὴν
786 4033 1036 4103 μοιχείαν
1063 4032 1586 4103 οίστρηλατούμενον
1616 4034 1825 4104 ἢγαγεν
1844 4052 1859 4066 ο

282 4121 320 4191 ἡ
348 4119 404 4174 δὲ
438 4122 654 4193 μοιχεία
680 4122 839 4192 φόνον
870 4122 1163 4192 τολμῆσαι,
1194 4124 1289 4177 καὶ
1318 4123 1714 4195 ἀνδροκτασίαν
1746 4125 1863 4179 ἄδι-

287 4225 386 4264 κον
437 4209 714 4275 ἐϐιάσατο,
764 4211 861 4265 καὶ
908 4211 1016 4265 ἀπὸ
1065 4211 1193 4274 θέας
1221 4211 1528 4284 ἀρξάμενον
1564 4213 1625 4266 τὸ
1669 4216 1859 4278 κακὸν,

2545 1652 2772 1711 CAPUT
2810 1652 2954 1707 ΧΧῘ.

2042 1751 2492 1821 Quandoquidem
2538 1759 2590 1804 et
2646 1748 2813 1815 aliqui
2866 1745 3157 1815 pauculum
3197 1744 3549 1813 degustautes

1968 1863 2264 1910 venenum,
2292 1845 2525 1915 primum
2546 1842 2761 1913 quidem
2789 1840 2991 1894 nullam
3024 1838 3397 1908 perpetiuntur
3426 1853 3545 1891 mo—

1967 1923 2201 2005 lestiam,
2246 1954 2367 1993 cmn
2402 1936 2678 2007 quantitas
2707 1933 3053 2004 proportione
3087 1946 3193 1985 non
3222 1930 3548 2000 respondeat

1967 2033 2213 2103 qualitati
2241 2031 2307 2085 ad
2340 2045 2545 2095 necem,
2581 2026 2709 2081 dum
2745 2035 2923 2080 autem
2961 2024 3333 2079 additamento
3362 2022 3546 2091 paula-

1968 2124 2062 2179 tim
2098 2122 2241 2176 facto
2293 2127 2776 2189 temperamentum
2814 2116 3061 2186 corporis
3107 2112 3380 2178 assuefiat,
3422 2122 3541 2165 tan-

1966 2213 2088 2268 dem
2124 2212 2229 2266 cibi
2264 2210 2600 2264 mortiferam
2646 2222 2862 2277 quoque
2894 2205 3000 2259 vim
3051 2204 3153 2258 sibi
3193 2204 3243 2255 in
3289 2200 3542 2271 pabulum

1966 2306 2245 2375 adaptaut,
2294 2315 2485 2357 natura
2520 2317 2644 2356 cum
2696 2312 2939 2369 tempore
2991 2296 3404 2352 accommodare
3443 2294 3543 2347 sibi

1966 2399 2110 2469 quod
2149 2397 2372 2451 noxium
2423 2404 2507 2449 est
2553 2395 2892 2449 addiscente.
2944 2389 3078 2456 Quis
3127 2389 3262 2441 beati
3306 2386 3472 2440 David
3517 2402 3548 2440 e

1967 2504 2123 2544 sacra
2169 2487 2451 2555 Scriptura
2494 2502 2600 2538 nou
2645 2484 2872 2538 edoctus
2899 2488 2982 2535 est
3016 2481 3067 2532 in
3109 2477 3363 2532 omnibus
3397 2491 3550 2531 accu-

1966 2587 2138 2633 ratam
2169 2576 2541 2645 diligentiam?
2569 2573 2704 2641 Quis
2735 2590 2842 2627 non
2878 2571 3050 2635 novit,
3094 2584 3157 2622 ex
3190 2568 3396 2629 auditu,
3426 2567 3548 2633 eius

1966 2666 2222 2736 praeclare
2244 2676 2389 2733 gesta
2417 2663 2698 2719 facinora?
2730 2679 2840 2732 quo
2873 2661 3053 2725 modo,
3091 2670 3405 2723 exornatus,
3439 2674 3548 2713 non

1966 2769 2184 2829 propter
2228 2758 2469 2812 studium
2524 2755 2843 2826 elegantiae,
2896 2753 2987 2809 sed
3039 2760 3259 2821 propter
3305 2760 3548 2803 mutuam

1966 2849 2307 2911 charilatem,
2334 2857 2391 2901 ut
2414 2856 2466 2900 et
2486 2847 2573 2899 alii
2597 2860 2815 2917 quoque
2839 2843 3187 2898 erudirentur
3210 2839 3406 2903 facere,
3431 2855 3551 2909 quae

1969 2942 2084 3010 ipse
2117 2941 2262 3003 fecit,
2289 2939 2503 3008 propria
2540 2946 2758 2991 enarrat
2785 2938 2947 2990 bona.
2977 2934 3376 3002 Nonnunquam
3399 2931 3551 3001 equi-

1972 3034 2093 3088 dem
2121 3050 2131 3086 :
2155 3032 2352 3104 400i
2382 3033 2440 3086 ln
2460 3032 2765 3086 innocentia
2803 3045 2920 3085 mea
2960 3029 3242 3098 ingressus
3277 3041 3396 3079 sum
3417 3025 3497 3090 ";
3527 3043 3545 3075 ι

1966 3126 2263 3195 aliquando
2308 3141 2470 3178 vero:
2506 3142 2524 3174 ι
2558 3124 2614 3178 Si
2670 3121 2878 3177 reddidi
2944 3116 3371 3173 retrilmentibus
3414 3114 3549 3168 mihi

1967 3217 2107 3269 mala
2129 3213 2175 3245 ³⁸
2202 3235 2220 3266 ι
2253 3223 2305 3267 et
2349 3213 2621 3267 interdum
2654 3230 2667 3265 :
2700 3231 2717 3261 ι
2755 3210 2884 3264 Sine
2918 3208 3204 3278 iniquitate
3233 3205 3471 3267 cucurri,
3498 3213 3552 3259 et

1965 3306 2139 3360 direxi
2159 3307 2226 3359 ’9.
2255 3325 2273 3356 ι
2300 3305 2483 3359 Alias:
2514 3324 2531 3355 ‹
2564 3302 2679 3357 Non
2703 3311 2787 3357 est
2808 3301 2966 3375 dolus
3002 3300 3053 3353 in
3085 3300 3263 3369 lingua
3299 3297 3495 3351 mea".
3528 3317 3546 3347 ι

1965 3400 2115 3452 Alias
2144 3418 2156 3451 :
2198 3418 2216 3449 ι
2251 3396 2576 3467 Bencplacui
2610 3396 2661 3448 in
2696 3394 2920 3448 veritate
2944 3402 3033 3447 tua
3056 3393 3123 3445 ³¹.
3153 3411 3171 3443 ι
3198 3390 3264 3446 Ει
3301 3391 3553 3459 hujusce-

1967 3491 2109 3545 modi
2160 3490 2316 3560 plura
2357 3488 2540 3543 emisit
2581 3494 2825 3551 sanctus,
2879 3493 2933 3538 et
2973 3484 3209 3557 denique
3246 3484 3359 3537 ait:
3391 3501 3409 3533 ί
3445 3480 3551 3536 Do-

1969 3582 2134 3645 mine,
2159 3598 2269 3634 non
2295 3591 2380 3634 est
2404 3580 2701 3633 exaltatum
2726 3593 2821 3631 cor
2846 3591 3046 3642 meum,
3066 3588 3242 3643 neque
3269 3575 3396 3629 elati
3422 3582 3552 3630 suut

1965 3672 2107 3727 oculi
2157 3671 2259 3724 mei
2288 3670 2353 3723 ³².
2390 3688 2407 3720 ι
2458 3669 2548 3723 Sic
2586 3667 2892 3723 conlidebat
2938 3666 2992 3719 in
3042 3666 3227 3719 habitu
3265 3666 3548 3729 virtutum,

1965 3781 2102 3831 quas
2136 3772 2474 3818 exercuerat.
2519 3762 2670 3816 Alias
2719 3774 2912 3830 parum
2948 3758 3184 3829 neglexit
3224 3756 3547 3822 orationem,

1964 3857 2251 3911 dimissum
2282 3856 2494 3925 agiliter
2539 3854 2734 3909 sinens
2762 3851 3005 3917 oculum,
3042 3859 3101 3904 ut
3140 3849 3547 3919 depasceretu‘r.

1966 3948 2031 4003 Et
2060 3965 2125 4003 ex
2167 3948 2272 4002 hoc
2301 3948 2518 4017 quidem
2562 3947 2663 4001 fuit
2700 3955 2962 4000 attractus
2996 3944 3062 3999 ad
3093 3941 3548 4013 pulchritudinem

1964 4040 2212 4094 mulieris
2251 4040 2464 4104 alienae,
2509 4038 2674 4093 corde
2716 4052 2845 4093 vero
2887 4035 3360 4104 excepitjaculum
3398 4049 3555 4104 aspe-

1963 4142 2050 4187 ctu
2089 4131 2341 4202 ignitum,
2374 4131 2663 4199 ipsumque
2701 4130 2766 4182 ad
2799 4126 3125 4182 adulterium
3163 4136 3333 4181 (nstro
3374 4127 3550 4196 agita-

1966 4233 2077 4279 tum
2126 4223 2381 4288 deduxit;
2420 4221 2748 4275 adulterium
2804 4235 2931 4275 vero
2983 4219 3193 4288 coegit,
3245 4229 3302 4272 ut
3346 4218 3550 4273 caedem

285 4301 375 4354 διά
402 4301 673 4355 τοσούτων
704 4302 909 4356 ὥδευσε
942 4303 1151 4364 κακῶν.
1196 4305 1290 4357 καὶ
1313 4304 1467 4368 τέλος
1499 4308 1579 4369 είς
1608 4305 1859 4359 τοσοῦτον

1971 4325 2127 4386 atque
2152 4314 2418 4385 iujustum
2454 4312 2808 4367 homicidium
2833 4312 3089 4366 audacter
3113 4319 3374 4380 patraret;
3398 4327 3551 4365 cutu-

288 4392 587 4459 συνήλασεν
611 4392 852 4464 ὄλεθρον.
882 4392 1069 4456 Οὕτως
1099 4396 1160 4446 ἐκ
1192 4396 1391 4465 μικρᾶς
1412 4397 1591 4460 αίτίας
1622 4397 1860 4468 ἠὰμαρ-

285 4481 377 4534 τία
411 4484 816 4553 προκύπτουσα,
865 4486 942 4547 εἰς
987 4484 1147 4537 αὐτὸν
1180 4480 1290 4537 οἶδε
1337 4486 1427 4539 τὸν
1474 4486 1700 4557 ἔσχατον
1739 4489 1864 4559 ὅρον

288 4574 624 4645 καταφέρειν
661 4577 762 4646 τῆς
792 4575 1090 4639 ἀπωλείας.
1122 4578 1184 4630 Et
1223 4576 1352 4648 γὰρ,
1384 4578 1529 4635 κατά
1570 4579 1662 4632 τὸν
1702 4582 1865 4650 σοφὸν

287 4666 724 4738 Παροιμιαστὴν,
752 4685 771 4718 ι
800 4668 875 4722 Οὐ
890 4667 970 4720 δεῖ
1000 4669 1216 4739 ἑταῖρον
1245 4665 1385 4725 εἶναι
1414 4671 1568 4740 ἀνδρὶ
1602 4671 1862 4743 θυμὼδει,

286 4757 375 4811 ἵνα
413 4756 489 4829 μὴ
539 4758 756 4822 πάντως
813 4759 1121 4830 κοινωνήσῃ
1170 4761 1259 4813 διὰ
1290 4759 1391 4830 τῆς
1440 4765 1724 4827 κοινωνίας
1769 4768 1863 4820 τοῦ

292 4848 518 4916 πάθους,
545 4849 653 4902 ἀπὸ
683 4850 789 4902 τῶν
821 4851 1247 4922 κεκρατημένων
1286 4852 1378 4906 ἐπὶ
1406 4854 1533 4917 τοὺς
1563 4858 1866 4927 συνδιατρί-

290 4940 485 5004 ϐοντας
552 4942 969 5013 ἀνεπαισθήτως
1015 4942 1206 5012 ἕρπειν
1248 4943 1531 5017 εἰωθότος,
1583 4948 1700 5010 πῶς
1746 4950 1867 5019 οὐχὶ

291 5031 492 5102 μᾶλλον
523 5032 745 5103 φεύγειν
776 5034 902 5095 τοὺς
932 5033 999 5091 τὰ
1029 5033 1220 5104 μείζω,
1266 5035 1359 5088 καὶ
1396 5036 1750 5110 χαλεπώτερα
1782 5058 1870 5094 νος

293 5123 541 5189 σοῦντας,
582 5126 901 5192 ἀναγκαῖον,
935 5126 1025 5185 καὶ
1059 5127 1326 5198 χρήσιμον
1352 5132 1467 5193 τοῖς
1504 5130 1867 5200 φυλάττεσθαι

292 5217 635 5286 βουλομένοις
666 5216 763 5288 τὴν
797 5218 1056 5287 μίμησινς

1961 4418 2067 4474 que
2098 4402 2300 4456 malum
2330 4401 2401 4455 ab
2432 4401 2629 4454 intuitu
2658 4401 2982 4469 sumpsisset
3010 4399 3248 4464 initium,
3285 4414 3380 4467 per
3403 4408 3551 4452 tanta

1976 4496 2116 4550 mala
2148 4494 2252 4550 sibi
2284 4495 2385 4548 iter
2421 4491 2566 4555 fecit,
2599 4509 2661 4547 ac
2700 4494 2916 4563 demum
2953 4492 3017 4546 ad
3058 4500 3259 4546 tantam
3293 4490 3554 4560 compulit

1962 4587 2284 4657 perniciem.
2349 4585 2423 4639 lla
2472 4594 2751 4655 peccatum
2805 4600 2970 4653 parva
3017 4599 3082 4637 ex
3127 4597 3289 4637 causa
3330 4598 3552 4651 progre-

1962 4679 2118 4733 diens
2153 4678 2306 4731 novit
2333 4679 2399 4731 ad
2447 4677 2624 4745 ipsum
2669 4677 2958 4730 terminum
2990 4685 3290 4729 extremum
3312 4673 3460 4727 exitii
3490 4687 3553 4726 ac

1973 4769 2298 4839 perditionis
2324 4769 2616 4823 adducere.
2664 4769 2719 4821 Si
2755 4770 2899 4822 enin:
2926 4767 3221 4839 secundum
3253 4768 3549 4835 sapientem

1972 4861 2383 4915 Proverbiorum
2438 4860 2782 4928 scriptorem,
2848 4878 2864 4909 ι
2920 4838 3039 4912 ιιοηὶ
3080 4866 3291 4927 oportet
3342 4856 3549 4910 socium

1989 4966 2112 5007 esse
2162 4952 2280 5006 viro
2331 4951 2616 5013 iracundo,
2664 4965 2839 5018 neque
2883 4948 3193 5002 cohabitare
3251 4947 3427 5000 amico
3468 4945 3553 4998 l‘u-

1973 5044 2122 5099 rioso
2141 5043 2210 5107 ³⁸,
2252 5062 2271 5094 ›
2308 5058 2374 5096 ne
2402 5044 2512 5097 ullo
2553 5041 2715 5095 modo
2756 5039 3022 5110 particeps
3050 5041 3121 5096 sit
3152 5039 3296 5103 mali,
3336 5039 3426 5108 qui
3463 5054 3556 5091 εοε-

1971 5135 2092 5191 eius
2114 5145 2219 5200 est,
2257 5144 2478 5205 propter
2507 5133 3064 5189 communicationem
3107 5132 3396 5202 passionis,
3433 5146 3555 5199 quze

1969 5228 2182 5294 abhis,
2217 5228 2309 5299 qui
2370 5244 2433 5282 ea
2472 5235 2743 5291 tenentur,
2791 5240 3108 5296 proserpere
3159 5224 3296 5280 solet
3347 5224 3551 5278 sensim

291 5307 412 5362 sine
456 5324 618 5363 sensu
663 5308 729 5371 ad
776 5323 892 5372 eos,
938 5307 1032 5378 qui
1074 5308 1239 5365 simul
1283 5322 1712 5379 conversantur,
1753 5319 2030 5385 quomodo
2059 5334 2169 5374 non
2233 5316 2340 5372 erit
2393 5319 2568 5390 magis
2638 5316 3007 5371 necessarium
3053 5329 3118 5368 ac
3185 5314 3315 5367 utile
3343 5314 3429 5378 iis,
3461 5315 3553 5383 qui

290 5417 482 5459 cavere
532 5404 722 5467 volunt
755 5419 785 5469 a
836 5405 927 5465 tali
983 5405 1349 5471 aemulatione,
1384 5423 1481 5464 eos
1526 5408 1729 5480 fugere,
1776 5412 1870 5482 qui
1915 5414 2219 5486 majoribus
2265 5429 2329 5468 ac
2366 5412 2772 5470 moles-tioribus
2832 5410 3035 5464 morbis
3093 5408 3459 5462 alllictautur?

868 5493 1121 5549 ΚΕΦΑΛ.
1162 5496 1292 5550 ΚΒ’.

363 5584 515 5638 Ποιεῖ
543 5586 651 5658 γάρ
686 5586 913 5657 ταύτην,
952 5588 1047 5641 καὶ
1070 5588 1145 5652 ὡς
1173 5589 1272 5643 οὐκ
1296 5588 1401 5645 οἶδε
1424 5592 1506 5657 τίς
1538 5595 1569 5664 ἡ
1605 5595 1743 5665 μετά
1763 5596 1869 5650 τῶν

364 5704 406 5737 "
435 5704 577 5760 Psal.
611 5722 734 5770 xxv,
768 5708 851 5761 ll.

931 5709 973 5740 ’⁸
1003 5708 1144 5763 l‘sal.
1182 5726 1272 5780 vn,

292 5764 357 5798 ‘"
381 5773 541 5837 l‘rov.
575 5764 831 5839 unfit.

1444 5715 1487 5745 ”
1525 5712 1667 5770 Psal.
1695 5731 1848 5785 Lvm,
1888 5716 1939 5770 5.

2542 5500 2769 5557 CAPUT
2821 5498 2987 5556 XXII.

2047 5596 2260 5652 Etenim
2306 5597 2446 5651 hanc
2479 5595 2643 5650 etiam
2686 5591 2918 5662 (scilicet
2951 5587 3337 5649 imitationem)
3371 5596 3560 5644 causat

2018 5714 2061 5746 ³⁰
2094 5715 2237 5771 Psal.
2280 5732 2392 5781 xiv,
2425 5716 2479 5768 3.
2560 5713 2598 5742 "
2635 5712 2776 5768 l‘sal.
2820 5709 3034 5773 xxvrﬁ.
3086 5704 3541 5767 "Psal.cxxx,t
