3918 6180
251 200 374 280 loss

319 433 538 502 Ἐπειδὴ
597 433 847 504 καθάπερ
895 435 1004 488 τῶν
1048 437 1296 508 ἑρπετῶν
1357 439 1425 491 τά
1484 439 1662 492 ἰοϐόλα
1705 439 1806 503 τὰς

244 521 550 593 χειμερινὰς
581 521 730 592 ὧρας
761 523 1070 593 ἠρεμοῦντα
1104 526 1256 594 μένει
1289 527 1544 596 ἀκίνητα,
1573 528 1666 581 καὶ
1705 528 1806 598 τὴν

249 611 454 681 βλάϐην
506 612 604 664 ούκ
659 612 1080 684 ἐπιδεικνύμενα
1113 615 1201 668 διὰ
1233 616 1296 668 τὸ
1329 617 1690 687 πεπαχῶσθαι
1727 618 1806 690 τῷ

243 703 452 775 κρυμῷ,
480 703 622 756 οὕτω
650 706 758 766 τοῖς
793 709 1198 776 περισπασμοῖς
1227 705 1505 778 ἀργοῦντα
1536 708 1703 778 πάθη,
1744 711 1804 762 ού

245 795 512 848 πέπαυται
557 794 676 864 μὲν,
730 796 929 865 ἡρεμεί
956 795 1012 848 δὲ
1063 795 1223 860 τέως,
1272 797 1392 851 τότε
1418 798 1806 869 διακινούμενα

246 889 325 941 ὅτε
359 887 540 941 ἄδειαν
564 886 721 958 εὕρῃ,
758 888 850 939 καὶ
877 887 1073 958 σχολὴν
1103 891 1160 940 ὲν
1187 891 1300 952 τοῖς
1329 889 1608 959 ὲνθυμίοις
1634 891 1806 957 δεῖξαι

246 978 372 1050 πρὸς
410 979 444 1032 ἀ
478 979 790 1049 πεποίηται,
839 980 914 1043 ὡς
958 981 1022 1033 ἐκ
1074 981 1341 1053 χηραμῶν
1374 983 1574 1055 ήλιακῇ
1628 984 1808 1060 θέρμῃ

244 1069 615 1141 ἑκφωλεύοντα
643 1111 657 1136 ,
710 1071 804 1124 καὶ
861 1075 1239 1144 προερχόμενα
1291 1076 1472 1148 θηρία.
1513 1077 1612 1132 Διά
1649 1078 1808 1133 τοῦτο

243 1161 450 1228 λέγεταί
496 1179 616 1215 τινα
644 1161 751 1215 τῶν
799 1165 1349 1234 παρακολουθούντων
1382 1169 1494 1232 τοῖς
1526 1169 1808 1240 λογισμοῖς

242 1255 404 1306 πολὺν
462 1257 520 1307 ὲν
576 1256 766 1326 ἐρήμῳ
817 1257 1170 1326 ἡσυχάσαντα
1220 1261 1442 1329 χρόνον,
1495 1263 1589 1314 καὶ
1642 1262 1808 1334 πείρᾳ

242 1347 562 1417 βουλόμενον
591 1347 688 1418 τὴν
717 1348 1098 1421 καθημερινὴν
1129 1352 1324 1418 μαθεῖν
1370 1354 1675 1424 προκοπὴνν

245 1449 372 1504 (ρους
422 1435 525 1505 τῆς
579 1437 814 1506 ἐρημίας
853 1437 1250 1509 ἀναλεξάμενον
1303 1441 1553 1511 ψάμμου,
1605 1445 1808 1507 ταύτας

242 1529 377 1599 ἔχειν
423 1528 784 1597 ὲγκολπίονς,
817 1532 910 1582 καὶ
954 1530 1089 1601 πρὸς
1139 1532 1238 1601 μὲν
1291 1534 1506 1587 ἀστεῖον
1553 1535 1807 1604 ἐνθύμιον

242 1619 547 1689 κινηθέντος
577 1617 670 1671 τοῦ
703 1619 987 1687 λογισμοῦ,
1023 1620 1099 1691 τῷ
1129 1621 1288 1692 δεξιῷ
1316 1623 1472 1692 μέρει
1498 1624 1807 1696 παρατιθέ-

1749 1673 1772 1725 Ζ.
1841 1673 1880 1726 Β

245 1727 323 1761 ναι
352 1709 479 1778 μίαν
505 1711 597 1762 τοῦ
619 1711 880 1780 χύματος,
913 1713 1046 1784 πρὸς
1066 1714 1290 1784 αίσχρδν
1318 1713 1374 1766 δὲ
1403 1714 1478 1783 τῷ
1507 1713 1804 1783 ἀριστερῷ,

243 1803 332 1855 καὶ
379 1802 536 1854 τοῦτο
581 1803 749 1855 ἕωθεν
805 1804 968 1874 μέχρι
1023 1805 1206 1875 δείλης
1257 1808 1431 1859 ποιεῖν
1475 1807 1616 1860 κατὰ
1675 1807 1807 1877 μίαν

243 1893 598 1964 προστιθέντα
627 1893 810 1965 ψῆφον
849 1895 1000 1948 ἔνθεν
1043 1897 1136 1948 καὶ
1165 1897 1336 1959 ἔνθεν,
1374 1897 1446 1960 ὡς
1490 1899 1556 1951 τά
1590 1897 1809 1967 βουλεύ-

242 2003 383 2054 ματα
412 1985 584 2038 θεῖναι
617 1987 1061 2053 παρεσκεύαζεν·
1090 1984 1206 2040 εἶτα
1240 1988 1338 2057 τῆς
1362 1989 1605 2060 ἑσπέρας
1637 2007 1806 2041 κατα-

242 2077 547 2148 λαϐούσης,
593 2076 848 2149 ἀριθμεῖν
900 2079 1102 2143 ταύτας
1149 2080 1446 2144 κάκείνας,
1498 2083 1591 2134 καὶ
1638 2081 1809 2151 τούτῳ

242 2169 528 2240 μανθάνειν
589 2171 664 2240 τῷ
727 2171 913 2241 τρόπῳ
963 2173 1124 2241 πόση,
1177 2173 1309 2235 εἴτις
1363 2173 1508 2243 αύτῷ
1564 2175 1698 2243 πρὸς
1751 2173 1812 2225 τὸ

242 2264 436 2332 ἀγαθον
474 2263 596 2317 καθ’
625 2265 861 2333 ἑκάστην
906 2263 1117 2332 ἐγίνετο
1151 2266 1184 2334 ἡ
1214 2265 1449 2328 ἐπίδοσις
1472 2307 1484 2329 ,
1514 2266 1607 2317 καὶ
1637 2264 1809 2336 τούτῳ

242 2358 336 2427 μὲν
369 2358 402 2426 ἡ
447 2356 700 2428 εὐκαιρία
729 2355 864 2427 πρὸς
899 2356 960 2409 τὸ
1005 2359 1177 2410 ποιεῖν
1222 2356 1378 2408 τοῦτο
1414 2359 1639 2427 παρεῖχε
1688 2373 1812 2426 σχο-

241 2449 352 2518 λήν.
386 2447 476 2517 Τῷ
508 2447 564 2500 δὲ
598 2449 671 2518 μὴ
707 2447 1040 2518 ὲπαρκοῦντι
1079 2450 1199 2511 ταῖς
1230 2448 1624 2518 καθημεριναῖς
1654 2449 1811 2518 ὀχλή-

242 2557 378 2605 σεσι,
407 2540 484 2610 τῷ
515 2540 766 2604 πλείονας
801 2538 942 2593 εἶναι
973 2541 1177 2604 ταύτας
1199 2540 1292 2593 τοῦ
1322 2541 1656 2611 ἡμερουσίου
1693 2541 1809 2594 δια-

241 2633 514 2703 στήματος
541 2673 555 2696 ,
598 2632 694 2684 καὶ
737 2634 893 2702 νικᾷν
939 2631 1016 2703 τῷ
1055 2632 1250 2702 πλήθει
1294 2631 1386 2684 τὸν
1444 2631 1653 2701 χρύνον,
1708 2631 1808 2686 ποῦ

241 2741 367 2779 ποτε
400 2726 774 2796 γνωσθήσεται
800 2743 851 2778 τι
882 2727 988 2779 τῶν
1017 2725 1159 2779 οὕτω
1192 2725 1677 2794 σπουδαζομένωπη
1713 2725 1812 2793 τῆς

241 2820 472 2884 διανοίας
499 2822 559 2872 ού
590 2819 853 2891 θελούσης
902 2819 1045 2890 ἔχειν
1091 2819 1256 2889 ἄλλην
1295 2820 1571 2888 φροντίδα,
1601 2820 1731 2872 ὅταν
1757 2835 1811 2871 τι

241 2914 345 2966 τῶν
393 2913 708 2982 ἀναγκαίων
762 2915 840 2976 είς
872 2911 1063 2981 σκέψιν
1113 2912 1416 2984 προκέηται
1437 2953 1449 2974 ,
1483 2911 1604 2964 οῦτε
1636 2928 1812 2980 πεφυ-

1259 221 1356 280 DE
1387 209 1916 281 MONAL‘HORUM
1957 223 2364 284 PRAESTANT
2377 227 2470 284 [Α.

807 325 1049 378 KFJI'AA.
1099 327 1221 380 KA'.
1833 336 1876 388 Α

3347 221 3366 288 i
3377 228 3482 290 ί)ίῖιῖ

2463 331 2694 386 CAPUT
2741 329 2950 396 XXI“,

1984 441 2434 514 Quandoquidem
2470 445 2837 514 sicutreptilia
2862 455 3122 501 venenata
3159 463 3254 516 per
3283 457 3483 519 tempe-

1911 543 2102 588 statem
2127 535 2407 588 hibernam
2444 536 2648 604 placida
2673 545 2821 600 sunt,
2853 548 3188 608 manentque
3214 540 3435 593 immota
3466 579 3480 599 ,

1910 639 2085 690 neque
2105 640 2328 690 noxam,
2345 639 2512 694 quam
2530 624 2794 688 inierunt,
2811 628 3086 687 exhibent.
3109 629 3234 697 quia
3253 644 3362 697 pra:
3391 627 3484 681 fri-

1909 729 2039 784 gore
2063 715 2354 770 constricta
2388 724 2516 769 sunt
2541 735 2554 769 :
2585 717 2654 769 ita
2674 717 2955 785 passiones
2978 718 3211 772 otiantus
3241 734 3270 770 a
3295 719 3476 773 distra-

1908 807 2204 870 ctionibus,
2236 823 2344 861 non
2369 808 2648 862 desierunt
2676 807 2928 878 quidem,
2963 811 3056 862 sed
3087 809 3250 879 503
3283 808 3484 862 interea

1910 900 2322 968 conquiescunt,
2353 915 2475 968 quae
2506 908 2633 954 tunc
2665 912 3099 963 commoventur,
3127 900 3343 968 quando
3368 898 3486 952 iue-

1911 991 2020 1044 rint
2048 999 2220 1044 nactae
2254 989 2591 1054 facultatem,
2622 999 2675 1043 et
2707 991 2876 1044 otium
2903 990 3220 1045 ostendendi
3250 988 3304 1042 in
3339 989 3486 1059 cogi-

1911 1082 2208 1136 tationibus
2236 1081 2301 1134 ad
2332 1098 2579 1150 qumuam
2615 1080 2769 1134 factae
2800 1082 2940 1145 sint,
2981 1081 3125 1135 velut
3153 1081 3368 1145 bestiae,
3395 1095 3487 1134 so-

1910 1172 2006 1226 lari
2070 1172 2360 1225 irradiaute
2413 1172 2633 1232 calore.
2669 1187 2697 1225 e
2731 1171 2968 1226 latibulis
3023 1180 3376 1241 exsurgentes
3422 1185 3487 1224 ac
3546 1175 3551 1185 '

1907 1272 2257 1332 prodeuntes.
2307 1263 2429 1316 Ideo
2466 1261 2633 1316 fertur
2678 1264 2822 1330 quol
2867 1264 3086 1332 quidam
3119 1277 3333 1325 eorum,
3391 1262 3484 1329 qui

1909 1355 2380 1409 animadversione
2427 1363 2480 1407 et
2528 1355 2880 1425 intelligentia
2930 1355 3285 1423 cogitationes
3339 1369 3478 1407 asse-

1909 1457 2145 1510 ctantur,
2177 1462 2300 1499 cum
2348 1447 2519 1498 multo
2561 1456 2800 1515 tempore
2840 1447 2892 1499 in
2935 1447 3147 1500 deserta
3199 1445 3489 1511 solitudine

1911 1541 2148 1606 quietam
2181 1538 2376 1606 egisset
2413 1539 2578 1590 vitam
2609 1577 2622 1599 ,
2665 1547 2718 1589 et
2756 1537 2912 1591 vellet
2945 1537 3280 1606 experientia
3309 1536 3487 1604 quoti-
3544 1533 3552 1583 Ξ

1910 1629 2132 1682 tliauum
2182 1628 2426 1681 ediscere
2481 1643 2869 1696 progressum,
2921 1628 3163 1681 calculos
3209 1641 3274 1680 ex
3325 1640 3484 1678 arena

1913 1718 2110 1772 deserti
2143 1718 2421 1786 colligens,
2456 1733 2551 1771 cos
2584 1734 2684 1771 suo
2716 1719 2767 1771 in
2801 1718 2924 1771 sinu
2963 1718 3226 1783 habebat,
3257 1732 3490 1786 cumque

1914 1809 1979 1862 ad
2011 1810 2293 1862 honestam
2328 1808 2709 1876 cogitationem
2745 1817 2926 1862 motus
2954 1819 3096 1863 esset
3142 1810 3446 1872 intellectus
3473 1852 3496 1882 ,_

1913 1899 2134 1954 dextera
2179 1902 2230 1953 in
2268 1915 2416 1969 parte
2449 1901 2750 1969 dcponrbat
2781 1917 2947 1954 tinum
2985 1901 3253 1954 calculum
3285 1916 3312 1951 e
3350 1902 3489 1952 mu!-

1913 1993 2010 2051 tis.
2045 1993 2098 2044 in
2130 1991 2351 2045 sinistra
2387 2008 2512 2045 vero
2537 2031 2550 2053 ,
2587 2008 2708 2045 rum
2750 1993 2814 2044 ad
2855 2003 3063 2059 turpem
3105 1991 3486 2059 cogitationem

1915 2082 2231 2135 incitarctur
2263 2099 2274 2133 :
2315 2080 2528 2147 hocque
2559 2096 2587 2132 a
2621 2079 2902 2133 matutinis
2930 2082 3078 2133 boris
3106 2094 3277 2147 usque
3305 2079 3369 2132 ad
3406 2095 3493 2147 pn-

1914 2172 2240 2225 tncridianas
2275 2171 2420 2224 circa
2467 2189 2744 2240 chperam
2793 2173 3062 2236 faciebat,
3098 2173 3227 2225 hinc
3270 2181 3325 2223 et
3368 2172 3490 2224 inde

1915 2261 2157 2330 singulos
2188 2259 2392 2314 addens
2422 2263 2698 2327 calculos,
2732 2277 2795 2316 ac
2845 2265 2888 2316 si
2937 2265 3179 2317 studeret
3223 2262 3498 2316 delibera-

1915 2351 2089 2406 tiones
2143 2367 2235 2404 seu
2267 2361 2392 2405 vota
2421 2353 2727 2421 deponere,
2766 2354 3082 2408 deinde-ubi
3128 2367 3350 2423 vespera
3396 2354 3491 2407 atl-

1912 2450 2154 2502 vcnerat,
2178 2455 2291 2493 tum
2325 2441 2488 2495 hosce
2509 2442 2748 2496 calculos
2771 2442 3171 2500 dinumerabat.
3201 2452 3312 2495 tum
3346 2442 3487 2500 illos.

1920 2539 1974 2583 et
2001 2530 2166 2584 hocce
2198 2530 2357 2582 modo
2383 2530 2653 2584 edisi-ebat
2675 2572 2688 2595 ,
2726 2547 2792 2584 an
2824 2530 3057 2601 aliquem
3094 2529 3334 2599 quotidie
3370 2544 3494 2598 pro-

1913 2635 2159 2690 gressum
2189 2620 2410 2716 [aegr-et.
2445 2619 2509 2673 Et
2538 2621 2662 2675 huic
2695 2621 2915 2690 quidem
2946 2620 3012 2674 ad
3050 2621 3153 2674 hoc
3179 2619 3491 2674 faciendum

1917 2725 2292 2792 huiuscemodi
2321 2726 2489 2780 otium
2524 2727 2752 2796 praebuit
2783 2726 3204 2795 opportunitas;
3247 2725 3337 2794 qui
3369 2739 3503 2776 vero

1915 2817 2194 2870 sullicieus
2232 2833 2338 2872 non
2371 2828 2452 2870 cst
2487 2818 2996 2887 perturbationibus
3025 2815 3358 2886 quotidianis
3384 2854 3398 2878 ,
3430 2830 3503 2868 eo

1914 2904 2056 2972 quod
2097 2906 2283 2972 plures
2333 2905 2449 2957 ista:
2489 2905 2596 2957 sint
2629 2919 2792 2973 quam
2835 2904 3066 2972 spatium
3101 2903 3395 2967 diurnum,
3441 2910 3496 2954 et

241 3003 419 3067 κυῖας,
456 3005 560 3057 κᾶν
586 3004 843 3074 βούληται
869 3003 1332 3074 παρενθυμεῖσθαι
1361 3004 1546 3074 ἕτερον
1563 3002 1711 3073 παρᾶ
1750 3005 1810 3056 τὸ

1922 2997 1984 3047 ob
2018 2995 2473 3062 multiplicitatem
2505 3003 2762 3063 superent
2791 3003 3028 3064 tempus,
3059 2993 3279 3047 ubinam
3313 3006 3496 3060 agno-

242 3095 677 3165 p:pt;J.thpt—:vov,
725 3093 1008 3164 ὀφθαλμοῦ
1055 3093 1210 3163 δίκην
1259 3093 1393 3164 πρὸς
1444 3092 1502 3146 ἓν
1555 3093 1808 3163 ὁρῶντος,

240 3188 331 3238 καὶ
382 3185 591 3238 πλείοσι
618 3185 960 3256 ὲπιμερίζειν
1007 3185 1104 3256 τὴν
1136 3183 1396 3256 ὁρατικὴν
1435 3183 1662 3253 δύναμιν
1714 3183 1811 3236 οὐκ

239 3275 453 3344 ἔχοντος
479 3275 712 3346 φύσεως.

1921 3109 2035 3152 Scel.
2065 3114 2303 3168 unquam
2343 3100 2543 3169 aliquid
2585 3115 2773 3153 eorum
2799 3140 2813 3163 ,
2864 3114 2986 3168 qua:
3031 3099 3123 3152 tali
3161 3107 3496 3168 peraguntur

1923 3192 2249 3245 sedulitate?
2285 3207 2408 3245 cum
2455 3208 2608 3246 mens
2643 3192 2778 3245 nolit
2813 3191 2974 3245 aliam
3018 3192 3219 3245 habere
3257 3204 3446 3244 curam
3477 3231 3494 3254 ,

1920 3283 2136 3350 quando
2163 3284 2290 3351 quid
2320 3298 2537 3348 eorum,
2569 3298 2690 3350 qua:
2721 3283 3026 3337 necessaria
3059 3291 3208 3348 sunt,
3245 3280 3345 3350 ipsi
3374 3295 3500 3350 pro-

199 3363 478 3433 _positutn
511 3365 582 3418 sit
615 3363 1037 3434 dispiciendum,
1079 3378 1252 3431 neque
1315 3375 1532 3416 assueta
1597 3365 1687 3428 sit,
1757 3371 2107 3434 quantumvis
2163 3373 2326 3438 velit,
2381 3374 2528 3454 aliud
2579 3373 2854 3427 intellectu
2905 3375 3254 3443 perspicere,
3303 3381 3498 3442 praeter

242 3457 394 3521 illud,
429 3461 569 3528 quod
597 3468 772 3527 curat,
807 3460 978 3514 instar
1003 3458 1180 3525 oculi,
1225 3458 1316 3527 qui
1356 3459 1482 3511 dum
1530 3459 1593 3511 ad
1643 3476 1812 3514 unum
1851 3465 2143 3534 quodpiam
2206 3467 2450 3533 respicit,
2483 3467 2672 3534 nequit
2739 3467 2968 3520 visivam
3006 3476 3215 3520 natura:
3244 3465 3350 3519 vim
3384 3465 3498 3534 pitt-

244 3556 396 3609 ribus
429 3555 721 3623 dispertiri.

819 3669 1068 3722 ΚΕΦΑΛ.
1113 3668 1226 3721 KE'

316 3785 439 3848 Πῶς
465 3781 557 3839 οὖν
591 3784 855 3854 ἀμείνων,
889 3785 989 3837 κᾶν
1032 3785 1061 3836 ὁ
1101 3782 1263 3846 αὐτὸς
1294 3783 1322 3835 ὁ
1351 3782 1552 3850 διάγων
1580 3783 1806 3850 ἐπισφα-

243 3877 350 3940 λῶς
389 3876 468 3946 τῷ
525 3875 824 3938 ἀκινδύνως
877 3875 1155 3942 διάγοντι;
1197 3875 1300 3928 κάν
1354 3875 1458 3942 γὰρ
1499 3875 1600 3945 τὴν
1647 3873 1817 3943 αὐτὴν

239 3972 343 4042 τῆς
386 3972 586 4042 ἀρετῆς
631 3971 860 4023 δοκῶσιν
907 3969 1112 4023 ὁδεύειν
1143 3969 1280 4031 ὁδὸν,
1325 3967 1438 4021 ἀλλ’
1487 3969 1585 4037 οὐχ
1618 3966 1817 4035 ὁμοίιος

239 4062 468 4116 ἀνύουσι
495 4063 722 4134 ταύτην.
761 4062 820 4114 '0
852 4061 1082 4132 μὲνγὰρ
1113 4061 1188 4125 ὡς
1221 4062 1278 4114 ἐν
1306 4059 1491 4131 ἡμέρᾳ
1518 4062 1583 4130 τῇ
1617 4061 1817 4130 ἠσυχίᾳ

244 4153 388 4222 μετά
427 4153 520 4205 τοῦ
563 4151 877 4223 περιαθρεῖν
923 4153 1179 4218 ἅπαντα,
1215 4153 1307 4205 καὶ
1341 4152 1538 4205 εἰδέναι
1581 4151 1648 4204 τὰ
1697 4151 1816 4203 κατ’

240 4246 416 4316 αὐτὴν
445 4245 702 4315 δυσχερῆ,
734 4247 829 4297 καὶ
855 4244 1069 4309 εῦκολα,
1108 4244 1476 4315 ἀπροσκόπως
1500 4243 1669 4314 αὐτὴν
1701 4243 1818 4296 δια-

240 4338 447 4398 ϐαίνει,
470 4337 763 4400 σκοπέλους
797 4338 1084 4399 ἐκκλίνων,
1121 4338 1210 4390 καὶ
1238 4337 1522 4407 κρημνοὺς
1554 4335 1821 4404 ἐκτρεπό-

245 4445 444 4499 μενος·
495 4431 522 4482 ὁ
553 4429 609 4481 δὲ
653 4427 907 4498 καθάπερ
939 4431 996 4481 ἐν
1041 4428 1196 4480 νυκτὶ
1229 4427 1305 4497 τῷ
1341 4427 1489 4496 ζόφῳ
1523 4427 1630 4479 τῶν
1664 4443 1820 4497 περι-

245 4519 521 4588 σπασμῶν
564 4522 643 4582 εἰς
688 4520 918 4589 βόθρους
958 4519 1246 4589 ἐμπίπτει,
1290 4521 1386 4571 καὶ
1433 4518 1822 4588 περιθραύεται

243 4612 517 4681 πέτραις,
555 4613 647 4667 καὶ
700 4613 860 4664 παντὶ
903 4611 1233 4678 προσπταίει
1283 4610 1488 4678 τυφλοῦ
1536 4610 1691 4677 δίκην
1747 4609 1825 4680 τῷ

2369 3669 2538 3742 ωε,
2584 3667 2808 3724 CAPUT
2869 3666 3014 3721 xxv

1987 3785 2269 3852 Quomodo
2297 3786 2460 3856 igitur
2481 3785 2691 3850 melior,
2740 3785 3054 3840 autsaltem
3088 3783 3228 3839 idem
3260 3784 3364 3840 erit
3390 3785 3496 3843 ille.

1916 3880 2007 3947 qui
2039 3895 2147 3934 non
2178 3879 2294 3932 sine
2326 3878 2567 3947 periculo
2601 3877 2784 3947 degit,
2817 3892 2883 3932 eo
2909 3915 2924 3942 ,
2961 3876 3056 3945 qui
3090 3891 3282 3931 secure
3330 3877 3499 3930 vivit?

1917 3969 2166 4040 quamvis
2191 3971 2360 4022 enim
2409 3984 2504 4038 per
2551 3970 2724 4038 ipsam
2759 3968 2979 4022 virtutis
3017 3967 3162 4020 viam
3203 3965 3501 4020 videantur

1925 4064 2212 4126 incedere,
2266 4070 2503 4114 attamen
2551 4075 2656 4114 non
2709 4074 2831 4113 eam
2884 4059 3134 4114 similiter
3175 4058 3503 4127 perﬁciunt;

1926 4171 2050 4210 nam
2073 4156 2172 4210 iste
2189 4155 2407 4223 quidem
2429 4153 2631 4222 quiete,
2649 4151 2796 4206 velut
2821 4152 2872 4206 in
2897 4151 2986 4208 die
3007 4151 3508 4220 circumspicienda

1925 4249 2132 4313 omnia,
2162 4260 2212 4302 et
2239 4246 2608 4317 dignoseeudo
2631 4260 2752 4316 quae
2778 4245 2831 4298 in
2882 4260 2944 4300 ea
2975 4245 3212 4300 dlllieilia
3239 4254 3293 4299 et
3319 4244 3508 4300 facilia

1921 4353 2082 4405 sunt,
2113 4341 2382 4395 int-ilbuso
2405 4338 2572 4410 gradu
2617 4353 2710 4408 per
2740 4338 2912 4406 ipsam
2947 4337 3292 4406 progreditur
3314 4375 3328 4397 ,
3377 4352 3498 4390 seo-

1921 4436 2078 4506 pulos
2105 4434 2424 4493 declinans,
2478 4442 2530 4484 et
2575 4445 2834 4485 aversans
2864 4439 3132 4499 prmrupta
3173 4429 3324 4492 loca;
3365 4427 3506 4479 alter

1923 4538 2102 4581 autem
2130 4542 2193 4580 ac
2223 4527 2264 4579 si
2299 4534 2455 4578 nocte
2472 4523 2870 4586 deambularet,
2896 4521 2967 4575 ob
2989 4520 3274 4588 caliginem
3307 4517 3504 4569 distra-

1923 4621 2160 4674 ctionutn
2195 4618 2246 4668 in
2281 4616 2464 4670 foveas
2495 4614 2704 4677 incidit,
2739 4622 2791 4666 et
2822 4612 2967 4664 savis
2995 4611 3169 4662 illisus
3199 4605 3467 4672 confringi
3487 4629 3510 4642 τ

242 4704 527 4773 ἐμποδίῳο
566 4704 664 4755 ικαὶ
708 4703 926 4756 ἔπαινον
958 4703 1064 4774 γάρ
1111 4701 1219 4754 τῶν
1264 4701 1516 4772 δρώντων
1560 4701 1725 4753 αὑτοῦ
1762 4701 1814 4753 τὲ

1931 4719 2047 4772 tur,
2097 4717 2151 4760 et
2193 4709 2366 4760 instar
2411 4706 2541 4758 czcci
2589 4703 2739 4755 omni
2783 4701 3032 4771 impingit
3063 4697 3456 4761 impedimento
3485 4712 3506 4746 ε

244 4796 432 4863 ἔργον,
486 4795 666 4847 ἐκλύει
712 4783 1020 4857 αὑτὸν,’καὶ
1065 4794 1192 4858 δόξα
1223 4795 1330 4846 τῶν
1375 4792 1826 4864 κατωρθωμένων

247 4891 400 4958 φυσᾷ
443 4890 574 4958 πρὸς
624 4887 908 4948 ἀπόνοιαν,
962 4888 1055 4939 καὶ
1098 4887 1206 4939 τῶν
1257 4886 1330 4956 μὴ
1378 4884 1693 4954 τεθηπότων
1730 4884 1826 4956 τὴν

247 4982 457 5050 ἀρετὴν
487 4981 563 5046 ὡς
595 4979 924 5050 ἀναισθησία
953 4980 1115 5032 λυπεῖ
1163 4981 1195 5050 ἡ
1246 4980 1676 5049 καταφρόνησις,
1732 4977 1830 5030 καὶ

246 5071 317 5126 τὸ
345 5073 520 5125 δοκεῖν
546 5072 652 5124 τῶν
685 5072 858 5126 ἄλλων
891 5073 946 5123 ὲν
979 5071 1056 5142 τῷ
1083 5071 1232 5140 καλῷ
1258 5089 1309 5122 τι
1337 5071 1500 5122 πλέον
1530 5070 1697 5140 ἔχειν,
1725 5071 1825 5120 ἐπ-

250 5167 399 5236 αίρει
430 5165 564 5234 πρὸς
595 5164 934 5229 ἀλαζονείαν.
967 5164 1079 5217 Καὶ
1105 5164 1340 5232 ἀνάγκη,
1372 5164 1500 5215 ποτὲ
1538 5163 1636 5232 μὲν
1666 5162 1827 5215 αὑτὸν

249 5257 554 5329 διαχεῖσθαι
585 5256 972 5326 χαυνούμενον,
1009 5255 1140 5307 ποτὲ
1176 5255 1233 5307 δὲ
1261 5259 1526 5324 κατηφεῖν
1552 5254 1825 5324 ἀθυμοῦν-

251 5370 324 5403 τα
361 5355 452 5404 καὶ
482 5350 925 5420 συστελλόμενον.
975 5348 1035 5401 ὐ
1068 5349 1120 5400 δὲ
1149 5350 1664 5418 ἀνακεχιοῃεημὲνος,
1694 5347 1828 5400 ταύ-

237 5465 346 5510 τας
379 5444 482 5498 οὐκ
517 5442 731 5512 ἀμείϐει
767 5442 860 5504 τὰς
887 5440 1187 5506 διαθέσεις,
1237 5440 1357 5492 οὐδὲ
1389 5443 1509 5503 τοὺς
1547 5439 1832 5492 ἐπαινοῦν-

250 5555 380 5604 ⁸τας,
416 5537 450 5608 ἢ
484 5536 740 5604 λέγοντας
790 5531 928 5598 οἶδε,
975 5535 1135 5603 μῦνος
1175 5531 1312 5604 μετὰ
1343 5531 1477 5584 Θεοῦ
1515 5532 1674 5603 μόνου
1716 5530 1834 5582 ἐστὶ

252 5630 357 5684 τοῦ
393 5647 593 5699 στεφαν
628 5620 781 5691 Eine;
820 5628 909 5680 τὸν
943 5629 1124 5690 πόνον,
1177 5626 1538 5695 ἐπιστάμενος
1592 5625 1653 5677 τὸ
1704 5624 1833 5676 ίδιιν

1926 4801 2123 4857 etenim
2155 4807 2267 4853 tum
2301 4794 2602 4850 dilaudatio
2626 4794 2984 4862 spectantium
3017 4791 3132 4860 ejus
3155 4804 3293 4858 opus
3326 4789 3508 4854 ipsum.

1927 4895 2096 4948 lassat
2156 4907 2221 4944 ac
2269 4890 2452 4953 laxat;
2498 4896 2608 4939 tum
2658 4886 2824 4956 gloria
2873 4883 3165 4938 celebrium
3201 4881 3511 4934 facinorunr

1928 4985 1992 5040 ad
2027 4997 2281 5037 vesanam
2314 4980 2604 5048 quamdam
2637 4975 2976 5030 insolentiam
3008 4972 3185 5039 inﬂat;
3224 4982 3335 5025 tum
3370 4985 3512 5024 mace

1934 5092 2056 5129 rore
2084 5073 2242 5126 aliicit
2274 5081 2616 5140 contemptus
2653 5083 2864 5130 eorum,
2897 5066 2989 5134 qui
3031 5081 3135 5118 non
3167 5063 3514 5117 admirantur

1937 5183 2057 5221 Cum
2115 5176 2333 5234 stupore
2379 5165 2658 5226 virtutem,
2701 5159 2852 5228 quasi
2909 5160 3010 5211 boc
3072 5165 3216 5210 esset
3260 5155 3514 5222 quaedam

1939 5257 2204 5313 Stoliditas
2241 5249 2667 5322 ac'stupidilas;
2720 5259 2830 5303 tum
2864 5250 3025 5303 etiam
3054 5245 3244 5308 videri,
3273 5245 3416 5314 quod
3455 5245 3508 5295 in

1941 5351 2081 5403 bono
2107 5349 2392 5417 plusquam
2424 5348 2514 5399 alii
2546 5343 2822 5414 possideat
2849 5339 3074 5410 aliquid,
3102 5340 3166 5391 ad
3192 5337 3518 5414 jactantianr

1940 5441 2168 5494 extollit.
2215 5437 2368 5492 Unde
2400 5452 2684 5491 necessum
2726 5445 2806 5487 est
2843 5432 3132 5502 aliquando
3171 5431 3389 5501 quidem
3424 5429 3518 5483 lae-

1941 5531 2054 5584 titia
2089 5529 2467 5598 bilaritalcque
2513 5526 2737 5581 dilI’undi
2770 5525 2934 5579 stulta
2961 5523 3204 5577 inﬂatum
3239 5521 3524 5590 superbia,

1943 5621 2271 5693 quandoque
2303 5635 2433 5675 vero
2451 5620 2640 5674 animo
2669 5618 3066 5683 concidentem,
3097 5625 3148 5670 ct
3175 5620 3536 5668 contractum:
