3956 6206
418 169 555 237 1091

1922 160 1981 218 S.
2012 157 2173 217 NlLI

3539 149 3677 216 l092

412 294 613 353 pavore
637 276 919 334 demittere
941 275 1173 330 vultum.
1201 273 1295 329 llle
1319 285 1468 336 vero,
1495 268 1590 341 qui
1615 271 1778 325 vitam
1800 269 1869 323 ab
1885 268 1987 322 hac

2097 267 2275 338 ἔργον,
2325 265 2418 317 καὶ
2463 265 2651 317 ἑαυτὸν
2692 264 2749 317 δὲ
2778 266 2846 318 τά
2879 263 3047 318 πολλὰ
3100 264 3417 326 σπουδάζων
3468 262 3680 325 ιαθεζν,

412 374 499 428 via
527 380 791 427 remotam
828 366 1082 431 traducit,
1115 366 1248 419 istas
1293 378 1407 417 non
1428 370 1604 417 mutat
1647 361 1983 423 all‘ectioncs,

411 479 587 533 neque
635 461 1011 521 dilaudantes,
1056 466 1150 511 aut
1190 460 1561 525 vituperantes
1608 454 1778 508 novit.
1822 452 1984 507 Solus

310 584 313 587 λ
411 560 491 604 est
519 566 641 604 cum
691 549 798 604 Deo
826 551 946 604 solo
973 562 1271 603 coronante
1309 546 1592 607 laborem,
1631 544 1811 598 sciens
1848 558 1988 611 opus

308 644 315 694 i
416 640 694 709 prOprium
726 680 741 704 ,
787 648 840 693 et
887 640 1124 709 seipsum
1155 640 1317 690 etia‘m
1366 634 1642 688 multoties
1673 633 1840 686 latere
1873 640 1989 684 stu-

2093 357 2281 427 ὲπειδὴ
2313 358 2405 409 καὶ
2440 356 2603 408 αὑτὸν
2636 355 2751 408 ἐστι
2794 355 2916 409 τινά
2950 355 3240 425 ὲπαινέτην
3270 355 3468 408 ἑαυτοῦ
3512 356 3665 422 γενέο

2094 449 2217 502 σθαι
2246 448 2396 513 ποτὲ,
2426 447 2787 517 κουφισθέντα
2809 446 3068 517 νηπιώδει
3101 449 3433 517 φρονήματι,
3467 447 3567 499 καὶ
3598 448 3679 498 εἱ-

2099 539 2261 609 καίῳ,
2297 539 2391 590 καὶ
2420 537 2579 590 τοῦτο
2612 537 2878 607 βλαόἧναι
2912 536 3044 607 παρ’
3084 537 3302 597 ἑαυτοῦ,
3358 536 3387 588 ὃ
3438 535 3680 605 βλάπτε-

2097 630 2221 683 σθαι
2248 630 2376 699 παρ’
2411 629 2614 698 ἑτέρων
2649 626 3063 697 θαυμαζόμενος
3094 627 3339 696 ἔμελλεν.

422 730 590 796 deus;
638 731 903 801 contingit
940 732 1084 784 enim
1126 728 1426 798 aliquando
1465 726 1643 795 ipsum
1682 725 1767 779 sui
1825 725 1997 793 ipsius
2033 723 2150 777 ﬁeri
2214 722 2611 776 dilaudalorem
2637 765 2651 787 ,
2714 722 2907 791 puerili
2964 720 3221 787 inanique
3250 721 3416 775 animi
3441 720 3686 777 elatione

410 823 678 876 elevatum
705 862 717 883 ,
753 822 918 891 litque
976 830 1033 875 ut
1079 821 1131 872 in
1184 834 1250 873 eo
1313 818 1697 872 detrimentum
1764 816 2002 885 patiatur
2032 830 2061 869 a
2102 814 2303 883 seipso,
2333 814 2386 867 in
2419 829 2529 883 quo
2557 812 2837 868 laedendus
2875 820 3019 867 esset
3056 813 3123 866 ab
3148 813 3299 878 aliis,
3340 814 3468 866 dum
3496 812 3683 881 ipsum

413 918 839 970 admirarentur.

856 1031 1020 1103 1,05
1060 1029 1286 1086 CAPUT
1334 1026 1527 1083 xxvr.

488 1163 506 1194 ι
533 1143 636 1209 Qui
656 1159 751 1197 vos
777 1142 966 1197 beatos
990 1141 1305 1211 praedicant,
1352 1139 1631 1207 decipiunt
1652 1152 1748 1192 vos
1768 1137 1834 1200 ⁸³,
1857 1155 1875 1190 ι
1905 1136 1990 1192 his

411 1231 505 1300 qui
542 1232 594 1283 in
630 1230 939 1298 aliquorum
971 1238 1265 1297 conspectu
1294 1228 1496 1280 bonum
1531 1235 1828 1294 onerantur
1851 1239 1990 1293 praev

411 1322 558 1375 clare
603 1320 805 1375 dictum
852 1320 956 1374 fuit
1004 1336 1032 1374 a
1068 1319 1249 1373 divina
1302 1319 1607 1386 Scriptura.
1651 1316 1783 1383 Quis
1815 1325 1993 1370 autem

410 1412 743 1469 beatiﬁcabit
774 1427 898 1466 eum
934 1411 1026 1479 qui
1081 1427 1190 1464 non
1227 1410 1473 1472 videtur,
1508 1417 1563 1462 et
1597 1407 1993 1461 lieatilicatiuue

413 1503 774 1572 haedecipiet
816 1503 965 1557 illum
1000 1502 1078 1572 _ad
1118 1510 1462 1569 arrogantem
1508 1500 1590 1553 sui
1632 1499 1993 1553 existimatio-

413 1610 536 1649 nem
559 1634 573 1658 ,
609 1595 700 1663 qui
732 1595 799 1647 de
834 1593 1102 1647 industria
1133 1607 1227 1646 eos
1262 1591 1507 1653 evitavit,
1548 1606 1648 1653 ne,
1684 1589 1991 1659 aliquorum

414 1685 879 1741 dilaudationibus
900 1723 915 1747 ,
944 1698 1106 1753 quam
1139 1698 1169 1736 a
1203 1682 1311 1735 Deo
1340 1690 1619 1751 exspectat
1652 1682 1990 1745 mercedem,

415 1774 805 1829 imminueret?
843 1772 1046 1842 quique
1074 1771 1363 1826 abscondit
1394 1770 1630 1825 sinistra:
1659 1770 1842 1822 manui
1875 1770 1996 1840 (se-
2028 1760 2069 1814 Β

411 1866 655 1920 cundum
691 1864 906 1918 Domini
943 1864 1373 1918 admonitionem
1393 1861 1473 1933 “)
1505 1877 1720 1916 omnem
1763 1863 1996 1915 dexterae

413 1959 706 2022 actionem,
728 1966 785 2010 ut
808 1971 946 2026 Opus
976 1957 1193 2025 quidem
1218 1955 1769 2022 videatquodcuuque
1797 1952 1994 2007 factum

414 2048 599 2114 fuerit,
632 2049 1052 2124 ostentationem
1085 2062 1216 2101 vero
1242 2046 1471 2116 ignoret,
1498 2046 1611 2113 ipse
1642 2044 1879 2112 seipsum
1917 2045 1996 2097 la—

413 2152 535 2196 tens
558 2142 611 2194 in
636 2156 699 2195 ea
730 2140 951 2194 dimidia
975 2150 1145 2209 parte,
1169 2140 1220 2192 in
1241 2154 1348 2207 qua
1369 2153 1504 2191 vana
1524 2137 1996 2205 grandiloqnentia

416 2250 524 2289 una
548 2234 828 2300 subsistit;
861 2234 941 2288 sic
966 2233 1109 2286 enim
1130 2233 1353 2287 sinistra
1378 2230 1613 2285 dextera:
1648 2245 1785 2299 opus
1819 2230 1993 2293 novit,

412 2341 535 2381 cum
567 2325 878 2380 distributio
896 2324 962 2379 sil
983 2324 1292 2387 ambitiosa,
1317 2331 1370 2376 et
1404 2322 1469 2375 ad
1492 2321 1674 2391 gloria:
1703 2321 1993 2388 aucupium

411 2417 705 2473 contendat
723 2417 773 2471 id
793 2417 846 2471 in
871 2416 1146 2487 publicum
1169 2415 1539 2485 promulgare,
1562 2413 1707 2483 quod
1730 2427 1760 2465 a
1777 2412 1996 2466 dextera

413 2508 717 2577 contegitur
754 2528 768 2565 :
800 2508 951 2574 ideo,
992 2507 1087 2577 qui
1125 2516 1307 2561 vetera
1345 2505 1722 2575 imposuerunt
1751 2502 1992 2566 nomina,

411 2602 695 2657 columbas
728 2602 973 2672 apposite
1007 2601 1426 2656 denominarunt
1455 2612 1581 2661 eos,
1612 2597 1703 2668 qui
1741 2604 1997 2652 exercent

414 2704 475 2744 se
503 2690 802 2745 monastice
822 2690 878 2743 in
906 2688 1166 2756 urbibus;
1213 2696 1453 2741 turtures
1485 2684 1664 2739 autem
1696 2683 1817 2738 illos
1841 2722 1856 2746 ,
1901 2682 1995 2751 qui

413 2778 470 2835 in
503 2780 891 2836 solitudinibus
913 2789 967 2835 et
988 2780 1283 2835 inaccessis
1314 2780 1366 2833 in
1391 2779 1524 2833 locis
1552 2779 1713 2832 vitam
1748 2779 1949 2847 degunt
1978 2794 1993 2831 :

412 2873 537 2943 quia
566 2873 725 2943 primi
749 2872 968 2943 quidem
998 2874 1099 2929 sub
1133 2872 1536 2942 spectatoribus
1569 2871 1820 2924 virtutem
1857 2885 1994 2923 cou—

310 3036 313 3041 .
410 2970 712 3027 sectantur,
741 2977 993 3029 eamque,
1027 2962 1098 3016 ob
1129 2961 1365 3016 studium
1394 2958 1644 3029 placendi
1676 2960 1993 3013 hominibus

410 3052 742 3114 voluntarii,
785 3052 867 3106 vel
908 3051 1059 3105 inviti
1095 3050 1490 3122 coinquinant,
1533 3049 1733 3119 quippe
1764 3048 1857 3119 qui
1902 3058 1996 3103 aut
2021 3084 2063 3140 ο

411 3158 443 3196 a
478 3144 779 3197 multorum
812 3142 1066 3197 laudibus
1110 3141 1541 3205 defraudantur,
1586 3149 1679 3194 aut
1720 3139 1994 3194 multoties

413 3234 468 3288 in
500 3236 683 3287 animo
711 3234 813 3287 sibi
837 3249 900 3287 ex
940 3233 1204 3288 industria
1238 3240 1547 3302 proponunt
1576 3268 1592 3296 ,
1625 3244 1686 3285 se
1714 3229 1995 3285 celebran-

412 3330 548 3391 dos,
581 3326 868 3379 occasione
897 3325 1145 3380 videlicet
1169 3332 1506 3394 spectatores
1526 3322 1792 3393 iuvandi;
1825 3320 1993 3391 quod,

412 3413 514 3470 etsi
565 3428 673 3468 non
714 3414 786 3469 sit
832 3412 1075 3468 studium
1127 3413 1378 3483 placendi
1428 3412 1779 3478 hominibus,
1812 3419 1992 3466 tamen

413 3508 637 3563 omnino
667 3508 838 3575 ipsam
871 3506 1121 3576 inquinat
1151 3506 1427 3572 virtutem,
1456 3513 1509 3559 et
1536 3504 1831 3559 secundum
1861 3518 1991 3573 pro-

410 3599 713 3671 portionem
751 3607 981 3654 evacuat
1016 3597 1219 3653 laboris
1257 3596 1560 3651 mercedem
1585 3638 1599 3662 ,
1646 3611 1772 3651 vere
1809 3605 1867 3650 ut
1895 3610 1991 3650 oo-

411 3691 616 3758 lumba,
650 3706 771 3761 qua:
794 3690 974 3761 parit,
1018 3699 1071 3744 et
1099 3689 1411 3745 hominibus
1459 3688 1633 3757 pullos
1667 3687 1889 3743 exhibet
1921 3690 1990 3743 ad

410 3785 647 3851 caedem;
675 3784 898 3841 secundi
923 3798 1071 3849 vero,
1108 3798 1272 3838 omne
1305 3782 1470 3855 506
1494 3781 1640 3852 quod
1668 3781 1893 3845 iaciunt,
1922 3780 1990 3834 il-

410 3876 624 3941 laesum,
645 3884 700 3931 et
728 3877 997 3946 integrum
1022 3875 1132 3931 Deo
1166 3877 1569 3939 transmittunt,
1598 3874 1828 3939 nullum,
1865 3873 1991 3926 imi-

412 3970 615 4024 tatione
661 3977 966 4035 turturum,
1006 3968 1131 4022 dam
1147 3983 1281 4022 num
1314 3967 1707 4038 percipientes,
1745 3980 1869 4035 quae
1906 3964 1989 4019 vi-

370 4046 373 4049 5
406 4069 597 4115 ventes
625 4058 769 4115 fetus
804 4076 835 4116 e
874 4061 1000 4115 nido
1036 4060 1321 4114 dimittunt
1349 4059 1405 4113 in
1439 4074 1620 4114 aerem
1655 4075 1669 4111 :
1712 4056 1818 4110 tale
1856 4056 1986 4125 quid

411 4151 637 4219 etenim,
662 4152 806 4220 quod
837 4153 903 4206 ad
935 4150 1027 4207 Dei
1055 4152 1314 4222 placitum
1345 4150 1657 4206 clanculum
1683 4149 1808 4213 ﬁat,
1834 4146 1985 4213 vivit,

2097 4148 2188 4219 τῆς
2246 4148 2554 4214 κενοδοξίας
2618 4149 2781 4220 σῆτα,
2840 4153 2936 4206 καὶ
2996 4151 3088 4204 ὑπ’
3138 4152 3304 4205 αὑτοῦ
3356 4152 3670 4223 διαφθειρό-

344 5489 368 5563 ὰ

414 4254 482 4295 ac
519 4256 714 4295 sanum
764 4242 941 4308 valet,
987 4258 1051 4298 ac
1082 4243 1359 4313 defatigati
1402 4242 1669 4312 acquisita
1705 4240 1985 4311 possessio

2652 1022 2903 1076 ΚΕΦΑΛ.
2945 1022 3095 1087 καί.

2170 1157 2185 1189 ι
2223 1138 2285 1190 ΟΞ
2324 1134 2722 1206 μακαρίζοντες
2767 1135 2946 1204 ὑμᾶς,
2976 1132 3253 1186 πλανῶσιν
3292 1131 3461 1201 ὑμᾶς,
3497 1148 3516 1180 ι
3561 1130 3686 1189 τοῖς

2093 1227 2152 1280 ὲν
2182 1226 2302 1295 δψει
2340 1226 2500 1279 τινῶν
2533 1226 2593 1279 τὸ
2632 1224 2836 1292 ἀγαθὸν
2864 1223 3275 1295 ἐργαζομένοις,
3313 1223 3529 1292 εἴρηται
3570 1236 3685 1272 και

2094 1318 2202 1381 λῶς
2231 1318 2379 1387 παρά
2411 1316 2509 1385 τῆς
2540 1316 2692 1380 Θείας
2724 1317 2967 1387 Γραφῆς.
3012 1316 3108 1378 Τίς
3134 1315 3189 1367 δὲ
3218 1315 3310 1367 τὸν
3338 1316 3434 1383 οὑχ
3459 1312 3684 1383 ὁρώμε-

2100 1426 2189 1464 νον
2227 1410 2523 1480 μακαρίσει
2548 1448 2563 1473 ,
2601 1408 2803 1479 καὶτῷ
2849 1406 3187 1479 μακαρισμῷ
3231 1408 3502 1477 ἀπατήσει
3540 1405 3684 1474 πρὶς

2098 1503 2297 1572 οἴησιν,
2334 1501 2529 1573 γνώμῃ
2557 1500 2799 1569 φυγόντα
2826 1499 3050 1563 τούτους
3088 1500 3177 1552 ἵνα
3207 1500 3283 1569 μή
3316 1516 3478 1551 τινων
3517 1497 3681 1550 ἐπαί-

2100 1611 2213 1657 νοις
2240 1594 2332 1647 τὸν
2371 1593 2525 1663 παρά
2547 1591 2643 1645 τοῦ
2676 1590 2811 1644 Θεοῦ
2843 1591 3122 1664 ἐλαττώσῃ
3150 1591 3378 1662 μισθόν;
3413 1591 3507 1644 καὶ
3538 1588 3681 1658 κρύε-

2103 1702 2303 1739 πτοντα
2336 1684 2434 1755 τὴν
2461 1683 2761 1755 ἀριστερὰν
2810 1683 2953 1735 κατὰ
2983 1683 3084 1752 τὴν
3110 1683 3204 1735 τοῦ
3235 1683 3444 1753 Κυρίου
3476 1681 3679 1752 παραίο

2097 1794 2244 1830 νεσιν
2273 1777 2454 1829 πᾶσαν
2484 1775 2685 1845 πρᾶξιν
2710 1774 2808 1843 τῆς
2838 1775 3020 1840 δεξιᾶς
3044 1813 3059 1839 ,
3095 1773 3254 1835 ὅπως
3289 1773 3351 1824 τὸ
3384 1772 3484 1841 μὲν
3513 1771 3678 1842 ἔργον

2098 1870 2182 1940 ἴδῃ
2214 1869 2295 1922 ὃτι
2323 1869 2537 1936 γέγονε,
2564 1867 2624 1920 τὸ
2642 1867 2698 1921 δὲ
2720 1864 3083 1919 ἐπιδεικτικὸν
3106 1866 3273 1934 ἀγνοῇ
3298 1864 3456 1927 αὐτὸς
3482 1863 3679 1917 ἑαυτὸν

2100 1960 2179 2029 τῷ
2208 1960 2397 2029 ἡμίσει
2438 1959 2593 2030 μέρει
2619 1958 2898 2011 λανθάνων
2924 1950 2968 2023 ᾧ
2996 1956 3058 2009 τὸ
3087 1957 3392 2026 κομπάζειν
3451 1973 3684 2027 παρυφο
3748 2016 3753 2023 _

2107 2048 2503 2103 ίσταται.οὖτω
2536 2049 2644 2118 γάρ
2674 2050 2707 2117 ἠ
2740 2046 3005 2118 ἀριστερά
3027 2047 3087 2100 τὸ
3110 2047 3270 2116 ἔργον
3296 2046 3557 2114 γινώσκει
3578 2048 3685 2116 τῆς

2095 2141 2274 2205 δεξιᾶς
2307 2140 2540 2203 διάδοσις
2565 2137 2703 2194 οὖσα
2740 2136 3033 2207 φιλόδοξος,
3068 2138 3163 2190 καὶ
3190 2137 3252 2190 τὸ
3286 2138 3437 2207 παρὰ
3467 2137 3570 2206 τῆς
3591 2138 3682 2190 δε-

2096 2234 2214 2300 ξιᾶς
2249 2232 2755 2303 ὲπικαλυπτόμενον
2774 2231 3119 2301 δημοσιεύειν
3145 2230 3281 2301 πρὸς
3304 2230 3462 2300 δόξης
3498 2231 3680 2299 θήραν

2098 2325 2474 2388 σπουδάζουσα
2492 2341 2504 2355 '
2538 2324 2626 2378 διὰ
2647 2323 2805 2377 τοῦτο
2834 2323 2944 2377 τῶν
2970 2323 3215 2376 παλαιῶν
3246 2325 3295 2376 oi
3328 2322 3534 2376 θετικοὶ
3566 2322 3684 2375 τῶν

2095 2416 2375 2485 ὀνομάτων
2394 2416 2701 2480 εύθυὸόλως
2729 2415 3060 2487 περιστερὰς
3089 2415 3187 2485 μὲν
3215 2416 3341 2475 τοὺς
3367 2416 3424 2466 ἐν
3452 2414 3685 2468 πόλεσιν

2097 2505 2405 2570 ἀσκοῦντας
2426 2506 2738 2577 ὠνόμασαν,
2761 2507 3029 2577 τρυγόνας
3054 2506 3111 2559 δὲ
3143 2507 3270 2569 τοὺς
3296 2506 3355 2558 ὲν
3385 2505 3681 2577 ὲρημὶαις,

2097 2600 2191 2654 καὶ
2223 2598 2444 2661 ἀϐάτοις
2472 2596 2906 2668 ὲμὸιωτεύοντας
2938 2638 2953 2662 ,
2986 2599 3068 2651 ὅτι
3095 2598 3146 2650 οἱ
3180 2598 3278 2667 μὲν
3318 2596 3422 2649 ὑπὸ
3452 2596 3686 2659 θεαταῖς

2096 2691 2195 2759 τὴν
2243 2692 2444 2762 ἀρετὴν
2503 2692 2891 2761 μετέρχονται,
2970 2692 3066 2744 καὶ
3121 2690 3408 2761 μολύνουσι
3464 2690 3686 2760 ταύτην

2097 2779 2313 2844 ἑκόντες
2333 2822 2347 2843 ,
2384 2779 2417 2850 ἢ
2451 2780 2675 2844 ἄκοντες
2704 2781 3217 2852 ἀνθρωπαρεσκείᾳ,
3246 2780 3279 2852 ἢ
3313 2780 3682 2850 κλεπτόμενοι

2095 2872 2207 2932 τοῖς
2229 2871 2336 2922 τῶν
2368 2870 2577 2923 πολλῶν
2608 2870 2875 2934 ἐπαίνοις,
2899 2871 2933 2942 ἢ
2967 2872 3061 2923 καὶ
3089 2870 3286 2943 γνώμῃ
3313 2872 3374 2924 τὸ
3404 2872 3680 2941 δοξασοῆ-

2096 2977 2183 3012 ναι
2210 2959 2469 3023 πολλάκις
2506 2961 2893 3033 προτιθέμενοι
2923 2962 3058 3032 πρὸς
3088 2962 3146 3016 τὸ
3177 2962 3338 3033 δῆθεν
3388 2964 3680 3034 ὠφελῆσαι

2095 3052 2222 3115 τοὺς
2280 3051 2617 3119 θεωμένους,
2665 3052 2801 3123 ὅπερ
2868 3052 2969 3106 κᾶν
3003 3057 3075 3124 μή
3107 3055 3259 3107 ἐστιν
3308 3054 3674 3124 ἀνθρωπαρὲ-

2101 3161 2256 3197 σκεια
2277 3183 2292 3207 ,
2353 3144 2490 3197 ἀλλά
2536 3145 2753 3207 πάντως
2808 3130 3109 3215 μεμόλυται
3140 3146 3366 3215 ταύτην,
3398 3145 3495 3200 καὶ
3530 3150 3681 3201 κατὰ

2093 3236 2192 3306 τὴν
2225 3235 2515 3305 ἀναλογίαν
2543 3239 2691 3289 κενοῖ
2712 3236 2806 3289 τοῦ
2839 3238 3003 3290 πόνου
3039 3236 3099 3289 τὸ
3125 3236 3380 3307 ἐμμιθον,
3418 3239 3678 3310 καθάπερ

2094 3324 2263 3388 ὅντως
2296 3326 2594 3396 περιστερά
2621 3324 2827 3378 κύουσα
2853 3327 2945 3379 καὶ
2979 3326 3104 3389 τοὺς
3148 3327 3398 3390 νεοττοὺς
3424 3331 3506 3391 είς
3532 3345 3677 3396 σφα-

2093 3416 2196 3488 γὴν
2225 3420 2337 3481 τοῖς
2365 3416 2672 3490 ἀνθρώποις
2702 3419 3037 3489 παρέχουσα·
3062 3421 3110 3472 οί
3148 3419 3208 3472 δὲ
3229 3421 3338 3473 πᾶν
3361 3421 3421 3473 τὸ
3447 3421 3677 3491 γινόμε⁹

2094 3524 2185 3561 νον
2218 3506 2426 3571 ἀσινὲς,
2462 3506 2557 3560 καὶ
2584 3507 2877 3580 ὁλόκληρον
2909 3509 2987 3580 τῷ
3016 3508 3135 3579 Θεῷ
3186 3513 3671 3582 παραπέμπουσιν,

2094 3597 2632 3678 οὐδὲνζημιούμενοι
2683 3601 2827 3654 κατὰ
2867 3602 2967 3665 τάς
3011 3602 3298 3673 τρυγόνας,
3352 3603 3533 3667 ζῶντα
3570 3605 3675 3673 τῆς

2094 3691 2306 3757 καλιᾶς,
2338 3692 2679 3757 ἀπολυούσας
2730 3695 2866 3765 πρὸς
2892 3694 3030 3764 ἀέρα
3054 3693 3124 3746 τά
3150 3694 3371 3763 ἔγγονα.
3412 3695 3675 3749 Τοιοῦτον

2092 3784 2201 3855 γὰρ
2227 3785 2289 3837 τὸ
2320 3786 2454 3855 πρὸς
2478 3785 2770 3857 ἀρέσκειαν
2798 3786 2932 3839 Θεοῦ
2957 3787 3331 3851 λανθανόντως
3359 3789 3669 3858 γινόμενον,

2094 3874 2160 3945 ζῇ
2202 3874 2298 3927 καὶ
2324 3873 2582 3946 ἔρρωται,
2616 3876 2714 3929 καὶ
2758 3879 2946 3947 κτῆμα
2994 3876 3090 3930 τοῦ
3137 3879 3474 3949 πονήσαντός
3517 3879 3670 3932 ἐστιν

2094 3964 2454 4032 ἀδιάπτωτον,
2491 3965 2585 4019 καὶ
2617 3966 2782 4029 τοῦτο
2824 3968 2887 4020 τὺ
2923 3968 3023 4038 τὴν
3065 3968 3187 4038 Mdv
3217 3969 3327 4023 τῶν
3360 3968 3667 4040 ἀνθρώπιον

2092 4057 2235 4129 ἔχειν
2266 4060 2522 4130 μάρτυρα
2562 4059 2717 4114 θέλον
2764 4062 2984 4131 ἱματίου
3016 4062 3195 4133 δίκην,
3225 4063 3321 4115 καὶ
3353 4063 3536 4116 τίκτον
3574 4063 3671 4115 τὸν

2090 4257 2274 4313 μενον.

416 4346 525 4386 non
586 4331 883 4397 dilabitur;
938 4331 1052 4386 haec
1106 4347 1273 4399 vero,
1329 4332 1459 4386 dum
1521 4341 1713 4386 testem
1783 4331 1982 4385 habere
2052 4331 2335 4386 hominum
2397 4342 2754 4403 conspectum
2803 4335 2970 4401 velit,
3021 4335 3193 4392 instar
3234 4337 3669 4401 vestimenti,et

411 4439 565 4479 vane
600 4424 785 4495 gloria:
830 4434 1051 4494 generat
1098 4425 1335 4487 tineam,
1372 4432 1426 4478 et
1472 4422 1541 4477 ab
1593 4423 1707 4492 ipsa
1736 4420 2104 4491 corrumpitur

951 4542 1180 4600 CAPUT
1231 4538 1446 4595 XXVII.

476 4657 739 4729 Quamvis
766 4667 947 4714 autem
970 4696 985 4721 ,
1018 4656 1111 4728 qui
1152 4655 1407 4710 homines
1440 4653 1591 4708 omni
1628 4653 1980 4725 prosequitur

404 4768 613 4819 amore,
644 4752 778 4823 quin
807 4761 1008 4806 etcum
1043 4749 1193 4805 hisce
1215 4756 1573 4804 conversatur
1594 4787 1611 4813 ,
1655 4747 1787 4801 nihil
1815 4748 1982 4817 patia-

405 4854 493 4900 tur
530 4859 720 4900 eorum
760 4858 882 4914 quae
927 4841 1130 4913 perpeti
1158 4849 1243 4896 est
1288 4855 1570 4896 necessum
1601 4880 1617 4906 ,
1664 4856 1763 4897 nec
1813 4840 1978 4893 ullam

405 4934 643 5004 proferat
677 4948 876 4989 noxam
909 4933 978 4987 ab
1021 4933 1105 4989 his
1134 4948 1256 5003 quae
1294 4931 1492 4987 lredere
1540 4932 1753 4995 solent,
1791 4940 1851 4985 ut
1892 4931 1978 4985 di-

403 5033 550 5080 ctum
584 5034 668 5080 est
707 5026 904 5096 (detur
936 5024 1083 5078 enim
1121 5025 1359 5081 sermoni
1389 5075 1401 5089 ,
1435 5024 1578 5094 quod
1615 5024 1818 5077 veritas
1870 5038 1981 5077 non

402 5116 695 5187 concedit),
738 5125 919 5171 tamen
948 5116 1092 5170 videt
1118 5131 1205 5181 ea,
1233 5130 1357 5186 qua:
1389 5114 1597 5184 injuste
1632 5113 1701 5167 ab
1729 5112 1977 5167 eminen-

404 5209 634 5264 tioribus
676 5210 938 5277 dignitate
977 5210 1031 5263 in
1065 5210 1342 5264 tenuiores
1372 5218 1688 5277 patrantur,
1738 5221 1800 5261 ea
1842 5204 1982 5261 infe-

404 5302 637 5355 rentium
671 5299 949 5370 injuriam,
975 5308 1027 5353 et
1056 5298 1443 5370 perferentium
1476 5298 1671 5367 ipsam,
1705 5312 1767 5352 ea
1796 5307 1981 5368 tyran-

404 5394 581 5451 nidem
606 5395 1000 5460 exercentium,
1031 5404 1084 5449 et
1110 5394 1428 5464 patientium
1457 5394 1563 5449 vim
1588 5410 1601 5459 ;
1628 5407 1690 5447 ea
1714 5390 1973 5447 fraudan-

479 5563 524 5595 "
550 5572 650 5632 lsa.
690 5591 770 5643 ut,
805 5575 885 5627 12.
967 5574 1009 5606 “
1039 5573 1227 5630 Matth.
1266 5589 1338 5638 vr,
1381 5575 1432 5627 5.

2654 4542 2906 4595 ΚΕΦΑΔ.
2945 4543 3073 4597 κζ’.

2158 4652 2275 4707 Ἵνα
2320 4653 2377 4707 δὲ
2415 4655 2509 4707 καὶ
2542 4655 2728 4727 μηδὲν,
2770 4655 2946 4710 διόλου
2993 4659 3121 4722 τοὺς
3153 4656 3476 4730 ἀνθρώπους
3513 4660 3675 4732 στέρ-

2086 4764 2219 4816 γων,
2250 4747 2456 4819 μᾶλλον
2497 4749 2553 4802 δὲ
2581 4751 3160 4822 συναναστρεφόμενος
3190 4754 3373 4816 αὐτοῖς
3404 4753 3553 4823 πάθη
3593 4748 3673 4808 ὧν

2088 4842 2319 4912 πάσχειν
2360 4841 2609 4912 ἀνάγκη,
2646 4842 2779 4914 μηδὲ
2810 4842 3018 4915 βλάϐην
3048 4845 3316 4918 ὑπομείνῃ
3357 4846 3482 4899 τινά
3518 4848 3674 4918 παρά

2087 4936 2196 4988 τῶν
2225 4932 2485 5006 βλάπτειν
2514 4936 2803 5001 εἰωθότων,
2827 4938 2903 5001 ὡς
2925 4939 3140 5009 εἴρηται
3171 4938 3426 5009 (δεδόσθω
3451 4938 3560 5012 γὰρ
3592 4940 3675 5011 τῷ

2090 5022 2235 5096 λόγῳ
2265 5024 2294 5077 ὃ
2331 5025 2407 5096 μὴ
2437 5024 2653 5078 δίδωσιν
2682 5028 2715 5096 ἡ
2753 5024 3050 5097 ἀλήθεια),
3086 5027 3155 5080 τά
3189 5026 3524 5098 παρανόμως
3565 5029 3675 5081 iit-ab

2092 5114 2471 5186 ὑπερεχόντων
2503 5114 2584 5177 είς
2626 5116 2750 5177 τοὺς
2799 5115 3213 5186 εὐτελεστέρους
3242 5115 3503 5184 γινόμενα
3555 5113 3674 5168 ἀδι-

2090 5208 2328 5265 κούντων
2372 5212 2466 5266 καὶ
2531 5211 2927 5282 ἀδικουμένων,
2973 5208 3383 5282 τυραννούντων
3428 5212 3523 5264 καὶ
3572 5228 3671 5264 τυ-

2092 5305 2488 5375 ραννουμένων,
2535 5305 2984 5378 ἀποστερούντων
3026 5306 3122 5359 καὶ
3150 5305 3669 5376 ἀποστερουμένων,

2090 5396 2305 5460 πάντως
2336 5397 2428 5450 καὶ
2457 5398 2561 5470 ὁρᾷ
2587 5437 2602 5465 ,
2649 5398 2742 5451 καὶ
2794 5399 3109 5468 συμπάσχει
3141 5398 3255 5461 τοῖς
3289 5396 3563 5465 πάσχουσι
3599 5399 3671 5467 τῇ
