3956 6206
359 276 494 342 1093

1478 273 1920 334 TRACTATUS
1959 273 2058 330 AD
2099 272 2520 332 EULOGIUM.

3483 268 3618 336 1094

355 382 743 452 διαθέσειπρὸς
765 379 1010 443 τούτους.
1042 379 1329 441 κάκείνους
1364 376 1933 448 μεριζόμενος,ἀγαν-

2040 376 2172 430 tium
2201 417 2215 440 ,
2241 385 2294 430 et
2339 376 2708 430 fraudatorum
2737 417 2750 439 ,
2785 374 2962 438 videt,
2995 373 3213 444 inquam
3232 418 3250 440 .
3278 378 3538 443 omnino,
3566 392 3621 434 et

355 472 535 527 ακτῶν
566 470 700 541 πρὸς
734 470 859 533 τοὺς
905 466 1345 529 καταπονοῦντας
1376 467 1471 521 καὶ
1511 467 1637 529 τοὺς
1671 482 1914 519 καταπο-

355 562 653 632 νουμένους
707 560 1100 629 οἰκτιζόμενός,
1153 557 1333 627 θυμοῦ
1389 556 1766 627 πληρούμενος
1827 556 1923 608 καί

354 653 491 724 πρὸς
517 652 664 706 ἔλεον
692 652 1101 723 καμπτόμενος,
1124 647 1563 720 παροξυνόμενος
1594 650 1689 703 καὶ
1722 648 1928 717 σπλάγ-

353 760 457 815 χνα
498 744 962 813 τιτρωσκόμενος,
1021 741 1115 794 καί
1159 740 1235 811 τῷ
1284 735 1682 811 ἐφησυχάζοντι
1716 740 1926 805 τούτοις

353 833 473 905 θεῷ
504 835 603 904 τῆς
647 832 1033 905 μακροθυμίας
1081 830 1191 884 ἐσθ’
1226 833 1314 884 ὅτε
1349 831 1724 901 μεμφόμενος.
1756 831 1929 884 Τοῦτο

354 925 464 996 γάρ
501 925 530 976 ὁ
576 925 860 995 προφήτης
911 924 1044 976 ποτὲ
1087 922 1275 976 παθὼν
1310 923 1589 992 Ἀὄακοὺμ
1611 963 1626 987 ,
1661 922 1925 987 δείκνυσι,

356 1012 449 1063 καὶ
489 1011 601 1072 τοῖς
637 1010 935 1079 πάσχουσιν
959 1011 1099 1081 ὅπερ
1124 1009 1348 1073 ἔπαθεν,
1381 1028 1400 1062 ι
1436 1011 1552 1065 Ἵνα
1584 1011 1637 1064 τί
1671 1028 1799 1081 μοι,
1834 1012 1948 1065 λέο.

354 1116 486 1166 γων,
512 1099 718 1167 ἔδειξας
745 1100 949 1164 κόπους
994 1103 1090 1154 καὶ
1116 1101 1344 1167 πόνους;
1373 1102 1453 1155 ὅτι
1476 1104 1504 1155 ὁ
1530 1102 1732 1174 ἀσεϐὴς
1758 1119 1927 1157 κατα-

354 1189 668 1243 δυναστεύει
695 1190 787 1243 τὸν
808 1189 1035 1253 δίκαιον,
1056 1192 1144 1244 καὶ
1172 1191 1296 1253 τοὺς
1319 1190 1417 1244 ἀνθ
1428 1190 1645 1262 ρώπους
1663 1191 1926 1262 ἐποίησας

350 1279 428 1344 ὡς
460 1280 649 1351 ἰχθύας
678 1281 776 1346 τῆς
803 1281 1079 1357 θαλάσσης
1115 1284 1589 1352 καταπινομένους
1633 1284 1855 1350 αὐτοὺς,
1900 1304 1919 1336 ι

353 1372 453 1442 τὴν
490 1373 691 1446 ἀνοχὴν
733 1374 958 1444 ταύτην,
992 1375 1087 1427 καὶ
1135 1374 1503 1447 συγχώρησιν,
1546 1378 1622 1441 ὡς
1662 1379 1927 1448 ἀναρχίαν

351 1461 502 1534 ζήλῳ
540 1465 643 1535 μὲν
676 1466 1093 1538 πεπυρωμένῳ,
1120 1468 1254 1522 ἀλλά
1294 1468 1544 1540 θρασέως
1570 1470 1818 1538 ἐγκαλῶν
1846 1470 1927 1541 τῷ

350 1554 493 1624 Θεῷ.
526 1556 638 1609 Καὶ
666 1557 750 1620 τίς
780 1558 996 1630 ἀνάγκη
1035 1557 1282 1629 βιάζεται
1326 1564 1584 1632 παρεῖναι
1615 1564 1727 1626 τοῖς
1750 1562 1926 1616 ἄλλων

353 1648 545 1710 κακοῖς
576 1647 741 1717 μηδὲν
764 1649 1081 1720 δυνάμενον,
1102 1650 1197 1703 καὶ
1221 1653 1780 1723 προσαμαρτὰνοντα;
1805 1654 1927 1708 Κάν

353 1738 524 1808 μηδὲν
556 1739 704 1809 μέγα
732 1739 792 1793 τὺ
822 1739 955 1808 γοῦν
988 1742 1075 1809 ἐφ’
1105 1736 1186 1805 οἷς
1215 1743 1366 1797 ἄλλοι
1413 1746 1712 1815 πράττουσι
1741 1745 1925 1807 κακῶς

2047 465 2378 533 patientibus
2406 466 2755 534 compatitur,
2807 464 3091 519 aﬂ‘ectione
3141 464 3196 519 in
3245 465 3344 521 hos
3401 476 3457 522 et
3500 467 3618 523 illos

2037 555 2268 622 divisus,
2301 556 2591 626 indignans
2622 556 2884 611 adversus
2906 556 3304 625 opprimentes,
3339 567 3393 613 et
3421 560 3620 614 miser-

2040 655 2128 701 tus
2174 661 2562 717 oppressorum
2586 684 2600 708 ,
2653 647 2846 715 plenus
2889 647 3074 702 animo
3106 647 3375 702 iracundo
3399 688 3415 711 ,
3466 659 3519 703 et
3553 652 3617 702 ait

2037 737 2467 791 misericordiam
2522 736 2791 800 inﬂexus,
2826 736 3133 792 concitatus
3160 777 3174 802 ,
3222 746 3277 791 et
3314 737 3621 792 visceribus

2035 827 2355 892 sauciatus,
2403 841 2469 880 ac
2512 828 2579 881 de
2629 827 2823 880 silente
2872 825 2983 880 Deo
3035 828 3107 879 ob
3154 826 3620 896 lenganimitatem

2034 918 2361 987 quandoque
2409 931 2775 986 conquerens.
2839 916 2990 970 lstud
3048 931 3284 985 namque
3345 916 3620 970 interdum

2034 1008 2244 1077 patiens
2272 1006 2552 1063 Habacum
2600 1009 2857 1077 propheta
2903 1007 3233 1076 patientibus
3270 1022 3488 1075 quoque
3526 1007 3622 1060 de:-

2041 1106 2342 1162 moustrat,
2392 1097 2534 1167 quod
2607 1098 2719 1166 ipse
2768 1097 3092 1167 patiebatur.
3153 1116 3172 1147 ‹
3233 1096 3429 1166 thuid
3487 1096 3618 1151 mihi

2038 1186 2299 1256 (dicens)
2340 1186 2628 1241 ostendisti
2664 1186 2906 1252 labores,
2935 1194 2988 1241 et
3018 1187 3332 1241 mrumnas?
3365 1187 3492 1255 quia
3528 1190 3623 1240 im-

2034 1277 2157 1344 pius
2187 1274 2337 1342 justo
2375 1276 2688 1330 dominatur
2733 1276 2966 1344 superbe
2990 1316 3005 1340 ,
3047 1284 3102 1331 et
3141 1276 3390 1331 homines
3437 1276 3615 1332 fecisti

2033 1366 2192 1436 quasi
2234 1367 2410 1436 pisces
2469 1367 2672 1431 maris,
2736 1367 2831 1436 qui
2901 1368 3109 1435 seipsos
3155 1368 3451 1423 absorbent
3474 1369 3552 1435 ³⁷;
3598 1388 3616 1418 ι

2035 1458 2101 1512 de
2148 1457 2524 1526 hujuscemodi
2553 1458 2839 1512 tolerantia
2871 1499 2886 1524 ,
2937 1473 3001 1512 ac
3048 1459 3431 1528 permissioue,
3464 1458 3619 1528 quasi

2034 1549 2102 1604 de
2149 1552 2390 1605 carentia
2416 1536 2419 1539 λ
2448 1549 2818 1605 Domiuatoris
2845 1593 2859 1615 ,
2914 1552 3029 1606 zelo
3054 1551 3272 1621 quidem
3315 1550 3477 1622 407
3528 1568 3618 1605 ar-
3662 1589 3667 1622 1

2033 1639 2211 1705 dente,
2241 1641 2336 1695 sed
2374 1641 2639 1695 audacius
2661 1682 2677 1707 ,
2714 1640 2823 1694 Deo
2849 1641 2994 1695 litem
3032 1642 3339 1697 intendens.
3374 1642 3438 1695 Et
3471 1659 3620 1712 quae-

2035 1745 2158 1785 nam
2192 1731 2486 1785 necessitas
2520 1732 2796 1799 compellit
2836 1732 3029 1785 adesse
3063 1732 3256 1786 alienis
3306 1732 3461 1785 malis
3491 1749 3617 1786 eum

351 1830 757 1900 ταράττεσθαι,
801 1832 1106 1903 εἰρηνεύειν
1152 1834 1249 1903 τῆς
1296 1810 1537 1899 διανοίας
1575 1835 1922 1907 ὀφειλούσης,

2032 1823 2123 1891 qui
2152 1822 2354 1875 nullam
2382 1836 2537 1890 opem
2563 1822 2705 1877 ferre
2736 1823 2897 1884 valet,
2938 1822 3031 1877 sed
3062 1832 3113 1878 et
3140 1823 3363 1893 insuper
3395 1825 3620 1894 peccat?

348 1916 494 1970 οὔτω
516 1918 932 1990 πλημμελοῦσιν
962 1924 1018 1974 ὲν
1042 1922 1119 1994 τῷ
1147 1923 1344 1994 πλήθει
1372 1924 1447 1996 μὴ
1474 1926 1925 1996 πλημμελοῦντες

352 2007 403 2059 οἰ
429 2008 827 2079 κεχωρισμένοι
853 2010 946 2064 τοῦ
982 2011 1222 2082 πλήθους
1243 2054 1258 2079 ,
1300 2016 1396 2067 καί
1429 2015 1753 2085 ζημιοῦνται
1784 2019 1831 2070 οἰ
1867 2018 1925 2069 ἐν

351 2094 428 2163 τῷ
456 2096 651 2167 πλήθει
683 2099 908 2168 μισθοὺς
937 2101 1136 2167 πόνων,
1161 2102 1317 2173 δόξης
1336 2103 1524 2158 ἕνεκεν
1554 2106 1921 2177 ἀνθρωπίνης.

354 2187 473 2240 Κᾶν
501 2187 609 2259 γάρ
657 2191 917 2260 μυριάκις
948 2193 995 2244 οἰ
1029 2192 1189 2245 πλέον
1231 2194 1452 2257 τούτους
1482 2195 1590 2247 τῶν
1621 2197 1926 2266 ἡσυχαζόν-

352 2291 467 2328 των
494 2275 865 2346 θαυμάζοντες
890 2279 1120 2346 λέγωσιν
1146 2282 1209 2333 ὲκ
1231 2280 1322 2333 τοῦ
1345 2283 1677 2353 συνεῖναιτῷ
1708 2284 1922 2354 πλήθει,

348 2363 506 2433 δῆλοι
537 2366 833 2437 διαρρήδην
861 2370 971 2421 εἰσί
1008 2369 1184 2438 τούτῳ
1218 2370 1295 2439 τῷ
1324 2370 1509 2441 δεσμῷ
1545 2373 1923 2441 κατεχόμενοι,

356 2453 505 2525 αὐτῷ
529 2455 608 2525 τῷ
638 2457 917 2527 αἱρεῖσθαι
964 2461 1092 2523 τοὺς
1142 2460 1476 2531 ζημιοῦντας
1517 2462 1712 2525 τόπους
1755 2464 1926 2516 οἰκεῖν
1976 2498 1979 2501 λ

354 2543 564 2609 τούτοις
591 2547 714 2599 καθ’
746 2548 978 2611 ἑαυτῶν,
1012 2550 1107 2602 καὶ
1136 2550 1266 2603 ἄνευ
1290 2552 1595 2623 κατηγόρου
1620 2552 1924 2623 διαπρυσίῳ

353 2638 696 2705 κεκραγότας
724 2641 876 2709 φωνῇ
905 2638 979 2702 ὡς
1012 2639 1082 2693 αὖ
1123 2640 1284 2694 πάλιν
1314 2642 1363 2693 οἱ
1386 2644 1781 2712 κεχωρισμένοι
1815 2644 1924 2695 τῶν

351 2725 740 2797 ἐπαινούντων,
774 2728 851 2798 τῷ
876 2728 1023 2800 ἔργῳ
1046 2730 1231 2799 σαφῶς
1258 2732 1597 2802 μαρτυροῦσι
1626 2733 1721 2784 καί
1746 2734 1921 2796 αὐτοὶ,

349 2814 437 2867 ὃτι
467 2816 565 2884 τὴν
591 2818 742 2888 παρὰ
766 2820 879 2882 τοῖς
907 2820 1122 2883 πολλοῖς
1153 2821 1574 2892 θαυμαζομένην
1604 2822 1761 2885 δόξαν
1790 2824 1927 2876 ὲπάο

354 2922 525 2974 τησαν
565 2910 625 2961 οὐ
654 2910 875 2979 νηστεία
905 2911 1116 2976 τούτοις
1149 2912 1461 2979 διαπίπτει,
1508 2915 1607 2967 οὐκ
1649 2915 1926 2985 ἀγρυπνία

350 2995 683 3059 ἀπόλλυται,
705 3000 766 3050 ού
804 3001 1082 3073 προσευχὴ
1104 3005 1350 3070 ναυαγεῖ,
1379 3004 1441 3055 οὐ
1475 3003 1702 3056 συλᾶται
1725 3021 1923 3075 καρτε-

2028 1913 2288 1980 Quamvis
2340 1914 2441 1967 hoc
2481 1922 2631 1969 certe
2674 1914 2808 1968 nihil
2841 1930 3093 1985 magnum
3133 1916 3243 1980 sit,
3288 1915 3516 1968 nimium
3544 1916 3617 1969 ob

2027 2020 2085 2059 ea
2111 2047 2126 2072 ,
2156 2022 2278 2076 qua:
2300 2006 2389 2059 alii
2422 2006 2562 2060 male
2588 2015 2920 2074 operantur,
2962 2005 3168 2059 turbari
3197 2046 3212 2070 ,
3244 2021 3367 2060 cum
3396 2006 3618 2060 deberet

2028 2112 2182 2151 mens
2210 2107 2399 2165 pacate
2424 2112 2581 2166 agere
2612 2116 2625 2150 :
2657 2097 2736 2151 sic
2766 2096 3173 2167 illidelinquunt
3195 2097 3335 2150 inter
3362 2097 3611 2150 multitu-

2027 2189 2231 2251 dinem,
2263 2204 2385 2242 cum
2414 2188 2463 2258 (e
2483 2188 2719 2257 diverso)
2751 2204 2858 2242 non
2885 2188 3223 2258 delinquant,
3252 2188 3344 2258 qui
3374 2189 3608 2258 separati

2028 2286 2157 2332 sunt
2190 2293 2218 2330 a
2241 2279 2606 2344 multitudine,
2652 2294 2715 2333 ac
2736 2280 2898 2333 etiam
2925 2279 3017 2347 qui
3048 2279 3183 2333 inter
3205 2279 3389 2333 turbas
3415 2280 3617 2350 degunt

2028 2371 2334 2425 mercedum
2380 2372 2450 2424 ob
2476 2359 2695 2424 labores
2735 2371 3063 2424 detrimento
3091 2410 3105 2435 ,
3148 2378 3369 2440 preptcr
3409 2370 3607 2426 huma-

2028 2479 2151 2517 nam
2176 2464 2401 2534 gloriam
2439 2463 2746 2518 aﬂiciuntur
2776 2480 2790 2515 :
2821 2464 2922 2542 etsi
2942 2463 3085 2517 enim
3125 2463 3317 2518 millies
3344 2462 3478 2519 istos
3500 2480 3611 2534 prae

2028 2555 2146 2619 his,
2182 2555 2276 2624 qui
2303 2556 2469 2610 vitam
2504 2555 2741 2625 quietam
2791 2563 2979 2625 agunt,
3039 2554 3397 2619 admirantes,
3430 2555 3611 2609 dicant

2027 2646 2169 2701 hanc
2202 2647 2457 2701 nimirum
2476 2648 2889 2708 admirationem
2911 2647 3044 2717 ipSIs
3062 2646 3276 2711 deberi,
3296 2662 3358 2701 ex
3382 2661 3445 2701 eo
3464 2648 3609 2717 quod

2027 2753 2151 2794 cum
2182 2740 2337 2794 turba
2379 2747 2793 2805 conversentur,
2840 2739 2975 2793 fiunt
3002 2747 3184 2793 tamen
3226 2738 3462 2793 dilucide
3494 2755 3609 2793 ma-

2028 2830 2229 2895 nifesti,
2245 2832 2387 2902 quod
2405 2833 2592 2886 eodem
2613 2833 2923 2887 detinentur
2940 2832 3182 2897 vinculo,
3203 2832 3371 2886 hocce
3396 2847 3608 2901 nempe,

2026 2920 2170 2989 quod
2192 2920 2451 2991 elegerint
2470 2920 2602 2975 locis
2628 2922 2933 2975 inhabitare
2950 2921 3207 2975 damnum
3229 2918 3608 2986 inferentibus,

2026 3027 2146 3082 quae
2173 3012 2322 3067 hisee
2343 3022 2532 3067 contra
2565 3012 2742 3082 seipsa
2777 3013 2922 3066 clara
2968 3026 3118 3075 voce,
3143 3021 3197 3065 et
3220 3011 3423 3081 absque
3447 3026 3611 3066 accu-

356 3084 449 3154 ρία
473 3124 489 3149 ,
519 3086 679 3157 ούχή
716 3088 848 3159 ἄλλη
901 3091 1049 3143 πᾶσα
1100 3092 1420 3165 ληστεύεται
1453 3094 1657 3164 ἀρετήο
1710 3092 1770 3147 οὐ
1818 3098 1925 3167 γὰρ

2032 3112 2208 3159 satore
2232 3104 2545 3167 inclamant,
2580 3105 2743 3171 sicut,
2774 3119 2839 3160 ex
2876 3105 2981 3158 alia
3017 3113 3187 3173 parte,
3222 3105 3312 3173 qui
3346 3104 3534 3173 procul
3576 3119 3608 3158 α

357 3177 621 3247 πάρεστιν
649 3180 894 3251 εὐφημία
935 3182 1314 3253 λωποδυτῆσαι
1357 3185 1629 3258 δυναμένη
1673 3191 1799 3253 τοὺς
1825 3192 1925 3242 πό-

2032 3195 2437 3252 dilaudantibus
2458 3199 2693 3268 separati
2716 3208 2863 3261 sunt,
2891 3212 3053 3267 opere
3077 3198 3379 3251 luculenter
3405 3204 3608 3251 testan-

356 3287 499 3334 νους.
535 3270 666 3333 Θεὸς
705 3272 807 3343 ὁρᾷ
841 3272 1000 3342 μόνος
1025 3312 1040 3337 ,
1088 3276 1116 3327 ὁ
1163 3275 1373 3337 τούτοις
1420 3276 1645 3347 παρὼν,
1689 3280 1784 3332 καὶ
1826 3280 1925 3351 τὴν

2032 3298 2138 3355 tur,
2165 3293 2306 3361 quod
2338 3293 2590 3362 gloriam,
2612 3308 2733 3363 quae
2754 3294 2941 3347 multis
2970 3292 3318 3347 admirationi
3343 3301 3446 3358 est,
3473 3306 3606 3347 con-

356 3360 663 3431 προθυμίαν
692 3362 932 3430 ἀλείφων
962 3363 1101 3435 πρὸς
1147 3364 1401 3434 μείζονας
1431 3366 1626 3431 ἄθλους
1648 3409 1662 3433 ,
1693 3370 1790 3424 καὶ
1835 3388 1926 3441 μι-

2032 3383 2317 3439 culrarunt
2344 3404 2357 3439 :
2407 3401 2514 3440 non
2546 3386 2680 3456 ipsis
2713 3385 2913 3440 excidit
2938 3385 3205 3455 jejunium
3232 3424 3246 3447 ,
3278 3385 3456 3456 vigilia
3502 3401 3607 3440 non

357 3451 537 3515 σθοὺς,
579 3453 675 3504 καὶ
704 3452 798 3505 νῦν
840 3455 1095 3524 παρέχων
1140 3455 1239 3526 τὴν
1288 3458 1632 3527 συνεργείαν,
1667 3463 1760 3513 καὶ
1792 3463 1929 3532 μετά

2032 3472 2273 3541 deperit,
2319 3475 2496 3527 oratio
2527 3451 2635 3528 non
2671 3474 2799 3529 facit
2824 3451 3098 3544 jacturam
3126 3517 3141 3540 ,
3190 3488 3298 3529 non
3336 3451 3608 3544 spoliatur

353 3545 458 3614 τὴν
502 3544 802 3598 ἀποϐἰωσιν
853 3545 1000 3616 ζωὴν
1045 3546 1141 3617 τὴν
1171 3547 1390 3601 αἰώνιον
1436 3549 1524 3601 διὰ
1567 3549 1662 3603 τοῦ
1714 3553 1923 3623 Κυρίου

2032 3560 2428 3626 perseverantia
2454 3602 2468 3626 ,
2516 3576 2615 3614 nec
2646 3562 2751 3615 ulla
2799 3561 2903 3615 alia
2947 3561 3121 3615 virtus
3159 3560 3301 3614 furto
3335 3562 3608 3615 subtrahi-

353 3636 514 3704 ἡμῶν
557 3636 733 3705 Ἰησοῦ
766 3636 1024 3705 Χριστοῦ,
1055 3630 1099 3704 ᾧ
1128 3638 1162 3707 ἡ
1192 3638 1318 3703 δόξα
1364 3641 1458 3693 καί
1500 3641 1561 3693 τὸ
1604 3643 1806 3712 κράτος
1849 3645 1928 3708 εἰς

2032 3657 2145 3715 tur;
2183 3667 2288 3703 non
2336 3653 2482 3705 enim
2528 3654 2682 3708 adest
2728 3653 3021 3723 applausus
3068 3652 3606 3717 concelebrautiutn,

276 3732 279 3733 '
354 3723 482 3785 τοὺς
513 3723 715 3787 αἰῶνας
744 3724 853 3776 τῶν
880 3723 1113 3779 αἰώνων.
1160 3726 1357 3796 Ἀμήν.

2032 3739 2116 3806 qui
2159 3742 2333 3795 valeat
2367 3743 2609 3812 expilare
2640 3744 2888 3809 labores;
2941 3742 3080 3798 Deus
3128 3744 3275 3797 solus
3302 3743 3444 3797 vide!
3470 3783 3485 3807 ι
3517 3744 3607 3812 qui

356 3816 564 3871 assistit
594 3818 748 3885 ipsis,
776 3826 937 3888 atque
961 3819 1027 3874 ad
1050 3821 1257 3889 majora
1282 3823 1605 3891 certamina,
1631 3834 1684 3880 et
1709 3827 1929 3895 praemia
1963 3828 2174 3898 incitat,
2216 3835 2470 3905 acuitque
2518 3838 2685 3891 animi
2724 3838 3055 3893 alacritatem
3077 3881 3090 3904 ,
3128 3846 3238 3891 tum
3274 3837 3611 3907 eooperatio—

357 3924 481 3962 netu
516 3908 678 3962 modo
704 3948 718 3972 ,
759 3918 873 3963 tum
927 3919 1046 3980 post
1078 3911 1362 3968 decessum
1394 3915 1559 3968 vitam
1596 3916 1841 3985 praebens
1870 3928 2132 3975 aeternam
2155 3964 2169 3990 ,
2202 3940 2298 3994 per
2352 3925 2639 3982 Dominum
2685 3938 2933 3984 nostrum
2966 3929 3149 3984 Jesum
3172 3926 3476 3992 Christum,
3518 3925 3604 3981 cui

357 4000 530 4073 gloria
563 4009 617 4055 et
639 4001 936 4056 dominatio
963 4003 1014 4056 in
1046 4004 1243 4059 saecula
1273 4006 1615 4062 sreculorum.
1650 4009 1844 4065 Amen.

429 4114 474 4145 ³⁷
506 4113 707 4169 Hahae.
750 4130 791 4177 ι,
824 4115 909 4174 15.
945 4115 1028 4170 14.

360 4266 2905 4293 m

362 4277 470 4280 f,
740 4277 745 4278 ,
861 4277 872 4279 -
1039 4277 2921 4293 ὴέκῂἫ-η
3003 4283 3119 4307 H=
3179 4277 3603 4307 =______________.

1504 4434 1807 4553 ΤΟΥ
1907 4438 2397 4558 ΑΥΤΟΥ

1867 4650 2084 4705 ΛΟΓΟΣ

1174 4814 1463 4901 ΠΡΟΣ
1518 4813 2085 4901 ΕΥΛΟΓΙΟΝ
2172 4817 2771 4915 ΜΟΝΑΧΟΝ.

1240 5226 1246 5233 ο
1662 5063 2297 5182 EJUSDE-M

795 5299 1471 5392 TRACTATUS
1515 5303 1659 5390 AD
1721 5300 2353 5391 EULOGIUM
2441 5302 3120 5395 MONACHUM

918 5490 1168 5545 ΚΕΦΔΛ.
1209 5492 1287 5543 A'.
2521 5493 2687 5566 408
2721 5495 2950 5552 CAPUT
3002 5498 3043 5551 1.

426 5596 488 5649 Ol
523 5596 613 5651 τὸν
644 5598 895 5669 οὐράνιον
939 5600 1115 5671 χῶρον
1159 5603 1448 5671 νεμόμενοι
1482 5607 1594 5669 τοῖς
1631 5608 1836 5674 πόνοις,
1865 5608 1925 5661 οὗ

2104 5605 2205 5671 Qui
2238 5606 2443 5663 caelesti
2488 5609 2832 5663 iliversantur
2868 5612 2919 5665 in
2962 5612 3111 5677 loco,
3148 5611 3460 5678 laboribus,
3494 5628 3602 5668 non

355 5689 424 5755 τῇ
474 5687 708 5757 γαστρὶ,
736 5688 855 5741 οὐδὲ
900 5693 966 5759 τῇ
1010 5692 1249 5763 μερίμνῃ
1298 5693 1399 5747 τῶι.
1449 5694 1707 5765 φθαρτῶν
1753 5698 1927 5751 ἀτενίο

2037 5701 2210 5755 vcntli
2243 5740 2256 5765 ,
2306 5716 2478 5771 neque
2519 5702 2871 5759 Sulliciludilli
2944 5721 3123 5759 rerum
3170 5708 3601 5776 eurruptihiLmn
