3956 6206
403 205 544 273 ιοοδ

1893 199 1952 258 S.
1997 197 2158 258 NIIJ

3538 199 3678 266 1096.

399 316 558 386 euasi
605 311 793 370 deﬁxis
839 307 1012 364 oculis
1057 307 1374 372 intendunt,
1414 305 1557 359 velut
1593 305 1668 370 ii,
1702 305 1795 373 qui
1843 304 1978 358 lucri

2086 306 2256 369 ξονστ
2275 304 2525 375 καθάπερ
2543 307 2592 356 οἱ
2611 304 2834 374 κέρδους
2855 305 3016 358 ἕνεκα
3037 306 3131 367 τὰς
3156 308 3322 376 εὐχὰς
3351 311 3680 380 ποιούμενοι

399 410 573 477 gratia
603 405 876 457 orationes
908 400 1139 454 fundunt
1164 438 1178 462 ,
1222 397 1549 451 arbitrantes
1579 396 1834 464 pietatem
1865 408 1988 448 esse

407 503 763 568 proventum;
833 491 928 546 sed
992 487 1347 544 intellectuali
1422 488 1630 540 visione
1698 485 1986 555 participes

405 593 524 639 sunt
559 599 739 638 rerum
786 581 1125 644 sublimium,
1157 594 1292 648 quas
1327 577 1497 647 pietas
1528 576 1730 637 nutrit,
1765 585 1823 629 ut
1850 575 1987 627 inte-

407 677 596 731 merati
643 675 1048 732 convivantium
1101 681 1275 728 coetus
1319 669 1528 739 fulgore
1570 669 1809 736 undique
1864 668 1988 720 illu-

405 771 581 823 strati.
621 769 810 838 Itaque
852 777 906 822 tu
952 768 1065 836 ipse
1107 780 1326 834 quoque
1377 763 1448 834 (0
1489 761 1662 816 sacris
1696 759 1988 814 virtutibus

407 859 622 912 initiate
673 855 899 928 Eulogi)
951 872 982 911 e
1027 839 1232 926 fulgore
1273 867 1654 924 supremarum
1707 865 1888 904 rerum
1935 850 1986 902 in

407 964 561 1002 sacra
606 949 876 1002 enutritus
911 947 1145 1001 essentia
1173 987 1186 1010 ,
1228 943 1616 1016 cegitationum
1649 940 1988 995 collectioni-

409 1044 508 1094 bus
542 1050 802 1093 tnnnuam
833 1039 1016 1092 carnis
1041 1037 1234 1091 exnisti
1265 1036 1558 1096 sarcinam,
1597 1033 1766 1102 probe
1811 1032 1990 1087 sciens

406 1135 547 1200 quod
591 1133 780 1187 sordes
820 1130 1001 1184 carnis
1030 1129 1340 1182 alimentum
1373 1138 1501 1182 sunt
1547 1125 1935 1196 cogitationum
1965 1141 1978 1177 :

402 1225 426 1288 '(
455 1234 508 1277 tu
551 1222 840 1293 inquam).
867 1239 929 1277 ac
978 1223 1022 1278 si
1071 1223 1321 1276 laborum
1367 1220 1588 1274 stimulo
1615 1217 1991 1272 fraudulentas

405 1311 893 1365 eireumventiones
947 1309 1502 1378 comprehendisses,
1555 1323 1641 1361 me
1690 1306 1878 1376 deligis
1923 1305 1988 1358 ad

403 1403 810 1458 inserviendum
860 1403 978 1456 vice
1045 1404 1159 1457 oris
1221 1410 1410 1455 contra
1488 1400 1602 1470 ipsa
1649 1413 1812 1468 opera
1859 1406 1986 1464 tua;

407 1503 460 1545 et
510 1491 612 1546 nisi
671 1493 1021 1546 temerarium
1087 1493 1270 1556 foret,
1333 1492 1617 1545 eharitatis
1675 1489 1988 1544 mandatum

406 1585 784 1654 disrumpere,
832 1600 1141 1640 recusarem
1189 1586 1376 1654 utique
1416 1585 1576 1638 talem
1629 1581 1988 1652 navigationis

409 1677 564 1746 quasi
613 1694 706 1745 per
735 1688 958 1746 pontum
986 1678 1280 1731 decursum
1309 1695 1324 1742 ;
1355 1693 1479 1730 cum
1511 1691 1639 1730 vero
1689 1675 1860 1744 magis
1893 1674 1986 1727 de—

405 1781 525 1823 ceat
582 1770 804 1824 obedire
846 1770 1196 1824 unanimibus
1221 1809 1236 1833 ,
1285 1785 1385 1822 nec
1419 1779 1692 1838 opponere
1721 1780 1816 1820 se:
1855 1766 1985 1819 mihi

405 1861 481 1916 sis
519 1863 784 1916 assistens
838 1863 890 1915 in
948 1863 1030 1916 his
1058 1904 1072 1926 ,
1115 1878 1234 1932 quae
1271 1861 1337 1916 ad
1384 1861 1552 1915 Deum
1585 1860 1890 1927 pertinent,
1929 1866 1987 1910 ut

2089 396 2401 465 νομίζοντες
2434 394 2701 464 πορισμόν
2731 393 2874 447 εἶναι
2897 394 3314 465 τὴνεὺσέὁειαν,
3340 400 3477 454 ἀλλά
3508 409 3676 474 vespa}

2089 488 2277 556 όράσει
2309 487 2407 556 τῆς
2429 485 2694 557 τροφίμου
2725 486 2832 538 τῶν
2861 486 3079 555 ὑψηλῶν
3108 490 3278 559 αὐτῆς
3316 491 3680 564 μεταλαμεάο

2089 597 2272 633 νουσιν
2309 581 2574 649 ἀκήρατοι
2606 580 2782 632 θίασοι
2829 582 2894 632 ἐκ
2937 580 3038 649 τῆς
3075 579 3236 648 δόξης
3265 581 3327 635 τὺ
3365 585 3484 651 φῶς
3516 604 3680 655 περι-

2090 673 2450 742 λαμπόμενοι.
2490 673 2601 724 Καὶ
2634 672 2797 735 αὐτὸς
2850 665 2916 740 (ὦ
2961 672 3142 741 μύστα
3178 673 3282 724 τῶν
3309 675 3528 743 ἀρετῶν
3569 678 3682 729 Εὖ-

2089 767 2260 835 λόγιε)
2300 769 2366 837 τῇ
2397 765 2504 818 τῶν
2548 767 2869 835 ὐπερτόιτων
2899 765 3202 835 λαμπηδόνι
3235 765 3332 837 τὴν
3381 769 3540 838 ἱερὰν
3582 771 3682 821 οὐο-

2091 855 2214 907 σίαν
2257 852 2655 925 ἐκτῳφόμενος
2696 856 2816 916 ταῖς
2859 857 3205 922 συναγωγαῖς
3241 857 3349 908 τῶν
3391 857 3682 929 λογισμῶν

2091 945 2181 998 τὸν
2209 945 2373 1013 δγκον
2397 945 2494 1014 τῆς
2524 943 2724 1014 σαρκὸς
2751 945 3032 1015 ὲπαποδύῃ
3062 987 3074 1007 ,
3108 945 3260 1010 εἰδὼς
3293 947 3374 1000 ὅτι
3401 949 3502 1020 ὕλη
3545 967 3682 1019 σαρο

2091 1035 2208 1098 κδς,
2259 1035 2432 1104 τροφὴ
2469 1035 2746 1104 λογισμῶν
2785 1033 3370 1110 καθίσταται,“ὦσπερ
3399 1043 3497 1104 τὰς
3543 1044 3650 1111 μεθ

2090 1125 2267 1189 οδείας
2291 1124 2370 1195 τῷ
2400 1125 2609 1196 κέντρῳ
2633 1125 2744 1177 τῶν
2777 1126 2958 1179 πόνων
2993 1127 3356 1198 κατειληφὼς,
3393 1131 3495 1198 ἐμὲ
3540 1149 3680 1198 προ-

2091 1217 2305 1288 χειρίζῃ
2336 1217 2509 1287 στόμα
2545 1217 2651 1269 σῶν
2688 1218 2864 1286 ἔργων
2901 1220 3022 1272 κατ’
3045 1219 3224 1273 αὐτῶν
3253 1220 3534 1287 γενέσθαι,
3580 1235 3680 1275 και

2092 1311 2140 1361 εἰ
2173 1309 2245 1379 μὴ
2274 1302 2545 1378 τολμηρὸν
2593 1309 2816 1378 ἀγάπης
2859 1310 3139 1378 ἐπίταγμα
3168 1310 3456 1380 διαρρῆξαι
3483 1352 3496 1370 ,
3533 1329 3678 1380 παρ⁴

2093 1399 2384 1471 ῃτησάμην
2403 1400 2484 1452 ’ἂν
2513 1399 2612 1470 τὴν
2636 1400 2890 1469 τοιαύτην
2921 1401 3016 1454 τοῦ
3059 1402 3222 1466 πλοὸς
3268 1405 3638 1474 ποντοπορεαν
3660 1421 3672 1432 ο

2095 1490 2363 1560 ἐπειδὴδὲ
2397 1490 2681 1544 πείθεσθαι
2712 1492 2793 1544 δεῖ
2823 1493 3025 1561 μᾶλλον
3063 1497 3180 1556 τοῖς
3208 1496 3541 1564 ὁμοψύχοις,
3574 1497 3675 1548 οὐκ

2095 1581 2552 1635 ἀντιτάσσεσθαι’
2589 1582 2680 1634 ἔσο
2722 1600 2814 1652 μοι
2860 1585 2923 1636 σὺ
2957 1585 3023 1636 τὰ
3067 1585 3202 1654 πρὸς
3253 1585 3342 1638 τὸν
3383 1587 3542 1654 Θεὸν,
3589 1589 3673 1639 ἵνα

2101 1690 2191 1742 μοι
2222 1673 2347 1743 δοθῇ
2394 1673 2552 1742 λόγος
2579 1675 2636 1726 ὲν
2666 1674 2866 1740 ἀνοίξει
2909 1674 3002 1728 τοῦ
3037 1675 3303 1745 στόματός
3337 1693 3464 1744 μου,
3513 1675 3674 1743 κάγὼ

2095 1783 2179 1818 σοι
2215 1765 2411 1836 ἔσομαι
2433 1765 2500 1818 τὰ
2521 1765 2623 1834 τῆς
2649 1766 2919 1835 ὑπακοῆς,
2949 1766 3037 1818 ἵνα
3063 1765 3187 1836 δοθῇ
3222 1783 3302 1819 σοι
3334 1766 3427 1819 τοῦ
3463 1769 3672 1838 σπόρου

2093 1859 2217 1920 τοὺς
2243 1858 2489 1928 καρποὺς
2523 1857 2860 1927 ἀμήσασθαι.

407 1954 538 2008 mihi
577 1955 906 2008 concedatur
943 1969 1123 2008 sermo
1173 1956 1225 2007 in
1275 1954 1574 2023 aper-itione
1623 1952 1736 2007 oris
1765 1951 1902 2015 mei,
1935 1957 1988 2004 et
2027 1964 2126 2020 ego
2153 1951 2247 2002 tibi
2283 1950 2346 2003 ad
2383 1964 2468 2015 ea,
2529 1964 2650 2018 quae
2705 1949 3011 2004 obedientia
3035 1949 3226 2019 exigit,
3249 1959 3529 2018 promptus
3553 1965 3674 2010 ero,

407 2054 464 2098 ut
493 2046 649 2098 detur
683 2043 777 2096 tibi
811 2043 1059 2096 insitivos
1086 2051 1285 2097 metere
1313 2042 1540 2096 fructus.

941 2156 1105 2228 409
1131 2155 1357 2210 CAPUT
1391 2159 1456 2212 ll.

473 2268 716 2323 Primum
749 2267 1040 2321 illustrium
1072 2270 1435 2323 certaminum
1487 2279 1571 2324 est
1595 2273 1983 2340 peregrinatio,

425 2369 482 2414 "et
507 2359 744 2413 maxime
765 2358 985 2428 quando
1008 2359 1072 2412 ad
1097 2375 1215 2413 eam
1257 2375 1478 2430 peregre
1499 2362 1651 2414 solus
1672 2379 1702 2416 e
1723 2373 1810 2416 tua
1836 2371 1993 2433 gente

416 2447 638 2512 abieris,
691 2448 942 2516 patrima,
983 2462 1188 2516 genus,
1241 2461 1392 2515 opes,
1438 2447 1688 2503 athletice
1730 2449 1990 2521 fit-meque

405 2556 632 2604 exuens,
664 2550 863 2594 etante
907 2540 1160 2608 praeclara
1212 2551 1261 2594 te
1321 2540 1538 2613 sistens
1565 2545 1899 2597 certamina:
1937 2545 1982 2598 si

407 2634 487 2687 sic
517 2632 781 2701 inceperis
808 2632 1108 2685 secundum
1139 2629 1307 2684 Deum
1338 2632 1391 2685 in
1422 2632 1688 2702 principio
1715 2635 1857 2700 vitat,
1900 2645 1984 2689 to-

408 2719 586 2774 lerans
640 2719 814 2788 ignea,
854 2733 948 2773 seu
994 2719 1232 2773 fervente
1265 2719 1397 2784 fide,
1434 2735 1496 2773 ac
1543 2719 1726 2775 divino
1759 2723 1982 2792 Spiritu,

407 2822 462 2866 et
483 2814 754 2882 patientia:
803 2813 912 2868 ﬁne
966 2814 1136 2882 ipsam
1196 2813 1425 2882 (scilicet
1472 2816 1983 2884 peregrinationem)

405 2905 608 2960 salvam
645 2921 951 2969 reservans,
981 2907 1161 2959 anima
1205 2907 1396 2975 pennis
1433 2906 1537 2960 erit
1573 2907 1788 2962 virtutis
1815 2909 1984 2962 deau-

404 3009 543 3064 rata,
573 3014 602 3052 a
659 2999 891 3068 propriis
937 2999 1069 3053 locis
1122 2998 1388 3069 elongans
1429 3013 1569 3065 sese,
1607 3009 1662 3053 et
1695 3001 1759 3054 ad
1805 3003 1980 3070 ipsum

411 3091 628 3156 cadum,
685 3100 744 3144 ut
793 3093 1035 3160 pervolet
1077 3100 1364 3160 properato
1407 3092 1574 3160 gradu
1622 3091 1888 3148 festinans
1915 3095 1978 3150 ³⁸.

408 3185 604 3240 Verum
631 3186 1004 3255 hujuscemodi
1047 3171 1298 3240 instituti.
1312 3201 1520 3256 pennas
1544 3196 1735 3240 auctor
1768 3188 1984 3242 malitia:
2013 3161 2059 3220 ε

411 3279 768 3348 praescindere
795 3279 1036 3343 molitur,
1068 3287 1324 3347 tanquam
1351 3279 1403 3332 in
1435 3279 1655 3348 speculo
1683 3293 1980 3347 repraesen-

410 3382 530 3428 tans
586 3383 742 3428 terrae
793 3388 996 3443 genus,
1056 3387 1085 3427 e
1137 3386 1243 3442 qua
1309 3371 1476 3426 fuerit
1528 3375 1658 3442 quis
1703 3387 1978 3440 egressus,

409 3467 640 3519 maxime
671 3465 724 3518 in
758 3463 1198 3536 aggressionibus
1235 3462 1394 3518 malis
1421 3463 1825 3527 invalctudinis,
1863 3478 1983 3530 quae

409 3559 858 3625 superaecidunt;
905 3566 957 3611 et
1007 3557 1184 3626 quoad
1220 3557 1670 3627 permanendum,
1721 3557 1979 3626 paulatim

409 3652 686 3721 retroagit,
722 3668 814 3706 seu
845 3651 1124 3706 dissuadet
1148 3651 1199 3704 in
1236 3650 1639 3705 ferventissima
1670 3650 1982 3719 peregrina-

410 3743 573 3808 tione,
626 3744 798 3799 donec
854 3752 1162 3812 pernoscat,
1211 3743 1356 3814 quod
1419 3743 1601 3796 anima
1659 3749 1884 3796 nauseat
1925 3740 1978 3794 in

407 3833 683 3899 mrumnis,
736 3844 973 3902 tuncque
1025 3843 1235 3888 noctem
1291 3833 1680 3901 cogitationum
1740 3831 1977 3888 inferens

409 3934 706 3979 nocturnus
737 3938 934 3978 corvus
969 3925 1295 3978 obtenebrat
1325 3925 1564 3977 animam
1623 3923 1832 3977 radium
1868 3940 1980 3978 me-

408 4015 603 4066 liorum
652 4028 832 4068 rerum
863 4013 1170 4079 olluseans;
1204 4013 1248 4067 si
1287 4028 1416 4066 vero
1455 4022 1508 4066 et
1545 4015 1773 4066 seeisim
1809 4013 1860 4066 in
1901 4015 1980 4065 lu—

409 4119 490 4160 cta
531 4107 724 4161 deserti
769 4107 1113 4176 oppugnat-it,
1141 4116 1193 4160 et
1231 4106 1521 4176 contigerit
1556 4121 1752 4176 corpus
1787 4106 1855 4159 ab
1892 4106 1976 4158 in-

409 4199 661 4251 lirmitatc
687 4199 983 4263 vulnerari,
1013 4214 1078 4253 eo
1105 4201 1278 4269 magis
1302 4199 1604 4269 graviorem
1635 4201 1977 4254 demonstrat

406 4289 599 4342 animae
627 4291 1136 4359 peregrinationem,
1164 4307 1480 4362 suggerens,
1521 4291 1664 4359 quod
1699 4291 1766 4342 ad
1805 4290 1974 4342 virtu-

409 4391 516 4436 tem
549 4381 840 4452 speCtantia
881 4396 988 4435 non
1033 4383 1085 4435 in
1125 4382 1266 4448 loco,
1304 4384 1395 4436 sed
1421 4398 1485 4435 ex
1517 4382 1678 4434 modo
1713 4395 1973 4450 prospere

2698 2156 2947 2209 ΚΕΦΑΛ.
2994 2157 3068 2210 Β¹.

2163 2274 2358 2344 Πρώτη
2389 2275 2495 2326 τῶν
2531 2273 2800 2343 λαμπρῶν
2831 2271 3230 2340 ἀγωνισμάτων
3263 2272 3380 2324 ἐστὶ
3413 2271 3672 2335 ξενιτεία,

2091 2369 2331 2438 μάλιστα
2380 2369 2507 2420 ὅταν
2555 2366 2689 2436 πρὸς
2736 2364 2959 2434 ταύτην,
3010 2364 3106 2418 καὶ
3146 2364 3307 2434 μόνος
3349 2363 3674 2434 ὲκδημοίης,

2089 2462 2346 2532 πατρίδα,
2375 2461 2552 2528 γένος,
2586 2457 2818 2528 ὓπαρξιν
2846 2457 3152 2527 ἀθλητικῶς
3183 2456 3551 2526 ἀποδυόμενος
3575 2456 3670 2525 ἐμ.

2092 2553 2328 2624 προσθεν
2361 2552 2468 2603 τῶν
2496 2549 2766 2620 λαμπρῶν
2797 2548 3044 2618 ἑστηκὼς
3074 2546 3302 2615 ἀγώνων
3328 2564 3342 2578 ·
3400 2547 3466 2601 ἂν
3495 2546 3676 2612 οὕτως

2091 2646 2230 2717 ἄρξῃ
2283 2644 2427 2698 κατὰ
2506 2641 2637 2696 Θεὸν
2687 2643 2767 2705 είς
2823 2641 3001 2712 ἀρχῆς
3050 2640 3167 2694 ὁδὸν
3215 2639 3444 2710 βαδίζων
3485 2639 3674 2692 πίστει

2087 2735 2356 2806 διαπύρῳ,
2385 2735 2479 2788 καὶ
2509 2731 2788 2802 Πνεύματι
2815 2731 3000 2799 θεῖκῴ,
3032 2731 3125 2782 καὶ
3152 2727 3228 2797 τῷ
3251 2729 3393 2780 τέλει
3423 2728 3518 2798 τῆς
3543 2728 3670 2780 ὑπο-

2093 2829 2259 2898 μονῆς
2307 2826 2450 2878 σώαν
2503 2823 2708 2896 ταύτην
2755 2822 3091 2886 ἀποσώζων,
3149 2819 3406 2890 πτέρυξιν
3466 2817 3676 2889 ἀρετῆς

2089 2919 2242 2971 ἔσται
2294 2914 2818 2988 περικεχρυσωμένη
2869 2913 3014 2984 ψυχὴ
3064 2912 3172 2964 τῶν
3223 2911 3438 2964 οἰκείων
3489 2910 3675 2963 τόπων

2089 3011 2468 3078 ἀφισταμένη,
2526 3008 2622 3061 καὶ
2666 3007 2804 3078 πρὸς
2846 3003 3006 3059 αὐτόν
3054 3004 3254 3075 πτῆναι
3299 3004 3392 3056 τὸν
3439 3001 3674 3070 οὐρανὸν

2091 3101 2441 3170 ἐπειγομένη.
2483 3098 2642 3152 Ἀλλὰ
2671 3097 2831 3168 τῆσδε
2867 3095 2936 3148 τὰ
2969 3095 3146 3164 πτερὰ
3187 3093 3286 3163 τῆς
3325 3092 3602 3154 πολιτείας
3649 3095 3676 3143 ἑ

2087 3193 2187 3262 τῆς
2215 3193 2410 3255 κακίας
2439 3191 2702 3262 γεννητὴς
2732 3190 3044 3260 μηχανᾶται
3075 3186 3391 3258 περικόψαι,
3424 3185 3554 3253 γῆς,
3577 3183 3674 3251 ἀφ’

2085 3280 2154 3356 ἦς
2183 3281 2475 3354 ἐξελήλυθε
2505 3283 2564 3336 τὸ
2596 3282 2754 3350 γένος
2791 3281 3150 3352 ἑσοπτρίζων.
3180 3281 3238 3332 ἐν
3270 3281 3389 3342 ταῖς
3422 3277 3546 3331 κατ’
3579 3279 3676 3348 ἀρο

2089 3377 2326 3448 ρωπίαν
2377 3376 2612 3446 μάλιστα
2643 3372 3169 3442 ἐπισυμϐαινούσαις
3209 3370 3483 3432 εἰσϐολαῖς
3508 3387 3522 3398 ο
3579 3373 3675 3422 καὶ

2087 3471 2146 3522 ὲν
2179 3471 2278 3542 μὲν
2303 3472 2368 3540 τῇ
2399 3468 2627 3538 ὲνδημίξι
2653 3467 2750 3535 τῆς
2779 3465 3124 3535 θερμοτάτης
3152 3463 3419 3533 ἐκδημίας
3455 3464 3669 3514 ὑπανα-

2085 3561 2320 3631 χαιτίζει
2353 3559 2490 3630 προς
2537 3559 2716 3626 ὀλίγον
2760 3557 2865 3620 ἓως
2895 3557 2994 3626 τὴν
3024 3555 3204 3625 ψυχὴν
3252 3555 3382 3623 περὶ
3415 3553 3511 3615 τὰς
3561 3554 3668 3606 0).!-

2083 3653 2205 3720 ψεις
2240 3650 2550 3718 καταμάθοι
2594 3647 2900 3703 ναυτιὼσαν
2930 3648 3023 3699 καὶ
3055 3647 3176 3698 τότε
3207 3645 3306 3714 τὴν
3340 3645 3449 3697 τῶν
3514 3646 3671 3711 λογι-

2086 3739 2238 3808 σμῶν
2261 3738 2430 3792 νύκτα
2455 3737 2845 3808 ἐπιφερόμενος
2877 3739 2904 3790 ὁ
2931 3735 3260 3806 νυκτικόραξ
3288 3736 3572 3787 ἐπισκοτεῖ
3601 3739 3668 3803 τῇ

2082 3835 2227 3905 ψυχῇ
2261 3835 2357 3904 τῆς
2386 3832 2492 3886 τῶν
2523 3833 2848 3902 κρειττόνων
2879 3831 3118 3891 ἀκτῖνος,
3152 3829 3213 3881 EE
3241 3827 3299 3880 δὲ
3330 3827 3472 3880 κατά
3494 3827 3666 3896 μόνας

2085 3929 2483 3999 παρατάττοιτο
2528 3931 2583 3981 ἐν
2630 3929 2694 3997 τῇ
2749 3926 2846 3995 τῆς
2893 3924 3129 3994 ἐρημίας
3183 3922 3513 3990 παλαίστρᾳ,
3563 3921 3661 3972 καὶ

2081 4023 2220 4094 τύχῃ
2270 4021 2330 4074 τὸ
2371 4021 2531 4090 σῶμα
2583 4018 2688 4071 ὑπὸ
2740 4016 3050 4088 ἀρρωστίαι,
3103 4013 3380 4086 τρωθῆναι
3421 4012 3664 4080 τοσούτῳ

2085 4116 2283 4186 μᾶλλον
2309 4111 2549 4183 χαλεπὴν
2597 4108 2928 4163 ἐπιδείκνυσι
2955 4110 3020 4176 τῇ
3069 4105 3212 4175 ψυχῇ
3246 4105 3342 4174 τὴν
3374 4103 3662 4168 ξενιτείαν,

2081 4210 2182 4261 οὐκ
2215 4209 2271 4259 ἐν
2316 4206 2487 4274 τόπῳ,
2527 4202 2642 4255 ἀλλ’
2673 4204 2730 4253 ἐν
2780 4201 2964 4270 τρόπῳ
3000 4198 3394 4267 κατορθοῦσθαι
3442 4197 3666 4248 τάτῶν

2037 4311 2040 4314 ‘
2081 4298 2292 4370 ἀρετῶν
2324 4294 2662 4356 ὑποόἀλλων,
2712 4293 2805 4346 καὶ
2852 4293 2932 4344 ὅτι
2961 4289 3307 4360 παράκλησιν
3338 4288 3476 4357 ἔχων
3520 4287 3665 4339 οἴκει

2080 4392 2178 4461 τὴν
2205 4389 2311 4442 ἀπὸ
2341 4389 2554 4456 γένους.
2590 4387 2766 4438 ἐκεῖσε
2796 4383 2864 4436 τὰ
2895 4384 2994 4452 τῆς
3026 4381 3340 4445 ἁποτάξεως
3368 4377 3506 4434 ἆθλα
3532 4381 3666 4432 ἀκό-

405 4483 777 4555 perﬁcinntur,
825 4493 880 4537 et
926 4481 1066 4553 quod
1125 4480 1552 4536 consolationem
1595 4481 1799 4536 habens
1829 4481 1973 4535 domi

2086 4501 2198 4546 πως
2232 4479 2342 4552 εἶχε
2371 4479 2655 4542 διασώζειν
2683 4495 2696 4510 ·
2745 4476 2872 4530 ἔνθα
2917 4477 3008 4528 καὶ
3037 4476 3136 4543 τῆς
3179 4473 3457 4535 ἀσθενείας
3494 4491 3667 4543 προσ-

404 4594 432 4630 a
463 4577 725 4646 cognatis,
750 4576 818 4628 ibi
841 4575 1084 4646 praemia,
1107 4589 1228 4643 qua:
1251 4573 1716 4627 renuntiationem
1748 4573 1974 4642 (mundo

404 4670 622 4736 laetam)
676 4677 1105 4736 consequuntur,
1139 4676 1324 4736 posset
1361 4666 1478 4719 sine
1517 4665 1706 4718 labore
1748 4679 1973 4719 conser-

404 4777 563 4826 vare;
607 4762 692 4814 ubi
725 4771 778 4814 et
806 4759 1080 4830 jucuudus
1110 4759 1286 4812 morbi
1319 4757 1610 4812 famulatus
1641 4766 1748 4822 est,
1783 4768 1834 4811 et
1867 4771 1972 4810 non

402 4851 481 4902 uti
514 4865 651 4903 mmc
707 4849 844 4902 mala
897 4846 1172 4910 tractatio,
1211 4855 1266 4900 et
1308 4847 1495 4900 dolore
1546 4847 1762 4914 plenum
1805 4845 1973 4898 animi

399 4940 726 5010 deliquium;
778 4955 842 4994 eo
893 4939 1234 5008 potissimum
1291 4937 1436 5007 quod
1487 4939 1652 4992 etiam
1688 4937 1972 5006 hospitali-

400 5029 529 5082 tatis
574 5032 810 5082 studium
867 5028 1030 5100 410
1066 5044 1094 5081 a
1152 5027 1490 5082 fraternitate
1545 5027 1786 5082 debitum
1819 5026 1972 5080 valde

403 5120 472 5174 sit
501 5135 682 5174 rarum
709 5164 722 5188 ,
773 5132 825 5176 et
856 5122 995 5175 hanc
1030 5122 1268 5174 maxime
1305 5120 1374 5174 ob
1422 5135 1534 5173 rem
1567 5138 1578 5171 :
1614 5119 1712 5171 Abi
1749 5119 1971 5191 (inqu-it)

402 5213 650 5280 gaudium
706 5212 1014 5280 cogitationi
1067 5221 1188 5281 tum,
1231 5211 1569 5282 gloriamque
1614 5211 1844 5279 teipsum
1875 5211 1972 5265 de-

402 5314 640 5373 portatis,
685 5304 882 5374 quibus
928 5314 981 5359 et
1029 5303 1231 5358 luctum
1268 5304 1669 5357 intolerandum
1706 5303 1824 5356 sine
1866 5303 1970 5356 ulla

401 5400 868 5454 commiseratione
922 5399 1280 5469 dereliquisti,
1315 5401 1441 5469 quia
1489 5399 1732 5470 plerique
1775 5398 1960 5464 etiam,

471 5600 514 5630 "
536 5598 679 5656 Psal.
712 5618 874 5664 vau.
914 5602 1000 5656 M.

2079 4574 2212 4646 ηνὴς
2243 4571 2537 4642 ὑπηρεσία,
2587 4570 2681 4622 καὶ
2714 4569 2809 4637 οὐχ
2851 4568 2924 4630 ὡς
2953 4565 3047 4619 νῦν
3079 4565 3344 4636 κακουχία
3367 4605 3381 4626 ,
3417 4565 3510 4617 καὶ
3566 4567 3664 4616 ἐπα

2075 4666 2274 4728 ὡδυνος
2299 4663 2648 4734 λειποθυμίαο
2670 4665 2726 4715 ἐν
2747 4661 2824 4731 τῷ
2851 4662 2938 4713 καὶ
2967 4661 3199 4730 μάλιστα
3220 4662 3284 4711 ἐκ
3303 4660 3397 4728 τῆς
3431 4658 3662 4726 ἀδελφόν

2073 4774 2234 4828 τητος
2261 4756 2520 4810 σπανίσαι
2553 4755 2649 4825 τὴν
2679 4753 2777 4825 τῆς
2803 4752 3109 4822 φιλοξενίας
3139 4751 3373 4821 σπουδήν
3397 4767 3409 4778 ·
3446 4749 3530 4802 διὸ
3565 4753 3662 4800 καὶ

2077 4851 2334 4921 μάλιστα,
2361 4847 2572 4908 Ἀπιθι,
2605 4847 2758 4915 φησὶ,
2785 4845 2961 4914 χαρὰν
2986 4843 3062 4913 τῷ
3093 4842 3169 4912 σῷ
3193 4843 3362 4909 γένει,
3385 4840 3661 4905 καὶδόξαν

2076 4941 2269 4996 σαυτὸν
2326 4937 2697 5008 ἀποκομίζων,
2742 4932 2825 4998 οἷς
2879 4935 2968 4987 καὶ
3024 4935 3084 4986 τὸ
3141 4933 3332 4992 πένθος
3385 4932 3659 5002 ἀφόρητον

2071 5032 2466 5094 καταλέλοιπας
2515 5029 2857 5098 ἀσυμπαοῶς
2884 5047 2895 5059 ·
2945 5030 2994 5080 οἱ
3027 5026 3211 5080 πολλοὶ
3241 5027 3372 5095 γὰρ,
3426 5025 3520 5078 καὶ
3553 5042 3658 5076 πα-

2070 5126 2226 5195 τρίδα
2260 5125 2334 5194 μὴ
2362 5124 2646 5192 φυγόντες,
2688 5124 2750 5174 ὲκ
2778 5121 2943 5191 μέσου
2977 5120 3070 5174 τοῦ
3106 5120 3294 5187 γένους
3327 5121 3530 5172 εἴλοντο
3555 5117 3655 5186 τὴν

2069 5219 2291 5288 ἀρετήν.
2349 5216 2486 5268 Ἀλλ’
2513 5219 2541 5269 ὁ
2570 5216 2666 5288 τὴν
2698 5214 2987 5286 πορφύραν
3017 5213 3124 5266 τῶν
3175 5214 3407 5282 θλίψεων
3468 5215 3526 5265 ἐν
3586 5215 3653 5283 τῇ

2071 5309 2375 5378 παρατάξει
2420 5309 2516 5376 τῆς
2563 5307 2828 5373 ξενιτείας
2881 5305 3363 5378 περιϐεὸλημένος,
3399 5304 3493 5358 καὶ
3543 5304 3656 5357 τῶν

2077 5399 2260 5453 κόπων
2289 5399 2386 5462 τὰς
2420 5400 2639 5454 ἐλπίδας
2668 5399 3129 5473 περιεστεμμένος
3168 5399 3369 5466 πίστει,
3406 5397 3653 5468 ὑπομονῇ
