3918 6180
434 210 571 277 1105
1249 235 1252 240 ·
1571 220 1893 289 TRACTA'I
1914 229 2009 296 US
2050 233 2149 293 AD
2187 235 2621 301 EULOGIUMZ

1032 324 1287 381 ΚΕΦΑΛ.
1330 328 1406 383 Θ’.
2045 343 2088 399 A

440 422 451 427 ’
496 433 579 505 Ili;
608 433 709 504 μὶν
731 436 896 509 ῥοίζῳ
926 439 1017 492 τὸν
1046 439 1259 512 ψαλμὸν
1286 442 1344 496 ὲν
1379 445 1446 514 τῇ
1474 445 1635 517 νήψει
1666 446 1910 514 λεκτέον,
1934 452 2011 524 πη
2052 408 2065 427 ί

3560 237 3694 305 1106

2690 343 2919 401 CAPUT
2955 344 3043 401 IX.

2184 456 2395 533 Alicubt
2427 459 2643 527 quidem
2677 432 2909 516 stridore
2944 461 3191 531 psalmus
3210 463 3265 518 in
3285 463 3467 535 vigilia
3505 464 3694 522 dicen-

420 526 482 579 δὲ
504 526 807 617 ἀδολεσχεῖν
831 531 888 583 ὲν
915 534 983 602 τῇ
1017 531 1307 605 ψαλμῳδίᾳ
1329 534 1706 607 δοκιμαστέον
1738 541 1880 596 κατά
1905 542 2014 617 γὰρ

424 617 524 685 τὴν
559 616 778 690 ἔνεδραν
808 621 901 673 τοῦ
933 624 1174 678 ἐναντίου
1205 626 1423 700 ἀνάγκη
1445 629 1538 682 καὶ⁸
1558 631 1706 703 ἡμᾶς
1734 616 2011 707 μεταμορέ

426 708 679 774 σοῦσθαι,
710 711 844 765 διότι
888 716 1019 769 ποτὲ
1054 716 1152 787 μὲν
1183 717 1430 772 ὲλαύνειν
1460 723 1559 792 τὴν
1593 723 1839 790 γλῶτταν
1880 728 2013 785 61:0-

422 798 686 865 τίθενται,
720 801 820 871 τῆς
853 804 1080 874 ἀκηδίας
1112 809 1210 879 τὴν
1253 809 1431 883 ψυχὴν
1467 815 1849 887 περιεχούσης,
1880 819 2011 875 ποτὲ

427 890 787 960 μελῳδεῖσθαι
822 895 919 959 τάς
945 898 1118 963 λέξεις
1145 900 1466 970 ἐρεθίζουσι,
1505 904 1597 958 τοῦ
1620 908 1806 979 νοεροῦ
1828 910 2011 981 ὄμμα-

424 995 515 1042 τος
544 981 797 1053 καθάπερ
828 986 980 1055 ἰσχὺν
1016 989 1112 1058 τὴν
1135 992 1341 1067 τροφὴν
1363 995 1428 1046 ἐκ
1453 993 1546 1047 τοῦ
1583 997 1759 1064 φωτὸς
1793 998 2010 1071 λαμόἀρ

424 1087 627 1136 νοντος.
673 1073 730 1127 '0
762 1075 869 1146 γὰρ
917 1080 982 1149 τῇ
1015 1081 1249 1154 ὀπτασίᾳ
1280 1085 1394 1136 τῶν
1438 1087 1658 1157 ὑψηλῶν
1705 1091 2013 1147 ἐπεκτεινό-

428 1181 589 1232 μενος
618 1165 1071 1242 δξυδερκέστερον
1102 1172 1259 1245 δμμα
1298 1176 1549 1247 λήψεται,
1584 1181 1725 1235 κατὰ
1773 1182 1833 1237 τὸ
1877 1185 2011 1239 ὑπό-

422 1257 623 1350 δειγμα
665 1259 958 1318 Ἐλισσαιέ.
985 1262 1157 1319 Ὅταν
1189 1265 1449 1340 λογισμός
1482 1289 1574 1325 σου
1595 1274 1793 1347 ἐπιστῇ
1813 1277 2010 1350 καρδίᾳ

428 1347 707 1418 πολέμιος,
749 1350 823 1422 μὴ
876 1352 1011 1407 ἀλλα
1058 1356 1174 1409 ἀντ’
1199 1357 1374 1413 ἄλλων
1416 1360 1482 1414 δι’
1528 1363 1691 1435 εὐχῆς
1737 1347 2007 1441 ἐπιζήτει,

425 1442 567 1531 acati
599 1441 654 1496 δὲ
678 1443 772 1496 τοῦ
803 1445 1063 1517 πολεμίου
1091 1449 1152 1504 τὺ
1182 1450 1335 1521 ξίφος
1369 1455 1477 1507 τῶν
1528 1455 1777 1531 δακρύων
1817 1462 2007 1516 ὰκόνα·

422 1530 570 1584 οὕτω
600 1534 707 1604 γάρ
738 1537 1117 1608 σφοδροτάτως
1165 1540 1231 1596 ἂν
1279 1546 1345 1614 τῇ
1385 1547 1534 1619 μάχῃ
1585 1550 2007 1622 προσρήξωμεν,

425 1623 618 1678 θᾶττον
647 1626 807 1680 αὐτὸν
840 1630 934 1699 ἀφ’
964 1632 1120 1702 ἡμῶν
1151 1634 1456 1704 ἀποστῆναι
1492 1628 1810 1712 ποιήσομεν.
1852 1645 2009 1699 Φιλο-

426 1715 582 1769 κάλει
619 1718 717 1772 σὺν
737 1719 812 1789 τῷ
846 1720 992 1793 ἔργῳ
1018 1722 1127 1776 τῶν
1160 1725 1381 1797 χειρῶν,
1414 1730 1511 1783 καὶ
1547 1731 1690 1799 μάλα
1716 1733 1814 1803 τῆς
1844 1735 2010 1805 εὐχῆς

424 1807 527 1879 τὴν
556 1811 777 1882 μνήμην
805 1830 816 1843 ’
852 1814 915 1868 τὸ
949 1815 1050 1885 μὲν
1077 1814 1191 1889 γὰρ
1216 1819 1278 1872 ού
1317 1820 1569 1888 πάντοτε,
1600 1823 1663 1876 τὸ
1693 1824 1749 1878 δὲ
1773 1816 2009 1881 ἀδιάλει-

422 1916 559 1954 πτον
604 1903 717 1974 ἔχει
772 1909 871 1977 τῆς
903 1907 1167 1978 ἐργασίας
1202 1912 1292 1965 τὸν
1336 1915 1519 1984 πόρον.
1564 1917 1656 1985 Μὴ
1705 1919 2011 1974 ἁναϐἁλλου

418 1991 607 2045 δοῦναι
661 1995 760 2064 τῆς
810 1998 976 2068 εὐχῆς
1033 2000 1095 2053 τὸ
1150 2001 1332 2071 χρέος,
1372 2003 1637 2076 λογισμοῦ
1681 2009 1895 2064 ἀκούων
1919 2011 2007 2065 διὰ

424 2086 728 2156 πρόσϐασιν
762 2088 958 2157 ἔργων,
996 2094 1091 2146 καὶ
1124 2095 1198 2165 μὴ
1228 2094 1459 2165 θορυσοῦ
1497 2100 1555 2152 ἐν
1596 2100 1677 2168 τῷ
1721 2100 1867 2172 ἔργῳ
1912 2112 2009 2157 τα-

425 2178 638 2248 ράττων
660 2180 722 2232 τδ
750 2181 932 2250 σῶμα,
971 2184 1059 2237 ἵνα
1099 2184 1176 2254 μὴ
1209 2188 1552 2259 συνταράξεις
1588 2190 1684 2243 καὶ
1721 2194 1889 2263 εὐχῆς
1909 2194 2008 2266 τὴν

426 2269 676 2337 καρδίαν.
714 2270 926 2346 Ὠσπερ
952 2275 981 2328 δ
1013 2275 1169 2340 ἐκτὸς
1202 2277 1361 2348 ἡμῶν
1378 2279 1669 2352 ἄνθρωπος
1693 2284 1881 2354 χερσὶν
1908 2286 2005 2357 ἐρ⁵

424 2360 652 2425 γάζεται
713 2364 848 2435 πρὸς
892 2365 956 2418 τὸ
991 2367 1068 2438 μὴ
1104 2368 1434 2441 ἐπιϐαρῆσαί
1481 2390 1623 2434 τινα,
1653 2373 1832 2438 οὕτως
1881 2378 1910 2429 ὁ
1948 2368 2007 2430 ἐν

423 2453 543 2515 ταῖς
585 2459 776 2524 φρεσὶν
817 2457 1154 2529 ιργαζέσθω,
1195 2461 1332 2531 πρὸς
1378 2461 1440 2514 τὸ
1491 2464 1568 2533 μὴ
1601 2467 2007 2539 ὲπιδαρηθῆναι

423 2545 517 2597 τδν
548 2545 694 2599 νοῦν.
720 2545 853 2600 Τότε
876 2548 985 2619 γὰρ
1006 2550 1053 2602 οί
1088 2550 1341 2624 λογισμοὶ
1375 2555 1472 2624 τὴν
1497 2557 1707 2610 οἰκείαν
1736 2554 2003 2628 ἐργασίαν

422 2638 488 2706 τῇ
534 2636 677 2708 ψυχῇ
725 2642 1145 2711 προσφέρουσιν,
1184 2646 1312 2721 δταν
1342 2647 1515 2719 αὐτὴν
1547 2653 1670 2714 ταῖς
1698 2652 1840 2705 κατά
1871 2653 2006 2707 Θεὸν

424 2735 652 2800 ἐννοίαις
685 2737 860 2809 ἀργὴν
893 2739 1291 2796 καταλάϐωσιν.
1329 2744 1603 2816 ’Δροτρία,
1636 2746 1708 2799 τὰ
1731 2746 1830 2818 μὲν
1862 2748 2001 2821 ἔργα

425 2827 533 2881 τῶν
556 2831 752 2901 χειρῶν
776 2834 855 2893 si;
883 2833 942 2886 τὸ
971 2833 1373 2908 φιλάνθρωπον,
1399 2837 1498 2910 τὴν
1520 2837 1581 2891 ’δὲ
1610 2840 1783 2909 φρένα
1804 2839 1896 2893 τοῦ
1916 2840 2003 2893 λο⁹

423 2921 671 2986 γιστικοῦ
704 2923 784 2985 εἰς
816 2923 876 2976 τὸ
904 2926 1212 2996 φιλόσοφον,
1244 2926 1333 2981 ἵνα
1354 2927 1413 2981 τὸ
1440 2930 1538 2999 μὲν
1626 2927 1790 3005 ξένων
1824 2930 1997 2999 ξενία,

2115 553 2251 612 dus;
2290 547 2487 602 alicubi
2534 563 2663 602 vero
2699 549 2828 602 utile
2866 551 3225 619 censendum,
3280 552 3501 609 assidue
3536 552 3694 609 Psal.
3738 550 3745 561 “

2115 654 2325 705 morum
2357 652 2513 693 orare
2530 649 2830 703 concentu;
2856 641 3054 696 etenim
3074 644 3369 698 secundum
3400 645 3691 703 adversarii

2116 730 2363 797 insidias,
2388 746 2672 787 necessum
2698 740 2801 796 est,
2835 741 2889 787 et
2915 748 3014 787 nos
3049 744 3261 789 mutare
3294 736 3501 792 formas
3525 755 3539 792 :
3564 738 3693 807 quia

2112 834 2506 890 nonnunquam
2533 820 2771 888 linguam
2797 819 3075 890 impellere
3114 831 3413 891 suggerunt
3447 822 3507 891 (ii
3541 823 3692 878 scili-

2112 922 2199 966 cet
2234 912 2453 983 psalmi)
2483 912 2698 982 pigritia
2731 912 3107 968 circumdante
3132 913 3395 979 animam,
3418 913 3689 969 interdum

2111 1005 2381 1075 proritattt
2412 1004 2479 1059 ad
2511 1003 2680 1075 5.18
2708 1006 2948 1058 suaviter
2998 1004 3364 1060 coucinendas
3400 1004 3690 1070 dictiones,

2111 1096 2270 1151 oculo
2310 1095 2659 1150 intellectuali
2713 1095 2876 1150 veluti
2922 1095 3112 1159 robur,
3161 1104 3216 1151 et
3268 1110 3300 1149 e
3346 1095 3552 1151 lumine
3595 1097 3694 1153 ali-

2113 1193 2355 1245 mentum
2395 1183 2720 1253 accipiente.
2757 1182 2893 1238 Nam
2920 1184 3011 1254 qui
3040 1184 3251 1238 visione
3298 1199 3481 1240 rerum
3509 1185 3692 1241 excel-

2114 1291 2300 1330 sarum
2343 1276 2704 1345 protenditur,
2738 1276 2957 1331 oculum
3000 1276 3217 1331 acutius
3245 1276 3687 1346 prospicientem.

2110 1368 2178 1424 ad
2210 1367 2388 1424 Elisaai
2428 1370 2759 1440 exemplum,
2792 1377 3135 1443 assequetur.
3172 1366 3401 1435 Quando
3432 1368 3690 1439 cogitatio

2112 1461 2329 1516 hostilis
2368 1470 2521 1535 tuum
2565 1461 2911 1535 aggrediatur
2951 1476 3067 1529 cor,
3110 1476 3178 1515 ne
3208 1460 3315 1515 alia
3348 1474 3445 1530 pro
3472 1459 3595 1515 aliis
3634 1460 3688 1514 in

2110 1556 2356 1612 oratione
2376 1556 2643 1626 inquiras,
2669 1563 2725 1625 at
2745 1563 2937 1609 contra
2957 1552 3296 1623 bellatorem,
3323 1552 3685 1622 lacrymaruut

2112 1645 2348 1717 gladium
2397 1659 2669 1706 exacuas;
2705 1643 2749 1697 si
2794 1642 2939 1697 enim
2985 1642 3058 1695 ita
3094 1638 3427 1694 validissime
3471 1638 3537 1693 ad
3589 1654 3690 1710 pu-

2111 1752 2272 1807 gnam
2307 1751 2689 1805 erumpamus,
2735 1733 3000 1790 faciemus
3034 1742 3092 1787 ut
3120 1732 3235 1802 ipse
3259 1730 3487 1787 celerius
3524 1745 3555 1785 a
3586 1745 3689 1785 no-

2096 1828 2193 1884 ‘bis
2224 1828 2473 1885 absistat.
2506 1826 2849 1883 lloneslatcm
2890 1825 3028 1891 cole,
3079 1824 3173 1880 sed
3222 1838 3345 1880 cum
3380 1837 3542 1892 opere
3567 1836 3685 1876 ma-

2110 1934 2276 1976 nuum
2333 1920 2568 1976 maxime
2626 1919 2893 1975 orationis
2943 1917 3302 1982 memoriam;
3351 1914 3481 1969 illud
3538 1913 3684 1968 enim

2108 2030 2216 2069 non
2248 2028 2484 2083 semper,
2509 2012 2652 2068 istud
2675 2021 2854 2067 autem
2874 2011 3037 2067 habet
3076 2006 3394 2064 indeﬁciens
3420 2006 3686 2077 operatio-

2104 2106 2195 2160 nis
2249 2105 2703 2161 emolumentum.
2751 2104 2829 2161 Ne
2878 2101 3097 2160 differas
3130 2100 3397 2156 orationis
3443 2096 3683 2154 debitum

2107 2197 2340 2263 solvere,
2375 2196 2670 2251 intellectui
2708 2198 3090 2266 obtemperans
3119 2210 3217 2265 per
3238 2208 3462 2263 operum
3498 2205 3684 2246 acces-

2106 2274 2255 2354 sum,
2283 2297 2338 2345 et
2375 2303 2442 2345 ne
2467 2289 2804 2360 perturberis
2831 2289 2884 2343 in
2918 2302 3080 2358 opere
3103 2302 3301 2357 corpus
3328 2283 3683 2347 conturbans.

2107 2397 2178 2437 ne
2205 2382 2373 2438 simul
2420 2396 2516 2437 cor
2565 2382 2819 2437 deturbes
2870 2379 3154 2435 orationis.
3215 2377 3681 2447 Quemadmodum

2107 2472 2299 2531 noster
2319 2476 2559 2530 exterior
2592 2474 2755 2529 homo
2776 2473 3027 2549 manibus
3046 2479 3302 2543 operatur
3322 2512 3337 2534 ,
3368 2476 3429 2524 ut
3460 2467 3685 2523 minime

2107 2575 2407 2640 praegravet
2437 2568 2693 2637 aliquem,
2731 2569 2804 2621 ita
2837 2566 3034 2621 mentis
3082 2563 3307 2619 interior
3334 2567 3685 2632 operetur,ut

2105 2657 2441 2713 intellectum
2474 2671 2582 2711 non
2634 2666 2928 2727 aggravet;
2975 2665 3103 2711 tunc
3143 2648 3287 2709 enim
3326 2646 3683 2723 cogitationes

2106 2748 2386 2821 propriam
2447 2748 2819 2817 operationem
2885 2747 3082 2801 anima:
3137 2742 3409 2809 oﬁ‘ernnt,
3464 2740 3683 2813 quando

2106 2842 2280 2912 ipsam
2314 2838 2797 2905 intellectionihus,
2823 2854 2945 2909 quae
2984 2836 3282 2893 secundum
3324 2833 3492 2891 Deum
3532 2842 3680 2895 sunt,

2103 2933 2337 2987 otiosam
2384 2930 2915 3002 comprehenderint.
2954 2929 3061 2983 Ara
3110 2942 3273 2998 opera
3318 2925 3534 2997 quidem
3563 2938 3684 2978 ma-

420 3012 515 3065 mi.
542 3012 801 3083 ὀκνηρίας
823 3015 1171 3088 ἐμπρησμὸς,
1206 3018 1267 3073 τὸ
1296 3018 1373 3087 δὲ,
1399 3019 1631 3091 θεωρίας
1664 3023 1992 3094 στρατηγὸς,

2106 3025 2278 3081 nualia
2328 3025 2393 3079 ad
2446 3022 2802 3079 humanitatis
2848 3020 3127 3084 studium,
3166 3008 3401 3073 mentem
3444 3029 3571 3072 vero
3591 3028 3682 3068 ra-

422 3103 516 3158 καὶ
549 3103 821 3177 λογισμῶν
852 3107 1229 3181 ἀποϐρασμός·
1259 3110 1368 3165 τῶν
1414 3111 1688 3183 λογισμῶν
1726 3117 1844 3179 ταῖς
1877 3114 2001 3189 ἡδομ-

420 3198 540 3259 ναῖς
576 3199 714 3267 μετά
746 3199 979 3271 θάρσους
1006 3202 1415 3274 ὲπιπλήξωμεν,
1448 3205 1669 3261 ἃπασαν
1696 3208 1776 3272 είς
1801 3208 2001 3274 αὐτοὺς

418 3286 518 3357 τὴν
541 3288 710 3361 ὀργὴν
738 3293 1181 3371 περιτρέποντες,
1209 3295 1296 3350 ἵνα
1332 3297 1430 3370 μὴ,
1461 3297 1619 3375 ἡδονῇ
1653 3301 1719 3354 τὰ
1744 3300 1874 3373 παρ’
1903 3300 2003 3356 αύ-

414 3379 526 3431 τῶν
555 3380 855 3454 δεχόμενοι,
890 3387 1054 3458 πρᾶοι
1080 3387 1217 3459 πρὸς
1245 3388 1444 3454 αὐτοὺς
1487 3392 1866 3465 ἀντιστρόφως
1904 3378 2000 3461 γεέ-

418 3468 659 3543 νώμεθα.

2108 3115 2325 3173 tionalis
2351 3112 2622 3171 facultatis
2654 3114 2720 3168 ad
2762 3111 3042 3185 sapientia:
3072 3108 3400 3167 desiderium
3432 3126 3446 3164 :
3477 3115 3535 3162 ut
3567 3106 3682 3176 pri-

2109 3221 2258 3262 mum
2309 3204 2525 3275 quidem
2568 3204 2979 3276 peregrinorum
3031 3202 3105 3259 sit
3150 3199 3485 3271 hospitium,
3526 3197 3681 3268 igna-

2104 3298 2316 3368 viaeque
2338 3311 2433 3353 seu
2462 3295 2695 3366 pigritia:
2722 3296 2959 3362 exustio,
2994 3293 3141 3351 istud
3178 3308 3309 3349 vero
3341 3288 3683 3359 contempla-

2107 3390 2276 3447 tionis
2301 3389 2430 3454 dux,
2458 3397 2513 3444 et
2543 3388 2792 3443 ebullitio
2820 3388 3208 3459 cogitationum
3239 3404 3254 3455 ;
3286 3382 3682 3441 consideratio-

2107 3497 2239 3537 num
2283 3480 2588 3551 voluptates
2641 3478 2899 3536 audacter
2956 3478 3321 3551 increpemus,
3363 3492 3577 3533 omnem
3625 3473 3679 3528 in

416 3579 512 3621 eas
544 3565 881 3622 iracundiam
909 3577 1310 3638 convertentes,
1339 3588 1408 3628 ne
1442 3572 1737 3644 voluptate,
1768 3592 1832 3632 ea
1879 3592 2001 3648 qua:
2037 3573 2105 3630 ab
2168 3570 2304 3643 ipsis
2343 3568 2692 3641 proveniunt,
2735 3568 3089 3639 excipientes,
3158 3567 3318 3624 mites
3357 3580 3485 3636 erga
3531 3565 3681 3635 ipsas

416 3657 695 3714 contrario
727 3659 888 3715 modo
922 3660 1244 3718 evadamus.

1025 3755 1279 3813 ΚΕΦΑΛ.
1313 3759 1372 3812 l'.

498 3840 781 3915 Ἑτοίμαζε
805 3847 1030 3900 σεαυτὸν
1064 3850 1239 3921 πρᾶον
1274 3845 1431 3917 εῖναι,
1488 3852 1583 3905 καὶ
1631 3853 1905 3926 μαχητὴν,
1934 3855 1998 3909 τὸ

419 3934 521 4005 μὲν
550 3936 627 4008 τῷ
656 3937 932 4010 ὁμοφύλῳ,
964 3938 1025 3993 τὸ
1054 3938 1210 4013 δὲτῷ
1240 3943 1505 4016 πολεμίην
1543 3945 1601 3998 ὲν
1624 3944 1800 4018 τούτῳ
1823 3947 1933 4019 γάρ
1959 3949 1994 4020 ἡ

415 4032 613 4103 χρῆσις
639 4033 731 4087 τοῦ
755 4030 949 4106 θυμοῦ,
977 4036 1035 4088 ἑν
1058 4035 1134 4106 τῷ
1167 4038 1312 4091 κατὰ
1334 4039 1437 4110 τὴν
1471 4040 1671 4113 ἔχθραν
1703 4043 2002 4115 ἀντιμάχε-

418 4124 542 4179 σθαι
568 4125 643 4197 τῷ
665 4126 806 4195 ὄφει·
829 4130 887 4182 ἐν
910 4127 967 4182 δὲ
1000 4128 1175 4202 τούτῳ
1202 4130 1296 4185 καὶ
1321 4131 1415 4186 τοῦ
1441 4134 1617 4204 πράου
1647 4134 1708 4188 τὸ
1729 4135 1990 4202 ἐπιεικὲς,

416 4218 476 4269 ὲν
528 4217 605 4287 τῷ
662 4219 801 4273 κατά
858 4220 958 4291 τὴν
1014 4221 1236 4294 ἀγάπην
1298 4223 1673 4299 μακροθυμεῖν
1727 4226 1804 4299 τῷ
1843 4229 1996 4283 ἀδελ-

417 4307 521 4377 φῷ,
552 4310 645 4363 καὶ
678 4312 935 4383 πολεμεῖν
971 4314 1047 4385 τῷ
1087 4317 1353 4390 λογισμῷ.
1395 4320 1453 4374 Ὀ
1501 4302 1674 4393 πρᾶος
1717 4318 1809 4376 οὖν
1856 4323 1996 4378 ἔστω

418 4403 665 4474 μαχητὴς
705 4406 1090 4480 διαιρουμένης
1122 4410 1224 4480 τῆς
1264 4413 1570 4493 πραότητος
1612 4416 1676 4469 ἐκ
1708 4415 1818 4469 τῶν
1844 4416 1993 4471 δολο-

2632 3752 2800 3827 ιιθ
2818 3751 3054 3809 CAPUT
3084 3752 3148 3807 ιι.

2170 3858 2306 3914 Para
2340 3856 2596 3927 teipsum,
2650 3863 2711 3910 ut
2751 3862 3068 3910 mansuetus
3117 3853 3225 3917 sis,
3273 3850 3546 3924 simulque
3579 3866 3681 3922 pu-

2096 3959 2291 4021 gnator
2314 3962 2330 4002 :
2355 3947 2481 4002 hinc
2517 3947 2734 4018 quidem
2770 3944 3090 4010 contribuli;
3116 3943 3242 3999 inde
3268 3957 3397 3998 vero
3418 3944 3556 3999 hosti
3585 3962 3597 3998 :
3625 3943 3677 3998 iu

2096 4039 2202 4095 hoc
2222 4037 2366 4093 enim
2395 4051 2528 4092 usus
2551 4034 2719 4090 animi
2742 4043 2822 4091 est
2846 4033 3126 4098 concitati,
3152 4033 3406 4088 nimirum
3429 4035 3482 4088 in
3507 4049 3678 4105 oppu-

2100 4130 2317 4203 gnando
2352 4138 2657 4199 serpentem
2688 4126 2995 4193 hosriliter;
3028 4126 3081 4181 in
3108 4141 3174 4181 eo
3213 4140 3342 4181 vero
3399 4124 3594 4182 lenitas
3626 4136 3682 4184 et

2102 4222 2367 4278 modestia
2404 4219 2674 4276 mansueti
2711 4219 2977 4282 consistit,
3001 4234 3195 4290 nempe
3215 4220 3268 4274 in
3297 4217 3681 4288 longanimiter

2102 4315 2389 4372 tolerando
2436 4313 2656 4368 fratrem
2691 4312 3027 4379 charitative,
3068 4322 3122 4367 et
3153 4314 3205 4367 in
3241 4312 3555 4369 debellanda
3588 4329 3681 4369 co-

2102 4406 2380 4479 gitatione.
2424 4404 2740 4460 Mansuetus
2767 4417 2900 4474 ergo
2932 4402 3009 4459 sis
3036 4412 3325 4480 pugnator,
3359 4412 3678 4458 mansuetu-

415 4499 627 4566 φρόνων
659 4500 951 4572 λογισμῶν,
989 4504 1242 4577 καθάπερ
1287 4481 1381 4561 καῖ
1412 4481 1515 4578 της
1560 4511 1740 4582 μάχης
1789 4512 1854 4566 ἐκ
1885 4512 1996 4566 τῶν

2106 4502 2229 4559 dine
2258 4500 2433 4557 divisa
2472 4516 2502 4557 e
2554 4497 2981 4571 cogitationibus
3008 4497 3197 4551 dolosa
3232 4504 3411 4551 mente
3463 4496 3679 4564 pervol-

410 4591 761 4660 τῆς⁶φύσεως
805 4594 1104 4664 ὁμογενῶνο
1144 4598 1221 4668 μὴ
1269 4600 1638 4675 ἀντιστρέψῃς
1692 4603 1787 4659 τοῦ
1822 4603 1996 4676 θυμοῦ

412 4682 730 4754 -ξὴνλχρῆσιν
752 4687 835 4749 είς
864 4685 964 4758 τὴν
989 4688 1143 4761 παρὰ
1172 4689 1354 4759 φύσιν,
1379 4691 1518 4746 ὥστε
1551 4692 1859 4764 θυμοῦσθαι
1897 4695 1998 4768 μὲν

414 4775 493 4845 τῷ
509 4776 744 4848 ἀδελφῷ,
772 4781 915 4835 κατά
936 4782 1035 4855 τὴν
1057 4783 1320 4855 ὁμοίωσιν
1345 4784 1443 4838 τοῦ
1466 4784 1666 4853 διρεως,
1690 4786 1997 4855 φιλιοῦσθαι

412 4866 472 4920 δὲ
501 4866 578 4936 τῷ
609 4868 731 4935 ὄφει
775 4870 919 4925 κατὰ
973 4874 1073 4943 τὴν
1113 4875 1520 4943 συγκατάθεσιν
1559 4875 1667 4935 τῶν
1699 4876 1995 4949 λογισμῶν.

426 4960 483 5013 '0
516 4961 715 5030 πραῢς,
750 4963 852 5017 κᾶν
881 4967 1065 5038 πάσχῃ
1096 4966 1164 5025 τὰ
1191 4967 1361 5036 δεινά,
1387 4968 1487 5041 τῆς
1514 4969 1739 5039 ἀγάπης
1774 4970 1875 5023 οὐκ
1907 4969 1996 5036 ἕξ-

414 5054 652 5108 ίσταταιο
682 5056 892 5111 εἵνεκεν
919 5058 1029 5131 γὰρ
1052 5060 1256 5129 ταύτης
1284 5060 1633 5132 μακροθυμεῖ
1663 5062 1760 5115 καὶ
1788 5061 1993 5131 στέγει,

409 5145 771 5213 χρηστεύεται
795 5148 890 5203 καὶ
909 5150 1190 5220 ὑπομένει.
1230 5152 1293 5206 Ei
1313 5152 1425 5222 γὰρ
1448 5152 1548 5224 τῆς
1566 5152 1787 5223 ἀγάπης
1808 5152 1871 5206 τὸ
1893 5170 1996 5224 μιν.⁴

411 5240 730 5309 κροθυμεῐν,
751 5244 810 5297 οὐ
836 5243 936 5314 τῆς
963 5247 1186 5319 ἀγάπης
1210 5247 1273 5301 τὸ
1293 5246 1656 5318 θυμομαχεῖν·
1695 5248 1866 5319 θυμὸς
1883 5248 1993 5319 γὰρ

410 5329 587 5399 λύπην
612 5332 891 5405 διεγείρει.
922 5336 1016 5389 καὶ
1049 5337 1236 5408 μῆνιν,
1263 5338 1454 5409 ἀγάπη
1481 5336 1540 5391 δὲ
1567 5338 1639 5393 τὰ
1664 5337 1789 5410 τρία
1820 5340 1985 5409 μειοῖ.

410 5420 474 5472 Et
528 5422 733 5490 παγίαν
787 5424 933 5495 ἔχεις
984 5425 1044 5479 ιν
1088 5430 1154 5499 τῇ
1202 5428 1392 5501 ἀγάπῃ
1422 5427 1526 5498 τὴν
1567 5427 1745 5500 βάσιν,
1788 5428 1990 5499 μᾶλλον

411 5513 647 5584 πρόσεχε
686 5515 879 5589 ταύτῃ,
928 5519 1072 5590 ἥπερ
1116 5519 1196 5592 τῷ
1241 5520 1489 5575 πταίοντι
1537 5537 1634 5575 σε’
1679 5521 1850 5592 φόϐῳ,
1896 5522 1989 5576 καὶ

411 5605 601 5676 ἀγάπῃ
628 5608 842 5663 δούλευε
877 5609 953 5675 τῶ
976 5610 1095 5665 Θεῶ
1120 5610 1181 5665 τὸ
1219 5612 1320 5680 μὲν
1349 5611 1423 5677 ὡς
1449 5614 1696 5678 Δεσπότη
1725 5614 1815 5668 καὶ
1862 5630 1986 5668 κοι-

2096 4595 2370 4657 ventibus,
2406 4603 2466 4649 ut
2492 4594 2656 4650 etiam
2689 4592 2863 4648 divisa
2890 4605 3071 4663 pugna
3098 4589 3168 4644 ab
3211 4589 3319 4652 his.
3347 4588 3439 4657 qui
3482 4595 3677 4643 natura

2095 4695 2227 4742 sunt
2283 4685 2698 4755 coniunctium
2742 4684 2998 4740 obvertas
3050 4697 3209 4739 usum
3259 4680 3557 4736 iracundiae
3608 4681 3676 4736 ad

2093 4793 2225 4834 eum
2257 4778 2353 4848 qui
2386 4787 2582 4846 praeter
2610 4785 2863 4832 naturam
2910 4783 3036 4841 est;
3068 4775 3142 4830 ita
3178 4784 3238 4830 ut
3266 4772 3521 4849 irascaris
3552 4773 3678 4844 qui-

2097 4875 2218 4931 dem
2277 4875 2543 4931 adversus
2596 4872 2818 4929 fratrem
2872 4871 3175 4929 secundum
3225 4868 3673 4941 assimilationem

2091 4967 2384 5038 serpentis,
2424 4966 2578 5023 ineas
2603 4959 2737 5021 ivero
2766 4980 2890 5021 cum
2926 4971 3177 5034 serpente
3200 4960 3495 5016 amicitiam
3521 4960 3675 5031 juxta

2092 5060 2484 5133 cogitationum
2519 5072 2826 5115 assensum.
2870 5056 3210 5125 Mansuetus,
3243 5056 3345 5111 etsi
3376 5054 3563 5126 gravia
3588 5070 3675 5125 pa-

2092 5154 2279 5221 tiatur,
2324 5167 2357 5209 a
2402 5150 2669 5209 charitate
2712 5165 2820 5206 non
2870 5149 3106 5216 excedit,
3143 5148 3289 5204 illius
3325 5148 3471 5204 enim
3504 5162 3675 5204 causa

2092 5246 2472 5316 longanimiter
2481 5245 2697 5311 tolerat,
2716 5252 2768 5298 et
2789 5242 3041 5307 sustinet,
3062 5250 3119 5297 et
3131 5241 3426 5297 clementer
3440 5255 3501 5297 se
3513 5241 3672 5311 gerit.

2093 5346 2152 5393 et
2177 5336 2409 5394 suffert:
2439 5336 2487 5395 si
2528 5350 2764 5406 namque
2807 5333 3094 5390 charitatis
3130 5340 3217 5388 est
3244 5332 3525 5404 pr0primn
3553 5348 3676 5389 esse

2095 5430 2486 5502 longaulmcm,
2513 5444 2622 5484 non
2654 5435 2740 5484 est
2764 5426 3049 5482 charitatis
3076 5426 3260 5481 animo
3284 5432 3562 5481 commoto
3585 5439 3677 5495 pu-

2095 5539 2308 5597 gnare.:
2340 5524 2420 5580 ira
2470 5525 2669 5594 quippe
2720 5521 2951 5578 suscitat
3004 5534 3297 5576 maerorem
3346 5529 3403 5576 et
3450 5519 3675 5583 odium;

2095 5613 2338 5668 charitas
2381 5622 2557 5667 autem
2598 5613 2712 5666 haec
2758 5610 2863 5667 tria
2918 5610 3136 5667 minuit.
3170 5608 3227 5665 Si
3261 5610 3480 5679 firmum
3511 5607 3683 5663 habes
