3918 6180
366 292 502 360 ιιθθ

1469 295 1912 362 TRACTATUS
1951 295 2051 357 AD
2090 292 2515 355 EULOGIUM.

3494 299 3631 364 1116

360 402 465 473 τὴν
514 401 828 473 συνείδησιν
877 420 973 458 σου
1029 403 1258 474 κρίνειν,
1290 403 1365 470 ὡς
1395 408 1461 477 τῇ
1505 405 1818 459 ὲναντιώσει
1848 404 1945 459 τοῦ

2063 406 2321 473 pervolvis
2371 406 2763 478 cogitationes:
2803 423 2977 478 neque
3025 424 3154 464 vero
3204 410 3255 465 id
3283 412 3497 478 solum,
3533 415 3628 469 sed

357 492 534 548 κακοῦ
569 494 897 565 ἡττηθέντος
928 494 1009 567 τῷ
1039 495 1207 567 καλῷ·
1245 495 1360 551 ἔστι
1408 496 1465 550 δὲ
1510 497 1673 552 πάλιν
1716 498 1806 551 ὅτε
1842 497 1943 569 τὴν

356 586 569 640 οἰκείαν
596 587 904 659 σκευωρίαν
937 588 1344 660 ύπεμφαίνουσί
1379 606 1460 643 σοι
1486 590 1575 644 ἵνα
1609 598 1764 661 παρά
1782 606 1944 643 σεαυ·

357 678 436 749 τῷ
467 677 625 752 δόξῃς
657 678 920 750 φρόνιμος
953 674 1117 735 εἶναι.
1154 681 1324 735 Ὅταν
1373 680 1628 751 λογισμοὶ
1675 682 1946 751 μεταστή-

360 766 496 820 σωσί
559 783 618 822 σε
681 769 763 832 εἰς
808 766 868 823 δν
930 768 1200 824 ὑπέϐαλον
1255 771 1387 841 ὲρᾷν
1425 771 1573 841 ἡμᾶς
1607 769 1794 835 ‘tdrtov,
1820 769 1945 823 τότε

364 858 790 931 μεταμελεῖσθαι
835 859 1000 915 πάλιν
1060 861 1308 916 ποιοῦσιν
1363 863 1452 916 ἴνα
1493 862 1762 926 ἀστάτους
1798 863 1946 933 ἡμᾶς

364 955 630 1023 ποιήσωσι
669 953 1030 1023 πανταχόθεν,
1073 954 1169 1008 καὶ
1198 955 1502 1025 ἀκάρπους.
1539 955 1630 1008 Διὸ
1659 953 1740 1026 μὴ
1773 957 1946 1010 πετά-

364 1043 476 1111 {my
489 1061 544 1097 εν
577 1045 805 1107 ἑαυτοὺς
828 1045 934 1098 ἀπὸ
959 1045 1139 1101 τόπων
1164 1048 1244 1110 εις
1267 1047 1488 1111 τόπους,
1518 1047 1655 1101 ἀλλὰ
1684 1047 1950 1118 καμπτὼτ-

364 1138 505 1205 μεοα
557 1136 759 1206 μᾶλλον
791 1138 871 1199 είς
903 1136 1157 1209 ἡσυχίαν,
1197 1137 1289 1193 καὶ
1340 1138 1563 1203 κόπους,
1615 1138 1698 1195 ὃτι
1742 1141 1807 1193 ὲκ
1848 1139 1949 1211 τῆς

362 1222 639 1293 ἡμετέρας
667 1224 942 1294 ῥᾳθυμίας
970 1224 1339 1294 λαμϐάνουσιν
1369 1225 1491 1281 καθ’
1521 1226 1679 1297 ἡμῶν
1708 1228 1762 1280 oi
1795 1226 1948 1295 λογι-

365 1318 493 1387 σμοὶ
528 1318 624 1390 τὴν
654 1319 901 1391 δύναμιν.
940 1322 1002 1374 Ὀ
1025 1320 1083 1375 δὲ
1105 1319 1260 1385 εἰδὼς
1289 1320 1551 1392 λογισμοῦ
1582 1324 1775 1392 πεῖραν
1812 1322 1873 1375 ὲν
1903 1314 1949 1389 ᾧ

361 1409 513 1480 τόπῳ
539 1410 768 1482 ἐκλήθη,
802 1413 860 1465 ὲν
889 1412 1066 1482 τούτῳ
1094 1412 1304 1483 μενέτω
1350 1413 1501 1484 παρὰ
1532 1411 1673 1483 Θεῷ,
1711 1415 1739 1466 ό
1778 1412 1834 1466 δὲ
1872 1413 1948 1484 μὴ

363 1501 541 1566 εἰδὼς,
575 1503 635 1555 ἑν
680 1503 851 1572 ἀγῶνι
885 1503 967 1573 ἔτι
992 1503 1220 1575 βαδίζει.
1261 1505 1324 1557 Ἡ
1360 1503 1468 1557 τῶν
1503 1503 1682 1559 τόπων
1714 1504 1949 1575 μετάθε-

364 1608 470 1657 σις,
525 1592 640 1663 ήτω
686 1595 767 1656 εἰς
815 1593 882 1647 τὰ
936 1590 1452 1664 πνευματικώτερα,
1504 1593 1600 1646 καὶ
1646 1591 1726 1664 μὴ
1761 1592 1841 1657 εἰς
1881 1590 1953 1647 τά

363 1683 917 1757 ἀναπαυστικώτερα·
958 1685 1206 1757 ὑπομονὴ
1249 1685 1378 1756 γὰρ,
1428 1684 1524 1741 καὶ
1572 1683 1949 1757 μακροθυμία,

2047 508 2105 555 ut
2151 498 2382 570 litigent,
2425 498 2492 554 ad
2529 498 2780 557 effectum
2823 509 2971 557 tuam
3016 500 3299 571 indicandi
3338 506 3628 561 conscien-

2047 590 2199 656 tiam,
2240 591 2395 661 quasi
2421 589 2564 645 malo
2588 590 2802 645 devicto
2824 606 2891 646 ex
2930 592 3317 649 contrarietate
3351 594 3491 650 facta
3529 596 3629 651 bo-
3681 624 3692 640 ι

2046 696 2117 737 ιιο
2163 697 2510 751 :rursusque
2536 681 2822 751 contingit.
2859 683 3005 751 quod
3050 697 3448 755 nonnunquam
3498 702 3624 755 pro-

2054 774 2228 844 priam
2260 773 2357 829 tibi
2393 782 2540 828 tuam
2574 774 2833 829 solertem
2866 774 2938 828 ob
2967 775 3158 831 oculos
3192 788 3397 847 ponant
3434 779 3631 836 obser—

2051 866 2344 931 vationem,
2400 873 2461 920 ut
2481 866 2625 936 apud
2672 866 2902 936 teipsum
2932 865 3167 923 videaris
3200 868 3437 937 prudens
3484 885 3627 926 esse.

2049 954 2281 1022 Quando
2316 964 2370 1012 te
2419 957 2778 1028 cogitationes
2811 955 3150 1013 transferunt
3186 973 3310 1013 eum
3343 960 3396 1014 in
3426 961 3629 1025 locum,

2048 1059 2215 1114 quem
2247 1059 2348 1099 nos
2375 1060 2561 1100 amare
2588 1061 2929 1117 suggessere,
2977 1056 3108 1103 tunc
3136 1047 3319 1103 denuo
3370 1053 3633 1117 pmnitere

2051 1135 2277 1201 faciunt,
2323 1146 2382 1190 ut
2440 1136 2685 1207 undique
2716 1153 2819 1192 nos
2867 1137 3148 1193 instabiles
3189 1141 3414 1195 reddant
3452 1158 3516 1195 ac
3552 1144 3638 1197 in—

2053 1224 2391 1282 fructuosos.
2442 1224 2568 1282 ideo
2604 1242 2708 1282 non
2767 1228 3128 1284 extemiamus
3170 1232 3536 1301 nosmetipsos
3566 1235 3634 1288 de

2052 1315 2184 1372 locis
2225 1317 2279 1372 in
2332 1317 2474 1385 loca,
2523 1318 2618 1375 sed
2666 1320 2851 1391 potius
2916 1321 2985 1375 ad
3031 1321 3270 1390 quietem
3307 1324 3632 1380 taciturnum

2054 1420 2345 1476 vergamus
2396 1417 2451 1465 et
2478 1410 2544 1464 ad
2593 1410 2834 1477 labores,
2879 1412 3009 1481 quia
3037 1428 3067 1468 e
3098 1422 3287 1470 nostra
3314 1414 3435 1485 ipsa
3467 1416 3633 1487 pigri-

2052 1499 2127 1554 tia
2154 1500 2418 1557 adversus
2441 1500 2606 1575 422
2626 1517 2727 1559 nos
2757 1503 2922 1558 robur
2945 1508 3633 1579 assumuntcogitationes.

2054 1592 2120 1646 At
2157 1591 2269 1656 ille,
2306 1592 2401 1669 qui
2454 1592 2592 1650 bene
2622 1594 2773 1650 novit
2814 1596 3165 1667 cogitationis
3204 1601 3594 1670 experientiam
3618 1643 3636 1669 ,

2055 1682 2110 1737 in
2134 1699 2243 1754 quo
2271 1694 2497 1742 vocatus
2524 1684 2628 1742 fuit
2648 1687 2795 1754 loco,
2825 1687 2880 1742 in
2912 1688 3031 1759 ipso
3050 1689 3193 1760 apud
3228 1689 3398 1747 Deum
3419 1707 3628 1763 perma-

363 1775 461 1829 καὶ
487 1776 696 1848 ἀγάπη,
739 1778 797 1833 ὲν
825 1743 955 1844 ’ταῖς
982 1743 1228 1847 θλίξιεσιν
1257 1743 1593 1850 εἰιὲαριστείἱ
1637 1743 1841 1847 ἀκηδία
1872 1743 1950 1842 δὲ,

2063 1786 2212 1845 neat;
2242 1780 2336 1849 qni
2381 1794 2511 1835 vero
2544 1780 2750 1845 nescit,
2781 1781 2958 1837 adhuc
3002 1783 3056 1837 in
3095 1784 3394 1841 certamine
3424 1800 3649 1857 progre-

366 1867 461 1921 καὶ
491 1868 746 1940 ὲλαφρία,
774 1869 868 1923 καὶ
895 1870 1171 1940 φιλαυτία,
1203 1872 1261 1924 ἐν
1293 1873 1414 1933 ταῖς
1455 1868 1798 1929 άναπαύσεσι
1831 1868 1954 1939 χαί-

366 1974 474 2029 ρει.
514 1959 808 2032 ’Δνήσυχος
852 1961 942 2015 διὰ
989 1961 1102 2016 τῶν
1162 1958 1293 2035 περ)⁸
1324 1962 1424 2026 τὰς
1449 1960 1600 2032 ὄψεις
1643 1960 1956 2031 αἰσθήσεων

363 2044 466 2116 τὴν
487 2046 665 2119 ψυχὴν
695 2049 1037 2120 πολεμεῖται,
1065 2053 1094 2106 ό
1120 2051 1177 2105 δὲ
1208 2050 1525 2123 φιλήσυχος,
1554 2051 1654 2113 τὰς
1678 2051 1964 2121 αἰσθήσεις

366 2139 679 2210 φυλάσσων,
704 2144 831 2208 τοὺς
868 2144 1166 2216 λογισμοὺς
1197 2145 1441 2218 πολεμεῖ.

2056 1869 2225 1925 ditur.
2254 1869 2526 1926 Locorum
2561 1872 2846 1928 translatio
2870 1871 3025 1928 sitad
3056 1888 3143 1941 ea,
3174 1890 3299 1945 quae
3343 1876 3516 1948 magis
3547 1877 3637 1932 ba-

2058 1961 2259 2016 bentur
2287 1962 2616 2032 spiritualia,
2651 1974 2704 2019 et
2741 1979 2851 2019 non
2893 1964 2956 2019 ad
2985 1980 3073 2032 ea,
3120 1982 3245 2037 quae
3288 1967 3355 2023 ad
3401 1969 3640 2036 requiem

2059 2066 2189 2108 sunt
2233 2054 2447 2126 aptiora
2481 2073 2496 2110 :
2525 2055 2784 2126 patientia
2818 2073 3073 2128 namque,
3104 2067 3162 2114 et
3211 2060 3597 2132 longanimitas
3618 2101 3637 2129 ,

2060 2156 2119 2203 et
2149 2149 2392 2207 charitas
2431 2151 2485 2205 in
2520 2151 2781 2207 aerumnis
2811 2152 3016 2223 gratias
3054 2154 3197 2224 agit;
3237 2152 3452 2224 pigritia
3488 2169 3638 2210 vero.

364 2238 420 2286 et
456 2230 668 2299 levitas,
702 2240 758 2288 et
800 2234 1004 2291 nimius
1045 2235 1134 2291 sui
1197 2234 1370 2307 ipsius
1430 2250 1585 2293 amor
1650 2233 1849 2305 gaudet
1909 2232 1960 2287 in
2002 2238 2453 2296 recreationibus.
2498 2238 2600 2306 Qui
2650 2256 2757 2295 non
2807 2240 3050 2297 modeste
3098 2243 3359 2314 quiescit,
3390 2259 3487 2316 per
3519 2258 3646 2300 sen-

366 2336 529 2377 suum
556 2323 795 2381 visiones
822 2337 1167 2397 0ppugnatur
1220 2327 1275 2381 in
1309 2326 1529 2393 anima;
1584 2325 1757 2395 atqui
1796 2322 2098 2382 modestam
2154 2329 2375 2388 adamat
2427 2332 2691 2401 quietem,
2716 2348 2912 2388 sensus
2937 2333 3276 2399 custodiens,
3299 2335 3416 2406 ipse
3441 2347 3648 2406 pugnat

367 2416 631 2475 adversus
666 2420 1046 2491 cogitationes.

967 2530 1221 2589 ΚΕΦΑΔ.
1265 2528 1343 2585 ll“

439 2642 534 2714 Τῷ
554 2637 651 2699 οὖν
677 2643 1010 2716 διατάγματι
1037 2644 1134 2699 τοῦ
1174 2644 1340 2716 νόμου
1377 2644 1488 2699 τῶν
1515 2645 1821 2717 αίσθήσεων
1860 2647 1958 2718 τὴν

367 2735 522 2801 τάξιν
563 2737 594 2790 ό
636 2735 860 2808 ἡγεμών
888 2754 982 2791 σου
1010 2737 1384 2807 συναγαγάτω,
1416 2738 1505 2790 ἵνα
1546 2736 1621 2809 μὴ
1663 2738 1955 2809 βλέμματι,

371 2828 466 2882 καὶ
493 2829 656 2900 ἀκοῇ,
693 2828 963 2899 μάστιγας
990 2829 1177 2885 κακῶν
1211 2832 1278 2902 τῇ
1304 2828 1450 2901 ψυχῇ
1481 2844 1576 2883 σου
1605 2829 1868 2902 ταράξῃς⁸
1898 2832 1957 2884 ὲν

2658 2529 2894 2587 CAPUT
2923 2529 3059 2585 XIII.

2129 2643 2490 2718 lgitur,ju.\ta
2533 2645 2666 2718 legis
2707 2646 3071 2710 sanctionem,
3119 2643 3229 2698 dux
3264 2643 3342 2697 tui
3375 2655 3637 2697 sensuum

2054 2739 2272 2812 colligat
2299 2738 2571 2801 ordinem.
2595 2747 2657 2795 ιιι
2687 2754 2784 2795 nec
2805 2739 3021 2804 obtutu,
3047 2752 3147 2793 nec
3167 2737 3381 2801 auditu,
3405 2735 3645 2790 animam

2053 2838 2202 2886 tuam
2231 2829 2483 2885 vitiorum
2502 2829 2762 2885 obturbes
2790 2826 3016 2900 flagellis
3048 2848 3061 2883 :
3094 2842 3220 2882 eum
3253 2826 3306 2881 in
3334 2824 3547 2881 duabus
3570 2838 3653 2881 es-

368 2919 522 2974 δυσὶν
547 2921 759 2986 οὐσίαις
792 2922 1077 2995 ὑπάρχων,
1109 2923 1315 2995 ἑκάστῃ
1346 2922 1619 2994 διανέμειν
1672 2923 1770 2995 τὴν
1797 2923 1950 2991 τάξιν

2063 2922 2243 2978 sentiis
2259 2922 2551 2988 subsistas,
2573 2920 2806 2977 observa
2863 2931 2922 2976 ut
2954 2918 3251 2990 unicuique
3285 2934 3445 2975 suum
3473 2917 3659 2971 distri-

374 3013 669 3083 φυλάττου,
707 3014 793 3068 ἵνα
825 3015 859 3086 ή
899 3014 1000 3085 μὲν
1023 3015 1308 3087 άριστεύῃ,
1343 3016 1376 3086 ἡ
1406 3015 1464 3069 δὲ
1497 3014 1570 3087 μὴ
1601 3016 1823 3088 ἀντερῇ,
1858 3016 1955 3070 καὶ

368 3105 450 3175 τῷ
476 3106 727 3177 τυράννῳ
773 3108 841 3161 τά
889 3108 1240 3179 ἐπιτάγματα
1276 3107 1349 3179 μὴ
1366 3108 1536 3170 δίδου,
1568 3108 1652 3161 ὅτι
1703 3107 1783 3180 τῷ
1820 3106 1956 3180 πυρὶ

370 3194 559 3249 τούτου
600 3196 867 3262 δοθέντος,
900 3199 994 3251 καὶ
1033 3197 1126 3252 τὸν
1166 3195 1393 3268 ἔσχατον
1425 3197 1698 3271 κοδράτην
1738 3197 1955 3253 ἀποδώ-

375 3304 508 3350 σεις.
541 3287 712 3341 Ὅταν
739 3289 807 3342 τὰ
838 3288 988 3343 αἴτια
1026 3288 1138 3343 τῶν
1185 3289 1374 3344 παθῶν
1408 3287 1790 3361 ἁντιπρλεμῶν
1832 3306 1956 3362 τροο

374 3378 595 3443 micat,
654 3379 727 3451 μή
774 3396 833 3432 σε
874 3379 1131 3451 λογισμὸς
1168 3379 1517 3450 μεγαλυνέτω
1566 3379 1826 3452 πονηρὸς,
1881 3379 1955 3451 μή

372 3487 492 3533 πως
524 3470 797 3541 πνεύματι
830 3471 1054 3542 πλάνης
1099 3472 1416 3537 πιστεύσας,
1476 3472 1573 3526 καὶ
1602 3472 1712 3526 τῶν
1745 3471 1959 3542 φρενῶν

373 3562 677 3632 ἑκπλαγῇςο
711 3561 960 3634 ἐπιζήτει
983 3563 1039 3617 δὲ
1059 3562 1394 3633 λογιστεύειν
1423 3562 1523 3627 τὰς
1552 3562 1639 3633 ἐφ’
1668 3556 1750 3625 οἷς
1776 3562 1962 3624 πονεῖς

374 3653 705 3724 ὑπερϐολάς,
738 3655 886 3718 ὅπως
935 3655 1004 3709 τά
1056 3654 1185 3725 τέλη
1235 3655 1345 3709 τῶν
1394 3653 1835 3726 κατορθωμάτων
1874 3652 1964 3708 διά

373 3747 482 3800 τῶν
511 3747 659 3802 ἔνδον
690 3748 765 3819 μὴ
793 3749 1027 3820 κλαπῇς.
1075 3748 1230 3813 Τινὲς
1264 3750 1359 3803 ἐπὶ
1396 3747 1821 3820 κατορθώμασιν
1870 3749 1962 3802 εὖ·

365 3839 767 3917 Δεινδίμιισθέντες,
796 3839 874 3910 τῷ
903 3840 1083 3911 χρόνῳ
1112 3840 1240 3904 τοὺς
1268 3840 1467 3905 πόνους
1506 3838 1832 3911 ηκηδίασαν,
1868 3840 1966 3894 καὶ

374 3933 407 3999 ἡ
439 3930 539 4000 μὲν
573 3931 822 4004 εὐφημία
852 3930 1164 3998 διώδευσεν,
1193 3933 1241 3985 οι
1270 3931 1329 3985 δὲ
1361 3933 1513 3986 πόνοι
1540 3930 1831 4003 ἐλύθησαν.
1872 3933 1965 3987 Τι-

376 4022 467 4086 νὲς
494 4023 564 4077 δι’
583 4022 748 4092 ὄγκον
778 4023 961 4079 καλῶν
981 4022 1501 4095 σκληρουχούμενοι,
1524 4023 1749 4094 μεγάλοι
1780 4025 1965 4096 ἐνομίο

377 4113 589 4185 σθησαν
616 4113 710 4167 καὶ
739 4114 838 4185 τῆς
865 4115 965 4186 μὲν
1001 4115 1182 4187 ψυχῆς
1213 4114 1277 4169 τὸ
1304 4115 1542 4178 συνειδὸς
1583 4112 1836 4187 ήλκοῦτο,
1867 4116 1968 4187 τῆς

374 4205 433 4259 δὲ
458 4206 734 4277 εὐφημίας
764 4208 796 4277 ἡ
830 4206 985 4272 νόσος
1017 4207 1355 4279 ἐνευρύνετο,
1390 4207 1441 4261 oi
1478 4207 1535 4260 δὲ
1580 4206 1829 4278 λογισμοὶ
1857 4208 1967 4262 τῶν

373 4300 710 4377 τραυμάτων
738 4302 837 4372 τὴν
863 4299 1044 4372 ψυχὴν
1076 4298 1498 4363 άποπλανῶντες
1537 4300 1596 4353 ὲν
1629 4300 1751 4360 ταῖς
1796 4299 1967 4371 εὐφη-

380 4393 533 4464 μίαις
580 4394 707 4457 τοὺς
755 4394 951 4459 πόνους
1001 4393 1296 4465 ἀπέφερον.
1334 4391 1607 4464 Ὀπηνίκα
1654 4393 1773 4457 ταῖς
1813 4391 1971 4464 παρὰ

374 4484 683 4559 ἀνθρώπων
731 4489 918 4558 τιμαῖς
972 4487 1022 4541 οἱ
1071 4484 1433 4541 πονικώτατοι
1477 4484 1865 4557 πλουτήσουσι,
1908 4485 1969 4540 τὸ

369 4580 680 4653 τηνικαῦτα
710 4581 803 4636 καὶ
839 4582 939 4646 τὰς
966 4580 1192 4652 ἀτιμίας
1224 4582 1274 4637 οἱ
1301 4580 1557 4649 δαίμονες
1600 4580 1967 4644 σκευάσαντες

368 4673 691 4742 ἐπάγουσιν,
724 4674 832 4736 ἵνα,
869 4672 977 4728 ἀπὸ
1014 4672 1123 4728 τῶν
1170 4671 1352 4744 τιμῶν
1391 4672 1566 4736 ὄντες,
1590 4671 1689 4738 τὰς
1740 4670 1967 4742 ἀτιμίας

375 4764 452 4836 μὴ
500 4764 731 4837 φέρωσι,
771 4764 868 4819 καὶ
910 4766 1010 4830 τὰς
1052 4764 1239 4837 ὕϐρεις
1274 4763 1350 4835 μὴ
1388 4763 1748 4833 βαστάσωσιν.
1794 4764 1964 4818 Ὅταν

369 4856 458 4924 ἐφ’
482 4856 777 4928 ἁμαρτίαις
809 4856 1053 4927 μεγάλην
1078 4853 1564 4927 μετάνοιανδιδῷς,
1590 4853 1711 4911 τότε
1732 4854 1785 4907 οἱ
1816 4854 1966 4923 λογι-

371 4950 502 5020 σμοὶ
530 4950 657 5012 τοὺς
678 4950 896 5019 ἀγῶνας
918 4948 1027 5003 τῶν
1055 4949 1234 5004 πόνων
1268 4946 1659 5019 μεγαλύνοντες
1680 4947 1960 5019 ἁμαρτίας

360 5037 787 5122 ⁸σμικρύνουσιν,
815 5038 911 5093 καὶ
938 5036 1197 5102 πολλάκις
1219 5039 1286 5109 τῇ
1317 5036 1457 5108 λήθῃ
1499 5036 1889 5100 καλύπτουσιν,
1922 5036 1957 5108 ἢ

370 5130 467 5182 καὶ
511 5128 966 5201 συγκεχωρῆσθαι
1006 5129 1209 5193 ταύτας
1251 5129 1631 5201 σημαίνουσιν,
1674 5129 1761 5183 ἵνα
1794 5130 1961 5184 ὑπεν-

370 5220 497 5282 δοίις
524 5222 639 5285 τοῖς
664 5221 871 5288 πόνοις,
902 5220 978 5293 μὴ
1009 5220 1306 5294 άναλογίζῃ
1328 5221 1435 5274 τῶν
1458 5222 1815 5292 πταισμάτων
1837 5222 1965 5286 τοὺς

372 5310 609 5381 θρήνους
633 5312 759 5375 τοὺς
786 5312 907 5366 κατ’
932 5311 1112 5367 αὐτῶν
1134 5310 1409 5387 ὠρύεσθαι
1440 5312 1722 5376 πλειόνως.

2056 3016 2193 3072 buas
2220 3015 2488 3081 ordinem,
2520 3015 2596 3071 ita
2625 3024 2687 3071 ut
2705 3030 2809 3069 una
2828 3014 3048 3086 quidem
3074 3012 3375 3068 fortissime
3402 3011 3645 3074 dimicet,

2055 3107 2223 3163 altera
2272 3121 2398 3164 vero
2434 3123 2545 3163 non
2579 3107 2940 3174 contradicat,
2981 3114 3037 3163 et
3075 3120 3145 3161 ne
3192 3104 3380 3175 iniquo
3413 3103 3646 3174 principi

2060 3198 2312 3254 mandata
2342 3197 2636 3265 concedas,
2678 3199 2829 3268 quia,
2870 3212 2938 3254 eo
2988 3197 3101 3271 igni
3135 3197 3358 3264 tradito,
3395 3196 3647 3252 ultimum

2058 3288 2222 3344 etiam
2255 3288 2446 3343 reddes
2476 3287 2858 3358 quadrantem.
2888 3286 3118 3359 Quando
3150 3286 3415 3344 adversus
3442 3285 3653 3359 passio-

2062 3395 2191 3435 num
2224 3393 2419 3434 causas
2443 3378 2788 3450 belligerans,
2820 3394 2916 3436 eas
2946 3380 2999 3434 in
3029 3378 3211 3451 fugam
3238 3388 3420 3437 vertas
3449 3394 3511 3435 ac
3534 3378 3654 3434 vin-

2062 3485 2178 3535 cas,
2204 3485 2269 3524 ne
2291 3481 2342 3524 te
2363 3470 2597 3540 maligna
2613 3469 2681 3524 ad
2706 3471 3135 3541 magnitudinem
3157 3470 3347 3531 evehat
3366 3470 3653 3543 cogitatio,

2063 3576 2132 3618 ne
2158 3562 2317 3627 forte,
2343 3560 2559 3633 spiritui
2589 3560 2794 3617 erroris
2819 3561 2977 3617 fidem
3001 3561 3287 3629 adhibens,
3312 3572 3492 3617 mente
3516 3578 3646 3633 quo.

2064 3668 2171 3725 que
2206 3653 2568 3724 obstupescas
2591 3671 2606 3720 ;
2632 3667 2835 3708 conare
2861 3662 3066 3717 autem,
3088 3668 3183 3709 eas
3206 3669 3414 3716 rerum,
3443 3653 3495 3708 in
3528 3655 3650 3724 qui-

2066 3745 2170 3802 bus
2204 3742 2441 3811 laboras,
2487 3744 2898 3814 exsuperantias
2928 3756 3269 3814 computare,
3312 3760 3401 3810 ne,
3446 3759 3540 3816 per
3568 3744 3652 3803 iri-.-

2068 3838 2294 3902 teriora,
2326 3836 2631 3893 facinorum
2669 3846 2817 3900 recte
2841 3846 3116 3909 gestorum
3149 3836 3259 3892 fine
3283 3835 3649 3893 defrauderis.
3766 3864 3769 3867 ν

2068 3929 2299 3999 Quidam
2332 3931 2405 3987 ob
2434 3946 2525 3987 res
2548 3930 2687 3987 bene
2713 3938 2959 4002 patratas
2982 3930 3237 3986 laudibus
3265 3930 3651 3993 concelebrati,

2068 4023 2399 4096 procedente
2419 4031 2681 4094 tempore,
2714 4021 2932 4079 labores
2950 4021 3335 4095 neglexerunt;
3359 4028 3413 4078 et
3436 4021 3651 4093 applau-

2067 4131 2164 4172 sus
2198 4115 2418 4186 quidem
2449 4114 2663 4170 laudun
2706 4128 2829 4170 eum
2861 4114 3045 4171 sonitu
3086 4113 3242 4178 abiit,
3278 4113 3494 4171 labores
3523 4130 3652 4169 vero

2070 4204 2323 4262 dissoluti
2364 4205 2667 4277 perierunt.
2703 4205 2888 4276 aliqui
2943 4207 3015 4262 ob
3066 4216 3341 4263 tumorem
3388 4206 3650 4263 vitiorum

2073 4292 2349 4358 obdorati,
2378 4291 2541 4366 523
2570 4294 2754 4366 magni
2786 4295 3005 4351 fuerunt
3022 4296 3347 4363 existimati,
3373 4306 3429 4353 et
3456 4297 3655 4354 anima:

2070 4385 2293 4456 quidem
2332 4386 2649 4443 exulcerata
2700 4395 2819 4443 erat
2848 4387 3223 4456 conscientia,
3253 4388 3481 4445 morbus
3523 4406 3654 4446 vero

2070 4477 2268 4534 fausta:
2315 4477 2731 4534 acclamatiouis
2774 4477 3105 4534 dilatabatur
3131 4478 3320 4550 ;.q.uin
3364 4488 3416 4534 et
3448 4480 3656 4550 cogita-

2070 4571 2248 4626 tiones
2289 4570 2532 4626 animam
2578 4586 2610 4627 e
2654 4571 2976 4628 vulneribus
3015 4571 3271 4627 aberrare
3304 4570 3565 4627 facientes
3595 4571 3651 4625 in

2071 4662 2271 4719 faustis
2291 4663 2572 4719 ominibus
2596 4662 2944 4735 diripuerunt
2961 4663 3195 4719 labores.
3227 4662 3355 4729 Ubi,
3380 4662 3475 4734 qui
3498 4663 3652 4717 labo-

2070 4754 2360 4810 riosissimi
2384 4763 2533 4818 sunt,
2560 4754 2951 4811 honoribusab
2981 4754 3296 4812 hominibus
3324 4754 3654 4827 provenian-

2066 4846 2214 4902 tibus
2238 4845 2393 4901 ditati
2424 4843 2647 4908 fuerint,
2674 4851 2806 4900 tunc
2834 4854 2887 4901 et
2913 4845 3189 4903 daamones
3218 4855 3542 4916 apparentes
3569 4843 3653 4898 in-

2068 4937 2253 4994 ferunt
2269 4935 2583 5008 opprobria,
2601 4945 2680 5003 ut,
2699 4936 3001 4995 honoribus
3012 4936 3233 5008 deiecti,
3256 4936 3521 4991 dedecora
3541 4950 3648 4989 non

2066 5028 2350 5093 sufferant,
2379 5037 2434 5085 et
2461 5026 2821 5083 contumelias
2850 5042 2961 5081 non
2993 5032 3371 5096 comportent.
3415 5022 3651 5092 Quando

2069 5129 2288 5192 propter
2329 5129 2556 5191 peccata
2600 5133 2856 5189 magnam
2906 5118 3023 5191 agis
3068 5117 3485 5190 paenitentiam,
3521 5124 3652 5174 tunc

2072 5214 2434 5287 cogitationes
2484 5211 2669 5283 magni
2711 5209 2972 5267 facientes
3022 5212 3326 5268 certamina
3366 5210 3648 5274 laborum,

2069 5314 2298 5378 peccata
2317 5314 2652 5371 extenuant,
2696 5320 2763 5360 ac
2795 5307 2996 5373 saepius
3040 5303 3315 5360 oblivione
3365 5305 3650 5377 obtegunt,

370 5416 467 5461 aut
519 5406 685 5462 etiam
730 5407 834 5463 ista
890 5408 1063 5465 fuisse
1092 5409 1318 5467 diruisse
1370 5410 1702 5483 significant,
1770 5420 1846 5473 ut,
1900 5407 2162 5481 paulatim
2214 5401 2414 5460 cedens
2444 5402 2725 5458 laboribus
2764 5418 2872 5458 non
2912 5402 3173 5467 aestimes,
3223 5401 3370 5473 quod
3414 5402 3649 5459 lamenta

371 5492 855 5570 debeanttmplius
879 5498 933 5553 in
962 5499 1198 5570 eiulatus
1220 5515 1506 5571 erumpere
1553 5502 1957 5573 adversusipsa
1994 5497 2214 5555 delicta.

974 5615 1225 5669 ΚΕΦΑΛ.
1257 5616 1353 5669 ιε’.

454 5716 516 5776 '0
544 5719 605 5775 δε
647 5722 717 5778 τὰ
756 5726 1133 5796 προσπεσόντα
1174 5725 1323 5795 ’πάθη
1365 5727 1653 5781 πυκτεύων
1698 5722 1950 5793 ἐκκόψαι,

2654 5604 2886 5661 CAPUT
2924 5604 3068 5661 XIV.

2133 5720 2237 5788 Qui
2272 5735 2421 5791 vero,
2447 5730 2505 5776 ut
2533 5719 2822 5791 passiones
2852 5717 3211 5777 incursantes
3241 5716 3565 5772 exscindat.
3596 5725 3674 5761 vo-
