  <div class='ocr_page' id='page_1' title='image "/cluster/home/n/w/nwhite01/storage/ocr_20150623/79/hvd.32044073502056/562.png"; bbox 0 0 3956 6206; ppageno 0'>
   <div class='ocr_carea' id='block_1_1' title="bbox 428 236 563 301">
    <p class='ocr_par' dir='ltr' id='par_1_1' title="bbox 428 236 563 301">
     <span class='ocr_line' id='line_1_1' title="bbox 428 236 563 301; baseline 0 -2"><span class='ocrx_word' id='word_1_1' title='bbox 428 236 563 301; x_wconf 72' lang='lat'>1113</span> 
     </span>
    </p>
   </div>
   <div class='ocr_carea' id='block_1_2' title="bbox 1528 243 2578 314">
    <p class='ocr_par' dir='ltr' id='par_1_2' title="bbox 1528 243 2578 314">
     <span class='ocr_line' id='line_1_2' title="bbox 1528 243 2578 314; baseline 0.006 -11"><span class='ocrx_word' id='word_1_2' title='bbox 1528 243 1973 308; x_wconf 64' lang='lat' dir='ltr'><strong>TRACTATUS</strong></span> <span class='ocrx_word' id='word_1_3' title='bbox 2018 252 2113 311; x_wconf 71' lang='lat' dir='ltr'><strong>AD</strong></span> <span class='ocrx_word' id='word_1_4' title='bbox 2151 252 2578 314; x_wconf 82' lang='lat' dir='ltr'><strong>EULOGIUM.</strong></span> 
     </span>
    </p>
   </div>
   <div class='ocr_carea' id='block_1_3' title="bbox 3550 250 3683 317">
    <p class='ocr_par' dir='ltr' id='par_1_3' title="bbox 3550 250 3683 317">
     <span class='ocr_line' id='line_1_3' title="bbox 3550 250 3683 317; baseline 0.008 -1"><span class='ocrx_word' id='word_1_5' title='bbox 3550 250 3683 317; x_wconf 68' lang='lat' dir='ltr'><strong>liii</strong></span> 
     </span>
    </p>
   </div>
   <div class='ocr_carea' id='block_1_4' title="bbox 419 345 2006 434">
    <p class='ocr_par' dir='ltr' id='par_1_4' title="bbox 419 345 2006 420">
     <span class='ocr_line' id='line_1_4' title="bbox 419 345 2006 420; baseline 0.004 -23"><span class='ocrx_word' id='word_1_6' title='bbox 419 349 487 416; x_wconf 75' lang='grc' dir='ltr'>τῇ</span> <span class='ocrx_word' id='word_1_7' title='bbox 512 347 618 399; x_wconf 85' lang='grc' dir='ltr'>τῶν</span> <span class='ocrx_word' id='word_1_8' title='bbox 642 346 961 417; x_wconf 74' lang='grc' dir='ltr'><strong>κρειττόνων</strong></span> <span class='ocrx_word' id='word_1_9' title='bbox 993 345 1196 419; x_wconf 63' lang='grc' dir='ltr'>θεωρία</span> <span class='ocrx_word' id='word_1_10' title='bbox 1220 389 1234 414; x_wconf 96' lang='grc'><strong>,</strong></span> <span class='ocrx_word' id='word_1_11' title='bbox 1258 348 1293 420; x_wconf 80' lang='grc' dir='ltr'><strong>η</strong></span> <span class='ocrx_word' id='word_1_12' title='bbox 1323 347 1379 401; x_wconf 80' lang='grc' dir='ltr'>δὲ</span> <span class='ocrx_word' id='word_1_13' title='bbox 1412 351 1687 420; x_wconf 84' lang='grc' dir='ltr'>πρακτικὴ</span> <span class='ocrx_word' id='word_1_14' title='bbox 1720 352 1907 420; x_wconf 78' lang='grc' dir='ltr'>νεκροῖ</span> <span class='ocrx_word' id='word_1_15' title='bbox 1941 351 2006 404; x_wconf 69' lang='grc' dir='ltr'>τὰ</span> 
     </span>
    </p>
   </div>
   <div class='ocr_carea' id='block_1_5' title="bbox 2111 345 3684 434">
    <p class='ocr_par' dir='ltr' id='par_1_5' title="bbox 2113 354 3684 434">
     <span class='ocr_line' id='line_1_5' title="bbox 2113 354 3684 434; baseline 0.008 -28"><span class='ocrx_word' id='word_1_16' title='bbox 2113 354 2366 424; x_wconf 71' lang='lat' dir='ltr'><strong>irrigetur</strong></span> <span class='ocrx_word' id='word_1_17' title='bbox 2391 358 2457 413; x_wconf 90' lang='lat' dir='ltr'><strong>ad</strong></span> <span class='ocrx_word' id='word_1_18' title='bbox 2489 359 2777 427; x_wconf 74' lang='lat' dir='ltr'><strong>virtutem;</strong></span> <span class='ocrx_word' id='word_1_19' title='bbox 2809 360 3180 431; x_wconf 80' lang='lat' dir='ltr'><strong>cognoscitiva</strong></span> <span class='ocrx_word' id='word_1_20' title='bbox 3206 376 3401 433; x_wconf 84' lang='lat' dir='ltr'><strong>nempe</strong></span> <span class='ocrx_word' id='word_1_21' title='bbox 3430 362 3531 418; x_wconf 83' lang='lat' dir='ltr'><strong>alis</strong></span> <span class='ocrx_word' id='word_1_22' title='bbox 3552 378 3684 434; x_wconf 88' lang='lat' dir='ltr'><strong>pro-</strong></span> 
     </span>
    </p>
   </div>
   <div class='ocr_carea' id='block_1_6' title="bbox 423 434 2004 513">
    <p class='ocr_par' dir='ltr' id='par_1_6' title="bbox 423 434 2004 513">
     <span class='ocr_line' id='line_1_6' title="bbox 423 434 2004 513; baseline 0.004 -22"><span class='ocrx_word' id='word_1_23' title='bbox 423 436 560 508; x_wconf 77' lang='grc' dir='ltr'>μέλη</span> <span class='ocrx_word' id='word_1_24' title='bbox 589 437 658 491; x_wconf 78' lang='grc' dir='ltr'>τὰ</span> <span class='ocrx_word' id='word_1_25' title='bbox 680 440 772 492; x_wconf 76' lang='grc' dir='ltr'><strong>ἐπὶ</strong></span> <span class='ocrx_word' id='word_1_26' title='bbox 799 439 896 511; x_wconf 79' lang='grc' dir='ltr'>τῆς</span> <span class='ocrx_word' id='word_1_27' title='bbox 927 434 1030 511; x_wconf 77' lang='grc' dir='ltr'>γῆς</span> <span class='ocrx_word' id='word_1_28' title='bbox 1050 481 1066 506; x_wconf 94' lang='grc'><strong>,</strong></span> <span class='ocrx_word' id='word_1_29' title='bbox 1088 441 1366 512; x_wconf 75' lang='grc' dir='ltr'>πορνείαν,</span> <span class='ocrx_word' id='word_1_30' title='bbox 1399 441 1743 513; x_wconf 79' lang='grc' dir='ltr'>ἀκαθαρσίαν</span> <span class='ocrx_word' id='word_1_31' title='bbox 1811 442 2004 508; x_wconf 76' lang='grc' dir='ltr'>πάθος,</span> 
     </span>
    </p>
   </div>
   <div class='ocr_carea' id='block_1_7' title="bbox 422 530 2005 606">
    <p class='ocr_par' dir='ltr' id='par_1_7' title="bbox 422 530 2005 606">
     <span class='ocr_line' id='line_1_7' title="bbox 422 530 2005 606; baseline 0.004 -23"><span class='ocrx_word' id='word_1_32' title='bbox 422 532 640 594; x_wconf 85' lang='grc' dir='ltr'>κακίαν,</span> <span class='ocrx_word' id='word_1_33' title='bbox 666 530 958 603; x_wconf 72' lang='grc' dir='ltr'><strong>ἐπιθυμίαν</strong></span> <span class='ocrx_word' id='word_1_34' title='bbox 984 533 1179 605; x_wconf 75' lang='grc' dir='ltr'>κακήν·</span> <span class='ocrx_word' id='word_1_35' title='bbox 1211 534 1260 587; x_wconf 85' lang='grc' dir='ltr'><strong>οἱ</strong></span> <span class='ocrx_word' id='word_1_36' title='bbox 1298 532 1390 588; x_wconf 80' lang='grc' dir='ltr'>οὖν</span> <span class='ocrx_word' id='word_1_37' title='bbox 1413 532 1503 587; x_wconf 70' lang='grc' dir='ltr'>διὰ</span> <span class='ocrx_word' id='word_1_38' title='bbox 1527 533 1637 588; x_wconf 86' lang='grc' dir='ltr'><strong>τῶν</strong></span> <span class='ocrx_word' id='word_1_39' title='bbox 1677 534 2005 606; x_wconf 69' lang='grc' dir='ltr'>ἀμφοτέρων</span> 
     </span>
    </p>
   </div>
   <div class='ocr_carea' id='block_1_8' title="bbox 421 621 2002 697">
    <p class='ocr_par' dir='ltr' id='par_1_8' title="bbox 421 621 2002 697">
     <span class='ocr_line' id='line_1_8' title="bbox 421 621 2002 697; baseline 0.004 -22"><span class='ocrx_word' id='word_1_40' title='bbox 421 621 625 676; x_wconf 87' lang='grc' dir='ltr'>τούτων</span> <span class='ocrx_word' id='word_1_41' title='bbox 656 625 723 694; x_wconf 72' lang='grc' dir='ltr'>τῇ</span> <span class='ocrx_word' id='word_1_42' title='bbox 758 625 1023 696; x_wconf 73' lang='grc' dir='ltr'>πανοπλίᾳ</span> <span class='ocrx_word' id='word_1_43' title='bbox 1038 626 1568 697; x_wconf 82' lang='grc' dir='ltr'>περιπεφραγμένοι,</span> <span class='ocrx_word' id='word_1_44' title='bbox 1604 626 1839 692; x_wconf 78' lang='grc' dir='ltr'>εὐκόλως</span> <span class='ocrx_word' id='word_1_45' title='bbox 1868 646 2002 683; x_wconf 85' lang='grc' dir='ltr'>κατ-</span> 
     </span>
    </p>
   </div>
   <div class='ocr_carea' id='block_1_9' title="bbox 422 714 1998 789">
    <p class='ocr_par' dir='ltr' id='par_1_9' title="bbox 422 714 1998 789">
     <span class='ocr_line' id='line_1_9' title="bbox 422 714 1998 789; baseline 0.004 -23"><span class='ocrx_word' id='word_1_46' title='bbox 422 714 774 785; x_wconf 79' lang='grc' dir='ltr'>επιδήσονται</span> <span class='ocrx_word' id='word_1_47' title='bbox 829 715 1014 769; x_wconf 66' lang='grc' dir='ltr'>λοιπδν</span> <span class='ocrx_word' id='word_1_48' title='bbox 1057 718 1153 788; x_wconf 74' lang='grc' dir='ltr'><strong>τῆς</strong></span> <span class='ocrx_word' id='word_1_49' title='bbox 1196 717 1306 770; x_wconf 83' lang='grc' dir='ltr'>τῶν</span> <span class='ocrx_word' id='word_1_50' title='bbox 1372 718 1643 788; x_wconf 78' lang='grc' dir='ltr'><strong>δαιμόνων</strong></span> <span class='ocrx_word' id='word_1_51' title='bbox 1704 720 1998 789; x_wconf 75' lang='grc' dir='ltr'><strong>πονηρίας.</strong></span> 
     </span>
    </p>
   </div>
   <div class='ocr_carea' id='block_1_10' title="bbox 423 805 2001 881">
    <p class='ocr_par' dir='ltr' id='par_1_10' title="bbox 423 805 2001 881">
     <span class='ocr_line' id='line_1_10' title="bbox 423 805 2001 881; baseline 0.005 -25"><span class='ocrx_word' id='word_1_52' title='bbox 423 807 487 856; x_wconf 76' lang='lat' dir='ltr'><strong>Oi</strong></span> <span class='ocrx_word' id='word_1_53' title='bbox 522 805 771 877; x_wconf 85' lang='grc' dir='ltr'>δαίμονες</span> <span class='ocrx_word' id='word_1_54' title='bbox 807 807 894 867; x_wconf 66' lang='grc' dir='ltr'>διὰ</span> <span class='ocrx_word' id='word_1_55' title='bbox 938 807 1047 861; x_wconf 86' lang='grc' dir='ltr'><strong>τῶν</strong></span> <span class='ocrx_word' id='word_1_56' title='bbox 1080 809 1356 880; x_wconf 73' lang='grc' dir='ltr'><strong>λογισμῶν</strong></span> <span class='ocrx_word' id='word_1_57' title='bbox 1391 814 1457 880; x_wconf 79' lang='grc' dir='ltr'>τῇ</span> <span class='ocrx_word' id='word_1_58' title='bbox 1502 810 1644 881; x_wconf 77' lang='grc' dir='ltr'>ψυχῇ</span> <span class='ocrx_word' id='word_1_59' title='bbox 1683 809 2001 881; x_wconf 78' lang='grc' dir='ltr'>πολεμοῦσι,</span> 
     </span>
    </p>
   </div>
   <div class='ocr_carea' id='block_1_11' title="bbox 423 899 2003 972">
    <p class='ocr_par' dir='ltr' id='par_1_11' title="bbox 423 899 2003 972">
     <span class='ocr_line' id='line_1_11' title="bbox 423 899 2003 972; baseline 0.002 -21"><span class='ocrx_word' id='word_1_60' title='bbox 423 900 663 951; x_wconf 77' lang='grc' dir='ltr'>κακείνοι</span> <span class='ocrx_word' id='word_1_61' title='bbox 703 899 1101 971; x_wconf 85' lang='grc' dir='ltr'>χαλεπωτέρως</span> <span class='ocrx_word' id='word_1_62' title='bbox 1146 901 1236 954; x_wconf 71' lang='grc' dir='ltr'>διὰ</span> <span class='ocrx_word' id='word_1_63' title='bbox 1268 901 1370 969; x_wconf 74' lang='grc' dir='ltr'>τῆς</span> <span class='ocrx_word' id='word_1_64' title='bbox 1404 902 1683 972; x_wconf 76' lang='grc' dir='ltr'>ὑπομονῆς</span> <span class='ocrx_word' id='word_1_65' title='bbox 1717 902 2003 955; x_wconf 78' lang='grc' dir='ltr'>ἀντιπολε-</span> 
     </span>
    </p>
   </div>
   <div class='ocr_carea' id='block_1_12' title="bbox 422 988 2001 1065">
    <p class='ocr_par' dir='ltr' id='par_1_12' title="bbox 422 988 2001 1065">
     <span class='ocr_line' id='line_1_12' title="bbox 422 988 2001 1065; baseline 0.005 -25"><span class='ocrx_word' id='word_1_66' title='bbox 422 988 668 1056; x_wconf 77' lang='grc' dir='ltr'>μούνται,</span> <span class='ocrx_word' id='word_1_67' title='bbox 711 991 805 1043; x_wconf 76' lang='grc' dir='ltr'><strong>καὶ</strong></span> <span class='ocrx_word' id='word_1_68' title='bbox 839 991 1173 1056; x_wconf 82' lang='grc' dir='ltr'>δειλειῶντες</span> <span class='ocrx_word' id='word_1_69' title='bbox 1226 992 1482 1064; x_wconf 81' lang='grc' dir='ltr'><strong>προσίασι</strong></span> <span class='ocrx_word' id='word_1_70' title='bbox 1519 993 1705 1047; x_wconf 81' lang='grc' dir='ltr'>λοιπὸν</span> <span class='ocrx_word' id='word_1_71' title='bbox 1737 997 1801 1065; x_wconf 77' lang='grc' dir='ltr'><strong>τῇ</strong></span> <span class='ocrx_word' id='word_1_72' title='bbox 1853 994 2001 1065; x_wconf 79' lang='grc' dir='ltr'>μάχῃ</span> 
     </span>
    </p>
   </div>
   <div class='ocr_carea' id='block_1_13' title="bbox 419 1081 2005 1157">
    <p class='ocr_par' dir='ltr' id='par_1_13' title="bbox 419 1081 2005 1157">
     <span class='ocr_line' id='line_1_13' title="bbox 419 1081 2005 1157; baseline 0.004 -24"><span class='ocrx_word' id='word_1_73' title='bbox 419 1081 679 1147; x_wconf 77' lang='grc' dir='ltr'>κραταιὸν</span> <span class='ocrx_word' id='word_1_74' title='bbox 708 1083 798 1135; x_wconf 76' lang='grc' dir='ltr'><strong>τὸν</strong></span> <span class='ocrx_word' id='word_1_75' title='bbox 837 1083 1143 1154; x_wconf 82' lang='grc' dir='ltr'>στρατηγὸν</span> <span class='ocrx_word' id='word_1_76' title='bbox 1171 1084 1270 1154; x_wconf 76' lang='grc' dir='ltr'>τῆς</span> <span class='ocrx_word' id='word_1_77' title='bbox 1318 1086 1541 1157; x_wconf 76' lang='grc' dir='ltr'>πυγμῆς</span> <span class='ocrx_word' id='word_1_78' title='bbox 1577 1086 1905 1157; x_wconf 73' lang='grc' dir='ltr'>ὑφορῶντες.</span> <span class='ocrx_word' id='word_1_79' title='bbox 1940 1088 2005 1139; x_wconf 79' lang='grc' dir='ltr'><strong>Εἰ</strong></span> 
     </span>
    </p>
   </div>
   <div class='ocr_carea' id='block_1_14' title="bbox 420 1168 2001 1245">
    <p class='ocr_par' dir='ltr' id='par_1_14' title="bbox 420 1168 2001 1245">
     <span class='ocr_line' id='line_1_14' title="bbox 420 1168 2001 1245; baseline 0.005 -25"><span class='ocrx_word' id='word_1_80' title='bbox 420 1169 602 1239; x_wconf 80' lang='grc' dir='ltr'>βούλει</span> <span class='ocrx_word' id='word_1_81' title='bbox 632 1174 1013 1245; x_wconf 76' lang='grc' dir='ltr'><strong>στρατηγῆσαι</strong></span> <span class='ocrx_word' id='word_1_82' title='bbox 1062 1174 1203 1228; x_wconf 79' lang='grc' dir='ltr'>κατὰ</span> <span class='ocrx_word' id='word_1_83' title='bbox 1244 1175 1344 1245; x_wconf 80' lang='grc' dir='ltr'>τῆς</span> <span class='ocrx_word' id='word_1_84' title='bbox 1369 1168 1647 1245; x_wconf 81' lang='grc' dir='ltr'>φάλαγγος</span> <span class='ocrx_word' id='word_1_85' title='bbox 1670 1176 1778 1228; x_wconf 80' lang='grc' dir='ltr'>τῶν</span> <span class='ocrx_word' id='word_1_86' title='bbox 1809 1175 2001 1245; x_wconf 82' lang='grc' dir='ltr'>δαιμό-</span> 
     </span>
    </p>
   </div>
   <div class='ocr_carea' id='block_1_15' title="bbox 422 1267 2000 1340">
    <p class='ocr_par' dir='ltr' id='par_1_15' title="bbox 422 1267 2000 1340">
     <span class='ocr_line' id='line_1_15' title="bbox 422 1267 2000 1340; baseline 0.005 -26"><span class='ocrx_word' id='word_1_87' title='bbox 422 1280 544 1327; x_wconf 79' lang='grc' dir='ltr'>νων,</span> <span class='ocrx_word' id='word_1_88' title='bbox 580 1267 781 1338; x_wconf 69' lang='grc' dir='ltr'>ἡσυχίᾳ</span> <span class='ocrx_word' id='word_1_89' title='bbox 813 1270 1016 1339; x_wconf 76' lang='grc' dir='ltr'>φράττε</span> <span class='ocrx_word' id='word_1_90' title='bbox 1044 1270 1143 1333; x_wconf 72' lang='grc' dir='ltr'>τὰς</span> <span class='ocrx_word' id='word_1_91' title='bbox 1176 1270 1277 1340; x_wconf 81' lang='grc' dir='ltr'>τῆς</span> <span class='ocrx_word' id='word_1_92' title='bbox 1302 1270 1480 1340; x_wconf 70' lang='grc' dir='ltr'>ψυχῆς</span> <span class='ocrx_word' id='word_1_93' title='bbox 1516 1286 1608 1323; x_wconf 90' lang='grc' dir='ltr'><strong>σου</strong></span> <span class='ocrx_word' id='word_1_94' title='bbox 1640 1269 1831 1332; x_wconf 73' lang='grc' dir='ltr'>πύλας,</span> <span class='ocrx_word' id='word_1_95' title='bbox 1883 1270 2000 1338; x_wconf 84' lang='grc' dir='ltr'>θίγε</span> 
     </span>
    </p>
   </div>
   <div class='ocr_carea' id='block_1_16' title="bbox 417 1357 2001 1436">
    <p class='ocr_par' dir='ltr' id='par_1_16' title="bbox 417 1357 2001 1436">
     <span class='ocr_line' id='line_1_16' title="bbox 417 1357 2001 1436; baseline 0.004 -23"><span class='ocrx_word' id='word_1_96' title='bbox 417 1360 473 1414; x_wconf 67' lang='grc' dir='ltr'>δὲ</span> <span class='ocrx_word' id='word_1_97' title='bbox 513 1361 608 1414; x_wconf 69' lang='grc' dir='ltr'><strong>καὶ</strong></span> <span class='ocrx_word' id='word_1_98' title='bbox 644 1360 706 1413; x_wconf 82' lang='grc' dir='ltr'>τὸ</span> <span class='ocrx_word' id='word_1_99' title='bbox 735 1357 827 1424; x_wconf 78' lang='grc' dir='ltr'>οὖς</span> <span class='ocrx_word' id='word_1_100' title='bbox 868 1378 962 1417; x_wconf 92' lang='grc' dir='ltr'><strong>σου</strong></span> <span class='ocrx_word' id='word_1_101' title='bbox 1002 1364 1113 1427; x_wconf 76' lang='grc' dir='ltr'>τοῖς</span> <span class='ocrx_word' id='word_1_102' title='bbox 1150 1364 1248 1434; x_wconf 78' lang='grc' dir='ltr'><strong>τῆς</strong></span> <span class='ocrx_word' id='word_1_103' title='bbox 1284 1365 1633 1436; x_wconf 80' lang='grc' dir='ltr'>πατροσύνης</span> <span class='ocrx_word' id='word_1_104' title='bbox 1672 1364 1871 1434; x_wconf 84' lang='grc' dir='ltr'>λόγοις,</span> <span class='ocrx_word' id='word_1_105' title='bbox 1913 1366 2001 1419; x_wconf 79' lang='grc' dir='ltr'>ἵνα</span> 
     </span>
    </p>
   </div>
   <div class='ocr_carea' id='block_1_17' title="bbox 417 1450 2003 1530">
    <p class='ocr_par' dir='ltr' id='par_1_17' title="bbox 417 1450 2003 1530">
     <span class='ocr_line' id='line_1_17' title="bbox 417 1450 2003 1530; baseline 0.005 -26"><span class='ocrx_word' id='word_1_106' title='bbox 417 1450 539 1505; x_wconf 78' lang='grc' dir='ltr'>τότε</span> <span class='ocrx_word' id='word_1_107' title='bbox 593 1452 792 1523; x_wconf 77' lang='grc' dir='ltr'>μᾶλλον</span> <span class='ocrx_word' id='word_1_108' title='bbox 832 1452 1108 1525; x_wconf 80' lang='grc' dir='ltr'>λογισμῶν</span> <span class='ocrx_word' id='word_1_109' title='bbox 1149 1456 1392 1520; x_wconf 78' lang='grc' dir='ltr'>ἀκάνθας</span> <span class='ocrx_word' id='word_1_110' title='bbox 1437 1456 1625 1527; x_wconf 85' lang='grc' dir='ltr'>μαθὼν</span> <span class='ocrx_word' id='word_1_111' title='bbox 1670 1460 2003 1530; x_wconf 70' lang='grc' dir='ltr'>ἐμπρησῃς,</span> 
     </span>
    </p>
   </div>
   <div class='ocr_carea' id='block_1_18' title="bbox 417 1539 1999 1622">
    <p class='ocr_par' dir='ltr' id='par_1_18' title="bbox 417 1539 1999 1622">
     <span class='ocr_line' id='line_1_18' title="bbox 417 1539 1999 1622; baseline 0.003 -29"><span class='ocrx_word' id='word_1_112' title='bbox 417 1539 573 1597; x_wconf 58' lang='grc' dir='ltr'>ἐπεὶ(</span> <span class='ocrx_word' id='word_1_113' title='bbox 583 1545 856 1616; x_wconf 80' lang='grc' dir='ltr'>πατρικῆς</span> <span class='ocrx_word' id='word_1_114' title='bbox 897 1547 1175 1611; x_wconf 79' lang='grc' dir='ltr'>νουθεσίας</span> <span class='ocrx_word' id='word_1_115' title='bbox 1216 1548 1505 1619; x_wconf 74' lang='grc' dir='ltr'>άκροᾶσαι.</span> <span class='ocrx_word' id='word_1_116' title='bbox 1539 1550 1628 1618; x_wconf 83' lang='grc' dir='ltr'><strong>Μὴ</strong></span> <span class='ocrx_word' id='word_1_117' title='bbox 1671 1548 1779 1602; x_wconf 80' lang='grc' dir='ltr'><strong>τῶν</strong></span> <span class='ocrx_word' id='word_1_118' title='bbox 1821 1549 1999 1622; x_wconf 76' lang='grc' dir='ltr'>ἔργων</span> 
     </span>
    </p>
   </div>
   <div class='ocr_carea' id='block_1_19' title="bbox 419 1635 1715 1712">
    <p class='ocr_par' dir='ltr' id='par_1_19' title="bbox 419 1635 1715 1712">
     <span class='ocr_line' id='line_1_19' title="bbox 419 1635 1715 1712; baseline 0.004 -26"><span class='ocrx_word' id='word_1_119' title='bbox 419 1636 511 1687; x_wconf 61' lang='lat' dir='ltr'><strong>tuo</strong></span> <span class='ocrx_word' id='word_1_120' title='bbox 542 1635 822 1707; x_wconf 79' lang='grc' dir='ltr'>δικαστὴς,</span> <span class='ocrx_word' id='word_1_121' title='bbox 857 1637 994 1692; x_wconf 72' lang='grc' dir='ltr'>ἀλλὰ</span> <span class='ocrx_word' id='word_1_122' title='bbox 1017 1639 1127 1693; x_wconf 85' lang='grc' dir='ltr'>τῶν</span> <span class='ocrx_word' id='word_1_123' title='bbox 1152 1640 1363 1712; x_wconf 71' lang='grc' dir='ltr'>ῥήσεων</span> <span class='ocrx_word' id='word_1_124' title='bbox 1399 1639 1715 1710; x_wconf 66' lang='grc' dir='ltr'>ἐξεταστὴς.</span> 
     </span>
    </p>
   </div>
   <div class='ocr_carea' id='block_1_20' title="bbox 990 1933 1413 2004">
    <p class='ocr_par' dir='ltr' id='par_1_20' title="bbox 990 1933 1413 2004">
     <span class='ocr_line' id='line_1_20' title="bbox 990 1933 1413 2004; baseline 0.017 -17"><span class='ocrx_word' id='word_1_125' title='bbox 990 1933 1240 1990; x_wconf 57' lang='lat' dir='ltr'><strong>suam.</strong></span> <span class='ocrx_word' id='word_1_126' title='bbox 1294 1937 1413 2004; x_wconf 73' lang='grc' dir='ltr'>ις’.</span> 
     </span>
    </p>
   </div>
   <div class='ocr_carea' id='block_1_21' title="bbox 490 2023 2000 2099">
    <p class='ocr_par' dir='ltr' id='par_1_21' title="bbox 490 2023 2000 2099">
     <span class='ocr_line' id='line_1_21' title="bbox 490 2023 2000 2099; baseline 0.003 -21"><span class='ocrx_word' id='word_1_127' title='bbox 490 2023 651 2089; x_wconf 81' lang='grc' dir='ltr'>Ἐθος</span> <span class='ocrx_word' id='word_1_128' title='bbox 675 2025 787 2097; x_wconf 75' lang='grc' dir='ltr'><strong>γάρ</strong></span> <span class='ocrx_word' id='word_1_129' title='bbox 807 2028 925 2090; x_wconf 82' lang='grc' dir='ltr'>τοῖς</span> <span class='ocrx_word' id='word_1_130' title='bbox 950 2027 1215 2091; x_wconf 72' lang='grc' dir='ltr'>τοιούτοις</span> <span class='ocrx_word' id='word_1_131' title='bbox 1253 2029 1539 2099; x_wconf 80' lang='grc' dir='ltr'>λογισμοῖς</span> <span class='ocrx_word' id='word_1_132' title='bbox 1563 2028 1644 2092; x_wconf 77' lang='grc' dir='ltr'><strong>είς</strong></span> <span class='ocrx_word' id='word_1_133' title='bbox 1674 2029 1736 2083; x_wconf 79' lang='grc' dir='ltr'>τὸ</span> <span class='ocrx_word' id='word_1_134' title='bbox 1758 2046 2000 2099; x_wconf 78' lang='grc' dir='ltr'>πρακτι-</span> 
     </span>
    </p>
   </div>
   <div class='ocr_carea' id='block_1_22' title="bbox 417 2113 1997 2186">
    <p class='ocr_par' dir='ltr' id='par_1_22' title="bbox 417 2113 1997 2186">
     <span class='ocr_line' id='line_1_22' title="bbox 417 2113 1997 2186; baseline 0.006 -21"><span class='ocrx_word' id='word_1_135' title='bbox 417 2113 511 2166; x_wconf 71' lang='grc' dir='ltr'><strong>κὸν</strong></span> <span class='ocrx_word' id='word_1_136' title='bbox 536 2115 628 2168; x_wconf 75' lang='grc' dir='ltr'><strong>τοῦ</strong></span> <span class='ocrx_word' id='word_1_137' title='bbox 655 2115 1028 2179; x_wconf 79' lang='grc' dir='ltr'>νουθετοῦντός</span> <span class='ocrx_word' id='word_1_138' title='bbox 1052 2134 1111 2170; x_wconf 88' lang='grc' dir='ltr'><strong>σε</strong></span> <span class='ocrx_word' id='word_1_139' title='bbox 1136 2119 1392 2186; x_wconf 74' lang='grc' dir='ltr'>ἁπάγειν,</span> <span class='ocrx_word' id='word_1_140' title='bbox 1418 2119 1506 2173; x_wconf 82' lang='grc' dir='ltr'>ἵνα</span> <span class='ocrx_word' id='word_1_141' title='bbox 1530 2119 1703 2173; x_wconf 82' lang='grc' dir='ltr'>δεινόν</span> <span class='ocrx_word' id='word_1_142' title='bbox 1723 2137 1783 2173; x_wconf 78' lang='grc' dir='ltr'><strong>σε</strong></span> <span class='ocrx_word' id='word_1_143' title='bbox 1806 2120 1997 2174; x_wconf 86' lang='grc' dir='ltr'>τούτου</span> 
     </span>
    </p>
   </div>
   <div class='ocr_carea' id='block_1_23' title="bbox 417 2206 2000 2278">
    <p class='ocr_par' dir='ltr' id='par_1_23' title="bbox 417 2206 2000 2278">
     <span class='ocr_line' id='line_1_23' title="bbox 417 2206 2000 2278; baseline 0.005 -22"><span class='ocrx_word' id='word_1_144' title='bbox 417 2206 859 2275; x_wconf 80' lang='grc' dir='ltr'>καταστήσαντες</span> <span class='ocrx_word' id='word_1_145' title='bbox 912 2208 1138 2278; x_wconf 85' lang='grc' dir='ltr'>κριτὴν,</span> <span class='ocrx_word' id='word_1_146' title='bbox 1190 2209 1293 2278; x_wconf 83' lang='grc' dir='ltr'>τῆς</span> <span class='ocrx_word' id='word_1_147' title='bbox 1345 2208 1661 2277; x_wconf 73' lang='grc' dir='ltr'>ἐπωφελοῦς</span> <span class='ocrx_word' id='word_1_148' title='bbox 1716 2209 2000 2275; x_wconf 79' lang='grc' dir='ltr'>νουθεσίας</span> 
     </span>
    </p>
   </div>
   <div class='ocr_carea' id='block_1_24' title="bbox 419 2298 1999 2371">
    <p class='ocr_par' dir='ltr' id='par_1_24' title="bbox 419 2298 1999 2371">
     <span class='ocr_line' id='line_1_24' title="bbox 419 2298 1999 2371; baseline 0.004 -22"><span class='ocrx_word' id='word_1_149' title='bbox 419 2298 790 2367; x_wconf 73' lang='grc' dir='ltr'>άποστήσωσι.</span> <span class='ocrx_word' id='word_1_150' title='bbox 813 2300 905 2370; x_wconf 72' lang='grc' dir='ltr'><strong>Μὴ</strong></span> <span class='ocrx_word' id='word_1_151' title='bbox 928 2300 1231 2357; x_wconf 67' lang='grc' dir='ltr'>ἀπαναίνου</span> <span class='ocrx_word' id='word_1_152' title='bbox 1261 2300 1701 2371; x_wconf 72' lang='grc' dir='ltr'>νουθετούμενος,</span> <span class='ocrx_word' id='word_1_153' title='bbox 1731 2301 1837 2356; x_wconf 77' lang='grc' dir='ltr'><strong>κᾶν</strong></span> <span class='ocrx_word' id='word_1_154' title='bbox 1860 2317 1999 2370; x_wconf 78' lang='grc' dir='ltr'>γνωο</span> 
     </span>
    </p>
   </div>
   <div class='ocr_carea' id='block_1_25' title="bbox 422 2391 2003 2465">
    <p class='ocr_par' dir='ltr' id='par_1_25' title="bbox 422 2391 2003 2465">
     <span class='ocr_line' id='line_1_25' title="bbox 422 2391 2003 2465; baseline 0.001 -21"><span class='ocrx_word' id='word_1_155' title='bbox 422 2391 603 2454; x_wconf 69' lang='grc' dir='ltr'>στικὸς</span> <span class='ocrx_word' id='word_1_156' title='bbox 632 2391 904 2465; x_wconf 56' lang='grc' dir='ltr'>ὑπάρχεις</span> <span class='ocrx_word' id='word_1_157' title='bbox 939 2394 1038 2446; x_wconf 81' lang='grc' dir='ltr'>ἐὰν</span> <span class='ocrx_word' id='word_1_158' title='bbox 1066 2394 1175 2463; x_wconf 75' lang='grc' dir='ltr'>γὰρ</span> <span class='ocrx_word' id='word_1_159' title='bbox 1203 2393 1267 2447; x_wconf 80' lang='grc' dir='ltr'>τὺ</span> <span class='ocrx_word' id='word_1_160' title='bbox 1303 2393 1608 2463; x_wconf 78' lang='grc' dir='ltr'>πρακτικὸν</span> <span class='ocrx_word' id='word_1_161' title='bbox 1633 2393 1736 2462; x_wconf 79' lang='grc' dir='ltr'>τῆς</span> <span class='ocrx_word' id='word_1_162' title='bbox 1769 2410 2003 2460; x_wconf 68' lang='grc' dir='ltr'>γνωστο-</span> 
     </span>
    </p>
   </div>
   <div class='ocr_carea' id='block_1_26' title="bbox 419 2480 2003 2554">
    <p class='ocr_par' dir='ltr' id='par_1_26' title="bbox 419 2480 2003 2554">
     <span class='ocr_line' id='line_1_26' title="bbox 419 2480 2003 2554; baseline 0.001 -22"><span class='ocrx_word' id='word_1_163' title='bbox 419 2480 526 2549; x_wconf 86' lang='grc' dir='ltr'>κῆς</span> <span class='ocrx_word' id='word_1_164' title='bbox 550 2481 883 2554; x_wconf 72' lang='grc' dir='ltr'>ἀποζευχθῇ,</span> <span class='ocrx_word' id='word_1_165' title='bbox 932 2483 1095 2554; x_wconf 72' lang='grc' dir='ltr'>χρεία</span> <span class='ocrx_word' id='word_1_166' title='bbox 1115 2483 1210 2537; x_wconf 79' lang='grc' dir='ltr'><strong>τοῦ</strong></span> <span class='ocrx_word' id='word_1_167' title='bbox 1242 2481 1563 2550; x_wconf 74' lang='grc' dir='ltr'>ζευγνύντος</span> <span class='ocrx_word' id='word_1_168' title='bbox 1586 2482 1685 2551; x_wconf 83' lang='grc' dir='ltr'><strong>τὴν</strong></span> <span class='ocrx_word' id='word_1_169' title='bbox 1720 2480 2003 2551; x_wconf 76' lang='grc' dir='ltr'>ὁποτέρων</span> 
     </span>
    </p>
   </div>
   <div class='ocr_carea' id='block_1_27' title="bbox 418 2571 2000 2645">
    <p class='ocr_par' dir='ltr' id='par_1_27' title="bbox 418 2571 2000 2645">
     <span class='ocr_line' id='line_1_27' title="bbox 418 2571 2000 2645; baseline 0.001 -21"><span class='ocrx_word' id='word_1_170' title='bbox 418 2571 529 2624; x_wconf 82' lang='grc' dir='ltr'><strong>τῶν</strong></span> <span class='ocrx_word' id='word_1_171' title='bbox 553 2572 783 2645; x_wconf 79' lang='grc' dir='ltr'>ἀρετῶν</span> <span class='ocrx_word' id='word_1_172' title='bbox 812 2573 1076 2645; x_wconf 79' lang='grc' dir='ltr'>ἁρμονίαν</span> <span class='ocrx_word' id='word_1_173' title='bbox 1099 2576 1165 2644; x_wconf 84' lang='grc' dir='ltr'>τῇ</span> <span class='ocrx_word' id='word_1_174' title='bbox 1207 2575 1407 2644; x_wconf 78' lang='grc' dir='ltr'>φρικτῇ</span> <span class='ocrx_word' id='word_1_175' title='bbox 1444 2573 1544 2643; x_wconf 80' lang='grc' dir='ltr'>τῆς</span> <span class='ocrx_word' id='word_1_176' title='bbox 1574 2572 1811 2643; x_wconf 78' lang='grc' dir='ltr'>κρίσεως</span> <span class='ocrx_word' id='word_1_177' title='bbox 1853 2572 2000 2642; x_wconf 77' lang='grc' dir='ltr'>δίκη.</span> 
     </span>
    </p>
   </div>
   <div class='ocr_carea' id='block_1_28' title="bbox 430 2662 2001 2736">
    <p class='ocr_par' dir='ltr' id='par_1_28' title="bbox 430 2662 2001 2736">
     <span class='ocr_line' id='line_1_28' title="bbox 430 2662 2001 2736; baseline 0.001 -22"><span class='ocrx_word' id='word_1_178' title='bbox 430 2662 490 2713; x_wconf 83' lang='grc'><strong>’0</strong></span> <span class='ocrx_word' id='word_1_179' title='bbox 512 2663 612 2734; x_wconf 72' lang='grc' dir='ltr'><strong>τὴν</strong></span> <span class='ocrx_word' id='word_1_180' title='bbox 642 2664 898 2735; x_wconf 80' lang='grc' dir='ltr'>πατρῴαν</span> <span class='ocrx_word' id='word_1_181' title='bbox 939 2666 1158 2736; x_wconf 78' lang='grc' dir='ltr'>ἐντολὴν</span> <span class='ocrx_word' id='word_1_182' title='bbox 1195 2669 1263 2719; x_wconf 80' lang='grc' dir='ltr'><strong>ἐκ</strong></span> <span class='ocrx_word' id='word_1_183' title='bbox 1298 2664 1392 2719; x_wconf 80' lang='grc' dir='ltr'>τοῦ</span> <span class='ocrx_word' id='word_1_184' title='bbox 1444 2664 1584 2727; x_wconf 82' lang='grc' dir='ltr'>ὠτὸς</span> <span class='ocrx_word' id='word_1_185' title='bbox 1641 2663 2001 2726; x_wconf 74' lang='grc' dir='ltr'>ἐκτινάσσων,</span> 
     </span>
    </p>
   </div>
   <div class='ocr_carea' id='block_1_29' title="bbox 420 2752 2006 2824">
    <p class='ocr_par' dir='ltr' id='par_1_29' title="bbox 420 2752 2006 2824">
     <span class='ocr_line' id='line_1_29' title="bbox 420 2752 2006 2824; baseline -0.002 -14"><span class='ocrx_word' id='word_1_186' title='bbox 420 2754 515 2810; x_wconf 75' lang='grc' dir='ltr'>καὶ</span> <span class='ocrx_word' id='word_1_187' title='bbox 543 2754 771 2824; x_wconf 79' lang='grc' dir='ltr'>νομικῆς</span> <span class='ocrx_word' id='word_1_188' title='bbox 803 2754 1027 2822; x_wconf 76' lang='grc' dir='ltr'>ἐντολῆς</span> <span class='ocrx_word' id='word_1_189' title='bbox 1068 2756 1347 2824; x_wconf 73' lang='grc' dir='ltr'>παρήκοος</span> <span class='ocrx_word' id='word_1_190' title='bbox 1375 2755 1553 2819; x_wconf 75' lang='grc' dir='ltr'>ἔσται,</span> <span class='ocrx_word' id='word_1_191' title='bbox 1590 2752 1665 2823; x_wconf 82' lang='grc' dir='ltr'>μὴ</span> <span class='ocrx_word' id='word_1_192' title='bbox 1690 2753 1849 2823; x_wconf 85' lang='grc' dir='ltr'>μόνον</span> <span class='ocrx_word' id='word_1_193' title='bbox 1875 2769 2006 2807; x_wconf 82' lang='grc' dir='ltr'>κατ-</span> 
     </span>
    </p>
   </div>
   <div class='ocr_carea' id='block_1_30' title="bbox 419 2843 2003 2918">
    <p class='ocr_par' dir='ltr' id='par_1_30' title="bbox 419 2843 2003 2918">
     <span class='ocr_line' id='line_1_30' title="bbox 419 2843 2003 2918; baseline 0.001 -21"><span class='ocrx_word' id='word_1_194' title='bbox 419 2843 714 2915; x_wconf 68' lang='grc' dir='ltr'>ῳθώματκ</span> <span class='ocrx_word' id='word_1_195' title='bbox 777 2847 1036 2918; x_wconf 79' lang='grc' dir='ltr'>Πατέρων</span> <span class='ocrx_word' id='word_1_196' title='bbox 1079 2847 1414 2917; x_wconf 77' lang='grc' dir='ltr'>τερπόμενος</span> <span class='ocrx_word' id='word_1_197' title='bbox 1466 2845 1645 2909; x_wconf 83' lang='grc' dir='ltr'>λάλει,</span> <span class='ocrx_word' id='word_1_198' title='bbox 1712 2844 1850 2897; x_wconf 77' lang='grc' dir='ltr'>ἀλλὰ</span> <span class='ocrx_word' id='word_1_199' title='bbox 1903 2844 2003 2899; x_wconf 71' lang='grc' dir='ltr'>καὶ</span> 
     </span>
    </p>
   </div>
   <div class='ocr_carea' id='block_1_31' title="bbox 422 2934 2005 3008">
    <p class='ocr_par' dir='ltr' id='par_1_31' title="bbox 422 2934 2005 3008">
     <span class='ocr_line' id='line_1_31' title="bbox 422 2934 2005 3008; baseline 0.001 -21"><span class='ocrx_word' id='word_1_200' title='bbox 422 2935 647 2989; x_wconf 82' lang='grc' dir='ltr'>σεαυτὸν</span> <span class='ocrx_word' id='word_1_201' title='bbox 687 2937 925 3008; x_wconf 75' lang='grc' dir='ltr'>ἐργάτην</span> <span class='ocrx_word' id='word_1_202' title='bbox 979 2935 1182 3001; x_wconf 79' lang='grc' dir='ltr'>τούτων</span> <span class='ocrx_word' id='word_1_203' title='bbox 1228 2934 1597 2991; x_wconf 82' lang='grc' dir='ltr'>πονικώτατον</span> <span class='ocrx_word' id='word_1_204' title='bbox 1639 2936 1885 2993; x_wconf 76' lang='grc' dir='ltr'>ἀπαίτει.</span> <span class='ocrx_word' id='word_1_205' title='bbox 1944 2936 2005 2989; x_wconf 83' lang='grc'><strong>’0</strong></span> 
     </span>
    </p>
   </div>
   <div class='ocr_carea' id='block_1_32' title="bbox 2108 447 3681 509">
    <p class='ocr_par' dir='ltr' id='par_1_32' title="bbox 2108 447 3681 509">
     <span class='ocr_line' id='line_1_32' title="bbox 2108 447 3681 509; baseline 0.007 -11"><span class='ocrx_word' id='word_1_206' title='bbox 2108 447 2251 500; x_wconf 79' lang='lat' dir='ltr'><strong>vebit</strong></span> <span class='ocrx_word' id='word_1_207' title='bbox 2284 448 2702 506; x_wconf 69' lang='lat' dir='ltr'><strong>intellectualem</strong></span> <span class='ocrx_word' id='word_1_208' title='bbox 2742 454 3035 509; x_wconf 75' lang='lat' dir='ltr'><strong>essentiam</strong></span> <span class='ocrx_word' id='word_1_209' title='bbox 3075 453 3141 509; x_wconf 87' lang='lat' dir='ltr'><strong>ad</strong></span> <span class='ocrx_word' id='word_1_210' title='bbox 3172 453 3456 508; x_wconf 82' lang='lat' dir='ltr'><strong>meliorum</strong></span> <span class='ocrx_word' id='word_1_211' title='bbox 3499 468 3681 509; x_wconf 86' lang='lat' dir='ltr'><strong>rerum</strong></span> 
     </span>
    </p>
   </div>
   <div class='ocr_carea' id='block_1_33' title="bbox 2106 542 3683 611">
    <p class='ocr_par' dir='ltr' id='par_1_33' title="bbox 2106 542 3683 611">
     <span class='ocr_line' id='line_1_33' title="bbox 2106 542 3683 611; baseline 0.004 -19"><span class='ocrx_word' id='word_1_212' title='bbox 2106 542 2663 611; x_wconf 81' lang='lat' dir='ltr'><strong>contemplationem;</strong></span> <span class='ocrx_word' id='word_1_213' title='bbox 2704 543 2879 598; x_wconf 77' lang='lat' dir='ltr'><strong>activa</strong></span> <span class='ocrx_word' id='word_1_214' title='bbox 2925 558 3052 599; x_wconf 88' lang='lat' dir='ltr'><strong>vero</strong></span> <span class='ocrx_word' id='word_1_215' title='bbox 3092 543 3380 598; x_wconf 83' lang='lat' dir='ltr'><strong>tuortilicat</strong></span> <span class='ocrx_word' id='word_1_216' title='bbox 3414 545 3683 611; x_wconf 81' lang='lat' dir='ltr'><strong>membra,</strong></span> 
     </span>
    </p>
   </div>
   <div class='ocr_carea' id='block_1_34' title="bbox 2106 635 3683 705">
    <p class='ocr_par' dir='ltr' id='par_1_34' title="bbox 2106 635 3683 705">
     <span class='ocr_line' id='line_1_34' title="bbox 2106 635 3683 705; baseline 0.005 -23"><span class='ocrx_word' id='word_1_217' title='bbox 2106 645 2226 700; x_wconf 76' lang='lat' dir='ltr'><strong>qua:</strong></span> <span class='ocrx_word' id='word_1_218' title='bbox 2255 641 2383 687; x_wconf 91' lang='lat' dir='ltr'><strong>sunt</strong></span> <span class='ocrx_word' id='word_1_219' title='bbox 2411 648 2573 703; x_wconf 87' lang='lat' dir='ltr'><strong>super</strong></span> <span class='ocrx_word' id='word_1_220' title='bbox 2605 641 2826 697; x_wconf 86' lang='lat' dir='ltr'><strong>terram,</strong></span> <span class='ocrx_word' id='word_1_221' title='bbox 2856 635 3264 700; x_wconf 88' lang='lat' dir='ltr'><strong>scurtationem,</strong></span> <span class='ocrx_word' id='word_1_222' title='bbox 3287 635 3683 705; x_wconf 80' lang='lat' dir='ltr'><strong>impuritatcm,</strong></span> 
     </span>
    </p>
   </div>
   <div class='ocr_carea' id='block_1_35' title="bbox 2106 721 3678 797">
    <p class='ocr_par' dir='ltr' id='par_1_35' title="bbox 2106 721 3678 797">
     <span class='ocr_line' id='line_1_35' title="bbox 2106 721 3678 797; baseline 0.003 -22"><span class='ocrx_word' id='word_1_223' title='bbox 2106 721 2436 789; x_wconf 78' lang='lat' dir='ltr'><strong>passionem,</strong></span> <span class='ocrx_word' id='word_1_224' title='bbox 2463 724 2660 777; x_wconf 87' lang='lat' dir='ltr'><strong>malam</strong></span> <span class='ocrx_word' id='word_1_225' title='bbox 2687 725 3183 793; x_wconf 86' lang='lat' dir='ltr'><strong>concupiscentiam</strong></span> <span class='ocrx_word' id='word_1_226' title='bbox 3206 744 3220 790; x_wconf 89' lang='lat'><strong>;</strong></span> <span class='ocrx_word' id='word_1_227' title='bbox 3255 726 3348 795; x_wconf 89' lang='lat' dir='ltr'><strong>qui</strong></span> <span class='ocrx_word' id='word_1_228' title='bbox 3374 741 3503 797; x_wconf 82' lang='lat' dir='ltr'><strong>ergo</strong></span> <span class='ocrx_word' id='word_1_229' title='bbox 3529 728 3678 781; x_wconf 85' lang='lat' dir='ltr'><strong>omni</strong></span> 
     </span>
    </p>
   </div>
   <div class='ocr_carea' id='block_1_36' title="bbox 2107 814 3681 885">
    <p class='ocr_par' dir='ltr' id='par_1_36' title="bbox 2107 814 3681 885">
     <span class='ocr_line' id='line_1_36' title="bbox 2107 814 3681 885; baseline 0.004 -19"><span class='ocrx_word' id='word_1_230' title='bbox 2107 814 2297 868; x_wconf 87' lang='lat' dir='ltr'><strong>barum</strong></span> <span class='ocrx_word' id='word_1_231' title='bbox 2335 816 2618 873; x_wconf 86' lang='lat' dir='ltr'><strong>ambarum</strong></span> <span class='ocrx_word' id='word_1_232' title='bbox 2644 816 2991 885; x_wconf 79' lang='lat' dir='ltr'><strong>circumscpti</strong></span> <span class='ocrx_word' id='word_1_233' title='bbox 3028 827 3154 871; x_wconf 90' lang='lat' dir='ltr'><strong>sunt</strong></span> <span class='ocrx_word' id='word_1_234' title='bbox 3181 827 3482 879; x_wconf 76' lang='lat' dir='ltr'><strong>armatura,</strong></span> <span class='ocrx_word' id='word_1_235' title='bbox 3524 817 3681 873; x_wconf 80' lang='lat' dir='ltr'><strong>facile</strong></span> 
     </span>
    </p>
   </div>
   <div class='ocr_carea' id='block_1_37' title="bbox 2105 897 3681 973">
    <p class='ocr_par' dir='ltr' id='par_1_37' title="bbox 2105 897 3681 973">
     <span class='ocr_line' id='line_1_37' title="bbox 2105 897 3681 973; baseline 0.004 -21"><span class='ocrx_word' id='word_1_236' title='bbox 2105 897 2358 969; x_wconf 82' lang='lat' dir='ltr'><strong>deinceps</strong></span> <span class='ocrx_word' id='word_1_237' title='bbox 2402 900 2667 957; x_wconf 87' lang='lat' dir='ltr'><strong>adversus</strong></span> <span class='ocrx_word' id='word_1_238' title='bbox 2716 903 3026 956; x_wconf 71' lang='lat' dir='ltr'><strong>dminonum</strong></span> <span class='ocrx_word' id='word_1_239' title='bbox 3080 906 3397 973; x_wconf 78' lang='lat' dir='ltr'><strong>pravitatem</strong></span> <span class='ocrx_word' id='word_1_240' title='bbox 3452 920 3681 958; x_wconf 89' lang='lat' dir='ltr'><strong>consur-</strong></span> 
     </span>
    </p>
   </div>
   <div class='ocr_carea' id='block_1_38' title="bbox 2104 987 3681 1063">
    <p class='ocr_par' dir='ltr' id='par_1_38' title="bbox 2104 987 3681 1063">
     <span class='ocr_line' id='line_1_38' title="bbox 2104 987 3681 1063; baseline 0.004 -24"><span class='ocrx_word' id='word_1_241' title='bbox 2104 996 2231 1056; x_wconf 88' lang='lat' dir='ltr'><strong>gent</strong></span> <span class='ocrx_word' id='word_1_242' title='bbox 2263 1007 2276 1041; x_wconf 90' lang='lat'><strong>:</strong></span> <span class='ocrx_word' id='word_1_243' title='bbox 2309 987 2584 1046; x_wconf 74' lang='lat' dir='ltr'><strong>daemones</strong></span> <span class='ocrx_word' id='word_1_244' title='bbox 2623 992 2819 1046; x_wconf 79' lang='lat' dir='ltr'><strong>anima:</strong></span> <span class='ocrx_word' id='word_1_245' title='bbox 2847 995 3044 1049; x_wconf 85' lang='lat' dir='ltr'><strong>bellum</strong></span> <span class='ocrx_word' id='word_1_246' title='bbox 3079 993 3316 1048; x_wconf 88' lang='lat' dir='ltr'><strong>inferunt</strong></span> <span class='ocrx_word' id='word_1_247' title='bbox 3346 1009 3439 1063; x_wconf 88' lang='lat' dir='ltr'><strong>per</strong></span> <span class='ocrx_word' id='word_1_248' title='bbox 3473 994 3681 1062; x_wconf 84' lang='lat' dir='ltr'><strong>cogita-</strong></span> 
     </span>
    </p>
   </div>
   <div class='ocr_carea' id='block_1_39' title="bbox 2106 1077 3680 1154">
    <p class='ocr_par' dir='ltr' id='par_1_39' title="bbox 2106 1077 3680 1154">
     <span class='ocr_line' id='line_1_39' title="bbox 2106 1077 3680 1154; baseline 0.004 -21"><span class='ocrx_word' id='word_1_249' title='bbox 2106 1077 2301 1146; x_wconf 89' lang='lat' dir='ltr'><strong>tiones,</strong></span> <span class='ocrx_word' id='word_1_250' title='bbox 2360 1089 2410 1135; x_wconf 85' lang='lat' dir='ltr'><strong>et</strong></span> <span class='ocrx_word' id='word_1_251' title='bbox 2447 1082 2520 1136; x_wconf 76' lang='lat' dir='ltr'><strong>illi</strong></span> <span class='ocrx_word' id='word_1_252' title='bbox 2554 1085 2833 1140; x_wconf 89' lang='lat' dir='ltr'><strong>molestius</strong></span> <span class='ocrx_word' id='word_1_253' title='bbox 2862 1096 3083 1142; x_wconf 77' lang='lat' dir='ltr'><strong>econtra</strong></span> <span class='ocrx_word' id='word_1_254' title='bbox 3112 1102 3207 1154; x_wconf 90' lang='lat' dir='ltr'><strong>per</strong></span> <span class='ocrx_word' id='word_1_255' title='bbox 3240 1085 3553 1154; x_wconf 78' lang='lat' dir='ltr'><strong>patientiam</strong></span> <span class='ocrx_word' id='word_1_256' title='bbox 3580 1101 3680 1154; x_wconf 85' lang='lat' dir='ltr'><strong>op—</strong></span> 
     </span>
    </p>
   </div>
   <div class='ocr_carea' id='block_1_40' title="bbox 2103 1172 3678 1245">
    <p class='ocr_par' dir='ltr' id='par_1_40' title="bbox 2103 1172 3678 1245">
     <span class='ocr_line' id='line_1_40' title="bbox 2103 1172 3678 1245; baseline 0.001 -22"><span class='ocrx_word' id='word_1_257' title='bbox 2103 1182 2447 1240; x_wconf 67' lang='lat' dir='ltr'><strong>pu.uantur;</strong></span> <span class='ocrx_word' id='word_1_258' title='bbox 2519 1176 2661 1228; x_wconf 84' lang='lat' dir='ltr'><strong>unde</strong></span> <span class='ocrx_word' id='word_1_259' title='bbox 2743 1176 2932 1229; x_wconf 89' lang='lat' dir='ltr'><strong>timido</strong></span> <span class='ocrx_word' id='word_1_260' title='bbox 3004 1176 3305 1245; x_wconf 87' lang='lat' dir='ltr'><strong>procedunt</strong></span> <span class='ocrx_word' id='word_1_261' title='bbox 3366 1173 3551 1227; x_wconf 86' lang='lat' dir='ltr'><strong>animo</strong></span> <span class='ocrx_word' id='word_1_262' title='bbox 3612 1172 3678 1226; x_wconf 88' lang='lat' dir='ltr'><strong>ad</strong></span> 
     </span>
    </p>
   </div>
   <div class='ocr_carea' id='block_1_41' title="bbox 2103 1263 3679 1337">
    <p class='ocr_par' dir='ltr' id='par_1_41' title="bbox 2103 1263 3679 1337">
     <span class='ocr_line' id='line_1_41' title="bbox 2103 1263 3679 1337; baseline 0.001 -21"><span class='ocrx_word' id='word_1_263' title='bbox 2103 1265 2368 1333; x_wconf 70' lang='lat' dir='ltr'><strong>prtelium,</strong></span> <span class='ocrx_word' id='word_1_264' title='bbox 2423 1283 2616 1337; x_wconf 73' lang='lat' dir='ltr'><strong>pugna:</strong></span> <span class='ocrx_word' id='word_1_265' title='bbox 2667 1268 2860 1322; x_wconf 86' lang='lat' dir='ltr'><strong>ducem</strong></span> <span class='ocrx_word' id='word_1_266' title='bbox 2899 1268 3241 1336; x_wconf 80' lang='lat' dir='ltr'><strong>suspicantes</strong></span> <span class='ocrx_word' id='word_1_267' title='bbox 3283 1275 3576 1335; x_wconf 76' lang='lat' dir='ltr'><strong>potentem.</strong></span> <span class='ocrx_word' id='word_1_268' title='bbox 3619 1263 3679 1317; x_wconf 83' lang='lat' dir='ltr'><strong>Si</strong></span> 
     </span>
    </p>
   </div>
   <div class='ocr_carea' id='block_1_42' title="bbox 2103 1354 3678 1427">
    <p class='ocr_par' dir='ltr' id='par_1_42' title="bbox 2103 1354 3678 1427">
     <span class='ocr_line' id='line_1_42' title="bbox 2103 1354 3678 1427; baseline 0.003 -22"><span class='ocrx_word' id='word_1_269' title='bbox 2103 1354 2340 1410; x_wconf 87' lang='lat' dir='ltr'><strong>volueris</strong></span> <span class='ocrx_word' id='word_1_270' title='bbox 2364 1356 2623 1412; x_wconf 70' lang='lat' dir='ltr'><strong>adversus</strong></span> <span class='ocrx_word' id='word_1_271' title='bbox 2649 1357 2956 1412; x_wconf 59' lang='lat' dir='ltr'><strong>dicmonum</strong></span> <span class='ocrx_word' id='word_1_272' title='bbox 2984 1367 3215 1413; x_wconf 88' lang='lat' dir='ltr'><strong>turmam</strong></span> <span class='ocrx_word' id='word_1_273' title='bbox 3248 1357 3444 1413; x_wconf 88' lang='lat' dir='ltr'><strong>bellum</strong></span> <span class='ocrx_word' id='word_1_274' title='bbox 3472 1372 3678 1427; x_wconf 84' lang='lat' dir='ltr'><strong>gerere,</strong></span> 
     </span>
    </p>
   </div>
   <div class='ocr_carea' id='block_1_43' title="bbox 2101 1446 3680 1519">
    <p class='ocr_par' dir='ltr' id='par_1_43' title="bbox 2101 1446 3680 1519">
     <span class='ocr_line' id='line_1_43' title="bbox 2101 1446 3680 1519; baseline 0.003 -22"><span class='ocrx_word' id='word_1_275' title='bbox 2101 1446 2282 1519; x_wconf 86' lang='lat' dir='ltr'><strong>quiete</strong></span> <span class='ocrx_word' id='word_1_276' title='bbox 2312 1448 2554 1502; x_wconf 82' lang='lat' dir='ltr'><strong>modesta</strong></span> <span class='ocrx_word' id='word_1_277' title='bbox 2583 1449 2758 1517; x_wconf 89' lang='lat' dir='ltr'><strong>sopito</strong></span> <span class='ocrx_word' id='word_1_278' title='bbox 2788 1459 2972 1519; x_wconf 90' lang='lat' dir='ltr'><strong>portas</strong></span> <span class='ocrx_word' id='word_1_279' title='bbox 3004 1450 3199 1504; x_wconf 68' lang='lat' dir='ltr'><strong>animae</strong></span> <span class='ocrx_word' id='word_1_280' title='bbox 3224 1459 3349 1512; x_wconf 64' lang='lat' dir='ltr'><strong>tum,</strong></span> <span class='ocrx_word' id='word_1_281' title='bbox 3381 1463 3680 1517; x_wconf 83' lang='lat' dir='ltr'><strong>auremque</strong></span> 
     </span>
    </p>
   </div>
   <div class='ocr_carea' id='block_1_44' title="bbox 2103 1537 3677 1612">
    <p class='ocr_par' dir='ltr' id='par_1_44' title="bbox 2103 1537 3677 1612">
     <span class='ocr_line' id='line_1_44' title="bbox 2103 1537 3677 1612; baseline 0.001 -23"><span class='ocrx_word' id='word_1_282' title='bbox 2103 1546 2250 1590; x_wconf 89' lang='lat' dir='ltr'><strong>tuam</strong></span> <span class='ocrx_word' id='word_1_283' title='bbox 2296 1538 2640 1592; x_wconf 79' lang='lat' dir='ltr'><strong>sermonibus</strong></span> <span class='ocrx_word' id='word_1_284' title='bbox 2684 1548 2842 1609; x_wconf 78' lang='lat' dir='ltr'><strong>tange</strong></span> <span class='ocrx_word' id='word_1_285' title='bbox 2901 1539 3268 1612; x_wconf 79' lang='lat' dir='ltr'><strong>paternitatis,</strong></span> <span class='ocrx_word' id='word_1_286' title='bbox 3320 1548 3379 1592; x_wconf 92' lang='lat' dir='ltr'><strong>ut</strong></span> <span class='ocrx_word' id='word_1_287' title='bbox 3415 1537 3677 1591; x_wconf 89' lang='lat' dir='ltr'><strong>nimirum</strong></span> 
     </span>
    </p>
   </div>
   <div class='ocr_carea' id='block_1_45' title="bbox 2100 1626 3680 1705">
    <p class='ocr_par' dir='ltr' id='par_1_45' title="bbox 2100 1626 3680 1705">
     <span class='ocr_line' id='line_1_45' title="bbox 2100 1626 3680 1705; baseline 0.001 -24"><span class='ocrx_word' id='word_1_288' title='bbox 2100 1626 2266 1705; x_wconf 72' lang='grc'><strong>426</strong></span> <span class='ocrx_word' id='word_1_289' title='bbox 2316 1639 2445 1681; x_wconf 89' lang='lat' dir='ltr'><strong>tunc</strong></span> <span class='ocrx_word' id='word_1_290' title='bbox 2492 1629 2665 1695; x_wconf 72' lang='lat' dir='ltr'><strong>magis</strong></span> <span class='ocrx_word' id='word_1_291' title='bbox 2721 1630 3009 1684; x_wconf 87' lang='lat' dir='ltr'><strong>addiscens</strong></span> <span class='ocrx_word' id='word_1_292' title='bbox 3050 1629 3436 1698; x_wconf 77' lang='lat' dir='ltr'><strong>cogitationum</strong></span> <span class='ocrx_word' id='word_1_293' title='bbox 3493 1629 3680 1699; x_wconf 85' lang='lat' dir='ltr'><strong>spinas</strong></span> 
     </span>
    </p>
   </div>
   <div class='ocr_carea' id='block_1_46' title="bbox 2102 1716 3675 1788">
    <p class='ocr_par' dir='ltr' id='par_1_46' title="bbox 2102 1716 3675 1788">
     <span class='ocr_line' id='line_1_46' title="bbox 2102 1716 3675 1788; baseline 0.003 -17"><span class='ocrx_word' id='word_1_294' title='bbox 2102 1719 2428 1784; x_wconf 75' lang='lat' dir='ltr'><strong>succentlas,</strong></span> <span class='ocrx_word' id='word_1_295' title='bbox 2455 1716 2675 1788; x_wconf 83' lang='lat' dir='ltr'><strong>quando</strong></span> <span class='ocrx_word' id='word_1_296' title='bbox 2699 1729 2951 1788; x_wconf 85' lang='lat' dir='ltr'><strong>paternas</strong></span> <span class='ocrx_word' id='word_1_297' title='bbox 2974 1719 3214 1775; x_wconf 86' lang='lat' dir='ltr'><strong>audieris</strong></span> <span class='ocrx_word' id='word_1_298' title='bbox 3241 1720 3675 1776; x_wconf 87' lang='lat' dir='ltr'><strong>admonitiones:</strong></span> 
     </span>
    </p>
   </div>
   <div class='ocr_carea' id='block_1_47' title="bbox 2100 1810 3606 1893">
    <p class='ocr_par' dir='ltr' id='par_1_47' title="bbox 2100 1810 3606 1880">
     <span class='ocr_line' id='line_1_47' title="bbox 2100 1810 3606 1880; baseline 0.001 -17"><span class='ocrx_word' id='word_1_299' title='bbox 2100 1823 2212 1864; x_wconf 89' lang='lat' dir='ltr'><strong>non</strong></span> <span class='ocrx_word' id='word_1_300' title='bbox 2244 1825 2468 1880; x_wconf 89' lang='lat' dir='ltr'><strong>operum</strong></span> <span class='ocrx_word' id='word_1_301' title='bbox 2500 1810 2781 1878; x_wconf 81' lang='lat' dir='ltr'><strong>sisjudex,</strong></span> <span class='ocrx_word' id='word_1_302' title='bbox 2808 1810 2902 1865; x_wconf 90' lang='lat' dir='ltr'><strong>sed</strong></span> <span class='ocrx_word' id='word_1_303' title='bbox 2935 1811 3223 1866; x_wconf 83' lang='lat' dir='ltr'><strong>verborum</strong></span> <span class='ocrx_word' id='word_1_304' title='bbox 3247 1811 3606 1866; x_wconf 79' lang='lat' dir='ltr'><strong>examinator.</strong></span> 
     </span>
    </p>
   </div>
   <div class='ocr_carea' id='block_1_48' title="bbox 2682 1924 3092 1980">
    <p class='ocr_par' dir='ltr' id='par_1_48' title="bbox 2682 1924 3092 1980">
     <span class='ocr_line' id='line_1_48' title="bbox 2682 1924 3092 1980; baseline -0.005 0"><span class='ocrx_word' id='word_1_305' title='bbox 2682 1924 2913 1980; x_wconf 82' lang='lat' dir='ltr'><strong>CAPUT</strong></span> <span class='ocrx_word' id='word_1_306' title='bbox 2952 1924 3092 1978; x_wconf 75' lang='lat' dir='ltr'><strong>XVI.</strong></span> 
     </span>
    </p>
   </div>
   <div class='ocr_carea' id='block_1_49' title="bbox 2171 2036 3677 2109">
    <p class='ocr_par' dir='ltr' id='par_1_49' title="bbox 2171 2036 3677 2109">
     <span class='ocr_line' id='line_1_49' title="bbox 2171 2036 3677 2109; baseline -0.005 -12"><span class='ocrx_word' id='word_1_307' title='bbox 2171 2039 2359 2097; x_wconf 84' lang='lat' dir='ltr'><strong>Solent</strong></span> <span class='ocrx_word' id='word_1_308' title='bbox 2418 2053 2611 2109; x_wconf 82' lang='lat' dir='ltr'><strong>nempe</strong></span> <span class='ocrx_word' id='word_1_309' title='bbox 2668 2039 3042 2107; x_wconf 80' lang='lat' dir='ltr'><strong>hujuscemodi</strong></span> <span class='ocrx_word' id='word_1_310' title='bbox 3102 2038 3467 2109; x_wconf 76' lang='lat' dir='ltr'><strong>cogitationes</strong></span> <span class='ocrx_word' id='word_1_311' title='bbox 3507 2045 3562 2090; x_wconf 90' lang='lat' dir='ltr'><strong>te</strong></span> <span class='ocrx_word' id='word_1_312' title='bbox 3608 2036 3677 2090; x_wconf 82' lang='lat' dir='ltr'><strong>ad</strong></span> 
     </span>
    </p>
   </div>
   <div class='ocr_carea' id='block_1_50' title="bbox 2100 2127 3677 2201">
    <p class='ocr_par' dir='ltr' id='par_1_50' title="bbox 2100 2127 3677 2201">
     <span class='ocr_line' id='line_1_50' title="bbox 2100 2127 3677 2201; baseline -0.003 -15"><span class='ocrx_word' id='word_1_313' title='bbox 2100 2131 2456 2201; x_wconf 80' lang='lat' dir='ltr'><strong>aptitudinem</strong></span> <span class='ocrx_word' id='word_1_314' title='bbox 2483 2140 2737 2200; x_wconf 86' lang='lat' dir='ltr'><strong>gestuum</strong></span> <span class='ocrx_word' id='word_1_315' title='bbox 2752 2130 3097 2184; x_wconf 80' lang='lat' dir='ltr'><strong>admonentis</strong></span> <span class='ocrx_word' id='word_1_316' title='bbox 3118 2130 3406 2194; x_wconf 82' lang='lat' dir='ltr'><strong>abducere,</strong></span> <span class='ocrx_word' id='word_1_317' title='bbox 3430 2138 3489 2182; x_wconf 90' lang='lat' dir='ltr'><strong>ut</strong></span> <span class='ocrx_word' id='word_1_318' title='bbox 3514 2127 3677 2195; x_wconf 84' lang='lat' dir='ltr'><strong>hujus</strong></span> 
     </span>
    </p>
   </div>
   <div class='ocr_carea' id='block_1_51' title="bbox 2100 2220 3675 2295">
    <p class='ocr_par' dir='ltr' id='par_1_51' title="bbox 2100 2220 3675 2295">
     <span class='ocr_line' id='line_1_51' title="bbox 2100 2220 3675 2295; baseline -0.002 -19"><span class='ocrx_word' id='word_1_319' title='bbox 2100 2233 2167 2276; x_wconf 74' lang='lat' dir='ltr'><strong>te</strong></span> <span class='ocrx_word' id='word_1_320' title='bbox 2182 2222 2417 2295; x_wconf 77' lang='lat' dir='ltr'><strong>peritum</strong></span> <span class='ocrx_word' id='word_1_321' title='bbox 2444 2221 2839 2276; x_wconf 76' lang='lat' dir='ltr'><strong>constituentes</strong></span> <span class='ocrx_word' id='word_1_322' title='bbox 2863 2221 3099 2291; x_wconf 81' lang='lat' dir='ltr'><strong>judicent</strong></span> <span class='ocrx_word' id='word_1_323' title='bbox 3125 2236 3153 2273; x_wconf 89' lang='lat' dir='ltr'><strong>a</strong></span> <span class='ocrx_word' id='word_1_324' title='bbox 3182 2220 3394 2290; x_wconf 88' lang='lat' dir='ltr'><strong>perutili</strong></span> <span class='ocrx_word' id='word_1_325' title='bbox 3429 2228 3675 2273; x_wconf 88' lang='lat' dir='ltr'><strong>avertant</strong></span> 
     </span>
    </p>
   </div>
   <div class='ocr_carea' id='block_1_52' title="bbox 2100 2310 3681 2381">
    <p class='ocr_par' dir='ltr' id='par_1_52' title="bbox 2100 2310 3681 2381">
     <span class='ocr_line' id='line_1_52' title="bbox 2100 2310 3681 2381; baseline -0.003 -13"><span class='ocrx_word' id='word_1_326' title='bbox 2100 2313 2490 2368; x_wconf 74' lang='lat' dir='ltr'><strong>admonitione.</strong></span> <span class='ocrx_word' id='word_1_327' title='bbox 2530 2310 2653 2367; x_wconf 73' lang='lat' dir='ltr'><strong>Non</strong></span> <span class='ocrx_word' id='word_1_328' title='bbox 2675 2327 2896 2371; x_wconf 80' lang='lat' dir='ltr'><strong>recuses</strong></span> <span class='ocrx_word' id='word_1_329' title='bbox 2921 2312 3255 2377; x_wconf 81' lang='lat' dir='ltr'><strong>admonitus,</strong></span> <span class='ocrx_word' id='word_1_330' title='bbox 3278 2314 3530 2381; x_wconf 75' lang='lat' dir='ltr'><strong>quamvis</strong></span> <span class='ocrx_word' id='word_1_331' title='bbox 3561 2310 3681 2364; x_wconf 86' lang='lat' dir='ltr'><strong>fue—</strong></span> 
     </span>
    </p>
   </div>
   <div class='ocr_carea' id='block_1_53' title="bbox 2101 2404 3681 2476">
    <p class='ocr_par' dir='ltr' id='par_1_53' title="bbox 2101 2404 3681 2476">
     <span class='ocr_line' id='line_1_53' title="bbox 2101 2404 3681 2476; baseline -0.003 -15"><span class='ocrx_word' id='word_1_332' title='bbox 2101 2406 2180 2461; x_wconf 86' lang='lat' dir='ltr'><strong>ris</strong></span> <span class='ocrx_word' id='word_1_333' title='bbox 2211 2404 2576 2476; x_wconf 73' lang='lat' dir='ltr'><strong>cognoscendi</strong></span> <span class='ocrx_word' id='word_1_334' title='bbox 2615 2404 2873 2460; x_wconf 77' lang='lat' dir='ltr'><strong>facultate</strong></span> <span class='ocrx_word' id='word_1_335' title='bbox 2904 2406 3200 2474; x_wconf 77' lang='lat' dir='ltr'><strong>pmditus;</strong></span> <span class='ocrx_word' id='word_1_336' title='bbox 3244 2405 3289 2457; x_wconf 81' lang='lat' dir='ltr'><strong>sl</strong></span> <span class='ocrx_word' id='word_1_337' title='bbox 3326 2404 3525 2458; x_wconf 87' lang='lat' dir='ltr'><strong>etenim</strong></span> <span class='ocrx_word' id='word_1_338' title='bbox 3556 2418 3681 2472; x_wconf 79' lang='lat' dir='ltr'><strong>quae</strong></span> 
     </span>
    </p>
   </div>
   <div class='ocr_carea' id='block_1_54' title="bbox 2103 2492 3676 2568">
    <p class='ocr_par' dir='ltr' id='par_1_54' title="bbox 2103 2492 3676 2568">
     <span class='ocr_line' id='line_1_54' title="bbox 2103 2492 3676 2568; baseline -0.003 -17"><span class='ocrx_word' id='word_1_339' title='bbox 2103 2500 2339 2568; x_wconf 80' lang='lat' dir='ltr'><strong>praetica</strong></span> <span class='ocrx_word' id='word_1_340' title='bbox 2393 2506 2481 2552; x_wconf 88' lang='lat' dir='ltr'><strong>est</strong></span> <span class='ocrx_word' id='word_1_341' title='bbox 2520 2496 2752 2553; x_wconf 70' lang='lat' dir='ltr'><strong>facuitas</strong></span> <span class='ocrx_word' id='word_1_342' title='bbox 2804 2514 2837 2552; x_wconf 84' lang='lat' dir='ltr'><strong>a</strong></span> <span class='ocrx_word' id='word_1_343' title='bbox 2893 2497 3262 2566; x_wconf 86' lang='lat' dir='ltr'><strong>cognoscitiva</strong></span> <span class='ocrx_word' id='word_1_344' title='bbox 3310 2492 3676 2565; x_wconf 83' lang='lat' dir='ltr'><strong>disjungatur,</strong></span> 
     </span>
    </p>
   </div>
   <div class='ocr_carea' id='block_1_55' title="bbox 2102 2588 3679 2659">
    <p class='ocr_par' dir='ltr' id='par_1_55' title="bbox 2102 2588 3679 2659">
     <span class='ocr_line' id='line_1_55' title="bbox 2102 2588 3679 2659; baseline -0.003 -15"><span class='ocrx_word' id='word_1_345' title='bbox 2102 2604 2242 2659; x_wconf 77' lang='lat' dir='ltr'><strong>Opus</strong></span> <span class='ocrx_word' id='word_1_346' title='bbox 2272 2598 2357 2644; x_wconf 85' lang='lat' dir='ltr'><strong>est</strong></span> <span class='ocrx_word' id='word_1_347' title='bbox 2384 2603 2471 2653; x_wconf 88' lang='lat' dir='ltr'><strong>eo,</strong></span> <span class='ocrx_word' id='word_1_348' title='bbox 2500 2589 2594 2658; x_wconf 81' lang='lat' dir='ltr'><strong>qui</strong></span> <span class='ocrx_word' id='word_1_349' title='bbox 2628 2589 2924 2659; x_wconf 78' lang='lat' dir='ltr'><strong>conjungat</strong></span> <span class='ocrx_word' id='word_1_350' title='bbox 2945 2589 3227 2643; x_wconf 84' lang='lat' dir='ltr'><strong>ambarum</strong></span> <span class='ocrx_word' id='word_1_351' title='bbox 3254 2588 3515 2641; x_wconf 85' lang='lat' dir='ltr'><strong>virtutum</strong></span> <span class='ocrx_word' id='word_1_352' title='bbox 3540 2600 3679 2639; x_wconf 85' lang='lat' dir='ltr'><strong>eon-</strong></span> 
     </span>
    </p>
   </div>
   <div class='ocr_carea' id='block_1_56' title="bbox 2102 2678 3679 2750">
    <p class='ocr_par' dir='ltr' id='par_1_56' title="bbox 2102 2678 3679 2750">
     <span class='ocr_line' id='line_1_56' title="bbox 2102 2678 3679 2750; baseline -0.004 -14"><span class='ocrx_word' id='word_1_353' title='bbox 2102 2681 2345 2736; x_wconf 86' lang='lat' dir='ltr'><strong>cordlam</strong></span> <span class='ocrx_word' id='word_1_354' title='bbox 2396 2680 2673 2736; x_wconf 84' lang='lat' dir='ltr'><strong>tremenda</strong></span> <span class='ocrx_word' id='word_1_355' title='bbox 2716 2681 2908 2750; x_wconf 68' lang='lat' dir='ltr'><strong>judicii</strong></span> <span class='ocrx_word' id='word_1_356' title='bbox 2960 2680 3194 2750; x_wconf 85' lang='lat' dir='ltr'><strong>justitia.</strong></span> <span class='ocrx_word' id='word_1_357' title='bbox 3239 2678 3341 2744; x_wconf 79' lang='lat' dir='ltr'><strong>Qui</strong></span> <span class='ocrx_word' id='word_1_358' title='bbox 3392 2690 3679 2747; x_wconf 87' lang='lat' dir='ltr'><strong>paternum</strong></span> 
     </span>
    </p>
   </div>
   <div class='ocr_carea' id='block_1_57' title="bbox 2104 2769 3680 2842">
    <p class='ocr_par' dir='ltr' id='par_1_57' title="bbox 2104 2769 3680 2842">
     <span class='ocr_line' id='line_1_57' title="bbox 2104 2769 3680 2842; baseline -0.004 -14"><span class='ocrx_word' id='word_1_359' title='bbox 2104 2774 2420 2828; x_wconf 82' lang='lat' dir='ltr'><strong>mandatum</strong></span> <span class='ocrx_word' id='word_1_360' title='bbox 2447 2773 2657 2827; x_wconf 85' lang='lat' dir='ltr'><strong>excutit</strong></span> <span class='ocrx_word' id='word_1_361' title='bbox 2683 2787 2750 2827; x_wconf 87' lang='lat' dir='ltr'><strong>ex</strong></span> <span class='ocrx_word' id='word_1_362' title='bbox 2779 2786 2932 2834; x_wconf 87' lang='lat' dir='ltr'><strong>aure,</strong></span> <span class='ocrx_word' id='word_1_363' title='bbox 2972 2779 3238 2842; x_wconf 65' lang='lat' dir='ltr'><strong>pracepto</strong></span> <span class='ocrx_word' id='word_1_364' title='bbox 3278 2785 3496 2840; x_wconf 83' lang='lat' dir='ltr'><strong>quoque</strong></span> <span class='ocrx_word' id='word_1_365' title='bbox 3526 2769 3680 2839; x_wconf 79' lang='lat' dir='ltr'><strong>legali</strong></span> 
     </span>
    </p>
   </div>
   <div class='ocr_carea' id='block_1_58' title="bbox 2104 2860 3682 2931">
    <p class='ocr_par' dir='ltr' id='par_1_58' title="bbox 2104 2860 3682 2931">
     <span class='ocr_line' id='line_1_58' title="bbox 2104 2860 3682 2931; baseline -0.004 -10"><span class='ocrx_word' id='word_1_366' title='bbox 2104 2865 2207 2921; x_wconf 87' lang='lat' dir='ltr'><strong>erit</strong></span> <span class='ocrx_word' id='word_1_367' title='bbox 2238 2863 2557 2919; x_wconf 81' lang='lat' dir='ltr'><strong>inobediens</strong></span> <span class='ocrx_word' id='word_1_368' title='bbox 2588 2880 2604 2918; x_wconf 90' lang='lat'><strong>:</strong></span> <span class='ocrx_word' id='word_1_369' title='bbox 2641 2879 2749 2918; x_wconf 89' lang='lat' dir='ltr'><strong>non</strong></span> <span class='ocrx_word' id='word_1_370' title='bbox 2781 2863 2958 2917; x_wconf 88' lang='lat' dir='ltr'><strong>solum</strong></span> <span class='ocrx_word' id='word_1_371' title='bbox 2992 2862 3248 2931; x_wconf 83' lang='lat' dir='ltr'><strong>eloquere</strong></span> <span class='ocrx_word' id='word_1_372' title='bbox 3278 2876 3403 2915; x_wconf 87' lang='lat' dir='ltr'><strong>cum</strong></span> <span class='ocrx_word' id='word_1_373' title='bbox 3444 2860 3682 2914; x_wconf 47' lang='lat' dir='ltr'><strong>delectt»</strong></span> 
     </span>
    </p>
   </div>
   <div class='ocr_carea' id='block_1_59' title="bbox 2106 2952 3685 3024">
    <p class='ocr_par' dir='ltr' id='par_1_59' title="bbox 2106 2952 3685 3024">
     <span class='ocr_line' id='line_1_59' title="bbox 2106 2952 3685 3024; baseline -0.004 -12"><span class='ocrx_word' id='word_1_374' title='bbox 2106 2956 2254 3012; x_wconf 88' lang='lat' dir='ltr'><strong>tione</strong></span> <span class='ocrx_word' id='word_1_375' title='bbox 2283 2955 2511 3009; x_wconf 77' lang='lat' dir='ltr'><strong>fratrum</strong></span> <span class='ocrx_word' id='word_1_376' title='bbox 2540 2970 2629 3009; x_wconf 86' lang='lat' dir='ltr'><strong>res</strong></span> <span class='ocrx_word' id='word_1_377' title='bbox 2659 2955 2796 3008; x_wconf 85' lang='lat' dir='ltr'><strong>bene</strong></span> <span class='ocrx_word' id='word_1_378' title='bbox 2819 2962 3021 3024; x_wconf 81' lang='lat' dir='ltr'><strong>gestas,</strong></span> <span class='ocrx_word' id='word_1_379' title='bbox 3051 2953 3144 3008; x_wconf 89' lang='lat' dir='ltr'><strong>sed</strong></span> <span class='ocrx_word' id='word_1_380' title='bbox 3173 2962 3225 3009; x_wconf 87' lang='lat' dir='ltr'><strong>et</strong></span> <span class='ocrx_word' id='word_1_381' title='bbox 3254 2955 3487 3023; x_wconf 81' lang='lat' dir='ltr'><strong>teipsum</strong></span> <span class='ocrx_word' id='word_1_382' title='bbox 3516 2952 3685 3008; x_wconf 85' lang='lat' dir='ltr'><strong>facto-</strong></span> 
     </span>
    </p>
   </div>
   <div class='ocr_carea' id='block_1_60' title="bbox 422 3025 2006 3113">
    <p class='ocr_par' dir='ltr' id='par_1_60' title="bbox 422 3025 2002 3100">
     <span class='ocr_line' id='line_1_60' title="bbox 422 3025 2002 3100; baseline 0 -20"><span class='ocrx_word' id='word_1_383' title='bbox 422 3027 790 3100; x_wconf 77' lang='grc' dir='ltr'>πονικώτερον</span> <span class='ocrx_word' id='word_1_384' title='bbox 840 3029 1119 3099; x_wconf 70' lang='grc' dir='ltr'>ὲπιζητῶν</span> <span class='ocrx_word' id='word_1_385' title='bbox 1164 3025 1275 3093; x_wconf 74' lang='grc' dir='ltr'>οἶός</span> <span class='ocrx_word' id='word_1_386' title='bbox 1311 3046 1372 3083; x_wconf 80' lang='grc' dir='ltr'><strong>τε</strong></span> <span class='ocrx_word' id='word_1_387' title='bbox 1414 3028 1511 3100; x_wconf 80' lang='grc' dir='ltr'><strong>οἴῳ</strong></span> <span class='ocrx_word' id='word_1_388' title='bbox 1549 3029 1699 3100; x_wconf 85' lang='grc' dir='ltr'>πόνῳ</span> <span class='ocrx_word' id='word_1_389' title='bbox 1746 3028 2002 3099; x_wconf 68' lang='grc' dir='ltr'>λογισμὸς</span> 
     </span>
    </p>
   </div>
   <div class='ocr_carea' id='block_1_61' title="bbox 2111 3025 3686 3113">
    <p class='ocr_par' dir='ltr' id='par_1_61' title="bbox 2111 3042 3686 3113">
     <span class='ocr_line' id='line_1_61' title="bbox 2111 3042 3686 3113; baseline -0.002 -13"><span class='ocrx_word' id='word_1_390' title='bbox 2111 3060 2220 3100; x_wconf 90' lang='lat' dir='ltr'><strong>rem</strong></span> <span class='ocrx_word' id='word_1_391' title='bbox 2249 3059 2437 3100; x_wconf 85' lang='lat' dir='ltr'><strong>earum</strong></span> <span class='ocrx_word' id='word_1_392' title='bbox 2479 3042 2971 3099; x_wconf 81' lang='lat' dir='ltr'><strong>laboriosissimum</strong></span> <span class='ocrx_word' id='word_1_393' title='bbox 3006 3058 3230 3112; x_wconf 82' lang='lat' dir='ltr'><strong>reposce</strong></span> <span class='ocrx_word' id='word_1_394' title='bbox 3261 3058 3277 3098; x_wconf 89' lang='lat'><strong>:</strong></span> <span class='ocrx_word' id='word_1_395' title='bbox 3313 3043 3406 3113; x_wconf 88' lang='lat' dir='ltr'><strong>qui</strong></span> <span class='ocrx_word' id='word_1_396' title='bbox 3447 3043 3686 3097; x_wconf 56' lang='lat' dir='ltr'><strong>lahorio»</strong></span> 
     </span>
    </p>
   </div>
   <div class='ocr_carea' id='block_1_62' title="bbox 420 3120 2003 3192">
    <p class='ocr_par' dir='ltr' id='par_1_62' title="bbox 420 3120 2003 3192">
     <span class='ocr_line' id='line_1_62' title="bbox 420 3120 2003 3192; baseline 0.004 -19"><span class='ocrx_word' id='word_1_397' title='bbox 420 3121 740 3187; x_wconf 81' lang='grc' dir='ltr'>ἀντίκειται,</span> <span class='ocrx_word' id='word_1_398' title='bbox 768 3121 1018 3192; x_wconf 74' lang='grc' dir='ltr'>τεχνίτης</span> <span class='ocrx_word' id='word_1_399' title='bbox 1046 3124 1104 3174; x_wconf 86' lang='grc' dir='ltr'>ἐν</span> <span class='ocrx_word' id='word_1_400' title='bbox 1130 3121 1274 3192; x_wconf 80' lang='grc' dir='ltr'>πάλῃ</span> <span class='ocrx_word' id='word_1_401' title='bbox 1305 3121 1447 3175; x_wconf 72' lang='grc' dir='ltr'>κατὰ</span> <span class='ocrx_word' id='word_1_402' title='bbox 1474 3122 1572 3191; x_wconf 84' lang='grc' dir='ltr'>τῆς</span> <span class='ocrx_word' id='word_1_403' title='bbox 1607 3120 1813 3191; x_wconf 72' lang='grc' dir='ltr'>πλάνης</span> <span class='ocrx_word' id='word_1_404' title='bbox 1851 3120 2003 3191; x_wconf 59' lang='lat' dir='ltr'><strong>stipi-</strong></span> 
     </span>
    </p>
   </div>
   <div class='ocr_carea' id='block_1_63' title="bbox 422 3205 2005 3282">
    <p class='ocr_par' dir='ltr' id='par_1_63' title="bbox 422 3205 2005 3282">
     <span class='ocr_line' id='line_1_63' title="bbox 422 3205 2005 3282; baseline -0.001 -18"><span class='ocrx_word' id='word_1_405' title='bbox 422 3229 632 3279; x_wconf 75' lang='grc' dir='ltr'>σκεται,</span> <span class='ocrx_word' id='word_1_406' title='bbox 659 3216 718 3266; x_wconf 71' lang='grc' dir='ltr'><strong>ἐν</strong></span> <span class='ocrx_word' id='word_1_407' title='bbox 746 3212 889 3275; x_wconf 82' lang='grc' dir='ltr'>ὅλοις</span> <span class='ocrx_word' id='word_1_408' title='bbox 921 3212 979 3265; x_wconf 79' lang='grc' dir='ltr'>δὲ</span> <span class='ocrx_word' id='word_1_409' title='bbox 1013 3214 1127 3275; x_wconf 78' lang='grc' dir='ltr'>τοῖς</span> <span class='ocrx_word' id='word_1_410' title='bbox 1176 3215 1384 3282; x_wconf 84' lang='grc' dir='ltr'>νοεροίς</span> <span class='ocrx_word' id='word_1_411' title='bbox 1414 3228 1509 3264; x_wconf 92' lang='grc' dir='ltr'><strong>σου</strong></span> <span class='ocrx_word' id='word_1_412' title='bbox 1543 3212 1750 3275; x_wconf 79' lang='grc' dir='ltr'>πόνοις,</span> <span class='ocrx_word' id='word_1_413' title='bbox 1797 3205 1878 3275; x_wconf 79' lang='grc' dir='ltr'><strong>οἷς</strong></span> <span class='ocrx_word' id='word_1_414' title='bbox 1909 3209 2005 3263; x_wconf 74' lang='grc' dir='ltr'>ἐὰν</span> 
     </span>
    </p>
   </div>
   <div class='ocr_carea' id='block_1_64' title="bbox 421 3300 2006 3375">
    <p class='ocr_par' dir='ltr' id='par_1_64' title="bbox 421 3300 2006 3375">
     <span class='ocr_line' id='line_1_64' title="bbox 421 3300 2006 3375; baseline -0.003 -16"><span class='ocrx_word' id='word_1_415' title='bbox 421 3302 630 3375; x_wconf 59' lang='grc' dir='ltr'>ἐλλίψῃ,</span> <span class='ocrx_word' id='word_1_416' title='bbox 651 3305 679 3356; x_wconf 97' lang='lat'><strong>6</strong></span> <span class='ocrx_word' id='word_1_417' title='bbox 701 3302 888 3356; x_wconf 79' lang='grc' dir='ltr'>τοῦτον</span> <span class='ocrx_word' id='word_1_418' title='bbox 911 3301 1152 3372; x_wconf 86' lang='grc' dir='ltr'>συλήσας</span> <span class='ocrx_word' id='word_1_419' title='bbox 1175 3303 1290 3356; x_wconf 83' lang='grc' dir='ltr'><strong>ἀντ’</strong></span> <span class='ocrx_word' id='word_1_420' title='bbox 1317 3300 1483 3354; x_wconf 76' lang='grc' dir='ltr'>αὐτοῦ</span> <span class='ocrx_word' id='word_1_421' title='bbox 1507 3300 2006 3372; x_wconf 79' lang='grc' dir='ltr'>παρεισδύει.Μνηο</span> 
     </span>
    </p>
   </div>
   <div class='ocr_carea' id='block_1_65' title="bbox 426 3392 2002 3468">
    <p class='ocr_par' dir='ltr' id='par_1_65' title="bbox 426 3392 2002 3468">
     <span class='ocr_line' id='line_1_65' title="bbox 426 3392 2002 3468; baseline -0.003 -21"><span class='ocrx_word' id='word_1_422' title='bbox 426 3396 618 3468; x_wconf 75' lang='grc' dir='ltr'>μόνευε</span> <span class='ocrx_word' id='word_1_423' title='bbox 653 3398 719 3467; x_wconf 76' lang='grc' dir='ltr'>τῇ</span> <span class='ocrx_word' id='word_1_424' title='bbox 743 3395 956 3449; x_wconf 83' lang='grc' dir='ltr'>συνέσει</span> <span class='ocrx_word' id='word_1_425' title='bbox 980 3394 1089 3449; x_wconf 76' lang='grc' dir='ltr'><strong>τῶν</strong></span> <span class='ocrx_word' id='word_1_426' title='bbox 1113 3395 1290 3448; x_wconf 86' lang='grc' dir='ltr'>πόνων</span> <span class='ocrx_word' id='word_1_427' title='bbox 1312 3395 1601 3465; x_wconf 81' lang='grc' dir='ltr'>συντηρεῖν</span> <span class='ocrx_word' id='word_1_428' title='bbox 1623 3392 1721 3465; x_wconf 79' lang='grc' dir='ltr'>τὴν</span> <span class='ocrx_word' id='word_1_429' title='bbox 1738 3392 1963 3464; x_wconf 84' lang='grc' dir='ltr'>καρδίαν</span> <span class='ocrx_word' id='word_1_430' title='bbox 1987 3433 2002 3459; x_wconf 85' lang='grc'><strong>,</strong></span> 
     </span>
    </p>
   </div>
   <div class='ocr_carea' id='block_1_66' title="bbox 426 3482 2007 3558">
    <p class='ocr_par' dir='ltr' id='par_1_66' title="bbox 426 3482 2007 3558">
     <span class='ocr_line' id='line_1_66' title="bbox 426 3482 2007 3558; baseline -0.008 -14"><span class='ocrx_word' id='word_1_431' title='bbox 426 3488 622 3558; x_wconf 77' lang='grc' dir='ltr'>μήπως</span> <span class='ocrx_word' id='word_1_432' title='bbox 657 3487 690 3558; x_wconf 80' lang='grc' dir='ltr'>ἡ</span> <span class='ocrx_word' id='word_1_433' title='bbox 731 3484 869 3557; x_wconf 86' lang='grc' dir='ltr'>λήθη</span> <span class='ocrx_word' id='word_1_434' title='bbox 897 3485 997 3556; x_wconf 79' lang='grc' dir='ltr'><strong>τῆς</strong></span> <span class='ocrx_word' id='word_1_435' title='bbox 1013 3484 1119 3539; x_wconf 79' lang='grc' dir='ltr'>τῶν</span> <span class='ocrx_word' id='word_1_436' title='bbox 1141 3484 1467 3557; x_wconf 82' lang='grc' dir='ltr'>κρειττόνων</span> <span class='ocrx_word' id='word_1_437' title='bbox 1496 3484 1767 3556; x_wconf 81' lang='grc' dir='ltr'>μερίμνης</span> <span class='ocrx_word' id='word_1_438' title='bbox 1802 3482 2007 3552; x_wconf 86' lang='grc' dir='ltr'>ταύτην</span> 
     </span>
    </p>
   </div>
   <div class='ocr_carea' id='block_1_67' title="bbox 424 3572 2007 3649">
    <p class='ocr_par' dir='ltr' id='par_1_67' title="bbox 424 3572 2007 3649">
     <span class='ocr_line' id='line_1_67' title="bbox 424 3572 2007 3649; baseline -0.003 -18"><span class='ocrx_word' id='word_1_439' title='bbox 424 3577 703 3649; x_wconf 78' lang='grc' dir='ltr'>συλήσασα</span> <span class='ocrx_word' id='word_1_440' title='bbox 734 3580 799 3647; x_wconf 82' lang='grc' dir='ltr'>τῇ</span> <span class='ocrx_word' id='word_1_441' title='bbox 829 3575 939 3628; x_wconf 84' lang='grc' dir='ltr'><strong>τῶν</strong></span> <span class='ocrx_word' id='word_1_442' title='bbox 982 3574 1258 3645; x_wconf 80' lang='grc' dir='ltr'>λογισμῶν</span> <span class='ocrx_word' id='word_1_443' title='bbox 1286 3574 1637 3645; x_wconf 74' lang='grc' dir='ltr'>αἰχμαλωσίᾳ</span> <span class='ocrx_word' id='word_1_444' title='bbox 1673 3572 1900 3645; x_wconf 87' lang='grc' dir='ltr'>παραδῷ</span> <span class='ocrx_word' id='word_1_445' title='bbox 1926 3590 1941 3605; x_wconf 77' lang='grc' dir='ltr'>ο</span> <span class='ocrx_word' id='word_1_446' title='bbox 1972 3575 2007 3644; x_wconf 81' lang='grc' dir='ltr'>ὴ</span> 
     </span>
    </p>
   </div>
   <div class='ocr_carea' id='block_1_68' title="bbox 422 3663 2010 3741">
    <p class='ocr_par' dir='ltr' id='par_1_68' title="bbox 422 3663 2010 3741">
     <span class='ocr_line' id='line_1_68' title="bbox 422 3663 2010 3741; baseline -0.003 -20"><span class='ocrx_word' id='word_1_447' title='bbox 422 3669 533 3740; x_wconf 73' lang='grc' dir='ltr'>γὰρ</span> <span class='ocrx_word' id='word_1_448' title='bbox 578 3667 717 3739; x_wconf 85' lang='grc' dir='ltr'>λήθη</span> <span class='ocrx_word' id='word_1_449' title='bbox 739 3668 837 3739; x_wconf 77' lang='grc' dir='ltr'>τῆς</span> <span class='ocrx_word' id='word_1_450' title='bbox 880 3665 1257 3738; x_wconf 78' lang='grc' dir='ltr'>αἰχμαλωσίας</span> <span class='ocrx_word' id='word_1_451' title='bbox 1286 3664 1576 3741; x_wconf 81' lang='grc' dir='ltr'>προσπηδᾷ</span> <span class='ocrx_word' id='word_1_452' title='bbox 1594 3666 1660 3736; x_wconf 82' lang='grc' dir='ltr'>τῇ</span> <span class='ocrx_word' id='word_1_453' title='bbox 1698 3664 1889 3736; x_wconf 70' lang='grc' dir='ltr'>κακίᾳ,</span> <span class='ocrx_word' id='word_1_454' title='bbox 1918 3663 2010 3716; x_wconf 83' lang='grc' dir='ltr'>ἴνα</span> 
     </span>
    </p>
   </div>
   <div class='ocr_carea' id='block_1_69' title="bbox 425 3755 2011 3829">
    <p class='ocr_par' dir='ltr' id='par_1_69' title="bbox 425 3755 2011 3829">
     <span class='ocr_line' id='line_1_69' title="bbox 425 3755 2011 3829; baseline -0.004 -15"><span class='ocrx_word' id='word_1_455' title='bbox 425 3757 519 3814; x_wconf 69' lang='grc' dir='ltr'><strong>ὑπ’</strong></span> <span class='ocrx_word' id='word_1_456' title='bbox 540 3759 751 3829; x_wconf 80' lang='grc' dir='ltr'>ἐκείνης</span> <span class='ocrx_word' id='word_1_457' title='bbox 774 3758 869 3813; x_wconf 84' lang='grc' dir='ltr'>τοῦ</span> <span class='ocrx_word' id='word_1_458' title='bbox 894 3758 985 3813; x_wconf 78' lang='grc' dir='ltr'><strong>νοῦ</strong></span> <span class='ocrx_word' id='word_1_459' title='bbox 1016 3757 1335 3821; x_wconf 82' lang='grc' dir='ltr'>κλαπέντος,</span> <span class='ocrx_word' id='word_1_460' title='bbox 1363 3756 1594 3827; x_wconf 88' lang='grc' dir='ltr'>ἐτοίμως</span> <span class='ocrx_word' id='word_1_461' title='bbox 1616 3755 1755 3828; x_wconf 81' lang='grc' dir='ltr'>αὕτη</span> <span class='ocrx_word' id='word_1_462' title='bbox 1779 3771 2011 3827; x_wconf 87' lang='grc' dir='ltr'>παρεισ-</span> 
     </span>
    </p>
   </div>
   <div class='ocr_carea' id='block_1_70' title="bbox 426 3848 2011 3922">
    <p class='ocr_par' dir='ltr' id='par_1_70' title="bbox 426 3848 2011 3922">
     <span class='ocr_line' id='line_1_70' title="bbox 426 3848 2011 3922; baseline -0.004 -16"><span class='ocrx_word' id='word_1_463' title='bbox 426 3852 596 3917; x_wconf 71' lang='grc' dir='ltr'>ἐλθοι,</span> <span class='ocrx_word' id='word_1_464' title='bbox 663 3850 785 3915; x_wconf 79' lang='grc' dir='ltr'>νοῦς</span> <span class='ocrx_word' id='word_1_465' title='bbox 822 3850 1189 3922; x_wconf 83' lang='grc' dir='ltr'>κλεπτόμενος</span> <span class='ocrx_word' id='word_1_466' title='bbox 1220 3848 1329 3904; x_wconf 81' lang='grc' dir='ltr'>ἀπὸ</span> <span class='ocrx_word' id='word_1_467' title='bbox 1352 3848 1513 3911; x_wconf 77' lang='grc' dir='ltr'>Θεοῦ,</span> <span class='ocrx_word' id='word_1_468' title='bbox 1542 3850 1637 3905; x_wconf 73' lang='grc' dir='ltr'><strong>καὶ</strong></span> <span class='ocrx_word' id='word_1_469' title='bbox 1664 3851 1882 3920; x_wconf 81' lang='grc' dir='ltr'>μνήμης</span> <span class='ocrx_word' id='word_1_470' title='bbox 1908 3865 2011 3919; x_wconf 80' lang='grc' dir='ltr'>μα-</span> 
     </span>
    </p>
   </div>
   <div class='ocr_carea' id='block_1_71' title="bbox 427 3938 2011 4015">
    <p class='ocr_par' dir='ltr' id='par_1_71' title="bbox 427 3938 2011 4015">
     <span class='ocr_line' id='line_1_71' title="bbox 427 3938 2011 4015; baseline -0.003 -20"><span class='ocrx_word' id='word_1_471' title='bbox 427 3943 777 4015; x_wconf 85' lang='grc' dir='ltr'>κρυνόμενος,</span> <span class='ocrx_word' id='word_1_472' title='bbox 809 3943 900 3997; x_wconf 87' lang='grc' dir='ltr'>καί</span> <span class='ocrx_word' id='word_1_473' title='bbox 927 3941 1015 3995; x_wconf 81' lang='grc' dir='ltr'><strong>διὰ</strong></span> <span class='ocrx_word' id='word_1_474' title='bbox 1042 3940 1151 3994; x_wconf 84' lang='grc' dir='ltr'>τῶν</span> <span class='ocrx_word' id='word_1_475' title='bbox 1180 3939 1336 4004; x_wconf 78' lang='grc' dir='ltr'>ἐκτὸς</span> <span class='ocrx_word' id='word_1_476' title='bbox 1363 3938 1668 4010; x_wconf 82' lang='grc' dir='ltr'>αἰσθήσεων</span> <span class='ocrx_word' id='word_1_477' title='bbox 1694 3939 2011 4009; x_wconf 75' lang='grc' dir='ltr'>ἀδιαφόροις</span> 
     </span>
    </p>
   </div>
   <div class='ocr_carea' id='block_1_72' title="bbox 428 4029 2012 4104">
    <p class='ocr_par' dir='ltr' id='par_1_72' title="bbox 428 4029 2012 4104">
     <span class='ocr_line' id='line_1_72' title="bbox 428 4029 2012 4104; baseline -0.003 -17"><span class='ocrx_word' id='word_1_478' title='bbox 428 4034 732 4103; x_wconf 80' lang='grc' dir='ltr'>ἁμαρτάνει</span> <span class='ocrx_word' id='word_1_479' title='bbox 758 4049 773 4064; x_wconf 76' lang='grc'><strong>⁸</strong></span> <span class='ocrx_word' id='word_1_480' title='bbox 807 4031 975 4104; x_wconf 80' lang='grc' dir='ltr'>ἀκοὴν</span> <span class='ocrx_word' id='word_1_481' title='bbox 1000 4031 1109 4104; x_wconf 81' lang='grc' dir='ltr'>γὰρ</span> <span class='ocrx_word' id='word_1_482' title='bbox 1147 4031 1241 4084; x_wconf 68' lang='grc' dir='ltr'><strong>καὶ</strong></span> <span class='ocrx_word' id='word_1_483' title='bbox 1280 4031 1523 4101; x_wconf 84' lang='grc' dir='ltr'>γλῶτταν</span> <span class='ocrx_word' id='word_1_484' title='bbox 1554 4031 1584 4083; x_wconf 88' lang='lat'><strong>6</strong></span> <span class='ocrx_word' id='word_1_485' title='bbox 1608 4030 1848 4094; x_wconf 85' lang='grc' dir='ltr'>τοιοῦτος</span> <span class='ocrx_word' id='word_1_486' title='bbox 1883 4029 2012 4084; x_wconf 69' lang='grc' dir='ltr'>ἁδυι</span> 
     </span>
    </p>
   </div>
   <div class='ocr_carea' id='block_1_73' title="bbox 427 4121 2012 4196">
    <p class='ocr_par' dir='ltr' id='par_1_73' title="bbox 427 4121 2012 4196">
     <span class='ocr_line' id='line_1_73' title="bbox 427 4121 2012 4196; baseline -0.003 -17"><span class='ocrx_word' id='word_1_487' title='bbox 427 4127 583 4179; x_wconf 84' lang='grc' dir='ltr'>νατεί</span> <span class='ocrx_word' id='word_1_488' title='bbox 618 4125 1054 4196; x_wconf 80' lang='grc' dir='ltr'>παιδαγωγῆσαι,</span> <span class='ocrx_word' id='word_1_489' title='bbox 1097 4124 1179 4177; x_wconf 84' lang='grc' dir='ltr'>ὅτι</span> <span class='ocrx_word' id='word_1_490' title='bbox 1225 4121 1285 4177; x_wconf 79' lang='grc' dir='ltr'><strong>τὸ</strong></span> <span class='ocrx_word' id='word_1_491' title='bbox 1314 4123 1537 4193; x_wconf 80' lang='grc' dir='ltr'>φίλτρον</span> <span class='ocrx_word' id='word_1_492' title='bbox 1582 4123 1691 4177; x_wconf 84' lang='grc' dir='ltr'>τῶν</span> <span class='ocrx_word' id='word_1_493' title='bbox 1739 4123 1917 4176; x_wconf 87' lang='grc' dir='ltr'>πόνων</span> <span class='ocrx_word' id='word_1_494' title='bbox 1948 4122 2012 4175; x_wconf 88' lang='grc' dir='ltr'><strong>ἐκ</strong></span> 
     </span>
    </p>
   </div>
   <div class='ocr_carea' id='block_1_74' title="bbox 427 4212 2012 4289">
    <p class='ocr_par' dir='ltr' id='par_1_74' title="bbox 427 4212 2012 4289">
     <span class='ocr_line' id='line_1_74' title="bbox 427 4212 2012 4289; baseline -0.003 -19"><span class='ocrx_word' id='word_1_495' title='bbox 427 4217 536 4270; x_wconf 80' lang='grc' dir='ltr'>τῶν</span> <span class='ocrx_word' id='word_1_496' title='bbox 570 4216 724 4280; x_wconf 83' lang='grc' dir='ltr'>ἐκτὸς</span> <span class='ocrx_word' id='word_1_497' title='bbox 755 4216 1051 4289; x_wconf 52' lang='grc' dir='ltr'>ἐξατῆκεν.</span> <span class='ocrx_word' id='word_1_498' title='bbox 1095 4216 1156 4271; x_wconf 85' lang='grc'><strong>’0</strong></span> <span class='ocrx_word' id='word_1_499' title='bbox 1189 4214 1358 4286; x_wconf 82' lang='grc' dir='ltr'>φιλῶν</span> <span class='ocrx_word' id='word_1_500' title='bbox 1384 4212 1666 4280; x_wconf 72' lang='grc' dir='ltr'>ἐξακούειν</span> <span class='ocrx_word' id='word_1_501' title='bbox 1692 4213 1784 4266; x_wconf 85' lang='grc' dir='ltr'>τοῦ</span> <span class='ocrx_word' id='word_1_502' title='bbox 1814 4212 2012 4282; x_wconf 79' lang='grc' dir='ltr'>ψέγον-</span> 
     </span>
    </p>
   </div>
   <div class='ocr_carea' id='block_1_75' title="bbox 427 4304 2009 4381">
    <p class='ocr_par' dir='ltr' id='par_1_75' title="bbox 427 4304 2009 4381">
     <span class='ocr_line' id='line_1_75' title="bbox 427 4304 2009 4381; baseline -0.001 -20"><span class='ocrx_word' id='word_1_503' title='bbox 427 4325 519 4372; x_wconf 87' lang='grc' dir='ltr'><strong>τος</strong></span> <span class='ocrx_word' id='word_1_504' title='bbox 546 4307 637 4360; x_wconf 79' lang='grc' dir='ltr'><strong>τὸν</strong></span> <span class='ocrx_word' id='word_1_505' title='bbox 662 4307 808 4362; x_wconf 84' lang='grc' dir='ltr'>δεῖνα</span> <span class='ocrx_word' id='word_1_506' title='bbox 832 4348 846 4371; x_wconf 93' lang='grc'><strong>,</strong></span> <span class='ocrx_word' id='word_1_507' title='bbox 888 4307 1011 4361; x_wconf 68' lang='grc' dir='ltr'>δυσὶ</span> <span class='ocrx_word' id='word_1_508' title='bbox 1035 4308 1316 4379; x_wconf 80' lang='grc' dir='ltr'>συνεργοῖς</span> <span class='ocrx_word' id='word_1_509' title='bbox 1356 4306 1631 4377; x_wconf 79' lang='grc' dir='ltr'>πνεύμασι</span> <span class='ocrx_word' id='word_1_510' title='bbox 1657 4304 2009 4381; x_wconf 78' lang='grc' dir='ltr'>συνεργοῦσιν</span> 
     </span>
    </p>
   </div>
   <div class='ocr_carea' id='block_1_76' title="bbox 429 4389 2086 4472">
    <p class='ocr_par' dir='ltr' id='par_1_76' title="bbox 429 4389 2086 4472">
     <span class='ocr_line' id='line_1_76' title="bbox 429 4389 2086 4472; baseline -0.005 -19"><span class='ocrx_word' id='word_1_511' title='bbox 429 4400 479 4453; x_wconf 89' lang='grc' dir='ltr'>οί</span> <span class='ocrx_word' id='word_1_512' title='bbox 520 4399 613 4453; x_wconf 81' lang='grc' dir='ltr'><strong>δύο</strong></span> <span class='ocrx_word' id='word_1_513' title='bbox 641 4417 656 4431; x_wconf 72' lang='grc' dir='ltr'><strong>ν</strong></span> <span class='ocrx_word' id='word_1_514' title='bbox 697 4402 730 4472; x_wconf 80' lang='grc' dir='ltr'>ἡ</span> <span class='ocrx_word' id='word_1_515' title='bbox 774 4399 881 4471; x_wconf 80' lang='grc' dir='ltr'><strong>γάρ</strong></span> <span class='ocrx_word' id='word_1_516' title='bbox 915 4399 1187 4469; x_wconf 81' lang='grc' dir='ltr'>κακηκοῖα</span> <span class='ocrx_word' id='word_1_517' title='bbox 1232 4398 1331 4468; x_wconf 84' lang='grc' dir='ltr'>τῆς</span> <span class='ocrx_word' id='word_1_518' title='bbox 1363 4397 1697 4470; x_wconf 83' lang='grc' dir='ltr'>κατηγορίας</span> <span class='ocrx_word' id='word_1_519' title='bbox 1748 4395 2006 4468; x_wconf 78' lang='grc' dir='ltr'>συνεργὸς</span> <span class='ocrx_word' id='word_1_520' title='bbox 2042 4389 2086 4444; x_wconf 86' lang='lat' dir='ltr'><strong>D</strong></span> 
     </span>
    </p>
   </div>
   <div class='ocr_carea' id='block_1_77' title="bbox 430 4487 2011 4565">
    <p class='ocr_par' dir='ltr' id='par_1_77' title="bbox 430 4487 2011 4565">
     <span class='ocr_line' id='line_1_77' title="bbox 430 4487 2011 4565; baseline -0.001 -21"><span class='ocrx_word' id='word_1_521' title='bbox 430 4490 727 4562; x_wconf 84' lang='grc' dir='ltr'>τυγχάνει,</span> <span class='ocrx_word' id='word_1_522' title='bbox 782 4492 877 4545; x_wconf 80' lang='grc' dir='ltr'>κα¹ι</span> <span class='ocrx_word' id='word_1_523' title='bbox 921 4489 1119 4565; x_wconf 81' lang='grc' dir='ltr'>ἐρῶσιν</span> <span class='ocrx_word' id='word_1_524' title='bbox 1167 4489 1417 4561; x_wconf 75' lang='grc' dir='ltr'><strong>ἀλλήλων</strong></span> <span class='ocrx_word' id='word_1_525' title='bbox 1494 4490 1577 4553; x_wconf 87' lang='grc' dir='ltr'><strong>είς</strong></span> <span class='ocrx_word' id='word_1_526' title='bbox 1632 4487 1810 4560; x_wconf 80' lang='grc' dir='ltr'>λύμην</span> <span class='ocrx_word' id='word_1_527' title='bbox 1870 4502 2011 4556; x_wconf 63' lang='grc' dir='ltr'>καρο-</span> 
     </span>
    </p>
   </div>
   <div class='ocr_carea' id='block_1_78' title="bbox 430 4582 570 4648">
    <p class='ocr_par' dir='ltr' id='par_1_78' title="bbox 430 4582 570 4648">
     <span class='ocr_line' id='line_1_78' title="bbox 430 4582 570 4648; baseline 0 -11"><span class='ocrx_word' id='word_1_528' title='bbox 430 4582 570 4648; x_wconf 88' lang='grc' dir='ltr'>δίας.</span> 
     </span>
    </p>
   </div>
   <div class='ocr_carea' id='block_1_79' title="bbox 1042 4898 1416 4954">
    <p class='ocr_par' dir='ltr' id='par_1_79' title="bbox 1042 4898 1416 4954">
     <span class='ocr_line' id='line_1_79' title="bbox 1042 4898 1416 4954; baseline -0.005 0"><span class='ocrx_word' id='word_1_529' title='bbox 1042 4898 1289 4954; x_wconf 66' lang='grc' dir='ltr'><strong>ΚΕΦΔΛ.</strong></span> <span class='ocrx_word' id='word_1_530' title='bbox 1318 4899 1416 4953; x_wconf 70' lang='grc' dir='ltr'>ων.</span> 
     </span>
    </p>
   </div>
   <div class='ocr_carea' id='block_1_80' title="bbox 518 5009 2019 5084">
    <p class='ocr_par' dir='ltr' id='par_1_80' title="bbox 518 5009 2019 5084">
     <span class='ocr_line' id='line_1_80' title="bbox 518 5009 2019 5084; baseline -0.003 -15"><span class='ocrx_word' id='word_1_531' title='bbox 518 5016 615 5069; x_wconf 83' lang='grc' dir='ltr'>Ἐκ</span> <span class='ocrx_word' id='word_1_532' title='bbox 639 5015 750 5069; x_wconf 84' lang='grc' dir='ltr'><strong>τῶν</strong></span> <span class='ocrx_word' id='word_1_533' title='bbox 786 5016 1127 5070; x_wconf 66' lang='grc' dir='ltr'>καταλαλῶν</span> <span class='ocrx_word' id='word_1_534' title='bbox 1166 5016 1237 5071; x_wconf 80' lang='grc' dir='ltr'>τὰ</span> <span class='ocrx_word' id='word_1_535' title='bbox 1278 5009 1393 5070; x_wconf 76' lang='grc' dir='ltr'>ὦτά</span> <span class='ocrx_word' id='word_1_536' title='bbox 1433 5030 1527 5066; x_wconf 91' lang='grc' dir='ltr'><strong>σου</strong></span> <span class='ocrx_word' id='word_1_537' title='bbox 1558 5013 1784 5084; x_wconf 79' lang='grc' dir='ltr'>φράξον,</span> <span class='ocrx_word' id='word_1_538' title='bbox 1817 5012 1905 5065; x_wconf 76' lang='grc' dir='ltr'><strong>ἵνα</strong></span> <span class='ocrx_word' id='word_1_539' title='bbox 1941 5011 2019 5084; x_wconf 79' lang='grc' dir='ltr'>μὴ</span> 
     </span>
    </p>
   </div>
   <div class='ocr_carea' id='block_1_81' title="bbox 434 5103 2019 5179">
    <p class='ocr_par' dir='ltr' id='par_1_81' title="bbox 434 5103 2019 5179">
     <span class='ocr_line' id='line_1_81' title="bbox 434 5103 2019 5179; baseline -0.002 -20"><span class='ocrx_word' id='word_1_540' title='bbox 434 5106 627 5168; x_wconf 81' lang='grc' dir='ltr'>διττῶς</span> <span class='ocrx_word' id='word_1_541' title='bbox 655 5106 753 5160; x_wconf 78' lang='grc' dir='ltr'><strong>σὺν</strong></span> <span class='ocrx_word' id='word_1_542' title='bbox 783 5105 967 5169; x_wconf 76' lang='grc' dir='ltr'>αὐτοῖς</span> <span class='ocrx_word' id='word_1_543' title='bbox 989 5108 1293 5179; x_wconf 80' lang='grc' dir='ltr'>ἀνομήσῃς,</span> <span class='ocrx_word' id='word_1_544' title='bbox 1322 5105 1516 5159; x_wconf 82' lang='grc' dir='ltr'>σαυτὸν</span> <span class='ocrx_word' id='word_1_545' title='bbox 1543 5104 1643 5176; x_wconf 75' lang='grc' dir='ltr'><strong>μὲν</strong></span> <span class='ocrx_word' id='word_1_546' title='bbox 1672 5103 1831 5173; x_wconf 76' lang='grc' dir='ltr'>δεινῷ</span> <span class='ocrx_word' id='word_1_547' title='bbox 1853 5103 2019 5158; x_wconf 84' lang='grc' dir='ltr'>πάθει</span> 
     </span>
    </p>
   </div>
   <div class='ocr_carea' id='block_1_82' title="bbox 439 5194 2015 5267">
    <p class='ocr_par' dir='ltr' id='par_1_82' title="bbox 439 5194 2015 5267">
     <span class='ocr_line' id='line_1_82' title="bbox 439 5194 2015 5267; baseline -0.002 -16"><span class='ocrx_word' id='word_1_548' title='bbox 439 5197 655 5263; x_wconf 82' lang='grc' dir='ltr'>ἐθίζων,</span> <span class='ocrx_word' id='word_1_549' title='bbox 702 5198 1077 5267; x_wconf 81' lang='grc' dir='ltr'>γλωσσαλγείν</span> <span class='ocrx_word' id='word_1_550' title='bbox 1120 5198 1177 5252; x_wconf 76' lang='grc' dir='ltr'><strong>δέ</strong></span> <span class='ocrx_word' id='word_1_551' title='bbox 1227 5198 1471 5262; x_wconf 76' lang='grc' dir='ltr'>ἐκείνους</span> <span class='ocrx_word' id='word_1_552' title='bbox 1524 5198 1624 5251; x_wconf 77' lang='grc' dir='ltr'>οὐκ</span> <span class='ocrx_word' id='word_1_553' title='bbox 1672 5194 2015 5250; x_wconf 76' lang='grc' dir='ltr'>ἀνακόπτων.</span> 
     </span>
    </p>
   </div>
   <div class='ocr_carea' id='block_1_83' title="bbox 439 5286 2021 5362">
    <p class='ocr_par' dir='ltr' id='par_1_83' title="bbox 439 5286 2021 5362">
     <span class='ocr_line' id='line_1_83' title="bbox 439 5286 2021 5362; baseline -0.003 -19"><span class='ocrx_word' id='word_1_554' title='bbox 439 5290 629 5360; x_wconf 76' lang='grc' dir='ltr'>Ψυχὴν</span> <span class='ocrx_word' id='word_1_555' title='bbox 655 5291 763 5343; x_wconf 82' lang='grc' dir='ltr'>τῶν</span> <span class='ocrx_word' id='word_1_556' title='bbox 790 5291 1118 5362; x_wconf 85' lang='grc' dir='ltr'>κρειττόνων</span> <span class='ocrx_word' id='word_1_557' title='bbox 1153 5290 1184 5342; x_wconf 87' lang='lat'><strong>6</strong></span> <span class='ocrx_word' id='word_1_558' title='bbox 1206 5288 1592 5359; x_wconf 84' lang='grc' dir='ltr'>φιλοσκώπτης</span> <span class='ocrx_word' id='word_1_559' title='bbox 1625 5286 1897 5361; x_wconf 72' lang='grc' dir='ltr'>λῃστεύει,</span> <span class='ocrx_word' id='word_1_560' title='bbox 1924 5302 2021 5340; x_wconf 86' lang='grc' dir='ltr'>σα-</span> 
     </span>
    </p>
   </div>
   <div class='ocr_carea' id='block_1_84' title="bbox 443 5379 2021 5454">
    <p class='ocr_par' dir='ltr' id='par_1_84' title="bbox 443 5379 2021 5454">
     <span class='ocr_line' id='line_1_84' title="bbox 443 5379 2021 5454; baseline -0.001 -18"><span class='ocrx_word' id='word_1_561' title='bbox 443 5385 579 5450; x_wconf 67' lang='grc' dir='ltr'>θρὰν</span> <span class='ocrx_word' id='word_1_562' title='bbox 616 5381 788 5453; x_wconf 78' lang='grc' dir='ltr'>ἀκοὴν</span> <span class='ocrx_word' id='word_1_563' title='bbox 834 5383 1106 5447; x_wconf 70' lang='grc' dir='ltr'>διαϐολαῖς</span> <span class='ocrx_word' id='word_1_564' title='bbox 1129 5383 1426 5454; x_wconf 83' lang='grc' dir='ltr'>διορύττων</span> <span class='ocrx_word' id='word_1_565' title='bbox 1448 5400 1459 5412; x_wconf 94' lang='grc'><strong>·</strong></span> <span class='ocrx_word' id='word_1_566' title='bbox 1491 5385 1519 5437; x_wconf 91' lang='lat'><strong>6</strong></span> <span class='ocrx_word' id='word_1_567' title='bbox 1559 5382 1615 5435; x_wconf 85' lang='grc' dir='ltr'>δὲ</span> <span class='ocrx_word' id='word_1_568' title='bbox 1647 5379 1879 5454; x_wconf 84' lang='grc' dir='ltr'>διαδρῶν</span> <span class='ocrx_word' id='word_1_569' title='bbox 1921 5381 2021 5452; x_wconf 77' lang='grc' dir='ltr'>τὴν</span> 
     </span>
    </p>
   </div>
   <div class='ocr_carea' id='block_1_85' title="bbox 442 5472 2022 5545">
    <p class='ocr_par' dir='ltr' id='par_1_85' title="bbox 442 5472 2022 5545">
     <span class='ocr_line' id='line_1_85' title="bbox 442 5472 2022 5545; baseline -0.002 -18"><span class='ocrx_word' id='word_1_570' title='bbox 442 5473 535 5527; x_wconf 81' lang='grc' dir='ltr'>τοῦ</span> <span class='ocrx_word' id='word_1_571' title='bbox 561 5473 731 5537; x_wconf 81' lang='grc' dir='ltr'>πέλας</span> <span class='ocrx_word' id='word_1_572' title='bbox 747 5473 986 5545; x_wconf 83' lang='grc' dir='ltr'>λοίδορον</span> <span class='ocrx_word' id='word_1_573' title='bbox 1006 5473 1275 5542; x_wconf 82' lang='grc' dir='ltr'>γλῶσσαν,</span> <span class='ocrx_word' id='word_1_574' title='bbox 1301 5474 1394 5527; x_wconf 78' lang='grc' dir='ltr'>καὶ</span> <span class='ocrx_word' id='word_1_575' title='bbox 1414 5472 1512 5545; x_wconf 77' lang='grc' dir='ltr'><strong>τὴν</strong></span> <span class='ocrx_word' id='word_1_576' title='bbox 1532 5473 1738 5528; x_wconf 69' lang='grc' dir='ltr'>οἰκείαν</span> <span class='ocrx_word' id='word_1_577' title='bbox 1755 5472 2022 5544; x_wconf 76' lang='grc' dir='ltr'>λοιδορίαν</span> 
     </span>
    </p>
   </div>
   <div class='ocr_carea' id='block_1_86' title="bbox 447 5565 2021 5639">
    <p class='ocr_par' dir='ltr' id='par_1_86' title="bbox 447 5565 2021 5639">
     <span class='ocr_line' id='line_1_86' title="bbox 447 5565 2021 5639; baseline 0.001 -20"><span class='ocrx_word' id='word_1_578' title='bbox 447 5566 759 5635; x_wconf 85' lang='grc' dir='ltr'>φυγαδεύει·</span> <span class='ocrx_word' id='word_1_579' title='bbox 792 5566 935 5637; x_wconf 70' lang='grc' dir='ltr'>ἡδεῖς</span> <span class='ocrx_word' id='word_1_580' title='bbox 971 5567 1138 5629; x_wconf 76' lang='grc' dir='ltr'>ἀκοὰς</span> <span class='ocrx_word' id='word_1_581' title='bbox 1164 5566 1192 5618; x_wconf 86' lang='grc' dir='ltr'>ὁ</span> <span class='ocrx_word' id='word_1_582' title='bbox 1218 5565 1298 5636; x_wconf 82' lang='grc' dir='ltr'>τῷ</span> <span class='ocrx_word' id='word_1_583' title='bbox 1340 5565 1564 5639; x_wconf 81' lang='grc' dir='ltr'>λοιδόρῳ</span> <span class='ocrx_word' id='word_1_584' title='bbox 1612 5567 1869 5637; x_wconf 78' lang='grc' dir='ltr'>παρέχων</span> <span class='ocrx_word' id='word_1_585' title='bbox 1893 5606 1908 5628; x_wconf 87' lang='grc'><strong>,</strong></span> <span class='ocrx_word' id='word_1_586' title='bbox 1945 5565 2021 5620; x_wconf 80' lang='grc' dir='ltr'><strong>ίὺν</strong></span> 
     </span>
    </p>
   </div>
   <div class='ocr_carea' id='block_1_87' title="bbox 447 5658 2021 5735">
    <p class='ocr_par' dir='ltr' id='par_1_87' title="bbox 447 5658 2021 5735">
     <span class='ocr_line' id='line_1_87' title="bbox 447 5658 2021 5735; baseline -0.001 -21"><span class='ocrx_word' id='word_1_587' title='bbox 447 5658 614 5735; x_wconf 66' lang='grc' dir='ltr'>θηρὸς</span> <span class='ocrx_word' id='word_1_588' title='bbox 640 5660 747 5722; x_wconf 75' lang='grc' dir='ltr'>τοῖς</span> <span class='ocrx_word' id='word_1_589' title='bbox 768 5659 901 5712; x_wconf 72' lang='grc' dir='ltr'>ὠσίν</span> <span class='ocrx_word' id='word_1_590' title='bbox 930 5659 1177 5728; x_wconf 78' lang='grc' dir='ltr'>ἁμέλγει.</span> <span class='ocrx_word' id='word_1_591' title='bbox 1221 5659 1311 5722; x_wconf 81' lang='grc' dir='ltr'><strong>Μὴ</strong></span> <span class='ocrx_word' id='word_1_592' title='bbox 1333 5660 1572 5721; x_wconf 81' lang='grc' dir='ltr'>γενέσθω</span> <span class='ocrx_word' id='word_1_593' title='bbox 1604 5661 1665 5714; x_wconf 74' lang='grc' dir='ltr'>τὸ</span> <span class='ocrx_word' id='word_1_594' title='bbox 1690 5660 1780 5723; x_wconf 72' lang='grc' dir='ltr'>οὓς</span> <span class='ocrx_word' id='word_1_595' title='bbox 1805 5678 1897 5713; x_wconf 87' lang='grc' dir='ltr'><strong>σου</strong></span> <span class='ocrx_word' id='word_1_596' title='bbox 1922 5659 2021 5727; x_wconf 80' lang='grc' dir='ltr'>τῆς</span> 
     </span>
    </p>
   </div>
   <div class='ocr_carea' id='block_1_88' title="bbox 2105 3136 3689 3207">
    <p class='ocr_par' dir='ltr' id='par_1_88' title="bbox 2105 3136 3689 3207">
     <span class='ocr_line' id='line_1_88' title="bbox 2105 3136 3689 3207; baseline -0.001 -16"><span class='ocrx_word' id='word_1_597' title='bbox 2105 3140 2221 3192; x_wconf 79' lang='lat' dir='ltr'><strong>sius</strong></span> <span class='ocrx_word' id='word_1_598' title='bbox 2247 3136 2476 3207; x_wconf 79' lang='lat' dir='ltr'><strong>inquirit</strong></span> <span class='ocrx_word' id='word_1_599' title='bbox 2505 3136 2683 3207; x_wconf 83' lang='lat' dir='ltr'><strong>qualis</strong></span> <span class='ocrx_word' id='word_1_600' title='bbox 2709 3137 2857 3206; x_wconf 78' lang='lat' dir='ltr'><strong>quali</strong></span> <span class='ocrx_word' id='word_1_601' title='bbox 2882 3136 3053 3191; x_wconf 86' lang='lat' dir='ltr'><strong>labori</strong></span> <span class='ocrx_word' id='word_1_602' title='bbox 3075 3136 3334 3207; x_wconf 83' lang='lat' dir='ltr'><strong>cogitatio</strong></span> <span class='ocrx_word' id='word_1_603' title='bbox 3358 3152 3425 3191; x_wconf 81' lang='lat' dir='ltr'><strong>ex</strong></span> <span class='ocrx_word' id='word_1_604' title='bbox 3454 3137 3689 3191; x_wconf 78' lang='lat' dir='ltr'><strong>adverso</strong></span> 
     </span>
    </p>
   </div>
   <div class='ocr_carea' id='block_1_89' title="bbox 2104 3226 3686 3298">
    <p class='ocr_par' dir='ltr' id='par_1_89' title="bbox 2104 3226 3686 3298">
     <span class='ocr_line' id='line_1_89' title="bbox 2104 3226 3686 3298; baseline -0.001 -17"><span class='ocrx_word' id='word_1_605' title='bbox 2104 3235 2435 3298; x_wconf 86' lang='lat' dir='ltr'><strong>opponatur,</strong></span> <span class='ocrx_word' id='word_1_606' title='bbox 2477 3227 2653 3282; x_wconf 88' lang='lat' dir='ltr'><strong>solers</strong></span> <span class='ocrx_word' id='word_1_607' title='bbox 2688 3226 2883 3282; x_wconf 79' lang='lat' dir='ltr'><strong>artifex</strong></span> <span class='ocrx_word' id='word_1_608' title='bbox 2915 3228 2969 3281; x_wconf 82' lang='lat' dir='ltr'><strong>in</strong></span> <span class='ocrx_word' id='word_1_609' title='bbox 3006 3228 3149 3282; x_wconf 86' lang='lat' dir='ltr'><strong>lucta</strong></span> <span class='ocrx_word' id='word_1_610' title='bbox 3184 3237 3375 3282; x_wconf 81' lang='lat' dir='ltr'><strong>contra</strong></span> <span class='ocrx_word' id='word_1_611' title='bbox 3409 3227 3686 3296; x_wconf 77' lang='lat' dir='ltr'><strong>deceptio-</strong></span> 
     </span>
    </p>
   </div>
   <div class='ocr_carea' id='block_1_90' title="bbox 2106 3319 3688 3389">
    <p class='ocr_par' dir='ltr' id='par_1_90' title="bbox 2106 3319 3688 3389">
     <span class='ocr_line' id='line_1_90' title="bbox 2106 3319 3688 3389; baseline -0.001 -15"><span class='ocrx_word' id='word_1_612' title='bbox 2106 3336 2228 3374; x_wconf 91' lang='lat' dir='ltr'><strong>nem</strong></span> <span class='ocrx_word' id='word_1_613' title='bbox 2255 3319 2561 3389; x_wconf 79' lang='lat' dir='ltr'><strong>reperitur:</strong></span> <span class='ocrx_word' id='word_1_614' title='bbox 2602 3320 2745 3374; x_wconf 80' lang='lat' dir='ltr'><strong>inter</strong></span> <span class='ocrx_word' id='word_1_615' title='bbox 2782 3319 3064 3375; x_wconf 84' lang='lat' dir='ltr'><strong>universos</strong></span> <span class='ocrx_word' id='word_1_616' title='bbox 3091 3328 3279 3376; x_wconf 82' lang='lat' dir='ltr'><strong>autem</strong></span> <span class='ocrx_word' id='word_1_617' title='bbox 3317 3330 3443 3375; x_wconf 81' lang='lat' dir='ltr'><strong>tuos</strong></span> <span class='ocrx_word' id='word_1_618' title='bbox 3479 3319 3688 3375; x_wconf 87' lang='lat' dir='ltr'><strong>intelle-</strong></span> 
     </span>
    </p>
   </div>
   <div class='ocr_carea' id='block_1_91' title="bbox 2106 3412 3689 3484">
    <p class='ocr_par' dir='ltr' id='par_1_91' title="bbox 2106 3412 3689 3484">
     <span class='ocr_line' id='line_1_91' title="bbox 2106 3412 3689 3484; baseline 0 -17"><span class='ocrx_word' id='word_1_619' title='bbox 2106 3412 2312 3468; x_wconf 89' lang='lat' dir='ltr'><strong>ctuales</strong></span> <span class='ocrx_word' id='word_1_620' title='bbox 2342 3412 2576 3477; x_wconf 82' lang='lat' dir='ltr'><strong>labores,</strong></span> <span class='ocrx_word' id='word_1_621' title='bbox 2608 3428 2705 3481; x_wconf 92' lang='lat' dir='ltr'><strong>pro</strong></span> <span class='ocrx_word' id='word_1_622' title='bbox 2733 3427 2833 3477; x_wconf 60' lang='lat' dir='ltr'><strong>eo,</strong></span> <span class='ocrx_word' id='word_1_623' title='bbox 2853 3412 2907 3467; x_wconf 87' lang='lat' dir='ltr'><strong>in</strong></span> <span class='ocrx_word' id='word_1_624' title='bbox 2940 3427 3050 3483; x_wconf 88' lang='lat' dir='ltr'><strong>quo</strong></span> <span class='ocrx_word' id='word_1_625' title='bbox 3084 3413 3369 3480; x_wconf 80' lang='lat' dir='ltr'><strong>defeceris,</strong></span> <span class='ocrx_word' id='word_1_626' title='bbox 3401 3413 3689 3484; x_wconf 84' lang='lat' dir='ltr'><strong>subingre-</strong></span> 
     </span>
    </p>
   </div>
   <div class='ocr_carea' id='block_1_92' title="bbox 2106 3503 3691 3575">
    <p class='ocr_par' dir='ltr' id='par_1_92' title="bbox 2106 3503 3691 3575">
     <span class='ocr_line' id='line_1_92' title="bbox 2106 3503 3691 3575; baseline -0.003 -13"><span class='ocrx_word' id='word_1_627' title='bbox 2106 3505 2273 3569; x_wconf 88' lang='lat' dir='ltr'><strong>ditur,</strong></span> <span class='ocrx_word' id='word_1_628' title='bbox 2303 3504 2398 3575; x_wconf 89' lang='lat' dir='ltr'><strong>qui</strong></span> <span class='ocrx_word' id='word_1_629' title='bbox 2433 3505 2610 3574; x_wconf 88' lang='lat' dir='ltr'><strong>ipsum</strong></span> <span class='ocrx_word' id='word_1_630' title='bbox 2636 3505 2895 3573; x_wconf 87' lang='lat' dir='ltr'><strong>rapuerit.</strong></span> <span class='ocrx_word' id='word_1_631' title='bbox 2927 3503 3036 3561; x_wconf 88' lang='lat' dir='ltr'><strong>Cor</strong></span> <span class='ocrx_word' id='word_1_632' title='bbox 3060 3515 3331 3561; x_wconf 85' lang='lat' dir='ltr'><strong>memento</strong></span> <span class='ocrx_word' id='word_1_633' title='bbox 3358 3521 3691 3561; x_wconf 85' lang='lat' dir='ltr'><strong>conservare</strong></span> 
     </span>
    </p>
   </div>
   <div class='ocr_carea' id='block_1_93' title="bbox 2108 3592 3689 3668">
    <p class='ocr_par' dir='ltr' id='par_1_93' title="bbox 2108 3592 3689 3668">
     <span class='ocr_line' id='line_1_93' title="bbox 2108 3592 3689 3668; baseline -0.001 -16"><span class='ocrx_word' id='word_1_634' title='bbox 2108 3597 2357 3652; x_wconf 87' lang='lat' dir='ltr'><strong>laborum</strong></span> <span class='ocrx_word' id='word_1_635' title='bbox 2396 3596 2709 3668; x_wconf 90' lang='lat' dir='ltr'><strong>prudentia,</strong></span> <span class='ocrx_word' id='word_1_636' title='bbox 2746 3592 2813 3651; x_wconf 87' lang='lat' dir='ltr'><strong>ne</strong></span> <span class='ocrx_word' id='word_1_637' title='bbox 2845 3595 2981 3652; x_wconf 86' lang='lat' dir='ltr'><strong>forte</strong></span> <span class='ocrx_word' id='word_1_638' title='bbox 3012 3597 3300 3653; x_wconf 86' lang='lat' dir='ltr'><strong>meliorum</strong></span> <span class='ocrx_word' id='word_1_639' title='bbox 3339 3612 3519 3652; x_wconf 87' lang='lat' dir='ltr'><strong>rerum</strong></span> <span class='ocrx_word' id='word_1_640' title='bbox 3550 3596 3689 3652; x_wconf 76' lang='grc' dir='ltr'><strong>οὶ)Ιί-</strong></span> 
     </span>
    </p>
   </div>
   <div class='ocr_carea' id='block_1_94' title="bbox 2111 3687 3688 3762">
    <p class='ocr_par' dir='ltr' id='par_1_94' title="bbox 2111 3687 3688 3762">
     <span class='ocr_line' id='line_1_94' title="bbox 2111 3687 3688 3762; baseline 0 -21"><span class='ocrx_word' id='word_1_641' title='bbox 2111 3689 2198 3743; x_wconf 88' lang='lat' dir='ltr'><strong>vio</strong></span> <span class='ocrx_word' id='word_1_642' title='bbox 2228 3703 2346 3744; x_wconf 87' lang='lat' dir='ltr'><strong>eam</strong></span> <span class='ocrx_word' id='word_1_643' title='bbox 2378 3689 2618 3760; x_wconf 77' lang='lat' dir='ltr'><strong>rapiens,</strong></span> <span class='ocrx_word' id='word_1_644' title='bbox 2665 3689 2719 3743; x_wconf 92' lang='lat' dir='ltr'><strong>in</strong></span> <span class='ocrx_word' id='word_1_645' title='bbox 2766 3687 3157 3762; x_wconf 83' lang='lat' dir='ltr'><strong>cogitationum</strong></span> <span class='ocrx_word' id='word_1_646' title='bbox 3205 3688 3375 3747; x_wconf 82' lang='lat' dir='ltr'><strong>tradat</strong></span> <span class='ocrx_word' id='word_1_647' title='bbox 3404 3688 3688 3756; x_wconf 88' lang='lat' dir='ltr'><strong>captivita-</strong></span> 
     </span>
    </p>
   </div>
   <div class='ocr_carea' id='block_1_95' title="bbox 2113 3779 3688 3850">
    <p class='ocr_par' dir='ltr' id='par_1_95' title="bbox 2113 3779 3688 3850">
     <span class='ocr_line' id='line_1_95' title="bbox 2113 3779 3688 3850; baseline -0.002 -14"><span class='ocrx_word' id='word_1_648' title='bbox 2113 3790 2219 3836; x_wconf 88' lang='lat' dir='ltr'><strong>tem</strong></span> <span class='ocrx_word' id='word_1_649' title='bbox 2244 3799 2259 3848; x_wconf 90' lang='lat'><strong>;</strong></span> <span class='ocrx_word' id='word_1_650' title='bbox 2295 3780 2497 3837; x_wconf 88' lang='lat' dir='ltr'><strong>oblivio</strong></span> <span class='ocrx_word' id='word_1_651' title='bbox 2524 3795 2760 3850; x_wconf 79' lang='lat' dir='ltr'><strong>namque</strong></span> <span class='ocrx_word' id='word_1_652' title='bbox 2786 3779 3115 3849; x_wconf 87' lang='lat' dir='ltr'><strong>captivitatis</strong></span> <span class='ocrx_word' id='word_1_653' title='bbox 3146 3779 3323 3835; x_wconf 82' lang='lat' dir='ltr'><strong>assilit</strong></span> <span class='ocrx_word' id='word_1_654' title='bbox 3353 3779 3598 3845; x_wconf 64' lang='lat' dir='ltr'><strong>malitiae,</strong></span> <span class='ocrx_word' id='word_1_655' title='bbox 3627 3790 3688 3835; x_wconf 92' lang='lat' dir='ltr'><strong>ut</strong></span> 
     </span>
    </p>
   </div>
   <div class='ocr_carea' id='block_1_96' title="bbox 2111 3871 3696 3947">
    <p class='ocr_par' dir='ltr' id='par_1_96' title="bbox 2111 3871 3696 3947">
     <span class='ocr_line' id='line_1_96' title="bbox 2111 3871 3696 3947; baseline -0.001 -18"><span class='ocrx_word' id='word_1_656' title='bbox 2111 3873 2182 3929; x_wconf 90' lang='lat' dir='ltr'><strong>ab</strong></span> <span class='ocrx_word' id='word_1_657' title='bbox 2210 3872 2298 3928; x_wconf 87' lang='lat' dir='ltr'><strong>illa</strong></span> <span class='ocrx_word' id='word_1_658' title='bbox 2335 3871 2481 3928; x_wconf 84' lang='lat' dir='ltr'><strong>furto</strong></span> <span class='ocrx_word' id='word_1_659' title='bbox 2507 3872 2669 3941; x_wconf 87' lang='lat' dir='ltr'><strong>quasi</strong></span> <span class='ocrx_word' id='word_1_660' title='bbox 2705 3873 2988 3929; x_wconf 81' lang='lat' dir='ltr'><strong>subtracta</strong></span> <span class='ocrx_word' id='word_1_661' title='bbox 3035 3883 3239 3939; x_wconf 87' lang='lat' dir='ltr'><strong>mente,</strong></span> <span class='ocrx_word' id='word_1_662' title='bbox 3288 3873 3402 3942; x_wconf 87' lang='lat' dir='ltr'><strong>ipsa</strong></span> <span class='ocrx_word' id='word_1_663' title='bbox 3440 3884 3696 3947; x_wconf 85' lang='lat' dir='ltr'><strong>prompte</strong></span> 
     </span>
    </p>
   </div>
   <div class='ocr_carea' id='block_1_97' title="bbox 2112 3962 3690 4030">
    <p class='ocr_par' dir='ltr' id='par_1_97' title="bbox 2112 3962 3690 4030">
     <span class='ocr_line' id='line_1_97' title="bbox 2112 3962 3690 4030; baseline -0.001 -9"><span class='ocrx_word' id='word_1_664' title='bbox 2112 3964 2423 4030; x_wconf 84' lang='lat' dir='ltr'><strong>subintret;</strong></span> <span class='ocrx_word' id='word_1_665' title='bbox 2472 3979 2625 4020; x_wconf 90' lang='lat' dir='ltr'><strong>mens</strong></span> <span class='ocrx_word' id='word_1_666' title='bbox 2664 3978 2787 4019; x_wconf 90' lang='lat' dir='ltr'><strong>cum</strong></span> <span class='ocrx_word' id='word_1_667' title='bbox 2834 3979 2864 4018; x_wconf 89' lang='lat' dir='ltr'><strong>a</strong></span> <span class='ocrx_word' id='word_1_668' title='bbox 2910 3962 3020 4019; x_wconf 90' lang='lat' dir='ltr'><strong>Deo</strong></span> <span class='ocrx_word' id='word_1_669' title='bbox 3066 3964 3283 4021; x_wconf 88' lang='lat' dir='ltr'><strong>sublata</strong></span> <span class='ocrx_word' id='word_1_670' title='bbox 3324 3963 3509 4030; x_wconf 85' lang='lat' dir='ltr'><strong>fuerit,</strong></span> <span class='ocrx_word' id='word_1_671' title='bbox 3559 3974 3614 4021; x_wconf 90' lang='lat' dir='ltr'><strong>et</strong></span> <span class='ocrx_word' id='word_1_672' title='bbox 3658 3980 3690 4019; x_wconf 89' lang='lat' dir='ltr'><strong>a</strong></span> 
     </span>
    </p>
   </div>
   <div class='ocr_carea' id='block_1_98' title="bbox 2111 4058 3698 4129">
    <p class='ocr_par' dir='ltr' id='par_1_98' title="bbox 2111 4058 3698 4129">
     <span class='ocr_line' id='line_1_98' title="bbox 2111 4058 3698 4129; baseline 0.001 -14"><span class='ocrx_word' id='word_1_673' title='bbox 2111 4059 2374 4115; x_wconf 88' lang='lat' dir='ltr'><strong>memoria</strong></span> <span class='ocrx_word' id='word_1_674' title='bbox 2425 4059 2616 4129; x_wconf 82' lang='lat' dir='ltr'><strong>procul</strong></span> <span class='ocrx_word' id='word_1_675' title='bbox 2658 4058 2936 4124; x_wconf 87' lang='lat' dir='ltr'><strong>submota,</strong></span> <span class='ocrx_word' id='word_1_676' title='bbox 3000 4075 3096 4129; x_wconf 88' lang='lat' dir='ltr'><strong>per</strong></span> <span class='ocrx_word' id='word_1_677' title='bbox 3149 4061 3449 4117; x_wconf 83' lang='lat' dir='ltr'><strong>exteriores</strong></span> <span class='ocrx_word' id='word_1_678' title='bbox 3494 4077 3698 4117; x_wconf 79' lang='lat' dir='ltr'><strong>sensus.</strong></span> 
     </span>
    </p>
   </div>
   <div class='ocr_carea' id='block_1_99' title="bbox 2113 4149 3692 4230">
    <p class='ocr_par' dir='ltr' id='par_1_99' title="bbox 2113 4149 3692 4230">
     <span class='ocr_line' id='line_1_99' title="bbox 2113 4149 3692 4230; baseline 0.001 -24"><span class='ocrx_word' id='word_1_679' title='bbox 2113 4160 2301 4221; x_wconf 81' lang='lat' dir='ltr'><strong>peccat</strong></span> <span class='ocrx_word' id='word_1_680' title='bbox 2321 4150 2484 4207; x_wconf 84' lang='lat' dir='ltr'><strong>etiam</strong></span> <span class='ocrx_word' id='word_1_681' title='bbox 2521 4149 2888 4207; x_wconf 74' lang='lat' dir='ltr'><strong>indiﬂ‘erenter</strong></span> <span class='ocrx_word' id='word_1_682' title='bbox 2923 4169 2935 4207; x_wconf 90' lang='lat'><strong>:</strong></span> <span class='ocrx_word' id='word_1_683' title='bbox 2975 4151 3355 4223; x_wconf 84' lang='lat' dir='ltr'><strong>hujuscemodi</strong></span> <span class='ocrx_word' id='word_1_684' title='bbox 3384 4167 3578 4230; x_wconf 78' lang='lat' dir='ltr'><strong>nempe</strong></span> <span class='ocrx_word' id='word_1_685' title='bbox 3610 4153 3692 4207; x_wconf 75' lang='lat' dir='ltr'><strong>vir</strong></span> 
     </span>
    </p>
   </div>
   <div class='ocr_carea' id='block_1_100' title="bbox 2111 4239 3697 4312">
    <p class='ocr_par' dir='ltr' id='par_1_100' title="bbox 2111 4239 3697 4312">
     <span class='ocr_line' id='line_1_100' title="bbox 2111 4239 3697 4312; baseline 0.001 -17"><span class='ocrx_word' id='word_1_686' title='bbox 2111 4241 2357 4295; x_wconf 81' lang='lat' dir='ltr'><strong>auditum</strong></span> <span class='ocrx_word' id='word_1_687' title='bbox 2403 4249 2567 4307; x_wconf 90' lang='lat' dir='ltr'><strong>atque</strong></span> <span class='ocrx_word' id='word_1_688' title='bbox 2586 4239 2825 4309; x_wconf 87' lang='lat' dir='ltr'><strong>linguam</strong></span> <span class='ocrx_word' id='word_1_689' title='bbox 2859 4240 3083 4295; x_wconf 90' lang='lat' dir='ltr'><strong>minime</strong></span> <span class='ocrx_word' id='word_1_690' title='bbox 3111 4250 3285 4312; x_wconf 86' lang='lat' dir='ltr'><strong>potest</strong></span> <span class='ocrx_word' id='word_1_691' title='bbox 3320 4257 3527 4312; x_wconf 84' lang='lat' dir='ltr'><strong>regere,</strong></span> <span class='ocrx_word' id='word_1_692' title='bbox 3564 4242 3697 4310; x_wconf 84' lang='lat' dir='ltr'><strong>quia</strong></span> 
     </span>
    </p>
   </div>
   <div class='ocr_carea' id='block_1_101' title="bbox 2115 4330 3697 4409">
    <p class='ocr_par' dir='ltr' id='par_1_101' title="bbox 2115 4330 3697 4409">
     <span class='ocr_line' id='line_1_101' title="bbox 2115 4330 3697 4409; baseline 0.003 -24"><span class='ocrx_word' id='word_1_693' title='bbox 2115 4332 2361 4391; x_wconf 87' lang='lat' dir='ltr'><strong>laborum</strong></span> <span class='ocrx_word' id='word_1_694' title='bbox 2406 4330 2571 4409; x_wconf 67' lang='grc'><strong>427</strong></span> <span class='ocrx_word' id='word_1_695' title='bbox 2618 4333 2950 4401; x_wconf 86' lang='lat' dir='ltr'><strong>voluptatem</strong></span> <span class='ocrx_word' id='word_1_696' title='bbox 3000 4334 3071 4388; x_wconf 89' lang='lat' dir='ltr'><strong>ab</strong></span> <span class='ocrx_word' id='word_1_697' title='bbox 3121 4334 3490 4390; x_wconf 80' lang='lat' dir='ltr'><strong>exterioribus</strong></span> <span class='ocrx_word' id='word_1_698' title='bbox 3534 4335 3697 4404; x_wconf 88' lang='lat' dir='ltr'><strong>quasi</strong></span> 
     </span>
    </p>
   </div>
   <div class='ocr_carea' id='block_1_102' title="bbox 2114 4426 3693 4497">
    <p class='ocr_par' dir='ltr' id='par_1_102' title="bbox 2114 4426 3693 4497">
     <span class='ocr_line' id='line_1_102' title="bbox 2114 4426 3693 4497; baseline -0.001 -18"><span class='ocrx_word' id='word_1_699' title='bbox 2114 4426 2404 4497; x_wconf 76' lang='lat' dir='ltr'><strong>instigatus</strong></span> <span class='ocrx_word' id='word_1_700' title='bbox 2425 4426 2637 4481; x_wconf 89' lang='lat' dir='ltr'><strong>dimisit</strong></span> <span class='ocrx_word' id='word_1_701' title='bbox 2664 4444 2677 4480; x_wconf 88' lang='lat'><strong>:</strong></span> <span class='ocrx_word' id='word_1_702' title='bbox 2709 4428 2801 4496; x_wconf 88' lang='lat' dir='ltr'><strong>qui</strong></span> <span class='ocrx_word' id='word_1_703' title='bbox 2832 4438 2977 4482; x_wconf 90' lang='lat' dir='ltr'><strong>amat</strong></span> <span class='ocrx_word' id='word_1_704' title='bbox 3006 4426 3201 4482; x_wconf 89' lang='lat' dir='ltr'><strong>audire</strong></span> <span class='ocrx_word' id='word_1_705' title='bbox 3224 4443 3373 4492; x_wconf 90' lang='lat' dir='ltr'><strong>eum,</strong></span> <span class='ocrx_word' id='word_1_706' title='bbox 3402 4427 3495 4495; x_wconf 91' lang='lat' dir='ltr'><strong>qui</strong></span> <span class='ocrx_word' id='word_1_707' title='bbox 3523 4441 3693 4481; x_wconf 85' lang='lat' dir='ltr'><strong>unum</strong></span> 
     </span>
    </p>
   </div>
   <div class='ocr_carea' id='block_1_103' title="bbox 2114 4516 3692 4590">
    <p class='ocr_par' dir='ltr' id='par_1_103' title="bbox 2114 4516 3692 4590">
     <span class='ocr_line' id='line_1_103' title="bbox 2114 4516 3692 4590; baseline -0.002 -17"><span class='ocrx_word' id='word_1_708' title='bbox 2114 4518 2275 4573; x_wconf 87' lang='lat' dir='ltr'><strong>talem</strong></span> <span class='ocrx_word' id='word_1_709' title='bbox 2302 4518 2593 4589; x_wconf 81' lang='lat' dir='ltr'><strong>vituperat,</strong></span> <span class='ocrx_word' id='word_1_710' title='bbox 2635 4519 2798 4573; x_wconf 83' lang='lat' dir='ltr'><strong>ambo</strong></span> <span class='ocrx_word' id='word_1_711' title='bbox 2831 4519 3258 4590; x_wconf 87' lang='lat' dir='ltr'><strong>cooperantibus</strong></span> <span class='ocrx_word' id='word_1_712' title='bbox 3283 4518 3498 4573; x_wconf 87' lang='lat' dir='ltr'><strong>duobus</strong></span> <span class='ocrx_word' id='word_1_713' title='bbox 3531 4516 3692 4585; x_wconf 81' lang='lat' dir='ltr'><strong>spiri-</strong></span> 
     </span>
    </p>
   </div>
   <div class='ocr_carea' id='block_1_104' title="bbox 2119 4608 3689 4678">
    <p class='ocr_par' dir='ltr' id='par_1_104' title="bbox 2119 4608 3689 4678">
     <span class='ocr_line' id='line_1_104' title="bbox 2119 4608 3689 4678; baseline -0.004 -12"><span class='ocrx_word' id='word_1_714' title='bbox 2119 4611 2262 4666; x_wconf 86' lang='lat' dir='ltr'><strong>tibus</strong></span> <span class='ocrx_word' id='word_1_715' title='bbox 2301 4618 2698 4678; x_wconf 85' lang='lat' dir='ltr'><strong>cooperantur;</strong></span> <span class='ocrx_word' id='word_1_716' title='bbox 2752 4626 2874 4664; x_wconf 89' lang='lat' dir='ltr'><strong>nam</strong></span> <span class='ocrx_word' id='word_1_717' title='bbox 2927 4610 3135 4665; x_wconf 85' lang='lat' dir='ltr'><strong>auditio</strong></span> <span class='ocrx_word' id='word_1_718' title='bbox 3178 4609 3309 4663; x_wconf 75' lang='lat' dir='ltr'><strong>tnali</strong></span> <span class='ocrx_word' id='word_1_719' title='bbox 3352 4608 3689 4676; x_wconf 78' lang='lat' dir='ltr'><strong>cooperatrix</strong></span> 
     </span>
    </p>
   </div>
   <div class='ocr_carea' id='block_1_105' title="bbox 2116 4701 3701 4775">
    <p class='ocr_par' dir='ltr' id='par_1_105' title="bbox 2116 4701 3701 4775">
     <span class='ocr_line' id='line_1_105' title="bbox 2116 4701 3701 4775; baseline -0.004 -16"><span class='ocrx_word' id='word_1_720' title='bbox 2116 4712 2200 4759; x_wconf 88' lang='lat' dir='ltr'><strong>est</strong></span> <span class='ocrx_word' id='word_1_721' title='bbox 2236 4701 2652 4763; x_wconf 76' lang='lat' dir='ltr'><strong>maledicentiae,</strong></span> <span class='ocrx_word' id='word_1_722' title='bbox 2686 4710 2740 4756; x_wconf 90' lang='lat' dir='ltr'><strong>et</strong></span> <span class='ocrx_word' id='word_1_723' title='bbox 2772 4703 2840 4757; x_wconf 83' lang='lat' dir='ltr'><strong>ad</strong></span> <span class='ocrx_word' id='word_1_724' title='bbox 2870 4702 3053 4759; x_wconf 79' lang='lat' dir='ltr'><strong>cordis</strong></span> <span class='ocrx_word' id='word_1_725' title='bbox 3083 4701 3377 4775; x_wconf 84' lang='lat' dir='ltr'><strong>perniciem</strong></span> <span class='ocrx_word' id='word_1_726' title='bbox 3417 4714 3608 4755; x_wconf 86' lang='lat' dir='ltr'><strong>amore</strong></span> <span class='ocrx_word' id='word_1_727' title='bbox 3633 4712 3701 4753; x_wconf 80' lang='lat' dir='ltr'><strong>se</strong></span> 
     </span>
    </p>
   </div>
   <div class='ocr_carea' id='block_1_106' title="bbox 2117 4793 2815 4865">
    <p class='ocr_par' dir='ltr' id='par_1_106' title="bbox 2117 4793 2815 4865">
     <span class='ocr_line' id='line_1_106' title="bbox 2117 4793 2815 4865; baseline 0 -17"><span class='ocrx_word' id='word_1_728' title='bbox 2117 4793 2351 4849; x_wconf 84' lang='lat' dir='ltr'><strong>invicem</strong></span> <span class='ocrx_word' id='word_1_729' title='bbox 2381 4802 2815 4865; x_wconf 86' lang='lat' dir='ltr'><strong>prosequuntur.</strong></span> 
     </span>
    </p>
   </div>
   <div class='ocr_carea' id='block_1_107' title="bbox 2687 4902 3119 4959">
    <p class='ocr_par' dir='ltr' id='par_1_107' title="bbox 2687 4902 3119 4959">
     <span class='ocr_line' id='line_1_107' title="bbox 2687 4902 3119 4959; baseline 0 0"><span class='ocrx_word' id='word_1_730' title='bbox 2687 4902 2921 4959; x_wconf 67' lang='lat' dir='ltr'><strong>CAPUT</strong></span> <span class='ocrx_word' id='word_1_731' title='bbox 2955 4902 3119 4959; x_wconf 81' lang='lat' dir='ltr'><strong>XVII.</strong></span> 
     </span>
    </p>
   </div>
   <div class='ocr_carea' id='block_1_108' title="bbox 2188 5008 3699 5084">
    <p class='ocr_par' dir='ltr' id='par_1_108' title="bbox 2188 5008 3699 5084">
     <span class='ocr_line' id='line_1_108' title="bbox 2188 5008 3699 5084; baseline -0.005 -11"><span class='ocrx_word' id='word_1_732' title='bbox 2188 5017 2265 5073; x_wconf 74' lang='lat' dir='ltr'><strong>Ex</strong></span> <span class='ocrx_word' id='word_1_733' title='bbox 2295 5016 2734 5073; x_wconf 83' lang='lat' dir='ltr'><strong>oblocutionibus</strong></span> <span class='ocrx_word' id='word_1_734' title='bbox 2776 5026 2896 5069; x_wconf 84' lang='lat' dir='ltr'><strong>tuas</strong></span> <span class='ocrx_word' id='word_1_735' title='bbox 2927 5013 3114 5084; x_wconf 81' lang='lat' dir='ltr'><strong>obsepi</strong></span> <span class='ocrx_word' id='word_1_736' title='bbox 3140 5028 3321 5075; x_wconf 86' lang='lat' dir='ltr'><strong>aures,</strong></span> <span class='ocrx_word' id='word_1_737' title='bbox 3346 5026 3416 5065; x_wconf 81' lang='lat' dir='ltr'><strong>ne</strong></span> <span class='ocrx_word' id='word_1_738' title='bbox 3444 5008 3699 5065; x_wconf 75' lang='lat' dir='ltr'><strong>bifariam</strong></span> 
     </span>
    </p>
   </div>
   <div class='ocr_carea' id='block_1_109' title="bbox 2120 5103 3699 5180">
    <p class='ocr_par' dir='ltr' id='par_1_109' title="bbox 2120 5103 3699 5180">
     <span class='ocr_line' id='line_1_109' title="bbox 2120 5103 3699 5180; baseline -0.005 -15"><span class='ocrx_word' id='word_1_739' title='bbox 2120 5126 2244 5165; x_wconf 87' lang='lat' dir='ltr'><strong>cum</strong></span> <span class='ocrx_word' id='word_1_740' title='bbox 2282 5109 2413 5180; x_wconf 83' lang='lat' dir='ltr'><strong>ipsis</strong></span> <span class='ocrx_word' id='word_1_741' title='bbox 2457 5117 2735 5178; x_wconf 84' lang='lat' dir='ltr'><strong>perpetres</strong></span> <span class='ocrx_word' id='word_1_742' title='bbox 2782 5105 3153 5175; x_wconf 88' lang='lat' dir='ltr'><strong>iniquitatem,</strong></span> <span class='ocrx_word' id='word_1_743' title='bbox 3200 5104 3432 5171; x_wconf 90' lang='lat' dir='ltr'><strong>teipsum</strong></span> <span class='ocrx_word' id='word_1_744' title='bbox 3473 5103 3699 5171; x_wconf 82' lang='lat' dir='ltr'><strong>quidem</strong></span> 
     </span>
    </p>
   </div>
   <div class='ocr_carea' id='block_1_110' title="bbox 2120 5196 3695 5271">
    <p class='ocr_par' dir='ltr' id='par_1_110' title="bbox 2120 5196 3695 5271">
     <span class='ocr_line' id='line_1_110' title="bbox 2120 5196 3695 5271; baseline -0.004 -16"><span class='ocrx_word' id='word_1_745' title='bbox 2120 5200 2356 5271; x_wconf 85' lang='lat' dir='ltr'><strong>passioni</strong></span> <span class='ocrx_word' id='word_1_746' title='bbox 2389 5196 2782 5264; x_wconf 84' lang='lat' dir='ltr'><strong>assuefaeiens,</strong></span> <span class='ocrx_word' id='word_1_747' title='bbox 2809 5199 2934 5254; x_wconf 86' lang='lat' dir='ltr'><strong>illos</strong></span> <span class='ocrx_word' id='word_1_748' title='bbox 2960 5212 3110 5264; x_wconf 79' lang='lat' dir='ltr'><strong>vero,</strong></span> <span class='ocrx_word' id='word_1_749' title='bbox 3137 5213 3206 5253; x_wconf 92' lang='lat' dir='ltr'><strong>ne</strong></span> <span class='ocrx_word' id='word_1_750' title='bbox 3235 5198 3416 5266; x_wconf 75' lang='lat' dir='ltr'><strong>lingua</strong></span> <span class='ocrx_word' id='word_1_751' title='bbox 3446 5205 3695 5265; x_wconf 82' lang='lat' dir='ltr'><strong>premant</strong></span> 
     </span>
    </p>
   </div>
   <div class='ocr_carea' id='block_1_111' title="bbox 2122 5284 3702 5360">
    <p class='ocr_par' dir='ltr' id='par_1_111' title="bbox 2122 5284 3702 5360">
     <span class='ocr_line' id='line_1_111' title="bbox 2122 5284 3702 5360; baseline -0.006 -13"><span class='ocrx_word' id='word_1_752' title='bbox 2122 5307 2410 5358; x_wconf 81' lang='lat' dir='ltr'><strong>venenum,</strong></span> <span class='ocrx_word' id='word_1_753' title='bbox 2446 5290 2672 5346; x_wconf 88' lang='lat' dir='ltr'><strong>minime</strong></span> <span class='ocrx_word' id='word_1_754' title='bbox 2706 5291 3029 5360; x_wconf 87' lang='lat' dir='ltr'><strong>reprimens.</strong></span> <span class='ocrx_word' id='word_1_755' title='bbox 3067 5289 3172 5355; x_wconf 81' lang='lat' dir='ltr'><strong>Qui</strong></span> <span class='ocrx_word' id='word_1_756' title='bbox 3207 5286 3406 5359; x_wconf 77' lang='lat' dir='ltr'><strong>gaudet</strong></span> <span class='ocrx_word' id='word_1_757' title='bbox 3428 5284 3702 5355; x_wconf 56' lang='lat' dir='ltr'><strong>dicteriis,</strong></span> 
     </span>
    </p>
   </div>
   <div class='ocr_carea' id='block_1_112' title="bbox 2120 5377 3688 5452">
    <p class='ocr_par' dir='ltr' id='par_1_112' title="bbox 2120 5377 3688 5452">
     <span class='ocr_line' id='line_1_112' title="bbox 2120 5377 3688 5452; baseline -0.006 -12"><span class='ocrx_word' id='word_1_758' title='bbox 2120 5393 2176 5441; x_wconf 90' lang='lat' dir='ltr'><strong>et</strong></span> <span class='ocrx_word' id='word_1_759' title='bbox 2204 5383 2540 5450; x_wconf 85' lang='lat' dir='ltr'><strong>seommatis,</strong></span> <span class='ocrx_word' id='word_1_760' title='bbox 2573 5382 2914 5452; x_wconf 63' lang='lat' dir='ltr'><strong>depradatur</strong></span> <span class='ocrx_word' id='word_1_761' title='bbox 2945 5382 3183 5437; x_wconf 84' lang='lat' dir='ltr'><strong>animam</strong></span> <span class='ocrx_word' id='word_1_762' title='bbox 3212 5394 3424 5445; x_wconf 86' lang='lat' dir='ltr'><strong>eorum,</strong></span> <span class='ocrx_word' id='word_1_763' title='bbox 3455 5377 3548 5448; x_wconf 91' lang='lat' dir='ltr'><strong>qui</strong></span> <span class='ocrx_word' id='word_1_764' title='bbox 3584 5391 3688 5431; x_wconf 82' lang='lat' dir='ltr'><strong>me-</strong></span> 
     </span>
    </p>
   </div>
   <div class='ocr_carea' id='block_1_113' title="bbox 2122 5468 3699 5539">
    <p class='ocr_par' dir='ltr' id='par_1_113' title="bbox 2122 5468 3699 5539">
     <span class='ocr_line' id='line_1_113' title="bbox 2122 5468 3699 5539; baseline -0.005 -7"><span class='ocrx_word' id='word_1_765' title='bbox 2122 5477 2289 5532; x_wconf 85' lang='lat' dir='ltr'><strong>liores</strong></span> <span class='ocrx_word' id='word_1_766' title='bbox 2339 5485 2497 5539; x_wconf 85' lang='lat' dir='ltr'><strong>sunt,</strong></span> <span class='ocrx_word' id='word_1_767' title='bbox 2552 5474 2845 5531; x_wconf 86' lang='lat' dir='ltr'><strong>calumniis</strong></span> <span class='ocrx_word' id='word_1_768' title='bbox 2887 5473 3191 5529; x_wconf 88' lang='lat' dir='ltr'><strong>marcldum</strong></span> <span class='ocrx_word' id='word_1_769' title='bbox 3234 5471 3499 5528; x_wconf 78' lang='lat' dir='ltr'><strong>en‘odiens</strong></span> <span class='ocrx_word' id='word_1_770' title='bbox 3542 5468 3699 5524; x_wconf 56' lang='lat' dir='ltr'><strong>audis</strong></span> 
     </span>
    </p>
   </div>
   <div class='ocr_carea' id='block_1_114' title="bbox 2124 5559 3697 5637">
    <p class='ocr_par' dir='ltr' id='par_1_114' title="bbox 2124 5559 3697 5637">
     <span class='ocr_line' id='line_1_114' title="bbox 2124 5559 3697 5637; baseline -0.008 -14"><span class='ocrx_word' id='word_1_771' title='bbox 2124 5579 2236 5623; x_wconf 90' lang='lat' dir='ltr'><strong>tum</strong></span> <span class='ocrx_word' id='word_1_772' title='bbox 2262 5582 2278 5631; x_wconf 90' lang='lat'><strong>;</strong></span> <span class='ocrx_word' id='word_1_773' title='bbox 2301 5565 2393 5637; x_wconf 85' lang='lat' dir='ltr'><strong>qui</strong></span> <span class='ocrx_word' id='word_1_774' title='bbox 2428 5572 2610 5619; x_wconf 90' lang='lat' dir='ltr'><strong>autem</strong></span> <span class='ocrx_word' id='word_1_775' title='bbox 2634 5564 2823 5635; x_wconf 75' lang='lat' dir='ltr'><strong>eﬂ&#39;ugit</strong></span> <span class='ocrx_word' id='word_1_776' title='bbox 2860 5563 3100 5636; x_wconf 83' lang='lat' dir='ltr'><strong>linguam</strong></span> <span class='ocrx_word' id='word_1_777' title='bbox 3135 5562 3369 5634; x_wconf 87' lang='lat' dir='ltr'><strong>proximi</strong></span> <span class='ocrx_word' id='word_1_778' title='bbox 3402 5559 3697 5619; x_wconf 50' lang='lat' dir='ltr'><strong>convicia-q</strong></span> 
     </span>
    </p>
   </div>
   <div class='ocr_carea' id='block_1_115' title="bbox 2125 5652 3694 5728">
    <p class='ocr_par' dir='ltr' id='par_1_115' title="bbox 2125 5652 3694 5728">
     <span class='ocr_line' id='line_1_115' title="bbox 2125 5652 3694 5728; baseline -0.006 -13"><span class='ocrx_word' id='word_1_779' title='bbox 2125 5661 2336 5725; x_wconf 85' lang='lat' dir='ltr'><strong>tricem,</strong></span> <span class='ocrx_word' id='word_1_780' title='bbox 2363 5658 2639 5728; x_wconf 85' lang='lat' dir='ltr'><strong>proprium</strong></span> <span class='ocrx_word' id='word_1_781' title='bbox 2677 5659 2841 5715; x_wconf 81' lang='lat' dir='ltr'><strong>etiam</strong></span> <span class='ocrx_word' id='word_1_782' title='bbox 2867 5656 3019 5728; x_wconf 85' lang='lat' dir='ltr'><strong>fugat</strong></span> <span class='ocrx_word' id='word_1_783' title='bbox 3048 5656 3357 5713; x_wconf 85' lang='lat' dir='ltr'><strong>conviciqu</strong></span> <span class='ocrx_word' id='word_1_784' title='bbox 3391 5673 3405 5711; x_wconf 91' lang='lat'>:</span> <span class='ocrx_word' id='word_1_785' title='bbox 3435 5652 3529 5725; x_wconf 85' lang='lat' dir='ltr'><strong>qui</strong></span> <span class='ocrx_word' id='word_1_786' title='bbox 3559 5666 3694 5708; x_wconf 57' lang='lat' dir='ltr'><strong>conv</strong></span> 
     </span>
    </p>
   </div>
  </div>
