3956 6206
311 255 450 322 1115

301 463 539 529 emnlget
564 458 694 514 fera:
719 474 1011 514 venenum.
1048 457 1164 512 Non
1198 465 1377 529 gustet
1404 456 1555 512 auris
1588 466 1680 513 tua
1712 455 1881 510 medi-

301 559 613 606 camentum
645 550 788 604 istud
821 564 1102 614 amarum,
1151 565 1220 603 ne
1252 547 1394 603 forte
1425 548 1532 603 tale
1566 558 1623 603 tu
1664 561 1883 617 quoque

305 643 461 697 alteri
494 642 833 712 propineris;
861 659 928 698 ne
953 643 1187 698 fascines
1218 642 1662 698 oblocutiouibus
1692 654 1881 695 aurem

303 745 476 798 tuam,
515 742 594 797 ut,
636 735 875 804 passioni
907 734 1246 797 divenditus,
1280 734 1619 788 multimodis
1654 747 1763 787 non
1798 732 1884 785 in-

304 828 513 880 servias
561 827 948 896 passionibus;
999 842 1105 881 una
1150 826 1350 896 quippe
1381 841 1411 880 e
1453 825 1640 879 multis
1675 824 1881 894 passio,

306 934 430 971 cum
468 919 520 970 in
555 928 605 971 te
638 919 818 972 locum
861 918 1145 973 invenerit.
1174 919 1226 972 in
1257 919 1398 971 idem
1436 917 1709 971 stabulum
1749 915 1885 970 alias

305 1023 527 1077 quoque
577 1009 979 1063 subintroducit
1020 1026 1032 1062 :
1068 1016 1199 1062 tunc
1250 1007 1595 1061 multitudine
1630 1006 1884 1061 vitiorum

311 1113 463 1151 mens
507 1099 858 1169 gubernatrix
903 1099 954 1152 in
992 1100 1309 1154 servitutem
1343 1097 1625 1169 redigitur,
1665 1096 1886 1167 quando

311 1190 548 1258 passioni
595 1192 805 1244 adnexa
862 1190 1079 1244 labores
1125 1190 1474 1259 disiunxerit.
1501 1188 1605 1255 Qui
1652 1189 1887 1243 aliorum

312 1282 616 1335 derisiones
659 1290 888 1335 conatur
924 1281 1262 1345 examinare,
1304 1281 1386 1335 sui
1427 1279 1600 1350 ipsius
1648 1279 1888 1334 actiones

313 1386 369 1423 re
401 1371 515 1439 ipsa
548 1386 659 1424 non
690 1381 1085 1440 perscrutatur.
1116 1372 1191 1425 Ne
1216 1372 1466 1427 derideas
1500 1372 1609 1424 vita
1642 1369 1887 1426 functum

313 1471 372 1514 ut
398 1462 487 1530 qui
520 1463 849 1532 negligenter
874 1464 1090 1527 vixerit,
1115 1479 1203 1530 ne,
1227 1462 1383 1533 quasi
1405 1478 1469 1517 ex
1497 1462 1891 1518 consuetudine

314 1555 543 1609 acerbus
571 1570 742 1620 esses,
772 1564 824 1606 et
848 1570 1067 1609 amarus
1088 1555 1383 1610 viventium
1413 1554 1601 1622 judex,
1631 1552 1729 1608 fias
1756 1567 1893 1624 quo-

316 1661 421 1716 que
461 1647 752 1700 demortui.
793 1646 869 1701 Ne
918 1648 1270 1717 peccantibus
1317 1646 1604 1716 jactatorio
1643 1646 1891 1699 attendas

317 1738 519 1803 animo,
558 1748 608 1793 te
643 1740 807 1794 veluti
845 1740 1087 1809 judicem
1130 1740 1463 1805 extollendo,
1506 1741 1601 1795 sed
1648 1739 1743 1794 tibi
1787 1738 1894 1810 ipsi

316 1830 535 1884 attende
572 1829 739 1902 428
765 1830 1030 1901 vigilanti,
1067 1839 1397 1901 actuumque
1432 1842 1651 1886 tuorum
1690 1830 1895 1901 proba-

319 1922 451 1974 trice
474 1922 940 1988 consideratione;
966 1922 1094 1976 dum
1127 1923 1461 1993 peccaveris,
1491 1923 1688 1977 anxius
1715 1936 1894 1991 gente,

317 2021 373 2066 et
393 2027 515 2066 cum
543 2028 654 2067 rem
677 2013 813 2068 bene
836 2015 1090 2084 gesseris,
1114 2031 1182 2069 ne
1209 2014 1413 2069 infleris
1437 2033 1453 2082 ;
1479 2030 1580 2071 nec
1609 2023 1661 2068 te
1684 2013 1895 2084 magni-

321 2101 419 2155 fice
442 2100 634 2170 jactes,
671 2104 813 2171 quod
859 2104 1171 2159 nullatenus
1202 2104 1283 2159 sis
1318 2103 1771 2168 contemnendus,
1812 2111 1895 2168 ut,

318 2193 467 2248 velut
499 2205 903 2258 ornamentum,
945 2209 1051 2249 non
1092 2194 1287 2249 induas
1330 2193 1542 2248 vitium.
1576 2193 1759 2264 Aliqui
1808 2200 1895 2249 et-

317 2284 488 2345 enim,
513 2300 639 2339 cum
672 2285 741 2338 ob
772 2285 1020 2339 devotam
1072 2285 1479 2355 religiositatem
1514 2285 1755 2356 dignosci
1784 2300 1893 2341 non

319 2384 563 2444 possent,
598 2374 926 2430 festinarunt
955 2385 1015 2429 ut
1040 2377 1232 2432 saltem
1262 2378 1333 2432 ob
1360 2376 1552 2432 vitium
1582 2377 1664 2433 sic
1704 2377 1897 2447 digno-

319 2476 641 2533 scerentur;
672 2468 789 2530 alii,
837 2468 1080 2536 provecti
1124 2483 1191 2523 ex
1248 2468 1471 2533 invidia,
1522 2477 1817 2537 praetextus
1860 2485 1894 2525 e

322 2570 537 2609 summo
567 2556 902 2625 jaculantur,
952 2565 1006 2611 et
1048 2570 1144 2614 eos
1187 2557 1280 2627 qui
1322 2557 1620 2612 virtutibus
1667 2557 1892 2613 stabiliti

322 2655 450 2698 sunt
489 2661 588 2714 pro
618 2647 791 2701 nihilo
824 2648 1049 2703 ducunt.
1099 2646 1333 2713 Quidam
1373 2648 1446 2703 ob
1487 2648 1629 2702 mala
1673 2663 1894 2705 rumore

322 2735 727 2793 circumstantis
756 2739 902 2808 vulgi
940 2738 1218 2804 celebrati,
1246 2754 1463 2809 gravem
1499 2738 1894 2807 bonestamque

323 2825 768 2881 circuminduunt
793 2828 983 2894 vitam,
1012 2843 1120 2883 non
1151 2837 1212 2883 ut
1234 2844 1400 2898 prava
1427 2828 1645 2897 lugeant
1672 2838 1891 2899 peccata

325 2914 622 2981 laboribus,
645 2917 739 2971 sed
763 2926 821 2972 ut
849 2918 1239 2986 vitupcriorum
1271 2919 1599 2973 obumbrent
1623 2934 1891 2974 rumores.

1798 259 1858 316 S.
1894 254 2059 316 NILI

303 366 549 425 viciatorl
588 381 783 423 suaves
833 375 888 422 et
924 366 1106 423 faciles
1136 364 1342 436 praebet
1382 364 1623 430 auditus,
1660 363 1884 420 auribus

2000 364 2187 435 πικρᾶς
2215 363 2422 433 ταύτης
2466 361 2739 416 ἀντιδότου
2767 411 2777 422 ,

3461 243 3595 308 1116

2817 359 2893 430 ,ιή
2936 375 3051 424 πως
3084 356 3368 429 τοιαύτην
3395 360 3490 413 καὶ
3533 364 3595 417 σὺ

1981 457 2326 528 συγκερασῃς
2352 455 2546 526 ἑτέρῳ,
2579 454 2654 526 μὴ
2689 451 2953 523 γοητεύου
2982 452 3371 515 καταλαλιαὶξ
3405 452 3467 503 τὸ
3506 449 3597 518 οὖς

1982 566 2097 613 σου,
2131 550 2218 603 ἵνα
2251 552 2323 620 μὴ
2350 547 2511 603 πάθει
2552 546 2783 619 πραθεὶς
2810 586 2825 608 .
2858 543 3219 619 πολυπαθείᾳ
3248 544 3556 615 δουλεύσεις
3580 564 3594 580 ο

1982 641 2042 694 ἐν
2071 643 2179 713 γὰρ
2220 642 2329 695 τῶν
2359 640 2569 694 πολλῶν
2610 638 2783 702 πάθος
2811 637 2977 692 τόπον
3007 640 3063 691 ἐν
3101 636 3196 690 σοὶ
3245 634 3433 707 εὑρὼν
3458 676 3474 698 ,
3523 638 3598 702 είς

1982 735 2073 789 τὸν
2099 733 2264 787 αὐτὸν
2302 734 2468 803 σηκὸν
2498 732 2595 786 καὶ
2637 732 2772 786 ἄλλα
2803 731 3160 801 συνεισφέρει
3188 748 3204 761 -
3241 729 3373 783 τότε
3406 730 3596 799 πλήθει

1985 824 2171 880 κακῶν
2192 826 2221 878 ὁ
2252 823 2476 896 ἡγεμὼν
2498 822 2800 882 δουλοῦται,
2826 824 2956 876 ὅταν
2985 821 3157 875 πάθει
3192 819 3456 889 ζευχθεὶς
3478 822 3596 884 τοὺς

1985 915 2182 977 πόνους
2206 913 2502 985 ἀποζεύξῃ.
2536 914 2598 967 ’0
2628 914 2725 976 τὰς
2756 913 2959 983 ἑτέρων
2985 911 3224 981 σκέψεις
3252 910 3597 983 πειρώμενος

1986 1009 2233 1080 ὲρευνᾷν,
2282 1007 2383 1070 τὰς
2412 1006 2606 1061 ἑαυτοῦ
2655 1004 2880 1078 πράξεις
2911 1006 3055 1077 ἔργῳ
3106 1006 3222 1058 οὐκ
3254 1005 3483 1076 ἐρευνᾷ,
3524 1005 3594 1074 μὴ

1985 1101 2063 1165 ὡς
2107 1098 2324 1170 ἀμελῶς
2357 1099 2621 1170 ζήσαντα,
2660 1099 2752 1152 τὸν
2797 1096 3197 1153 ἀποδιὼσαντα
3232 1095 3485 1159 σκῶπτε,
3512 1096 3593 1150 ἵνα

1990 1191 2066 1260 μὴ
2115 1191 2191 1255 ὡς
2240 1193 2305 1245 ὲκ
2348 1189 2637 1262 συνηθείας
2678 1191 2786 1243 τῶν
2827 1186 3065 1254 ζώντων,
3117 1188 3224 1241 καὶ
3260 1186 3361 1240 τοῦ
3404 1187 3592 1258 νεκροῦ

1988 1281 2121 1353 γένῃ
2143 1281 2337 1351 πικρὸς
2363 1281 2645 1351 δικαστής·
2677 1282 2751 1351 μὴ
2770 1283 2884 1344 τοῖς
2917 1280 3214 1334 πταίουσιν
3248 1278 3419 1349 ἔπεχε
3452 1278 3589 1348 λογι-

1989 1373 2112 1445 σμῷ
2136 1374 2358 1437 ἀλαζόνι
2393 1371 2676 1442 ἐπαίροντι
2708 1390 2765 1426 σε
2806 1372 2882 1435 ὡς
2903 1372 3198 1442 δικαστὴν,
3235 1370 3382 1425 ἀλλὰ
3416 1371 3591 1441 σαυτῷ

1990 1466 2225 1537 πρόσεχε
2250 1466 2496 1536 λογισμῷ
2521 1467 2765 1535 νήφοντι,
2793 1464 2889 1519 καὶ
2919 1464 3030 1517 τῶν
3071 1464 3190 1517 σῶν
3221 1462 3482 1533 πράξεων
3508 1463 3587 1517 δο-

1988 1562 2255 1631 κιμαστῇ.
2279 1559 2437 1613 Στένε
2465 1558 2694 1623 πταίων,
2729 1559 2822 1611 καὶ
2849 1557 2923 1628 μὴ
2950 1555 3107 1625 φυσῶ
3135 1553 3433 1626 κατορθῶν
3457 1556 3585 1608 ἀκα-

1989 1650 2327 1721 ταφρόνητος
2348 1644 2489 1703 εἶναι
2517 1650 2591 1720 μὴ
2619 1647 2973 1720 μεγαλαύχει,
3000 1647 3157 1708 ὅπως
3184 1645 3265 1715 μὴ
3288 1645 3369 1707 ὡς
3394 1644 3586 1715 κόσμον

1924 1704 1967 1759 ⁸
1989 1742 2053 1795 τδ
2074 1704 2261 1795 ’έακὲν
2282 1704 2497 1813 ἐνδύσῃ.
2517 1704 2682 1804 ’τένξς
2700 1704 2811 1810 γάρ
2840 1704 2971 1794 ὧδ’
2986 1704 3292 1800 soluet-Eii;
3338 1704 3416 1808 μὴ
3439 1704 3587 1791 δυ’νι-

1992 1848 2146 1903 μενοι
2191 1830 2523 1900 γνωσθῆναι,
2560 1828 2854 1894 ἔσπευσαν,
2886 1829 2991 1882 κᾶν
3031 1827 3148 1883 ἀπὸ
3201 1827 3413 1889 κακίας
3452 1824 3585 1880 οὕτω

1989 1923 2319 1994 γνωσθῆναιο
2355 1923 2533 1995 ἕτεροι
2563 1921 2620 1976 δὲ
2649 1920 2978 1993 αὐξηθέντες
3011 1920 3091 1992 τῷ
3128 1919 3319 1990 φθόνῳ
3340 1959 3355 1983 ,
3382 1918 3597 1995 προερῶ,

1992 2030 2106 2078 σεις
2147 2012 2525 2084 ἀκροϐολοῦσι,
2571 2013 2698 2075 τοὺς
2744 2010 3148 2075 εύσταθοῦντας
3197 2011 3326 2072 ταῖς
3372 2009 3583 2080 ἀρεταῖς

1991 2103 2350 2168 ἔξουθενοῦσι.
2395 2104 2522 2168 Τοῖς
2552 2101 2711 2175 πέριξ
2741 2104 2887 2167 τινὲς
2913 2104 2995 2166 εἰς
3023 2101 3217 2170 φαῦλα
3266 2098 3583 2171 θρυλλούμε·

1992 2212 2094 2259 νοι,
2146 2195 2259 2265 βίον
2302 2196 2501 2265 σεμνὸν
2544 2196 2959 2265 ἀμφιέννυνται,
3008 2195 3107 2264 οὐχ
3160 2194 3255 2247 ἴνα
3298 2191 3373 2245 τὰ
3414 2190 3582 2259 φαῦλα

1993 2287 2316 2357 πταίσματα
2347 2290 2461 2351 τοῖς
2487 2287 2670 2352 πόνοις
2693 2287 3057 2359 θρηνήσωσιν,
3084 2284 3213 2338 ἀλλ’
3235 2284 3325 2337 ἵνα
3351 2281 3460 2336 τῶν
3487 2282 3578 2353 ψό-

1990 2395 2106 2448 γων
2133 2377 2234 2442 τὰς
2258 2380 2446 2448 φήμας
2471 2378 2797 2433 σκιάσωσιν.
2840 2376 2999 2430 Ἀλλὰ
3050 2376 3129 2447 μὴ
3170 2374 3254 2446 τῷ
3310 2369 3581 2428 ἀπατῶντί

1995 2487 2053 2523 σε
2078 2469 2439 2534 καλλωπίζου,
2492 2470 2626 2541 μηδὲ
2647 2470 2726 2540 τῷ
2751 2468 3066 2523 ἀπατᾶσθαι
3092 2466 3405 2532 ἑναγάλλου
3428 2481 3443 2495 ’
3487 2463 3576 2517 ἐὰν

1995 2560 2103 2629 γὰρ
2126 2560 2193 2612 δι’
2221 2559 2391 2630 ὄνομα
2420 2559 2575 2629 ψιλὸν
2607 2560 2715 2613 τῶν
2750 2559 3053 2613 σπουδαίων
3084 2559 3338 2629 trgi-mn,
3362 2555 3424 2609 οὗ
3445 2552 3575 2623 Θεῷν

1997 2649 2137 2703 ἀλλὰ
2189 2650 2500 2720 ἀνθρώποις
2560 2651 2791 2724 ἐργάζῃ,
2852 2650 2926 2721 μὴ
2982 2648 3309 2721 παρρησίαν
3360 2646 3461 2713 ἄγε
3502 2642 3574 2712 τῷ

1997 2742 2212 2805 ἀπόνως
2269 2741 2494 2812 βιοῦντι,
2537 2743 2642 2796 κᾶν
2680 2743 2853 2812 ὄνομα
2896 2740 3072 2812 τούτῳ
3108 2741 3262 2811 μέγα
3304 2733 3570 2807 πομπεύῃ·

1996 2831 2113 2885 εστι
2139 2832 2288 2901 φίλος
2311 2834 2446 2903 πρὸς
2469 2834 2762 2905 προσώπου
2790 2832 2970 2904 χάριν,
2998 2832 3093 2886 καὶ
3118 2831 3321 2903 χρόνος
3352 2828 3572 2897 κατήγο·

2001 2936 2092 2991 ρος
2124 2922 2315 2976 τούτου
2334 2924 2562 2993 γίνεται.

329 3006 523 3064 Verum
552 3019 605 3064 tu
634 3025 701 3065 ne
724 3019 776 3065 te
820 3010 1104 3080 decipienti
1129 3010 1340 3079 placere
1379 3010 1773 3079 gloriabundus
1829 3009 2075 3074 enitat'is,
2115 3028 2233 3080 nec,
2271 3015 2413 3084 quod
2483 3015 2793 3086 decipiaris,
2862 3014 3061 3085 gestias
3095 3013 3317 3078 laetitia;
3348 3023 3490 3072 nam,
3524 3007 3565 3061 sl

324 3114 543 3172 propter
560 3105 767 3160 nudum
792 3119 990 3159 nomen
1012 3103 1258 3159 studiosa
1285 3117 1515 3173 quaeque
1541 3103 1894 3168 consectaris,
1936 3119 2044 3157 non
2101 3121 2199 3175 pro
2222 3108 2351 3174 Deo,
2370 3110 2463 3163 sed
2489 3126 2586 3181 pro
2607 3108 2920 3164 hominibus
2975 3106 3228 3177 aperaris
3250 3125 3263 3159 -.
3286 3121 3353 3159 ne
3374 3101 3567 3169 absque

328 3193 515 3251 labore
541 3196 740 3252 viventi
776 3196 1157 3252 confidentiam
1200 3196 1464 3265 praebeas,
1506 3194 1631 3251 licet
1656 3209 1721 3249 ea
1744 3194 1812 3249 de
1837 3209 1895 3250 re
1929 3211 2187 3268 magnum
2213 3208 2448 3256 ostentet
2481 3218 2717 3268 nomen;
2749 3202 2797 3258 is
2868 3215 3062 3270 nempe
3094 3202 3312 3255 amicus
3332 3198 3399 3253 ad
3456 3214 3569 3270 per-

328 3298 488 3339 sona:
511 3287 741 3357 gratiam
773 3296 878 3352 est,
912 3287 1077 3358 fitque
1096 3297 1317 3357 tempus
1339 3287 1462 3358 ejus
1488 3297 1797 3342 accusator.

882 3403 1111 3459 CAPUT
1150 3403 1339 3460 XVIII.

401 3514 704 3571 Timentem
748 3516 987 3572 amicum
1012 3516 1291 3572 irrisorem
1325 3515 1549 3581 habeas,
1589 3524 1648 3571 ut
1676 3525 1897 3571 tuorum

331 3608 577 3664 invenias
612 3609 931 3666 delictorum
973 3618 1237 3666 tutamen.
1277 3608 1507 3676 Quando
1535 3610 1744 3663 amicus
1775 3618 1903 3664 tuus

330 3718 361 3756 a
395 3701 573 3757 fausto
598 3711 813 3757 tuorum
854 3703 1103 3757 laborum
1135 3703 1316 3757 omine
1343 3712 1632 3772 superatus
1664 3702 1745 3756 ad
1766 3701 1905 3756 invi-

331 3793 475 3847 diam
506 3808 564 3849 se
601 3793 781 3860 vertit,
815 3795 886 3849 ita
919 3803 976 3848 ut
1010 3808 1194 3849 coram
1225 3793 1713 3849 circumstantibus
1752 3808 1906 3849 vana:

332 3884 517 3955 gloriae
544 3884 724 3940 verbis
747 3896 871 3940 tuos
892 3885 1195 3956 ejaculetur
1225 3884 1465 3953 labores,
1493 3900 1603 3954 quo
1635 3894 1780 3941 tuam
1808 3886 1907 3941 de-

333 3986 642 4032 currentem
667 3976 894 4047 gloriam
933 3978 1173 4034 dicteriis
1209 3978 1275 4033 de
1303 3984 1353 4032 te
1375 3978 1539 4047 jactis
1571 3977 1902 4032 obumbret:

335 4076 470 4122 tunc
506 4083 595 4131 ne,
653 4068 801 4123 illius
837 4068 1055 4124 invidia:
1101 4070 1410 4134 attendens,
1471 4067 1797 4132 mordearis,
1849 4078 1911 4123 ut

332 4173 583 4214 amarum
634 4175 902 4215 venenum
949 4160 1144 4216 anima:
1196 4170 1304 4216 tute
1363 4174 1471 4216 non
1520 4161 1748 4228 elicias;
1804 4164 1908 4216 hoc

332 4249 481 4302 enim
522 4265 659 4319 opus
688 4259 773 4306 est
806 4251 1042 4315 Satanae,
1076 4260 1135 4305 ut
1166 4252 1317 4306 illum
1361 4252 1577 4321 quidem
1611 4251 1909 4307 inflammet

338 4333 564 4397 invidia,
615 4344 667 4390 te
702 4352 829 4392 vero
868 4338 1229 4393 amaritudine
1262 4350 1569 4395 consumat.
1607 4340 1676 4395 At
1726 4341 1907 4411 potius

340 4426 713 4489 humillemur,
766 4438 822 4483 et
870 4429 1080 4485 honore
1128 4432 1263 4486 tales
1305 4432 1443 4487 istos
1486 4432 1905 4501 praeveniamus,

340 4530 542 4585 perque
578 4532 820 4573 mensam
860 4518 1205 4574 aamulatione
1236 4520 1517 4575 efferatum
1547 4522 1713 4594 429
1737 4524 1905 4578 animi

338 4618 563 4661 sensum
590 4609 1087 4667 mansuefaciamus
1115 4629 1129 4666 :
1162 4627 1251 4677 ne,
1274 4619 1532 4686 tanquam
1562 4629 1629 4668 ex
1659 4614 1763 4668 alia
1790 4630 1909 4684 per-

2596 3403 2848 3457 ΚΕΦΑΛ.
2871 3403 2978 3456 IH'.

2076 3510 2364 3567 Δεδοικότα
2389 3512 2542 3583 φίλον
2575 3512 2833 3585 σκώπτην
2874 3517 3093 3585 κτῆσαι,
3120 3514 3213 3569 ἵνα
3246 3490 3450 3585 σκέπην
3486 3510 3567 3565 εὖ·

2006 3621 2106 3681 ρῃς
2132 3607 2244 3659 τῶν
2274 3604 2382 3659 σῶν
2413 3605 2789 3676 πταισμάτων,
2824 3606 2886 3659 τὸ
2925 3606 2982 3660 δὲ
3011 3607 3376 3678 φθονούμενον
3402 3606 3454 3657 ἐν
3489 3603 3561 3655 σοὶ

2004 3698 2215 3770 κρύπτε
2265 3696 2465 3770 μᾶλλον
2510 3698 2606 3751 τοῦ
2641 3697 2984 3768 φθονοῦντος.
3029 3699 3205 3755 Ὅταν
3232 3702 3261 3754 ὁ
3297 3699 3384 3761 σὸς
3426 3695 3560 3766 φίλος

2003 3792 2125 3854 ταῖς
2172 3792 2291 3853 σαῖς
2330 3789 2440 3843 τῶν
2490 3790 2666 3843 πόνων
2712 3790 3011 3861 εὐφημίαις
3058 3789 3447 3861 ἐλαττούμενος
3489 3788 3559 3848 είς

2007 3883 2200 3953 φθόνον
2224 3884 2493 3953 ἐκτραπῇ,
2518 3881 2595 3946 ὡς
2622 3883 2719 3949 καὶ
2750 3884 2862 3945 τοῖς
2913 3881 3073 3953 πέριξ
3099 3883 3324 3953 ῥήματα
3366 3876 3556 3934 κενοδο⁴

2009 3976 2126 4041 ξίας
2155 3972 2458 4041 ἀκοντίζειν
2497 3992 2589 4028 σου
2620 3975 2734 4040 τοῖς
2762 3974 2964 4039 πόνοις,
2986 3975 3131 4039 ὅπως
3154 3977 3256 4046 τὴν
3280 3970 3559 4042 διατρέχου-

2010 4084 2109 4119 σαν
2158 4066 2284 4137 περ)⁸
2326 4065 2420 4121 σοῦ
2465 4065 2621 4133 δόξαν
2664 4067 2930 4139 συσκιάσῃ
2959 4069 3073 4132 τοῖς
3107 4071 3225 4132 σοῖς
3261 4068 3554 4136 σκώμμασι.

2006 4158 2127 4212 τότε
2160 4156 2233 4228 μὴ
2269 4159 2335 4229 τῇ
2369 4158 2578 4211 ἐκείνου
2622 4157 2888 4230 βασκανίᾳ
2927 4157 3212 4229 προσέχων
3242 4157 3457 4228 δηχθῇς,
3482 4152 3553 4205 ἵνα

2010 4248 2086 4319 μὴ
2128 4248 2205 4302 ίὸν
2234 4247 2427 4320 πικρὸν
2472 4251 2539 4319 τῇ
2572 4246 2718 4320 ψυχῇ
2769 4266 2864 4302 σου
2901 4249 3224 4324 σιφωνίσῃς.
3275 4247 3437 4302 Τοῦτο
3462 4242 3555 4311 γὰρ

2008 4337 2168 4408 ἔργον
2190 4336 2285 4391 τοῦ
2314 4338 2546 4403 Σατανᾶ,
2586 4338 2673 4392 ἵνα
2717 4340 2923 4394 ἐκεῖνον
2953 4340 3051 4410 μὲν
3078 4340 3155 4411 τῷ
3195 4339 3373 4410 φθόνῳ
3399 4338 3551 4389 ἐκπυ-

2013 4427 2183 4499 ρώσῃη,
2211 4430 2270 4482 σὲ
2299 4428 2355 4481 δὲ
2379 4427 2574 4502 πικρίᾳ
2611 4430 2887 4505 ἀναλώσῃ.
2919 4431 3311 4503 Ταπεινώμεθα
3351 4428 3405 4482 δὲ
3437 4424 3555 4497 μᾶλ-

2008 4521 2119 4585 λον,
2152 4522 2246 4574 καὶ
2271 4523 2335 4593 τῇ
2373 4524 2507 4593 τιμῇ
2538 4522 2664 4586 τοὺς
2689 4521 2964 4587 τοιούτους
2986 4521 3352 4596 προσχρώμεθα
3377 4519 3554 4588 ἐξημεσ

2011 4610 2231 4683 ροῦντες
2250 4611 2447 4676 αὐτῶν,
2498 4613 2594 4666 καὶ
2645 4613 2733 4667 διὰ
2767 4614 3047 4685 τραπέζης
3096 4614 3156 4669 τὺ
3194 4611 3450 4686 ἀγριωθὲν
3487 4605 3552 4675 τῷ

338 4714 497 4764 sona,
548 4703 747 4756 invidia
780 4705 1069 4773 vituperes
1104 4704 1361 4770 amicum,
1404 4714 1464 4761 ut
1502 4707 1661 4778 quasi
1696 4722 1760 4762 ex
1801 4707 1897 4763 alio

2012 4700 2158 4773 ζήλῳ
2209 4701 2487 4773 φρόνημα.
2523 4702 2615 4775 Μὴ
2658 4702 2735 4766 ὡς
2778 4702 2838 4767 ἐξ
2881 4704 3067 4775 ἑτέρου
3118 4704 3403 4776 προσώπου
3437 4696 3551 4767 ψέγε

341 4792 585 4848 videlicet
610 4805 706 4849 ure
726 4794 904 4864 ipsum
935 4796 1355 4865 reprehendens,
1396 4798 1626 4868 teipsum
1657 4800 1803 4855 velut
1828 4801 1913 4854 in.

342 4894 628 4941 nocentem
666 4887 855 4953 facias,
917 4895 972 4943 et
1010 4889 1160 4944 velut
1199 4890 1639 4960 irreprehensum
1683 4893 1908 4947 exaltes.

340 4974 467 5030 llaec
503 4987 588 5031 cst
621 4978 766 5032 enim
817 4977 1220 5046 tr’ansliguratio
1257 4978 1505 5043 Satanae,
1552 4979 1647 5049 qui
1682 4994 1750 5034 ex
1784 4995 1910 5049 per-

338 5078 473 5119 sona
497 5067 766 5136 serpentis
788 5067 1126 5123 Altissimum
1158 5068 1520 5139 vituperabat.
1553 5077 1632 5136 ut,
1652 5070 1807 5140 quasi
1845 5086 1913 5127 ex

337 5158 446 5212 alio
481 5159 728 5215 videlicet
752 5175 846 5215 ore
879 5160 1139 5231 suiipsius
1162 5160 1272 5216 Deo
1299 5161 1600 5218 attribuens
1626 5162 1907 5231 invidiam,

340 5246 456 5316 ipse
510 5258 766 5319 tanquam
811 5251 1026 5306 invidia:
1066 5265 1264 5321 expers
1311 5252 1718 5309 existimaretur
1759 5272 1773 5308 :
1819 5268 1907 5319 ne,

338 5339 496 5407 quasi
534 5340 700 5396 velles
729 5341 1037 5411 subjectum
1072 5341 1272 5397 habere
1302 5341 1521 5398 fratrem
1541 5384 1555 5409 ,
1589 5353 1762 5402 tentes
1790 5344 1911 5416 ejus

341 5437 620 5495 peccatum
659 5430 1083 5499 deprehendere,
1123 5440 1183 5486 ut
1218 5445 1327 5487 non
1356 5433 1657 5501 inveniaris
1696 5433 1911 5491 Satanae

339 5529 681 5587 cooperator.
732 5520 834 5588 Qui
884 5522 1144 5590 peccavit,
1194 5538 1301 5577 non
1347 5523 1617 5590 observet,
1665 5524 1807 5596 quod
1858 5535 1913 5582 et

340 5610 431 5668 alii
472 5612 659 5666 dicunt
708 5615 788 5669 vel
827 5626 1070 5682 peccant,
1099 5630 1162 5668 ac
1201 5615 1244 5670 si
1285 5632 1390 5670 non
1432 5617 1581 5672 solus
1619 5616 1774 5682 foret,
1810 5620 1902 5689 qui

2009 4794 2154 4865 ζήλῳ
2174 4793 2265 4848 τὸν
2287 4794 2458 4861 φίλον,
2492 4795 2581 4849 ἵνα
2611 4795 2685 4858 ὡς
2725 4793 2784 4860 ἐξ
2808 4795 2969 4850 ἄλλου
2992 4795 3152 4867 δῆθεν
3179 4797 3434 4867 στόματος
3469 4788 3549 4859 ψι-

2008 4902 2120 4965 γων
2142 4885 2367 4951 ἐκεῖνον,
2403 4887 2598 4939 σαυτὸν
2622 4885 2697 4950 ὡς
2730 4886 2907 4940 ἀθῶον
2949 4889 3204 4960 ποιήσῃς,
3233 4888 3325 4943 καὶ
3343 4885 3412 4947 ὡς
3438 4882 3551 4949 ἄψο-

2007 4994 2103 5045 γον
2119 4976 2360 5051 ὑψώσῃς.
2387 4976 2559 5035 Τοῦτο
2578 4979 2684 5051 γὰρ
2710 4979 3211 5051 μετασχημάτισμα
3235 4977 3324 5033 τοῦ
3340 4968 3546 5030 Σατανᾶ.

2008 5067 2103 5123 τοῦ
2135 5069 2200 5121 ὲκ
2239 5066 2534 5139 προσώπου
2567 5068 2747 5139 ὄφεως
2764 5065 2853 5121 τὸν
2868 5068 3131 5138 Ὕψιστον
3164 5068 3412 5141 ψέγοντος
3434 5101 3449 5125 ,
3477 5059 3547 5113 ἵνα

2017 5158 2093 5223 ὡς
2128 5158 2189 5224 ἐξ
2227 5159 2416 5229 ἐτέρου
2457 5158 2621 5230 δῆθεν
2646 5158 2915 5230 στόματος
2950 5159 3041 5214 τὸν
3066 5158 3260 5215 ἑαυτοῦ
3283 5153 3456 5226 φθόνον
3482 5144 3545 5212 τῷ

2016 5248 2137 5321 Θεῷ
2175 5249 2492 5320 προσάψας,
2537 5249 2699 5314 αὐτὸς
2747 5249 2822 5313 ὡς
2867 5248 3098 5320 ἄφθονος
3135 5246 3427 5322 νομίζηται·
3470 5234 3545 5303 Μὴ

2018 5341 2093 5405 ὡς
2126 5341 2421 5395 ὑπόδουλον.
2457 5341 2624 5401 θέλων
2655 5341 2800 5410 ἔχειν
2842 5342 2935 5398 τὸν
2964 5341 3214 5412 ἀδελφὸν,
3248 5333 3408 5408 πειρῶ
3437 5326 3540 5382 τού-

2022 5450 2109 5487 του
2149 5436 2392 5505 πταῖσμα
2434 5435 2777 5501 καταλαϐεῖν,
2814 5434 2902 5492 ἵνα
2932 5434 3007 5507 μὴ
3043 5434 3297 5506 συνεργὸς
3349 5419 3545 5507 εὑρεθῇς

2016 5524 2111 5580 τοῦ
2171 5526 2402 5583 Σατανᾶ.
2463 5527 2521 5580 Ὀ
2573 5526 2824 5590 πταίσας,
2880 5505 3247 5597 mitem;
3288 5505 3541 5597 man

2019 5616 2231 5670 πταίειν
2257 5615 2331 5688 μὴ
2355 5615 2703 5689 ὲπιτηρείτω,
2730 5616 2813 5671 ἵνα
2839 5616 2913 5684 ὡς
2938 5614 3014 5687 μὴ
3043 5615 3200 5686 μόνος
3289 5596 3538 5680 συμπεσὼν
