3956 6206
384 277 516 342 1117

1464 280 1905 344 TRACTATUS
1945 288 2042 347 AD
2084 288 2506 349 EUIDGIUM.

3507 282 3643 350 1118

380 387 456 460 τῷ
490 389 665 459 κακῷ,
702 390 837 462 ὅπερ
863 392 959 463 τῆς
985 389 1314 457 ὶκπτώσεως
1351 393 1446 447 τοῦ
1472 382 1720 448 διαϐόλου
1751 396 1964 466 πρῶτον

2081 414 2122 451 in
2148 398 2349 453 malum
2375 397 2669 467 inciderit;
2708 397 2854 468 quod
2887 395 3032 451 idem
3066 395 3232 452 etiam
3264 408 3400 465 opus
3427 404 3507 449 est
3533 394 3646 464 pti-

379 484 473 537 καὶ
509 481 668 535 τοῦτο
715 482 877 553 ἔργον
916 483 1086 538 ἐστίν.
1138 484 1321 537 Ἔστω
1366 485 1424 539 δὲ
1481 486 1960 556 μετ-ἀμελούμενος

379 570 466 641 ἐφ’
487 564 568 633 οἷς
588 570 809 637 ἀτόποις
835 572 1069 643 ἔπραξεν
1096 572 1300 644 ἔργοιςο
1321 574 1412 628 τὸν
1432 576 1535 645 τῆς
1557 576 1735 645 λύπης
1765 576 1959 649 θρῆνον

382 663 503 721 κατ’
546 663 726 716 αὐτῶν
766 665 1164 732 ἐπιγινώσκων,
1199 667 1565 723 ἐπισπάσεται
1618 670 1674 722 δὲ
1725 672 1819 723 καὶ
1862 670 1960 741 τὴν

384 758 760 829 πρωτοστάτιν
798 757 907 810 τῶν
956 759 1132 813 πόνων
1169 760 1416 833 ἡσυχίαν,
1466 763 1765 832 φαίνουσαν
1812 764 1961 834 αὐτῷ

383 844 483 914 τὴν
516 844 897 915 πολυόμματον
924 846 1030 899 τῶν
1058 848 1266 919 ἀρετῶν
1292 850 1543 924 θεωρίαν,
1586 852 1643 905 Ὀ
1672 854 1964 925 ἡσυχάζων

383 938 449 1008 τῇ
484 936 719 1009 γλώττῃ,
759 938 899 992 κατά
939 940 1049 993 τῶν
1070 941 1349 1013 λογισμῶν
1380 944 1745 1015 ἀνδριζέσθω·
1786 950 1819 1015 ή
1855 947 1964 1017 γᾶρ

382 1026 484 1097 τῆς
518 1026 694 1098 ψυχῆς
717 1029 937 1100 ἀνδρεία
965 1032 1065 1084 οὐκ
1094 1034 1153 1085 ὲν
1182 1036 1247 1104 τῇ
1277 1034 1476 1107 ἠσυχίᾳ
1501 1036 1775 1090 δείκνυται
1809 1038 1967 1107 μόνον

382 1118 478 1172 τοῦ
515 1121 805 1191 στόματος,
846 1123 980 1177 ἀλλὰ
1020 1127 1112 1177 καὶ
1143 1128 1200 1178 ὲν
1239 1130 1303 1196 τῇ
1330 1127 1436 1179 τῶν
1471 1128 1747 1198 λογισμῶν
1771 1132 1969 1203 ἀνδρα-

385 1210 569 1283 γαθίᾳ.
606 1213 698 1265 καὶ
737 1216 801 1285 τῇ
848 1213 956 1267 τῶν
998 1214 1231 1287 ὕϐρεων,
1262 1217 1358 1270 καὶ
1392 1218 1615 1271 ἀδικιῶν
1657 1220 1966 1291 εὐσταθείᾳο

384 1301 638 1358 ἐντεῦθεν
664 1303 771 1372 γάρ
821 1306 875 1358 αἱ
907 1306 1077 1359 δειναὶ
1111 1310 1373 1379 μάστιγες
1413 1310 1503 1363 τοῦ
1533 1311 1781 1365 διαϐόλου
1810 1329 1967 1383 περι-

383 1393 727 1453 ⁴Ιῖινάσσονται
752 1398 809 1449 ὲν
842 1402 962 1463 ταῖς
996 1402 1330 1472 συντυχίαις.

976 1609 1225 1666 ΚΕΦΑΛ.
1273 1608 1375 1663 ΙΘ’.

456 1714 548 1785 Μὴ
570 1717 746 1787 στόμα
777 1719 959 1788 μόνον,
992 1721 1127 1775 ἀλλά
1168 1723 1262 1776 καὶ
1297 1723 1496 1793 καρδία
1522 1724 1816 1794 τηρείσθω,
1851 1727 1971 1779 τοτὲ

376 1806 492 1879 γάρ
508 1808 852 1880 ἀμαυροῦται
881 1813 981 1881 τῆς
996 1813 1178 1883 ψυχῆς
1204 1815 1267 1867 τὸ
1282 1814 1437 1883 ὄμμα
1457 1815 1537 1886 τῷ
1555 1817 1656 1887 τῆς
1677 1817 1970 1886 ἀρεσκείας

382 1899 611 1969 ὄμματι,
665 1900 761 1954 τοῦ
814 1902 905 1956 νοῦ
951 1905 1323 1974 παυσομένου.
1358 1907 1540 1959 Ἔστω
1575 1924 1667 1961 σου
1715 1909 1894 1979 πηρός
1943 1910 1973 1961 ὁ

384 1988 507 2052 νοῦς
540 1990 669 2060 περὶ
691 1992 758 2043 τά
777 1992 1052 2062 αἴσχιστα,
1086 1993 1289 2064 Κύριος
1317 1994 1425 2064 γάρ
1450 1999 1607 2063 σοφοί
1636 1996 1765 2057 τοὺς
1793 1993 1972 2048 102.06-

384 2098 508 2144 τους
526 2084 798 2152 τυφλοὺς,
843 2085 1150 2157 διορατικὸς
1186 2087 1243 2139 δὲ
1268 2087 1397 2156 περὶ
1444 2086 1513 2139 τὰ
1566 2087 1849 2151 κάλλιστα,
1885 2089 1973 2139 ἶνα

385 2171 741 2244 ικτυφλώττῃ
770 2176 895 2244 περὶ
928 2176 999 2227 τὰ
1026 2176 1283 2228 κάκιστα.
1318 2176 1449 2228 Non
1474 2175 1533 2228 δέ
1569 2193 1680 2246 μοι,
1713 2177 1973 2247 πορνείας

386 2255 527 2313 εἶναι
561 2262 656 2315 δύο
675 2265 733 2315 ὲν
764 2263 1027 2334 διαιρέσει
1046 2266 1420 2334 ὲζυγωμένας,
1444 2266 1541 2336 τὴν
1572 2266 1668 2320 τοῦ
1698 2266 1971 2336 σώματος,

389 2352 485 2403 καὶ
517 2350 614 2422 τὴν
641 2352 734 2405 τοῦ
780 2355 1109 2424 πνεύματος·
1139 2356 1268 2408 ὅταν
1303 2356 1563 2427 λογισμὸς
1605 2357 1864 2429 πορνείας
1897 2356 1974 2427 τῷ

395 2441 662 2513 πνεύματί
716 2460 807 2496 σου
846 2445 1120 2513 μίγνυται,
1155 2446 1277 2500 τότε
1304 2447 1660 2517 ἐκτυπώματι
1702 2449 1910 2518 πλάνης
1939 2451 1973 2520 ἡ

386 2532 529 2603 ψυχή
565 2551 660 2586 σου
696 2536 1035 2603 συγγίνεται.
1072 2538 1357 2609 Προσώπῳ
1384 2538 1603 2609 θηλείας
1637 2540 1973 2610 σχηματίζε-

386 2637 477 2679 “tat
525 2623 756 2694 δαίμων,
812 2626 898 2678 ἵνα
949 2627 1214 2701 φαρμάξῃ
1268 2628 1368 2699 τὴν
1414 2629 1593 2700 ψυχὴν
1643 2630 1760 2700 μετ’
1808 2631 1973 2684 αὐτοῦ

390 2717 753 2787 ἀνιεμιγῆναι⁸
786 2721 1002 2790 μορφῆς
1029 2721 1259 2791 γλύμμα
1292 2724 1450 2791 φορεῖ
1491 2722 1732 2796 ἄσαρκος
1765 2723 1976 2793 δαίμων

389 2805 472 2860 tvo
508 2806 756 2878 λογισμῷ
801 2810 1088 2882 ἀκολάστῳ
1126 2813 1227 2881 τὴν
1258 2811 1437 2882 ψυχὴν
1481 2813 1847 2884 ἐκπορνεύσῃ.
1877 2815 1969 2888 Μὴ

2068 507 2216 545 mum
2263 491 2463 545 diaboli
2494 504 2691 557 casus;
2746 490 2818 543 sit
2850 503 2982 544 vero
3022 486 3293 558 paenitens
3319 484 3372 538 in
3403 485 3487 538 his
3525 500 3648 553 qua:

2067 584 2364 650 commisit,
2424 581 2936 639 inconvenientibns
2978 578 3261 649 operibus,
3317 575 3526 630 doloris
3564 575 3648 628 lu-

2068 686 2215 729 ctum
2253 677 2514 730 adversus
2551 691 2613 729 ea
2649 674 3012 743 recognoscit,
3062 678 3409 725 consectetur
3441 677 3647 730 autem,

2067 773 2121 816 et
2187 765 2431 817 laborum
2476 764 2758 834 prmsitlem
2820 762 3081 831 quietem,
3138 758 3481 812 exhibentem
3545 753 3648 823 ipsi

2069 856 2328 908 virtutum
2381 854 2895 923 contemplationem
2943 851 3314 918 multipliciter
3353 849 3649 903 oculatam.

2071 946 2173 1011 Qui
2218 946 2454 1013 linguam
2493 945 2709 999 silentio
2746 946 3095 1004 moderatur,
3130 940 3343 992 virilem
3388 940 3651 990 adversus

2074 1039 2430 1105 cogitationes
2470 1038 2659 1090 induat
2694 1036 2935 1089 animum
2967 1052 2982 1101 ;
3025 1034 3222 1087 animae
3253 1031 3451 1098 quippe
3497 1028 3652 1081 forti-

2076 1134 2203 1184 tudo
2236 1146 2339 1183 non
2370 1131 2545 1183 solum
2587 1130 2894 1182 ostenditur
2928 1129 2979 1180 in
3012 1128 3125 1180 oris
3151 1123 3447 1191 tranquillo
3487 1122 3653 1185 sileo-

2074 1222 2170 1285 tio,
2197 1221 2289 1273 δρᾶ
2319 1230 2370 1274 et
2399 1220 2450 1273 in
2477 1220 2864 1287 cogitationum
2903 1216 3245 1273 strennitate,
3278 1224 3327 1265 et
3366 1221 3654 1266 contume-

2070 1313 2265 1366 liarum
2328 1321 2491 1378 atque
2536 1312 2857 1378 injuriarum
2900 1308 3196 1380 patientia;
3242 1306 3366 1358 inde
3422 1319 3655 1371 namque

2075 1404 2355 1458 horribilia
2388 1403 2594 1475 ﬂagella
2634 1401 2833 1456 diaboli
2871 1398 3400 1470 circutnquatimttnr
3441 1396 3493 1448 in
3526 1410 3657 1448 con-

2073 1488 2493 1551 versationibus.

2649 1601 2877 1658 CAPUT
2915 1601 3056 1656 XIX.

2141 1718 2258 1771 Non
2282 1734 2345 1773 os
2374 1717 2741 1780 soltnnmotlo,
2767 1730 2952 1768 verum
2972 1714 3135 1766 etiam
3157 1726 3253 1767 eor
3278 1709 3653 1775 custodiatur;

2072 1816 2203 1861 tunc
2234 1809 2382 1861 enim
2414 1808 2609 1861 oculos
2640 1806 2837 1859 animae
2868 1803 3191 1859 obfuscatur
3214 1802 3284 1855 ab
3312 1801 3475 1855 oculo
3508 1799 3656 1862 lepo-

2073 1897 2174 1959 ris,
2204 1912 2299 1951 seu
2331 1893 2538 1949 facetia:
2570 1895 2624 1948 in
2656 1909 2929 1958 sermone,
2957 1907 3082 1947 cum
3135 1906 3287 1945 mens
3321 1889 3658 1959 acquieverit

2072 2001 2135 2040 ac
2170 1986 2395 2039 cessarit
2427 2002 2439 2036 :
2475 1999 2630 2038 mens
2661 1993 2748 2037 tua
2784 1981 2947 2052 530
2973 1991 3128 2051 capta
3163 1981 3234 2035 sit
3262 1980 3437 2034 oculis
3461 1978 3525 2032 ad
3568 1994 3657 2033 res

2072 2078 2420 2145 turpissimus
2458 2076 2616 2146 (tales
2640 2076 2785 2129 enim
2834 2090 3011 2129 ca'cos
3052 2073 3317 2125 Dominus
3351 2070 3528 2124 reddit
3566 2086 3657 2123 sa-

2076 2170 2329 2236 pientes),
2352 2168 2632 2237 perspicax
2668 2181 2797 2221 vero
2826 2167 2894 2220 ad
2920 2182 3010 2220 res
3035 2164 3472 2227 honestissimas,
3502 2163 3575 2216 ita
3600 2174 3657 2216 ut

2075 2263 2156 2315 sis
2177 2261 2242 2317 ad
2271 2260 2542 2330 pessimas
2573 2267 2901 2313 excmcatus.
2938 2258 3179 2327 lntellige
3212 2270 3345 2310 vero
3367 2257 3502 2310 duas
3534 2270 3657 2311 esse

2075 2353 2439 2409 scortationes
2489 2367 2613 2407 cum
2664 2350 3017 2406 distinctione
3072 2349 3433 2417 coniunctas,
3489 2362 3654 2399 unam

2075 2446 2345 2516 corporis,
2400 2454 2455 2499 et
2512 2445 2739 2497 alteram
2800 2444 3028 2512 spiritus
3071 2460 3086 2496 :
3125 2441 3344 2512 quando
3397 2439 3657 2504 cogitatio

2076 2538 2428 2595 scortationis
2476 2546 2571 2591 tuo
2610 2536 2939 2589 admiscetur
2980 2533 3244 2604 spiritui,
3283 2544 3413 2586 tunc
3474 2531 3657 2584 anima

2077 2638 2167 2682 tua
2198 2645 2323 2683 cum
2355 2628 2530 2699 eﬂigie
2567 2626 2911 2696 deceptionis
2940 2625 3221 2681 coalescit.
3268 2623 3488 2678 Daemon
3522 2622 3659 2692 figu-

2077 2730 2230 2774 ratur
2254 2719 2306 2773 in
2338 2735 2571 2788 persona
2600 2717 2839 2783 feminae,
2866 2727 2922 2772 ut
2945 2718 3101 2788 quasi
3129 2715 3392 2771 veneficio
3415 2714 3657 2767 animam

2078 2820 2229 2865 tuam
2262 2810 2453 2865 illiciat
2485 2819 2543 2864 ut
2565 2825 2754 2865 secum
2785 2809 3209 2864 commisceatur
3243 2824 3256 2861 :
3291 2805 3525 2867 damon,
3559 2802 3657 2871 qui

389 2895 485 2952 οὖν
523 2899 901 2966 τυγκαλύπτου
919 2900 1173 2971 είόωλείῳ
1202 2904 1558 2974 ἀνυπάρκτῳ,
1584 2903 1671 2957 ἴνα
1694 2904 1767 2975 μὴ
1791 2906 1884 2960 καὶ
1910 2908 1975 2978 τῇ

2082 2918 2303 2957 carnem
2354 2917 2463 2955 non
2513 2901 2695 2964 habet,
2750 2901 3088 2970 sculpturam
3130 2897 3309 2952 induit
3345 2895 3556 2960 forma,
3602 2904 3661 2948 ut

394 2987 639 3058 σαρκιτὺ
669 2990 854 3058 ὅμοιον
874 2989 1109 3064 δράσῃς,
1137 2991 1408 3063 πνεύματι
1445 2995 1703 3064 πορνείας
1736 2995 1978 3067 ἐπλανή-

398 3083 570 3149 θησαν
592 3081 642 3133 οί
671 3079 903 3135 τοιοῦτοι
925 3082 975 3135 ot
1003 3083 1102 3146 τὰς
1129 3082 1278 3137 ἔνδον
1311 3085 1559 3156 μοιχείας
1586 3085 1696 3137 τῶν
1729 3085 1978 3155 πνευμά-

391 3188 503 3226 των
525 3190 608 3243 τιτι
629 3174 847 3245 σταυρῷ
874 3175 949 3245 μὴ
978 3175 1281 3239 σοϐοῦντες.
1311 3177 1502 3242 Αῐκιζε
1535 3179 1662 3241 τοὺς
1682 3178 1982 3250 λογισμοὺς

392 3265 581 3337 ἀσιτίᾳ
609 3264 937 3337 βοωμάτων,
979 3268 1065 3321 ἵνα
1107 3270 1182 3340 μὴ
1221 3271 1472 3341 πορνείᾳ,
1519 3269 1658 3325 ἀλλὰ
1701 3271 1983 3342 πείνῃλαο

392 3354 576 3419 λῶσινο
597 3358 763 3429 εὐνῆς
788 3358 1066 3431 ἀγρυπνίᾳ
1092 3363 1289 3432 στῆσον
1335 3362 1592 3433 δάκρυον,
1616 3363 1701 3417 ἵνα
1729 3363 1981 3434 βοήθειαν

392 3445 567 3519 λάϐῃς
616 3464 709 3527 τοι,
751 3449 1021 3520 παρόντος
1069 3448 1331 3519 πολέμου.
1392 3453 1483 3505 Ἐν
1531 3451 1710 3523 καιρῷ
1743 3452 1839 3506 τοῦ
1885 3453 1983 3523 τῆς

395 3536 653 3605 πορνείας
692 3536 933 3606 πολέμου
962 3537 1060 3601 τὰς
1078 3535 1299 3606 κλήσεις
1326 3537 1434 3590 τῶν
1467 3538 1798 3607 ἑστιατόρων
1840 3554 1983 3607 παρ-

394 3625 638 3697 σίτησαι,
688 3628 786 3679 καὶ
837 3627 928 3679 τὸν
1007 3628 1106 3696 μὲν
1154 3627 1301 3693 ξένον
1341 3629 1643 3682 ἐπιστάντα
1690 3627 1982 3699 ὑπηρετῶν

395 3716 752 3784 ἀναπαύσεις,
793 3719 1019 3772 σεαυτὸν
1069 3720 1125 3773 δὲ
1176 3718 1756 3790 περικεκαλυμμὲνως,
1800 3719 1984 3789 ἀσιτίᾳ

395 3809 772 3883 περιφράξας.
805 3810 1039 3876 Διπλοῦς
1060 3811 1201 3867 ἔστω
1224 3830 1308 3867 σοι
1328 3812 1437 3866 τῶν
1459 3810 1786 3882 ἀμφοτέρων
1804 3810 1983 3883 ἔργων

392 3903 424 3955 ὁ
453 3902 645 3975 μισθὸς
665 3903 748 3955 ἑνὶ
772 3902 988 3973 ἑκάστῳ
1025 3903 1085 3956 τὸ
1125 3902 1428 3974 πρακτικὸν
1460 3901 1528 3955 δι’
1553 3903 1756 3975 ἀρετὴν
1783 3903 1983 3956 ἀπονέ-

395 4009 573 4065 μοντι·
602 3994 679 4067 μὴ
702 3995 887 4048 ἕνεκεν
917 3996 1153 4068 γαστρὸς
1184 3994 1430 4052 συνέσθιε
1471 3995 1550 4067 τῷ
1581 3994 1828 4068 ἀδελφῷ,
1867 3995 1983 4049 ἀλλ’

393 4086 581 4139 Ξνεκεν
611 4086 851 4159 Χριστοῦ
886 4086 1204 4153 συναυλίζου
1237 4090 1303 4159 τῇ
1332 4088 1542 4159 ἀγάπῃ.
1588 4088 1765 4158 Κόρος
1797 4087 1984 4141 σιτίων

394 4178 691 4249 λογισμοὺς
726 4179 944 4246 σιτίζει,
980 4180 1072 4234 καὶ
1100 4182 1332 4251 μέθυσος
1355 4180 1524 4234 ὓπνον
1555 4181 1857 4250 φαντασίας
1884 4196 1983 4233 πο-

394 4268 558 4335 τίζει.
591 4270 834 4342 Τέθνηκε
866 4272 1007 4343 μετὰ
1034 4272 1125 4325 τὸν
1160 4273 1421 4345 φάραγγα
1449 4272 1547 4343 τῆς
1574 4272 1787 4346 τρυφῆς
1820 4269 1980 4344 ἡδονὴ
2011 4254 2057 4312 θ

396 4361 491 4416 καὶ
538 4364 663 4429 πνεῖ
706 4363 767 4417 ἐν
799 4362 875 4436 τῷ
906 4363 1062 4434 τάφῳ
1089 4362 1160 4419 τὰ
1198 4363 1300 4433 τῆς
1339 4363 1578 4433 γαστρὸς
1607 4362 1977 4433 λαγνεύματα.

394 4455 458 4521 Οἱ
490 4455 638 4508 πόνοι
671 4455 770 4531 τῆς
796 4454 1129 4533 κληρουχίας
1166 4454 1489 4509 τελευτῶσιν
1521 4455 1602 4518 είς
1649 4454 1979 4517 ἀνάπαυσιν,

394 4546 445 4600 οἱ
466 4544 524 4601 δὲ
562 4545 753 4617 τρόποι
784 4547 884 4621 τῆς
908 4548 1121 4620 τρυφῆς
1148 4547 1477 4608 τελευτῶσιν
1503 4547 1584 4610 είς
1614 4548 1976 4600 κατάκαυσιν.

405 4638 466 4691 '0
496 4639 592 4709 τῆς
626 4638 829 4711 σαρκὸς
871 4641 933 4694 τὸ
971 4639 1131 4706 ἄνθος
1172 4643 1240 4711 τῇ
1270 4640 1501 4711 ἀσκήσει
1544 4639 1825 4709 μαραίνων
1858 4637 1982 4691 καθ’

396 4733 610 4805 ἡμέραν
656 4736 714 4788 ὲν
759 4738 827 4807 τῇ
886 4736 1057 4806 σαρκὶ
1088 4734 1292 4807 μελετᾷ
1335 4734 1436 4806 τὴν
1469 4731 1665 4786 ἑαυτοῦ
1696 4732 1981 4804 τελευτήν.

396 4825 637 4895 Καρδίας
658 4824 934 4895 λογιστεία
959 4826 1017 4879 τὸ
1048 4826 1206 4896 σῶμα
1231 4840 1445 4895 συμμετ
1457 4823 1643 4900 ρείτω,
1663 4823 1749 4876 ἵνα
1777 4822 1853 4894 μὴ
1868 4819 1987 4876 τού-

394 4932 489 4969 του
520 4916 840 4985 πληγέντος,
886 4917 981 4970 καὶ
1028 4915 1169 4987 αὕτη
1215 4918 1475 4989 κοπιάσῃ⁸
1515 4912 1792 4986 ἀρκείσθω
1841 4913 1983 4984 σάρξ

395 5006 465 5060 τὰ
492 5008 701 5075 φυσικά
744 5007 1133 5079 περικόπτειν·
1175 5010 1209 5079 ἡ
1240 5008 1527 5078 σωματική
1571 5024 1665 5063 σου
1708 5006 1985 5076 γυμνασία

398 5095 456 5149 ἓν
476 5102 589 5160 τοῖς
609 5099 795 5169 ήθεσιν
810 5100 1224 5171 οἰκονομείσθω,
1242 5101 1328 5155 ἵνα
1354 5099 1531 5173 μάθῃς
1554 5098 1751 5170 καρδίᾳ
1773 5099 1981 5163 πονεῖν,

400 5202 494 5261 καὶ
524 5202 670 5276 ψυχῇ
697 5207 1015 5275 συμπονεῖν.

2079 2991 2351 3062 impudica
2407 2992 2737 3061 cogitatione
2794 2990 3019 3045 scortari
3067 2988 3230 3045 faciat
3273 2987 3533 3042 animam.
3581 2983 3663 3041 Ne

2081 3085 2243 3162 igitur
2274 3099 2303 3138 ε
2331 3084 2649 3150 simulacro,
2683 3084 2827 3154 quod
2866 3082 3277 3137 subsistentiam
3327 3093 3435 3133 non
3468 3079 3657 3143 habet,

2080 3176 2418 3246 contegaris,
2463 3191 2530 3231 ne
2575 3192 2742 3231 carne
2767 3175 2930 3228 etiam
2958 3174 3088 3243 quid
3123 3171 3302 3227 simile
3335 3179 3612 3241 perpetres
3643 3188 3656 3228 :

2079 3284 2110 3325 ι
2153 3270 2351 3340 spiritu
2403 3269 2759 3323 scortationis
2795 3266 3004 3335 decepti
3054 3264 3206 3319 fuere
3254 3264 3314 3328 ii,
3355 3263 3449 3334 qui
3498 3278 3663 3319 cruce

2080 3376 2190 3414 non
2219 3361 2534 3430 repulerunt
2568 3358 2859 3430 spirituum
2896 3357 3181 3412 adulteria.
3224 3355 3423 3412 Crucia
3456 3357 3662 3425 cogita-

2083 3453 2261 3508 tiones
2304 3452 2553 3508 eiborum
2613 3451 2861 3521 penuria,
2916 3457 2977 3504 ut
3011 3465 3121 3504 non
3161 3449 3521 3510 scortatione,
3563 3447 3660 3503 sed

2081 3545 2266 3599 esurie
2300 3544 2625 3615 loquantur;
2657 3543 2840 3614 vigilia
2878 3541 3151 3596 orationis
3188 3540 3487 3611 lacrymam
3522 3553 3662 3593 con-

2084 3651 2351 3703 crescere,
2371 3653 2436 3692 ac
2455 3637 2660 3693 stillare
2688 3635 2876 3699 facito,
2903 3642 2964 3688 ut
2992 3632 3250 3689 instantis
3273 3632 3396 3687 belli
3422 3630 3663 3700 accipias
3740 3630 3751 3641 '

2085 3727 2372 3781 auxilium.
2416 3725 2472 3781 In
2504 3735 2745 3796 tempore
2769 3724 3062 3781 meretricii
3098 3722 3224 3777 belli
3254 3721 3661 3778 convivantiutn

2085 3818 2436 3872 invitationes
2473 3832 2710 3882 recusa;
2754 3826 2809 3871 et
2841 3814 3039 3885 hospiti
3080 3813 3300 3883 quidem
3333 3811 3527 3866 astanti
3565 3809 3666 3863 ad-

2085 3910 2428 3972 ministrans,
2461 3909 2639 3979 ipsum
2670 3908 3013 3978 requiescere
3052 3904 3248 3974 facias,
3279 3913 3331 3959 te
3361 3918 3491 3958 vero
3521 3903 3661 3957 clam

2086 4003 2525 4062 circumvallahis
2582 4001 2813 4072 jejunio.
2864 4000 3161 4070 Utriusque
3214 3997 3395 4069 operis
3462 3996 3651 4063 duple)

2086 4110 2298 4151 merces
2332 4096 2405 4151 sit
2436 4096 2533 4151 tibi
2572 4093 2834 4149 tribuenti
2882 4094 3181 4162 unlcuique
3218 4091 3436 4146 virtutis
3473 4103 3661 4153 causa,

2087 4190 2231 4260 quod
2255 4191 2320 4245 ad
2355 4199 2534 4248 actum
2571 4191 2804 4263 pertinet
2835 4208 2848 4246 :
2887 4206 2992 4244 non
3020 4186 3224 4243 ventris
3257 4184 3430 4259 gratia
3474 4183 3662 4239 cibum

2085 4298 2272 4338 sumas
2311 4299 2434 4338 eum
2470 4283 2655 4349 fratre,
2699 4283 2791 4339 sed
2828 4291 3050 4354 propter
3077 4278 3358 4335 Christum
3393 4277 3664 4332 charitate

2084 4374 2189 4445 ipsi
2219 4376 2493 4443 cohabita,
2517 4385 2571 4431 et
2591 4389 2939 4432 eonversare.
2956 4373 3193 4428 Satietas
3209 4387 3461 4429 escarum
3491 4370 3666 4440 pascit

2084 4467 2464 4540 cogitationes,
2508 4476 2562 4524 et
2595 4467 2782 4523 ebrius
2812 4482 3067 4523 somnum
3104 4471 3355 4536 perpotat
3397 4463 3665 4532 imagina~

2085 4559 2275 4615 tionis.
2327 4558 2571 4615 Decessit
2603 4568 2727 4631 post
2765 4566 2953 4628 guttur
2990 4556 3153 4610 luxus
3192 4553 3461 4622 voluptas,
3516 4560 3567 4603 et
3608 4549 3667 4605 in

2085 4638 2339 4720 sepulcro
2376 4650 2663 4720 exspirant
2688 4650 2893 4704 ventris
2922 4648 3253 4703 salacitates.
3293 4643 3534 4697 Labores
3565 4655 3667 4693 au-

2084 4742 2346 4797 steritatis
2364 4742 2625 4795 desinunt
2646 4740 2700 4793 in
2725 4740 2961 4809 quietem
2988 4755 3003 4804 ;
3031 4736 3174 4791 modi
3196 4749 3323 4788 vero
3344 4731 3666 4789 deliciarum

2086 4832 2283 4889 finiunt
2311 4832 2366 4885 in
2398 4831 2735 4897 incendium,
2755 4830 2847 4900 qui
2881 4828 3270 4884 exercitatione
3286 4822 3443 4895 5,31
3474 4821 3667 4876 ﬂorem

2087 4926 2271 4982 carnis
2318 4924 2496 4980 reddit
2534 4923 2843 4989 flaccidum,
2900 4923 2955 4977 itt
3012 4936 3177 4975 carne
3221 4916 3465 4986 quotidie
3505 4928 3666 4969 suam

2088 5020 2382 5076 meditatur
2428 5028 2684 5073 mortem.
2730 5015 2865 5071 Pars
2909 5013 3109 5075 cordis,
3156 5010 3211 5063 in
3240 5024 3348 5081 qua
3381 5016 3465 5061 est
3502 5004 3666 5073 ratio,

2090 5122 2251 5183 atque
2278 5110 2592 5176 consilium,
2619 5124 2819 5178 corpus
2851 5112 3283 5161 commensuret.
3326 5116 3393 5154 ne
3424 5100 3526 5153 isto
3551 5097 3667 5150 vnlo

2092 5215 2300 5270 nerato,
2320 5213 2371 5259 et
2397 5204 2576 5274 ipsum
2600 5216 2694 5255 cor
2714 5200 2922 5255 laboret
2947 5213 2965 5252 :
2991 5203 3247 5251 contenta
3278 5192 3349 5249 sit
3376 5206 3525 5254 caro,
3554 5204 3662 5252 res,

400 5308 538 5362 quas
569 5294 673 5349 fert
709 5303 935 5361 natura,
971 5294 1209 5351 recidere
1245 5313 1258 5349 :
1325 5296 1609 5366 corporale
1648 5306 1802 5356 tuum
1844 5294 2168 5359 exercitium
2244 5295 2301 5351 in
2336 5294 2582 5351 moribus
2650 5292 3019 5363 gubernetur.
3058 5295 3119 5341 ut
3176 5286 3357 5340 discas
3395 5279 3559 5337 corde
3585 5276 3666 5330 la-

401 5389 620 5459 borare,
642 5398 698 5443 et
719 5389 903 5451 anima
927 5388 1287 5453 collaborare.

1000 5501 1254 5557 ΚΕΦΑΑ.
1293 5503 1377 5555 κν.

469 5593 535 5645 (ll
560 5590 653 5644 τοῦ
686 5589 981 5663 προσώπου
1019 5590 1117 5660 τὴν
1149 5589 1384 5661 ὠχρείαν
1412 5593 1469 5644 ἐν
1492 5592 1558 5661 τῇ
1591 5591 1821 5663 ἀσκήσει
1845 5591 1981 5660 λάμ-

408 5698 593 5750 ποντες
628 5685 718 5738 τὸν
759 5684 907 5752 παρά
956 5685 1061 5741 τῶν
1092 5684 1391 5755 ἀνθρώπων
1445 5682 1664 5736 ἔπαινον
1711 5683 1803 5736 καὶ
1854 5684 1979 5757 πρὶν

2676 5490 2907 5548 CAPUT
2946 5487 3064 5543 XX.

2158 5584 2264 5653 Qui
2326 5583 2481 5640 faciei
2534 5584 2743 5655 pallore
2810 5582 2863 5636 in
2920 5577 3314 5635 exercitatione
3372 5570 3663 5639 refulgent,

2088 5681 2336 5746 laudem,
2375 5695 2496 5749 qua:
2527 5677 2770 5749 procedit
2838 5678 2905 5732 ab
2945 5670 3296 5735 hominibus,
3342 5663 3662 5737 priusquam
