  <div class='ocr_page' id='page_1' title='image "/cluster/home/n/w/nwhite01/storage/ocr_20150623/79/hvd.32044073502056/565.png"; bbox 0 0 3956 6206; ppageno 0'>
   <div class='ocr_carea' id='block_1_1' title="bbox 313 226 452 295">
    <p class='ocr_par' dir='ltr' id='par_1_1' title="bbox 313 226 452 295">
     <span class='ocr_line' id='line_1_1' title="bbox 313 226 452 295; baseline 0 0"><span class='ocrx_word' id='word_1_1' title='bbox 313 226 452 295; x_wconf 74' lang='lat'><strong>1119</strong></span> 
     </span>
    </p>
   </div>
   <div class='ocr_carea' id='block_1_2' title="bbox 299 342 1939 422">
    <p class='ocr_par' dir='ltr' id='par_1_2' title="bbox 299 342 1939 422">
     <span class='ocr_line' id='line_1_2' title="bbox 299 342 1939 422; baseline 0.008 -23"><span class='ocrx_word' id='word_1_2' title='bbox 299 350 548 411; x_wconf 75' lang='lat' dir='ltr'><strong>ticcedat,</strong></span> <span class='ocrx_word' id='word_1_3' title='bbox 585 342 899 414; x_wconf 82' lang='lat' dir='ltr'><strong>projiciant,</strong></span> <span class='ocrx_word' id='word_1_4' title='bbox 943 359 1071 401; x_wconf 87' lang='lat' dir='ltr'><strong>cum</strong></span> <span class='ocrx_word' id='word_1_5' title='bbox 1100 360 1221 401; x_wconf 89' lang='lat' dir='ltr'><strong>eam</strong></span> <span class='ocrx_word' id='word_1_6' title='bbox 1251 348 1505 422; x_wconf 60' lang='lat' dir='ltr'><strong>cogitatio</strong></span> <span class='ocrx_word' id='word_1_7' title='bbox 1534 351 1699 406; x_wconf 88' lang='lat' dir='ltr'><strong>etiam</strong></span> <span class='ocrx_word' id='word_1_8' title='bbox 1743 365 1868 407; x_wconf 89' lang='lat' dir='ltr'><strong>ante</strong></span> <span class='ocrx_word' id='word_1_9' title='bbox 1898 358 1939 412; x_wconf 84' lang='grc' dir='ltr'><strong>Δ</strong></span> 
     </span>
    </p>
   </div>
   <div class='ocr_carea' id='block_1_3' title="bbox 307 436 1868 507">
    <p class='ocr_par' dir='ltr' id='par_1_3' title="bbox 307 436 1868 507">
     <span class='ocr_line' id='line_1_3' title="bbox 307 436 1868 507; baseline 0.006 -17"><span class='ocrx_word' id='word_1_10' title='bbox 307 436 773 490; x_wconf 71' lang='lat' dir='ltr'><strong>cenversationem</strong></span> <span class='ocrx_word' id='word_1_11' title='bbox 821 436 1167 495; x_wconf 76' lang='lat' dir='ltr'><strong>inti-omittat.</strong></span> <span class='ocrx_word' id='word_1_12' title='bbox 1209 438 1441 507; x_wconf 80' lang='lat' dir='ltr'><strong>Quando</strong></span> <span class='ocrx_word' id='word_1_13' title='bbox 1484 442 1695 497; x_wconf 90' lang='lat' dir='ltr'><strong>diutino</strong></span> <span class='ocrx_word' id='word_1_14' title='bbox 1730 457 1868 499; x_wconf 87' lang='lat' dir='ltr'><strong>tem-</strong></span> 
     </span>
    </p>
   </div>
   <div class='ocr_carea' id='block_1_4' title="bbox 308 527 1872 606">
    <p class='ocr_par' dir='ltr' id='par_1_4' title="bbox 308 527 1872 606">
     <span class='ocr_line' id='line_1_4' title="bbox 308 527 1872 606; baseline 0.006 -27"><span class='ocrx_word' id='word_1_15' title='bbox 308 542 439 596; x_wconf 88' lang='lat' dir='ltr'><strong>pore</strong></span> <span class='ocrx_word' id='word_1_16' title='bbox 467 527 746 581; x_wconf 72' lang='lat' dir='ltr'><strong>duraveris</strong></span> <span class='ocrx_word' id='word_1_17' title='bbox 772 528 1057 586; x_wconf 80' lang='lat' dir='ltr'><strong>abstinens</strong></span> <span class='ocrx_word' id='word_1_18' title='bbox 1083 533 1229 598; x_wconf 73' lang='lat' dir='ltr'><strong>vino,</strong></span> <span class='ocrx_word' id='word_1_19' title='bbox 1259 545 1311 589; x_wconf 92' lang='lat' dir='ltr'><strong>et</strong></span> <span class='ocrx_word' id='word_1_20' title='bbox 1332 535 1472 600; x_wconf 89' lang='lat' dir='ltr'><strong>oleo,</strong></span> <span class='ocrx_word' id='word_1_21' title='bbox 1498 546 1660 606; x_wconf 88' lang='lat' dir='ltr'><strong>atque</strong></span> <span class='ocrx_word' id='word_1_22' title='bbox 1682 550 1872 606; x_wconf 88' lang='lat' dir='ltr'><strong>super-</strong></span> 
     </span>
    </p>
   </div>
   <div class='ocr_carea' id='block_1_5' title="bbox 304 617 1870 696">
    <p class='ocr_par' dir='ltr' id='par_1_5' title="bbox 304 617 1870 696">
     <span class='ocr_line' id='line_1_5' title="bbox 304 617 1870 696; baseline 0.007 -26"><span class='ocrx_word' id='word_1_23' title='bbox 304 617 429 671; x_wconf 72' lang='lat' dir='ltr'><strong>linis</strong></span> <span class='ocrx_word' id='word_1_24' title='bbox 458 618 806 685; x_wconf 87' lang='lat' dir='ltr'><strong>quibuslibet,</strong></span> <span class='ocrx_word' id='word_1_25' title='bbox 839 630 967 677; x_wconf 88' lang='lat' dir='ltr'><strong>tunc</strong></span> <span class='ocrx_word' id='word_1_26' title='bbox 1004 641 1177 680; x_wconf 90' lang='lat' dir='ltr'><strong>annos</strong></span> <span class='ocrx_word' id='word_1_27' title='bbox 1228 642 1291 680; x_wconf 90' lang='lat' dir='ltr'><strong>ac</strong></span> <span class='ocrx_word' id='word_1_28' title='bbox 1326 636 1569 696; x_wconf 87' lang='lat' dir='ltr'><strong>tempora</strong></span> <span class='ocrx_word' id='word_1_29' title='bbox 1600 643 1726 685; x_wconf 85' lang='lat' dir='ltr'><strong>cum</strong></span> <span class='ocrx_word' id='word_1_30' title='bbox 1752 631 1870 682; x_wconf 84' lang='lat' dir='ltr'><strong>lau-</strong></span> 
     </span>
    </p>
   </div>
   <div class='ocr_carea' id='block_1_6' title="bbox 304 708 1868 789">
    <p class='ocr_par' dir='ltr' id='par_1_6' title="bbox 304 708 1868 789">
     <span class='ocr_line' id='line_1_6' title="bbox 304 708 1868 789; baseline 0.01 -30"><span class='ocrx_word' id='word_1_31' title='bbox 304 708 464 762; x_wconf 87' lang='lat' dir='ltr'><strong>dibus</strong></span> <span class='ocrx_word' id='word_1_32' title='bbox 490 721 804 779; x_wconf 90' lang='lat' dir='ltr'><strong>computant</strong></span> <span class='ocrx_word' id='word_1_33' title='bbox 826 714 1207 782; x_wconf 72' lang='lat' dir='ltr'><strong>cogitationes,</strong></span> <span class='ocrx_word' id='word_1_34' title='bbox 1242 726 1301 770; x_wconf 88' lang='lat' dir='ltr'><strong>ut</strong></span> <span class='ocrx_word' id='word_1_35' title='bbox 1334 720 1578 789; x_wconf 84' lang='lat' dir='ltr'><strong>corporis</strong></span> <span class='ocrx_word' id='word_1_36' title='bbox 1613 736 1777 774; x_wconf 75' lang='lat' dir='ltr'><strong>causa</strong></span> <span class='ocrx_word' id='word_1_37' title='bbox 1813 730 1868 774; x_wconf 73' lang='lat' dir='ltr'><strong>tu</strong></span> 
     </span>
    </p>
   </div>
   <div class='ocr_carea' id='block_1_7' title="bbox 302 799 1869 880">
    <p class='ocr_par' dir='ltr' id='par_1_7' title="bbox 302 799 1869 880">
     <span class='ocr_line' id='line_1_7' title="bbox 302 799 1869 880; baseline 0.011 -31"><span class='ocrx_word' id='word_1_38' title='bbox 302 799 464 851; x_wconf 82' lang='lat' dir='ltr'><strong>cedas</strong></span> <span class='ocrx_word' id='word_1_39' title='bbox 496 800 580 865; x_wconf 87' lang='lat' dir='ltr'><strong>iis,</strong></span> <span class='ocrx_word' id='word_1_40' title='bbox 603 802 695 870; x_wconf 89' lang='lat' dir='ltr'><strong>qui</strong></span> <span class='ocrx_word' id='word_1_41' title='bbox 726 812 777 856; x_wconf 91' lang='lat' dir='ltr'><strong>te</strong></span> <span class='ocrx_word' id='word_1_42' title='bbox 810 816 1081 871; x_wconf 76' lang='lat' dir='ltr'><strong>exercent,</strong></span> <span class='ocrx_word' id='word_1_43' title='bbox 1110 809 1406 863; x_wconf 84' lang='lat' dir='ltr'><strong>laboribus.</strong></span> <span class='ocrx_word' id='word_1_44' title='bbox 1440 810 1570 866; x_wconf 80' lang='lat' dir='ltr'><strong>Jure</strong></span> <span class='ocrx_word' id='word_1_45' title='bbox 1598 813 1765 880; x_wconf 86' lang='lat' dir='ltr'><strong>igitur</strong></span> <span class='ocrx_word' id='word_1_46' title='bbox 1801 828 1869 867; x_wconf 76' lang='lat' dir='ltr'><strong>ex</strong></span> 
     </span>
    </p>
   </div>
   <div class='ocr_carea' id='block_1_8' title="bbox 303 890 1871 976">
    <p class='ocr_par' dir='ltr' id='par_1_8' title="bbox 303 890 1871 976">
     <span class='ocr_line' id='line_1_8' title="bbox 303 890 1871 976; baseline 0.013 -35"><span class='ocrx_word' id='word_1_47' title='bbox 303 890 533 944; x_wconf 81' lang='lat' dir='ltr'><strong>adverso</strong></span> <span class='ocrx_word' id='word_1_48' title='bbox 577 892 834 963; x_wconf 80' lang='lat' dir='ltr'><strong>improbis</strong></span> <span class='ocrx_word' id='word_1_49' title='bbox 878 897 1202 956; x_wconf 82' lang='lat' dir='ltr'><strong>vociferabis</strong></span> <span class='ocrx_word' id='word_1_50' title='bbox 1244 906 1691 973; x_wconf 90' lang='lat' dir='ltr'><strong>supputatoribus</strong></span> <span class='ocrx_word' id='word_1_51' title='bbox 1719 922 1871 976; x_wconf 69' lang='lat' dir='ltr'><strong>quae-</strong></span> 
     </span>
    </p>
   </div>
   <div class='ocr_carea' id='block_1_9' title="bbox 303 990 1872 1071">
    <p class='ocr_par' dir='ltr' id='par_1_9' title="bbox 303 990 1872 1071">
     <span class='ocr_line' id='line_1_9' title="bbox 303 990 1872 1071; baseline 0.011 -34"><span class='ocrx_word' id='word_1_52' title='bbox 303 1000 518 1054; x_wconf 82' lang='lat' dir='ltr'><strong>cunque</strong></span> <span class='ocrx_word' id='word_1_53' title='bbox 546 990 612 1039; x_wconf 87' lang='lat' dir='ltr'><strong>ad</strong></span> <span class='ocrx_word' id='word_1_54' title='bbox 634 1004 824 1043; x_wconf 90' lang='lat' dir='ltr'><strong>eorum</strong></span> <span class='ocrx_word' id='word_1_55' title='bbox 854 992 1072 1063; x_wconf 65' lang='lat' dir='ltr'><strong>ineptia:</strong></span> <span class='ocrx_word' id='word_1_56' title='bbox 1102 997 1512 1053; x_wconf 79' lang='lat' dir='ltr'><strong>subversionem</strong></span> <span class='ocrx_word' id='word_1_57' title='bbox 1544 1009 1672 1053; x_wconf 88' lang='lat' dir='ltr'><strong>sunt</strong></span> <span class='ocrx_word' id='word_1_58' title='bbox 1697 1017 1872 1071; x_wconf 82' lang='lat' dir='ltr'><strong>oppo—</strong></span> 
     </span>
    </p>
   </div>
   <div class='ocr_carea' id='block_1_10' title="bbox 304 1077 1872 1149">
    <p class='ocr_par' dir='ltr' id='par_1_10' title="bbox 304 1077 1872 1149">
     <span class='ocr_line' id='line_1_10' title="bbox 304 1077 1872 1149; baseline 0.011 -19"><span class='ocrx_word' id='word_1_59' title='bbox 304 1077 429 1130; x_wconf 88' lang='lat' dir='ltr'><strong>sita.</strong></span> <span class='ocrx_word' id='word_1_60' title='bbox 463 1077 693 1142; x_wconf 78' lang='lat' dir='ltr'><strong>Quidam</strong></span> <span class='ocrx_word' id='word_1_61' title='bbox 742 1083 968 1138; x_wconf 79' lang='lat' dir='ltr'><strong>fratrum</strong></span> <span class='ocrx_word' id='word_1_62' title='bbox 1015 1087 1229 1143; x_wconf 80' lang='lat' dir='ltr'><strong>labores</strong></span> <span class='ocrx_word' id='word_1_63' title='bbox 1261 1100 1450 1145; x_wconf 88' lang='lat' dir='ltr'><strong>contra</strong></span> <span class='ocrx_word' id='word_1_64' title='bbox 1493 1092 1767 1149; x_wconf 70' lang='lat' dir='ltr'><strong>daemones</strong></span> <span class='ocrx_word' id='word_1_65' title='bbox 1803 1095 1872 1147; x_wconf 91' lang='lat' dir='ltr'><strong>ab</strong></span> 
     </span>
    </p>
   </div>
   <div class='ocr_carea' id='block_1_11' title="bbox 310 1166 1874 1246">
    <p class='ocr_par' dir='ltr' id='par_1_11' title="bbox 310 1166 1874 1246">
     <span class='ocr_line' id='line_1_11' title="bbox 310 1166 1874 1246; baseline 0.013 -27"><span class='ocrx_word' id='word_1_66' title='bbox 310 1166 524 1221; x_wconf 81' lang='lat' dir='ltr'><strong>interim</strong></span> <span class='ocrx_word' id='word_1_67' title='bbox 540 1169 661 1224; x_wconf 90' lang='lat' dir='ltr'><strong>ibus</strong></span> <span class='ocrx_word' id='word_1_68' title='bbox 677 1174 1012 1240; x_wconf 89' lang='lat' dir='ltr'><strong>approbatus</strong></span> <span class='ocrx_word' id='word_1_69' title='bbox 1032 1178 1293 1246; x_wconf 81' lang='lat' dir='ltr'><strong>psallebat</strong></span> <span class='ocrx_word' id='word_1_70' title='bbox 1316 1198 1331 1235; x_wconf 87' lang='lat'>:</span> <span class='ocrx_word' id='word_1_71' title='bbox 1361 1201 1379 1233; x_wconf 82' lang='grc' dir='ltr'><strong>ι</strong></span> <span class='ocrx_word' id='word_1_72' title='bbox 1410 1183 1740 1239; x_wconf 71' lang='lat' dir='ltr'><strong>Arertantur</strong></span> <span class='ocrx_word' id='word_1_73' title='bbox 1762 1196 1874 1239; x_wconf 86' lang='lat' dir='ltr'><strong>sta-</strong></span> 
     </span>
    </p>
   </div>
   <div class='ocr_carea' id='block_1_12' title="bbox 308 1258 1872 1346">
    <p class='ocr_par' dir='ltr' id='par_1_12' title="bbox 308 1258 1872 1346">
     <span class='ocr_line' id='line_1_12' title="bbox 308 1258 1872 1346; baseline 0.015 -37"><span class='ocrx_word' id='word_1_74' title='bbox 308 1258 403 1311; x_wconf 89' lang='lat' dir='ltr'><strong>tim</strong></span> <span class='ocrx_word' id='word_1_75' title='bbox 437 1260 672 1324; x_wconf 80' lang='lat' dir='ltr'><strong>conl’usi,</strong></span> <span class='ocrx_word' id='word_1_76' title='bbox 704 1265 796 1332; x_wconf 91' lang='lat' dir='ltr'><strong>qui</strong></span> <span class='ocrx_word' id='word_1_77' title='bbox 822 1265 1010 1321; x_wconf 89' lang='lat' dir='ltr'><strong>dicunt</strong></span> <span class='ocrx_word' id='word_1_78' title='bbox 1036 1269 1166 1322; x_wconf 88' lang='lat' dir='ltr'><strong>mihi</strong></span> <span class='ocrx_word' id='word_1_79' title='bbox 1195 1288 1209 1323; x_wconf 85' lang='lat'><strong>:</strong></span> <span class='ocrx_word' id='word_1_80' title='bbox 1239 1270 1420 1343; x_wconf 83' lang='lat' dir='ltr'><strong>Euge!</strong></span> <span class='ocrx_word' id='word_1_81' title='bbox 1452 1290 1590 1346; x_wconf 84' lang='lat' dir='ltr'><strong>euge</strong></span> <span class='ocrx_word' id='word_1_82' title='bbox 1614 1276 1692 1329; x_wconf 75' lang='lat' dir='ltr'><strong>“i</strong></span> <span class='ocrx_word' id='word_1_83' title='bbox 1734 1295 1752 1327; x_wconf 76' lang='grc' dir='ltr'><strong>ο</strong></span> <span class='ocrx_word' id='word_1_84' title='bbox 1794 1275 1872 1332; x_wconf 80' lang='lat' dir='ltr'><strong>Ne</strong></span> 
     </span>
    </p>
   </div>
   <div class='ocr_carea' id='block_1_13' title="bbox 303 1350 1868 1437">
    <p class='ocr_par' dir='ltr' id='par_1_13' title="bbox 303 1350 1868 1437">
     <span class='ocr_line' id='line_1_13' title="bbox 303 1350 1868 1437; baseline 0.014 -34"><span class='ocrx_word' id='word_1_85' title='bbox 303 1350 531 1406; x_wconf 78' lang='lat' dir='ltr'><strong>suﬂ&#39;cras</strong></span> <span class='ocrx_word' id='word_1_86' title='bbox 584 1354 993 1423; x_wconf 81' lang='lat' dir='ltr'><strong>cogitationem,</strong></span> <span class='ocrx_word' id='word_1_87' title='bbox 1053 1376 1176 1429; x_wconf 63' lang='lat' dir='ltr'><strong>quae</strong></span> <span class='ocrx_word' id='word_1_88' title='bbox 1225 1364 1297 1418; x_wconf 90' lang='lat' dir='ltr'><strong>sit</strong></span> <span class='ocrx_word' id='word_1_89' title='bbox 1347 1380 1413 1419; x_wconf 76' lang='lat' dir='ltr'><strong>ex</strong></span> <span class='ocrx_word' id='word_1_90' title='bbox 1447 1367 1547 1432; x_wconf 86' lang='lat' dir='ltr'><strong>eis,</strong></span> <span class='ocrx_word' id='word_1_91' title='bbox 1601 1383 1724 1437; x_wconf 68' lang='lat' dir='ltr'><strong>qua</strong></span> <span class='ocrx_word' id='word_1_92' title='bbox 1771 1370 1868 1424; x_wconf 89' lang='lat' dir='ltr'><strong>tibi</strong></span> 
     </span>
    </p>
   </div>
   <div class='ocr_carea' id='block_1_14' title="bbox 304 1443 1871 1517">
    <p class='ocr_par' dir='ltr' id='par_1_14' title="bbox 304 1443 1871 1517">
     <span class='ocr_line' id='line_1_14' title="bbox 304 1443 1871 1517; baseline 0.016 -25"><span class='ocrx_word' id='word_1_93' title='bbox 304 1443 599 1497; x_wconf 88' lang='lat' dir='ltr'><strong>multorum</strong></span> <span class='ocrx_word' id='word_1_94' title='bbox 648 1462 919 1502; x_wconf 85' lang='lat' dir='ltr'><strong>annorum</strong></span> <span class='ocrx_word' id='word_1_95' title='bbox 983 1452 1245 1508; x_wconf 84' lang='lat' dir='ltr'><strong>circulum</strong></span> <span class='ocrx_word' id='word_1_96' title='bbox 1300 1457 1354 1510; x_wconf 91' lang='lat' dir='ltr'><strong>in</strong></span> <span class='ocrx_word' id='word_1_97' title='bbox 1406 1459 1512 1513; x_wconf 78' lang='lat' dir='ltr'><strong>vita</strong></span> <span class='ocrx_word' id='word_1_98' title='bbox 1571 1462 1871 1517; x_wconf 88' lang='lat' dir='ltr'><strong>monastica</strong></span> 
     </span>
    </p>
   </div>
   <div class='ocr_carea' id='block_1_15' title="bbox 304 1536 1872 1619">
    <p class='ocr_par' dir='ltr' id='par_1_15' title="bbox 304 1536 1872 1619">
     <span class='ocr_line' id='line_1_15' title="bbox 304 1536 1872 1619; baseline 0.013 -33"><span class='ocrx_word' id='word_1_99' title='bbox 304 1536 575 1590; x_wconf 79' lang='lat' dir='ltr'><strong>mansisse</strong></span> <span class='ocrx_word' id='word_1_100' title='bbox 610 1549 927 1606; x_wconf 73' lang='lat' dir='ltr'><strong>suggerunt,</strong></span> <span class='ocrx_word' id='word_1_101' title='bbox 978 1558 1046 1597; x_wconf 92' lang='lat' dir='ltr'><strong>ne</strong></span> <span class='ocrx_word' id='word_1_102' title='bbox 1084 1560 1148 1599; x_wconf 79' lang='lat' dir='ltr'><strong>ex</strong></span> <span class='ocrx_word' id='word_1_103' title='bbox 1191 1548 1351 1601; x_wconf 87' lang='lat' dir='ltr'><strong>annis</strong></span> <span class='ocrx_word' id='word_1_104' title='bbox 1392 1551 1625 1619; x_wconf 79' lang='lat' dir='ltr'><strong>pendere</strong></span> <span class='ocrx_word' id='word_1_105' title='bbox 1669 1551 1872 1608; x_wconf 78' lang='lat' dir='ltr'><strong>faciant</strong></span> 
     </span>
    </p>
   </div>
   <div class='ocr_carea' id='block_1_16' title="bbox 303 1627 1869 1714">
    <p class='ocr_par' dir='ltr' id='par_1_16' title="bbox 303 1627 1869 1714">
     <span class='ocr_line' id='line_1_16' title="bbox 303 1627 1869 1714; baseline 0.015 -36"><span class='ocrx_word' id='word_1_106' title='bbox 303 1627 516 1683; x_wconf 85' lang='lat' dir='ltr'><strong>labores</strong></span> <span class='ocrx_word' id='word_1_107' title='bbox 540 1639 694 1696; x_wconf 88' lang='lat' dir='ltr'><strong>tuos;</strong></span> <span class='ocrx_word' id='word_1_108' title='bbox 734 1648 836 1689; x_wconf 88' lang='lat' dir='ltr'><strong>nec</strong></span> <span class='ocrx_word' id='word_1_109' title='bbox 861 1635 914 1689; x_wconf 91' lang='lat' dir='ltr'><strong>in</strong></span> <span class='ocrx_word' id='word_1_110' title='bbox 948 1637 1263 1694; x_wconf 74' lang='lat' dir='ltr'><strong>solitudinis</strong></span> <span class='ocrx_word' id='word_1_111' title='bbox 1296 1644 1575 1709; x_wconf 82' lang='lat' dir='ltr'><strong>patientia,</strong></span> <span class='ocrx_word' id='word_1_112' title='bbox 1610 1645 1869 1714; x_wconf 74' lang='lat' dir='ltr'><strong>iactantia</strong></span> 
     </span>
    </p>
   </div>
   <div class='ocr_carea' id='block_1_17' title="bbox 1758 245 2011 306">
    <p class='ocr_par' dir='ltr' id='par_1_17' title="bbox 1758 245 2011 306">
     <span class='ocr_line' id='line_1_17' title="bbox 1758 245 2011 306; baseline -0.004 -1"><span class='ocrx_word' id='word_1_113' title='bbox 1758 245 1819 306; x_wconf 89' lang='lat' dir='ltr'><strong>S.</strong></span> <span class='ocrx_word' id='word_1_114' title='bbox 1846 245 2011 305; x_wconf 76' lang='lat' dir='ltr'><strong>NlLI</strong></span> 
     </span>
    </p>
   </div>
   <div class='ocr_carea' id='block_1_18' title="bbox 3473 264 3628 326">
    <p class='ocr_par' dir='ltr' id='par_1_18' title="bbox 3473 264 3628 326">
     <span class='ocr_line' id='line_1_18' title="bbox 3473 264 3628 326; baseline 0 -3"><span class='ocrx_word' id='word_1_115' title='bbox 3473 264 3497 323; x_wconf 88' lang='lat'><strong>1</strong></span> <span class='ocrx_word' id='word_1_116' title='bbox 3514 265 3628 326; x_wconf 73' lang='lat'><strong>120</strong></span> 
     </span>
    </p>
   </div>
   <div class='ocr_carea' id='block_1_19' title="bbox 1970 353 3625 446">
    <p class='ocr_par' dir='ltr' id='par_1_19' title="bbox 1970 353 3625 446">
     <span class='ocr_line' id='line_1_19' title="bbox 1970 353 3625 446; baseline 0.013 -40"><span class='ocrx_word' id='word_1_117' title='bbox 1970 353 2142 408; x_wconf 82' lang='grc' dir='ltr'>ἐλθεῖν</span> <span class='ocrx_word' id='word_1_118' title='bbox 2195 356 2553 425; x_wconf 74' lang='grc' dir='ltr'>ῥιπτέτωταν,</span> <span class='ocrx_word' id='word_1_119' title='bbox 2601 361 2789 415; x_wconf 78' lang='grc' dir='ltr'>τοῦτον</span> <span class='ocrx_word' id='word_1_120' title='bbox 2831 364 2926 419; x_wconf 75' lang='grc' dir='ltr'><strong>τοῦ</strong></span> <span class='ocrx_word' id='word_1_121' title='bbox 2974 368 3280 439; x_wconf 53' lang='grc' dir='ltr'>λογαμοῦ,</span> <span class='ocrx_word' id='word_1_122' title='bbox 3347 374 3460 426; x_wconf 74' lang='grc' dir='ltr'><strong>καὶ</strong></span> <span class='ocrx_word' id='word_1_123' title='bbox 3506 378 3625 446; x_wconf 71' lang='grc' dir='ltr'><strong>πρὸ</strong></span> 
     </span>
    </p>
   </div>
   <div class='ocr_carea' id='block_1_20' title="bbox 1968 446 3625 535">
    <p class='ocr_par' dir='ltr' id='par_1_20' title="bbox 1968 446 3625 535">
     <span class='ocr_line' id='line_1_20' title="bbox 1968 446 3625 535; baseline 0.011 -37"><span class='ocrx_word' id='word_1_124' title='bbox 1968 446 2069 516; x_wconf 77' lang='grc' dir='ltr'>τῆς</span> <span class='ocrx_word' id='word_1_125' title='bbox 2115 448 2405 516; x_wconf 74' lang='grc' dir='ltr'><strong>συντυχίας</strong></span> <span class='ocrx_word' id='word_1_126' title='bbox 2458 449 2603 502; x_wconf 76' lang='grc' dir='ltr'>ἔνδον</span> <span class='ocrx_word' id='word_1_127' title='bbox 2653 452 3041 521; x_wconf 78' lang='grc' dir='ltr'>ἐμϐάλλοντος.</span> <span class='ocrx_word' id='word_1_128' title='bbox 3084 459 3267 512; x_wconf 81' lang='grc' dir='ltr'>ὀταν</span> <span class='ocrx_word' id='word_1_129' title='bbox 3320 464 3625 535; x_wconf 70' lang='grc' dir='ltr'>χρονίσῃς</span> 
     </span>
    </p>
   </div>
   <div class='ocr_carea' id='block_1_21' title="bbox 1971 537 3621 624">
    <p class='ocr_par' dir='ltr' id='par_1_21' title="bbox 1971 537 3621 624">
     <span class='ocr_line' id='line_1_21' title="bbox 1971 537 3621 624; baseline 0.013 -34"><span class='ocrx_word' id='word_1_130' title='bbox 1971 537 2307 607; x_wconf 71' lang='grc' dir='ltr'><strong>ἀπεχόμενος</strong></span> <span class='ocrx_word' id='word_1_131' title='bbox 2362 538 2528 604; x_wconf 78' lang='grc' dir='ltr'>οἴνου,</span> <span class='ocrx_word' id='word_1_132' title='bbox 2577 544 2674 596; x_wconf 65' lang='grc' dir='ltr'>καὶ</span> <span class='ocrx_word' id='word_1_133' title='bbox 2720 545 2925 610; x_wconf 82' lang='grc' dir='ltr'>ἐλαίου,</span> <span class='ocrx_word' id='word_1_134' title='bbox 2970 550 3069 601; x_wconf 75' lang='grc' dir='ltr'>καὶ</span> <span class='ocrx_word' id='word_1_135' title='bbox 3117 551 3234 604; x_wconf 83' lang='grc' dir='ltr'><strong>τῶν</strong></span> <span class='ocrx_word' id='word_1_136' title='bbox 3276 555 3621 624; x_wconf 77' lang='grc' dir='ltr'>περιττῶν,</span> 
     </span>
    </p>
   </div>
   <div class='ocr_carea' id='block_1_22' title="bbox 1970 628 3624 715">
    <p class='ocr_par' dir='ltr' id='par_1_22' title="bbox 1970 628 3624 715">
     <span class='ocr_line' id='line_1_22' title="bbox 1970 628 3624 715; baseline 0.011 -35"><span class='ocrx_word' id='word_1_137' title='bbox 1970 628 2091 681; x_wconf 79' lang='grc' dir='ltr'>τότε</span> <span class='ocrx_word' id='word_1_138' title='bbox 2141 630 2191 680; x_wconf 87' lang='grc' dir='ltr'>οἱ</span> <span class='ocrx_word' id='word_1_139' title='bbox 2232 628 2481 699; x_wconf 75' lang='grc' dir='ltr'>λογισμοὶ</span> <span class='ocrx_word' id='word_1_140' title='bbox 2518 633 2644 695; x_wconf 71' lang='grc' dir='ltr'>τοὺς</span> <span class='ocrx_word' id='word_1_141' title='bbox 2691 636 2921 705; x_wconf 72' lang='grc' dir='ltr'>χρόνους</span> <span class='ocrx_word' id='word_1_142' title='bbox 2972 657 3058 693; x_wconf 92' lang='grc' dir='ltr'><strong>σοι</strong></span> <span class='ocrx_word' id='word_1_143' title='bbox 3103 643 3231 712; x_wconf 84' lang='grc' dir='ltr'>μετ’</span> <span class='ocrx_word' id='word_1_144' title='bbox 3275 645 3624 715; x_wconf 76' lang='grc' dir='ltr'>ἐγκωμίων</span> 
     </span>
    </p>
   </div>
   <div class='ocr_carea' id='block_1_23' title="bbox 1968 720 3621 807">
    <p class='ocr_par' dir='ltr' id='par_1_23' title="bbox 1968 720 3621 807">
     <span class='ocr_line' id='line_1_23' title="bbox 1968 720 3621 807; baseline 0.013 -37"><span class='ocrx_word' id='word_1_145' title='bbox 1968 720 2298 789; x_wconf 69' lang='grc' dir='ltr'>ψηφίζουσιν</span> <span class='ocrx_word' id='word_1_146' title='bbox 2336 722 2654 778; x_wconf 72' lang='grc' dir='ltr'>ὖπενδοῦναί</span> <span class='ocrx_word' id='word_1_147' title='bbox 2701 742 2760 779; x_wconf 81' lang='grc' dir='ltr'><strong>σε</strong></span> <span class='ocrx_word' id='word_1_148' title='bbox 2798 733 2911 792; x_wconf 81' lang='grc' dir='ltr'>τοῖς</span> <span class='ocrx_word' id='word_1_149' title='bbox 2956 732 3143 797; x_wconf 73' lang='grc' dir='ltr'>πόνοις</span> <span class='ocrx_word' id='word_1_150' title='bbox 3178 735 3269 788; x_wconf 69' lang='grc' dir='ltr'>διὰ</span> <span class='ocrx_word' id='word_1_151' title='bbox 3301 739 3379 790; x_wconf 74' lang='grc' dir='ltr'>τὸ</span> <span class='ocrx_word' id='word_1_152' title='bbox 3438 739 3621 807; x_wconf 76' lang='grc' dir='ltr'>σῶμα.</span> 
     </span>
    </p>
   </div>
   <div class='ocr_carea' id='block_1_24' title="bbox 1971 812 3616 895">
    <p class='ocr_par' dir='ltr' id='par_1_24' title="bbox 1971 812 3616 895">
     <span class='ocr_line' id='line_1_24' title="bbox 1971 812 3616 895; baseline 0.014 -34"><span class='ocrx_word' id='word_1_153' title='bbox 1971 812 2326 879; x_wconf 71' lang='grc' dir='ltr'>γυμνάζουσι.</span> <span class='ocrx_word' id='word_1_154' title='bbox 2374 813 2613 877; x_wconf 76' lang='grc' dir='ltr'><strong>Εἰκότως</strong></span> <span class='ocrx_word' id='word_1_155' title='bbox 2662 813 2755 870; x_wconf 68' lang='grc' dir='ltr'>οὖν</span> <span class='ocrx_word' id='word_1_156' title='bbox 2788 822 2901 883; x_wconf 81' lang='grc' dir='ltr'>τοῖς</span> <span class='ocrx_word' id='word_1_157' title='bbox 2951 826 3399 895; x_wconf 78' lang='grc' dir='ltr'>κακογνώμοσιν</span> <span class='ocrx_word' id='word_1_158' title='bbox 3440 831 3616 883; x_wconf 77' lang='grc' dir='ltr'>ἀντι-</span> 
     </span>
    </p>
   </div>
   <div class='ocr_carea' id='block_1_25' title="bbox 1972 904 3618 990">
    <p class='ocr_par' dir='ltr' id='par_1_25' title="bbox 1972 904 3618 990">
     <span class='ocr_line' id='line_1_25' title="bbox 1972 904 3618 990; baseline 0.012 -35"><span class='ocrx_word' id='word_1_159' title='bbox 1972 904 2179 976; x_wconf 74' lang='grc' dir='ltr'>φθέγξῃ</span> <span class='ocrx_word' id='word_1_160' title='bbox 2206 904 2610 974; x_wconf 56' lang='grc' dir='ltr'>διανᾷηφισταῖς,</span> <span class='ocrx_word' id='word_1_161' title='bbox 2646 909 2750 963; x_wconf 85' lang='grc' dir='ltr'>ὃσα</span> <span class='ocrx_word' id='word_1_162' title='bbox 2778 912 2917 982; x_wconf 69' lang='grc' dir='ltr'>πρός</span> <span class='ocrx_word' id='word_1_163' title='bbox 2944 914 3266 988; x_wconf 77' lang='grc' dir='ltr'><strong>ἀνατροπὴν</strong></span> <span class='ocrx_word' id='word_1_164' title='bbox 3300 921 3422 990; x_wconf 81' lang='grc' dir='ltr'>τῆς</span> <span class='ocrx_word' id='word_1_165' title='bbox 3452 923 3618 974; x_wconf 83' lang='grc' dir='ltr'>ἐκεί-</span> 
     </span>
    </p>
   </div>
   <div class='ocr_carea' id='block_1_26' title="bbox 1970 997 3613 1079">
    <p class='ocr_par' dir='ltr' id='par_1_26' title="bbox 1970 997 3613 1079">
     <span class='ocr_line' id='line_1_26' title="bbox 1970 997 3613 1079; baseline 0.013 -35"><span class='ocrx_word' id='word_1_166' title='bbox 1970 1013 2077 1047; x_wconf 86' lang='grc' dir='ltr'><strong>νων</strong></span> <span class='ocrx_word' id='word_1_167' title='bbox 2124 997 2425 1065; x_wconf 81' lang='grc' dir='ltr'>σκαιωρίας</span> <span class='ocrx_word' id='word_1_168' title='bbox 2452 998 2805 1055; x_wconf 83' lang='grc' dir='ltr'>ἀντίκεινται.</span> <span class='ocrx_word' id='word_1_169' title='bbox 2850 1004 2949 1067; x_wconf 78' lang='grc' dir='ltr'>Τίς</span> <span class='ocrx_word' id='word_1_170' title='bbox 2980 1006 3092 1058; x_wconf 81' lang='grc' dir='ltr'>τῶν</span> <span class='ocrx_word' id='word_1_171' title='bbox 3136 1009 3407 1079; x_wconf 64' lang='grc' dir='ltr'>ἀδελςνῶν</span> <span class='ocrx_word' id='word_1_172' title='bbox 3467 1014 3613 1076; x_wconf 70' lang='grc' dir='ltr'>τοὺς</span> 
     </span>
    </p>
   </div>
   <div class='ocr_carea' id='block_1_27' title="bbox 1972 1086 3614 1175">
    <p class='ocr_par' dir='ltr' id='par_1_27' title="bbox 1972 1086 3614 1175">
     <span class='ocr_line' id='line_1_27' title="bbox 1972 1086 3614 1175; baseline 0.013 -38"><span class='ocrx_word' id='word_1_173' title='bbox 1972 1086 2169 1150; x_wconf 76' lang='grc' dir='ltr'>πόνους</span> <span class='ocrx_word' id='word_1_174' title='bbox 2196 1089 2337 1141; x_wconf 82' lang='grc' dir='ltr'><strong>κατά</strong></span> <span class='ocrx_word' id='word_1_175' title='bbox 2366 1089 2663 1158; x_wconf 77' lang='grc' dir='ltr'>δαιμόνων,</span> <span class='ocrx_word' id='word_1_176' title='bbox 2694 1094 2801 1146; x_wconf 70' lang='grc' dir='ltr'>ὑπὸ</span> <span class='ocrx_word' id='word_1_177' title='bbox 2837 1096 2945 1149; x_wconf 84' lang='grc' dir='ltr'><strong>τῶν</strong></span> <span class='ocrx_word' id='word_1_178' title='bbox 2985 1097 3136 1152; x_wconf 77' lang='grc' dir='ltr'>ἔνδον</span> <span class='ocrx_word' id='word_1_179' title='bbox 3168 1102 3614 1175; x_wconf 78' lang='grc' dir='ltr'>ἐπαινούμενος</span> 
     </span>
    </p>
   </div>
   <div class='ocr_carea' id='block_1_28' title="bbox 1970 1176 3613 1266">
    <p class='ocr_par' dir='ltr' id='par_1_28' title="bbox 1970 1176 3613 1266">
     <span class='ocr_line' id='line_1_28' title="bbox 1970 1176 3613 1266; baseline 0.013 -37"><span class='ocrx_word' id='word_1_180' title='bbox 1970 1176 2220 1259; x_wconf 59' lang='grc' dir='ltr'>ἔψαλλεν.</span> <span class='ocrx_word' id='word_1_181' title='bbox 2251 1198 2271 1231; x_wconf 82' lang='grc' dir='ltr'><strong>ι</strong></span> <span class='ocrx_word' id='word_1_182' title='bbox 2317 1181 2853 1250; x_wconf 68' lang='grc' dir='ltr'>’Δποστραφήτωσαν</span> <span class='ocrx_word' id='word_1_183' title='bbox 2892 1191 3213 1257; x_wconf 77' lang='grc' dir='ltr'><strong>παραυτίκα</strong></span> <span class='ocrx_word' id='word_1_184' title='bbox 3241 1197 3613 1266; x_wconf 80' lang='grc' dir='ltr'>αἰσχυνόμε-</span> 
     </span>
    </p>
   </div>
   <div class='ocr_carea' id='block_1_29' title="bbox 1970 1254 3611 1357">
    <p class='ocr_par' dir='ltr' id='par_1_29' title="bbox 1970 1254 3611 1357">
     <span class='ocr_line' id='line_1_29' title="bbox 1970 1254 3611 1357; baseline 0.012 -35"><span class='ocrx_word' id='word_1_185' title='bbox 1970 1254 2050 1322; x_wconf 84' lang='grc' dir='ltr'><strong>νοι</strong></span> <span class='ocrx_word' id='word_1_186' title='bbox 2079 1271 2129 1323; x_wconf 79' lang='lat' dir='ltr'><strong>oi</strong></span> <span class='ocrx_word' id='word_1_187' title='bbox 2166 1269 2414 1338; x_wconf 79' lang='grc' dir='ltr'>λέγοντές</span> <span class='ocrx_word' id='word_1_188' title='bbox 2452 1289 2539 1343; x_wconf 88' lang='grc' dir='ltr'><strong>μοι</strong></span> <span class='ocrx_word' id='word_1_189' title='bbox 2562 1289 2578 1305; x_wconf 75' lang='grc' dir='ltr'><strong>ο</strong></span> <span class='ocrx_word' id='word_1_190' title='bbox 2605 1270 2783 1343; x_wconf 72' lang='grc' dir='ltr'>Εὖγεί</span> <span class='ocrx_word' id='word_1_191' title='bbox 2820 1254 2987 1345; x_wconf 66' lang='grc' dir='ltr'>εὖγεί</span> <span class='ocrx_word' id='word_1_192' title='bbox 3021 1299 3038 1330; x_wconf 79' lang='grc' dir='ltr'><strong>ι</strong></span> <span class='ocrx_word' id='word_1_193' title='bbox 3065 1282 3159 1353; x_wconf 78' lang='grc' dir='ltr'><strong>Μὴ</strong></span> <span class='ocrx_word' id='word_1_194' title='bbox 3186 1283 3278 1335; x_wconf 78' lang='grc' dir='ltr'><strong>τὸν</strong></span> <span class='ocrx_word' id='word_1_195' title='bbox 3304 1254 3441 1354; x_wconf 57' lang='lat'><strong>1.371</strong></span> <span class='ocrx_word' id='word_1_196' title='bbox 3454 1254 3611 1357; x_wconf 68' lang='grc' dir='ltr'>σιμὸν</span> 
     </span>
    </p>
   </div>
   <div class='ocr_carea' id='block_1_30' title="bbox 1969 1360 3607 1447">
    <p class='ocr_par' dir='ltr' id='par_1_30' title="bbox 1969 1360 3607 1447">
     <span class='ocr_line' id='line_1_30' title="bbox 1969 1360 3607 1447; baseline 0.011 -34"><span class='ocrx_word' id='word_1_197' title='bbox 1969 1360 2183 1432; x_wconf 75' lang='grc' dir='ltr'>ἀνάσχῃ</span> <span class='ocrx_word' id='word_1_198' title='bbox 2206 1362 2438 1433; x_wconf 84' lang='grc' dir='ltr'>πολυετῆ</span> <span class='ocrx_word' id='word_1_199' title='bbox 2462 1380 2544 1416; x_wconf 91' lang='grc' dir='ltr'><strong>σοι</strong></span> <span class='ocrx_word' id='word_1_200' title='bbox 2566 1365 2765 1419; x_wconf 78' lang='grc' dir='ltr'>κύκλον</span> <span class='ocrx_word' id='word_1_201' title='bbox 2796 1369 2855 1421; x_wconf 85' lang='grc' dir='ltr'><strong>ἐν</strong></span> <span class='ocrx_word' id='word_1_202' title='bbox 2878 1366 2956 1439; x_wconf 81' lang='grc' dir='ltr'><strong>τῷ</strong></span> <span class='ocrx_word' id='word_1_203' title='bbox 2986 1374 3212 1442; x_wconf 81' lang='grc' dir='ltr'>μονήρει</span> <span class='ocrx_word' id='word_1_204' title='bbox 3243 1374 3351 1447; x_wconf 79' lang='grc' dir='ltr'>βίῳ</span> <span class='ocrx_word' id='word_1_205' title='bbox 3382 1380 3607 1447; x_wconf 78' lang='grc' dir='ltr'>φερόν-</span> 
     </span>
    </p>
   </div>
   <div class='ocr_carea' id='block_1_31' title="bbox 1969 1454 3603 1537">
    <p class='ocr_par' dir='ltr' id='par_1_31' title="bbox 1969 1454 3603 1537">
     <span class='ocr_line' id='line_1_31' title="bbox 1969 1454 3603 1537; baseline 0.012 -33"><span class='ocrx_word' id='word_1_206' title='bbox 1969 1469 2101 1515; x_wconf 88' lang='grc' dir='ltr'>των,</span> <span class='ocrx_word' id='word_1_207' title='bbox 2133 1454 2219 1508; x_wconf 82' lang='grc' dir='ltr'>ἵνα</span> <span class='ocrx_word' id='word_1_208' title='bbox 2245 1456 2320 1525; x_wconf 89' lang='grc' dir='ltr'><strong>μή</strong></span> <span class='ocrx_word' id='word_1_209' title='bbox 2352 1473 2445 1508; x_wconf 85' lang='grc' dir='ltr'><strong>σου</strong></span> <span class='ocrx_word' id='word_1_210' title='bbox 2471 1458 2598 1520; x_wconf 72' lang='grc' dir='ltr'>τοὺς</span> <span class='ocrx_word' id='word_1_211' title='bbox 2623 1459 2819 1523; x_wconf 78' lang='grc' dir='ltr'>πόνους</span> <span class='ocrx_word' id='word_1_212' title='bbox 2840 1462 2956 1524; x_wconf 89' lang='grc' dir='ltr'>τοῖς</span> <span class='ocrx_word' id='word_1_213' title='bbox 2974 1463 3192 1533; x_wconf 78' lang='grc' dir='ltr'>χρόνοις</span> <span class='ocrx_word' id='word_1_214' title='bbox 3211 1484 3313 1537; x_wconf 88' lang='grc' dir='ltr'><strong>κρε</strong></span> <span class='ocrx_word' id='word_1_215' title='bbox 3324 1469 3603 1537; x_wconf 76' lang='grc' dir='ltr'>μάσωσι,</span> 
     </span>
    </p>
   </div>
   <div class='ocr_carea' id='block_1_32' title="bbox 1972 1544 3603 1631">
    <p class='ocr_par' dir='ltr' id='par_1_32' title="bbox 1972 1544 3603 1631">
     <span class='ocr_line' id='line_1_32' title="bbox 1972 1544 3603 1631; baseline -0.005 -18"><span class='ocrx_word' id='word_1_216' title='bbox 1972 1544 2111 1613; x_wconf 73' lang='grc' dir='ltr'>μηδὲ</span> <span class='ocrx_word' id='word_1_217' title='bbox 2149 1545 2208 1596; x_wconf 68' lang='grc' dir='ltr'><strong>έν</strong></span> <span class='ocrx_word' id='word_1_218' title='bbox 2253 1547 2319 1615; x_wconf 66' lang='grc' dir='ltr'><strong>τῇ</strong></span> <span class='ocrx_word' id='word_1_219' title='bbox 2350 1545 2595 1616; x_wconf 73' lang='grc' dir='ltr'>ὑπομονῇ</span> <span class='ocrx_word' id='word_1_220' title='bbox 2626 1547 2730 1618; x_wconf 81' lang='grc' dir='ltr'><strong>τῆς</strong></span> <span class='ocrx_word' id='word_1_221' title='bbox 2759 1550 2997 1623; x_wconf 81' lang='grc' dir='ltr'>ἐρημίας</span> <span class='ocrx_word' id='word_1_222' title='bbox 3033 1557 3305 1626; x_wconf 83' lang='grc' dir='ltr'>καυχήσει</span> <span class='ocrx_word' id='word_1_223' title='bbox 3348 1558 3603 1631; x_wconf 79' lang='grc' dir='ltr'>ζωγρη.</span> 
     </span>
    </p>
   </div>
   <div class='ocr_carea' id='block_1_33' title="bbox 1976 1632 3602 1716">
    <p class='ocr_par' dir='ltr' id='par_1_33' title="bbox 1976 1632 3602 1716">
     <span class='ocr_line' id='line_1_33' title="bbox 1976 1632 3602 1716; baseline 0.014 -33"><span class='ocrx_word' id='word_1_224' title='bbox 1976 1632 2097 1702; x_wconf 74' lang='grc' dir='ltr'>θῇς·</span> <span class='ocrx_word' id='word_1_225' title='bbox 2142 1633 2259 1685; x_wconf 85' lang='grc' dir='ltr'>ἀλλ’</span> <span class='ocrx_word' id='word_1_226' title='bbox 2300 1636 2359 1686; x_wconf 79' lang='grc' dir='ltr'><strong>ἐν</strong></span> <span class='ocrx_word' id='word_1_227' title='bbox 2406 1638 2472 1704; x_wconf 83' lang='grc' dir='ltr'>τῇ</span> <span class='ocrx_word' id='word_1_228' title='bbox 2524 1636 2773 1710; x_wconf 79' lang='grc' dir='ltr'>ὑπομονῇ</span> <span class='ocrx_word' id='word_1_229' title='bbox 2804 1640 2903 1711; x_wconf 81' lang='grc' dir='ltr'>τῆς</span> <span class='ocrx_word' id='word_1_230' title='bbox 2942 1642 3191 1709; x_wconf 80' lang='grc' dir='ltr'>εὐτελίας</span> <span class='ocrx_word' id='word_1_231' title='bbox 3243 1648 3344 1702; x_wconf 81' lang='grc' dir='ltr'><strong>τοῦ</strong></span> <span class='ocrx_word' id='word_1_232' title='bbox 3383 1650 3602 1716; x_wconf 80' lang='grc' dir='ltr'>δοῦλος</span> 
     </span>
    </p>
   </div>
   <div class='ocr_carea' id='block_1_34' title="bbox 302 1688 1873 1806">
    <p class='ocr_par' dir='ltr' id='par_1_34' title="bbox 302 1688 1872 1799">
     <span class='ocr_line' id='line_1_34' title="bbox 680 1688 1869 1714; baseline 0.013 -27"><span class='ocrx_word' id='word_1_233' title='bbox 680 1688 693 1696; x_wconf 86' lang='grc'><strong>,</strong></span> <span class='ocrx_word' id='word_1_234' title='bbox 1086 1688 1261 1694; x_wconf 52' lang='grc' dir='ltr'><strong>ηπ.--</strong></span> <span class='ocrx_word' id='word_1_235' title='bbox 1297 1688 1575 1709; x_wconf 70' lang='lat'><strong>,_-.-..-._,</strong></span> <span class='ocrx_word' id='word_1_236' title='bbox 1610 1688 1869 1714; x_wconf 61' lang='grc' dir='ltr'><strong>,ηπ-...-</strong></span> 
     </span>
     <span class='ocr_line' id='line_1_35' title="bbox 302 1720 1872 1799; baseline 0.013 -27"><span class='ocrx_word' id='word_1_237' title='bbox 302 1720 558 1787; x_wconf 80' lang='lat' dir='ltr'><strong>capiaris,</strong></span> <span class='ocrx_word' id='word_1_238' title='bbox 590 1723 686 1776; x_wconf 86' lang='lat' dir='ltr'><strong>sed</strong></span> <span class='ocrx_word' id='word_1_239' title='bbox 727 1724 781 1777; x_wconf 92' lang='lat' dir='ltr'><strong>in</strong></span> <span class='ocrx_word' id='word_1_240' title='bbox 820 1727 1112 1783; x_wconf 84' lang='lat' dir='ltr'><strong>tolerantia</strong></span> <span class='ocrx_word' id='word_1_241' title='bbox 1144 1733 1423 1789; x_wconf 77' lang='lat' dir='ltr'><strong>tenuitatis</strong></span> <span class='ocrx_word' id='word_1_242' title='bbox 1458 1744 1586 1799; x_wconf 63' lang='lat' dir='ltr'><strong>tua,</strong></span> <span class='ocrx_word' id='word_1_243' title='bbox 1622 1738 1872 1793; x_wconf 82' lang='lat' dir='ltr'><strong>inutilem</strong></span> 
     </span>
    </p>
   </div>
   <div class='ocr_carea' id='block_1_35' title="bbox 1972 1688 3598 1806">
    <p class='ocr_par' dir='ltr' id='par_1_35' title="bbox 1977 1688 3598 1806">
     <span class='ocr_line' id='line_1_36' title="bbox 1977 1688 3598 1806; baseline 0.014 -30"><span class='ocrx_word' id='word_1_244' title='bbox 1977 1688 2195 1793; x_wconf 54' lang='grc' dir='ltr'>αἱρεῖος</span> <span class='ocrx_word' id='word_1_245' title='bbox 2243 1720 2384 1781; x_wconf 81' lang='grc' dir='ltr'>εἶναι</span> <span class='ocrx_word' id='word_1_246' title='bbox 2746 1688 3079 1804; x_wconf 39' lang='grc' dir='ltr'>’λιάἶγῆρας</span> <span class='ocrx_word' id='word_1_247' title='bbox 3114 1688 3251 1806; x_wconf 56' lang='grc' dir='ltr'>βέθύ</span> <span class='ocrx_word' id='word_1_248' title='bbox 3294 1757 3433 1796; x_wconf 87' lang='grc' dir='ltr'>τινα</span> <span class='ocrx_word' id='word_1_249' title='bbox 3474 1688 3598 1797; x_wconf 64' lang='lat'><strong>1&#39;5:</strong></span> 
     </span>
    </p>
   </div>
   <div class='ocr_carea' id='block_1_36' title="bbox 302 1812 1872 1890">
    <p class='ocr_par' dir='ltr' id='par_1_36' title="bbox 302 1812 1872 1890">
     <span class='ocr_line' id='line_1_37' title="bbox 302 1812 1872 1890; baseline 0.014 -28"><span class='ocrx_word' id='word_1_250' title='bbox 302 1812 563 1866; x_wconf 87' lang='lat' dir='ltr'><strong>nimirum</strong></span> <span class='ocrx_word' id='word_1_251' title='bbox 584 1827 704 1869; x_wconf 81' lang='lat' dir='ltr'><strong>esse</strong></span> <span class='ocrx_word' id='word_1_252' title='bbox 733 1830 949 1871; x_wconf 82' lang='lat' dir='ltr'><strong>servum</strong></span> <span class='ocrx_word' id='word_1_253' title='bbox 994 1822 1328 1877; x_wconf 76' lang='lat' dir='ltr'><strong>memineris.</strong></span> <span class='ocrx_word' id='word_1_254' title='bbox 1360 1824 1658 1890; x_wconf 82' lang='lat' dir='ltr'><strong>Quemdam</strong></span> <span class='ocrx_word' id='word_1_255' title='bbox 1686 1844 1872 1885; x_wconf 86' lang='lat' dir='ltr'><strong>senem</strong></span> 
     </span>
    </p>
   </div>
   <div class='ocr_carea' id='block_1_37' title="bbox 303 1903 1875 1990">
    <p class='ocr_par' dir='ltr' id='par_1_37' title="bbox 303 1903 1875 1990">
     <span class='ocr_line' id='line_1_38' title="bbox 303 1903 1875 1990; baseline 0.014 -34"><span class='ocrx_word' id='word_1_256' title='bbox 303 1903 606 1957; x_wconf 80' lang='lat' dir='ltr'><strong>solitarium</strong></span> <span class='ocrx_word' id='word_1_257' title='bbox 647 1920 677 1960; x_wconf 89' lang='lat' dir='ltr'><strong>e</strong></span> <span class='ocrx_word' id='word_1_258' title='bbox 731 1913 1109 1968; x_wconf 79' lang='lat' dir='ltr'><strong>constantibus</strong></span> <span class='ocrx_word' id='word_1_259' title='bbox 1158 1916 1229 1969; x_wconf 88' lang='lat' dir='ltr'><strong>ob</strong></span> <span class='ocrx_word' id='word_1_260' title='bbox 1263 1929 1594 1973; x_wconf 83' lang='lat' dir='ltr'><strong>senectutem</strong></span> <span class='ocrx_word' id='word_1_261' title='bbox 1646 1923 1875 1990; x_wconf 79' lang='lat' dir='ltr'><strong>profun-</strong></span> 
     </span>
    </p>
   </div>
   <div class='ocr_carea' id='block_1_38' title="bbox 303 1993 1874 2082">
    <p class='ocr_par' dir='ltr' id='par_1_38' title="bbox 303 1993 1874 2082">
     <span class='ocr_line' id='line_1_39' title="bbox 303 1993 1874 2082; baseline 0.015 -37"><span class='ocrx_word' id='word_1_262' title='bbox 303 1993 426 2047; x_wconf 88' lang='lat' dir='ltr'><strong>dam</strong></span> <span class='ocrx_word' id='word_1_263' title='bbox 452 2010 516 2048; x_wconf 83' lang='lat' dir='ltr'><strong>ex</strong></span> <span class='ocrx_word' id='word_1_264' title='bbox 548 2010 734 2051; x_wconf 90' lang='lat' dir='ltr'><strong>eremo</strong></span> <span class='ocrx_word' id='word_1_265' title='bbox 764 2001 955 2057; x_wconf 88' lang='lat' dir='ltr'><strong>tollere</strong></span> <span class='ocrx_word' id='word_1_266' title='bbox 987 2006 1293 2061; x_wconf 83' lang='lat' dir='ltr'><strong>conabatur</strong></span> <span class='ocrx_word' id='word_1_267' title='bbox 1322 2009 1564 2080; x_wconf 82' lang='lat' dir='ltr'><strong>aliquis;</strong></span> <span class='ocrx_word' id='word_1_268' title='bbox 1602 2013 1717 2082; x_wconf 87' lang='lat' dir='ltr'><strong>ipse</strong></span> <span class='ocrx_word' id='word_1_269' title='bbox 1743 2030 1874 2069; x_wconf 81' lang='lat' dir='ltr'><strong>vero</strong></span> 
     </span>
    </p>
   </div>
   <div class='ocr_carea' id='block_1_39' title="bbox 304 2084 1871 2167">
    <p class='ocr_par' dir='ltr' id='par_1_39' title="bbox 304 2084 1871 2167">
     <span class='ocr_line' id='line_1_40' title="bbox 304 2084 1871 2167; baseline 0.015 -30"><span class='ocrx_word' id='word_1_270' title='bbox 304 2084 369 2137; x_wconf 88' lang='lat' dir='ltr'><strong>ad</strong></span> <span class='ocrx_word' id='word_1_271' title='bbox 400 2085 574 2154; x_wconf 85' lang='lat' dir='ltr'><strong>ipsum</strong></span> <span class='ocrx_word' id='word_1_272' title='bbox 603 2105 615 2140; x_wconf 93' lang='lat'><strong>:</strong></span> <span class='ocrx_word' id='word_1_273' title='bbox 643 2087 856 2156; x_wconf 81' lang='lat' dir='ltr'><strong>Desine,</strong></span> <span class='ocrx_word' id='word_1_274' title='bbox 882 2092 1076 2163; x_wconf 86' lang='lat' dir='ltr'><strong>inquit,</strong></span> <span class='ocrx_word' id='word_1_275' title='bbox 1094 2112 1123 2150; x_wconf 89' lang='lat' dir='ltr'><strong>a</strong></span> <span class='ocrx_word' id='word_1_276' title='bbox 1142 2098 1428 2167; x_wconf 77' lang='lat' dir='ltr'><strong>violentia;</strong></span> <span class='ocrx_word' id='word_1_277' title='bbox 1463 2106 1700 2158; x_wconf 87' lang='lat' dir='ltr'><strong>nondum</strong></span> <span class='ocrx_word' id='word_1_278' title='bbox 1725 2107 1871 2161; x_wconf 89' lang='lat' dir='ltr'><strong>enim</strong></span> 
     </span>
    </p>
   </div>
   <div class='ocr_carea' id='block_1_40' title="bbox 303 2174 1871 2265">
    <p class='ocr_par' dir='ltr' id='par_1_40' title="bbox 303 2174 1871 2265">
     <span class='ocr_line' id='line_1_41' title="bbox 303 2174 1871 2265; baseline 0.015 -39"><span class='ocrx_word' id='word_1_279' title='bbox 303 2174 370 2227; x_wconf 91' lang='lat' dir='ltr'><strong>ab</strong></span> <span class='ocrx_word' id='word_1_280' title='bbox 390 2176 584 2229; x_wconf 78' lang='lat' dir='ltr'><strong>exsilio</strong></span> <span class='ocrx_word' id='word_1_281' title='bbox 607 2177 924 2235; x_wconf 78' lang='lat' dir='ltr'><strong>malefactor</strong></span> <span class='ocrx_word' id='word_1_282' title='bbox 944 2198 1043 2253; x_wconf 86' lang='lat' dir='ltr'><strong>ego</strong></span> <span class='ocrx_word' id='word_1_283' title='bbox 1070 2198 1354 2243; x_wconf 78' lang='lat' dir='ltr'><strong>revocatus</strong></span> <span class='ocrx_word' id='word_1_284' title='bbox 1382 2205 1525 2246; x_wconf 85' lang='lat' dir='ltr'><strong>smn.</strong></span> <span class='ocrx_word' id='word_1_285' title='bbox 1558 2192 1719 2265; x_wconf 58' lang='lat'><strong>‘32</strong></span> <span class='ocrx_word' id='word_1_286' title='bbox 1739 2195 1871 2251; x_wconf 68' lang='lat' dir='ltr'><strong>Mihi</strong></span> 
     </span>
    </p>
   </div>
   <div class='ocr_carea' id='block_1_41' title="bbox 302 2266 1868 2348">
    <p class='ocr_par' dir='ltr' id='par_1_41' title="bbox 302 2266 1868 2348">
     <span class='ocr_line' id='line_1_42' title="bbox 302 2266 1868 2348; baseline 0.015 -32"><span class='ocrx_word' id='word_1_287' title='bbox 302 2279 433 2319; x_wconf 79' lang='lat' dir='ltr'><strong>vero</strong></span> <span class='ocrx_word' id='word_1_288' title='bbox 466 2266 763 2335; x_wconf 91' lang='lat' dir='ltr'><strong>inquirenti</strong></span> <span class='ocrx_word' id='word_1_289' title='bbox 796 2270 945 2326; x_wconf 87' lang='lat' dir='ltr'><strong>hunc</strong></span> <span class='ocrx_word' id='word_1_290' title='bbox 970 2274 1233 2330; x_wconf 64' lang='lat' dir='ltr'><strong>doctrinae</strong></span> <span class='ocrx_word' id='word_1_291' title='bbox 1266 2293 1573 2335; x_wconf 85' lang='lat' dir='ltr'><strong>sermonem</strong></span> <span class='ocrx_word' id='word_1_292' title='bbox 1602 2285 1868 2348; x_wconf 85' lang='lat' dir='ltr'><strong>ediscere,</strong></span> 
     </span>
    </p>
   </div>
   <div class='ocr_carea' id='block_1_42' title="bbox 304 2356 1871 2442">
    <p class='ocr_par' dir='ltr' id='par_1_42' title="bbox 304 2356 1871 2442">
     <span class='ocr_line' id='line_1_43' title="bbox 304 2356 1871 2442; baseline 0.013 -33"><span class='ocrx_word' id='word_1_293' title='bbox 304 2356 380 2411; x_wconf 89' lang='lat' dir='ltr'><strong>ait</strong></span> <span class='ocrx_word' id='word_1_294' title='bbox 428 2376 442 2411; x_wconf 91' lang='lat'><strong>:</strong></span> <span class='ocrx_word' id='word_1_295' title='bbox 480 2358 673 2424; x_wconf 64' lang='lat' dir='ltr'><strong>Quaare</strong></span> <span class='ocrx_word' id='word_1_296' title='bbox 711 2361 946 2430; x_wconf 89' lang='lat' dir='ltr'><strong>primum</strong></span> <span class='ocrx_word' id='word_1_297' title='bbox 994 2366 1268 2422; x_wconf 82' lang='lat' dir='ltr'><strong>laboriose</strong></span> <span class='ocrx_word' id='word_1_298' title='bbox 1313 2370 1564 2426; x_wconf 87' lang='lat' dir='ltr'><strong>timorem</strong></span> <span class='ocrx_word' id='word_1_299' title='bbox 1623 2375 1871 2442; x_wconf 88' lang='lat' dir='ltr'><strong>insitum,</strong></span> 
     </span>
    </p>
   </div>
   <div class='ocr_carea' id='block_1_43' title="bbox 304 2451 1869 2530">
    <p class='ocr_par' dir='ltr' id='par_1_43' title="bbox 304 2451 1869 2530">
     <span class='ocr_line' id='line_1_44' title="bbox 304 2451 1869 2530; baseline 0.012 -30"><span class='ocrx_word' id='word_1_300' title='bbox 304 2457 542 2519; x_wconf 86' lang='lat' dir='ltr'><strong>tuncque</strong></span> <span class='ocrx_word' id='word_1_301' title='bbox 605 2451 759 2507; x_wconf 80' lang='lat' dir='ltr'><strong>intus</strong></span> <span class='ocrx_word' id='word_1_302' title='bbox 802 2470 905 2509; x_wconf 90' lang='lat' dir='ltr'><strong>usu</strong></span> <span class='ocrx_word' id='word_1_303' title='bbox 959 2459 1188 2527; x_wconf 85' lang='lat' dir='ltr'><strong>peritum</strong></span> <span class='ocrx_word' id='word_1_304' title='bbox 1244 2460 1486 2515; x_wconf 77' lang='lat' dir='ltr'><strong>invenies</strong></span> <span class='ocrx_word' id='word_1_305' title='bbox 1541 2478 1869 2530; x_wconf 78' lang='lat' dir='ltr'><strong>sermonem,</strong></span> 
     </span>
    </p>
   </div>
   <div class='ocr_carea' id='block_1_44' title="bbox 301 2542 1875 2610">
    <p class='ocr_par' dir='ltr' id='par_1_44' title="bbox 301 2542 1875 2610">
     <span class='ocr_line' id='line_1_45' title="bbox 301 2542 1875 2610; baseline 0.01 -16"><span class='ocrx_word' id='word_1_306' title='bbox 301 2542 394 2610; x_wconf 89' lang='lat' dir='ltr'><strong>qui</strong></span> <span class='ocrx_word' id='word_1_307' title='bbox 439 2543 598 2597; x_wconf 85' lang='lat' dir='ltr'><strong>docet</strong></span> <span class='ocrx_word' id='word_1_308' title='bbox 640 2544 912 2600; x_wconf 88' lang='lat' dir='ltr'><strong>hominem</strong></span> <span class='ocrx_word' id='word_1_309' title='bbox 963 2550 1271 2604; x_wconf 83' lang='lat' dir='ltr'><strong>scientiam.</strong></span> <span class='ocrx_word' id='word_1_310' title='bbox 1323 2552 1515 2607; x_wconf 78' lang='lat' dir='ltr'><strong>Adhuc</strong></span> <span class='ocrx_word' id='word_1_311' title='bbox 1561 2566 1736 2608; x_wconf 79' lang='lat' dir='ltr'><strong>autem</strong></span> <span class='ocrx_word' id='word_1_312' title='bbox 1784 2556 1875 2610; x_wconf 88' lang='lat' dir='ltr'><strong>ille</strong></span> 
     </span>
    </p>
   </div>
   <div class='ocr_carea' id='block_1_45' title="bbox 302 2632 1869 2713">
    <p class='ocr_par' dir='ltr' id='par_1_45' title="bbox 302 2632 1869 2713">
     <span class='ocr_line' id='line_1_46' title="bbox 302 2632 1869 2713; baseline 0.01 -28"><span class='ocrx_word' id='word_1_313' title='bbox 302 2632 443 2685; x_wconf 74' lang='lat' dir='ltr'><strong>idem</strong></span> <span class='ocrx_word' id='word_1_314' title='bbox 485 2634 853 2707; x_wconf 86' lang='lat' dir='ltr'><strong>interrogatus</strong></span> <span class='ocrx_word' id='word_1_315' title='bbox 892 2640 959 2694; x_wconf 87' lang='lat' dir='ltr'><strong>de</strong></span> <span class='ocrx_word' id='word_1_316' title='bbox 994 2642 1221 2706; x_wconf 86' lang='lat' dir='ltr'><strong>timore,</strong></span> <span class='ocrx_word' id='word_1_317' title='bbox 1261 2642 1343 2695; x_wconf 89' lang='lat' dir='ltr'><strong>sic</strong></span> <span class='ocrx_word' id='word_1_318' title='bbox 1393 2646 1675 2712; x_wconf 78' lang='lat' dir='ltr'><strong>respondit</strong></span> <span class='ocrx_word' id='word_1_319' title='bbox 1713 2664 1727 2697; x_wconf 86' lang='lat'><strong>:</strong></span> <span class='ocrx_word' id='word_1_320' title='bbox 1767 2645 1869 2713; x_wconf 85' lang='lat' dir='ltr'><strong>Qui</strong></span> 
     </span>
    </p>
   </div>
   <div class='ocr_carea' id='block_1_46' title="bbox 302 2722 1872 2802">
    <p class='ocr_par' dir='ltr' id='par_1_46' title="bbox 302 2722 1872 2802">
     <span class='ocr_line' id='line_1_47' title="bbox 302 2722 1872 2802; baseline 0.009 -28"><span class='ocrx_word' id='word_1_321' title='bbox 302 2722 540 2777; x_wconf 85' lang='lat' dir='ltr'><strong>sollicite</strong></span> <span class='ocrx_word' id='word_1_322' title='bbox 593 2726 788 2778; x_wconf 84' lang='lat' dir='ltr'><strong>mortis</strong></span> <span class='ocrx_word' id='word_1_323' title='bbox 830 2730 1178 2794; x_wconf 86' lang='lat' dir='ltr'><strong>recordatur,</strong></span> <span class='ocrx_word' id='word_1_324' title='bbox 1237 2730 1452 2783; x_wconf 81' lang='lat' dir='ltr'><strong>ducitur</strong></span> <span class='ocrx_word' id='word_1_325' title='bbox 1501 2733 1664 2786; x_wconf 90' lang='lat' dir='ltr'><strong>etiam</strong></span> <span class='ocrx_word' id='word_1_326' title='bbox 1712 2735 1872 2802; x_wconf 83' lang='lat' dir='ltr'><strong>quasi</strong></span> 
     </span>
    </p>
   </div>
   <div class='ocr_carea' id='block_1_47' title="bbox 302 2816 1872 2893">
    <p class='ocr_par' dir='ltr' id='par_1_47' title="bbox 302 2816 1872 2893">
     <span class='ocr_line' id='line_1_48' title="bbox 302 2816 1872 2893; baseline 0.01 -28"><span class='ocrx_word' id='word_1_327' title='bbox 302 2823 445 2867; x_wconf 79' lang='lat' dir='ltr'><strong>recta</strong></span> <span class='ocrx_word' id='word_1_328' title='bbox 472 2816 551 2868; x_wconf 81' lang='lat' dir='ltr'><strong>via</strong></span> <span class='ocrx_word' id='word_1_329' title='bbox 593 2817 658 2869; x_wconf 89' lang='lat' dir='ltr'><strong>ad</strong></span> <span class='ocrx_word' id='word_1_330' title='bbox 694 2818 937 2873; x_wconf 86' lang='lat' dir='ltr'><strong>timorem</strong></span> <span class='ocrx_word' id='word_1_331' title='bbox 978 2822 1192 2890; x_wconf 71' lang='lat' dir='ltr'><strong>iudicii.</strong></span> <span class='ocrx_word' id='word_1_332' title='bbox 1241 2821 1458 2877; x_wconf 83' lang='lat' dir='ltr'><strong>Timore</strong></span> <span class='ocrx_word' id='word_1_333' title='bbox 1499 2824 1744 2893; x_wconf 89' lang='lat' dir='ltr'><strong>quotidie</strong></span> <span class='ocrx_word' id='word_1_334' title='bbox 1788 2826 1872 2880; x_wconf 76' lang='lat' dir='ltr'><strong>fa-</strong></span> 
     </span>
    </p>
   </div>
   <div class='ocr_carea' id='block_1_48' title="bbox 303 2904 1870 2983">
    <p class='ocr_par' dir='ltr' id='par_1_48' title="bbox 303 2904 1870 2983">
     <span class='ocr_line' id='line_1_49' title="bbox 303 2904 1870 2983; baseline 0.011 -28"><span class='ocrx_word' id='word_1_335' title='bbox 303 2904 533 2960; x_wconf 85' lang='lat' dir='ltr'><strong>miliaris</strong></span> <span class='ocrx_word' id='word_1_336' title='bbox 584 2907 891 2963; x_wconf 84' lang='lat' dir='ltr'><strong>divinarum</strong></span> <span class='ocrx_word' id='word_1_337' title='bbox 950 2912 1359 2983; x_wconf 75' lang='lat' dir='ltr'><strong>Scripturarum</strong></span> <span class='ocrx_word' id='word_1_338' title='bbox 1409 2917 1612 2983; x_wconf 84' lang='lat' dir='ltr'><strong>evade;</strong></span> <span class='ocrx_word' id='word_1_339' title='bbox 1680 2932 1870 2972; x_wconf 87' lang='lat' dir='ltr'><strong>carum</strong></span> 
     </span>
    </p>
   </div>
   <div class='ocr_carea' id='block_1_49' title="bbox 301 3000 1941 3091">
    <p class='ocr_par' dir='ltr' id='par_1_49' title="bbox 301 3000 1941 3091">
     <span class='ocr_line' id='line_1_50' title="bbox 301 3000 1941 3091; baseline 0.011 -42"><span class='ocrx_word' id='word_1_340' title='bbox 301 3000 501 3068; x_wconf 86' lang='lat' dir='ltr'><strong>quippe</strong></span> <span class='ocrx_word' id='word_1_341' title='bbox 542 3002 819 3057; x_wconf 84' lang='lat' dir='ltr'><strong>consortio</strong></span> <span class='ocrx_word' id='word_1_342' title='bbox 850 3005 1242 3074; x_wconf 83' lang='lat' dir='ltr'><strong>cogitationum</strong></span> <span class='ocrx_word' id='word_1_343' title='bbox 1281 3009 1597 3077; x_wconf 74' lang='lat' dir='ltr'><strong>esportabis</strong></span> <span class='ocrx_word' id='word_1_344' title='bbox 1636 3024 1872 3067; x_wconf 84' lang='lat' dir='ltr'><strong>consue-</strong></span> <span class='ocrx_word' id='word_1_345' title='bbox 1897 3034 1941 3091; x_wconf 71' lang='grc' dir='ltr'>ο</span> 
     </span>
    </p>
   </div>
   <div class='ocr_carea' id='block_1_50' title="bbox 301 3094 1875 3171">
    <p class='ocr_par' dir='ltr' id='par_1_50' title="bbox 301 3094 1875 3171">
     <span class='ocr_line' id='line_1_51' title="bbox 301 3094 1875 3171; baseline 0.011 -28"><span class='ocrx_word' id='word_1_346' title='bbox 301 3094 533 3148; x_wconf 89' lang='lat' dir='ltr'><strong>tudines.</strong></span> <span class='ocrx_word' id='word_1_347' title='bbox 561 3094 665 3161; x_wconf 83' lang='lat' dir='ltr'><strong>Qui</strong></span> <span class='ocrx_word' id='word_1_348' title='bbox 697 3097 1045 3154; x_wconf 80' lang='lat' dir='ltr'><strong>meditatione</strong></span> <span class='ocrx_word' id='word_1_349' title='bbox 1070 3115 1258 3157; x_wconf 86' lang='lat' dir='ltr'><strong>sacras</strong></span> <span class='ocrx_word' id='word_1_350' title='bbox 1275 3100 1589 3171; x_wconf 84' lang='lat' dir='ltr'><strong>Scripturas</strong></span> <span class='ocrx_word' id='word_1_351' title='bbox 1620 3104 1688 3158; x_wconf 82' lang='lat' dir='ltr'><strong>in&#39;</strong></span> <span class='ocrx_word' id='word_1_352' title='bbox 1708 3104 1875 3161; x_wconf 89' lang='lat' dir='ltr'><strong>corde</strong></span> 
     </span>
    </p>
   </div>
   <div class='ocr_carea' id='block_1_51' title="bbox 300 3186 1876 3267">
    <p class='ocr_par' dir='ltr' id='par_1_51' title="bbox 300 3186 1876 3267">
     <span class='ocr_line' id='line_1_52' title="bbox 300 3186 1876 3267; baseline 0.008 -28"><span class='ocrx_word' id='word_1_353' title='bbox 300 3186 463 3241; x_wconf 70' lang='lat' dir='ltr'><strong>vu-luti</strong></span> <span class='ocrx_word' id='word_1_354' title='bbox 497 3188 811 3244; x_wconf 81' lang='lat' dir='ltr'><strong>thesaurum</strong></span> <span class='ocrx_word' id='word_1_355' title='bbox 846 3194 1113 3259; x_wconf 85' lang='lat' dir='ltr'><strong>recondit,</strong></span> <span class='ocrx_word' id='word_1_356' title='bbox 1148 3195 1297 3265; x_wconf 87' lang='lat' dir='ltr'><strong>ejicit</strong></span> <span class='ocrx_word' id='word_1_357' title='bbox 1326 3210 1393 3250; x_wconf 78' lang='lat' dir='ltr'><strong>ex</strong></span> <span class='ocrx_word' id='word_1_358' title='bbox 1423 3195 1516 3249; x_wconf 88' lang='lat' dir='ltr'><strong>illo</strong></span> <span class='ocrx_word' id='word_1_359' title='bbox 1548 3195 1707 3252; x_wconf 76' lang='lat' dir='ltr'><strong>facile</strong></span> <span class='ocrx_word' id='word_1_360' title='bbox 1727 3197 1876 3267; x_wconf 78' lang='lat' dir='ltr'><strong>cogi-</strong></span> 
     </span>
    </p>
   </div>
   <div class='ocr_carea' id='block_1_52' title="bbox 301 3274 1873 3354">
    <p class='ocr_par' dir='ltr' id='par_1_52' title="bbox 301 3274 1873 3354">
     <span class='ocr_line' id='line_1_53' title="bbox 301 3274 1873 3354; baseline 0.01 -29"><span class='ocrx_word' id='word_1_361' title='bbox 301 3274 555 3330; x_wconf 81' lang='lat' dir='ltr'><strong>tationes.</strong></span> <span class='ocrx_word' id='word_1_362' title='bbox 586 3276 863 3333; x_wconf 84' lang='lat' dir='ltr'><strong>Nocturna</strong></span> <span class='ocrx_word' id='word_1_363' title='bbox 905 3281 1136 3337; x_wconf 90' lang='lat' dir='ltr'><strong>lectione</strong></span> <span class='ocrx_word' id='word_1_364' title='bbox 1176 3284 1231 3338; x_wconf 89' lang='lat' dir='ltr'><strong>in</strong></span> <span class='ocrx_word' id='word_1_365' title='bbox 1272 3284 1475 3354; x_wconf 77' lang='lat' dir='ltr'><strong>vigiliis</strong></span> <span class='ocrx_word' id='word_1_366' title='bbox 1511 3284 1727 3343; x_wconf 84' lang='lat' dir='ltr'><strong>divinas</strong></span> <span class='ocrx_word' id='word_1_367' title='bbox 1771 3303 1873 3341; x_wconf 85' lang='lat' dir='ltr'><strong>au-</strong></span> 
     </span>
    </p>
   </div>
   <div class='ocr_carea' id='block_1_53' title="bbox 301 3364 1877 3450">
    <p class='ocr_par' dir='ltr' id='par_1_53' title="bbox 301 3364 1877 3450">
     <span class='ocr_line' id='line_1_54' title="bbox 301 3364 1877 3450; baseline 0.012 -33"><span class='ocrx_word' id='word_1_368' title='bbox 301 3364 509 3423; x_wconf 75' lang='lat' dir='ltr'><strong>dientes</strong></span> <span class='ocrx_word' id='word_1_369' title='bbox 535 3369 867 3440; x_wconf 81' lang='lat' dir='ltr'><strong>Scripturas,</strong></span> <span class='ocrx_word' id='word_1_370' title='bbox 890 3388 957 3429; x_wconf 87' lang='lat' dir='ltr'><strong>ne</strong></span> <span class='ocrx_word' id='word_1_371' title='bbox 976 3388 1171 3431; x_wconf 86' lang='lat' dir='ltr'><strong>somno</strong></span> <span class='ocrx_word' id='word_1_372' title='bbox 1201 3377 1591 3434; x_wconf 86' lang='lat' dir='ltr'><strong>mortillcemus</strong></span> <span class='ocrx_word' id='word_1_373' title='bbox 1636 3394 1759 3450; x_wconf 72' lang='lat' dir='ltr'><strong>qua!</strong></span> <span class='ocrx_word' id='word_1_374' title='bbox 1778 3395 1877 3435; x_wconf 86' lang='lat' dir='ltr'><strong>au-</strong></span> 
     </span>
    </p>
   </div>
   <div class='ocr_carea' id='block_1_54' title="bbox 299 3457 1873 3540">
    <p class='ocr_par' dir='ltr' id='par_1_54' title="bbox 299 3457 1873 3540">
     <span class='ocr_line' id='line_1_55' title="bbox 299 3457 1873 3540; baseline 0.011 -29"><span class='ocrx_word' id='word_1_375' title='bbox 299 3457 557 3529; x_wconf 86' lang='lat' dir='ltr'><strong>divimus,</strong></span> <span class='ocrx_word' id='word_1_376' title='bbox 605 3478 784 3534; x_wconf 85' lang='lat' dir='ltr'><strong>neque</strong></span> <span class='ocrx_word' id='word_1_377' title='bbox 836 3467 1225 3538; x_wconf 85' lang='lat' dir='ltr'><strong>cogitationum</strong></span> <span class='ocrx_word' id='word_1_378' title='bbox 1280 3470 1579 3540; x_wconf 81' lang='lat' dir='ltr'><strong>captivitati</strong></span> <span class='ocrx_word' id='word_1_379' title='bbox 1633 3472 1873 3528; x_wconf 80' lang='lat' dir='ltr'><strong>animam</strong></span> 
     </span>
    </p>
   </div>
   <div class='ocr_carea' id='block_1_55' title="bbox 299 3552 1877 3632">
    <p class='ocr_par' dir='ltr' id='par_1_55' title="bbox 299 3552 1877 3632">
     <span class='ocr_line' id='line_1_56' title="bbox 299 3552 1877 3632; baseline 0.011 -28"><span class='ocrx_word' id='word_1_380' title='bbox 299 3552 601 3621; x_wconf 76' lang='lat' dir='ltr'><strong>tradamus,</strong></span> <span class='ocrx_word' id='word_1_381' title='bbox 636 3557 729 3613; x_wconf 83' lang='lat' dir='ltr'><strong>sed</strong></span> <span class='ocrx_word' id='word_1_382' title='bbox 781 3573 878 3614; x_wconf 89' lang='lat' dir='ltr'><strong>cor</strong></span> <span class='ocrx_word' id='word_1_383' title='bbox 914 3575 1195 3616; x_wconf 80' lang='lat' dir='ltr'><strong>sacrarum</strong></span> <span class='ocrx_word' id='word_1_384' title='bbox 1233 3561 1637 3632; x_wconf 83' lang='lat' dir='ltr'><strong>Seripturarum</strong></span> <span class='ocrx_word' id='word_1_385' title='bbox 1683 3566 1877 3621; x_wconf 86' lang='lat' dir='ltr'><strong>aculeo</strong></span> 
     </span>
    </p>
   </div>
   <div class='ocr_carea' id='block_1_56' title="bbox 298 3652 1876 3725">
    <p class='ocr_par' dir='ltr' id='par_1_56' title="bbox 298 3652 1876 3725">
     <span class='ocr_line' id='line_1_57' title="bbox 298 3652 1876 3725; baseline 0.01 -27"><span class='ocrx_word' id='word_1_386' title='bbox 298 3658 750 3719; x_wconf 79' lang='lat' dir='ltr'><strong>compungamss,</strong></span> <span class='ocrx_word' id='word_1_387' title='bbox 784 3658 845 3706; x_wconf 90' lang='lat' dir='ltr'><strong>ut</strong></span> <span class='ocrx_word' id='word_1_388' title='bbox 873 3652 1291 3723; x_wconf 82' lang='lat' dir='ltr'><strong>compunctione</strong></span> <span class='ocrx_word' id='word_1_389' title='bbox 1321 3653 1616 3725; x_wconf 69' lang='lat' dir='ltr'><strong>diligentiae</strong></span> <span class='ocrx_word' id='word_1_390' title='bbox 1656 3666 1876 3713; x_wconf 83' lang='lat' dir='ltr'><strong>contra-</strong></span> 
     </span>
    </p>
   </div>
   <div class='ocr_carea' id='block_1_57' title="bbox 298 3737 1235 3816">
    <p class='ocr_par' dir='ltr' id='par_1_57' title="bbox 298 3737 1235 3816">
     <span class='ocr_line' id='line_1_58' title="bbox 298 3737 1235 3816; baseline 0.012 -26"><span class='ocrx_word' id='word_1_391' title='bbox 298 3737 434 3794; x_wconf 86' lang='lat' dir='ltr'><strong>riam</strong></span> <span class='ocrx_word' id='word_1_392' title='bbox 465 3741 800 3799; x_wconf 89' lang='lat' dir='ltr'><strong>dissecemus</strong></span> <span class='ocrx_word' id='word_1_393' title='bbox 829 3745 1235 3816; x_wconf 80' lang='lat' dir='ltr'><strong>negligentiam.</strong></span> 
     </span>
    </p>
   </div>
   <div class='ocr_carea' id='block_1_58' title="bbox 879 3858 1288 3918">
    <p class='ocr_par' dir='ltr' id='par_1_58' title="bbox 879 3858 1288 3918">
     <span class='ocr_line' id='line_1_59' title="bbox 879 3858 1288 3918; baseline 0.007 -4"><span class='ocrx_word' id='word_1_394' title='bbox 879 3858 1112 3918; x_wconf 78' lang='lat' dir='ltr'><strong>CAPUT</strong></span> <span class='ocrx_word' id='word_1_395' title='bbox 1144 3859 1288 3917; x_wconf 77' lang='lat' dir='ltr'><strong>XXI.</strong></span> 
     </span>
    </p>
   </div>
   <div class='ocr_carea' id='block_1_59' title="bbox 373 3966 1869 4049">
    <p class='ocr_par' dir='ltr' id='par_1_59' title="bbox 373 3966 1869 4049">
     <span class='ocr_line' id='line_1_60' title="bbox 373 3966 1869 4049; baseline 0.009 -30"><span class='ocrx_word' id='word_1_396' title='bbox 373 3966 553 4039; x_wconf 82' lang='lat' dir='ltr'><strong>Aliqui</strong></span> <span class='ocrx_word' id='word_1_397' title='bbox 578 3978 799 4041; x_wconf 82' lang='lat' dir='ltr'><strong>propter</strong></span> <span class='ocrx_word' id='word_1_398' title='bbox 828 3971 1052 4039; x_wconf 82' lang='lat' dir='ltr'><strong>tamam,</strong></span> <span class='ocrx_word' id='word_1_399' title='bbox 1082 3983 1136 4029; x_wconf 89' lang='lat' dir='ltr'><strong>et</strong></span> <span class='ocrx_word' id='word_1_400' title='bbox 1165 3989 1271 4029; x_wconf 93' lang='lat' dir='ltr'><strong>non</strong></span> <span class='ocrx_word' id='word_1_401' title='bbox 1307 3985 1526 4047; x_wconf 89' lang='lat' dir='ltr'><strong>propter</strong></span> <span class='ocrx_word' id='word_1_402' title='bbox 1557 3976 1869 4049; x_wconf 83' lang='lat' dir='ltr'><strong>diligentem</strong></span> 
     </span>
    </p>
   </div>
   <div class='ocr_carea' id='block_1_60' title="bbox 299 4056 1872 4140">
    <p class='ocr_par' dir='ltr' id='par_1_60' title="bbox 299 4056 1872 4140">
     <span class='ocr_line' id='line_1_61' title="bbox 299 4056 1872 4140; baseline 0.009 -30"><span class='ocrx_word' id='word_1_403' title='bbox 299 4056 495 4114; x_wconf 67' lang='lat' dir='ltr'><strong>animae</strong></span> <span class='ocrx_word' id='word_1_404' title='bbox 534 4075 720 4129; x_wconf 79' lang='lat' dir='ltr'><strong>curam</strong></span> <span class='ocrx_word' id='word_1_405' title='bbox 760 4064 900 4131; x_wconf 86' lang='lat' dir='ltr'><strong>liunt</strong></span> <span class='ocrx_word' id='word_1_406' title='bbox 943 4064 1217 4137; x_wconf 77' lang='lat' dir='ltr'><strong>religiosis</strong></span> <span class='ocrx_word' id='word_1_407' title='bbox 1254 4066 1440 4132; x_wconf 90' lang='lat' dir='ltr'><strong>amici,</strong></span> <span class='ocrx_word' id='word_1_408' title='bbox 1489 4077 1549 4123; x_wconf 90' lang='lat' dir='ltr'><strong>ut</strong></span> <span class='ocrx_word' id='word_1_409' title='bbox 1593 4068 1696 4124; x_wconf 92' lang='lat' dir='ltr'><strong>sibi</strong></span> <span class='ocrx_word' id='word_1_410' title='bbox 1738 4069 1872 4140; x_wconf 88' lang='lat' dir='ltr'><strong>ipsis</strong></span> 
     </span>
    </p>
   </div>
   <div class='ocr_carea' id='block_1_61' title="bbox 298 4151 1873 4234">
    <p class='ocr_par' dir='ltr' id='par_1_61' title="bbox 298 4151 1873 4234">
     <span class='ocr_line' id='line_1_62' title="bbox 298 4151 1873 4234; baseline 0.009 -30"><span class='ocrx_word' id='word_1_411' title='bbox 298 4151 464 4209; x_wconf 88' lang='lat' dir='ltr'><strong>decus</strong></span> <span class='ocrx_word' id='word_1_412' title='bbox 493 4167 811 4227; x_wconf 89' lang='lat' dir='ltr'><strong>comparent</strong></span> <span class='ocrx_word' id='word_1_413' title='bbox 848 4160 1055 4230; x_wconf 86' lang='lat' dir='ltr'><strong>absque</strong></span> <span class='ocrx_word' id='word_1_414' title='bbox 1094 4161 1313 4228; x_wconf 87' lang='lat' dir='ltr'><strong>labore;</strong></span> <span class='ocrx_word' id='word_1_415' title='bbox 1345 4162 1437 4233; x_wconf 91' lang='lat' dir='ltr'><strong>qui</strong></span> <span class='ocrx_word' id='word_1_416' title='bbox 1480 4178 1607 4223; x_wconf 83' lang='lat' dir='ltr'><strong>vero</strong></span> <span class='ocrx_word' id='word_1_417' title='bbox 1640 4179 1734 4234; x_wconf 87' lang='lat' dir='ltr'><strong>per</strong></span> <span class='ocrx_word' id='word_1_418' title='bbox 1762 4178 1873 4217; x_wconf 87' lang='lat' dir='ltr'><strong>me-</strong></span> 
     </span>
    </p>
   </div>
   <div class='ocr_carea' id='block_1_62' title="bbox 302 4244 1869 4313">
    <p class='ocr_par' dir='ltr' id='par_1_62' title="bbox 302 4244 1869 4313">
     <span class='ocr_line' id='line_1_63' title="bbox 302 4244 1869 4313; baseline 0.009 -14"><span class='ocrx_word' id='word_1_419' title='bbox 302 4244 529 4299; x_wconf 90' lang='lat' dir='ltr'><strong>moriam</strong></span> <span class='ocrx_word' id='word_1_420' title='bbox 586 4264 764 4305; x_wconf 86' lang='lat' dir='ltr'><strong>rerum</strong></span> <span class='ocrx_word' id='word_1_421' title='bbox 823 4252 1128 4309; x_wconf 77' lang='lat' dir='ltr'><strong>cwlestium</strong></span> <span class='ocrx_word' id='word_1_422' title='bbox 1184 4254 1453 4310; x_wconf 87' lang='lat' dir='ltr'><strong>cbaritate</strong></span> <span class='ocrx_word' id='word_1_423' title='bbox 1503 4254 1869 4313; x_wconf 81' lang='lat' dir='ltr'><strong>inﬂammatus</strong></span> 
     </span>
    </p>
   </div>
   <div class='ocr_carea' id='block_1_63' title="bbox 298 4334 1943 4426">
    <p class='ocr_par' dir='ltr' id='par_1_63' title="bbox 298 4334 1943 4426">
     <span class='ocr_line' id='line_1_64' title="bbox 298 4334 1943 4426; baseline 0.012 -41"><span class='ocrx_word' id='word_1_424' title='bbox 298 4342 403 4397; x_wconf 81' lang='lat' dir='ltr'><strong>est,</strong></span> <span class='ocrx_word' id='word_1_425' title='bbox 437 4334 768 4393; x_wconf 88' lang='lat' dir='ltr'><strong>intellectum</strong></span> <span class='ocrx_word' id='word_1_426' title='bbox 802 4352 1068 4412; x_wconf 75' lang='lat' dir='ltr'><strong>expurgat</strong></span> <span class='ocrx_word' id='word_1_427' title='bbox 1100 4359 1127 4397; x_wconf 85' lang='lat' dir='ltr'><strong>a</strong></span> <span class='ocrx_word' id='word_1_428' title='bbox 1155 4354 1497 4400; x_wconf 86' lang='lat' dir='ltr'><strong>terrenorum</strong></span> <span class='ocrx_word' id='word_1_429' title='bbox 1520 4348 1866 4419; x_wconf 85' lang='lat' dir='ltr'><strong>complacen-</strong></span> <span class='ocrx_word' id='word_1_430' title='bbox 1899 4371 1943 4426; x_wconf 76' lang='grc' dir='ltr'><strong>ι)</strong></span> 
     </span>
    </p>
   </div>
   <div class='ocr_carea' id='block_1_64' title="bbox 302 4422 1867 4509">
    <p class='ocr_par' dir='ltr' id='par_1_64' title="bbox 302 4422 1867 4509">
     <span class='ocr_line' id='line_1_65' title="bbox 302 4422 1867 4509; baseline 0.013 -33"><span class='ocrx_word' id='word_1_431' title='bbox 302 4425 397 4479; x_wconf 91' lang='lat' dir='ltr'><strong>tia.</strong></span> <span class='ocrx_word' id='word_1_432' title='bbox 441 4422 838 4485; x_wconf 83' lang='lat' dir='ltr'><strong>Conscientiam</strong></span> <span class='ocrx_word' id='word_1_433' title='bbox 873 4440 1015 4485; x_wconf 89' lang='lat' dir='ltr'><strong>tuam</strong></span> <span class='ocrx_word' id='word_1_434' title='bbox 1050 4433 1144 4487; x_wconf 88' lang='lat' dir='ltr'><strong>tibi</strong></span> <span class='ocrx_word' id='word_1_435' title='bbox 1179 4444 1367 4490; x_wconf 87' lang='lat' dir='ltr'><strong>testem</strong></span> <span class='ocrx_word' id='word_1_436' title='bbox 1393 4476 1409 4499; x_wconf 91' lang='lat'><strong>,</strong></span> <span class='ocrx_word' id='word_1_437' title='bbox 1451 4452 1518 4491; x_wconf 88' lang='lat' dir='ltr'><strong>ne</strong></span> <span class='ocrx_word' id='word_1_438' title='bbox 1552 4441 1867 4509; x_wconf 81' lang='lat' dir='ltr'><strong>cogitationi</strong></span> 
     </span>
    </p>
   </div>
   <div class='ocr_carea' id='block_1_65' title="bbox 299 4516 1869 4611">
    <p class='ocr_par' dir='ltr' id='par_1_65' title="bbox 299 4516 1869 4611">
     <span class='ocr_line' id='line_1_66' title="bbox 299 4516 1869 4611; baseline 0.014 -44"><span class='ocrx_word' id='word_1_439' title='bbox 299 4516 466 4573; x_wconf 81' lang='lat' dir='ltr'><strong>dedas</strong></span> <span class='ocrx_word' id='word_1_440' title='bbox 490 4517 830 4589; x_wconf 86' lang='lat' dir='ltr'><strong>despicienti,</strong></span> <span class='ocrx_word' id='word_1_441' title='bbox 864 4537 928 4578; x_wconf 89' lang='lat' dir='ltr'><strong>ac</strong></span> <span class='ocrx_word' id='word_1_442' title='bbox 960 4523 1212 4580; x_wconf 84' lang='lat' dir='ltr'><strong>dulcibus</strong></span> <span class='ocrx_word' id='word_1_443' title='bbox 1252 4526 1502 4582; x_wconf 89' lang='lat' dir='ltr'><strong>tractanti</strong></span> <span class='ocrx_word' id='word_1_444' title='bbox 1533 4532 1711 4586; x_wconf 86' lang='lat' dir='ltr'><strong>verbis</strong></span> <span class='ocrx_word' id='word_1_445' title='bbox 1745 4547 1869 4611; x_wconf 84' lang='lat' dir='ltr'><strong>pec-</strong></span> 
     </span>
    </p>
   </div>
   <div class='ocr_carea' id='block_1_66' title="bbox 300 4616 1871 4689">
    <p class='ocr_par' dir='ltr' id='par_1_66' title="bbox 300 4616 1871 4689">
     <span class='ocr_line' id='line_1_67' title="bbox 300 4616 1871 4689; baseline 0.011 -27"><span class='ocrx_word' id='word_1_446' title='bbox 300 4618 518 4677; x_wconf 87' lang='lat' dir='ltr'><strong>catum;</strong></span> <span class='ocrx_word' id='word_1_447' title='bbox 568 4626 638 4667; x_wconf 90' lang='lat' dir='ltr'><strong>ne</strong></span> <span class='ocrx_word' id='word_1_448' title='bbox 672 4616 1011 4671; x_wconf 76' lang='lat' dir='ltr'><strong>conversaris</strong></span> <span class='ocrx_word' id='word_1_449' title='bbox 1050 4632 1172 4673; x_wconf 87' lang='lat' dir='ltr'><strong>cum</strong></span> <span class='ocrx_word' id='word_1_450' title='bbox 1207 4633 1271 4687; x_wconf 89' lang='lat' dir='ltr'><strong>eo</strong></span> <span class='ocrx_word' id='word_1_451' title='bbox 1322 4619 1414 4689; x_wconf 89' lang='lat' dir='ltr'><strong>qui</strong></span> <span class='ocrx_word' id='word_1_452' title='bbox 1465 4630 1612 4677; x_wconf 87' lang='lat' dir='ltr'><strong>amat</strong></span> <span class='ocrx_word' id='word_1_453' title='bbox 1648 4634 1871 4679; x_wconf 83' lang='lat' dir='ltr'><strong>conten-</strong></span> 
     </span>
    </p>
   </div>
   <div class='ocr_carea' id='block_1_67' title="bbox 300 4701 1867 4793">
    <p class='ocr_par' dir='ltr' id='par_1_67' title="bbox 300 4701 1867 4793">
     <span class='ocr_line' id='line_1_68' title="bbox 300 4701 1867 4793; baseline 0.012 -39"><span class='ocrx_word' id='word_1_454' title='bbox 300 4701 450 4766; x_wconf 86' lang='lat' dir='ltr'><strong>dere,</strong></span> <span class='ocrx_word' id='word_1_455' title='bbox 495 4711 555 4758; x_wconf 89' lang='lat' dir='ltr'><strong>ut</strong></span> <span class='ocrx_word' id='word_1_456' title='bbox 598 4705 856 4775; x_wconf 83' lang='lat' dir='ltr'><strong>passione</strong></span> <span class='ocrx_word' id='word_1_457' title='bbox 899 4708 1204 4778; x_wconf 86' lang='lat' dir='ltr'><strong>passionem</strong></span> <span class='ocrx_word' id='word_1_458' title='bbox 1252 4711 1394 4773; x_wconf 89' lang='lat' dir='ltr'><strong>bello</strong></span> <span class='ocrx_word' id='word_1_459' title='bbox 1425 4713 1709 4783; x_wconf 87' lang='lat' dir='ltr'><strong>invadens,</strong></span> <span class='ocrx_word' id='word_1_460' title='bbox 1760 4734 1867 4793; x_wconf 90' lang='lat' dir='ltr'><strong>non</strong></span> 
     </span>
    </p>
   </div>
   <div class='ocr_carea' id='block_1_68' title="bbox 302 4792 1872 4878">
    <p class='ocr_par' dir='ltr' id='par_1_68' title="bbox 302 4792 1872 4878">
     <span class='ocr_line' id='line_1_69' title="bbox 302 4792 1872 4878; baseline 0.013 -30"><span class='ocrx_word' id='word_1_461' title='bbox 302 4792 521 4849; x_wconf 85' lang='lat' dir='ltr'><strong>decidas</strong></span> <span class='ocrx_word' id='word_1_462' title='bbox 549 4809 581 4849; x_wconf 89' lang='lat' dir='ltr'><strong>a</strong></span> <span class='ocrx_word' id='word_1_463' title='bbox 613 4795 843 4863; x_wconf 84' lang='lat' dir='ltr'><strong>virtute;</strong></span> <span class='ocrx_word' id='word_1_464' title='bbox 882 4813 952 4853; x_wconf 90' lang='lat' dir='ltr'><strong>ne</strong></span> <span class='ocrx_word' id='word_1_465' title='bbox 985 4802 1216 4871; x_wconf 87' lang='lat' dir='ltr'><strong>superba</strong></span> <span class='ocrx_word' id='word_1_466' title='bbox 1261 4818 1383 4859; x_wconf 84' lang='lat' dir='ltr'><strong>cum</strong></span> <span class='ocrx_word' id='word_1_467' title='bbox 1412 4809 1744 4878; x_wconf 79' lang='lat' dir='ltr'><strong>cogitatione</strong></span> <span class='ocrx_word' id='word_1_468' title='bbox 1774 4792 1872 4875; x_wconf 50' lang='lat' dir='ltr'><strong>ex;</strong></span> 
     </span>
    </p>
   </div>
   <div class='ocr_carea' id='block_1_69' title="bbox 304 4882 1871 4967">
    <p class='ocr_par' dir='ltr' id='par_1_69' title="bbox 304 4882 1871 4967">
     <span class='ocr_line' id='line_1_70' title="bbox 304 4882 1871 4967; baseline 0.012 -31"><span class='ocrx_word' id='word_1_469' title='bbox 304 4882 511 4939; x_wconf 86' lang='lat' dir='ltr'><strong>tollaris</strong></span> <span class='ocrx_word' id='word_1_470' title='bbox 552 4883 617 4939; x_wconf 89' lang='lat' dir='ltr'><strong>ad</strong></span> <span class='ocrx_word' id='word_1_471' title='bbox 659 4885 920 4951; x_wconf 78' lang='lat' dir='ltr'><strong>adlatum,</strong></span> <span class='ocrx_word' id='word_1_472' title='bbox 964 4888 1057 4959; x_wconf 86' lang='lat' dir='ltr'><strong>qui</strong></span> <span class='ocrx_word' id='word_1_473' title='bbox 1090 4902 1308 4948; x_wconf 86' lang='lat' dir='ltr'><strong>ventum</strong></span> <span class='ocrx_word' id='word_1_474' title='bbox 1342 4910 1372 4950; x_wconf 91' lang='lat' dir='ltr'><strong>e</strong></span> <span class='ocrx_word' id='word_1_475' title='bbox 1401 4897 1624 4967; x_wconf 76' lang='lat' dir='ltr'><strong>regione</strong></span> <span class='ocrx_word' id='word_1_476' title='bbox 1651 4901 1871 4967; x_wconf 79' lang='lat' dir='ltr'><strong>excitat,</strong></span> 
     </span>
    </p>
   </div>
   <div class='ocr_carea' id='block_1_70' title="bbox 303 4976 1870 5064">
    <p class='ocr_par' dir='ltr' id='par_1_70' title="bbox 303 4976 1870 5064">
     <span class='ocr_line' id='line_1_71' title="bbox 303 4976 1870 5064; baseline 0.012 -35"><span class='ocrx_word' id='word_1_477' title='bbox 303 4989 368 5030; x_wconf 84' lang='lat' dir='ltr'><strong>ex</strong></span> <span class='ocrx_word' id='word_1_478' title='bbox 396 4976 497 5031; x_wconf 89' lang='lat' dir='ltr'><strong>alia</strong></span> <span class='ocrx_word' id='word_1_479' title='bbox 528 4987 681 5047; x_wconf 89' lang='lat' dir='ltr'><strong>parte</strong></span> <span class='ocrx_word' id='word_1_480' title='bbox 702 4980 938 5036; x_wconf 87' lang='lat' dir='ltr'><strong>vicissim</strong></span> <span class='ocrx_word' id='word_1_481' title='bbox 965 4982 1194 5039; x_wconf 84' lang='lat' dir='ltr'><strong>aillante.</strong></span> <span class='ocrx_word' id='word_1_482' title='bbox 1220 4984 1374 5041; x_wconf 89' lang='lat' dir='ltr'><strong>Nulla</strong></span> <span class='ocrx_word' id='word_1_483' title='bbox 1410 4988 1529 5045; x_wconf 90' lang='lat' dir='ltr'><strong>laus</strong></span> <span class='ocrx_word' id='word_1_484' title='bbox 1546 5000 1629 5046; x_wconf 90' lang='lat' dir='ltr'><strong>est</strong></span> <span class='ocrx_word' id='word_1_485' title='bbox 1655 4976 1870 5064; x_wconf 65' lang='lat' dir='ltr'><strong>lingum,</strong></span> 
     </span>
    </p>
   </div>
   <div class='ocr_carea' id='block_1_71' title="bbox 302 5070 1872 5155">
    <p class='ocr_par' dir='ltr' id='par_1_71' title="bbox 302 5070 1872 5155">
     <span class='ocr_line' id='line_1_72' title="bbox 302 5070 1872 5155; baseline 0.013 -35"><span class='ocrx_word' id='word_1_486' title='bbox 302 5082 424 5136; x_wconf 61' lang='lat' dir='ltr'><strong>quae</strong></span> <span class='ocrx_word' id='word_1_487' title='bbox 468 5077 598 5124; x_wconf 64' lang='lat' dir='ltr'><strong>rotae</strong></span> <span class='ocrx_word' id='word_1_488' title='bbox 638 5070 813 5126; x_wconf 88' lang='lat' dir='ltr'><strong>instar</strong></span> <span class='ocrx_word' id='word_1_489' title='bbox 860 5074 1021 5129; x_wconf 88' lang='lat' dir='ltr'><strong>verba</strong></span> <span class='ocrx_word' id='word_1_490' title='bbox 1049 5074 1211 5155; x_wconf 58' lang='lat'><strong>533</strong></span> <span class='ocrx_word' id='word_1_491' title='bbox 1244 5079 1444 5134; x_wconf 87' lang='lat' dir='ltr'><strong>cursim</strong></span> <span class='ocrx_word' id='word_1_492' title='bbox 1485 5081 1743 5153; x_wconf 84' lang='lat' dir='ltr'><strong>devolvit,</strong></span> <span class='ocrx_word' id='word_1_493' title='bbox 1779 5086 1872 5140; x_wconf 88' lang='lat' dir='ltr'><strong>sed</strong></span> 
     </span>
    </p>
   </div>
   <div class='ocr_carea' id='block_1_72' title="bbox 304 5157 1871 5243">
    <p class='ocr_par' dir='ltr' id='par_1_72' title="bbox 304 5157 1871 5243">
     <span class='ocr_line' id='line_1_73' title="bbox 304 5157 1871 5243; baseline 0.014 -34"><span class='ocrx_word' id='word_1_494' title='bbox 304 5157 473 5229; x_wconf 86' lang='lat' dir='ltr'><strong>gloria</strong></span> <span class='ocrx_word' id='word_1_495' title='bbox 508 5170 691 5217; x_wconf 88' lang='lat' dir='ltr'><strong>manet</strong></span> <span class='ocrx_word' id='word_1_496' title='bbox 722 5162 881 5220; x_wconf 86' lang='lat' dir='ltr'><strong>labiis</strong></span> <span class='ocrx_word' id='word_1_497' title='bbox 921 5177 1252 5239; x_wconf 85' lang='lat' dir='ltr'><strong>constanter,</strong></span> <span class='ocrx_word' id='word_1_498' title='bbox 1282 5178 1507 5243; x_wconf 85' lang='lat' dir='ltr'><strong>tutoque</strong></span> <span class='ocrx_word' id='word_1_499' title='bbox 1531 5176 1821 5231; x_wconf 84' lang='lat' dir='ltr'><strong>commotis</strong></span> <span class='ocrx_word' id='word_1_500' title='bbox 1856 5194 1871 5231; x_wconf 75' lang='grc' dir='ltr'><strong>ε</strong></span> 
     </span>
    </p>
   </div>
   <div class='ocr_carea' id='block_1_73' title="bbox 304 5252 1869 5335">
    <p class='ocr_par' dir='ltr' id='par_1_73' title="bbox 304 5252 1869 5335">
     <span class='ocr_line' id='line_1_74' title="bbox 304 5252 1869 5335; baseline 0.012 -30"><span class='ocrx_word' id='word_1_501' title='bbox 304 5264 431 5305; x_wconf 87' lang='lat' dir='ltr'><strong>cum</strong></span> <span class='ocrx_word' id='word_1_502' title='bbox 478 5252 717 5308; x_wconf 88' lang='lat' dir='ltr'><strong>audieris</strong></span> <span class='ocrx_word' id='word_1_503' title='bbox 762 5270 1066 5322; x_wconf 87' lang='lat' dir='ltr'><strong>sermones,</strong></span> <span class='ocrx_word' id='word_1_504' title='bbox 1112 5259 1385 5332; x_wconf 82' lang='lat' dir='ltr'><strong>interroga</strong></span> <span class='ocrx_word' id='word_1_505' title='bbox 1432 5275 1665 5320; x_wconf 91' lang='lat' dir='ltr'><strong>mentem</strong></span> <span class='ocrx_word' id='word_1_506' title='bbox 1699 5275 1869 5335; x_wconf 88' lang='lat' dir='ltr'><strong>tuam,</strong></span> 
     </span>
    </p>
   </div>
   <div class='ocr_carea' id='block_1_74' title="bbox 304 5344 1870 5423">
    <p class='ocr_par' dir='ltr' id='par_1_74' title="bbox 304 5344 1870 5423">
     <span class='ocr_line' id='line_1_75' title="bbox 304 5344 1870 5423; baseline 0.01 -27"><span class='ocrx_word' id='word_1_507' title='bbox 304 5348 527 5412; x_wconf 85' lang='lat' dir='ltr'><strong>tumque</strong></span> <span class='ocrx_word' id='word_1_508' title='bbox 574 5344 879 5415; x_wconf 85' lang='lat' dir='ltr'><strong>dijudicans</strong></span> <span class='ocrx_word' id='word_1_509' title='bbox 924 5350 1243 5405; x_wconf 89' lang='lat' dir='ltr'><strong>sententiam</strong></span> <span class='ocrx_word' id='word_1_510' title='bbox 1303 5355 1679 5422; x_wconf 87' lang='lat' dir='ltr'><strong>pronuntiabis</strong></span> <span class='ocrx_word' id='word_1_511' title='bbox 1724 5374 1739 5412; x_wconf 89' lang='lat'><strong>:</strong></span> <span class='ocrx_word' id='word_1_512' title='bbox 1781 5372 1870 5423; x_wconf 89' lang='lat' dir='ltr'><strong>ne,</strong></span> 
     </span>
    </p>
   </div>
   <div class='ocr_carea' id='block_1_75' title="bbox 304 5430 1870 5519">
    <p class='ocr_par' dir='ltr' id='par_1_75' title="bbox 304 5430 1870 5519">
     <span class='ocr_line' id='line_1_76' title="bbox 304 5430 1870 5519; baseline 0.009 -27"><span class='ocrx_word' id='word_1_513' title='bbox 304 5430 439 5492; x_wconf 79' lang='lat' dir='ltr'><strong>falsa</strong></span> <span class='ocrx_word' id='word_1_514' title='bbox 479 5438 949 5507; x_wconf 82' lang='lat' dir='ltr'><strong>argumentatione</strong></span> <span class='ocrx_word' id='word_1_515' title='bbox 979 5450 1155 5519; x_wconf 71' lang='lat' dir='ltr'><strong>utens,</strong></span> <span class='ocrx_word' id='word_1_516' title='bbox 1191 5450 1339 5513; x_wconf 81' lang='lat' dir='ltr'><strong>tuam</strong></span> <span class='ocrx_word' id='word_1_517' title='bbox 1368 5444 1609 5519; x_wconf 77' lang='lat' dir='ltr'><strong>desipias</strong></span> <span class='ocrx_word' id='word_1_518' title='bbox 1635 5457 1870 5506; x_wconf 88' lang='lat' dir='ltr'><strong>mentem</strong></span> 
     </span>
    </p>
   </div>
   <div class='ocr_carea' id='block_1_76' title="bbox 383 5606 878 5677">
    <p class='ocr_par' dir='ltr' id='par_1_76' title="bbox 383 5606 878 5677">
     <span class='ocr_line' id='line_1_77' title="bbox 383 5606 878 5677; baseline 0.012 -15"><span class='ocrx_word' id='word_1_519' title='bbox 383 5606 432 5643; x_wconf 72' lang='grc'><strong>⁸³</strong></span> <span class='ocrx_word' id='word_1_520' title='bbox 469 5606 607 5666; x_wconf 76' lang='lat' dir='ltr'><strong>Psal.</strong></span> <span class='ocrx_word' id='word_1_521' title='bbox 647 5629 794 5677; x_wconf 78' lang='lat' dir='ltr'><strong>uix,</strong></span> <span class='ocrx_word' id='word_1_522' title='bbox 826 5612 878 5669; x_wconf 65' lang='grc' dir='ltr'>ί.</span> 
     </span>
    </p>
   </div>
   <div class='ocr_carea' id='block_1_77' title="bbox 1972 1816 3595 1901">
    <p class='ocr_par' dir='ltr' id='par_1_77' title="bbox 1972 1816 3595 1901">
     <span class='ocr_line' id='line_1_78' title="bbox 1972 1816 3595 1901; baseline 0.012 -34"><span class='ocrx_word' id='word_1_523' title='bbox 1972 1816 2317 1886; x_wconf 69' lang='grc' dir='ltr'>καρτερικιῖη</span> <span class='ocrx_word' id='word_1_524' title='bbox 2348 1819 2722 1890; x_wconf 79' lang='grc' dir='ltr'>μονήρεμίτην</span> <span class='ocrx_word' id='word_1_525' title='bbox 2749 1823 3069 1895; x_wconf 71' lang='grc' dir='ltr'>πρεσϐύτην</span> <span class='ocrx_word' id='word_1_526' title='bbox 3097 1829 3167 1882; x_wconf 84' lang='grc' dir='ltr'><strong>ἐκ</strong></span> <span class='ocrx_word' id='word_1_527' title='bbox 3194 1829 3293 1898; x_wconf 83' lang='grc' dir='ltr'><strong>τῆς</strong></span> <span class='ocrx_word' id='word_1_528' title='bbox 3322 1833 3595 1901; x_wconf 77' lang='grc' dir='ltr'>ἐρημίας</span> 
     </span>
    </p>
   </div>
   <div class='ocr_carea' id='block_1_78' title="bbox 1972 1906 3589 1993">
    <p class='ocr_par' dir='ltr' id='par_1_78' title="bbox 1972 1906 3589 1993">
     <span class='ocr_line' id='line_1_79' title="bbox 1972 1906 3589 1993; baseline 0.013 -36"><span class='ocrx_word' id='word_1_529' title='bbox 1972 1906 2151 1974; x_wconf 80' lang='grc' dir='ltr'>αίρειν</span> <span class='ocrx_word' id='word_1_530' title='bbox 2166 1908 2413 1972; x_wconf 69' lang='grc' dir='ltr'>ἐϐιάξενό</span> <span class='ocrx_word' id='word_1_531' title='bbox 2442 1927 2547 1972; x_wconf 83' lang='grc' dir='ltr'>τις.</span> <span class='ocrx_word' id='word_1_532' title='bbox 2588 1909 2647 1964; x_wconf 84' lang='grc'><strong>’0</strong></span> <span class='ocrx_word' id='word_1_533' title='bbox 2669 1912 2729 1967; x_wconf 72' lang='grc' dir='ltr'>δὲ</span> <span class='ocrx_word' id='word_1_534' title='bbox 2751 1913 2888 1984; x_wconf 74' lang='grc' dir='ltr'>πρὸς</span> <span class='ocrx_word' id='word_1_535' title='bbox 2922 1917 3107 1970; x_wconf 78' lang='grc' dir='ltr'>αὐτόν·</span> <span class='ocrx_word' id='word_1_536' title='bbox 3142 1920 3385 1988; x_wconf 80' lang='grc' dir='ltr'>Παῦσαι,</span> <span class='ocrx_word' id='word_1_537' title='bbox 3409 1929 3589 1993; x_wconf 70' lang='grc' dir='ltr'>φησὶ,</span> 
     </span>
    </p>
   </div>
   <div class='ocr_carea' id='block_1_79' title="bbox 1974 1996 3591 2087">
    <p class='ocr_par' dir='ltr' id='par_1_79' title="bbox 1974 1996 3591 2087">
     <span class='ocr_line' id='line_1_80' title="bbox 1974 1996 3591 2087; baseline 0.013 -37"><span class='ocrx_word' id='word_1_538' title='bbox 1974 1996 2113 2067; x_wconf 84' lang='grc' dir='ltr'>βίας.</span> <span class='ocrx_word' id='word_1_539' title='bbox 2149 1998 2303 2053; x_wconf 74' lang='grc' dir='ltr'>οὖπω</span> <span class='ocrx_word' id='word_1_540' title='bbox 2334 2001 2445 2071; x_wconf 77' lang='grc' dir='ltr'>γὰρ</span> <span class='ocrx_word' id='word_1_541' title='bbox 2479 2001 2581 2072; x_wconf 82' lang='grc' dir='ltr'><strong>τῆς</strong></span> <span class='ocrx_word' id='word_1_542' title='bbox 2610 2002 2826 2074; x_wconf 70' lang='grc' dir='ltr'>ἐξορίας</span> <span class='ocrx_word' id='word_1_543' title='bbox 2852 2008 2883 2060; x_wconf 77' lang='grc'>6</span> <span class='ocrx_word' id='word_1_544' title='bbox 2913 2009 3224 2081; x_wconf 75' lang='grc' dir='ltr'>κακοῦργος</span> <span class='ocrx_word' id='word_1_545' title='bbox 3254 2015 3591 2087; x_wconf 79' lang='grc' dir='ltr'>ἀνακέκλη-</span> 
     </span>
    </p>
   </div>
   <div class='ocr_carea' id='block_1_80' title="bbox 1975 2090 3593 2178">
    <p class='ocr_par' dir='ltr' id='par_1_80' title="bbox 1975 2090 3593 2178">
     <span class='ocr_line' id='line_1_81' title="bbox 1975 2090 3593 2178; baseline 0.016 -37"><span class='ocrx_word' id='word_1_546' title='bbox 1975 2107 2094 2159; x_wconf 81' lang='grc' dir='ltr'>μαι.</span> <span class='ocrx_word' id='word_1_547' title='bbox 2124 2090 2421 2161; x_wconf 70' lang='grc' dir='ltr'>Ζητοῦντος</span> <span class='ocrx_word' id='word_1_548' title='bbox 2442 2093 2499 2146; x_wconf 80' lang='grc' dir='ltr'>δέ</span> <span class='ocrx_word' id='word_1_549' title='bbox 2531 2110 2633 2162; x_wconf 87' lang='grc' dir='ltr'><strong>μου</strong></span> <span class='ocrx_word' id='word_1_550' title='bbox 2665 2094 2856 2152; x_wconf 76' lang='grc' dir='ltr'>τοῦτον</span> <span class='ocrx_word' id='word_1_551' title='bbox 2891 2097 2995 2169; x_wconf 81' lang='grc' dir='ltr'>τῆς</span> <span class='ocrx_word' id='word_1_552' title='bbox 3021 2101 3379 2171; x_wconf 78' lang='grc' dir='ltr'>διδασκαλίας</span> <span class='ocrx_word' id='word_1_553' title='bbox 3405 2108 3593 2178; x_wconf 84' lang='grc' dir='ltr'>λόγον</span> 
     </span>
    </p>
   </div>
   <div class='ocr_carea' id='block_1_81' title="bbox 1975 2180 3587 2269">
    <p class='ocr_par' dir='ltr' id='par_1_81' title="bbox 1975 2180 3587 2269">
     <span class='ocr_line' id='line_1_82' title="bbox 1975 2180 3587 2269; baseline 0.004 -35"><span class='ocrx_word' id='word_1_554' title='bbox 1975 2180 2188 2252; x_wconf 79' lang='grc' dir='ltr'><strong>μαθεῖν,</strong></span> <span class='ocrx_word' id='word_1_555' title='bbox 2234 2182 2361 2253; x_wconf 63' lang='lat' dir='ltr'><strong>(qur</strong></span> <span class='ocrx_word' id='word_1_556' title='bbox 2407 2186 2591 2254; x_wconf 80' lang='grc' dir='ltr'>Ζήτει,</span> <span class='ocrx_word' id='word_1_557' title='bbox 2636 2187 2853 2257; x_wconf 74' lang='grc' dir='ltr'>πρῶτον</span> <span class='ocrx_word' id='word_1_558' title='bbox 2892 2191 3152 2261; x_wconf 72' lang='grc' dir='ltr'>ἐμπόνως</span> <span class='ocrx_word' id='word_1_559' title='bbox 3180 2197 3275 2250; x_wconf 65' lang='grc' dir='ltr'><strong>τὸν</strong></span> <span class='ocrx_word' id='word_1_560' title='bbox 3317 2199 3587 2269; x_wconf 62' lang='grc' dir='ltr'><strong>ἔμφυτον</strong></span> 
     </span>
    </p>
   </div>
   <div class='ocr_carea' id='block_1_82' title="bbox 1973 2274 3576 2364">
    <p class='ocr_par' dir='ltr' id='par_1_82' title="bbox 1973 2274 3576 2364">
     <span class='ocr_line' id='line_1_83' title="bbox 1973 2274 3576 2364; baseline 0.015 -39"><span class='ocrx_word' id='word_1_561' title='bbox 1973 2274 2159 2343; x_wconf 71' lang='grc' dir='ltr'>φόϐον,</span> <span class='ocrx_word' id='word_1_562' title='bbox 2190 2278 2282 2329; x_wconf 80' lang='grc' dir='ltr'>καὶ</span> <span class='ocrx_word' id='word_1_563' title='bbox 2310 2277 2432 2330; x_wconf 85' lang='grc' dir='ltr'>τότε</span> <span class='ocrx_word' id='word_1_564' title='bbox 2463 2278 2613 2334; x_wconf 75' lang='grc' dir='ltr'>ἔνδον</span> <span class='ocrx_word' id='word_1_565' title='bbox 2652 2281 2909 2351; x_wconf 72' lang='grc' dir='ltr'><strong>εὑρήσεις</strong></span> <span class='ocrx_word' id='word_1_566' title='bbox 2954 2286 3049 2339; x_wconf 71' lang='grc' dir='ltr'><strong>τὸν</strong></span> <span class='ocrx_word' id='word_1_567' title='bbox 3076 2286 3349 2361; x_wconf 71' lang='grc' dir='ltr'>ἔμπειρον</span> <span class='ocrx_word' id='word_1_568' title='bbox 3370 2293 3576 2364; x_wconf 79' lang='grc' dir='ltr'>λόγον,</span> 
     </span>
    </p>
   </div>
   <div class='ocr_carea' id='block_1_83' title="bbox 1970 2365 3584 2460">
    <p class='ocr_par' dir='ltr' id='par_1_83' title="bbox 1970 2365 3584 2460">
     <span class='ocr_line' id='line_1_84' title="bbox 1970 2365 3584 2460; baseline 0.016 -42"><span class='ocrx_word' id='word_1_569' title='bbox 1970 2365 2064 2419; x_wconf 71' lang='grc' dir='ltr'>τὸν</span> <span class='ocrx_word' id='word_1_570' title='bbox 2088 2366 2406 2422; x_wconf 78' lang='grc' dir='ltr'>διδάσκοντα</span> <span class='ocrx_word' id='word_1_571' title='bbox 2432 2370 2720 2442; x_wconf 69' lang='grc' dir='ltr'>ἄνθρωπον</span> <span class='ocrx_word' id='word_1_572' title='bbox 2752 2376 2974 2444; x_wconf 83' lang='grc' dir='ltr'>γνῶσιν.</span> <span class='ocrx_word' id='word_1_573' title='bbox 3010 2378 3071 2432; x_wconf 87' lang='lat'><strong>&#39;0</strong></span> <span class='ocrx_word' id='word_1_574' title='bbox 3090 2379 3135 2434; x_wconf 77' lang='grc' dir='ltr'>δ’</span> <span class='ocrx_word' id='word_1_575' title='bbox 3155 2383 3318 2447; x_wconf 73' lang='grc' dir='ltr'>αὐτὸς</span> <span class='ocrx_word' id='word_1_576' title='bbox 3351 2388 3584 2460; x_wconf 84' lang='grc' dir='ltr'>ἐπερω-</span> 
     </span>
    </p>
   </div>
   <div class='ocr_carea' id='block_1_84' title="bbox 1972 2455 3581 2547">
    <p class='ocr_par' dir='ltr' id='par_1_84' title="bbox 1972 2455 3581 2547">
     <span class='ocr_line' id='line_1_85' title="bbox 1972 2455 3581 2547; baseline 0.016 -40"><span class='ocrx_word' id='word_1_577' title='bbox 1972 2455 2087 2521; x_wconf 60' lang='lat' dir='ltr'><strong>Osi;</strong></span> <span class='ocrx_word' id='word_1_578' title='bbox 2112 2459 2206 2509; x_wconf 72' lang='grc' dir='ltr'><strong>καὶ</strong></span> <span class='ocrx_word' id='word_1_579' title='bbox 2231 2459 2360 2527; x_wconf 77' lang='grc' dir='ltr'>περὶ</span> <span class='ocrx_word' id='word_1_580' title='bbox 2382 2459 2570 2528; x_wconf 79' lang='grc' dir='ltr'>φόϐου,</span> <span class='ocrx_word' id='word_1_581' title='bbox 2599 2461 2775 2527; x_wconf 78' lang='grc' dir='ltr'>οὕτως</span> <span class='ocrx_word' id='word_1_582' title='bbox 2793 2466 3151 2538; x_wconf 65' lang='grc' dir='ltr'>ἀπεκρίνειτω</span> <span class='ocrx_word' id='word_1_583' title='bbox 3195 2472 3256 2524; x_wconf 88' lang='lat'><strong>&#39;0</strong></span> <span class='ocrx_word' id='word_1_584' title='bbox 3283 2455 3581 2547; x_wconf 67' lang='grc' dir='ltr'>μέριμναν</span> 
     </span>
    </p>
   </div>
   <div class='ocr_carea' id='block_1_85' title="bbox 1972 2548 3578 2635">
    <p class='ocr_par' dir='ltr' id='par_1_85' title="bbox 1972 2548 3578 2635">
     <span class='ocr_line' id='line_1_86' title="bbox 1972 2548 3578 2635; baseline 0.016 -35"><span class='ocrx_word' id='word_1_585' title='bbox 1972 2548 2113 2619; x_wconf 79' lang='grc' dir='ltr'>ἔχων</span> <span class='ocrx_word' id='word_1_586' title='bbox 2165 2550 2260 2603; x_wconf 80' lang='grc' dir='ltr'><strong>τοῦ</strong></span> <span class='ocrx_word' id='word_1_587' title='bbox 2309 2550 2543 2607; x_wconf 80' lang='grc' dir='ltr'>θανάτου</span> <span class='ocrx_word' id='word_1_588' title='bbox 2581 2555 2681 2626; x_wconf 79' lang='grc' dir='ltr'>τὴν</span> <span class='ocrx_word' id='word_1_589' title='bbox 2726 2558 2949 2630; x_wconf 80' lang='grc' dir='ltr'><strong>μνήμην</strong></span> <span class='ocrx_word' id='word_1_590' title='bbox 2974 2602 2990 2625; x_wconf 95' lang='grc'><strong>,</strong></span> <span class='ocrx_word' id='word_1_591' title='bbox 3028 2561 3304 2633; x_wconf 76' lang='grc' dir='ltr'>ὁδηγείται</span> <span class='ocrx_word' id='word_1_592' title='bbox 3349 2571 3448 2622; x_wconf 73' lang='grc' dir='ltr'><strong>καὶ</strong></span> <span class='ocrx_word' id='word_1_593' title='bbox 3487 2574 3578 2635; x_wconf 81' lang='grc' dir='ltr'>εἰς</span> 
     </span>
    </p>
   </div>
   <div class='ocr_carea' id='block_1_86' title="bbox 1970 2640 3574 2728">
    <p class='ocr_par' dir='ltr' id='par_1_86' title="bbox 1970 2640 3574 2728">
     <span class='ocr_line' id='line_1_87' title="bbox 1970 2640 3574 2728; baseline 0.017 -38"><span class='ocrx_word' id='word_1_594' title='bbox 1970 2640 2063 2691; x_wconf 66' lang='grc' dir='ltr'>τὸν</span> <span class='ocrx_word' id='word_1_595' title='bbox 2087 2640 2184 2711; x_wconf 83' lang='grc' dir='ltr'>τῆς</span> <span class='ocrx_word' id='word_1_596' title='bbox 2211 2641 2446 2711; x_wconf 80' lang='grc' dir='ltr'>κρίσεως</span> <span class='ocrx_word' id='word_1_597' title='bbox 2466 2644 2649 2711; x_wconf 80' lang='grc' dir='ltr'>φόϐον.</span> <span class='ocrx_word' id='word_1_598' title='bbox 2677 2647 2832 2718; x_wconf 60' lang='grc' dir='ltr'>Φόϐῳ</span> <span class='ocrx_word' id='word_1_599' title='bbox 2856 2648 2969 2703; x_wconf 82' lang='grc' dir='ltr'><strong>τῶν</strong></span> <span class='ocrx_word' id='word_1_600' title='bbox 2990 2650 3151 2706; x_wconf 84' lang='grc' dir='ltr'>θείων</span> <span class='ocrx_word' id='word_1_601' title='bbox 3178 2656 3417 2728; x_wconf 77' lang='grc' dir='ltr'>Γραφῶν</span> <span class='ocrx_word' id='word_1_602' title='bbox 3436 2664 3574 2717; x_wconf 82' lang='grc' dir='ltr'>καθ’</span> 
     </span>
    </p>
   </div>
   <div class='ocr_carea' id='block_1_87' title="bbox 1972 2730 3573 2823">
    <p class='ocr_par' dir='ltr' id='par_1_87' title="bbox 1972 2730 3573 2823">
     <span class='ocr_line' id='line_1_88' title="bbox 1972 2730 3573 2823; baseline 0.014 -40"><span class='ocrx_word' id='word_1_603' title='bbox 1972 2730 2206 2800; x_wconf 75' lang='grc' dir='ltr'>ἑκάστην</span> <span class='ocrx_word' id='word_1_604' title='bbox 2253 2732 2539 2803; x_wconf 81' lang='grc' dir='ltr'>συνόμιλος</span> <span class='ocrx_word' id='word_1_605' title='bbox 2563 2735 2713 2803; x_wconf 87' lang='grc' dir='ltr'>γίνου</span> <span class='ocrx_word' id='word_1_606' title='bbox 2740 2754 2756 2768; x_wconf 78' lang='grc' dir='ltr'><strong>ο</strong></span> <span class='ocrx_word' id='word_1_607' title='bbox 2788 2741 2855 2810; x_wconf 74' lang='grc' dir='ltr'><strong>τῇ</strong></span> <span class='ocrx_word' id='word_1_608' title='bbox 2901 2739 3010 2810; x_wconf 71' lang='grc' dir='ltr'>γὰρ</span> <span class='ocrx_word' id='word_1_609' title='bbox 3049 2741 3258 2809; x_wconf 83' lang='grc' dir='ltr'>τούτων</span> <span class='ocrx_word' id='word_1_610' title='bbox 3299 2753 3573 2823; x_wconf 70' lang='grc' dir='ltr'><strong>συνουσίᾳ⁵</strong></span> 
     </span>
    </p>
   </div>
   <div class='ocr_carea' id='block_1_88' title="bbox 1970 2820 3573 2903">
    <p class='ocr_par' dir='ltr' id='par_1_88' title="bbox 1970 2820 3573 2903">
     <span class='ocr_line' id='line_1_89' title="bbox 1970 2820 3573 2903; baseline 0.011 -30"><span class='ocrx_word' id='word_1_611' title='bbox 1970 2820 2247 2891; x_wconf 80' lang='grc' dir='ltr'>λογισμῶν</span> <span class='ocrx_word' id='word_1_612' title='bbox 2291 2822 2520 2891; x_wconf 76' lang='grc' dir='ltr'>ἐξοίσεις</span> <span class='ocrx_word' id='word_1_613' title='bbox 2568 2825 2808 2895; x_wconf 80' lang='grc' dir='ltr'>ὁμιλίας.</span> <span class='ocrx_word' id='word_1_614' title='bbox 2864 2827 2925 2881; x_wconf 84' lang='grc'><strong>’0</strong></span> <span class='ocrx_word' id='word_1_615' title='bbox 2985 2829 3185 2903; x_wconf 81' lang='grc' dir='ltr'><strong>μελέτῃ</strong></span> <span class='ocrx_word' id='word_1_616' title='bbox 3237 2833 3341 2898; x_wconf 88' lang='grc' dir='ltr'><strong>τάς</strong></span> <span class='ocrx_word' id='word_1_617' title='bbox 3407 2820 3573 2902; x_wconf 80' lang='grc' dir='ltr'>θείας</span> 
     </span>
    </p>
   </div>
   <div class='ocr_carea' id='block_1_89' title="bbox 1973 2913 3569 2999">
    <p class='ocr_par' dir='ltr' id='par_1_89' title="bbox 1973 2913 3569 2999">
     <span class='ocr_line' id='line_1_90' title="bbox 1973 2913 3569 2999; baseline 0.012 -35"><span class='ocrx_word' id='word_1_618' title='bbox 1973 2913 2196 2982; x_wconf 39' lang='grc' dir='ltr'>Γραφῇ</span> <span class='ocrx_word' id='word_1_619' title='bbox 2232 2913 2577 2987; x_wconf 76' lang='grc' dir='ltr'>θησαυρίζων</span> <span class='ocrx_word' id='word_1_620' title='bbox 2619 2917 2678 2970; x_wconf 79' lang='grc' dir='ltr'><strong>ἐν</strong></span> <span class='ocrx_word' id='word_1_621' title='bbox 2716 2921 2784 2989; x_wconf 81' lang='grc' dir='ltr'>τῇ</span> <span class='ocrx_word' id='word_1_622' title='bbox 2830 2921 3059 2994; x_wconf 78' lang='grc' dir='ltr'>καρδίᾳ,</span> <span class='ocrx_word' id='word_1_623' title='bbox 3098 2925 3227 2988; x_wconf 80' lang='grc' dir='ltr'>τοὺς</span> <span class='ocrx_word' id='word_1_624' title='bbox 3257 2925 3569 2999; x_wconf 72' lang='grc' dir='ltr'>λογισμοὺς</span> 
     </span>
    </p>
   </div>
   <div class='ocr_carea' id='block_1_90' title="bbox 1972 3005 3568 3092">
    <p class='ocr_par' dir='ltr' id='par_1_90' title="bbox 1972 3005 3568 3092">
     <span class='ocr_line' id='line_1_91' title="bbox 1972 3005 3568 3092; baseline 0.013 -35"><span class='ocrx_word' id='word_1_625' title='bbox 1972 3005 2037 3058; x_wconf 81' lang='grc' dir='ltr'><strong>ἐκ</strong></span> <span class='ocrx_word' id='word_1_626' title='bbox 2062 3006 2267 3077; x_wconf 78' lang='grc' dir='ltr'><strong>ταύτης</strong></span> <span class='ocrx_word' id='word_1_627' title='bbox 2300 3007 2496 3079; x_wconf 74' lang='grc' dir='ltr'>ῥαδίως</span> <span class='ocrx_word' id='word_1_628' title='bbox 2515 3008 2788 3079; x_wconf 81' lang='grc' dir='ltr'>ἐκϐάλλει.</span> <span class='ocrx_word' id='word_1_629' title='bbox 2820 3011 3150 3083; x_wconf 77' lang='grc' dir='ltr'>Ἀναγνώσει</span> <span class='ocrx_word' id='word_1_630' title='bbox 3181 3024 3475 3092; x_wconf 79' lang='grc' dir='ltr'>νυκτερινῇ</span> <span class='ocrx_word' id='word_1_631' title='bbox 3503 3023 3568 3077; x_wconf 79' lang='grc' dir='ltr'><strong>ἐν</strong></span> 
     </span>
    </p>
   </div>
   <div class='ocr_carea' id='block_1_91' title="bbox 1971 3096 3569 3181">
    <p class='ocr_par' dir='ltr' id='par_1_91' title="bbox 1971 3096 3569 3181">
     <span class='ocr_line' id='line_1_92' title="bbox 1971 3096 3569 3181; baseline 0.008 -30"><span class='ocrx_word' id='word_1_632' title='bbox 1971 3100 2094 3161; x_wconf 74' lang='grc' dir='ltr'>ταῖς</span> <span class='ocrx_word' id='word_1_633' title='bbox 2142 3098 2477 3170; x_wconf 76' lang='grc' dir='ltr'>ἀγρυπνίαις</span> <span class='ocrx_word' id='word_1_634' title='bbox 2522 3101 2633 3155; x_wconf 85' lang='grc' dir='ltr'><strong>τῶν</strong></span> <span class='ocrx_word' id='word_1_635' title='bbox 2687 3101 2848 3156; x_wconf 84' lang='grc' dir='ltr'>θείων</span> <span class='ocrx_word' id='word_1_636' title='bbox 2904 3096 3269 3176; x_wconf 78' lang='grc' dir='ltr'>ἀκροώμενοι,</span> <span class='ocrx_word' id='word_1_637' title='bbox 3327 3110 3404 3181; x_wconf 78' lang='grc' dir='ltr'>μὴ</span> <span class='ocrx_word' id='word_1_638' title='bbox 3459 3114 3569 3178; x_wconf 73' lang='grc' dir='ltr'><strong>τὰς</strong></span> 
     </span>
    </p>
   </div>
   <div class='ocr_carea' id='block_1_92' title="bbox 1972 3191 3564 3276">
    <p class='ocr_par' dir='ltr' id='par_1_92' title="bbox 1972 3191 3564 3276">
     <span class='ocr_line' id='line_1_93' title="bbox 1972 3191 3564 3276; baseline 0.008 -30"><span class='ocrx_word' id='word_1_639' title='bbox 1972 3191 2143 3257; x_wconf 77' lang='grc' dir='ltr'>ἀκοὰς</span> <span class='ocrx_word' id='word_1_640' title='bbox 2174 3192 2253 3262; x_wconf 81' lang='grc' dir='ltr'>τῷ</span> <span class='ocrx_word' id='word_1_641' title='bbox 2281 3192 2434 3263; x_wconf 81' lang='grc' dir='ltr'>ὕπνῳ</span> <span class='ocrx_word' id='word_1_642' title='bbox 2457 3194 2847 3266; x_wconf 81' lang='grc' dir='ltr'>νεκρὼσωμεν,</span> <span class='ocrx_word' id='word_1_643' title='bbox 2881 3197 3019 3267; x_wconf 80' lang='grc' dir='ltr'>μηδὲ</span> <span class='ocrx_word' id='word_1_644' title='bbox 3045 3201 3113 3271; x_wconf 81' lang='grc' dir='ltr'>τῇ</span> <span class='ocrx_word' id='word_1_645' title='bbox 3135 3200 3249 3255; x_wconf 85' lang='grc' dir='ltr'><strong>τῶν</strong></span> <span class='ocrx_word' id='word_1_646' title='bbox 3274 3202 3564 3276; x_wconf 80' lang='grc' dir='ltr'>λογισμῶν</span> 
     </span>
    </p>
   </div>
   <div class='ocr_carea' id='block_1_93' title="bbox 1972 3286 3564 3367">
    <p class='ocr_par' dir='ltr' id='par_1_93' title="bbox 1972 3286 3564 3367">
     <span class='ocr_line' id='line_1_94' title="bbox 1972 3286 3564 3367; baseline 0.008 -26"><span class='ocrx_word' id='word_1_647' title='bbox 1972 3288 2322 3359; x_wconf 66' lang='grc' dir='ltr'>αἰχμαλωσίᾳ</span> <span class='ocrx_word' id='word_1_648' title='bbox 2348 3286 2447 3359; x_wconf 71' lang='grc' dir='ltr'>τὴν</span> <span class='ocrx_word' id='word_1_649' title='bbox 2481 3288 2661 3360; x_wconf 76' lang='grc' dir='ltr'>ψυχὴν</span> <span class='ocrx_word' id='word_1_650' title='bbox 2700 3289 3102 3361; x_wconf 80' lang='grc' dir='ltr'>προδῴσωμεν,</span> <span class='ocrx_word' id='word_1_651' title='bbox 3148 3293 3287 3349; x_wconf 77' lang='grc' dir='ltr'>ἀλλὰ</span> <span class='ocrx_word' id='word_1_652' title='bbox 3318 3297 3403 3367; x_wconf 79' lang='grc' dir='ltr'><strong>τῷ</strong></span> <span class='ocrx_word' id='word_1_653' title='bbox 3432 3300 3564 3354; x_wconf 71' lang='grc' dir='ltr'>κένσ·</span> 
     </span>
    </p>
   </div>
   <div class='ocr_carea' id='block_1_94' title="bbox 1969 3378 3559 3464">
    <p class='ocr_par' dir='ltr' id='par_1_94' title="bbox 1969 3378 3559 3464">
     <span class='ocr_line' id='line_1_95' title="bbox 1969 3378 3559 3464; baseline 0.008 -32"><span class='ocrx_word' id='word_1_654' title='bbox 1969 3396 2088 3450; x_wconf 83' lang='grc' dir='ltr'>τρῳ</span> <span class='ocrx_word' id='word_1_655' title='bbox 2104 3378 2216 3433; x_wconf 86' lang='grc' dir='ltr'><strong>τῶν</strong></span> <span class='ocrx_word' id='word_1_656' title='bbox 2234 3379 2467 3449; x_wconf 79' lang='grc' dir='ltr'>Γραφῶν</span> <span class='ocrx_word' id='word_1_657' title='bbox 2492 3381 2591 3452; x_wconf 78' lang='grc' dir='ltr'>τὴν</span> <span class='ocrx_word' id='word_1_658' title='bbox 2615 3382 2845 3453; x_wconf 82' lang='grc' dir='ltr'>καρδίαν</span> <span class='ocrx_word' id='word_1_659' title='bbox 2866 3384 3277 3455; x_wconf 78' lang='grc' dir='ltr'>κατανύξωμεν,</span> <span class='ocrx_word' id='word_1_660' title='bbox 3302 3389 3459 3453; x_wconf 79' lang='grc' dir='ltr'>ὅπως</span> <span class='ocrx_word' id='word_1_661' title='bbox 3486 3395 3559 3464; x_wconf 69' lang='grc' dir='ltr'><strong>τῇ</strong></span> 
     </span>
    </p>
   </div>
   <div class='ocr_carea' id='block_1_95' title="bbox 1971 3468 3558 3550">
    <p class='ocr_par' dir='ltr' id='par_1_95' title="bbox 1971 3468 3558 3550">
     <span class='ocr_line' id='line_1_96' title="bbox 1971 3468 3558 3550; baseline 0.002 -29"><span class='ocrx_word' id='word_1_662' title='bbox 1971 3468 2069 3539; x_wconf 81' lang='grc' dir='ltr'>τῆς</span> <span class='ocrx_word' id='word_1_663' title='bbox 2096 3469 2413 3539; x_wconf 71' lang='grc' dir='ltr'>ἐπιμελείας</span> <span class='ocrx_word' id='word_1_664' title='bbox 2440 3471 2729 3539; x_wconf 79' lang='grc' dir='ltr'>κατανύξει</span> <span class='ocrx_word' id='word_1_665' title='bbox 2746 3472 2847 3544; x_wconf 78' lang='grc' dir='ltr'><strong>τὴν</strong></span> <span class='ocrx_word' id='word_1_666' title='bbox 2870 3475 3161 3546; x_wconf 80' lang='grc' dir='ltr'>ἀντίζυγον</span> <span class='ocrx_word' id='word_1_667' title='bbox 3188 3476 3456 3550; x_wconf 74' lang='grc' dir='ltr'>ἀμέλειαν</span> <span class='ocrx_word' id='word_1_668' title='bbox 3471 3479 3558 3536; x_wconf 86' lang='grc' dir='ltr'>δι-</span> 
     </span>
    </p>
   </div>
   <div class='ocr_carea' id='block_1_96' title="bbox 1971 3559 2357 3632">
    <p class='ocr_par' dir='ltr' id='par_1_96' title="bbox 1971 3559 2357 3632">
     <span class='ocr_line' id='line_1_97' title="bbox 1971 3559 2357 3632; baseline 0.005 -2"><span class='ocrx_word' id='word_1_669' title='bbox 1971 3559 2357 3632; x_wconf 76' lang='grc' dir='ltr'>χοτμήσωμενο</span> 
     </span>
    </p>
   </div>
   <div class='ocr_carea' id='block_1_97' title="bbox 2536 3856 2979 3917">
    <p class='ocr_par' dir='ltr' id='par_1_97' title="bbox 2536 3856 2979 3917">
     <span class='ocr_line' id='line_1_98' title="bbox 2536 3856 2979 3917; baseline 0.016 -7"><span class='ocrx_word' id='word_1_670' title='bbox 2536 3856 2792 3913; x_wconf 72' lang='grc' dir='ltr'><strong>ΚΕΦΔΛ.</strong></span> <span class='ocrx_word' id='word_1_671' title='bbox 2844 3859 2979 3917; x_wconf 76' lang='lat' dir='ltr'><strong>KA&#39;.</strong></span> 
     </span>
    </p>
   </div>
   <div class='ocr_carea' id='block_1_98' title="bbox 2041 3966 3551 4052">
    <p class='ocr_par' dir='ltr' id='par_1_98' title="bbox 2041 3966 3551 4052">
     <span class='ocr_line' id='line_1_99' title="bbox 2041 3966 3551 4052; baseline 0.009 -29"><span class='ocrx_word' id='word_1_672' title='bbox 2041 3970 2198 4033; x_wconf 83' lang='grc' dir='ltr'>Τινὲς</span> <span class='ocrx_word' id='word_1_673' title='bbox 2225 3966 2315 4024; x_wconf 78' lang='grc' dir='ltr'><strong>διὰ</strong></span> <span class='ocrx_word' id='word_1_674' title='bbox 2343 3969 2553 4041; x_wconf 84' lang='grc' dir='ltr'>φήμην,</span> <span class='ocrx_word' id='word_1_675' title='bbox 2586 3971 2683 4025; x_wconf 79' lang='grc' dir='ltr'>καὶ</span> <span class='ocrx_word' id='word_1_676' title='bbox 2712 3972 2810 4027; x_wconf 80' lang='grc' dir='ltr'>οὐκ</span> <span class='ocrx_word' id='word_1_677' title='bbox 2849 3973 3176 4047; x_wconf 70' lang='grc' dir='ltr'>ἐπιμέλειαν</span> <span class='ocrx_word' id='word_1_678' title='bbox 3196 3978 3398 4052; x_wconf 76' lang='grc' dir='ltr'>ψυχῆς,</span> <span class='ocrx_word' id='word_1_679' title='bbox 3436 3985 3551 4050; x_wconf 80' lang='grc' dir='ltr'>τοῖς</span> 
     </span>
    </p>
   </div>
   <div class='ocr_carea' id='block_1_99' title="bbox 1972 4060 3553 4147">
    <p class='ocr_par' dir='ltr' id='par_1_99' title="bbox 1972 4060 3553 4147">
     <span class='ocr_line' id='line_1_100' title="bbox 1972 4060 3553 4147; baseline 0.007 -30"><span class='ocrx_word' id='word_1_680' title='bbox 1972 4062 2227 4117; x_wconf 83' lang='grc' dir='ltr'>εὐλαϐέσι</span> <span class='ocrx_word' id='word_1_681' title='bbox 2259 4060 2586 4133; x_wconf 83' lang='grc' dir='ltr'>φιλιοῦνται,</span> <span class='ocrx_word' id='word_1_682' title='bbox 2618 4060 2710 4116; x_wconf 73' lang='grc' dir='ltr'><strong>ἵνα</strong></span> <span class='ocrx_word' id='word_1_683' title='bbox 2744 4065 2958 4131; x_wconf 77' lang='grc' dir='ltr'>ἑαυτοῖς</span> <span class='ocrx_word' id='word_1_684' title='bbox 3008 4068 3214 4139; x_wconf 82' lang='grc' dir='ltr'>κόσμον</span> <span class='ocrx_word' id='word_1_685' title='bbox 3256 4081 3553 4147; x_wconf 78' lang='grc' dir='ltr'>περιποιή-</span> 
     </span>
    </p>
   </div>
   <div class='ocr_carea' id='block_1_100' title="bbox 1974 4155 3557 4235">
    <p class='ocr_par' dir='ltr' id='par_1_100' title="bbox 1974 4155 3557 4235">
     <span class='ocr_line' id='line_1_101' title="bbox 1974 4155 3557 4235; baseline 0.008 -25"><span class='ocrx_word' id='word_1_686' title='bbox 1974 4174 2137 4211; x_wconf 89' lang='grc' dir='ltr'>σωσιν</span> <span class='ocrx_word' id='word_1_687' title='bbox 2173 4155 2388 4218; x_wconf 82' lang='grc' dir='ltr'>ἀπόνως</span> <span class='ocrx_word' id='word_1_688' title='bbox 2412 4173 2425 4187; x_wconf 80' lang='grc'><em>’</em></span> <span class='ocrx_word' id='word_1_689' title='bbox 2459 4157 2487 4208; x_wconf 89' lang='grc' dir='ltr'>ὁ</span> <span class='ocrx_word' id='word_1_690' title='bbox 2510 4155 2565 4209; x_wconf 80' lang='grc' dir='ltr'>δὲ</span> <span class='ocrx_word' id='word_1_691' title='bbox 2588 4156 2677 4210; x_wconf 80' lang='grc' dir='ltr'><strong>διὰ</strong></span> <span class='ocrx_word' id='word_1_692' title='bbox 2706 4159 2926 4230; x_wconf 81' lang='grc' dir='ltr'>μνήμην</span> <span class='ocrx_word' id='word_1_693' title='bbox 2948 4159 3060 4215; x_wconf 87' lang='grc' dir='ltr'><strong>τῶν</strong></span> <span class='ocrx_word' id='word_1_694' title='bbox 3090 4163 3455 4235; x_wconf 79' lang='grc' dir='ltr'>ἐπουρανίων,</span> <span class='ocrx_word' id='word_1_695' title='bbox 3481 4168 3557 4221; x_wconf 80' lang='grc' dir='ltr'>δι’</span> 
     </span>
    </p>
   </div>
   <div class='ocr_carea' id='block_1_101' title="bbox 1932 4245 3557 4339">
    <p class='ocr_par' dir='ltr' id='par_1_101' title="bbox 1932 4245 3557 4339">
     <span class='ocr_line' id='line_1_102' title="bbox 1932 4245 3557 4339; baseline 0.017 -50"><span class='ocrx_word' id='word_1_696' title='bbox 1932 4249 2193 4318; x_wconf 41' lang='grc' dir='ltr'>νάγάπην</span> <span class='ocrx_word' id='word_1_697' title='bbox 2242 4245 2606 4319; x_wconf 71' lang='grc' dir='ltr'>πυρούμενος,</span> <span class='ocrx_word' id='word_1_698' title='bbox 2650 4246 2751 4320; x_wconf 85' lang='grc' dir='ltr'><strong>τήν</strong></span> <span class='ocrx_word' id='word_1_699' title='bbox 2800 4250 3093 4319; x_wconf 82' lang='grc' dir='ltr'>ἀρέσκειαν</span> <span class='ocrx_word' id='word_1_700' title='bbox 3148 4253 3256 4339; x_wconf 82' lang='grc' dir='ltr'><strong>τῶν</strong></span> <span class='ocrx_word' id='word_1_701' title='bbox 3289 4257 3557 4326; x_wconf 80' lang='grc' dir='ltr'>ἐπιγείων</span> 
     </span>
    </p>
   </div>
   <div class='ocr_carea' id='block_1_102' title="bbox 1972 4339 3555 4420">
    <p class='ocr_par' dir='ltr' id='par_1_102' title="bbox 1972 4339 3555 4420">
     <span class='ocr_line' id='line_1_103' title="bbox 1972 4339 3555 4420; baseline 0.008 -29"><span class='ocrx_word' id='word_1_702' title='bbox 1972 4344 2036 4396; x_wconf 72' lang='grc' dir='ltr'><strong>ἐκ</strong></span> <span class='ocrx_word' id='word_1_703' title='bbox 2066 4344 2164 4412; x_wconf 76' lang='grc' dir='ltr'>τῆς</span> <span class='ocrx_word' id='word_1_704' title='bbox 2205 4340 2412 4404; x_wconf 83' lang='grc' dir='ltr'>ἐννοίας</span> <span class='ocrx_word' id='word_1_705' title='bbox 2452 4339 2860 4414; x_wconf 82' lang='grc' dir='ltr'>ἐκκαθαίρεται.</span> <span class='ocrx_word' id='word_1_706' title='bbox 2906 4343 2979 4396; x_wconf 80' lang='grc' dir='ltr'><strong>Τὸ</strong></span> <span class='ocrx_word' id='word_1_707' title='bbox 3014 4344 3425 4420; x_wconf 83' lang='grc' dir='ltr'>διαμαρτυροῦν</span> <span class='ocrx_word' id='word_1_708' title='bbox 3466 4367 3555 4416; x_wconf 84' lang='grc' dir='ltr'><strong>σοι</strong></span> 
     </span>
    </p>
   </div>
   <div class='ocr_carea' id='block_1_103' title="bbox 1972 4433 3551 4513">
    <p class='ocr_par' dir='ltr' id='par_1_103' title="bbox 1972 4433 3551 4513">
     <span class='ocr_line' id='line_1_104' title="bbox 1972 4433 3551 4513; baseline 0.006 -24"><span class='ocrx_word' id='word_1_709' title='bbox 1972 4434 2210 4498; x_wconf 74' lang='grc' dir='ltr'>συνειδὸς</span> <span class='ocrx_word' id='word_1_710' title='bbox 2258 4433 2331 4505; x_wconf 82' lang='grc' dir='ltr'>μὴ</span> <span class='ocrx_word' id='word_1_711' title='bbox 2381 4433 2753 4506; x_wconf 80' lang='grc' dir='ltr'>παραπέμπου</span> <span class='ocrx_word' id='word_1_712' title='bbox 2795 4435 3042 4508; x_wconf 81' lang='grc' dir='ltr'>λογισμῷ</span> <span class='ocrx_word' id='word_1_713' title='bbox 3091 4443 3551 4513; x_wconf 79' lang='grc' dir='ltr'>καταφρονοῦντι,</span> 
     </span>
    </p>
   </div>
   <div class='ocr_carea' id='block_1_104' title="bbox 1971 4525 3552 4600">
    <p class='ocr_par' dir='ltr' id='par_1_104' title="bbox 1971 4525 3552 4600">
     <span class='ocr_line' id='line_1_105' title="bbox 1971 4525 3552 4600; baseline 0.004 -18"><span class='ocrx_word' id='word_1_714' title='bbox 1971 4528 2067 4582; x_wconf 79' lang='grc' dir='ltr'><strong>καὶ</strong></span> <span class='ocrx_word' id='word_1_715' title='bbox 2118 4525 2532 4596; x_wconf 81' lang='grc' dir='ltr'>γλυκολογοῦντι</span> <span class='ocrx_word' id='word_1_716' title='bbox 2582 4526 2643 4579; x_wconf 82' lang='grc' dir='ltr'><strong>τδ</strong></span> <span class='ocrx_word' id='word_1_717' title='bbox 2694 4529 2957 4597; x_wconf 84' lang='grc' dir='ltr'>πταῖσμα,</span> <span class='ocrx_word' id='word_1_718' title='bbox 3010 4528 3090 4600; x_wconf 83' lang='grc' dir='ltr'>τῷ</span> <span class='ocrx_word' id='word_1_719' title='bbox 3151 4531 3552 4600; x_wconf 76' lang='grc' dir='ltr'>φιλονεικοῦντι</span> 
     </span>
    </p>
   </div>
   <div class='ocr_carea' id='block_1_105' title="bbox 1974 4618 3551 4695">
    <p class='ocr_par' dir='ltr' id='par_1_105' title="bbox 1974 4618 3551 4695">
     <span class='ocr_line' id='line_1_106' title="bbox 1974 4618 3551 4695; baseline 0.005 -24"><span class='ocrx_word' id='word_1_720' title='bbox 1974 4620 2050 4691; x_wconf 81' lang='grc' dir='ltr'>μὴ</span> <span class='ocrx_word' id='word_1_721' title='bbox 2107 4618 2493 4681; x_wconf 86' lang='grc' dir='ltr'>συνδιατείνου,</span> <span class='ocrx_word' id='word_1_722' title='bbox 2543 4619 2631 4672; x_wconf 83' lang='grc' dir='ltr'>ἵνα</span> <span class='ocrx_word' id='word_1_723' title='bbox 2693 4620 2766 4693; x_wconf 83' lang='grc' dir='ltr'>μὴ</span> <span class='ocrx_word' id='word_1_724' title='bbox 2805 4618 2968 4673; x_wconf 81' lang='grc' dir='ltr'>πάθει</span> <span class='ocrx_word' id='word_1_725' title='bbox 3002 4621 3175 4687; x_wconf 81' lang='grc' dir='ltr'>πάθος</span> <span class='ocrx_word' id='word_1_726' title='bbox 3205 4625 3551 4695; x_wconf 79' lang='grc' dir='ltr'>στρατεύσας</span> 
     </span>
    </p>
   </div>
   <div class='ocr_carea' id='block_1_106' title="bbox 1967 4698 3548 4787">
    <p class='ocr_par' dir='ltr' id='par_1_106' title="bbox 1967 4698 3548 4787">
     <span class='ocr_line' id='line_1_107' title="bbox 1967 4698 3548 4787; baseline -0.008 -9"><span class='ocrx_word' id='word_1_727' title='bbox 1967 4714 2069 4782; x_wconf 84' lang='grc' dir='ltr'><strong>τῆς</strong></span> <span class='ocrx_word' id='word_1_728' title='bbox 2100 4698 2302 4782; x_wconf 73' lang='grc' dir='ltr'>ἀρὲτῆς</span> <span class='ocrx_word' id='word_1_729' title='bbox 2330 4708 2595 4787; x_wconf 75' lang='grc' dir='ltr'>ἡττηθῇς,</span> <span class='ocrx_word' id='word_1_730' title='bbox 2627 4710 2705 4780; x_wconf 82' lang='grc' dir='ltr'>τῷ</span> <span class='ocrx_word' id='word_1_731' title='bbox 2746 4710 3082 4783; x_wconf 78' lang='grc' dir='ltr'><strong>ὑπερηφάνῳ</strong></span> <span class='ocrx_word' id='word_1_732' title='bbox 3118 4712 3191 4784; x_wconf 80' lang='grc' dir='ltr'><strong>μή</strong></span> <span class='ocrx_word' id='word_1_733' title='bbox 3216 4717 3548 4787; x_wconf 76' lang='grc' dir='ltr'>συνεπαίρου</span> 
     </span>
    </p>
   </div>
   <div class='ocr_carea' id='block_1_107' title="bbox 1970 4799 3548 4875">
    <p class='ocr_par' dir='ltr' id='par_1_107' title="bbox 1970 4799 3548 4875">
     <span class='ocr_line' id='line_1_108' title="bbox 1970 4799 3548 4875; baseline 0.005 -21"><span class='ocrx_word' id='word_1_734' title='bbox 1970 4799 2216 4871; x_wconf 84' lang='grc' dir='ltr'>λογισμῷ</span> <span class='ocrx_word' id='word_1_735' title='bbox 2257 4800 2619 4872; x_wconf 76' lang='grc' dir='ltr'>ἀντιφυσῶντι</span> <span class='ocrx_word' id='word_1_736' title='bbox 2662 4802 2742 4864; x_wconf 84' lang='grc' dir='ltr'><strong>είς</strong></span> <span class='ocrx_word' id='word_1_737' title='bbox 2789 4802 3090 4872; x_wconf 85' lang='grc' dir='ltr'>ἀντάνεμον</span> <span class='ocrx_word' id='word_1_738' title='bbox 3140 4805 3380 4875; x_wconf 76' lang='grc' dir='ltr'>πνεῦμα.</span> <span class='ocrx_word' id='word_1_739' title='bbox 3432 4809 3548 4861; x_wconf 75' lang='grc' dir='ltr'>Οὐκ</span> 
     </span>
    </p>
   </div>
   <div class='ocr_carea' id='block_1_108' title="bbox 1969 4889 3546 4967">
    <p class='ocr_par' dir='ltr' id='par_1_108' title="bbox 1969 4889 3546 4967">
     <span class='ocr_line' id='line_1_109' title="bbox 1969 4889 3546 4967; baseline 0.003 -19"><span class='ocrx_word' id='word_1_740' title='bbox 1969 4889 2118 4957; x_wconf 74' lang='grc' dir='ltr'>αἶνος</span> <span class='ocrx_word' id='word_1_741' title='bbox 2161 4891 2385 4963; x_wconf 81' lang='grc' dir='ltr'>γλώσσῃ</span> <span class='ocrx_word' id='word_1_742' title='bbox 2432 4892 2712 4967; x_wconf 82' lang='grc' dir='ltr'>τροχαλῶς</span> <span class='ocrx_word' id='word_1_743' title='bbox 2763 4891 3131 4965; x_wconf 73' lang='grc' dir='ltr'>φθεγγομένη,</span> <span class='ocrx_word' id='word_1_744' title='bbox 3170 4895 3307 4950; x_wconf 76' lang='grc' dir='ltr'>ἀλλὰ</span> <span class='ocrx_word' id='word_1_745' title='bbox 3333 4898 3546 4965; x_wconf 83' lang='grc' dir='ltr'>χείλεσι</span> 
     </span>
    </p>
   </div>
   <div class='ocr_carea' id='block_1_109' title="bbox 1968 4984 3542 5063">
    <p class='ocr_par' dir='ltr' id='par_1_109' title="bbox 1968 4984 3542 5063">
     <span class='ocr_line' id='line_1_110' title="bbox 1968 4984 3542 5063; baseline 0.001 -22"><span class='ocrx_word' id='word_1_746' title='bbox 1968 4986 2096 5051; x_wconf 81' lang='grc' dir='ltr'>δόξα</span> <span class='ocrx_word' id='word_1_747' title='bbox 2148 4984 2425 5048; x_wconf 85' lang='grc' dir='ltr'>εὐσταθῶς</span> <span class='ocrx_word' id='word_1_748' title='bbox 2497 4985 2880 5063; x_wconf 82' lang='grc' dir='ltr'>κινουμένοις·</span> <span class='ocrx_word' id='word_1_749' title='bbox 2924 4986 3276 5058; x_wconf 83' lang='grc' dir='ltr'>ἀκροώμενος</span> <span class='ocrx_word' id='word_1_750' title='bbox 3342 4990 3542 5058; x_wconf 85' lang='grc' dir='ltr'>λόγων,</span> 
     </span>
    </p>
   </div>
   <div class='ocr_carea' id='block_1_110' title="bbox 1970 5079 3545 5154">
    <p class='ocr_par' dir='ltr' id='par_1_110' title="bbox 1970 5079 3545 5154">
     <span class='ocr_line' id='line_1_111' title="bbox 1970 5079 3545 5154; baseline 0.002 -20"><span class='ocrx_word' id='word_1_751' title='bbox 1970 5081 2148 5154; x_wconf 83' lang='grc' dir='ltr'>ἐρώτα</span> <span class='ocrx_word' id='word_1_752' title='bbox 2168 5081 2257 5134; x_wconf 72' lang='grc' dir='ltr'><strong>τὸν</strong></span> <span class='ocrx_word' id='word_1_753' title='bbox 2270 5080 2394 5134; x_wconf 79' lang='grc' dir='ltr'>νοῦν</span> <span class='ocrx_word' id='word_1_754' title='bbox 2412 5098 2505 5133; x_wconf 90' lang='grc' dir='ltr'><strong>σου</strong></span> <span class='ocrx_word' id='word_1_755' title='bbox 2537 5079 2635 5133; x_wconf 72' lang='grc' dir='ltr'>καὶ</span> <span class='ocrx_word' id='word_1_756' title='bbox 2656 5080 2776 5134; x_wconf 82' lang='grc' dir='ltr'>τότε</span> <span class='ocrx_word' id='word_1_757' title='bbox 2792 5080 3078 5151; x_wconf 86' lang='grc' dir='ltr'>διακρίνας</span> <span class='ocrx_word' id='word_1_758' title='bbox 3095 5082 3155 5135; x_wconf 80' lang='grc' dir='ltr'><strong>τὸ</strong></span> <span class='ocrx_word' id='word_1_759' title='bbox 3167 5082 3431 5153; x_wconf 74' lang='grc' dir='ltr'>ψήφισμα</span> <span class='ocrx_word' id='word_1_760' title='bbox 3446 5084 3545 5137; x_wconf 86' lang='grc' dir='ltr'><strong>δὼ-</strong></span> 
     </span>
    </p>
   </div>
   <div class='ocr_carea' id='block_1_111' title="bbox 1970 5171 3541 5246">
    <p class='ocr_par' dir='ltr' id='par_1_111' title="bbox 1970 5171 3541 5246">
     <span class='ocr_line' id='line_1_112' title="bbox 1970 5171 3541 5246; baseline 0.001 -20"><span class='ocrx_word' id='word_1_761' title='bbox 1970 5187 2105 5236; x_wconf 86' lang='grc' dir='ltr'>σεις·</span> <span class='ocrx_word' id='word_1_762' title='bbox 2138 5173 2211 5243; x_wconf 83' lang='grc' dir='ltr'>μὴ</span> <span class='ocrx_word' id='word_1_763' title='bbox 2235 5172 2601 5242; x_wconf 75' lang='grc' dir='ltr'>παραλογίζου</span> <span class='ocrx_word' id='word_1_764' title='bbox 2630 5172 2720 5226; x_wconf 75' lang='grc' dir='ltr'>τὸν</span> <span class='ocrx_word' id='word_1_765' title='bbox 2742 5171 2865 5225; x_wconf 77' lang='grc' dir='ltr'>νοῦν</span> <span class='ocrx_word' id='word_1_766' title='bbox 2890 5190 2982 5226; x_wconf 88' lang='grc' dir='ltr'><strong>σου</strong></span> <span class='ocrx_word' id='word_1_767' title='bbox 3000 5171 3226 5245; x_wconf 71' lang='grc' dir='ltr'>ἀϐουλίᾳ</span> <span class='ocrx_word' id='word_1_768' title='bbox 3255 5175 3541 5246; x_wconf 77' lang='grc' dir='ltr'>ῥημάτων,</span> 
     </span>
    </p>
   </div>
   <div class='ocr_carea' id='block_1_112' title="bbox 1970 5265 3541 5337">
    <p class='ocr_par' dir='ltr' id='par_1_112' title="bbox 1970 5265 3541 5337">
     <span class='ocr_line' id='line_1_113' title="bbox 1970 5265 3541 5337; baseline 0.001 -19"><span class='ocrx_word' id='word_1_769' title='bbox 1970 5266 2056 5319; x_wconf 81' lang='grc' dir='ltr'>ἵνα</span> <span class='ocrx_word' id='word_1_770' title='bbox 2089 5265 2163 5336; x_wconf 81' lang='grc' dir='ltr'>μὴ</span> <span class='ocrx_word' id='word_1_771' title='bbox 2178 5265 2559 5335; x_wconf 82' lang='grc' dir='ltr'>κρημνησθείη</span> <span class='ocrx_word' id='word_1_772' title='bbox 2590 5265 2925 5335; x_wconf 77' lang='grc' dir='ltr'>ήχανανιτίς</span> <span class='ocrx_word' id='word_1_773' title='bbox 2956 5282 3049 5320; x_wconf 91' lang='grc' dir='ltr'><strong>σου</strong></span> <span class='ocrx_word' id='word_1_774' title='bbox 3081 5266 3323 5334; x_wconf 85' lang='grc' dir='ltr'>γλῶσσα.</span> <span class='ocrx_word' id='word_1_775' title='bbox 3349 5269 3438 5337; x_wconf 84' lang='grc' dir='ltr'>Μή</span> <span class='ocrx_word' id='word_1_776' title='bbox 3480 5284 3541 5320; x_wconf 78' lang='grc' dir='ltr'><strong>σε</strong></span> 
     </span>
    </p>
   </div>
   <div class='ocr_carea' id='block_1_113' title="bbox 1971 5354 3539 5429">
    <p class='ocr_par' dir='ltr' id='par_1_113' title="bbox 1971 5354 3539 5429">
     <span class='ocr_line' id='line_1_114' title="bbox 1971 5354 3539 5429; baseline 0.003 -20"><span class='ocrx_word' id='word_1_777' title='bbox 1971 5356 2186 5426; x_wconf 79' lang='grc' dir='ltr'>πνεῦμα</span> <span class='ocrx_word' id='word_1_778' title='bbox 2212 5354 2561 5427; x_wconf 81' lang='grc' dir='ltr'>πολυρρἦον</span> <span class='ocrx_word' id='word_1_779' title='bbox 2588 5355 2858 5429; x_wconf 80' lang='grc' dir='ltr'>πλανήσῃ,</span> <span class='ocrx_word' id='word_1_780' title='bbox 2888 5358 2945 5409; x_wconf 79' lang='grc' dir='ltr'><strong>ἐν</strong></span> <span class='ocrx_word' id='word_1_781' title='bbox 2969 5357 3119 5427; x_wconf 77' lang='grc' dir='ltr'>αὐτῷ</span> <span class='ocrx_word' id='word_1_782' title='bbox 3151 5358 3261 5429; x_wconf 73' lang='grc' dir='ltr'><strong>γὰρ</strong></span> <span class='ocrx_word' id='word_1_783' title='bbox 3291 5359 3539 5427; x_wconf 79' lang='grc' dir='ltr'>φωλεύει</span> 
     </span>
    </p>
   </div>
   <div class='ocr_carea' id='block_1_114' title="bbox 1968 5446 3541 5523">
    <p class='ocr_par' dir='ltr' id='par_1_114' title="bbox 1968 5446 3541 5523">
     <span class='ocr_line' id='line_1_115' title="bbox 1968 5446 3541 5523; baseline 0.003 -21"><span class='ocrx_word' id='word_1_784' title='bbox 1968 5446 2032 5502; x_wconf 73' lang='grc' dir='ltr'>τὸ</span> <span class='ocrx_word' id='word_1_785' title='bbox 2075 5447 2249 5503; x_wconf 81' lang='grc' dir='ltr'>δόλιον</span> <span class='ocrx_word' id='word_1_786' title='bbox 2290 5447 2507 5520; x_wconf 79' lang='grc' dir='ltr'>ψεῦδος.</span> <span class='ocrx_word' id='word_1_787' title='bbox 2549 5449 2607 5503; x_wconf 84' lang='lat'><strong>&#39;0</strong></span> <span class='ocrx_word' id='word_1_788' title='bbox 2639 5450 2759 5517; x_wconf 82' lang='grc' dir='ltr'>ταῖς</span> <span class='ocrx_word' id='word_1_789' title='bbox 2822 5449 2955 5521; x_wconf 80' lang='grc' dir='ltr'>παρ’</span> <span class='ocrx_word' id='word_1_790' title='bbox 2986 5448 3193 5523; x_wconf 81' lang='grc' dir='ltr'>ἐτέρων</span> <span class='ocrx_word' id='word_1_791' title='bbox 3248 5449 3541 5523; x_wconf 77' lang='grc' dir='ltr'>λοιδορίαις</span> 
     </span>
    </p>
   </div>
  </div>
