3956 6206
351 182 482 250 ιιεει
1771 179 1833 240 s.
1872 177 2037 247 NILI
2134 250 2139 255 η
3476 176 3633 240 ttat

341 295 747 369 imaginationi,
784 293 950 362 ignita
997 292 1091 346 tibi
1132 290 1365 348 fallaciae
1408 289 1707 348 simulacra
1762 289 1925 347 εποι-

2043 288 2357 360 ιγκρατείας
2388 288 2757 352 πταισάντων,
2792 289 2885 342 καὶ
2923 290 3085 344 πάλιν
3108 293 3582 363 μετανοησάντων
3603 310 3624 327 ·

343 397 587 453 mantes;
616 380 983 455 postmodum,
1005 392 1131 436 cum
1166 387 1220 437 et
1247 380 1707 435 vehementiorem
1724 387 1917 434 uastum

2043 379 2116 432 ἵνα
2166 378 2231 431 ἑκ
2267 376 2475 430 τούτων
2516 376 2980 449 πιθανοποιήσωσι
3004 379 3105 452 τῆς
3150 375 3635 453 ἕαυτῶνάπάτης

342 482 395 534 in
418 494 583 533 carne
614 470 1017 541 succenderint,
1067 475 1300 530 interius
1346 475 1554 545 peccati
1588 475 1705 546 lege
1730 473 1917 530 consi-

2043 469 2126 539 τὴν
2147 469 2459 542 συμϐουλήν
2482 485 2498 501 σ
2539 468 2690 533 ὅπως
2729 473 2798 541 τῇ
2843 473 3190 544 ἀντιστρόφῳ
3226 474 3491 548 μετανοίᾳ
3508 476 3625 546 ψυ-

341 568 471 621 lium
519 566 807 636 perhibent
863 564 991 626 tibi,
1046 563 1192 633 quod
1245 563 1507 617 nimirum
1553 569 1760 618 naturae
1802 562 1909 616 vim

2043 563 2121 633 [ὴν
2155 562 2612 629 ἀνακαλέσαντες,
2648 561 2743 615 τὸν
2788 561 2914 617 ναὸν
2956 565 3057 634 τῆς
3087 565 3445 638 σωφροσύνης
3469 578 3637 639 mp.

340 659 621 713 continere
654 656 879 712 minime
925 656 1134 727 possis;
1185 656 1342 725 sique
1390 657 1461 711 ob
1504 657 1911 722 necessitatem,

2043 655 2163 707 νεῖον
2196 654 2517 725 ποιήσωσιν.
2551 652 2741 716 Οὕτως
2769 653 3193 727 ὑποσυρίξουσιν
3243 658 3291 710 οί
3320 659 3636 726 δίγλωττοι

342 751 583 816 peccaris
630 750 814 814 hodie,
861 760 985 803 cras
1019 757 1201 802 tamen
1252 738 1623 817 paenitentiam
1656 761 1801 820 ages,
1844 747 1916 801 ob

2043 744 2114 799 τὸν
2175 746 2440 815 λογισμὸν
2486 746 2639 815 δφεις
2694 747 2753 799 ἐν
2783 745 2862 799 τῶ
2897 749 3201 820 κινουμένῳ
3243 751 3340 821 τῆς
3378 752 3632 822 καρδίας

342 848 705 908 praeceptum;
740 839 822 891 lex
847 838 992 890 enim
1022 836 1268 890 abundat
1306 850 1434 906 erga
1469 831 1719 893 homines
1755 837 1919 890 bene-

2043 854 2266 907 ;ργαστη
2279 838 2399 908 ρίῳ.

347 932 608 996 volentia,
648 932 979 1000 peccalaque
1019 928 1293 983 condonat
1322 929 1737 998 pasnitentibus.
1779 922 1932 984 Unde
1998 929 2233 984 afferunt
2272 930 2367 983 tibi
2400 929 2665 1000 quosdam
2728 945 2942 997 eorum,
2972 932 3063 1003 qui
3109 948 3234 988 cum
3270 936 3628 992 continentia

346 1023 480 1093 lapsi
516 1031 663 1088 sunt,
716 1028 1015 1089 rursusque
1065 1018 1443 1090 pmnitentiam
1489 1021 1736 1087 egerunt,
1805 1027 1865 1073 ut
1903 1034 1970 1073 ex
2011 1020 2132 1076 istis
2195 1021 2528 1090 deceptionis
2577 1037 2691 1077 sua:
2734 1023 3024 1077 consilium
3064 1026 3441 1093 persuadeant,
3472 1044 3625 1099 quo,

348 1117 587 1170 animam
631 1110 951 1184 paenitentia
989 1113 1263 1168 obversim
1324 1111 1688 1181 respondente
1733 1121 2126 1180 restaurantes,
2189 1125 2255 1170 ac
2320 1114 2617 1170 sarcientes
2647 1116 3015 1185 temperantiae
3055 1116 3311 1186 templum
3376 1118 3633 1190 lupanar

344 1208 579 1265 eﬂiciant
642 1215 697 1261 et
738 1205 1124 1276 prostibulum.
1163 1200 1223 1260 In
1263 1200 1451 1260 mobili
1495 1200 1680 1259 cordis
1740 1198 1959 1260 ofllcina
1997 1201 2159 1262 talem
2223 1202 2603 1280 cogitatiOuem
2640 1207 2911 1279 bilingues
2944 1204 3273 1266 subsibilant
3302 1220 3624 1282 serpentes.

903 1397 1131 1459 CAPUT
1181 1396 1373 1457 XXIII.

420 1537 501 1594 'l‘u
543 1552 673 1592 vero
695 1578 711 1602 ,
748 1551 783 1591 ο
818 1535 1166 1591 continentia:
1212 1535 1399 1601 homo,
1428 1548 1498 1589 ne
1527 1542 1791 1606 praetextu
1813 1546 1932 1605 ρω-

2598 1406 2853 1471 ΚΕΦΔΛ.
2912 1408 3040 1474 Kl“.

2106 1547 2179 1609 Σὺ
2212 1552 2291 1619 δὲ,
2322 1538 2368 1608 ῶ
2396 1549 2494 1624 τῆς
2530 1552 2863 1624 ἐγκρατείας
2893 1553 3172 1627 άνθρωπε,
3219 1553 3295 1629 μὴ
3338 1557 3621 1629 προφάσει

352 1629 593 1683 nitentia
646 1627 873 1683 incertis
916 1626 1098 1679 denuo
1153 1625 1444 1695 «lci-ipiaris
1493 1626 1725 1696 spebus;
1773 1627 1930 1682 multi

2043 1646 2195 1701 πάλιν
2239 1619 2532 1715 μετανοίας
2572 1619 2829 1709 δελεάζον
2887 1619 3103 1700 ἐλπίσιν
3145 1619 3397 1718 άδηλοις,
3426 1619 3622 1704 πολλοὶ

350 1722 495 1773 ettim
543 1718 709 1788 lapsi,
766 1715 1053 1771 cnul'estim
1107 1715 1349 1785 subrepti
1401 1726 1565 1782 sunt;
1600 1717 1692 1771 alii
1748 1728 1928 1773 autem

351 1824 636 1880 resurgere
687 1821 1030 1877 nequaquam
1067 1808 1377 1872 valuerunt,
1418 1809 1754 1879 voluptatum
1799 1825 1934 1865 con-

351 1902 668 1966 suetudine,
720 1901 878 1971 quasi
914 1901 1017 1954 sub
1063 1900 1179 1970 lege
1218 1899 1475 1955 devincti.
1517 1900 1657 1968 Quid
1699 1916 1934 1973 namque

353 1995 481 2058 scis,
510 1993 692 2055 homo,
718 1991 764 2046 si
795 1992 963 2056 vires,
993 1999 1053 2044 ut
1080 1990 1457 2060 paenitentiam
1483 2005 1636 2061 agas,
1663 2006 1790 2047 cum
1809 1994 1933 2047 vita:

353 2100 527 2139 annos
559 2084 656 2140 tibi
683 2082 1034 2137 subscribas?
1055 2080 1122 2136 Et
1149 2081 1239 2135 hie
1273 2096 1505 2151 peccans
1533 2083 1685 2138 carni
1712 2093 1819 2138 tua:
1848 2084 1934 2137 in-

353 2176 576 2247 dulges;
628 2173 802 2244 magis
847 2183 1125 2244 oporteret
1145 2174 1240 2228 tibi
1306 2175 1411 2244 ipsi
1464 2174 1656 2230 mortis
1716 2175 1933 2245 elargiri

355 2268 693 2332 memoriam,
723 2274 785 2320 ut
812 2266 866 2319 in
898 2266 1067 2321 corde
1106 2276 1200 2320 tuo
1228 2267 1526 2321 timendam
1554 2266 1717 2321 etiam
1744 2268 1933 2337 judicii

353 2360 608 2430 depingat
639 2358 942 2426 justitiam,
983 2358 1029 2415 si
1069 2358 1208 2414 forte
1236 2367 1557 2414 aestuantem
1595 2361 1779 2414 carnis
1810 2375 1935 2416 sen-

354 2467 474 2505 sum
512 2465 701 2520 posses
742 2451 1109 2520 restinguere;
1158 2465 1257 2505 nec
1285 2450 1427 2503 enim
1462 2450 1620 2505 aliter
1652 2451 1934 2521 passiones

354 2544 691 2614 exstingues,
734 2551 1025 2611 antequam
1069 2554 1173 2596 tua:
1230 2543 1535 2597 admisceas
1581 2544 1733 2598 carni
1779 2544 1934 2598 labo-

356 2651 444 2689 res
494 2649 684 2687 earum
733 2634 1119 2689 destructionis
1169 2635 1519 2703 passionum;
1579 2650 1756 2705 neque
1805 2650 1934 2689 vero

354 2725 521 2797 436
572 2737 772 2795 partes,
806 2741 927 2796 qua:
987 2727 1240 2781 animalis
1272 2737 1397 2781 sunt
1442 2727 1701 2793 hominis,
1729 2728 1935 2781 exstin-

358 2833 525 2885 gues.
592 2816 904 2885 priusquam
963 2818 1111 2870 cordi
1165 2818 1449 2872 charitatis
1509 2819 1719 2872 fructus
1774 2819 1935 2873 veluti

361 2904 572 2974 pluvias
615 2906 887 2961 cll‘undas.
924 2904 1247 2977 Corporales
1281 2908 1494 2977 quidem
1534 2912 1815 2978 passiones
1867 2925 1935 2964 ex

363 2999 469 3064 his,
512 3013 634 3069 quae
683 2999 865 3053 carnis
910 3007 1040 3052 sunt
1093 2999 1386 3065 naturalia,
1436 3010 1661 3055 sumunt
1699 3001 1937 3068 initium,
1964 2976 2007 3033 θ

362 3087 626 3141 adversus
658 3102 797 3156 quas
845 3095 900 3139 et
928 3087 1285 3154 temperantia
1336 3088 1566 3155 militat;
1604 3104 1725 3158 quae
1758 3099 1937 3143 autem

363 3175 619 3232 animalis
667 3186 795 3233 sunt
850 3174 1109 3240 hominis,
1161 3171 1226 3232 e'x
1278 3176 1553 3248 illis,qu.'e
1583 3181 1650 3235 ad
1687 3180 1940 3235 animalis

363 3270 679 3340 qualitatem
720 3269 1010 3339 pertinent,
1049 3279 1371 3338 conceptum
1423 3270 1643 3335 habent,
1676 3272 1941 3328 adversus

366 3376 502 3431 quas
524 3361 899 3416 militatetiam
924 3358 1182 3416 charitas.
1216 3361 1469 3415 Charitas
1491 3363 1941 3434 impassibilitatis

367 3460 450 3503 est
501 3448 790 3512 connexio,
839 3448 1156 3517 passionum
1208 3463 1337 3503 vero
1392 3448 1619 3517 deletio,
1660 3466 1782 3520 quae
1824 3461 1940 3505 tum

371 3538 835 3608 longanimitatem
880 3538 1103 3608 profert,
1145 3546 1258 3591 tum
1312 3537 1746 3596 ell‘ervescentem
1782 3540 1944 3595 relri-

368 3637 519 3700 gerat
573 3628 849 3693 animum,
909 3636 1024 3681 tum
1079 3628 1438 3684 humilitatem
1492 3631 1773 3700 producit,
1825 3636 1942 3686 tum

368 3720 531 3773 etiam
563 3710 797 3774 demittit
834 3718 1168 3788 superbiam.
1201 3719 1451 3777 Charitas
1486 3720 1623 3776 nihil
1665 3724 1944 3793 proprium

371 3811 533 3866 habet
588 3822 781 3881 praeter
841 3809 1033 3875 Deum,
1083 3810 1197 3880 ipsa
1240 3812 1438 3867 etenim
1487 3819 1573 3869 est
1627 3812 1793 3870 Deus.
1841 3813 1947 3881 Qui

371 3901 717 3972 Splendidum
792 3900 1188 3956 monachorum
1254 3902 1306 3956 in
1378 3911 1628 3959 senatum
1701 3912 1950 3961 recenter

371 4002 780 4064 coagmentatus
819 3999 922 4057 est,
965 3990 1106 4044 bona
1138 3990 1213 4044 illi
1250 4007 1279 4044 a
1309 3995 1631 4064 cognatione
1664 3995 1948 4065 proferen-

373 4095 454 4139 tes
494 4084 678 4138 omina
721 4082 1078 4155 cogitationes
1135 4081 1392 4153 deponat,
1441 4101 1507 4140 ne
1553 4085 1789 4152 laudem,
1828 4104 1951 4157 qua

373 4177 442 4231 ab
493 4176 804 4231 hominibus
853 4180 1119 4247 provenit,
1150 4181 1243 4234 sed
1289 4194 1433 4242 eam,
1465 4194 1585 4249 qua:
1613 4194 1643 4233 a
1677 4183 1951 4238 mandatis

374 4264 639 4333 proredit,
685 4265 1070 4321 beatitudinem
1132 4269 1405 4339 inquirat;
1457 4284 1644 4323 verum
1694 4271 1952 4327 audacter

375 4371 433 4409 se
467 4364 617 4423 gerat
641 4356 903 4413 adversus
938 4357 1294 4414 insilicntium
1331 4360 1638 4415 daemonum
1680 4378 1944 4431 pavores;

377 4464 477 4501 nec
521 4449 665 4502 enim
718 4449 897 4503 denuo
935 4449 1189 4517 spiritum
1235 4451 1543 4506 timiditatis
1584 4454 1651 4506 ad
1692 4454 1946 4508 timorem

378 4540 687 4609 accepistis,
724 4541 845 4595 ideo
879 4557 946 4596 ne
980 4539 1284 4597 timiditatis
1338 4541 1529 4611 spiritu
1559 4541 1798 4614 seipsum
1824 4560 1952 4614 per-

375 4632 555 4696 cellat,
607 4648 780 4702 neque
840 4641 1038 4689 tremat
1078 4634 1385 4689 daemonum
1437 4632 1698 4705 fragores,
1754 4637 1952 4707 strepi-

378 4732 577 4793 tusque
623 4733 941 4789 nocturnos,
983 4724 1420 4797 quandoquidem
1473 4742 1571 4782 nec
1600 4735 1791 4782 contra
1824 4744 1953 4799 por~

378 4830 474 4869 cos
521 4823 842 4884 potestatem
902 4816 1103 4871 habent
1140 4835 1153 4848 ι
1192 4817 1508 4886 vespertinis
1562 4816 1727 4887 igitur
1778 4819 1950 4886 horia,

378 4906 510 4961 cella
551 4907 852 4975 egrediens,
896 4914 961 4962 ne
996 4907 1358 4978 perturbetur,
1401 4924 1578 4981 neque
1617 4909 1831 4979 fugiens
1865 4927 1953 4966 re-

379 5006 466 5055 tro
517 5001 741 5067 insiliat,
787 5001 1011 5072 perinde
1042 5019 1106 5058 ac
1141 5004 1417 5057 dannones
1462 5004 1672 5060 scilicet
1721 5006 1955 5061 insecta-

380 5103 589 5158 rentur,
641 5094 735 5148 sed
779 5095 1002 5150 llectens
1051 5111 1223 5165 genua
1271 5110 1337 5149 eo
1368 5096 1420 5149 in
1460 5091 1602 5160 loco,
1630 5096 1685 5150 in
1712 5112 1822 5166 quo
1854 5114 1954 5168 pa-

380 5180 569 5242 rcscit,
614 5195 827 5249 precem
879 5182 1155 5247 eﬂundat;
1197 5197 1297 5238 nec
1322 5185 1465 5237 enim
1521 5182 1577 5237 in
1617 5190 1669 5238 te
1693 5184 1952 5254 incident,

381 5272 628 5338 quamvis
686 5273 759 5327 ita
812 5281 863 5327 te
903 5274 1293 5343 perturbariut,
1345 5284 1631 5343 postquam
1660 5291 1789 5331 vero
1830 5291 1955 5332 sur-

380 5363 607 5428 rexeris,
632 5378 729 5419 cor
754 5365 935 5419 audax
978 5365 1163 5433 facito,
1189 5366 1643 5439 Psahuorumque
1663 5379 1824 5425 cantu
1859 5384 1955 5426 ora

379 5454 605 5512 dicens:
641 5474 661 5508 ι
718 5455 836 5513 Non
891 5460 1108 5515 timebis
1147 5476 1177 5515 α
1226 5460 1421 5516 timore
1469 5471 1762 5529 nocturno,
1803 5480 1831 5519 a
1865 5481 1959 5520 sa-

378 5547 508 5613 gitta
555 5547 717 5621 537
756 5551 972 5607 volante
1037 5556 1089 5608 in
1125 5554 1230 5617 die,
1270 5568 1299 5607 a
1351 5556 1569 5626 negotio
1620 5556 1674 5610 in
1722 5558 1956 5614 tenebris

2031 1738 2138 1811 γὰρ
2172 1739 2432 1802 πεσόντες
2480 1738 2643 1802 εὐθὺς
2694 1738 3117 1807 ἀνηρπάγησαν,
3153 1738 3332 1811 ἕτεροι
3376 1740 3433 1795 δὲ
3475 1742 3618 1795 ἀνα-

2033 1822 2225 1900 στῆναι
2258 1829 2358 1883 οῦκ
2399 1829 2627 1901 ἴσχυσαν
2656 1824 2720 1901 τῇ
2751 1829 2861 1883 τῶν
2892 1827 3093 1900 ἡδονῶν
3123 1830 3385 1903 συνηθείᾳ
3404 1832 3480 1896 ῶς
3508 1832 3620 1885 ὑπὸ

2031 1921 2197 1990 νόμον
2248 1920 2518 1984 δεθέντες.
2543 1918 2609 1973 Τί
2630 1919 2738 1993 γάρ
2778 1915 2946 1986 οἶδας,
3001 1921 3281 1993 ἄνθρωπε,
3322 1924 3370 1976 εί
3400 1921 3612 1994 ζήσεις,

2033 2013 2120 2067 ἶνα
2143 2014 2237 2067 καὶ
2282 1998 2643 2085 μετανοήσῃς,
2686 2005 2769 2066 ὅτι
2814 2008 3039 2083 χρόνους
3074 2010 3222 2085 ζωῆς
3263 2013 3443 2085 ἑαυτῷ
3471 2015 3615 2068 ὑπο-

2032 2107 2303 2178 γράφειςς
2343 2103 2637 2159 Κάνταῦθα
2692 2100 2924 2168 πταίων,
2950 2104 3015 2177 τῇ
3052 2116 3213 2177 σαρκί
3244 2120 3339 2160 σου
3387 2100 3612 2178 χαρίζῃ,

2031 2194 2151 2249 δέον
2186 2193 2391 2265 μᾶλλον
2430 2186 2765 2265 χαρίσασθαι
2814 2192 3027 2264 σεαυτῷ
3072 2193 3308 2248 θανάτου
3345 2196 3445 2267 τὴν
3471 2187 3616 2267 μνή-

2038 2304 2146 2358 μην
2182 2285 2275 2339 καὶ
2316 2285 2405 2338 ἵνα
2460 2283 2727 2355 ζωγραφῇ
2775 2300 2869 2335 σου
2896 2285 2961 2354 τῇ
3005 2282 3204 2356 καρδίᾳ
3246 2284 3344 2357 τὴν
3374 2276 3618 2356 φοϐερὰν

2032 2379 2132 2448 τῆς
2157 2378 2391 2449 κρίσεως
2423 2376 2603 2446 δίκην,
2651 2377 2703 2429 εί
2751 2393 2869 2440 πως
2899 2376 3187 2447 δυνηθείης
3209 2376 3271 2430 τὸ
3293 2381 3620 2449 πυρεταίνον

2031 2469 2132 2539 τῆς
2156 2469 2356 2539 σαρκὸς
2388 2468 2644 2539 φρόνημα
2674 2466 3033 2520 κατασϐέσαι·
3070 2467 3135 2520 οὐ
3163 2467 3272 2540 γάρ
3302 2468 3480 2532 ἄλλως
3512 2488 3620 2523 κα-

2033 2560 2320 2623 τασϐέσεις
2345 2558 2415 2612 τά
2441 2558 2613 2629 πάθη,
2657 2558 2788 2628 πρὶν
2827 2558 2861 2627 ἢ
2897 2561 2962 2629 τῇ
3003 2560 3167 2631 σαρκί
3207 2572 3302 2613 σου
3342 2563 3623 2631 συγκερά-

2037 2666 2137 2720 σῃς
2167 2652 2291 2714 τοὺς
2322 2651 2422 2720 τῆς
2469 2651 2778 2719 ἁνασκευῆς
2811 2649 2991 2702 αὐτῶν
3039 2650 3255 2715 πόνους.
3307 2651 3449 2706 Οὔτε
3502 2654 3621 2725 μὴν

2035 2740 2261 2811 ψυχικά,
2303 2742 2435 2811 πρὶν
2480 2742 2512 2813 ἢ
2548 2744 2614 2812 τῇ
2672 2740 2870 2811 καρδίᾳ
2905 2739 3267 2812 ὲξομϐρήσεις
3303 2742 3430 2806 τοὺς
3474 2760 3624 2815 καρ-

2037 2832 2175 2896 ποὺς
2213 2832 2313 2903 τῆς
2366 2832 2612 2903 ἀγάπης.
2648 2832 2729 2887 Τά
2761 2832 2863 2903 μὲν
2904 2833 3192 2902 σωματικά
3235 2833 3383 2904 πάθη
3412 2836 3481 2889 ἐκ
3507 2834 3620 2888 τῶν

2038 2923 2282 2993 φυσικῶν
2321 2924 2421 2993 τῆς
2470 2924 2671 2994 σαρκὸς
2712 2924 2809 2997 τὴν
2851 2924 3031 2995 ἀρχὴν
3076 2923 3364 2993 λαμϐάνει,
3393 2920 3622 2979 καθἰἶν

2040 3016 2138 3068 καὶ
2165 3018 2199 3087 ἠ
2251 3016 2566 3086 ἐγκράτεια,
2590 3015 2658 3070 τὰ
2688 3016 2745 3070 δὲ
2776 3016 2983 3087 ψυχικὰ
3010 3017 3074 3070 ὲκ
3103 3012 3214 3070 τῶν
3248 3015 3497 3087 ψυχικῶν
3520 3018 3621 3089 τὴν

2041 3109 2240 3179 κύησιν
2272 3108 2409 3178 εχει,
2466 3109 2589 3162 καθ’
2623 3104 2697 3163 ὦν
2723 3111 2817 3163 καὶ
2850 3109 3117 3180 ήάγάπη.
3156 3107 3223 3161 Ἦ
3247 3110 3433 3181 ἀγάπη
3463 3112 3620 3164 άπα-

2040 3197 2193 3261 θείας
2218 3198 2337 3250 ἐστὶ
2364 3198 2647 3265 συνάφεια,
2694 3198 2881 3251 παθῶν
2922 3199 2982 3252 δὲ
3014 3195 3319 3271 άπαλοιφὴ,
3359 3202 3462 3269 τὴν
3502 3219 3615 3271 μα-

2041 3288 2343 3362 κροθυμίαν
2384 3290 2757 3361 προφέρουσα,
2803 3292 2898 3344 καὶ
2941 3289 3035 3344 τὸν
3075 3291 3272 3356 ζέοντα
3312 3291 3486 3362 θυμὸν
3526 3312 3620 3346 κα·

2040 3379 2379 3450 ταψύχουσα,
2403 3383 2503 3453 τὴν
2550 3380 2885 3435 ταπείνωσιν
2934 3381 3343 3452 προϐάλλουσα,
3388 3383 3484 3437 καὶ
3520 3385 3616 3454 τὴν

2043 3473 2424 3545 ὑπερηφανίαν
2478 3474 2887 3543 καταφέρουσα.
2940 3474 3154 3544 Ἀγάπη
3204 3475 3320 3543 ἔχει
3353 3473 3453 3544 μὲν
3480 3475 3608 3528 ἴδιον

2042 3565 2195 3619 οὐδὲν
2223 3564 2361 3635 πλὴν
2386 3564 2482 3618 τοῦ
2504 3564 2638 3618 Θεοῦ
2662 3580 2677 3595 ·
2712 3564 2852 3637 αὕτη
2886 3566 2995 3637 γάρ
3018 3567 3168 3619 ἐστιν
3189 3568 3220 3619 ό
3254 3565 3410 3631 Θεός.
3447 3567 3506 3620 '0
3533 3570 3608 3631 είς

2044 3656 2145 3726 τὴν
2173 3656 2407 3726 φαιδρὰν
2443 3656 2552 3711 τῶν
2586 3656 2836 3727 μοναχῶν
2866 3656 3170 3725 σύγκλητον
3186 3660 3462 3728 νεοπαγὴς
3486 3676 3616 3727 c97-

2045 3742 2248 3811 χάνων,
2275 3742 2602 3798 άπωθείσθω
2636 3747 2763 3807 τοὺς
2797 3744 3094 3814 λογισμοὺς
3126 3745 3254 3809 τοῦς
3288 3747 3616 3817 προσιόντας

2046 3830 2198 3900 αὐτῷ
2238 3832 2516 3902 εὐφημίας
2565 3832 2675 3886 ἀπὸ
2706 3834 2806 3905 τῆς
2832 3836 3174 3904 συγγενείας,
3197 3836 3287 3893 ῐνα
3335 3838 3411 3909 μὴ
3442 3838 3535 3891 τὸν
3557 3838 3618 3903 ιε

2047 3922 2352 3993 ἀνθρώπων
2402 3923 2644 3992 ἔπαινον,
2682 3924 2820 3980 ἀλλὰ
2859 3927 2952 3981 τὸν
3002 3928 3067 3979 εκ
3090 3926 3202 3981 τῶν
3227 3928 3461 3983 ἐντολῶν
3499 3946 3605 3999 μα-

2048 4014 2320 4085 καρισμὸν
2349 4016 2655 4086 ἐπιζητοίη.
2682 4016 2803 4070 Τῶν
2834 4016 2893 4071 δὲ
2922 4016 3023 4080 τὰς
3058 4017 3263 4082 δειλίας
3307 4018 3619 4074 είσϐαλλόνο

2048 4122 2159 4159 των
2172 4105 2442 4177 δαιμόνων
2466 4106 2904 4177 καταθαρσείτωο
2932 4108 2994 4162 οὐ
3019 4109 3128 4179 γάρ
3154 4109 3376 4165 ιλάϐετε
3401 4111 3618 4183 πνεῦμα

2049 4194 2256 4261 δειλίας
2308 4195 2470 4250 πάλιν
2505 4199 2587 4260 εἰς
2635 4197 2800 4266 φόϐον
2829 4214 2844 4229 ·
2877 4198 3154 4268 πνεύματι
3196 4199 3399 4264 δειλίας
3429 4200 3618 4255 ἑαυτὸν

1980 4318 2026 4373 υ
2055 4286 2131 4357 μὴ
2152 4287 2607 4355 καταπτησσέτω,
2646 4289 2782 4359 μήτε
2823 4289 2949 4351 τοὺς
2994 4291 3341 4361 νυκτερινοὺς
3384 4290 3617 4356 κτύπους

2052 4376 2161 4431 τῶν
2200 4377 2472 4448 δαιμόνων
2510 4379 2782 4450 τρεμέτω,
2836 4379 3037 4432 ὁπόταν
3092 4379 3217 4437 οὔτε
3251 4381 3394 4437 κατὰ
3427 4386 3617 4455 χοίρων

2050 4465 2249 4536 ἔχωσιν
2283 4467 2556 4532 ἐξουσίαν.
2596 4469 2686 4522 Ἑν
2713 4471 2835 4532 ταῖς
2873 4468 3088 4539 ὀψινατς
3120 4467 3214 4524 οὖν
3257 4470 3491 4537 ἐξελθὼν
3527 4475 3618 4543 τῆς

2049 4558 2272 4630 κέλλης,
2317 4559 2393 4631 μὴ
2431 4559 2718 4631 θροείσθω,
2747 4559 2843 4614 καὶ
2883 4561 3102 4628 φεύγων
3135 4562 3330 4616 άνόπιν
3358 4563 3615 4634 είσπηδάο

2051 4670 2149 4715 τω,
2178 4652 2255 4716 ὡς
2291 4651 2402 4705 τῶν
2429 4652 2701 4723 δαιμόνων
2745 4654 2909 4723 δῆθεν
2959 4654 3432 4724 κατατρεχόντων,
3489 4654 3617 4707 ἀλλὰ

2052 4743 2242 4808 κλίνας
2264 4743 2336 4797 τά
2353 4744 2559 4810 γόνατα
2595 4746 2655 4799 ὲν
2683 4738 2727 4813 ᾧ
2751 4745 2903 4817 τόπῳ
2924 4744 3098 4817 δειλιᾷ
3128 4744 3402 4811 εὐξάσθω,
3424 4745 3487 4799 οὐ
3517 4746 3615 4816 γάρ

2054 4852 2138 4889 σοι
2164 4836 2551 4891 ἐπιπεσοῦνται
2584 4837 2689 4891 κᾶν
2713 4836 2860 4893 οὕτω
2884 4854 2947 4890 σε
2978 4836 3303 4907 θροήσωσιν·
3323 4836 3545 4891 ἐπειδὰν
3562 4835 3615 4889 ιι

2053 4928 2293 4999 ἀναστῇς
2320 4926 2556 4998 θάρῤυνε
2582 4927 2681 4998 τὴν
2708 4928 2961 4998 καρδίαν,
2991 4929 3299 4999 παρακάλει
3345 4929 3412 5000 τῇ
3433 4927 3605 5000 tata-

2054 5016 2207 5089 ῳδίᾳ,
2245 5035 2265 5069 ι
2311 5017 2386 5079 Οὐ
2447 5016 2733 5090 φοϐηθήσῃ
2782 5017 3021 5089 (λέγων)
3061 5018 3172 5073 ἀπὸ
3215 5018 3384 5089 φόϐου
3430 5036 3614 5074 νυκτε-

2058 5107 2231 5179 ρινοῦ,
2295 5110 2405 5163 άπὸ
2439 5109 2627 5179 βέλους
2688 5110 2987 5180 πετομένου
3038 5111 3274 5182 ἡμέρας,
3312 5111 3423 5165 ἀπὸ
3446 5112 3613 5181 πράγ·

2058 5216 2228 5273 ματος
2253 5201 2311 5254 ὲν
2342 5200 2527 5254 σκότει
2551 5200 3035 5272 διαπορευομένου,
3055 5202 3165 5256 ἀπὸ
3194 5201 3611 5271 συμπτώματος,

2055 5293 2152 5345 καὶ
2198 5290 2476 5362 δαιμονίου
2521 5290 2925 5364 μεσημϐρινοῦ.
2963 5311 2984 5344 ι
3023 5292 3181 5347 Οὕτω
3219 5292 3329 5363 γὰρ
3366 5292 3511 5358 ἅπαξ
3530 5293 3614 5345 καὶ

2056 5381 2347 5435 πολλοστὸν
2374 5382 2627 5453 ποιήσας,
2662 5381 2754 5435 τὸν
2803 5382 3035 5453 δαίμονα
3058 5383 3158 5453 τῆς
3203 5382 3407 5446 δειλίας
3434 5380 3613 5437 θάττον

2056 5471 2151 5540 ἀφ’
2181 5469 2375 5524 ἑαυτοῦ
2400 5471 2717 5535 ἀπελάσεις.
2753 5470 3165 5535 Ἀδυνατοῦντες
3199 5470 3309 5543 γάρ
3335 5469 3482 5541 ἔργῳ
3501 5469 3613 5541 βλά-

2060 5581 2234 5631 πτειν,
2248 5567 2366 5627 ταῖς
2380 5564 2700 5633 φαντασίαις
2722 5565 2820 5635 τὴν
2843 5564 3019 5635 ψυχὴν
3034 5564 3453 5630 δειλοκοποῦσιν,
3472 5563 3552 5617 ινα
3568 5563 3612 5617 οι
