  <div class='ocr_page' id='page_1' title='image "/cluster/home/n/w/nwhite01/storage/ocr_20150623/79/hvd.32044073502056/570.png"; bbox 0 0 3918 6180; ppageno 0'>
   <div class='ocr_carea' id='block_1_1' title="bbox 253 162 467 225">
    <p class='ocr_par' dir='ltr' id='par_1_1' title="bbox 253 162 467 225">
     <span class='ocr_line' id='line_1_1' title="bbox 253 162 467 225; baseline 0 -1"><span class='ocrx_word' id='word_1_1' title='bbox 253 187 256 189; x_wconf 94' lang='grc'><strong>·</strong></span> <span class='ocrx_word' id='word_1_2' title='bbox 334 162 467 225; x_wconf 66' lang='lat'><strong>1123</strong></span> 
     </span>
    </p>
   </div>
   <div class='ocr_carea' id='block_1_2' title="bbox 1445 157 2482 225">
    <p class='ocr_par' dir='ltr' id='par_1_2' title="bbox 1445 157 2482 225">
     <span class='ocr_line' id='line_1_2' title="bbox 1445 157 2482 225; baseline 0.002 -3"><span class='ocrx_word' id='word_1_3' title='bbox 1445 163 1886 224; x_wconf 66' lang='lat' dir='ltr'><strong>TRACTATUS</strong></span> <span class='ocrx_word' id='word_1_4' title='bbox 1924 163 2022 225; x_wconf 81' lang='lat' dir='ltr'><strong>AD</strong></span> <span class='ocrx_word' id='word_1_5' title='bbox 2056 157 2482 224; x_wconf 74' lang='lat' dir='ltr'><strong>EUl.OGlU;\I.</strong></span> 
     </span>
    </p>
   </div>
   <div class='ocr_carea' id='block_1_3' title="bbox 3453 152 3590 224">
    <p class='ocr_par' dir='ltr' id='par_1_3' title="bbox 3453 152 3590 224">
     <span class='ocr_line' id='line_1_3' title="bbox 3453 152 3590 224; baseline 0 -4"><span class='ocrx_word' id='word_1_6' title='bbox 3453 152 3590 224; x_wconf 82' lang='lat'><strong>1130</strong></span> 
     </span>
    </p>
   </div>
   <div class='ocr_carea' id='block_1_4' title="bbox 327 259 1922 339">
    <p class='ocr_par' dir='ltr' id='par_1_4' title="bbox 327 259 1905 339">
     <span class='ocr_line' id='line_1_4' title="bbox 327 259 1905 339; baseline -0.003 -15"><span class='ocrx_word' id='word_1_7' title='bbox 327 259 553 339; x_wconf 69' lang='grc' dir='ltr'>δαίμονα</span> <span class='ocrx_word' id='word_1_8' title='bbox 623 265 898 331; x_wconf 58' lang='grc' dir='ltr'>Πύθωνος,</span> <span class='ocrx_word' id='word_1_9' title='bbox 941 268 995 318; x_wconf 73' lang='grc' dir='ltr'>ἐν</span> <span class='ocrx_word' id='word_1_10' title='bbox 1025 268 1090 336; x_wconf 80' lang='grc' dir='ltr'><strong>τῇ</strong></span> <span class='ocrx_word' id='word_1_11' title='bbox 1138 268 1317 339; x_wconf 73' lang='grc' dir='ltr'>πληγῇ</span> <span class='ocrx_word' id='word_1_12' title='bbox 1349 267 1604 339; x_wconf 74' lang='grc' dir='ltr'>χρονίσας</span> <span class='ocrx_word' id='word_1_13' title='bbox 1631 265 1905 339; x_wconf 82' lang='grc' dir='ltr'>θραπείαν</span> 
     </span>
    </p>
   </div>
   <div class='ocr_carea' id='block_1_5' title="bbox 2028 259 3587 339">
    <p class='ocr_par' dir='ltr' id='par_1_5' title="bbox 2028 265 3587 336">
     <span class='ocr_line' id='line_1_5' title="bbox 2028 265 3587 336; baseline -0.001 -14"><span class='ocrx_word' id='word_1_14' title='bbox 2028 265 2176 330; x_wconf 85' lang='lat' dir='ltr'><strong>ilius,</strong></span> <span class='ocrx_word' id='word_1_15' title='bbox 2207 267 2406 321; x_wconf 71' lang='lat' dir='ltr'><strong>habent.</strong></span> <span class='ocrx_word' id='word_1_16' title='bbox 2443 267 2741 320; x_wconf 61' lang='lat' dir='ltr'><strong>daemonem</strong></span> <span class='ocrx_word' id='word_1_17' title='bbox 2773 265 3050 336; x_wconf 76' lang='lat' dir='ltr'><strong>Pythonis,</strong></span> <span class='ocrx_word' id='word_1_18' title='bbox 3073 275 3145 331; x_wconf 90' lang='lat' dir='ltr'><strong>et,</strong></span> <span class='ocrx_word' id='word_1_19' title='bbox 3172 265 3376 322; x_wconf 90' lang='lat' dir='ltr'><strong>diutius</strong></span> <span class='ocrx_word' id='word_1_20' title='bbox 3413 267 3466 323; x_wconf 86' lang='lat' dir='ltr'><strong>in</strong></span> <span class='ocrx_word' id='word_1_21' title='bbox 3500 269 3587 324; x_wconf 78' lang='lat' dir='ltr'><strong>illa</strong></span> 
     </span>
    </p>
   </div>
   <div class='ocr_carea' id='block_1_6' title="bbox 325 358 1908 432">
    <p class='ocr_par' dir='ltr' id='par_1_6' title="bbox 325 358 1908 432">
     <span class='ocr_line' id='line_1_6' title="bbox 325 358 1908 432; baseline -0.001 -16"><span class='ocrx_word' id='word_1_22' title='bbox 325 362 426 431; x_wconf 86' lang='grc' dir='ltr'><strong>οὑχ</strong></span> <span class='ocrx_word' id='word_1_23' title='bbox 477 358 763 428; x_wconf 77' lang='grc' dir='ltr'><strong>ὑφίστατο.</strong></span> <span class='ocrx_word' id='word_1_24' title='bbox 811 360 921 432; x_wconf 71' lang='grc' dir='ltr'><strong>Τῆς</strong></span> <span class='ocrx_word' id='word_1_25' title='bbox 956 359 1010 412; x_wconf 80' lang='grc' dir='ltr'>δὲ</span> <span class='ocrx_word' id='word_1_26' title='bbox 1065 359 1256 417; x_wconf 78' lang='grc' dir='ltr'>τούτου</span> <span class='ocrx_word' id='word_1_27' title='bbox 1309 360 1514 432; x_wconf 74' lang='grc' dir='ltr'>μητρδς</span> <span class='ocrx_word' id='word_1_28' title='bbox 1547 361 1908 414; x_wconf 82' lang='grc' dir='ltr'>ὲπιταπεινω·</span> 
     </span>
    </p>
   </div>
   <div class='ocr_carea' id='block_1_7' title="bbox 327 449 1906 522">
    <p class='ocr_par' dir='ltr' id='par_1_7' title="bbox 327 449 1906 522">
     <span class='ocr_line' id='line_1_7' title="bbox 327 449 1906 522; baseline -0.001 -17"><span class='ocrx_word' id='word_1_29' title='bbox 327 452 518 522; x_wconf 83' lang='grc' dir='ltr'>θείσης</span> <span class='ocrx_word' id='word_1_30' title='bbox 555 449 633 520; x_wconf 83' lang='grc' dir='ltr'>τῷ</span> <span class='ocrx_word' id='word_1_31' title='bbox 679 449 888 513; x_wconf 81' lang='grc' dir='ltr'>πένθει,</span> <span class='ocrx_word' id='word_1_32' title='bbox 925 451 1248 522; x_wconf 76' lang='grc' dir='ltr'>εὐχαριστία</span> <span class='ocrx_word' id='word_1_33' title='bbox 1283 451 1344 506; x_wconf 77' lang='grc' dir='ltr'><strong>τὸ</strong></span> <span class='ocrx_word' id='word_1_34' title='bbox 1386 450 1556 518; x_wconf 82' lang='grc' dir='ltr'>πάθος</span> <span class='ocrx_word' id='word_1_35' title='bbox 1588 451 1906 522; x_wconf 69' lang='grc' dir='ltr'>κατέψυξεν,</span> 
     </span>
    </p>
   </div>
   <div class='ocr_carea' id='block_1_8' title="bbox 328 542 1909 620">
    <p class='ocr_par' dir='ltr' id='par_1_8' title="bbox 328 542 1909 620">
     <span class='ocr_line' id='line_1_8' title="bbox 328 542 1909 620; baseline -0.002 -22"><span class='ocrx_word' id='word_1_36' title='bbox 328 545 473 618; x_wconf 67' lang='grc' dir='ltr'>ἥπερ</span> <span class='ocrx_word' id='word_1_37' title='bbox 503 547 568 602; x_wconf 84' lang='grc' dir='ltr'>ὲκ</span> <span class='ocrx_word' id='word_1_38' title='bbox 590 543 826 613; x_wconf 83' lang='grc' dir='ltr'>σταυροῦ</span> <span class='ocrx_word' id='word_1_39' title='bbox 851 542 948 612; x_wconf 71' lang='grc' dir='ltr'>τὴν</span> <span class='ocrx_word' id='word_1_40' title='bbox 969 543 1149 615; x_wconf 78' lang='grc' dir='ltr'>ψυχὴν</span> <span class='ocrx_word' id='word_1_41' title='bbox 1185 543 1535 620; x_wconf 83' lang='grc' dir='ltr'>κρεμάσασα,</span> <span class='ocrx_word' id='word_1_42' title='bbox 1559 544 1652 596; x_wconf 54' lang='grc' dir='ltr'>τὴν</span> <span class='ocrx_word' id='word_1_43' title='bbox 1679 545 1909 614; x_wconf 79' lang='grc' dir='ltr'>δαίμονα</span> 
     </span>
    </p>
   </div>
   <div class='ocr_carea' id='block_1_9' title="bbox 326 632 1910 706">
    <p class='ocr_par' dir='ltr' id='par_1_9' title="bbox 326 632 1910 706">
     <span class='ocr_line' id='line_1_9' title="bbox 326 632 1910 706; baseline -0.002 -17"><span class='ocrx_word' id='word_1_44' title='bbox 326 637 421 689; x_wconf 75' lang='grc' dir='ltr'><strong>τοῦ</strong></span> <span class='ocrx_word' id='word_1_45' title='bbox 446 635 635 698; x_wconf 78' lang='grc' dir='ltr'>παιδὸς</span> <span class='ocrx_word' id='word_1_46' title='bbox 661 637 785 697; x_wconf 86' lang='grc' dir='ltr'>ταῖς</span> <span class='ocrx_word' id='word_1_47' title='bbox 839 635 1024 703; x_wconf 85' lang='grc' dir='ltr'>εὑχαῖς</span> <span class='ocrx_word' id='word_1_48' title='bbox 1069 635 1351 705; x_wconf 74' lang='grc' dir='ltr'>ἀπέρρηξε</span> <span class='ocrx_word' id='word_1_49' title='bbox 1383 654 1397 665; x_wconf 79' lang='grc'><em>’</em></span> <span class='ocrx_word' id='word_1_50' title='bbox 1428 632 1522 688; x_wconf 76' lang='grc' dir='ltr'>τοῦ</span> <span class='ocrx_word' id='word_1_51' title='bbox 1562 634 1670 706; x_wconf 79' lang='grc' dir='ltr'><strong>γὰρ</strong></span> <span class='ocrx_word' id='word_1_52' title='bbox 1701 635 1822 688; x_wconf 82' lang='grc' dir='ltr'>νέου</span> <span class='ocrx_word' id='word_1_53' title='bbox 1851 635 1910 686; x_wconf 83' lang='grc' dir='ltr'>ἐν</span> 
     </span>
    </p>
   </div>
   <div class='ocr_carea' id='block_1_10' title="bbox 325 724 1908 799">
    <p class='ocr_par' dir='ltr' id='par_1_10' title="bbox 325 724 1908 799">
     <span class='ocr_line' id='line_1_10' title="bbox 325 724 1908 799; baseline -0.001 -19"><span class='ocrx_word' id='word_1_54' title='bbox 325 729 440 792; x_wconf 81' lang='grc' dir='ltr'>τοῖς</span> <span class='ocrx_word' id='word_1_55' title='bbox 473 728 664 799; x_wconf 81' lang='grc' dir='ltr'>μέρεσι</span> <span class='ocrx_word' id='word_1_56' title='bbox 694 728 806 790; x_wconf 86' lang='grc' dir='ltr'>τοῖς</span> <span class='ocrx_word' id='word_1_57' title='bbox 837 726 999 796; x_wconf 79' lang='grc' dir='ltr'>πέριξ</span> <span class='ocrx_word' id='word_1_58' title='bbox 1023 727 1379 798; x_wconf 76' lang='grc' dir='ltr'><strong>πλανωμένου</strong></span> <span class='ocrx_word' id='word_1_59' title='bbox 1436 724 1530 780; x_wconf 69' lang='grc' dir='ltr'><strong>κώ⁸</strong></span> <span class='ocrx_word' id='word_1_60' title='bbox 1573 725 1672 797; x_wconf 80' lang='grc' dir='ltr'>τῆς</span> <span class='ocrx_word' id='word_1_61' title='bbox 1703 726 1908 798; x_wconf 85' lang='grc' dir='ltr'>μητρὸς</span> 
     </span>
    </p>
   </div>
   <div class='ocr_carea' id='block_1_11' title="bbox 279 813 1908 890">
    <p class='ocr_par' dir='ltr' id='par_1_11' title="bbox 279 813 1908 890">
     <span class='ocr_line' id='line_1_11' title="bbox 279 813 1908 890; baseline 0.002 -22"><span class='ocrx_word' id='word_1_62' title='bbox 279 865 282 868; x_wconf 87' lang='grc'>.</span> <span class='ocrx_word' id='word_1_63' title='bbox 329 820 468 874; x_wconf 75' lang='grc' dir='ltr'>οἴκοι</span> <span class='ocrx_word' id='word_1_64' title='bbox 520 817 842 890; x_wconf 75' lang='grc' dir='ltr'><strong>εὐχομένης,</strong></span> <span class='ocrx_word' id='word_1_65' title='bbox 905 817 966 871; x_wconf 85' lang='grc' dir='ltr'>τὸ</span> <span class='ocrx_word' id='word_1_66' title='bbox 1019 817 1223 888; x_wconf 76' lang='grc' dir='ltr'>ταύτης</span> <span class='ocrx_word' id='word_1_67' title='bbox 1275 819 1442 889; x_wconf 75' lang='grc' dir='ltr'>ὄνομα</span> <span class='ocrx_word' id='word_1_68' title='bbox 1469 813 1608 889; x_wconf 77' lang='grc' dir='ltr'>βοῶν</span> <span class='ocrx_word' id='word_1_69' title='bbox 1637 821 1664 872; x_wconf 89' lang='grc' dir='ltr'>ὀ</span> <span class='ocrx_word' id='word_1_70' title='bbox 1702 819 1908 890; x_wconf 71' lang='grc' dir='ltr'>δαίμων</span> 
     </span>
    </p>
   </div>
   <div class='ocr_carea' id='block_1_12' title="bbox 334 907 1912 981">
    <p class='ocr_par' dir='ltr' id='par_1_12' title="bbox 334 907 1912 981">
     <span class='ocr_line' id='line_1_12' title="bbox 334 907 1912 981; baseline 0.001 -18"><span class='ocrx_word' id='word_1_71' title='bbox 334 911 588 980; x_wconf 80' lang='grc' dir='ltr'>βασάνοις</span> <span class='ocrx_word' id='word_1_72' title='bbox 613 909 913 980; x_wconf 71' lang='grc' dir='ltr'>ἠλαύνετο·</span> <span class='ocrx_word' id='word_1_73' title='bbox 949 911 982 981; x_wconf 80' lang='grc' dir='ltr'>ὴ</span> <span class='ocrx_word' id='word_1_74' title='bbox 1013 909 1071 963; x_wconf 86' lang='grc' dir='ltr'>δὲ</span> <span class='ocrx_word' id='word_1_75' title='bbox 1115 907 1246 963; x_wconf 85' lang='grc' dir='ltr'>αὑτὸ</span> <span class='ocrx_word' id='word_1_76' title='bbox 1276 909 1436 964; x_wconf 83' lang='grc' dir='ltr'>τοῦτο</span> <span class='ocrx_word' id='word_1_77' title='bbox 1482 910 1780 974; x_wconf 79' lang='grc' dir='ltr'>ἀκούουσα,</span> <span class='ocrx_word' id='word_1_78' title='bbox 1809 911 1912 964; x_wconf 81' lang='grc' dir='ltr'><strong>οὑκ</strong></span> 
     </span>
    </p>
   </div>
   <div class='ocr_carea' id='block_1_13' title="bbox 331 1000 1909 1076">
    <p class='ocr_par' dir='ltr' id='par_1_13' title="bbox 331 1000 1909 1076">
     <span class='ocr_line' id='line_1_13' title="bbox 331 1000 1909 1076; baseline 0.001 -22"><span class='ocrx_word' id='word_1_79' title='bbox 331 1003 610 1073; x_wconf 80' lang='grc' dir='ltr'>ἐπέδραμε</span> <span class='ocrx_word' id='word_1_80' title='bbox 649 1001 730 1076; x_wconf 82' lang='grc' dir='ltr'><strong>τῷ</strong></span> <span class='ocrx_word' id='word_1_81' title='bbox 779 1000 1070 1072; x_wconf 75' lang='grc' dir='ltr'><strong>πράγματι</strong></span> <span class='ocrx_word' id='word_1_82' title='bbox 1107 1001 1208 1074; x_wconf 78' lang='grc' dir='ltr'>τὴν</span> <span class='ocrx_word' id='word_1_83' title='bbox 1252 1003 1433 1073; x_wconf 81' lang='grc' dir='ltr'><strong>μάχην</strong></span> <span class='ocrx_word' id='word_1_84' title='bbox 1463 1004 1563 1074; x_wconf 84' lang='grc' dir='ltr'>τῆς</span> <span class='ocrx_word' id='word_1_85' title='bbox 1593 1003 1810 1072; x_wconf 78' lang='grc' dir='ltr'>φύσεως</span> <span class='ocrx_word' id='word_1_86' title='bbox 1842 1005 1909 1075; x_wconf 84' lang='grc' dir='ltr'>τῇ</span> 
     </span>
    </p>
   </div>
   <div class='ocr_carea' id='block_1_14' title="bbox 328 1089 1912 1168">
    <p class='ocr_par' dir='ltr' id='par_1_14' title="bbox 328 1089 1912 1168">
     <span class='ocr_line' id='line_1_14' title="bbox 328 1089 1912 1168; baseline 0.002 -22"><span class='ocrx_word' id='word_1_87' title='bbox 328 1093 656 1148; x_wconf 77' lang='grc' dir='ltr'><strong>ταπεινώσει</strong></span> <span class='ocrx_word' id='word_1_88' title='bbox 709 1089 1076 1163; x_wconf 81' lang='grc' dir='ltr'>δεσμεύουσα,</span> <span class='ocrx_word' id='word_1_89' title='bbox 1128 1093 1396 1166; x_wconf 71' lang='grc' dir='ltr'>ἑλκομένη</span> <span class='ocrx_word' id='word_1_90' title='bbox 1447 1095 1505 1148; x_wconf 76' lang='grc' dir='ltr'>δὲ</span> <span class='ocrx_word' id='word_1_91' title='bbox 1563 1095 1693 1168; x_wconf 85' lang='grc' dir='ltr'>παρ’</span> <span class='ocrx_word' id='word_1_92' title='bbox 1737 1096 1912 1150; x_wconf 83' lang='grc' dir='ltr'>ἄλλων</span> 
     </span>
    </p>
   </div>
   <div class='ocr_carea' id='block_1_15' title="bbox 329 1184 1914 1264">
    <p class='ocr_par' dir='ltr' id='par_1_15' title="bbox 329 1184 1914 1264">
     <span class='ocr_line' id='line_1_15' title="bbox 329 1184 1914 1264; baseline 0.002 -26"><span class='ocrx_word' id='word_1_93' title='bbox 329 1185 649 1256; x_wconf 78' lang='grc' dir='ltr'>ἀϐουλήτως</span> <span class='ocrx_word' id='word_1_94' title='bbox 675 1186 943 1255; x_wconf 80' lang='grc' dir='ltr'>ἀπήγετο,</span> <span class='ocrx_word' id='word_1_95' title='bbox 977 1184 1241 1240; x_wconf 79' lang='grc' dir='ltr'><strong>ἐπέκεινα</strong></span> <span class='ocrx_word' id='word_1_96' title='bbox 1273 1186 1330 1239; x_wconf 82' lang='grc' dir='ltr'>δὲ</span> <span class='ocrx_word' id='word_1_97' title='bbox 1361 1187 1502 1244; x_wconf 83' lang='grc' dir='ltr'>καὶὸ</span> <span class='ocrx_word' id='word_1_98' title='bbox 1539 1187 1748 1257; x_wconf 78' lang='grc' dir='ltr'>δαίμων</span> <span class='ocrx_word' id='word_1_99' title='bbox 1779 1191 1914 1264; x_wconf 80' lang='grc' dir='ltr'>χρῆ-</span> 
     </span>
    </p>
   </div>
   <div class='ocr_carea' id='block_1_16' title="bbox 333 1274 1915 1348">
    <p class='ocr_par' dir='ltr' id='par_1_16' title="bbox 333 1274 1915 1348">
     <span class='ocr_line' id='line_1_16' title="bbox 333 1274 1915 1348; baseline 0.002 -19"><span class='ocrx_word' id='word_1_100' title='bbox 333 1276 456 1329; x_wconf 87' lang='grc' dir='ltr'>σθαι</span> <span class='ocrx_word' id='word_1_101' title='bbox 494 1278 555 1346; x_wconf 82' lang='grc' dir='ltr'>τῇ</span> <span class='ocrx_word' id='word_1_102' title='bbox 592 1278 737 1346; x_wconf 80' lang='grc' dir='ltr'>φυγῇ</span> <span class='ocrx_word' id='word_1_103' title='bbox 787 1275 1071 1346; x_wconf 78' lang='grc' dir='ltr'>ἐμαίνετο.</span> <span class='ocrx_word' id='word_1_104' title='bbox 1112 1277 1176 1335; x_wconf 83' lang='grc' dir='ltr'><strong>Ἦ</strong></span> <span class='ocrx_word' id='word_1_105' title='bbox 1231 1279 1329 1348; x_wconf 79' lang='grc' dir='ltr'>μὲν</span> <span class='ocrx_word' id='word_1_106' title='bbox 1370 1274 1463 1332; x_wconf 78' lang='grc' dir='ltr'><strong>οὖν</strong></span> <span class='ocrx_word' id='word_1_107' title='bbox 1493 1280 1787 1344; x_wconf 81' lang='grc' dir='ltr'><strong>ἐπιστᾶσα,</strong></span> <span class='ocrx_word' id='word_1_108' title='bbox 1819 1279 1915 1336; x_wconf 58' lang='grc' dir='ltr'><strong>καὶ⁹</strong></span> 
     </span>
    </p>
   </div>
   <div class='ocr_carea' id='block_1_17' title="bbox 329 1361 1915 1441">
    <p class='ocr_par' dir='ltr' id='par_1_17' title="bbox 329 1361 1915 1441">
     <span class='ocr_line' id='line_1_17' title="bbox 329 1361 1915 1441; baseline 0.004 -23"><span class='ocrx_word' id='word_1_109' title='bbox 329 1370 440 1429; x_wconf 67' lang='grc' dir='ltr'>τοῖς</span> <span class='ocrx_word' id='word_1_110' title='bbox 471 1366 703 1437; x_wconf 84' lang='grc' dir='ltr'>δάκρυσι</span> <span class='ocrx_word' id='word_1_111' title='bbox 745 1367 838 1420; x_wconf 81' lang='grc' dir='ltr'>τὸν</span> <span class='ocrx_word' id='word_1_112' title='bbox 888 1365 1055 1422; x_wconf 86' lang='grc' dir='ltr'>παῖδα</span> <span class='ocrx_word' id='word_1_113' title='bbox 1109 1361 1586 1440; x_wconf 72' lang='grc' dir='ltr'>περιπτυξαμένη,</span> <span class='ocrx_word' id='word_1_114' title='bbox 1621 1367 1717 1441; x_wconf 74' lang='grc' dir='ltr'>τὴν</span> <span class='ocrx_word' id='word_1_115' title='bbox 1753 1372 1915 1440; x_wconf 87' lang='grc' dir='ltr'>εὑχα-</span> 
     </span>
    </p>
   </div>
   <div class='ocr_carea' id='block_1_18' title="bbox 333 1455 1916 1532">
    <p class='ocr_par' dir='ltr' id='par_1_18' title="bbox 333 1455 1916 1532">
     <span class='ocr_line' id='line_1_18' title="bbox 333 1455 1916 1532; baseline 0.006 -26"><span class='ocrx_word' id='word_1_116' title='bbox 333 1455 570 1525; x_wconf 81' lang='grc' dir='ltr'>ριστίαν,</span> <span class='ocrx_word' id='word_1_117' title='bbox 602 1455 699 1508; x_wconf 71' lang='grc' dir='ltr'><strong>καὶ</strong></span> <span class='ocrx_word' id='word_1_118' title='bbox 715 1456 1050 1510; x_wconf 79' lang='grc' dir='ltr'>ταπείνωσιν</span> <span class='ocrx_word' id='word_1_119' title='bbox 1079 1459 1223 1512; x_wconf 86' lang='grc' dir='ltr'><strong>κατά</strong></span> <span class='ocrx_word' id='word_1_120' title='bbox 1241 1457 1336 1512; x_wconf 71' lang='grc' dir='ltr'>τοῦ</span> <span class='ocrx_word' id='word_1_121' title='bbox 1365 1459 1618 1528; x_wconf 81' lang='grc' dir='ltr'>δαίμονος</span> <span class='ocrx_word' id='word_1_122' title='bbox 1641 1461 1916 1532; x_wconf 76' lang='grc' dir='ltr'>προύϐάλ-</span> 
     </span>
    </p>
   </div>
   <div class='ocr_carea' id='block_1_19' title="bbox 329 1547 1916 1622">
    <p class='ocr_par' dir='ltr' id='par_1_19' title="bbox 329 1547 1916 1622">
     <span class='ocr_line' id='line_1_19' title="bbox 329 1547 1916 1622; baseline 0.005 -23"><span class='ocrx_word' id='word_1_123' title='bbox 329 1547 473 1611; x_wconf 85' lang='grc' dir='ltr'>λετο,</span> <span class='ocrx_word' id='word_1_124' title='bbox 500 1547 714 1620; x_wconf 81' lang='grc' dir='ltr'><strong>πικρῶς</strong></span> <span class='ocrx_word' id='word_1_125' title='bbox 746 1548 802 1601; x_wconf 78' lang='grc' dir='ltr'>δὲ</span> <span class='ocrx_word' id='word_1_126' title='bbox 836 1548 1175 1621; x_wconf 77' lang='grc' dir='ltr'>κλαυσάσης,</span> <span class='ocrx_word' id='word_1_127' title='bbox 1207 1549 1303 1604; x_wconf 74' lang='grc' dir='ltr'>καὶ</span> <span class='ocrx_word' id='word_1_128' title='bbox 1341 1552 1578 1622; x_wconf 83' lang='grc' dir='ltr'>Χριστὸν</span> <span class='ocrx_word' id='word_1_129' title='bbox 1629 1553 1916 1608; x_wconf 80' lang='grc' dir='ltr'>ἱκετευσά-</span> 
     </span>
    </p>
   </div>
   <div class='ocr_carea' id='block_1_20' title="bbox 333 1637 1914 1712">
    <p class='ocr_par' dir='ltr' id='par_1_20' title="bbox 333 1637 1914 1712">
     <span class='ocr_line' id='line_1_20' title="bbox 333 1637 1914 1712; baseline 0.003 -20"><span class='ocrx_word' id='word_1_130' title='bbox 333 1656 456 1710; x_wconf 81' lang='grc' dir='ltr'>σης,</span> <span class='ocrx_word' id='word_1_131' title='bbox 497 1639 594 1693; x_wconf 74' lang='grc' dir='ltr'>καὶ</span> <span class='ocrx_word' id='word_1_132' title='bbox 645 1637 737 1691; x_wconf 75' lang='grc' dir='ltr'><strong>τὸν</strong></span> <span class='ocrx_word' id='word_1_133' title='bbox 786 1638 1022 1709; x_wconf 86' lang='grc' dir='ltr'>σταυρὸν</span> <span class='ocrx_word' id='word_1_134' title='bbox 1066 1639 1422 1712; x_wconf 84' lang='grc' dir='ltr'>τυπωσάσης,</span> <span class='ocrx_word' id='word_1_135' title='bbox 1468 1641 1599 1711; x_wconf 71' lang='grc' dir='ltr'>πρὶν</span> <span class='ocrx_word' id='word_1_136' title='bbox 1633 1642 1914 1711; x_wconf 86' lang='grc' dir='ltr'>μαστίγων</span> 
     </span>
    </p>
   </div>
   <div class='ocr_carea' id='block_1_21' title="bbox 331 1729 1916 1804">
    <p class='ocr_par' dir='ltr' id='par_1_21' title="bbox 331 1729 1916 1804">
     <span class='ocr_line' id='line_1_21' title="bbox 331 1729 1916 1804; baseline 0.001 -22"><span class='ocrx_word' id='word_1_137' title='bbox 331 1729 567 1796; x_wconf 79' lang='grc' dir='ltr'>πολλῶν,</span> <span class='ocrx_word' id='word_1_138' title='bbox 614 1729 812 1785; x_wconf 83' lang='grc' dir='ltr'>θᾶττον</span> <span class='ocrx_word' id='word_1_139' title='bbox 851 1731 947 1786; x_wconf 80' lang='grc' dir='ltr'><strong>τοῦ</strong></span> <span class='ocrx_word' id='word_1_140' title='bbox 984 1730 1178 1794; x_wconf 76' lang='grc' dir='ltr'>παιδὸς</span> <span class='ocrx_word' id='word_1_141' title='bbox 1215 1734 1245 1785; x_wconf 83' lang='grc' dir='ltr'><strong>δ</strong></span> <span class='ocrx_word' id='word_1_142' title='bbox 1285 1731 1497 1802; x_wconf 85' lang='grc' dir='ltr'>δαίμων</span> <span class='ocrx_word' id='word_1_143' title='bbox 1530 1731 1766 1804; x_wconf 79' lang='grc' dir='ltr'>ἀπέδρα.</span> <span class='ocrx_word' id='word_1_144' title='bbox 1807 1733 1916 1802; x_wconf 89' lang='grc' dir='ltr'>Ζη-</span> 
     </span>
    </p>
   </div>
   <div class='ocr_carea' id='block_1_22' title="bbox 332 1823 1918 1897">
    <p class='ocr_par' dir='ltr' id='par_1_22' title="bbox 332 1823 1918 1897">
     <span class='ocr_line' id='line_1_22' title="bbox 332 1823 1918 1897; baseline 0.003 -22"><span class='ocrx_word' id='word_1_145' title='bbox 332 1823 518 1880; x_wconf 82' lang='grc' dir='ltr'>λοῦσιν</span> <span class='ocrx_word' id='word_1_146' title='bbox 545 1825 594 1878; x_wconf 83' lang='grc' dir='ltr'><strong>οἱ</strong></span> <span class='ocrx_word' id='word_1_147' title='bbox 622 1823 876 1895; x_wconf 88' lang='grc' dir='ltr'>δαίμονες</span> <span class='ocrx_word' id='word_1_148' title='bbox 899 1825 1028 1890; x_wconf 73' lang='grc' dir='ltr'>τοὺς</span> <span class='ocrx_word' id='word_1_149' title='bbox 1065 1826 1124 1879; x_wconf 81' lang='grc' dir='ltr'>ἐν</span> <span class='ocrx_word' id='word_1_150' title='bbox 1153 1826 1401 1897; x_wconf 78' lang='grc' dir='ltr'>ὑποταγῇ</span> <span class='ocrx_word' id='word_1_151' title='bbox 1449 1825 1664 1897; x_wconf 81' lang='grc' dir='ltr'>Πατρδς</span> <span class='ocrx_word' id='word_1_152' title='bbox 1712 1826 1918 1896; x_wconf 87' lang='grc' dir='ltr'>ἀστρά-</span> 
     </span>
    </p>
   </div>
   <div class='ocr_carea' id='block_1_23' title="bbox 340 1914 1916 1990">
    <p class='ocr_par' dir='ltr' id='par_1_23' title="bbox 340 1914 1916 1990">
     <span class='ocr_line' id='line_1_23' title="bbox 340 1914 1916 1990; baseline 0.003 -21"><span class='ocrx_word' id='word_1_153' title='bbox 340 1933 597 1980; x_wconf 85' lang='grc' dir='ltr'>πτοντας,</span> <span class='ocrx_word' id='word_1_154' title='bbox 631 1917 728 1977; x_wconf 77' lang='grc' dir='ltr'>καὶ</span> <span class='ocrx_word' id='word_1_155' title='bbox 754 1915 1002 1990; x_wconf 81' lang='grc' dir='ltr'>τρίζουσι</span> <span class='ocrx_word' id='word_1_156' title='bbox 1035 1919 1157 1972; x_wconf 88' lang='grc' dir='ltr'>κατ’</span> <span class='ocrx_word' id='word_1_157' title='bbox 1183 1918 1364 1972; x_wconf 85' lang='grc' dir='ltr'>αὑτῶν</span> <span class='ocrx_word' id='word_1_158' title='bbox 1410 1914 1538 1983; x_wconf 82' lang='grc' dir='ltr'><strong>τοὺς</strong></span> <span class='ocrx_word' id='word_1_159' title='bbox 1565 1917 1807 1984; x_wconf 78' lang='grc' dir='ltr'><strong>ὀδόντας,</strong></span> <span class='ocrx_word' id='word_1_160' title='bbox 1835 1919 1916 1974; x_wconf 80' lang='grc' dir='ltr'>ὅτι</span> 
     </span>
    </p>
   </div>
   <div class='ocr_carea' id='block_1_24' title="bbox 331 2006 1915 2084">
    <p class='ocr_par' dir='ltr' id='par_1_24' title="bbox 331 2006 1915 2084">
     <span class='ocr_line' id='line_1_24' title="bbox 331 2006 1915 2084; baseline 0.003 -22"><span class='ocrx_word' id='word_1_161' title='bbox 331 2011 392 2062; x_wconf 72' lang='grc' dir='ltr'>ὲν</span> <span class='ocrx_word' id='word_1_162' title='bbox 437 2012 502 2080; x_wconf 78' lang='grc' dir='ltr'>τῇ</span> <span class='ocrx_word' id='word_1_163' title='bbox 562 2006 809 2080; x_wconf 82' lang='grc' dir='ltr'>ὑποταγῇ</span> <span class='ocrx_word' id='word_1_164' title='bbox 883 2009 984 2084; x_wconf 81' lang='grc' dir='ltr'>τὴν</span> <span class='ocrx_word' id='word_1_165' title='bbox 1042 2009 1325 2082; x_wconf 82' lang='grc' dir='ltr'>ἀποταγὴν</span> <span class='ocrx_word' id='word_1_166' title='bbox 1356 2010 1677 2083; x_wconf 85' lang='grc' dir='ltr'><strong>ἀμερίμνως</strong></span> <span class='ocrx_word' id='word_1_167' title='bbox 1707 2012 1915 2081; x_wconf 75' lang='grc' dir='ltr'>ὲζὺγω-</span> 
     </span>
    </p>
   </div>
   <div class='ocr_carea' id='block_1_25' title="bbox 347 2092 1913 2172">
    <p class='ocr_par' dir='ltr' id='par_1_25' title="bbox 347 2092 1913 2172">
     <span class='ocr_line' id='line_1_25' title="bbox 347 2092 1913 2172; baseline -0.006 -10"><span class='ocrx_word' id='word_1_168' title='bbox 347 2123 446 2161; x_wconf 87' lang='grc' dir='ltr'><strong>σαν</strong></span> <span class='ocrx_word' id='word_1_169' title='bbox 475 2143 491 2168; x_wconf 94' lang='grc'><strong>,</strong></span> <span class='ocrx_word' id='word_1_170' title='bbox 567 2099 688 2153; x_wconf 85' lang='grc' dir='ltr'>καθ’</span> <span class='ocrx_word' id='word_1_171' title='bbox 711 2092 787 2152; x_wconf 84' lang='grc' dir='ltr'>ὧν</span> <span class='ocrx_word' id='word_1_172' title='bbox 808 2101 905 2152; x_wconf 74' lang='grc' dir='ltr'>καὶ</span> <span class='ocrx_word' id='word_1_173' title='bbox 932 2100 1234 2172; x_wconf 83' lang='grc' dir='ltr'>προφάσεις</span> <span class='ocrx_word' id='word_1_174' title='bbox 1255 2099 1738 2169; x_wconf 78' lang='grc' dir='ltr'>ἀκριϐολογοὺντες</span> <span class='ocrx_word' id='word_1_175' title='bbox 1767 2095 1913 2171; x_wconf 82' lang='grc' dir='ltr'>παρ-</span> 
     </span>
    </p>
   </div>
   <div class='ocr_carea' id='block_1_26' title="bbox 331 2191 1918 2266">
    <p class='ocr_par' dir='ltr' id='par_1_26' title="bbox 331 2191 1918 2266">
     <span class='ocr_line' id='line_1_26' title="bbox 331 2191 1918 2266; baseline -0.001 -21"><span class='ocrx_word' id='word_1_176' title='bbox 331 2193 606 2263; x_wconf 70' lang='grc' dir='ltr'>οξυσμοὺς</span> <span class='ocrx_word' id='word_1_177' title='bbox 655 2191 936 2263; x_wconf 85' lang='grc' dir='ltr'>άρτὺουσι,</span> <span class='ocrx_word' id='word_1_178' title='bbox 987 2192 1083 2252; x_wconf 75' lang='grc' dir='ltr'>καὶ</span> <span class='ocrx_word' id='word_1_179' title='bbox 1135 2194 1201 2266; x_wconf 83' lang='grc' dir='ltr'><strong>τῇ</strong></span> <span class='ocrx_word' id='word_1_180' title='bbox 1236 2191 1609 2262; x_wconf 77' lang='grc' dir='ltr'>συμϐαινούσῃ</span> <span class='ocrx_word' id='word_1_181' title='bbox 1637 2191 1918 2262; x_wconf 76' lang='grc' dir='ltr'>ὀργῇ,τὴν</span> 
     </span>
    </p>
   </div>
   <div class='ocr_carea' id='block_1_27' title="bbox 338 2283 1918 2356">
    <p class='ocr_par' dir='ltr' id='par_1_27' title="bbox 338 2283 1918 2356">
     <span class='ocr_line' id='line_1_27' title="bbox 338 2283 1918 2356; baseline -0.001 -19"><span class='ocrx_word' id='word_1_182' title='bbox 338 2285 500 2356; x_wconf 82' lang='grc' dir='ltr'>μῆνιν</span> <span class='ocrx_word' id='word_1_183' title='bbox 547 2284 938 2355; x_wconf 81' lang='grc' dir='ltr'>ὲγγλύφουσιν,</span> <span class='ocrx_word' id='word_1_184' title='bbox 995 2284 1188 2338; x_wconf 78' lang='grc' dir='ltr'>ἔπειτα</span> <span class='ocrx_word' id='word_1_185' title='bbox 1228 2283 1286 2337; x_wconf 82' lang='grc' dir='ltr'>δὲ</span> <span class='ocrx_word' id='word_1_186' title='bbox 1337 2285 1430 2337; x_wconf 72' lang='grc' dir='ltr'>καὶ</span> <span class='ocrx_word' id='word_1_187' title='bbox 1478 2285 1635 2355; x_wconf 80' lang='grc' dir='ltr'>μῖσος</span> <span class='ocrx_word' id='word_1_188' title='bbox 1664 2283 1800 2353; x_wconf 80' lang='grc' dir='ltr'>πρὸς</span> <span class='ocrx_word' id='word_1_189' title='bbox 1827 2283 1918 2336; x_wconf 72' lang='grc' dir='ltr'>τὸν</span> 
     </span>
    </p>
   </div>
   <div class='ocr_carea' id='block_1_28' title="bbox 335 2373 1919 2448">
    <p class='ocr_par' dir='ltr' id='par_1_28' title="bbox 335 2373 1919 2448">
     <span class='ocr_line' id='line_1_28' title="bbox 335 2373 1919 2448; baseline -0.002 -18"><span class='ocrx_word' id='word_1_190' title='bbox 335 2377 562 2448; x_wconf 78' lang='grc' dir='ltr'>Πατέρα</span> <span class='ocrx_word' id='word_1_191' title='bbox 617 2375 742 2436; x_wconf 83' lang='grc' dir='ltr'>κατ’</span> <span class='ocrx_word' id='word_1_192' title='bbox 774 2376 956 2444; x_wconf 78' lang='grc' dir='ltr'>ὀλίγον</span> <span class='ocrx_word' id='word_1_193' title='bbox 989 2375 1232 2447; x_wconf 75' lang='grc' dir='ltr'>ἑψοῦσιν,</span> <span class='ocrx_word' id='word_1_194' title='bbox 1261 2375 1338 2442; x_wconf 86' lang='grc' dir='ltr'>ὠς</span> <span class='ocrx_word' id='word_1_195' title='bbox 1390 2374 1485 2437; x_wconf 73' lang='grc' dir='ltr'>διτε</span> <span class='ocrx_word' id='word_1_196' title='bbox 1536 2373 1697 2445; x_wconf 79' lang='grc' dir='ltr'>δῆθεν</span> <span class='ocrx_word' id='word_1_197' title='bbox 1717 2374 1919 2437; x_wconf 80' lang='grc' dir='ltr'>ἀδίκως</span> 
     </span>
    </p>
   </div>
   <div class='ocr_carea' id='block_1_29' title="bbox 339 2466 1919 2540">
    <p class='ocr_par' dir='ltr' id='par_1_29' title="bbox 339 2466 1919 2540">
     <span class='ocr_line' id='line_1_29' title="bbox 339 2466 1919 2540; baseline 0 -20"><span class='ocrx_word' id='word_1_198' title='bbox 339 2469 766 2539; x_wconf 70' lang='grc' dir='ltr'>ἐπιπλήττοντα,</span> <span class='ocrx_word' id='word_1_199' title='bbox 796 2468 891 2522; x_wconf 73' lang='grc' dir='ltr'>καὶ</span> <span class='ocrx_word' id='word_1_200' title='bbox 918 2466 1061 2520; x_wconf 84' lang='grc' dir='ltr'><strong>κατά</strong></span> <span class='ocrx_word' id='word_1_201' title='bbox 1093 2467 1383 2538; x_wconf 82' lang='grc' dir='ltr'>πρόσωπον</span> <span class='ocrx_word' id='word_1_202' title='bbox 1407 2466 1745 2540; x_wconf 82' lang='grc' dir='ltr'>προσέχοντα</span> <span class='ocrx_word' id='word_1_203' title='bbox 1770 2483 1786 2498; x_wconf 78' lang='grc' dir='ltr'><strong>ο</strong></span> <span class='ocrx_word' id='word_1_204' title='bbox 1833 2468 1919 2521; x_wconf 77' lang='grc' dir='ltr'>ἵνα</span> 
     </span>
    </p>
   </div>
   <div class='ocr_carea' id='block_1_30' title="bbox 340 2555 1920 2628">
    <p class='ocr_par' dir='ltr' id='par_1_30' title="bbox 340 2555 1920 2628">
     <span class='ocr_line' id='line_1_30' title="bbox 340 2555 1920 2628; baseline 0.001 -20"><span class='ocrx_word' id='word_1_205' title='bbox 340 2557 407 2611; x_wconf 79' lang='grc' dir='ltr'>ἐκ</span> <span class='ocrx_word' id='word_1_206' title='bbox 436 2556 707 2628; x_wconf 84' lang='grc' dir='ltr'>διαφόρων</span> <span class='ocrx_word' id='word_1_207' title='bbox 728 2557 942 2626; x_wconf 86' lang='grc' dir='ltr'>τρόπων</span> <span class='ocrx_word' id='word_1_208' title='bbox 970 2555 1069 2628; x_wconf 80' lang='grc' dir='ltr'>τὴν</span> <span class='ocrx_word' id='word_1_209' title='bbox 1095 2556 1278 2627; x_wconf 74' lang='grc' dir='ltr'>ψυχὴν</span> <span class='ocrx_word' id='word_1_210' title='bbox 1316 2556 1786 2627; x_wconf 77' lang='grc' dir='ltr'>περιτινάεαντες,</span> <span class='ocrx_word' id='word_1_211' title='bbox 1811 2558 1920 2612; x_wconf 86' lang='grc' dir='ltr'><strong>τῶν</strong></span> 
     </span>
    </p>
   </div>
   <div class='ocr_carea' id='block_1_31' title="bbox 335 2648 1917 2720">
    <p class='ocr_par' dir='ltr' id='par_1_31' title="bbox 335 2648 1917 2720">
     <span class='ocr_line' id='line_1_31' title="bbox 335 2648 1917 2720; baseline 0.001 -20"><span class='ocrx_word' id='word_1_212' title='bbox 335 2649 594 2717; x_wconf 78' lang='grc' dir='ltr'>ἀγκαλῶν</span> <span class='ocrx_word' id='word_1_213' title='bbox 624 2648 964 2720; x_wconf 87' lang='grc' dir='ltr'>σκορπίσωσι</span> <span class='ocrx_word' id='word_1_214' title='bbox 995 2649 1108 2701; x_wconf 85' lang='grc' dir='ltr'>τῶν</span> <span class='ocrx_word' id='word_1_215' title='bbox 1129 2649 1436 2719; x_wconf 85' lang='grc' dir='ltr'>πατρικῶν.</span> <span class='ocrx_word' id='word_1_216' title='bbox 1472 2648 1530 2702; x_wconf 85' lang='lat'><strong>&#39;0</strong></span> <span class='ocrx_word' id='word_1_217' title='bbox 1565 2649 1660 2704; x_wconf 79' lang='grc' dir='ltr'>οὖν</span> <span class='ocrx_word' id='word_1_218' title='bbox 1688 2650 1748 2704; x_wconf 76' lang='grc' dir='ltr'>ἐν</span> <span class='ocrx_word' id='word_1_219' title='bbox 1784 2651 1917 2704; x_wconf 87' lang='grc' dir='ltr'>ὑπο-</span> 
     </span>
    </p>
   </div>
   <div class='ocr_carea' id='block_1_32' title="bbox 337 2741 1919 2813">
    <p class='ocr_par' dir='ltr' id='par_1_32' title="bbox 337 2741 1919 2813">
     <span class='ocr_line' id='line_1_32' title="bbox 337 2741 1919 2813; baseline 0 -19"><span class='ocrx_word' id='word_1_220' title='bbox 337 2743 480 2812; x_wconf 79' lang='grc' dir='ltr'>ταγῇ</span> <span class='ocrx_word' id='word_1_221' title='bbox 533 2741 746 2812; x_wconf 77' lang='grc' dir='ltr'>Πατρδς</span> <span class='ocrx_word' id='word_1_222' title='bbox 789 2741 1074 2812; x_wconf 80' lang='grc' dir='ltr'>ὑπάρχων,</span> <span class='ocrx_word' id='word_1_223' title='bbox 1107 2741 1332 2813; x_wconf 76' lang='grc' dir='ltr'>ὕϐρεσιν</span> <span class='ocrx_word' id='word_1_224' title='bbox 1384 2741 1657 2813; x_wconf 78' lang='grc' dir='ltr'>ἡττάσθω,</span> <span class='ocrx_word' id='word_1_225' title='bbox 1701 2743 1796 2796; x_wconf 74' lang='grc' dir='ltr'>καὶ</span> <span class='ocrx_word' id='word_1_226' title='bbox 1825 2759 1919 2794; x_wconf 90' lang='grc' dir='ltr'>τα-</span> 
     </span>
    </p>
   </div>
   <div class='ocr_carea' id='block_1_33' title="bbox 339 2833 1918 2906">
    <p class='ocr_par' dir='ltr' id='par_1_33' title="bbox 339 2833 1918 2906">
     <span class='ocr_line' id='line_1_33' title="bbox 339 2833 1918 2906; baseline 0.001 -22"><span class='ocrx_word' id='word_1_227' title='bbox 339 2833 602 2886; x_wconf 84' lang='grc' dir='ltr'>πεινώσει</span> <span class='ocrx_word' id='word_1_228' title='bbox 627 2833 862 2898; x_wconf 80' lang='grc' dir='ltr'><strong>¹νικάτω,</strong></span> <span class='ocrx_word' id='word_1_229' title='bbox 895 2833 989 2886; x_wconf 79' lang='grc' dir='ltr'>καὶ</span> <span class='ocrx_word' id='word_1_230' title='bbox 1027 2833 1384 2905; x_wconf 76' lang='grc' dir='ltr'>μακροθυμίᾳ</span> <span class='ocrx_word' id='word_1_231' title='bbox 1422 2833 1792 2906; x_wconf 79' lang='grc' dir='ltr'>ρυθμιζέσθω,</span> <span class='ocrx_word' id='word_1_232' title='bbox 1825 2834 1918 2888; x_wconf 77' lang='grc' dir='ltr'>καὶ</span> 
     </span>
    </p>
   </div>
   <div class='ocr_carea' id='block_1_34' title="bbox 2011 358 3586 428">
    <p class='ocr_par' dir='ltr' id='par_1_34' title="bbox 2011 358 3586 428">
     <span class='ocr_line' id='line_1_34' title="bbox 2011 358 3586 428; baseline 0.001 -18"><span class='ocrx_word' id='word_1_233' title='bbox 2011 358 2163 428; x_wconf 86' lang='lat' dir='ltr'><strong>plaga</strong></span> <span class='ocrx_word' id='word_1_234' title='bbox 2193 374 2534 428; x_wconf 86' lang='lat' dir='ltr'><strong>permanens.</strong></span> <span class='ocrx_word' id='word_1_235' title='bbox 2587 359 2812 413; x_wconf 85' lang='lat' dir='ltr'><strong>minime</strong></span> <span class='ocrx_word' id='word_1_236' title='bbox 2860 358 3190 427; x_wconf 88' lang='lat' dir='ltr'><strong>suscipiebat</strong></span> <span class='ocrx_word' id='word_1_237' title='bbox 3230 359 3586 428; x_wconf 77' lang='lat' dir='ltr'><strong>curationem,</strong></span> 
     </span>
    </p>
   </div>
   <div class='ocr_carea' id='block_1_35' title="bbox 2011 443 3588 520">
    <p class='ocr_par' dir='ltr' id='par_1_35' title="bbox 2011 443 3588 520">
     <span class='ocr_line' id='line_1_35' title="bbox 2011 443 3588 520; baseline 0.003 -19"><span class='ocrx_word' id='word_1_238' title='bbox 2011 448 2142 517; x_wconf 80' lang='lat' dir='ltr'><strong>Ejus</strong></span> <span class='ocrx_word' id='word_1_239' title='bbox 2180 458 2360 504; x_wconf 88' lang='lat' dir='ltr'><strong>autem</strong></span> <span class='ocrx_word' id='word_1_240' title='bbox 2394 460 2568 505; x_wconf 84' lang='lat' dir='ltr'><strong>matre</strong></span> <span class='ocrx_word' id='word_1_241' title='bbox 2594 443 2740 505; x_wconf 64' lang='lat' dir='ltr'><strong>lnc&#39;tn</strong></span> <span class='ocrx_word' id='word_1_242' title='bbox 2771 451 3075 515; x_wconf 85' lang='lat' dir='ltr'><strong>ltumiliata,</strong></span> <span class='ocrx_word' id='word_1_243' title='bbox 3113 452 3412 520; x_wconf 83' lang='lat' dir='ltr'><strong>gratiarum</strong></span> <span class='ocrx_word' id='word_1_244' title='bbox 3448 452 3588 506; x_wconf 85' lang='lat' dir='ltr'><strong>actio</strong></span> 
     </span>
    </p>
   </div>
   <div class='ocr_carea' id='block_1_36' title="bbox 2011 537 3588 612">
    <p class='ocr_par' dir='ltr' id='par_1_36' title="bbox 2011 537 3588 612">
     <span class='ocr_line' id='line_1_36' title="bbox 2011 537 3588 612; baseline 0.005 -22"><span class='ocrx_word' id='word_1_245' title='bbox 2011 537 2346 607; x_wconf 78' lang='lat' dir='ltr'><strong>refrigeravit</strong></span> <span class='ocrx_word' id='word_1_246' title='bbox 2392 541 2723 609; x_wconf 85' lang='lat' dir='ltr'><strong>passionem,</strong></span> <span class='ocrx_word' id='word_1_247' title='bbox 2781 558 2903 612; x_wconf 77' lang='lat' dir='ltr'><strong>qua:</strong></span> <span class='ocrx_word' id='word_1_248' title='bbox 2947 542 3184 599; x_wconf 88' lang='lat' dir='ltr'><strong>animam</strong></span> <span class='ocrx_word' id='word_1_249' title='bbox 3217 559 3246 597; x_wconf 89' lang='lat' dir='ltr'><strong>e</strong></span> <span class='ocrx_word' id='word_1_250' title='bbox 3274 559 3434 603; x_wconf 86' lang='lat' dir='ltr'><strong>cruce</strong></span> <span class='ocrx_word' id='word_1_251' title='bbox 3465 559 3588 600; x_wconf 41' lang='lat' dir='ltr'><strong>suss</strong></span> 
     </span>
    </p>
   </div>
   <div class='ocr_carea' id='block_1_37' title="bbox 2011 621 3583 702">
    <p class='ocr_par' dir='ltr' id='par_1_37' title="bbox 2011 621 3583 702">
     <span class='ocr_line' id='line_1_37' title="bbox 2011 621 3583 702; baseline 0.004 -21"><span class='ocrx_word' id='word_1_252' title='bbox 2011 621 2280 696; x_wconf 80' lang='lat' dir='ltr'><strong>pendens,</strong></span> <span class='ocrx_word' id='word_1_253' title='bbox 2335 631 2638 685; x_wconf 87' lang='lat' dir='ltr'><strong>daemonem</strong></span> <span class='ocrx_word' id='word_1_254' title='bbox 2692 647 2722 687; x_wconf 89' lang='lat' dir='ltr'><strong>a</strong></span> <span class='ocrx_word' id='word_1_255' title='bbox 2770 647 2939 700; x_wconf 88' lang='lat' dir='ltr'><strong>puero</strong></span> <span class='ocrx_word' id='word_1_256' title='bbox 2981 633 3178 702; x_wconf 70' lang='lat' dir='ltr'><strong>abiecit</strong></span> <span class='ocrx_word' id='word_1_257' title='bbox 3211 631 3583 698; x_wconf 78' lang='lat' dir='ltr'><strong>orationibus:</strong></span> 
     </span>
    </p>
   </div>
   <div class='ocr_carea' id='block_1_38' title="bbox 2011 717 3588 792">
    <p class='ocr_par' dir='ltr' id='par_1_38' title="bbox 2011 717 3588 792">
     <span class='ocr_line' id='line_1_38' title="bbox 2011 717 3588 792; baseline 0.003 -23"><span class='ocrx_word' id='word_1_258' title='bbox 2011 729 2135 769; x_wconf 88' lang='lat' dir='ltr'><strong>cum</strong></span> <span class='ocrx_word' id='word_1_259' title='bbox 2187 717 2330 770; x_wconf 89' lang='lat' dir='ltr'><strong>enim</strong></span> <span class='ocrx_word' id='word_1_260' title='bbox 2385 717 2438 771; x_wconf 93' lang='lat' dir='ltr'><strong>in</strong></span> <span class='ocrx_word' id='word_1_261' title='bbox 2487 718 2756 788; x_wconf 88' lang='lat' dir='ltr'><strong>partibus,</strong></span> <span class='ocrx_word' id='word_1_262' title='bbox 2803 735 2925 790; x_wconf 87' lang='lat' dir='ltr'><strong>quae</strong></span> <span class='ocrx_word' id='word_1_263' title='bbox 2961 721 3385 792; x_wconf 82' lang='lat' dir='ltr'><strong>circumquaque</strong></span> <span class='ocrx_word' id='word_1_264' title='bbox 3443 731 3588 789; x_wconf 89' lang='lat' dir='ltr'><strong>sunt,</strong></span> 
     </span>
    </p>
   </div>
   <div class='ocr_carea' id='block_1_39' title="bbox 2013 808 3588 884">
    <p class='ocr_par' dir='ltr' id='par_1_39' title="bbox 2013 808 3588 884">
     <span class='ocr_line' id='line_1_39' title="bbox 2013 808 3588 884; baseline 0.002 -24"><span class='ocrx_word' id='word_1_265' title='bbox 2013 808 2328 865; x_wconf 86' lang='lat' dir='ltr'><strong>adolescens</strong></span> <span class='ocrx_word' id='word_1_266' title='bbox 2344 811 2700 882; x_wconf 85' lang='lat' dir='ltr'><strong>vagabundus</strong></span> <span class='ocrx_word' id='word_1_267' title='bbox 2727 823 2956 878; x_wconf 88' lang='lat' dir='ltr'><strong>erraret,</strong></span> <span class='ocrx_word' id='word_1_268' title='bbox 2982 815 3240 884; x_wconf 85' lang='lat' dir='ltr'><strong>domique</strong></span> <span class='ocrx_word' id='word_1_269' title='bbox 3269 826 3440 870; x_wconf 86' lang='lat' dir='ltr'><strong>mater</strong></span> <span class='ocrx_word' id='word_1_270' title='bbox 3465 830 3588 869; x_wconf 57' lang='lat' dir='ltr'><strong>ora.</strong></span> 
     </span>
    </p>
   </div>
   <div class='ocr_carea' id='block_1_40' title="bbox 2013 897 3592 974">
    <p class='ocr_par' dir='ltr' id='par_1_40' title="bbox 2013 897 3592 974">
     <span class='ocr_line' id='line_1_40' title="bbox 2013 897 3592 974; baseline 0.006 -22"><span class='ocrx_word' id='word_1_271' title='bbox 2013 907 2115 963; x_wconf 88' lang='lat' dir='ltr'><strong>ret,</strong></span> <span class='ocrx_word' id='word_1_272' title='bbox 2149 901 2387 974; x_wconf 85' lang='lat' dir='ltr'><strong>ejusdem</strong></span> <span class='ocrx_word' id='word_1_273' title='bbox 2425 897 2621 963; x_wconf 77' lang='lat' dir='ltr'><strong>nomen</strong></span> <span class='ocrx_word' id='word_1_274' title='bbox 2649 904 2954 972; x_wconf 83' lang='lat' dir='ltr'><strong>vociferans</strong></span> <span class='ocrx_word' id='word_1_275' title='bbox 3002 906 3214 965; x_wconf 81' lang='lat' dir='ltr'><strong>daemon</strong></span> <span class='ocrx_word' id='word_1_276' title='bbox 3260 906 3592 968; x_wconf 77' lang='lat' dir='ltr'><strong>cruciatibus</strong></span> 
     </span>
    </p>
   </div>
   <div class='ocr_carea' id='block_1_41' title="bbox 2013 987 3597 1069">
    <p class='ocr_par' dir='ltr' id='par_1_41' title="bbox 2013 987 3597 1069">
     <span class='ocr_line' id='line_1_41' title="bbox 2013 987 3597 1069; baseline 0.005 -29"><span class='ocrx_word' id='word_1_277' title='bbox 2013 987 2353 1057; x_wconf 79' lang='lat' dir='ltr'><strong>agitabatur;</strong></span> <span class='ocrx_word' id='word_1_278' title='bbox 2388 991 2502 1060; x_wconf 89' lang='lat' dir='ltr'><strong>ipsa</strong></span> <span class='ocrx_word' id='word_1_279' title='bbox 2551 1005 2678 1056; x_wconf 86' lang='lat' dir='ltr'><strong>vero</strong></span> <span class='ocrx_word' id='word_1_280' title='bbox 2709 993 2759 1048; x_wconf 89' lang='lat' dir='ltr'><strong>id</strong></span> <span class='ocrx_word' id='word_1_281' title='bbox 2805 993 3030 1049; x_wconf 87' lang='lat' dir='ltr'><strong>audiens</strong></span> <span class='ocrx_word' id='word_1_282' title='bbox 3055 991 3214 1069; x_wconf 68' lang='grc'><strong>44],</strong></span> <span class='ocrx_word' id='word_1_283' title='bbox 3252 1009 3361 1049; x_wconf 90' lang='lat' dir='ltr'><strong>non</strong></span> <span class='ocrx_word' id='word_1_284' title='bbox 3400 1010 3597 1050; x_wconf 86' lang='lat' dir='ltr'><strong>accur-</strong></span> 
     </span>
    </p>
   </div>
   <div class='ocr_carea' id='block_1_42' title="bbox 2015 1082 3596 1158">
    <p class='ocr_par' dir='ltr' id='par_1_42' title="bbox 2015 1082 3596 1158">
     <span class='ocr_line' id='line_1_42' title="bbox 2015 1082 3596 1158; baseline 0.005 -22"><span class='ocrx_word' id='word_1_285' title='bbox 2015 1084 2086 1137; x_wconf 83' lang='lat' dir='ltr'><strong>rit</strong></span> <span class='ocrx_word' id='word_1_286' title='bbox 2131 1082 2198 1137; x_wconf 90' lang='lat' dir='ltr'><strong>ad</strong></span> <span class='ocrx_word' id='word_1_287' title='bbox 2247 1099 2362 1140; x_wconf 89' lang='lat' dir='ltr'><strong>rem</strong></span> <span class='ocrx_word' id='word_1_288' title='bbox 2392 1083 2693 1151; x_wconf 79' lang='lat' dir='ltr'><strong>visendam,</strong></span> <span class='ocrx_word' id='word_1_289' title='bbox 2739 1102 2976 1158; x_wconf 79' lang='lat' dir='ltr'><strong>pugnam</strong></span> <span class='ocrx_word' id='word_1_290' title='bbox 3034 1097 3242 1143; x_wconf 70' lang='lat' dir='ltr'><strong>natura:</strong></span> <span class='ocrx_word' id='word_1_291' title='bbox 3289 1091 3596 1146; x_wconf 84' lang='lat' dir='ltr'><strong>humilitate</strong></span> 
     </span>
    </p>
   </div>
   <div class='ocr_carea' id='block_1_43' title="bbox 2015 1176 3594 1244">
    <p class='ocr_par' dir='ltr' id='par_1_43' title="bbox 2015 1176 3594 1244">
     <span class='ocr_line' id='line_1_43' title="bbox 2015 1176 3594 1244; baseline 0.003 -12"><span class='ocrx_word' id='word_1_292' title='bbox 2015 1176 2348 1244; x_wconf 87' lang='lat' dir='ltr'><strong>devinciens,</strong></span> <span class='ocrx_word' id='word_1_293' title='bbox 2383 1188 2554 1236; x_wconf 85' lang='lat' dir='ltr'><strong>tracta</strong></span> <span class='ocrx_word' id='word_1_294' title='bbox 2577 1197 2709 1237; x_wconf 86' lang='lat' dir='ltr'><strong>vero</strong></span> <span class='ocrx_word' id='word_1_295' title='bbox 2742 1184 2808 1236; x_wconf 92' lang='lat' dir='ltr'><strong>ab</strong></span> <span class='ocrx_word' id='word_1_296' title='bbox 2830 1182 2954 1237; x_wconf 89' lang='lat' dir='ltr'><strong>aliis</strong></span> <span class='ocrx_word' id='word_1_297' title='bbox 2982 1181 3153 1237; x_wconf 88' lang='lat' dir='ltr'><strong>invito</strong></span> <span class='ocrx_word' id='word_1_298' title='bbox 3181 1182 3594 1244; x_wconf 84' lang='lat' dir='ltr'><strong>abducebatur;</strong></span> 
     </span>
    </p>
   </div>
   <div class='ocr_carea' id='block_1_44' title="bbox 2015 1269 3595 1347">
    <p class='ocr_par' dir='ltr' id='par_1_44' title="bbox 2015 1269 3595 1347">
     <span class='ocr_line' id='line_1_44' title="bbox 2015 1269 3595 1347; baseline 0.003 -23"><span class='ocrx_word' id='word_1_299' title='bbox 2015 1278 2072 1324; x_wconf 89' lang='lat' dir='ltr'><strong>at</strong></span> <span class='ocrx_word' id='word_1_300' title='bbox 2110 1269 2218 1325; x_wconf 94' lang='lat' dir='ltr'><strong>illic</strong></span> <span class='ocrx_word' id='word_1_301' title='bbox 2247 1270 2460 1328; x_wconf 68' lang='lat' dir='ltr'><strong>daemon</strong></span> <span class='ocrx_word' id='word_1_302' title='bbox 2509 1271 2807 1328; x_wconf 88' lang='lat' dir='ltr'><strong>furibundo</strong></span> <span class='ocrx_word' id='word_1_303' title='bbox 2856 1274 3058 1343; x_wconf 89' lang='lat' dir='ltr'><strong>impetu</strong></span> <span class='ocrx_word' id='word_1_304' title='bbox 3100 1275 3385 1347; x_wconf 82' lang='lat' dir='ltr'><strong>agebatur,</strong></span> <span class='ocrx_word' id='word_1_305' title='bbox 3419 1285 3479 1330; x_wconf 91' lang='lat' dir='ltr'><strong>ut</strong></span> <span class='ocrx_word' id='word_1_306' title='bbox 3509 1275 3595 1330; x_wconf 57' lang='lat' dir='ltr'><strong>fu,</strong></span> 
     </span>
    </p>
   </div>
   <div class='ocr_carea' id='block_1_45' title="bbox 2015 1364 3599 1440">
    <p class='ocr_par' dir='ltr' id='par_1_45' title="bbox 2015 1364 3599 1440">
     <span class='ocr_line' id='line_1_45' title="bbox 2015 1364 3599 1440; baseline 0.005 -23"><span class='ocrx_word' id='word_1_307' title='bbox 2015 1378 2137 1434; x_wconf 79' lang='lat' dir='ltr'><strong>gam</strong></span> <span class='ocrx_word' id='word_1_308' title='bbox 2185 1364 2470 1434; x_wconf 88' lang='lat' dir='ltr'><strong>arriperet.</strong></span> <span class='ocrx_word' id='word_1_309' title='bbox 2529 1366 2620 1421; x_wconf 90' lang='lat' dir='ltr'><strong>llla</strong></span> <span class='ocrx_word' id='word_1_310' title='bbox 2669 1367 2833 1438; x_wconf 93' lang='lat' dir='ltr'><strong>igitur</strong></span> <span class='ocrx_word' id='word_1_311' title='bbox 2882 1367 3185 1435; x_wconf 85' lang='lat' dir='ltr'><strong>insistens,</strong></span> <span class='ocrx_word' id='word_1_312' title='bbox 3229 1372 3599 1440; x_wconf 82' lang='lat' dir='ltr'><strong>lacrytnisque</strong></span> 
     </span>
    </p>
   </div>
   <div class='ocr_carea' id='block_1_46' title="bbox 2017 1454 3598 1532">
    <p class='ocr_par' dir='ltr' id='par_1_46' title="bbox 2017 1454 3598 1532">
     <span class='ocr_line' id='line_1_46' title="bbox 2017 1454 3598 1532; baseline 0.007 -24"><span class='ocrx_word' id='word_1_313' title='bbox 2017 1454 2187 1509; x_wconf 85' lang='lat' dir='ltr'><strong>filium</strong></span> <span class='ocrx_word' id='word_1_314' title='bbox 2221 1455 2690 1522; x_wconf 90' lang='lat' dir='ltr'><strong>circumfundens,</strong></span> <span class='ocrx_word' id='word_1_315' title='bbox 2733 1459 3030 1530; x_wconf 80' lang='lat' dir='ltr'><strong>gratiarum</strong></span> <span class='ocrx_word' id='word_1_316' title='bbox 3077 1461 3368 1532; x_wconf 86' lang='lat' dir='ltr'><strong>actionem,</strong></span> <span class='ocrx_word' id='word_1_317' title='bbox 3410 1471 3466 1518; x_wconf 91' lang='lat' dir='ltr'><strong>et</strong></span> <span class='ocrx_word' id='word_1_318' title='bbox 3494 1463 3598 1527; x_wconf 78' lang='lat' dir='ltr'><strong>ltu-</strong></span> 
     </span>
    </p>
   </div>
   <div class='ocr_carea' id='block_1_47' title="bbox 2019 1546 3595 1624">
    <p class='ocr_par' dir='ltr' id='par_1_47' title="bbox 2019 1546 3595 1624">
     <span class='ocr_line' id='line_1_47' title="bbox 2019 1546 3595 1624; baseline 0.005 -25"><span class='ocrx_word' id='word_1_319' title='bbox 2019 1546 2376 1604; x_wconf 87' lang='lat' dir='ltr'><strong>miliationem</strong></span> <span class='ocrx_word' id='word_1_320' title='bbox 2431 1549 2695 1604; x_wconf 88' lang='lat' dir='ltr'><strong>adversus</strong></span> <span class='ocrx_word' id='word_1_321' title='bbox 2741 1550 3044 1606; x_wconf 80' lang='lat' dir='ltr'><strong>daemonem</strong></span> <span class='ocrx_word' id='word_1_322' title='bbox 3104 1552 3418 1624; x_wconf 77' lang='lat' dir='ltr'><strong>objiciebat.</strong></span> <span class='ocrx_word' id='word_1_323' title='bbox 3458 1553 3595 1614; x_wconf 86' lang='lat' dir='ltr'><strong>Cum</strong></span> 
     </span>
    </p>
   </div>
   <div class='ocr_carea' id='block_1_48' title="bbox 2019 1639 3602 1716">
    <p class='ocr_par' dir='ltr' id='par_1_48' title="bbox 2019 1639 3602 1716">
     <span class='ocr_line' id='line_1_48' title="bbox 2019 1639 3602 1716; baseline 0.006 -26"><span class='ocrx_word' id='word_1_324' title='bbox 2019 1645 2200 1692; x_wconf 88' lang='lat' dir='ltr'><strong>autem</strong></span> <span class='ocrx_word' id='word_1_325' title='bbox 2231 1653 2417 1702; x_wconf 79' lang='lat' dir='ltr'><strong>amare</strong></span> <span class='ocrx_word' id='word_1_326' title='bbox 2438 1639 2786 1708; x_wconf 84' lang='lat' dir='ltr'><strong>ejulasset,et</strong></span> <span class='ocrx_word' id='word_1_327' title='bbox 2807 1640 3084 1702; x_wconf 85' lang='lat' dir='ltr'><strong>Christum</strong></span> <span class='ocrx_word' id='word_1_328' title='bbox 3119 1643 3344 1716; x_wconf 74' lang='lat' dir='ltr'><strong>supplex</strong></span> <span class='ocrx_word' id='word_1_329' title='bbox 3376 1660 3602 1701; x_wconf 82' lang='lat' dir='ltr'><strong>exoras-</strong></span> 
     </span>
    </p>
   </div>
   <div class='ocr_carea' id='block_1_49' title="bbox 2018 1727 3598 1806">
    <p class='ocr_par' dir='ltr' id='par_1_49' title="bbox 2018 1727 3598 1806">
     <span class='ocr_line' id='line_1_49' title="bbox 2018 1727 3598 1806; baseline 0.006 -26"><span class='ocrx_word' id='word_1_330' title='bbox 2018 1735 2120 1790; x_wconf 88' lang='lat' dir='ltr'><strong>set,</strong></span> <span class='ocrx_word' id='word_1_331' title='bbox 2171 1739 2500 1799; x_wconf 88' lang='lat' dir='ltr'><strong>crucemque</strong></span> <span class='ocrx_word' id='word_1_332' title='bbox 2559 1727 2938 1794; x_wconf 80' lang='lat' dir='ltr'><strong>efformasset,</strong></span> <span class='ocrx_word' id='word_1_333' title='bbox 2989 1740 3116 1787; x_wconf 88' lang='lat' dir='ltr'><strong>ante</strong></span> <span class='ocrx_word' id='word_1_334' title='bbox 3152 1734 3320 1789; x_wconf 88' lang='lat' dir='ltr'><strong>multa</strong></span> <span class='ocrx_word' id='word_1_335' title='bbox 3365 1733 3598 1806; x_wconf 82' lang='lat' dir='ltr'><strong>ﬂagella,</strong></span> 
     </span>
    </p>
   </div>
   <div class='ocr_carea' id='block_1_50' title="bbox 2019 1815 3603 1892">
    <p class='ocr_par' dir='ltr' id='par_1_50' title="bbox 2019 1815 3603 1892">
     <span class='ocr_line' id='line_1_50' title="bbox 2019 1815 3603 1892; baseline 0.004 -22"><span class='ocrx_word' id='word_1_336' title='bbox 2019 1815 2251 1872; x_wconf 84' lang='lat' dir='ltr'><strong>celerius</strong></span> <span class='ocrx_word' id='word_1_337' title='bbox 2305 1833 2334 1870; x_wconf 88' lang='lat' dir='ltr'><strong>a</strong></span> <span class='ocrx_word' id='word_1_338' title='bbox 2365 1834 2538 1888; x_wconf 82' lang='lat' dir='ltr'><strong>puero</strong></span> <span class='ocrx_word' id='word_1_339' title='bbox 2598 1820 2810 1875; x_wconf 60' lang='lat' dir='ltr'><strong>daemon</strong></span> <span class='ocrx_word' id='word_1_340' title='bbox 2867 1822 3099 1892; x_wconf 79' lang='lat' dir='ltr'><strong>aufugit.</strong></span> <span class='ocrx_word' id='word_1_341' title='bbox 3141 1823 3306 1881; x_wconf 82' lang='lat' dir='ltr'><strong>Valde</strong></span> <span class='ocrx_word' id='word_1_342' title='bbox 3358 1825 3603 1888; x_wconf 80' lang='lat' dir='ltr'><strong>invident</strong></span> 
     </span>
    </p>
   </div>
   <div class='ocr_carea' id='block_1_51' title="bbox 2019 1907 3600 1986">
    <p class='ocr_par' dir='ltr' id='par_1_51' title="bbox 2019 1907 3600 1986">
     <span class='ocr_line' id='line_1_51' title="bbox 2019 1907 3600 1986; baseline 0.007 -23"><span class='ocrx_word' id='word_1_343' title='bbox 2019 1907 2294 1966; x_wconf 64' lang='lat' dir='ltr'><strong>daamones</strong></span> <span class='ocrx_word' id='word_1_344' title='bbox 2325 1910 2409 1977; x_wconf 92' lang='lat' dir='ltr'><strong>iis,</strong></span> <span class='ocrx_word' id='word_1_345' title='bbox 2450 1913 2546 1983; x_wconf 88' lang='lat' dir='ltr'><strong>qni</strong></span> <span class='ocrx_word' id='word_1_346' title='bbox 2582 1913 2635 1968; x_wconf 81' lang='lat' dir='ltr'><strong>in</strong></span> <span class='ocrx_word' id='word_1_347' title='bbox 2679 1914 2854 1970; x_wconf 85' lang='lat' dir='ltr'><strong>Patris</strong></span> <span class='ocrx_word' id='word_1_348' title='bbox 2904 1915 3244 1986; x_wconf 78' lang='lat' dir='ltr'><strong>subjectione</strong></span> <span class='ocrx_word' id='word_1_349' title='bbox 3283 1931 3600 1985; x_wconf 83' lang='lat' dir='ltr'><strong>coruscant,</strong></span> 
     </span>
    </p>
   </div>
   <div class='ocr_carea' id='block_1_52' title="bbox 2017 2002 3600 2082">
    <p class='ocr_par' dir='ltr' id='par_1_52' title="bbox 2017 2002 3600 2082">
     <span class='ocr_line' id='line_1_52' title="bbox 2017 2002 3600 2082; baseline 0.007 -27"><span class='ocrx_word' id='word_1_350' title='bbox 2017 2009 2074 2056; x_wconf 89' lang='lat' dir='ltr'><strong>et</strong></span> <span class='ocrx_word' id='word_1_351' title='bbox 2111 2002 2374 2058; x_wconf 80' lang='lat' dir='ltr'><strong>adversus</strong></span> <span class='ocrx_word' id='word_1_352' title='bbox 2403 2019 2498 2060; x_wconf 88' lang='lat' dir='ltr'><strong>eos</strong></span> <span class='ocrx_word' id='word_1_353' title='bbox 2548 2005 2842 2062; x_wconf 87' lang='lat' dir='ltr'><strong>stridentes</strong></span> <span class='ocrx_word' id='word_1_354' title='bbox 2879 2008 3134 2064; x_wconf 90' lang='lat' dir='ltr'><strong>dentibus</strong></span> <span class='ocrx_word' id='word_1_355' title='bbox 3180 2008 3438 2075; x_wconf 81' lang='lat' dir='ltr'><strong>fremunt,</strong></span> <span class='ocrx_word' id='word_1_356' title='bbox 3474 2013 3600 2082; x_wconf 87' lang='lat' dir='ltr'><strong>quia</strong></span> 
     </span>
    </p>
   </div>
   <div class='ocr_carea' id='block_1_53' title="bbox 2020 2091 3598 2169">
    <p class='ocr_par' dir='ltr' id='par_1_53' title="bbox 2020 2091 3598 2169">
     <span class='ocr_line' id='line_1_53' title="bbox 2020 2091 3598 2169; baseline 0.008 -24"><span class='ocrx_word' id='word_1_357' title='bbox 2020 2091 2074 2145; x_wconf 92' lang='lat' dir='ltr'><strong>in</strong></span> <span class='ocrx_word' id='word_1_358' title='bbox 2129 2093 2468 2162; x_wconf 69' lang='lat' dir='ltr'><strong>sulijectione</strong></span> <span class='ocrx_word' id='word_1_359' title='bbox 2525 2096 2642 2151; x_wconf 87' lang='lat' dir='ltr'><strong>sine</strong></span> <span class='ocrx_word' id='word_1_360' title='bbox 2687 2113 2836 2162; x_wconf 89' lang='lat' dir='ltr'><strong>cura,</strong></span> <span class='ocrx_word' id='word_1_361' title='bbox 2898 2099 3084 2154; x_wconf 91' lang='lat' dir='ltr'><strong>mundi</strong></span> <span class='ocrx_word' id='word_1_362' title='bbox 3137 2101 3598 2169; x_wconf 81' lang='lat' dir='ltr'><strong>renuntiationem</strong></span> 
     </span>
    </p>
   </div>
   <div class='ocr_carea' id='block_1_54' title="bbox 2023 2181 3602 2266">
    <p class='ocr_par' dir='ltr' id='par_1_54' title="bbox 2023 2181 3602 2266">
     <span class='ocr_line' id='line_1_54' title="bbox 2023 2181 3602 2266; baseline 0.008 -29"><span class='ocrx_word' id='word_1_363' title='bbox 2023 2181 2461 2251; x_wconf 78' lang='lat' dir='ltr'><strong>conjunxerunt,</strong></span> <span class='ocrx_word' id='word_1_364' title='bbox 2499 2192 2691 2241; x_wconf 90' lang='lat' dir='ltr'><strong>contra</strong></span> <span class='ocrx_word' id='word_1_365' title='bbox 2744 2202 2882 2258; x_wconf 91' lang='lat' dir='ltr'><strong>quos</strong></span> <span class='ocrx_word' id='word_1_366' title='bbox 2913 2199 3171 2254; x_wconf 83' lang='lat' dir='ltr'><strong>accurate</strong></span> <span class='ocrx_word' id='word_1_367' title='bbox 3230 2192 3602 2266; x_wconf 78' lang='lat' dir='ltr'><strong>disquirentes</strong></span> 
     </span>
    </p>
   </div>
   <div class='ocr_carea' id='block_1_55' title="bbox 2021 2275 3601 2357">
    <p class='ocr_par' dir='ltr' id='par_1_55' title="bbox 2021 2275 3601 2357">
     <span class='ocr_line' id='line_1_55' title="bbox 2021 2275 3601 2357; baseline 0.011 -32"><span class='ocrx_word' id='word_1_368' title='bbox 2021 2282 2354 2340; x_wconf 66' lang='lat' dir='ltr'><strong>prmtextus,</strong></span> <span class='ocrx_word' id='word_1_369' title='bbox 2407 2275 2740 2333; x_wconf 85' lang='lat' dir='ltr'><strong>irritationes</strong></span> <span class='ocrx_word' id='word_1_370' title='bbox 2783 2290 3069 2350; x_wconf 86' lang='lat' dir='ltr'><strong>apparant,</strong></span> <span class='ocrx_word' id='word_1_371' title='bbox 3122 2291 3196 2350; x_wconf 86' lang='lat' dir='ltr'><strong>et,</strong></span> <span class='ocrx_word' id='word_1_372' title='bbox 3254 2287 3601 2357; x_wconf 72' lang='lat' dir='ltr'><strong>contingente</strong></span> 
     </span>
    </p>
   </div>
   <div class='ocr_carea' id='block_1_56' title="bbox 2022 2365 3602 2447">
    <p class='ocr_par' dir='ltr' id='par_1_56' title="bbox 2022 2365 3602 2447">
     <span class='ocr_line' id='line_1_56' title="bbox 2022 2365 3602 2447; baseline 0.008 -28"><span class='ocrx_word' id='word_1_373' title='bbox 2022 2365 2191 2420; x_wconf 89' lang='lat' dir='ltr'><strong>animi</strong></span> <span class='ocrx_word' id='word_1_374' title='bbox 2246 2368 2624 2438; x_wconf 87' lang='lat' dir='ltr'><strong>succensione,</strong></span> <span class='ocrx_word' id='word_1_375' title='bbox 2673 2369 2814 2426; x_wconf 85' lang='lat' dir='ltr'><strong>iram</strong></span> <span class='ocrx_word' id='word_1_376' title='bbox 2869 2371 3206 2447; x_wconf 85' lang='lat' dir='ltr'><strong>insculpunt,</strong></span> <span class='ocrx_word' id='word_1_377' title='bbox 3249 2385 3438 2447; x_wconf 86' lang='lat' dir='ltr'><strong>postea</strong></span> <span class='ocrx_word' id='word_1_378' title='bbox 3471 2394 3602 2434; x_wconf 88' lang='lat' dir='ltr'><strong>vero</strong></span> 
     </span>
    </p>
   </div>
   <div class='ocr_carea' id='block_1_57' title="bbox 2020 2458 3602 2545">
    <p class='ocr_par' dir='ltr' id='par_1_57' title="bbox 2020 2458 3602 2545">
     <span class='ocr_line' id='line_1_57' title="bbox 2020 2458 3602 2545; baseline 0.01 -32"><span class='ocrx_word' id='word_1_379' title='bbox 2020 2467 2074 2513; x_wconf 91' lang='lat' dir='ltr'><strong>et</strong></span> <span class='ocrx_word' id='word_1_380' title='bbox 2103 2458 2287 2514; x_wconf 90' lang='lat' dir='ltr'><strong>odium</strong></span> <span class='ocrx_word' id='word_1_381' title='bbox 2333 2460 2387 2514; x_wconf 93' lang='lat' dir='ltr'><strong>in</strong></span> <span class='ocrx_word' id='word_1_382' title='bbox 2424 2459 2638 2518; x_wconf 74' lang='lat' dir='ltr'><strong>Patrem</strong></span> <span class='ocrx_word' id='word_1_383' title='bbox 2690 2464 2952 2535; x_wconf 83' lang='lat' dir='ltr'><strong>paulatim</strong></span> <span class='ocrx_word' id='word_1_384' title='bbox 2982 2479 3242 2545; x_wconf 85' lang='lat' dir='ltr'><strong>coquunt,</strong></span> <span class='ocrx_word' id='word_1_385' title='bbox 3284 2471 3506 2542; x_wconf 89' lang='lat' dir='ltr'><strong>perinde</strong></span> <span class='ocrx_word' id='word_1_386' title='bbox 3536 2489 3602 2529; x_wconf 84' lang='lat' dir='ltr'><strong>ac</strong></span> 
     </span>
    </p>
   </div>
   <div class='ocr_carea' id='block_1_58' title="bbox 2026 2549 3603 2627">
    <p class='ocr_par' dir='ltr' id='par_1_58' title="bbox 2026 2549 3603 2627">
     <span class='ocr_line' id='line_1_58' title="bbox 2026 2549 3603 2627; baseline 0.01 -24"><span class='ocrx_word' id='word_1_387' title='bbox 2026 2549 2226 2620; x_wconf 87' lang='lat' dir='ltr'><strong>injuste</strong></span> <span class='ocrx_word' id='word_1_388' title='bbox 2269 2552 2520 2612; x_wconf 74' lang='lat' dir='ltr'><strong>videlicet</strong></span> <span class='ocrx_word' id='word_1_389' title='bbox 2573 2554 2923 2627; x_wconf 81' lang='lat' dir='ltr'><strong>afﬂigentem,</strong></span> <span class='ocrx_word' id='word_1_390' title='bbox 2959 2568 3013 2614; x_wconf 90' lang='lat' dir='ltr'><strong>et</strong></span> <span class='ocrx_word' id='word_1_391' title='bbox 3059 2559 3130 2615; x_wconf 91' lang='lat' dir='ltr'><strong>ob</strong></span> <span class='ocrx_word' id='word_1_392' title='bbox 3160 2575 3222 2617; x_wconf 91' lang='lat' dir='ltr'><strong>os</strong></span> <span class='ocrx_word' id='word_1_393' title='bbox 3264 2562 3603 2619; x_wconf 84' lang='lat' dir='ltr'><strong>animadver-</strong></span> 
     </span>
    </p>
   </div>
   <div class='ocr_carea' id='block_1_59' title="bbox 2021 2645 3600 2724">
    <p class='ocr_par' dir='ltr' id='par_1_59' title="bbox 2021 2645 3600 2724">
     <span class='ocr_line' id='line_1_59' title="bbox 2021 2645 3600 2724; baseline 0.01 -28"><span class='ocrx_word' id='word_1_394' title='bbox 2021 2650 2245 2712; x_wconf 84' lang='lat' dir='ltr'><strong>tentem,</strong></span> <span class='ocrx_word' id='word_1_395' title='bbox 2279 2654 2359 2713; x_wconf 93' lang='lat' dir='ltr'><strong>ut,</strong></span> <span class='ocrx_word' id='word_1_396' title='bbox 2384 2645 2615 2702; x_wconf 84' lang='lat' dir='ltr'><strong>diversis</strong></span> <span class='ocrx_word' id='word_1_397' title='bbox 2637 2651 2814 2708; x_wconf 86' lang='lat' dir='ltr'><strong>modis</strong></span> <span class='ocrx_word' id='word_1_398' title='bbox 2842 2648 3079 2706; x_wconf 87' lang='lat' dir='ltr'><strong>animam</strong></span> <span class='ocrx_word' id='word_1_399' title='bbox 3102 2654 3600 2724; x_wconf 84' lang='lat' dir='ltr'><strong>circumcutientes,</strong></span> 
     </span>
    </p>
   </div>
   <div class='ocr_carea' id='block_1_60' title="bbox 2022 2736 3606 2819">
    <p class='ocr_par' dir='ltr' id='par_1_60' title="bbox 2022 2736 3606 2819">
     <span class='ocr_line' id='line_1_60' title="bbox 2022 2736 3606 2819; baseline 0.013 -31"><span class='ocrx_word' id='word_1_400' title='bbox 2022 2749 2085 2788; x_wconf 82' lang='lat' dir='ltr'><strong>ex</strong></span> <span class='ocrx_word' id='word_1_401' title='bbox 2137 2736 2280 2793; x_wconf 90' lang='lat' dir='ltr'><strong>ulnis</strong></span> <span class='ocrx_word' id='word_1_402' title='bbox 2340 2740 2580 2814; x_wconf 80' lang='lat' dir='ltr'><strong>paternis</strong></span> <span class='ocrx_word' id='word_1_403' title='bbox 2620 2742 2954 2814; x_wconf 83' lang='lat' dir='ltr'><strong>dispergant.</strong></span> <span class='ocrx_word' id='word_1_404' title='bbox 3018 2744 3119 2812; x_wconf 79' lang='lat' dir='ltr'><strong>Qui</strong></span> <span class='ocrx_word' id='word_1_405' title='bbox 3159 2763 3290 2818; x_wconf 84' lang='lat' dir='ltr'><strong>ergo</strong></span> <span class='ocrx_word' id='word_1_406' title='bbox 3329 2747 3384 2802; x_wconf 91' lang='lat' dir='ltr'><strong>in</strong></span> <span class='ocrx_word' id='word_1_407' title='bbox 3423 2751 3606 2819; x_wconf 65' lang='lat' dir='ltr'><strong>subjeo</strong></span> 
     </span>
    </p>
   </div>
   <div class='ocr_carea' id='block_1_61' title="bbox 2024 2827 3606 2904">
    <p class='ocr_par' dir='ltr' id='par_1_61' title="bbox 2024 2827 3606 2904">
     <span class='ocr_line' id='line_1_61' title="bbox 2024 2827 3606 2904; baseline 0.01 -23"><span class='ocrx_word' id='word_1_408' title='bbox 2024 2827 2202 2882; x_wconf 93' lang='lat' dir='ltr'><strong>ctione</strong></span> <span class='ocrx_word' id='word_1_409' title='bbox 2221 2828 2400 2887; x_wconf 86' lang='lat' dir='ltr'><strong>Patris</strong></span> <span class='ocrx_word' id='word_1_410' title='bbox 2427 2841 2538 2902; x_wconf 88' lang='lat' dir='ltr'><strong>est,</strong></span> <span class='ocrx_word' id='word_1_411' title='bbox 2569 2836 2914 2892; x_wconf 89' lang='lat' dir='ltr'><strong>contumeliis</strong></span> <span class='ocrx_word' id='word_1_412' title='bbox 2941 2837 3115 2901; x_wconf 83' lang='lat' dir='ltr'><strong>cedat,</strong></span> <span class='ocrx_word' id='word_1_413' title='bbox 3149 2849 3204 2894; x_wconf 90' lang='lat' dir='ltr'><strong>et</strong></span> <span class='ocrx_word' id='word_1_414' title='bbox 3230 2841 3606 2904; x_wconf 78' lang='lat' dir='ltr'><strong>humiliations</strong></span> 
     </span>
    </p>
   </div>
   <div class='ocr_carea' id='block_1_62' title="bbox 342 2919 1922 3002">
    <p class='ocr_par' dir='ltr' id='par_1_62' title="bbox 342 2924 1922 2996">
     <span class='ocr_line' id='line_1_62' title="bbox 342 2924 1922 2996; baseline 0.001 -19"><span class='ocrx_word' id='word_1_415' title='bbox 342 2925 422 2996; x_wconf 80' lang='grc' dir='ltr'>μὴ</span> <span class='ocrx_word' id='word_1_416' title='bbox 455 2925 564 2977; x_wconf 85' lang='grc' dir='ltr'>τῶν</span> <span class='ocrx_word' id='word_1_417' title='bbox 610 2925 890 2996; x_wconf 86' lang='grc' dir='ltr'>λογισμῶν</span> <span class='ocrx_word' id='word_1_418' title='bbox 930 2924 1419 2994; x_wconf 61' lang='grc' dir='ltr'>ὑπογογγυζόδτων</span> <span class='ocrx_word' id='word_1_419' title='bbox 1475 2926 1755 2995; x_wconf 78' lang='grc' dir='ltr'>ἀνεγέσθω</span> <span class='ocrx_word' id='word_1_420' title='bbox 1790 2925 1922 2995; x_wconf 73' lang='grc' dir='ltr'>πρὸς</span> 
     </span>
    </p>
   </div>
   <div class='ocr_carea' id='block_1_63' title="bbox 2028 2919 3605 3002">
    <p class='ocr_par' dir='ltr' id='par_1_63' title="bbox 2032 2919 3605 3001">
     <span class='ocr_line' id='line_1_63' title="bbox 2032 2919 3605 3001; baseline 0.014 -28"><span class='ocrx_word' id='word_1_421' title='bbox 2032 2919 2232 2988; x_wconf 79' lang='lat' dir='ltr'><strong>vincat,</strong></span> <span class='ocrx_word' id='word_1_422' title='bbox 2274 2933 2328 2979; x_wconf 85' lang='lat' dir='ltr'><strong>et</strong></span> <span class='ocrx_word' id='word_1_423' title='bbox 2369 2922 2779 2995; x_wconf 81' lang='lat' dir='ltr'><strong>longanimitate</strong></span> <span class='ocrx_word' id='word_1_424' title='bbox 2821 2938 3176 3001; x_wconf 88' lang='lat' dir='ltr'><strong>temperetur,</strong></span> <span class='ocrx_word' id='word_1_425' title='bbox 3219 2949 3320 2990; x_wconf 89' lang='lat' dir='ltr'><strong>nec</strong></span> <span class='ocrx_word' id='word_1_426' title='bbox 3353 2936 3605 2996; x_wconf 68' lang='lat' dir='ltr'><strong>submurv</strong></span> 
     </span>
    </p>
   </div>
   <div class='ocr_carea' id='block_1_64' title="bbox 295 3016 1579 3092">
    <p class='ocr_par' dir='ltr' id='par_1_64' title="bbox 295 3016 1579 3092">
     <span class='ocr_line' id='line_1_64' title="bbox 295 3016 1579 3092; baseline -0.005 -18"><span class='ocrx_word' id='word_1_427' title='bbox 295 3065 306 3074; x_wconf 93' lang='lat'><strong>.</strong></span> <span class='ocrx_word' id='word_1_428' title='bbox 343 3019 749 3090; x_wconf 75' lang='grc' dir='ltr'>αὐστηρότητα,</span> <span class='ocrx_word' id='word_1_429' title='bbox 796 3017 894 3072; x_wconf 73' lang='grc' dir='ltr'>καὶ</span> <span class='ocrx_word' id='word_1_430' title='bbox 952 3016 1200 3088; x_wconf 83' lang='grc' dir='ltr'>ἀδελφῶν</span> <span class='ocrx_word' id='word_1_431' title='bbox 1242 3017 1579 3092; x_wconf 85' lang='grc' dir='ltr'>Θρασὺτητα.</span> 
     </span>
    </p>
   </div>
   <div class='ocr_carea' id='block_1_65' title="bbox 910 3262 1342 3320">
    <p class='ocr_par' dir='ltr' id='par_1_65' title="bbox 910 3262 1342 3320">
     <span class='ocr_line' id='line_1_65' title="bbox 910 3262 1342 3320; baseline 0 -1"><span class='ocrx_word' id='word_1_432' title='bbox 910 3265 1162 3320; x_wconf 75' lang='grc' dir='ltr'><strong>ΚΕΦΛΛ.</strong></span> <span class='ocrx_word' id='word_1_433' title='bbox 1207 3262 1342 3319; x_wconf 80' lang='lat' dir='ltr'><strong>KH&#39;.</strong></span> 
     </span>
    </p>
   </div>
   <div class='ocr_carea' id='block_1_66' title="bbox 413 3369 1926 3442">
    <p class='ocr_par' dir='ltr' id='par_1_66' title="bbox 413 3369 1926 3442">
     <span class='ocr_line' id='line_1_66' title="bbox 413 3369 1926 3442; baseline -0.006 -13"><span class='ocrx_word' id='word_1_434' title='bbox 413 3369 522 3429; x_wconf 76' lang='grc' dir='ltr'><strong>Καὶ</strong></span> <span class='ocrx_word' id='word_1_435' title='bbox 565 3373 646 3426; x_wconf 81' lang='grc' dir='ltr'><strong>δτι</strong></span> <span class='ocrx_word' id='word_1_436' title='bbox 699 3371 980 3442; x_wconf 77' lang='grc' dir='ltr'>μοχθηρᾶς</span> <span class='ocrx_word' id='word_1_437' title='bbox 1023 3371 1267 3435; x_wconf 80' lang='grc' dir='ltr'>δουλείας</span> <span class='ocrx_word' id='word_1_438' title='bbox 1295 3373 1328 3442; x_wconf 74' lang='grc' dir='ltr'>ἡ</span> <span class='ocrx_word' id='word_1_439' title='bbox 1359 3369 1642 3441; x_wconf 78' lang='grc' dir='ltr'>ἐλευθερία</span> <span class='ocrx_word' id='word_1_440' title='bbox 1683 3370 1926 3436; x_wconf 79' lang='grc' dir='ltr'>ίσὸςυγος</span> 
     </span>
    </p>
   </div>
   <div class='ocr_carea' id='block_1_67' title="bbox 343 3461 1927 3534">
    <p class='ocr_par' dir='ltr' id='par_1_67' title="bbox 343 3461 1927 3534">
     <span class='ocr_line' id='line_1_67' title="bbox 343 3461 1927 3534; baseline -0.004 -15"><span class='ocrx_word' id='word_1_441' title='bbox 343 3466 406 3519; x_wconf 74' lang='grc' dir='ltr'>οὑ</span> <span class='ocrx_word' id='word_1_442' title='bbox 437 3464 735 3534; x_wconf 88' lang='grc' dir='ltr'>τυγχάνει,</span> <span class='ocrx_word' id='word_1_443' title='bbox 778 3462 1120 3515; x_wconf 67' lang='grc' dir='ltr'>εἰσϐάλλουσι</span> <span class='ocrx_word' id='word_1_444' title='bbox 1150 3462 1259 3532; x_wconf 84' lang='grc' dir='ltr'>γὰρ</span> <span class='ocrx_word' id='word_1_445' title='bbox 1289 3461 1557 3532; x_wconf 83' lang='grc' dir='ltr'>μάλιστα,</span> <span class='ocrx_word' id='word_1_446' title='bbox 1605 3462 1698 3516; x_wconf 80' lang='grc' dir='ltr'>καὶ</span> <span class='ocrx_word' id='word_1_447' title='bbox 1732 3479 1927 3532; x_wconf 81' lang='grc' dir='ltr'>περαιο</span> 
     </span>
    </p>
   </div>
   <div class='ocr_carea' id='block_1_68' title="bbox 343 3552 1926 3628">
    <p class='ocr_par' dir='ltr' id='par_1_68' title="bbox 343 3552 1926 3628">
     <span class='ocr_line' id='line_1_68' title="bbox 343 3552 1926 3628; baseline -0.004 -17"><span class='ocrx_word' id='word_1_448' title='bbox 343 3559 486 3628; x_wconf 81' lang='grc' dir='ltr'>τέρω</span> <span class='ocrx_word' id='word_1_449' title='bbox 511 3557 736 3618; x_wconf 78' lang='grc' dir='ltr'>τούτων,</span> <span class='ocrx_word' id='word_1_450' title='bbox 763 3553 851 3606; x_wconf 85' lang='grc' dir='ltr'>ἵνα</span> <span class='ocrx_word' id='word_1_451' title='bbox 870 3555 1078 3623; x_wconf 74' lang='grc' dir='ltr'>αὐθάδη</span> <span class='ocrx_word' id='word_1_452' title='bbox 1108 3555 1200 3606; x_wconf 73' lang='grc' dir='ltr'>τὸν</span> <span class='ocrx_word' id='word_1_453' title='bbox 1227 3552 1548 3616; x_wconf 82' lang='grc' dir='ltr'>ὑπεξούσιον</span> <span class='ocrx_word' id='word_1_454' title='bbox 1579 3553 1926 3622; x_wconf 86' lang='grc' dir='ltr'>ποιήσαντες,</span> 
     </span>
    </p>
   </div>
   <div class='ocr_carea' id='block_1_69' title="bbox 345 3643 1928 3718">
    <p class='ocr_par' dir='ltr' id='par_1_69' title="bbox 345 3643 1928 3718">
     <span class='ocr_line' id='line_1_69' title="bbox 345 3643 1928 3718; baseline -0.012 -12"><span class='ocrx_word' id='word_1_455' title='bbox 345 3648 590 3718; x_wconf 62' lang='grc' dir='ltr'>εὐχερῶς</span> <span class='ocrx_word' id='word_1_456' title='bbox 621 3649 698 3710; x_wconf 81' lang='grc' dir='ltr'>εἰς</span> <span class='ocrx_word' id='word_1_457' title='bbox 726 3646 826 3709; x_wconf 86' lang='grc' dir='ltr'>τὰς</span> <span class='ocrx_word' id='word_1_458' title='bbox 870 3645 1004 3709; x_wconf 79' lang='grc' dir='ltr'>ὔλας</span> <span class='ocrx_word' id='word_1_459' title='bbox 1047 3644 1446 3715; x_wconf 72' lang='grc' dir='ltr'>περιπείρωσιο</span> <span class='ocrx_word' id='word_1_460' title='bbox 1502 3643 1628 3706; x_wconf 80' lang='grc' dir='ltr'>τοὺς</span> <span class='ocrx_word' id='word_1_461' title='bbox 1677 3643 1774 3713; x_wconf 80' lang='grc' dir='ltr'>μὲν</span> <span class='ocrx_word' id='word_1_462' title='bbox 1821 3643 1928 3715; x_wconf 76' lang='grc' dir='ltr'><strong>γὰρ</strong></span> 
     </span>
    </p>
   </div>
   <div class='ocr_carea' id='block_1_70' title="bbox 344 3735 1928 3810">
    <p class='ocr_par' dir='ltr' id='par_1_70' title="bbox 344 3735 1928 3810">
     <span class='ocr_line' id='line_1_70' title="bbox 344 3735 1928 3810; baseline -0.003 -17"><span class='ocrx_word' id='word_1_463' title='bbox 344 3742 440 3793; x_wconf 76' lang='grc' dir='ltr'>καὶ</span> <span class='ocrx_word' id='word_1_464' title='bbox 485 3739 575 3793; x_wconf 71' lang='grc' dir='ltr'>διὰ</span> <span class='ocrx_word' id='word_1_465' title='bbox 623 3738 830 3790; x_wconf 79' lang='grc' dir='ltr'>τούτων</span> <span class='ocrx_word' id='word_1_466' title='bbox 868 3737 968 3810; x_wconf 83' lang='grc' dir='ltr'>τῆς</span> <span class='ocrx_word' id='word_1_467' title='bbox 1007 3735 1354 3806; x_wconf 85' lang='grc' dir='ltr'>πατροσὺνης</span> <span class='ocrx_word' id='word_1_468' title='bbox 1411 3737 1644 3807; x_wconf 80' lang='grc' dir='ltr'>χωρίσαι</span> <span class='ocrx_word' id='word_1_469' title='bbox 1693 3737 1928 3790; x_wconf 86' lang='grc' dir='ltr'>σπουδά-</span> 
     </span>
    </p>
   </div>
   <div class='ocr_carea' id='block_1_71' title="bbox 346 3828 1927 3902">
    <p class='ocr_par' dir='ltr' id='par_1_71' title="bbox 346 3828 1927 3902">
     <span class='ocr_line' id='line_1_71' title="bbox 346 3828 1927 3902; baseline -0.003 -18"><span class='ocrx_word' id='word_1_470' title='bbox 346 3833 502 3896; x_wconf 80' lang='grc' dir='ltr'>ζουσι</span> <span class='ocrx_word' id='word_1_471' title='bbox 529 3873 544 3897; x_wconf 97' lang='grc'><strong>,</strong></span> <span class='ocrx_word' id='word_1_472' title='bbox 582 3831 708 3894; x_wconf 69' lang='grc' dir='ltr'>τοὺς</span> <span class='ocrx_word' id='word_1_473' title='bbox 737 3831 793 3882; x_wconf 76' lang='grc' dir='ltr'>δὲ</span> <span class='ocrx_word' id='word_1_474' title='bbox 827 3831 919 3884; x_wconf 73' lang='grc' dir='ltr'><strong>καὶ</strong></span> <span class='ocrx_word' id='word_1_475' title='bbox 949 3829 1016 3883; x_wconf 82' lang='grc' dir='ltr'>δι’</span> <span class='ocrx_word' id='word_1_476' title='bbox 1047 3829 1274 3902; x_wconf 81' lang='grc' dir='ltr'>ἐτέρων.</span> <span class='ocrx_word' id='word_1_477' title='bbox 1315 3829 1588 3899; x_wconf 85' lang='grc' dir='ltr'>Ἐργασαι</span> <span class='ocrx_word' id='word_1_478' title='bbox 1616 3868 1630 3886; x_wconf 83' lang='grc'><strong>,</strong></span> <span class='ocrx_word' id='word_1_479' title='bbox 1667 3828 1762 3882; x_wconf 78' lang='grc' dir='ltr'><strong>καὶ</strong></span> <span class='ocrx_word' id='word_1_480' title='bbox 1792 3829 1927 3898; x_wconf 85' lang='grc' dir='ltr'>κτῆ-</span> 
     </span>
    </p>
   </div>
   <div class='ocr_carea' id='block_1_72' title="bbox 344 3919 1929 3992">
    <p class='ocr_par' dir='ltr' id='par_1_72' title="bbox 344 3919 1929 3992">
     <span class='ocr_line' id='line_1_72' title="bbox 344 3919 1929 3992; baseline -0.001 -16"><span class='ocrx_word' id='word_1_481' title='bbox 344 3940 459 3988; x_wconf 84' lang='grc' dir='ltr'>σαι,</span> <span class='ocrx_word' id='word_1_482' title='bbox 489 3924 583 3976; x_wconf 68' lang='grc' dir='ltr'><strong>καὶ</strong></span> <span class='ocrx_word' id='word_1_483' title='bbox 599 3923 830 3989; x_wconf 79' lang='grc' dir='ltr'>ξένισαι,</span> <span class='ocrx_word' id='word_1_484' title='bbox 861 3921 1010 3975; x_wconf 76' lang='grc' dir='ltr'>ἔνδον</span> <span class='ocrx_word' id='word_1_485' title='bbox 1035 3921 1344 3992; x_wconf 78' lang='grc' dir='ltr'>ἐπᾴδοντες,</span> <span class='ocrx_word' id='word_1_486' title='bbox 1382 3920 1529 3983; x_wconf 79' lang='grc' dir='ltr'>ὅπως</span> <span class='ocrx_word' id='word_1_487' title='bbox 1558 3919 1732 3990; x_wconf 82' lang='grc' dir='ltr'>ὄνομα</span> <span class='ocrx_word' id='word_1_488' title='bbox 1764 3920 1929 3978; x_wconf 84' lang='grc' dir='ltr'>καλὸν</span> 
     </span>
    </p>
   </div>
   <div class='ocr_carea' id='block_1_73' title="bbox 345 4011 1930 4088">
    <p class='ocr_par' dir='ltr' id='par_1_73' title="bbox 345 4011 1930 4088">
     <span class='ocr_line' id='line_1_73' title="bbox 345 4011 1930 4088; baseline -0.001 -20"><span class='ocrx_word' id='word_1_489' title='bbox 345 4018 565 4088; x_wconf 80' lang='grc' dir='ltr'>σεαυτῷ</span> <span class='ocrx_word' id='word_1_490' title='bbox 601 4016 935 4085; x_wconf 82' lang='grc' dir='ltr'>περιποιήσῃ</span> <span class='ocrx_word' id='word_1_491' title='bbox 960 4029 972 4040; x_wconf 90' lang='grc'><strong>·</strong></span> <span class='ocrx_word' id='word_1_492' title='bbox 1013 4013 1121 4066; x_wconf 82' lang='grc' dir='ltr'>ἀπὸ</span> <span class='ocrx_word' id='word_1_493' title='bbox 1155 4013 1264 4083; x_wconf 82' lang='grc' dir='ltr'><strong>γάρ</strong></span> <span class='ocrx_word' id='word_1_494' title='bbox 1305 4015 1412 4065; x_wconf 85' lang='grc' dir='ltr'>τῶν</span> <span class='ocrx_word' id='word_1_495' title='bbox 1447 4011 1609 4081; x_wconf 78' lang='grc' dir='ltr'>δῆθεν</span> <span class='ocrx_word' id='word_1_496' title='bbox 1644 4011 1825 4066; x_wconf 83' lang='grc' dir='ltr'>καλῶν</span> <span class='ocrx_word' id='word_1_497' title='bbox 1861 4013 1930 4066; x_wconf 82' lang='grc' dir='ltr'>τὰ</span> 
     </span>
    </p>
   </div>
   <div class='ocr_carea' id='block_1_74' title="bbox 342 4103 1926 4180">
    <p class='ocr_par' dir='ltr' id='par_1_74' title="bbox 342 4103 1926 4180">
     <span class='ocr_line' id='line_1_74' title="bbox 342 4103 1926 4180; baseline -0.003 -20"><span class='ocrx_word' id='word_1_498' title='bbox 342 4107 568 4172; x_wconf 77' lang='grc' dir='ltr'>ζιζάνια</span> <span class='ocrx_word' id='word_1_499' title='bbox 611 4110 712 4180; x_wconf 78' lang='grc' dir='ltr'>τῆς</span> <span class='ocrx_word' id='word_1_500' title='bbox 746 4106 1016 4176; x_wconf 83' lang='grc' dir='ltr'>πονηρίας</span> <span class='ocrx_word' id='word_1_501' title='bbox 1049 4104 1110 4158; x_wconf 81' lang='grc' dir='ltr'>τὸ</span> <span class='ocrx_word' id='word_1_502' title='bbox 1144 4105 1289 4158; x_wconf 84' lang='grc' dir='ltr'><strong>κατά</strong></span> <span class='ocrx_word' id='word_1_503' title='bbox 1339 4104 1503 4176; x_wconf 81' lang='grc' dir='ltr'>μέρος</span> <span class='ocrx_word' id='word_1_504' title='bbox 1543 4103 1926 4176; x_wconf 83' lang='grc' dir='ltr'>ἐνσπείρουσι,</span> 
     </span>
    </p>
   </div>
   <div class='ocr_carea' id='block_1_75' title="bbox 343 4195 1924 4270">
    <p class='ocr_par' dir='ltr' id='par_1_75' title="bbox 343 4195 1924 4270">
     <span class='ocr_line' id='line_1_75' title="bbox 343 4195 1924 4270; baseline -0.003 -18"><span class='ocrx_word' id='word_1_505' title='bbox 343 4197 446 4254; x_wconf 69' lang='grc' dir='ltr'>καὶ</span> <span class='ocrx_word' id='word_1_506' title='bbox 472 4197 618 4270; x_wconf 83' lang='grc' dir='ltr'><strong>παρά</strong></span> <span class='ocrx_word' id='word_1_507' title='bbox 652 4197 754 4268; x_wconf 82' lang='grc' dir='ltr'>μὲν</span> <span class='ocrx_word' id='word_1_508' title='bbox 784 4197 880 4260; x_wconf 85' lang='grc' dir='ltr'><strong>τάς</strong></span> <span class='ocrx_word' id='word_1_509' title='bbox 915 4195 1089 4267; x_wconf 84' lang='grc' dir='ltr'>ἀρχὰς</span> <span class='ocrx_word' id='word_1_510' title='bbox 1118 4197 1344 4264; x_wconf 80' lang='grc' dir='ltr'>ἀφιᾶσιν</span> <span class='ocrx_word' id='word_1_511' title='bbox 1370 4195 1532 4248; x_wconf 84' lang='grc' dir='ltr'>αὑτὸν</span> <span class='ocrx_word' id='word_1_512' title='bbox 1553 4197 1619 4266; x_wconf 82' lang='grc' dir='ltr'>τῇ</span> <span class='ocrx_word' id='word_1_513' title='bbox 1645 4195 1924 4266; x_wconf 77' lang='grc' dir='ltr'>κενοδοξία</span> 
     </span>
    </p>
   </div>
   <div class='ocr_carea' id='block_1_76' title="bbox 2034 3013 3606 3095">
    <p class='ocr_par' dir='ltr' id='par_1_76' title="bbox 2034 3013 3606 3095">
     <span class='ocr_line' id='line_1_76' title="bbox 2034 3013 3606 3095; baseline 0.012 -30"><span class='ocrx_word' id='word_1_514' title='bbox 2034 3023 2315 3069; x_wconf 87' lang='lat' dir='ltr'><strong>murantes</strong></span> <span class='ocrx_word' id='word_1_515' title='bbox 2341 3013 2697 3084; x_wconf 85' lang='lat' dir='ltr'><strong>cogitationes</strong></span> <span class='ocrx_word' id='word_1_516' title='bbox 2727 3020 2996 3086; x_wconf 86' lang='lat' dir='ltr'><strong>sustineat</strong></span> <span class='ocrx_word' id='word_1_517' title='bbox 3021 3023 3088 3078; x_wconf 86' lang='lat' dir='ltr'><strong>ad</strong></span> <span class='ocrx_word' id='word_1_518' title='bbox 3119 3026 3514 3095; x_wconf 85' lang='lat' dir='ltr'><strong>austeritatem,</strong></span> <span class='ocrx_word' id='word_1_519' title='bbox 3549 3040 3606 3094; x_wconf 75' lang='lat' dir='ltr'><strong>et</strong></span> 
     </span>
    </p>
   </div>
   <div class='ocr_carea' id='block_1_77' title="bbox 2030 3102 2640 3165">
    <p class='ocr_par' dir='ltr' id='par_1_77' title="bbox 2030 3102 2640 3165">
     <span class='ocr_line' id='line_1_77' title="bbox 2030 3102 2640 3165; baseline 0.01 -8"><span class='ocrx_word' id='word_1_520' title='bbox 2030 3102 2313 3158; x_wconf 81' lang='lat' dir='ltr'><strong>audaciam</strong></span> <span class='ocrx_word' id='word_1_521' title='bbox 2349 3105 2400 3160; x_wconf 91' lang='lat' dir='ltr'><strong>in</strong></span> <span class='ocrx_word' id='word_1_522' title='bbox 2425 3105 2640 3165; x_wconf 82' lang='lat' dir='ltr'><strong>fratres.</strong></span> 
     </span>
    </p>
   </div>
   <div class='ocr_carea' id='block_1_78' title="bbox 2560 3245 3071 3312">
    <p class='ocr_par' dir='ltr' id='par_1_78' title="bbox 2560 3245 3071 3312">
     <span class='ocr_line' id='line_1_78' title="bbox 2560 3245 3071 3312; baseline 0.002 -10"><span class='ocrx_word' id='word_1_523' title='bbox 2560 3245 2793 3303; x_wconf 76' lang='lat' dir='ltr'><strong>C.\PUT</strong></span> <span class='ocrx_word' id='word_1_524' title='bbox 2835 3247 3071 3312; x_wconf 76' lang='lat' dir='ltr'><strong>XXVII].</strong></span> 
     </span>
    </p>
   </div>
   <div class='ocr_carea' id='block_1_79' title="bbox 2100 3355 3604 3441">
    <p class='ocr_par' dir='ltr' id='par_1_79' title="bbox 2100 3355 3604 3441">
     <span class='ocr_line' id='line_1_79' title="bbox 2100 3355 3604 3441; baseline 0.014 -31"><span class='ocrx_word' id='word_1_525' title='bbox 2100 3355 2275 3411; x_wconf 85' lang='lat' dir='ltr'><strong>Etiam</strong></span> <span class='ocrx_word' id='word_1_526' title='bbox 2328 3359 2473 3428; x_wconf 91' lang='lat' dir='ltr'><strong>quod</strong></span> <span class='ocrx_word' id='word_1_527' title='bbox 2521 3362 2770 3417; x_wconf 85' lang='lat' dir='ltr'><strong>servituti</strong></span> <span class='ocrx_word' id='word_1_528' title='bbox 2827 3380 3152 3427; x_wconf 67' lang='lat' dir='ltr'><strong>aerumnosa:</strong></span> <span class='ocrx_word' id='word_1_529' title='bbox 3205 3370 3453 3441; x_wconf 88' lang='lat' dir='ltr'><strong>(scilicet</strong></span> <span class='ocrx_word' id='word_1_530' title='bbox 3491 3376 3604 3431; x_wconf 56' lang='lat' dir='ltr'><strong>da»</strong></span> 
     </span>
    </p>
   </div>
   <div class='ocr_carea' id='block_1_80' title="bbox 2029 3448 3608 3538">
    <p class='ocr_par' dir='ltr' id='par_1_80' title="bbox 2029 3448 3608 3538">
     <span class='ocr_line' id='line_1_80' title="bbox 2029 3448 3608 3538; baseline 0.012 -39"><span class='ocrx_word' id='word_1_531' title='bbox 2029 3462 2221 3502; x_wconf 90' lang='lat' dir='ltr'><strong>mones</strong></span> <span class='ocrx_word' id='word_1_532' title='bbox 2259 3448 2501 3520; x_wconf 87' lang='lat' dir='ltr'><strong>dictant)</strong></span> <span class='ocrx_word' id='word_1_533' title='bbox 2538 3452 2764 3510; x_wconf 88' lang='lat' dir='ltr'><strong>libertas</strong></span> <span class='ocrx_word' id='word_1_534' title='bbox 2811 3469 2918 3513; x_wconf 85' lang='lat' dir='ltr'><strong>non</strong></span> <span class='ocrx_word' id='word_1_535' title='bbox 2966 3469 3049 3514; x_wconf 85' lang='lat' dir='ltr'><strong>est</strong></span> <span class='ocrx_word' id='word_1_536' title='bbox 3082 3463 3326 3532; x_wconf 68' lang='lat' dir='ltr'><strong>aequalis,</strong></span> <span class='ocrx_word' id='word_1_537' title='bbox 3367 3467 3475 3522; x_wconf 88' lang='lat' dir='ltr'><strong>imo</strong></span> <span class='ocrx_word' id='word_1_538' title='bbox 3513 3485 3608 3538; x_wconf 80' lang='lat' dir='ltr'><strong>pn-</strong></span> 
     </span>
    </p>
   </div>
   <div class='ocr_carea' id='block_1_81' title="bbox 2030 3539 3608 3619">
    <p class='ocr_par' dir='ltr' id='par_1_81' title="bbox 2030 3539 3608 3619">
     <span class='ocr_line' id='line_1_81' title="bbox 2030 3539 3608 3619; baseline 0.013 -25"><span class='ocrx_word' id='word_1_539' title='bbox 2030 3539 2139 3594; x_wconf 90' lang='lat' dir='ltr'><strong>tins</strong></span> <span class='ocrx_word' id='word_1_540' title='bbox 2167 3543 2336 3594; x_wconf 91' lang='lat' dir='ltr'><strong>multo</strong></span> <span class='ocrx_word' id='word_1_541' title='bbox 2367 3541 2451 3596; x_wconf 88' lang='lat' dir='ltr'><strong>his</strong></span> <span class='ocrx_word' id='word_1_542' title='bbox 2481 3545 2632 3612; x_wconf 89' lang='lat' dir='ltr'><strong>plura</strong></span> <span class='ocrx_word' id='word_1_543' title='bbox 2666 3546 3004 3616; x_wconf 84' lang='lat' dir='ltr'><strong>immittunt,</strong></span> <span class='ocrx_word' id='word_1_544' title='bbox 3058 3561 3149 3619; x_wconf 92' lang='lat' dir='ltr'><strong>ut,</strong></span> <span class='ocrx_word' id='word_1_545' title='bbox 3181 3570 3304 3609; x_wconf 92' lang='lat' dir='ltr'><strong>cum</strong></span> <span class='ocrx_word' id='word_1_546' title='bbox 3345 3559 3608 3618; x_wconf 82' lang='lat' dir='ltr'><strong>audacem</strong></span> 
     </span>
    </p>
   </div>
   <div class='ocr_carea' id='block_1_82' title="bbox 2029 3632 3609 3721">
    <p class='ocr_par' dir='ltr' id='par_1_82' title="bbox 2029 3632 3609 3721">
     <span class='ocr_line' id='line_1_82' title="bbox 2029 3632 3609 3721; baseline 0.015 -38"><span class='ocrx_word' id='word_1_547' title='bbox 2029 3632 2284 3700; x_wconf 88' lang='lat' dir='ltr'><strong>potestati</strong></span> <span class='ocrx_word' id='word_1_548' title='bbox 2327 3633 2603 3689; x_wconf 88' lang='lat' dir='ltr'><strong>subditum</strong></span> <span class='ocrx_word' id='word_1_549' title='bbox 2640 3637 2937 3707; x_wconf 64' lang='lat' dir='ltr'><strong>effecerint,</strong></span> <span class='ocrx_word' id='word_1_550' title='bbox 2986 3641 3148 3699; x_wconf 81' lang='lat' dir='ltr'><strong>facile</strong></span> <span class='ocrx_word' id='word_1_551' title='bbox 3187 3661 3406 3721; x_wconf 88' lang='lat' dir='ltr'><strong>quoque</strong></span> <span class='ocrx_word' id='word_1_552' title='bbox 3449 3667 3609 3707; x_wconf 88' lang='lat' dir='ltr'><strong>mun-</strong></span> 
     </span>
    </p>
   </div>
   <div class='ocr_carea' id='block_1_83' title="bbox 2031 3721 3610 3812">
    <p class='ocr_par' dir='ltr' id='par_1_83' title="bbox 2031 3721 3610 3812">
     <span class='ocr_line' id='line_1_83' title="bbox 2031 3721 3610 3812; baseline 0.016 -40"><span class='ocrx_word' id='word_1_553' title='bbox 2031 3721 2187 3776; x_wconf 86' lang='lat' dir='ltr'><strong>danis</strong></span> <span class='ocrx_word' id='word_1_554' title='bbox 2237 3724 2492 3781; x_wconf 86' lang='lat' dir='ltr'><strong>sordibus</strong></span> <span class='ocrx_word' id='word_1_555' title='bbox 2539 3727 2802 3797; x_wconf 77' lang='lat' dir='ltr'><strong>infigunt;</strong></span> <span class='ocrx_word' id='word_1_556' title='bbox 2855 3733 3060 3796; x_wconf 81' lang='lat' dir='ltr'><strong>etenim</strong></span> <span class='ocrx_word' id='word_1_557' title='bbox 3108 3735 3206 3791; x_wconf 89' lang='lat' dir='ltr'><strong>hos</strong></span> <span class='ocrx_word' id='word_1_558' title='bbox 3241 3740 3457 3808; x_wconf 82' lang='lat' dir='ltr'><strong>quidem</strong></span> <span class='ocrx_word' id='word_1_559' title='bbox 3513 3759 3610 3812; x_wconf 89' lang='lat' dir='ltr'><strong>per</strong></span> 
     </span>
    </p>
   </div>
   <div class='ocr_carea' id='block_1_84' title="bbox 2032 3813 3608 3891">
    <p class='ocr_par' dir='ltr' id='par_1_84' title="bbox 2032 3813 3608 3891">
     <span class='ocr_line' id='line_1_84' title="bbox 2032 3813 3608 3891; baseline 0.011 -23"><span class='ocrx_word' id='word_1_560' title='bbox 2032 3813 2148 3869; x_wconf 77' lang='lat' dir='ltr'><strong>haec</strong></span> <span class='ocrx_word' id='word_1_561' title='bbox 2179 3830 2433 3882; x_wconf 85' lang='lat' dir='ltr'><strong>separare</strong></span> <span class='ocrx_word' id='word_1_562' title='bbox 2467 3820 2686 3877; x_wconf 89' lang='lat' dir='ltr'><strong>student</strong></span> <span class='ocrx_word' id='word_1_563' title='bbox 2714 3837 2742 3874; x_wconf 88' lang='lat' dir='ltr'><strong>a</strong></span> <span class='ocrx_word' id='word_1_564' title='bbox 2779 3825 3139 3891; x_wconf 88' lang='lat' dir='ltr'><strong>paternitate,</strong></span> <span class='ocrx_word' id='word_1_565' title='bbox 3195 3829 3393 3886; x_wconf 80' lang='lat' dir='ltr'><strong>alteros</strong></span> <span class='ocrx_word' id='word_1_566' title='bbox 3426 3844 3608 3888; x_wconf 86' lang='lat' dir='ltr'><strong>autem</strong></span> 
     </span>
    </p>
   </div>
   <div class='ocr_carea' id='block_1_85' title="bbox 2030 3907 3612 4000">
    <p class='ocr_par' dir='ltr' id='par_1_85' title="bbox 2030 3907 3612 4000">
     <span class='ocr_line' id='line_1_85' title="bbox 2030 3907 3612 4000; baseline 0.013 -40"><span class='ocrx_word' id='word_1_567' title='bbox 2030 3921 2128 3976; x_wconf 85' lang='lat' dir='ltr'><strong>per</strong></span> <span class='ocrx_word' id='word_1_568' title='bbox 2177 3908 2302 3962; x_wconf 89' lang='lat' dir='ltr'><strong>alia.</strong></span> <span class='ocrx_word' id='word_1_569' title='bbox 2360 3907 2618 3977; x_wconf 85' lang='lat' dir='ltr'><strong>Operare,</strong></span> <span class='ocrx_word' id='word_1_570' title='bbox 2669 3923 2722 3966; x_wconf 92' lang='lat' dir='ltr'><strong>et</strong></span> <span class='ocrx_word' id='word_1_571' title='bbox 2773 3930 2994 3987; x_wconf 80' lang='lat' dir='ltr'><strong>peregre</strong></span> <span class='ocrx_word' id='word_1_572' title='bbox 3260 3922 3612 3980; x_wconf 68' lang='lat' dir='ltr'><strong>advenientes</strong></span> 
     </span>
    </p>
   </div>
   <div class='ocr_carea' id='block_1_86' title="bbox 2035 3999 3607 4082">
    <p class='ocr_par' dir='ltr' id='par_1_86' title="bbox 2035 3999 3607 4082">
     <span class='ocr_line' id='line_1_86' title="bbox 2035 3999 3607 4082; baseline 0.011 -30"><span class='ocrx_word' id='word_1_573' title='bbox 2035 3999 2274 4068; x_wconf 91' lang='lat' dir='ltr'><strong>hospitio</strong></span> <span class='ocrx_word' id='word_1_574' title='bbox 2307 4000 2508 4067; x_wconf 86' lang='lat' dir='ltr'><strong>recipe.</strong></span> <span class='ocrx_word' id='word_1_575' title='bbox 2542 4001 2690 4058; x_wconf 86' lang='lat' dir='ltr'><strong>intus</strong></span> <span class='ocrx_word' id='word_1_576' title='bbox 2739 4005 3015 4062; x_wconf 83' lang='lat' dir='ltr'><strong>hortantes</strong></span> <span class='ocrx_word' id='word_1_577' title='bbox 3059 4011 3334 4076; x_wconf 58' lang='lat' dir='ltr'><strong>daemones</strong></span> <span class='ocrx_word' id='word_1_578' title='bbox 3384 4013 3607 4082; x_wconf 85' lang='lat' dir='ltr'><strong>instant,</strong></span> 
     </span>
    </p>
   </div>
   <div class='ocr_carea' id='block_1_87' title="bbox 2031 4093 3612 4169">
    <p class='ocr_par' dir='ltr' id='par_1_87' title="bbox 2031 4093 3612 4169">
     <span class='ocr_line' id='line_1_87' title="bbox 2031 4093 3612 4169; baseline 0.013 -27"><span class='ocrx_word' id='word_1_579' title='bbox 2031 4105 2142 4160; x_wconf 91' lang='lat' dir='ltr'><strong>quo</strong></span> <span class='ocrx_word' id='word_1_580' title='bbox 2173 4107 2371 4146; x_wconf 83' lang='lat' dir='ltr'><strong>nomen</strong></span> <span class='ocrx_word' id='word_1_581' title='bbox 2403 4093 2498 4147; x_wconf 89' lang='lat' dir='ltr'><strong>tihi</strong></span> <span class='ocrx_word' id='word_1_582' title='bbox 2528 4096 2849 4163; x_wconf 59' lang='lat' dir='ltr'><strong>praeclarum</strong></span> <span class='ocrx_word' id='word_1_583' title='bbox 2882 4114 3196 4169; x_wconf 85' lang='lat' dir='ltr'><strong>compares;</strong></span> <span class='ocrx_word' id='word_1_584' title='bbox 3243 4119 3368 4158; x_wconf 87' lang='lat' dir='ltr'><strong>nam</strong></span> <span class='ocrx_word' id='word_1_585' title='bbox 3413 4121 3479 4160; x_wconf 76' lang='lat' dir='ltr'><strong>ex</strong></span> <span class='ocrx_word' id='word_1_586' title='bbox 3527 4107 3612 4162; x_wconf 83' lang='lat' dir='ltr'><strong>his</strong></span> 
     </span>
    </p>
   </div>
   <div class='ocr_carea' id='block_1_88' title="bbox 2035 4185 3607 4264">
    <p class='ocr_par' dir='ltr' id='par_1_88' title="bbox 2035 4185 3607 4264">
     <span class='ocr_line' id='line_1_88' title="bbox 2035 4185 3607 4264; baseline 0.013 -28"><span class='ocrx_word' id='word_1_587' title='bbox 2035 4185 2282 4241; x_wconf 85' lang='lat' dir='ltr'><strong>videlicet</strong></span> <span class='ocrx_word' id='word_1_588' title='bbox 2315 4188 2472 4244; x_wconf 88' lang='lat' dir='ltr'><strong>bonis</strong></span> <span class='ocrx_word' id='word_1_589' title='bbox 2514 4190 2636 4244; x_wconf 89' lang='lat' dir='ltr'><strong>lolia</strong></span> <span class='ocrx_word' id='word_1_590' title='bbox 2667 4192 2890 4248; x_wconf 69' lang='lat' dir='ltr'><strong>malitia:</strong></span> <span class='ocrx_word' id='word_1_591' title='bbox 2920 4195 3194 4264; x_wconf 85' lang='lat' dir='ltr'><strong>sigillatim</strong></span> <span class='ocrx_word' id='word_1_592' title='bbox 3237 4199 3569 4256; x_wconf 83' lang='lat' dir='ltr'><strong>inseminant</strong></span> <span class='ocrx_word' id='word_1_593' title='bbox 3596 4223 3607 4259; x_wconf 89' lang='lat'>:</span> 
     </span>
    </p>
   </div>
   <div class='ocr_carea' id='block_1_89' title="bbox 343 4279 1922 4360">
    <p class='ocr_par' dir='ltr' id='par_1_89' title="bbox 343 4287 1922 4360">
     <span class='ocr_line' id='line_1_89' title="bbox 343 4287 1922 4360; baseline -0.003 -15"><span class='ocrx_word' id='word_1_594' title='bbox 343 4290 806 4359; x_wconf 77' lang='grc' dir='ltr'>ἑγγλυκαίνεσθαι</span> <span class='ocrx_word' id='word_1_595' title='bbox 825 4329 840 4351; x_wconf 83' lang='grc'><strong>,</strong></span> <span class='ocrx_word' id='word_1_596' title='bbox 865 4289 959 4343; x_wconf 77' lang='grc' dir='ltr'><strong>καὶ</strong></span> <span class='ocrx_word' id='word_1_597' title='bbox 989 4288 1179 4360; x_wconf 81' lang='grc' dir='ltr'>νήφειν</span> <span class='ocrx_word' id='word_1_598' title='bbox 1209 4290 1274 4358; x_wconf 83' lang='grc' dir='ltr'>τῇ</span> <span class='ocrx_word' id='word_1_599' title='bbox 1310 4290 1527 4356; x_wconf 84' lang='grc' dir='ltr'>συνεχεῖ</span> <span class='ocrx_word' id='word_1_600' title='bbox 1553 4287 1800 4358; x_wconf 77' lang='grc' dir='ltr'>νηστείᾳ,</span> <span class='ocrx_word' id='word_1_601' title='bbox 1830 4290 1922 4340; x_wconf 75' lang='grc' dir='ltr'>καὶ</span> 
     </span>
    </p>
   </div>
   <div class='ocr_carea' id='block_1_90' title="bbox 2028 4279 3610 4360">
    <p class='ocr_par' dir='ltr' id='par_1_90' title="bbox 2035 4280 3610 4356">
     <span class='ocr_line' id='line_1_90' title="bbox 2035 4280 3610 4356; baseline 0.011 -24"><span class='ocrx_word' id='word_1_602' title='bbox 2035 4288 2087 4332; x_wconf 93' lang='lat' dir='ltr'><strong>et</strong></span> <span class='ocrx_word' id='word_1_603' title='bbox 2131 4280 2272 4349; x_wconf 90' lang='lat' dir='ltr'><strong>apud</strong></span> <span class='ocrx_word' id='word_1_604' title='bbox 2329 4281 2666 4352; x_wconf 84' lang='lat' dir='ltr'><strong>principatus</strong></span> <span class='ocrx_word' id='word_1_605' title='bbox 2696 4285 2913 4356; x_wconf 89' lang='lat' dir='ltr'><strong>quidem</strong></span> <span class='ocrx_word' id='word_1_606' title='bbox 2955 4289 3237 4345; x_wconf 85' lang='lat' dir='ltr'><strong>dimittunt</strong></span> <span class='ocrx_word' id='word_1_607' title='bbox 3270 4293 3420 4350; x_wconf 88' lang='lat' dir='ltr'><strong>illum</strong></span> <span class='ocrx_word' id='word_1_608' title='bbox 3474 4313 3610 4350; x_wconf 85' lang='lat' dir='ltr'><strong>vana</strong></span> 
     </span>
    </p>
   </div>
   <div class='ocr_carea' id='block_1_91' title="bbox 345 4379 1932 4454">
    <p class='ocr_par' dir='ltr' id='par_1_91' title="bbox 345 4379 1932 4454">
     <span class='ocr_line' id='line_1_91' title="bbox 345 4379 1932 4454; baseline -0.001 -20"><span class='ocrx_word' id='word_1_609' title='bbox 345 4380 651 4454; x_wconf 80' lang='grc' dir='ltr'>προθύμως</span> <span class='ocrx_word' id='word_1_610' title='bbox 700 4379 1024 4434; x_wconf 84' lang='grc' dir='ltr'>ἀνίστασθαι</span> <span class='ocrx_word' id='word_1_611' title='bbox 1076 4380 1134 4432; x_wconf 83' lang='grc' dir='ltr'>ὲν</span> <span class='ocrx_word' id='word_1_612' title='bbox 1174 4382 1293 4442; x_wconf 79' lang='grc' dir='ltr'>ταῖς</span> <span class='ocrx_word' id='word_1_613' title='bbox 1340 4382 1706 4449; x_wconf 80' lang='grc' dir='ltr'>προσευχαῖς,</span> <span class='ocrx_word' id='word_1_614' title='bbox 1743 4381 1836 4432; x_wconf 70' lang='grc' dir='ltr'>καὶ</span> <span class='ocrx_word' id='word_1_615' title='bbox 1875 4381 1932 4432; x_wconf 85' lang='grc' dir='ltr'>ἐν</span> 
     </span>
    </p>
   </div>
   <div class='ocr_carea' id='block_1_92' title="bbox 343 4465 1934 4541">
    <p class='ocr_par' dir='ltr' id='par_1_92' title="bbox 343 4465 1934 4541">
     <span class='ocr_line' id='line_1_92' title="bbox 343 4465 1934 4541; baseline -0.001 -13"><span class='ocrx_word' id='word_1_616' title='bbox 343 4477 470 4535; x_wconf 83' lang='grc' dir='ltr'>ταῖς</span> <span class='ocrx_word' id='word_1_617' title='bbox 501 4473 810 4538; x_wconf 72' lang='grc' dir='ltr'>συνάξεσιν,</span> <span class='ocrx_word' id='word_1_618' title='bbox 835 4471 908 4534; x_wconf 82' lang='grc' dir='ltr'><strong>ὡς</strong></span> <span class='ocrx_word' id='word_1_619' title='bbox 940 4471 1026 4524; x_wconf 82' lang='grc' dir='ltr'>ἵνα</span> <span class='ocrx_word' id='word_1_620' title='bbox 1055 4465 1359 4541; x_wconf 81' lang='grc' dir='ltr'>λογίζηται,</span> <span class='ocrx_word' id='word_1_621' title='bbox 1390 4471 1833 4538; x_wconf 79' lang='grc' dir='ltr'>ὄτιὙπεξούσιος</span> <span class='ocrx_word' id='word_1_622' title='bbox 1859 4473 1934 4526; x_wconf 80' lang='grc' dir='ltr'>ὢν</span> 
     </span>
    </p>
   </div>
   <div class='ocr_carea' id='block_1_93' title="bbox 345 4562 1934 4640">
    <p class='ocr_par' dir='ltr' id='par_1_93' title="bbox 345 4562 1934 4640">
     <span class='ocr_line' id='line_1_93' title="bbox 345 4562 1934 4640; baseline -0.005 -22"><span class='ocrx_word' id='word_1_623' title='bbox 345 4563 590 4628; x_wconf 74' lang='grc' dir='ltr'>τοιοῦτος</span> <span class='ocrx_word' id='word_1_624' title='bbox 629 4565 729 4617; x_wconf 87' lang='grc' dir='ltr'><strong>οὑκ</strong></span> <span class='ocrx_word' id='word_1_625' title='bbox 773 4563 1072 4633; x_wconf 75' lang='grc' dir='ltr'>ἐτύγχανον</span> <span class='ocrx_word' id='word_1_626' title='bbox 1095 4580 1109 4593; x_wconf 76' lang='grc'><strong><em>⁸</em></strong></span> <span class='ocrx_word' id='word_1_627' title='bbox 1144 4563 1264 4616; x_wconf 80' lang='grc' dir='ltr'>ἐκεῖ</span> <span class='ocrx_word' id='word_1_628' title='bbox 1291 4562 1400 4632; x_wconf 81' lang='grc' dir='ltr'><strong>γάρ</strong></span> <span class='ocrx_word' id='word_1_629' title='bbox 1448 4565 1542 4616; x_wconf 68' lang='grc' dir='ltr'>καὶ</span> <span class='ocrx_word' id='word_1_630' title='bbox 1575 4563 1796 4640; x_wconf 70' lang='grc' dir='ltr'>ὕβρεις,</span> <span class='ocrx_word' id='word_1_631' title='bbox 1839 4567 1934 4620; x_wconf 70' lang='grc' dir='ltr'>καὶ</span> 
     </span>
    </p>
   </div>
   <div class='ocr_carea' id='block_1_94' title="bbox 345 4651 1930 4726">
    <p class='ocr_par' dir='ltr' id='par_1_94' title="bbox 345 4651 1930 4726">
     <span class='ocr_line' id='line_1_94' title="bbox 345 4651 1930 4726; baseline -0.001 -18"><span class='ocrx_word' id='word_1_632' title='bbox 345 4655 544 4717; x_wconf 76' lang='grc' dir='ltr'>λύπαι,</span> <span class='ocrx_word' id='word_1_633' title='bbox 569 4655 665 4708; x_wconf 74' lang='grc' dir='ltr'>καὶ</span> <span class='ocrx_word' id='word_1_634' title='bbox 699 4655 960 4724; x_wconf 69' lang='grc' dir='ltr'>ταραχαὶ,</span> <span class='ocrx_word' id='word_1_635' title='bbox 981 4651 1215 4706; x_wconf 74' lang='grc' dir='ltr'>ἐνταῦθα</span> <span class='ocrx_word' id='word_1_636' title='bbox 1249 4652 1308 4704; x_wconf 82' lang='grc' dir='ltr'>δὲ</span> <span class='ocrx_word' id='word_1_637' title='bbox 1340 4653 1554 4724; x_wconf 80' lang='grc' dir='ltr'>εἰρήνη,</span> <span class='ocrx_word' id='word_1_638' title='bbox 1579 4653 1672 4707; x_wconf 77' lang='grc' dir='ltr'><strong>καὶ</strong></span> <span class='ocrx_word' id='word_1_639' title='bbox 1697 4653 1930 4726; x_wconf 79' lang='grc' dir='ltr'>γαλήνη,</span> 
     </span>
    </p>
   </div>
   <div class='ocr_carea' id='block_1_95' title="bbox 349 4743 1934 4816">
    <p class='ocr_par' dir='ltr' id='par_1_95' title="bbox 349 4743 1934 4816">
     <span class='ocr_line' id='line_1_95' title="bbox 349 4743 1934 4816; baseline -0.003 -15"><span class='ocrx_word' id='word_1_640' title='bbox 349 4746 448 4801; x_wconf 70' lang='grc' dir='ltr'>καὶ</span> <span class='ocrx_word' id='word_1_641' title='bbox 489 4746 632 4816; x_wconf 77' lang='grc' dir='ltr'>χαρὰ</span> <span class='ocrx_word' id='word_1_642' title='bbox 655 4787 670 4810; x_wconf 94' lang='grc'><strong>,</strong></span> <span class='ocrx_word' id='word_1_643' title='bbox 703 4747 820 4798; x_wconf 81' lang='grc' dir='ltr'>ἐκεῖ</span> <span class='ocrx_word' id='word_1_644' title='bbox 846 4745 1062 4814; x_wconf 76' lang='grc' dir='ltr'>Ιιατρὸς</span> <span class='ocrx_word' id='word_1_645' title='bbox 1103 4743 1381 4814; x_wconf 81' lang='grc' dir='ltr'>αὐστηρία</span> <span class='ocrx_word' id='word_1_646' title='bbox 1403 4784 1417 4805; x_wconf 87' lang='grc'><strong>,</strong></span> <span class='ocrx_word' id='word_1_647' title='bbox 1457 4743 1548 4795; x_wconf 82' lang='grc' dir='ltr'><strong>καὶ</strong></span> <span class='ocrx_word' id='word_1_648' title='bbox 1583 4744 1746 4811; x_wconf 74' lang='grc' dir='ltr'>φόϐος</span> <span class='ocrx_word' id='word_1_649' title='bbox 1768 4787 1783 4809; x_wconf 86' lang='grc'><strong>,</strong></span> <span class='ocrx_word' id='word_1_650' title='bbox 1839 4748 1934 4798; x_wconf 70' lang='grc' dir='ltr'><strong>καὶ</strong></span> 
     </span>
    </p>
   </div>
   <div class='ocr_carea' id='block_1_96' title="bbox 349 4835 1936 4914">
    <p class='ocr_par' dir='ltr' id='par_1_96' title="bbox 349 4835 1936 4914">
     <span class='ocr_line' id='line_1_96' title="bbox 349 4835 1936 4914; baseline -0.001 -22"><span class='ocrx_word' id='word_1_651' title='bbox 349 4837 654 4907; x_wconf 67' lang='grc' dir='ltr'>ὲπιπληξία</span> <span class='ocrx_word' id='word_1_652' title='bbox 679 4877 692 4900; x_wconf 91' lang='grc'><strong>,</strong></span> <span class='ocrx_word' id='word_1_653' title='bbox 729 4835 962 4891; x_wconf 74' lang='grc' dir='ltr'>ἐνταῦθα</span> <span class='ocrx_word' id='word_1_654' title='bbox 996 4835 1053 4890; x_wconf 84' lang='grc' dir='ltr'>δὲ</span> <span class='ocrx_word' id='word_1_655' title='bbox 1088 4835 1414 4914; x_wconf 86' lang='grc' dir='ltr'>ἁμεριμνία,</span> <span class='ocrx_word' id='word_1_656' title='bbox 1461 4836 1554 4888; x_wconf 67' lang='grc' dir='ltr'><strong>καὶ</strong></span> <span class='ocrx_word' id='word_1_657' title='bbox 1583 4837 1803 4906; x_wconf 73' lang='grc' dir='ltr'>ἀφοϐία,</span> <span class='ocrx_word' id='word_1_658' title='bbox 1841 4839 1936 4890; x_wconf 81' lang='grc' dir='ltr'>καὶ</span> 
     </span>
    </p>
   </div>
   <div class='ocr_carea' id='block_1_97' title="bbox 351 4927 1935 4998">
    <p class='ocr_par' dir='ltr' id='par_1_97' title="bbox 351 4927 1935 4998">
     <span class='ocr_line' id='line_1_97' title="bbox 351 4927 1935 4998; baseline -0.001 -15"><span class='ocrx_word' id='word_1_659' title='bbox 351 4927 619 4998; x_wconf 76' lang='grc' dir='ltr'>ἀπληξία.</span> <span class='ocrx_word' id='word_1_660' title='bbox 659 4929 770 4982; x_wconf 69' lang='grc' dir='ltr'>Καὶ</span> <span class='ocrx_word' id='word_1_661' title='bbox 795 4927 938 4980; x_wconf 80' lang='grc' dir='ltr'>οὕτω</span> <span class='ocrx_word' id='word_1_662' title='bbox 969 4928 1029 4980; x_wconf 74' lang='grc' dir='ltr'>ὲν</span> <span class='ocrx_word' id='word_1_663' title='bbox 1057 4931 1169 4990; x_wconf 78' lang='grc' dir='ltr'>τοϊς</span> <span class='ocrx_word' id='word_1_664' title='bbox 1199 4927 1468 4990; x_wconf 79' lang='grc' dir='ltr'>τοιούτοις</span> <span class='ocrx_word' id='word_1_665' title='bbox 1502 4927 1802 4996; x_wconf 72' lang='grc' dir='ltr'>κλέψαντες</span> <span class='ocrx_word' id='word_1_666' title='bbox 1836 4929 1935 4981; x_wconf 87' lang='grc' dir='ltr'>αὑ-</span> 
     </span>
    </p>
   </div>
   <div class='ocr_carea' id='block_1_98' title="bbox 351 5017 1936 5095">
    <p class='ocr_par' dir='ltr' id='par_1_98' title="bbox 351 5017 1936 5095">
     <span class='ocr_line' id='line_1_98' title="bbox 351 5017 1936 5095; baseline -0.001 -21"><span class='ocrx_word' id='word_1_667' title='bbox 351 5020 451 5074; x_wconf 74' lang='grc' dir='ltr'>τοῦ</span> <span class='ocrx_word' id='word_1_668' title='bbox 501 5020 592 5073; x_wconf 79' lang='grc' dir='ltr'><strong>τδν</strong></span> <span class='ocrx_word' id='word_1_669' title='bbox 637 5018 761 5072; x_wconf 79' lang='grc' dir='ltr'>νοῦν</span> <span class='ocrx_word' id='word_1_670' title='bbox 806 5018 1253 5095; x_wconf 73' lang='grc' dir='ltr'>ὑφαρπάζουσιν·</span> <span class='ocrx_word' id='word_1_671' title='bbox 1302 5017 1455 5086; x_wconf 80' lang='grc' dir='ltr'>ἄφνω</span> <span class='ocrx_word' id='word_1_672' title='bbox 1507 5017 1563 5070; x_wconf 78' lang='grc' dir='ltr'>δὲ</span> <span class='ocrx_word' id='word_1_673' title='bbox 1613 5019 1936 5084; x_wconf 83' lang='grc' dir='ltr'>ἐπιστάντες</span> 
     </span>
    </p>
   </div>
   <div class='ocr_carea' id='block_1_99' title="bbox 357 5109 1938 5184">
    <p class='ocr_par' dir='ltr' id='par_1_99' title="bbox 357 5109 1938 5184">
     <span class='ocr_line' id='line_1_99' title="bbox 357 5109 1938 5184; baseline -0.001 -17"><span class='ocrx_word' id='word_1_674' title='bbox 357 5115 513 5184; x_wconf 75' lang='grc' dir='ltr'>ὕπνῳ</span> <span class='ocrx_word' id='word_1_675' title='bbox 577 5111 852 5183; x_wconf 85' lang='grc' dir='ltr'>ὑπερορίῳ</span> <span class='ocrx_word' id='word_1_676' title='bbox 897 5111 996 5182; x_wconf 82' lang='grc' dir='ltr'>τὴν</span> <span class='ocrx_word' id='word_1_677' title='bbox 1041 5109 1220 5180; x_wconf 72' lang='grc' dir='ltr'>ψυχὴν</span> <span class='ocrx_word' id='word_1_678' title='bbox 1270 5109 1418 5180; x_wconf 74' lang='grc' dir='ltr'>φόϐῳ</span> <span class='ocrx_word' id='word_1_679' title='bbox 1454 5111 1801 5180; x_wconf 69' lang='grc' dir='ltr'>ῥαντίζουσι,</span> <span class='ocrx_word' id='word_1_680' title='bbox 1844 5113 1938 5165; x_wconf 67' lang='grc' dir='ltr'>καλ.</span> 
     </span>
    </p>
   </div>
   <div class='ocr_carea' id='block_1_100' title="bbox 355 5202 1936 5274">
    <p class='ocr_par' dir='ltr' id='par_1_100' title="bbox 355 5202 1936 5274">
     <span class='ocr_line' id='line_1_100' title="bbox 355 5202 1936 5274; baseline -0.002 -15"><span class='ocrx_word' id='word_1_681' title='bbox 355 5206 456 5267; x_wconf 65' lang='grc' dir='ltr'><strong>τὰς</strong></span> <span class='ocrx_word' id='word_1_682' title='bbox 512 5206 762 5270; x_wconf 78' lang='grc' dir='ltr'>συνάξεις</span> <span class='ocrx_word' id='word_1_683' title='bbox 818 5202 1054 5273; x_wconf 72' lang='grc' dir='ltr'>ἀμελείᾳ</span> <span class='ocrx_word' id='word_1_684' title='bbox 1126 5203 1221 5255; x_wconf 71' lang='grc' dir='ltr'>καὶ</span> <span class='ocrx_word' id='word_1_685' title='bbox 1263 5202 1465 5274; x_wconf 77' lang='grc' dir='ltr'>ἀκηδίᾳ</span> <span class='ocrx_word' id='word_1_686' title='bbox 1506 5203 1936 5268; x_wconf 77' lang='grc' dir='ltr'>ὑπεκκόπτουσι,</span> 
     </span>
    </p>
   </div>
   <div class='ocr_carea' id='block_1_101' title="bbox 360 5287 1936 5364">
    <p class='ocr_par' dir='ltr' id='par_1_101' title="bbox 360 5287 1936 5364">
     <span class='ocr_line' id='line_1_101' title="bbox 360 5287 1936 5364; baseline -0.001 -17"><span class='ocrx_word' id='word_1_687' title='bbox 360 5296 455 5348; x_wconf 73' lang='grc' dir='ltr'><strong>καὶ</strong></span> <span class='ocrx_word' id='word_1_688' title='bbox 485 5293 582 5364; x_wconf 82' lang='grc' dir='ltr'>τὴν</span> <span class='ocrx_word' id='word_1_689' title='bbox 611 5293 917 5362; x_wconf 83' lang='grc' dir='ltr'>ξενοδοχίαν</span> <span class='ocrx_word' id='word_1_690' title='bbox 953 5290 1174 5363; x_wconf 76' lang='grc' dir='ltr'>ὄχλησιν</span> <span class='ocrx_word' id='word_1_691' title='bbox 1219 5287 1360 5344; x_wconf 81' lang='grc' dir='ltr'>εἶναι</span> <span class='ocrx_word' id='word_1_692' title='bbox 1405 5293 1936 5363; x_wconf 71' lang='grc' dir='ltr'>ὑπομνηματίςουσι,</span> 
     </span>
    </p>
   </div>
   <div class='ocr_carea' id='block_1_102' title="bbox 361 5383 1941 5456">
    <p class='ocr_par' dir='ltr' id='par_1_102' title="bbox 361 5383 1941 5456">
     <span class='ocr_line' id='line_1_102' title="bbox 361 5383 1941 5456; baseline -0.001 -17"><span class='ocrx_word' id='word_1_693' title='bbox 361 5386 458 5439; x_wconf 76' lang='grc' dir='ltr'>καὶ</span> <span class='ocrx_word' id='word_1_694' title='bbox 479 5387 657 5438; x_wconf 86' lang='grc' dir='ltr'>πάντα</span> <span class='ocrx_word' id='word_1_695' title='bbox 691 5385 948 5452; x_wconf 85' lang='grc' dir='ltr'>μάγγανα</span> <span class='ocrx_word' id='word_1_696' title='bbox 989 5387 1088 5453; x_wconf 83' lang='grc' dir='ltr'>τῆς</span> <span class='ocrx_word' id='word_1_697' title='bbox 1132 5383 1330 5448; x_wconf 81' lang='grc' dir='ltr'>κακίας</span> <span class='ocrx_word' id='word_1_698' title='bbox 1359 5383 1677 5452; x_wconf 69' lang='grc' dir='ltr'>ἐπάγουσιν,</span> <span class='ocrx_word' id='word_1_699' title='bbox 1721 5385 1808 5438; x_wconf 87' lang='grc' dir='ltr'>ἵνα</span> <span class='ocrx_word' id='word_1_700' title='bbox 1843 5385 1941 5456; x_wconf 75' lang='grc' dir='ltr'>τὴν</span> 
     </span>
    </p>
   </div>
   <div class='ocr_carea' id='block_1_103' title="bbox 362 5476 1940 5548">
    <p class='ocr_par' dir='ltr' id='par_1_103' title="bbox 362 5476 1940 5548">
     <span class='ocr_line' id='line_1_103' title="bbox 362 5476 1940 5548; baseline -0.001 -17"><span class='ocrx_word' id='word_1_701' title='bbox 362 5478 593 5546; x_wconf 75' lang='grc' dir='ltr'>ἀκηδίαν</span> <span class='ocrx_word' id='word_1_702' title='bbox 624 5476 772 5545; x_wconf 79' lang='grc' dir='ltr'>αὑτῷ</span> <span class='ocrx_word' id='word_1_703' title='bbox 815 5476 1218 5547; x_wconf 68' lang='grc' dir='ltr'>προσρίψαντες</span> <span class='ocrx_word' id='word_1_704' title='bbox 1245 5519 1258 5537; x_wconf 86' lang='grc'><strong>,</strong></span> <span class='ocrx_word' id='word_1_705' title='bbox 1303 5477 1394 5529; x_wconf 54' lang='grc' dir='ltr'><strong>καὶ¹</strong></span> <span class='ocrx_word' id='word_1_706' title='bbox 1443 5479 1583 5548; x_wconf 73' lang='grc' dir='ltr'>πρὸς</span> <span class='ocrx_word' id='word_1_707' title='bbox 1635 5477 1798 5531; x_wconf 77' lang='grc' dir='ltr'>αὑτὸν</span> <span class='ocrx_word' id='word_1_708' title='bbox 1849 5477 1940 5530; x_wconf 78' lang='grc' dir='ltr'>τὸν</span> 
     </span>
    </p>
   </div>
   <div class='ocr_carea' id='block_1_104' title="bbox 369 5565 1938 5640">
    <p class='ocr_par' dir='ltr' id='par_1_104' title="bbox 369 5565 1938 5640">
     <span class='ocr_line' id='line_1_104' title="bbox 369 5565 1938 5640; baseline 0.002 -20"><span class='ocrx_word' id='word_1_709' title='bbox 369 5567 482 5636; x_wconf 77' lang='grc' dir='ltr'>βίον</span> <span class='ocrx_word' id='word_1_710' title='bbox 522 5572 676 5640; x_wconf 84' lang='grc' dir='ltr'>μῖσος</span> <span class='ocrx_word' id='word_1_711' title='bbox 705 5569 1074 5639; x_wconf 69' lang='grc' dir='ltr'>ἐργάσωνται,</span> <span class='ocrx_word' id='word_1_712' title='bbox 1109 5566 1202 5619; x_wconf 76' lang='grc' dir='ltr'>καὶ</span> <span class='ocrx_word' id='word_1_713' title='bbox 1237 5565 1378 5620; x_wconf 73' lang='grc' dir='ltr'>οὕτω</span> <span class='ocrx_word' id='word_1_714' title='bbox 1404 5572 1608 5639; x_wconf 71' lang='grc' dir='ltr'>γυμνὸν</span> <span class='ocrx_word' id='word_1_715' title='bbox 1641 5570 1804 5623; x_wconf 75' lang='grc' dir='ltr'>αὑτὸν</span> <span class='ocrx_word' id='word_1_716' title='bbox 1832 5570 1938 5630; x_wconf 82' lang='grc' dir='ltr'><strong>τῶν</strong></span> 
     </span>
    </p>
   </div>
   <div class='ocr_carea' id='block_1_105' title="bbox 609 5682 1380 5751">
    <p class='ocr_par' dir='ltr' id='par_1_105' title="bbox 609 5682 1380 5751">
     <span class='ocr_line' id='line_1_105' title="bbox 609 5682 1380 5751; baseline 0.004 -9"><span class='ocrx_word' id='word_1_717' title='bbox 609 5682 884 5749; x_wconf 62' lang='grc' dir='ltr'>Ριιτιιοῐ..</span> <span class='ocrx_word' id='word_1_718' title='bbox 919 5685 1022 5751; x_wconf 72' lang='grc' dir='ltr'>,ϐιι</span> <span class='ocrx_word' id='word_1_719' title='bbox 1100 5682 1380 5748; x_wconf 64' lang='lat' dir='ltr'><strong>LXXIX.</strong></span> 
     </span>
    </p>
   </div>
   <div class='ocr_carea' id='block_1_106' title="bbox 2035 4372 3607 4460">
    <p class='ocr_par' dir='ltr' id='par_1_106' title="bbox 2035 4372 3607 4460">
     <span class='ocr_line' id='line_1_106' title="bbox 2035 4372 3607 4460; baseline 0.015 -37"><span class='ocrx_word' id='word_1_720' title='bbox 2035 4372 2204 4437; x_wconf 78' lang='lat' dir='ltr'><strong>gloria</strong></span> <span class='ocrx_word' id='word_1_721' title='bbox 2235 4374 2497 4440; x_wconf 89' lang='lat' dir='ltr'><strong>ednlcari,</strong></span> <span class='ocrx_word' id='word_1_722' title='bbox 2550 4379 2879 4450; x_wconf 83' lang='lat' dir='ltr'><strong>assiduoque</strong></span> <span class='ocrx_word' id='word_1_723' title='bbox 2927 4383 3109 4440; x_wconf 79' lang='lat' dir='ltr'><strong>sobrie</strong></span> <span class='ocrx_word' id='word_1_724' title='bbox 3148 4401 3306 4460; x_wconf 82' lang='lat' dir='ltr'><strong>agere</strong></span> <span class='ocrx_word' id='word_1_725' title='bbox 3353 4388 3562 4460; x_wconf 68' lang='lat' dir='ltr'><strong>jejunio</strong></span> <span class='ocrx_word' id='word_1_726' title='bbox 3593 4434 3607 4454; x_wconf 93' lang='lat'><strong>,</strong></span> 
     </span>
    </p>
   </div>
   <div class='ocr_carea' id='block_1_107' title="bbox 2035 4467 3610 4550">
    <p class='ocr_par' dir='ltr' id='par_1_107' title="bbox 2035 4467 3610 4550">
     <span class='ocr_line' id='line_1_107' title="bbox 2035 4467 3610 4550; baseline 0.008 -31"><span class='ocrx_word' id='word_1_727' title='bbox 2035 4481 2098 4520; x_wconf 87' lang='lat' dir='ltr'><strong>ac</strong></span> <span class='ocrx_word' id='word_1_728' title='bbox 2131 4467 2381 4538; x_wconf 84' lang='lat' dir='ltr'><strong>prompto</strong></span> <span class='ocrx_word' id='word_1_729' title='bbox 2409 4470 2594 4524; x_wconf 85' lang='lat' dir='ltr'><strong>animo</strong></span> <span class='ocrx_word' id='word_1_730' title='bbox 2634 4471 2687 4524; x_wconf 90' lang='lat' dir='ltr'><strong>in</strong></span> <span class='ocrx_word' id='word_1_731' title='bbox 2726 4472 3090 4537; x_wconf 79' lang='lat' dir='ltr'><strong>orationibus,</strong></span> <span class='ocrx_word' id='word_1_732' title='bbox 3138 4488 3192 4531; x_wconf 79' lang='lat' dir='ltr'><strong>et</strong></span> <span class='ocrx_word' id='word_1_733' title='bbox 3232 4483 3610 4550; x_wconf 61' lang='lat' dir='ltr'><strong>congregatim</strong></span> 
     </span>
    </p>
   </div>
   <div class='ocr_carea' id='block_1_108' title="bbox 2039 4562 3611 4631">
    <p class='ocr_par' dir='ltr' id='par_1_108' title="bbox 2039 4562 3611 4631">
     <span class='ocr_line' id='line_1_108' title="bbox 2039 4562 3611 4631; baseline 0.006 -18"><span class='ocrx_word' id='word_1_734' title='bbox 2039 4562 2199 4616; x_wconf 88' lang='lat' dir='ltr'><strong>nibus</strong></span> <span class='ocrx_word' id='word_1_735' title='bbox 2222 4563 2395 4617; x_wconf 89' lang='lat' dir='ltr'><strong>sacris</strong></span> <span class='ocrx_word' id='word_1_736' title='bbox 2422 4565 2728 4631; x_wconf 88' lang='lat' dir='ltr'><strong>persistere,</strong></span> <span class='ocrx_word' id='word_1_737' title='bbox 2758 4565 2826 4618; x_wconf 91' lang='lat' dir='ltr'><strong>ita</strong></span> <span class='ocrx_word' id='word_1_738' title='bbox 2863 4568 3025 4621; x_wconf 84' lang='lat' dir='ltr'><strong>utsic</strong></span> <span class='ocrx_word' id='word_1_739' title='bbox 3060 4570 3412 4624; x_wconf 88' lang='lat' dir='ltr'><strong>ratiocinetur</strong></span> <span class='ocrx_word' id='word_1_740' title='bbox 3445 4591 3459 4625; x_wconf 85' lang='lat'><strong>:</strong></span> <span class='ocrx_word' id='word_1_741' title='bbox 3499 4573 3611 4627; x_wconf 83' lang='lat' dir='ltr'><strong>th</strong></span> 
     </span>
    </p>
   </div>
   <div class='ocr_carea' id='block_1_109' title="bbox 2037 4653 3613 4720">
    <p class='ocr_par' dir='ltr' id='par_1_109' title="bbox 2037 4653 3613 4720">
     <span class='ocr_line' id='line_1_109' title="bbox 2037 4653 3613 4720; baseline 0.006 -17"><span class='ocrx_word' id='word_1_742' title='bbox 2037 4659 2304 4719; x_wconf 85' lang='lat' dir='ltr'><strong>potestate</strong></span> <span class='ocrx_word' id='word_1_743' title='bbox 2338 4668 2474 4706; x_wconf 88' lang='lat' dir='ltr'><strong>cum</strong></span> <span class='ocrx_word' id='word_1_744' title='bbox 2510 4653 2710 4720; x_wconf 76' lang='lat' dir='ltr'><strong>essem,</strong></span> <span class='ocrx_word' id='word_1_745' title='bbox 2750 4655 2870 4711; x_wconf 85' lang='lat' dir='ltr'><strong>talis</strong></span> <span class='ocrx_word' id='word_1_746' title='bbox 2900 4672 3006 4711; x_wconf 89' lang='lat' dir='ltr'><strong>non</strong></span> <span class='ocrx_word' id='word_1_747' title='bbox 3043 4671 3214 4718; x_wconf 78' lang='lat' dir='ltr'><strong>erant.</strong></span> <span class='ocrx_word' id='word_1_748' title='bbox 3252 4659 3328 4714; x_wconf 91' lang='lat' dir='ltr'><strong>lbi</strong></span> <span class='ocrx_word' id='word_1_749' title='bbox 3366 4662 3510 4716; x_wconf 91' lang='lat' dir='ltr'><strong>enim</strong></span> <span class='ocrx_word' id='word_1_750' title='bbox 3561 4678 3613 4715; x_wconf 75' lang='grc' dir='ltr'><strong>οι</strong></span> 
     </span>
    </p>
   </div>
   <div class='ocr_carea' id='block_1_110' title="bbox 2040 4740 3611 4822">
    <p class='ocr_par' dir='ltr' id='par_1_110' title="bbox 2040 4740 3611 4822">
     <span class='ocr_line' id='line_1_110' title="bbox 2040 4740 3611 4822; baseline 0.008 -28"><span class='ocrx_word' id='word_1_751' title='bbox 2040 4740 2304 4805; x_wconf 84' lang='lat' dir='ltr'><strong>convicia,</strong></span> <span class='ocrx_word' id='word_1_752' title='bbox 2338 4749 2391 4794; x_wconf 90' lang='lat' dir='ltr'><strong>et</strong></span> <span class='ocrx_word' id='word_1_753' title='bbox 2421 4740 2656 4806; x_wconf 83' lang='lat' dir='ltr'><strong>dolores,</strong></span> <span class='ocrx_word' id='word_1_754' title='bbox 2681 4752 2733 4796; x_wconf 91' lang='lat' dir='ltr'><strong>et</strong></span> <span class='ocrx_word' id='word_1_755' title='bbox 2768 4745 3129 4818; x_wconf 84' lang='lat' dir='ltr'><strong>turbationes;</strong></span> <span class='ocrx_word' id='word_1_756' title='bbox 3170 4748 3255 4803; x_wconf 89' lang='lat' dir='ltr'><strong>hic</strong></span> <span class='ocrx_word' id='word_1_757' title='bbox 3277 4760 3456 4806; x_wconf 87' lang='lat' dir='ltr'><strong>autem</strong></span> <span class='ocrx_word' id='word_1_758' title='bbox 3485 4767 3611 4822; x_wconf 80' lang='lat' dir='ltr'><strong>pax,</strong></span> 
     </span>
    </p>
   </div>
   <div class='ocr_carea' id='block_1_111' title="bbox 2043 4831 3612 4904">
    <p class='ocr_par' dir='ltr' id='par_1_111' title="bbox 2043 4831 3612 4904">
     <span class='ocr_line' id='line_1_111' title="bbox 2043 4831 3612 4904; baseline 0.007 -21"><span class='ocrx_word' id='word_1_759' title='bbox 2043 4840 2094 4886; x_wconf 89' lang='lat' dir='ltr'><strong>et</strong></span> <span class='ocrx_word' id='word_1_760' title='bbox 2129 4831 2515 4900; x_wconf 84' lang='lat' dir='ltr'><strong>tranquillitas,</strong></span> <span class='ocrx_word' id='word_1_761' title='bbox 2544 4842 2596 4886; x_wconf 86' lang='lat' dir='ltr'><strong>et</strong></span> <span class='ocrx_word' id='word_1_762' title='bbox 2627 4834 2884 4900; x_wconf 78' lang='lat' dir='ltr'><strong>gaudium</strong></span> <span class='ocrx_word' id='word_1_763' title='bbox 2921 4855 2932 4889; x_wconf 90' lang='lat'>:</span> <span class='ocrx_word' id='word_1_764' title='bbox 2968 4837 3038 4890; x_wconf 92' lang='lat' dir='ltr'><strong>ibi</strong></span> <span class='ocrx_word' id='word_1_765' title='bbox 3074 4835 3251 4896; x_wconf 83' lang='lat' dir='ltr'><strong>Patris</strong></span> <span class='ocrx_word' id='word_1_766' title='bbox 3298 4843 3612 4904; x_wconf 65' lang='lat' dir='ltr'><strong>austeritas,</strong></span> 
     </span>
    </p>
   </div>
   <div class='ocr_carea' id='block_1_112' title="bbox 2042 4923 3616 4991">
    <p class='ocr_par' dir='ltr' id='par_1_112' title="bbox 2042 4923 3616 4991">
     <span class='ocr_line' id='line_1_112' title="bbox 2042 4923 3616 4991; baseline 0.006 -16"><span class='ocrx_word' id='word_1_767' title='bbox 2042 4931 2096 4975; x_wconf 90' lang='lat' dir='ltr'><strong>et</strong></span> <span class='ocrx_word' id='word_1_768' title='bbox 2124 4932 2323 4982; x_wconf 89' lang='lat' dir='ltr'><strong>metus,</strong></span> <span class='ocrx_word' id='word_1_769' title='bbox 2357 4929 2520 4990; x_wconf 88' lang='lat' dir='ltr'><strong>atque</strong></span> <span class='ocrx_word' id='word_1_770' title='bbox 2551 4923 2868 4991; x_wconf 86' lang='lat' dir='ltr'><strong>percussio;</strong></span> <span class='ocrx_word' id='word_1_771' title='bbox 2925 4925 3010 4979; x_wconf 90' lang='lat' dir='ltr'><strong>hic</strong></span> <span class='ocrx_word' id='word_1_772' title='bbox 3050 4941 3177 4980; x_wconf 87' lang='lat' dir='ltr'><strong>vero</strong></span> <span class='ocrx_word' id='word_1_773' title='bbox 3230 4929 3374 4986; x_wconf 85' lang='lat' dir='ltr'><strong>nulla</strong></span> <span class='ocrx_word' id='word_1_774' title='bbox 3412 4931 3616 4985; x_wconf 87' lang='lat' dir='ltr'><strong>sollici-</strong></span> 
     </span>
    </p>
   </div>
   <div class='ocr_carea' id='block_1_113' title="bbox 2045 5015 3618 5096">
    <p class='ocr_par' dir='ltr' id='par_1_113' title="bbox 2045 5015 3618 5096">
     <span class='ocr_line' id='line_1_113' title="bbox 2045 5015 3618 5096; baseline 0.006 -26"><span class='ocrx_word' id='word_1_775' title='bbox 2045 5015 2178 5070; x_wconf 89' lang='lat' dir='ltr'><strong>tudo</strong></span> <span class='ocrx_word' id='word_1_776' title='bbox 2209 5033 2221 5068; x_wconf 88' lang='grc' dir='ltr'><strong>ι</strong></span> <span class='ocrx_word' id='word_1_777' title='bbox 2252 5015 2417 5072; x_wconf 88' lang='lat' dir='ltr'><strong>titnor</strong></span> <span class='ocrx_word' id='word_1_778' title='bbox 2442 5015 2644 5075; x_wconf 91' lang='lat' dir='ltr'><strong>nullus.</strong></span> <span class='ocrx_word' id='word_1_779' title='bbox 2672 5016 2816 5070; x_wconf 86' lang='lat' dir='ltr'><strong>nulla</strong></span> <span class='ocrx_word' id='word_1_780' title='bbox 2848 5019 3127 5095; x_wconf 84' lang='lat' dir='ltr'><strong>percussio</strong></span> <span class='ocrx_word' id='word_1_781' title='bbox 3159 5039 3174 5076; x_wconf 86' lang='lat'><strong>:</strong></span> <span class='ocrx_word' id='word_1_782' title='bbox 3203 5029 3256 5076; x_wconf 93' lang='lat' dir='ltr'><strong>et</strong></span> <span class='ocrx_word' id='word_1_783' title='bbox 3285 5022 3363 5096; x_wconf 80' lang='lat' dir='ltr'><strong>sic</strong></span> <span class='ocrx_word' id='word_1_784' title='bbox 3391 5024 3443 5077; x_wconf 91' lang='lat' dir='ltr'><strong>in</strong></span> <span class='ocrx_word' id='word_1_785' title='bbox 3470 5025 3618 5079; x_wconf 77' lang='lat' dir='ltr'><strong>hisce</strong></span> 
     </span>
    </p>
   </div>
   <div class='ocr_carea' id='block_1_114' title="bbox 2047 5105 3617 5180">
    <p class='ocr_par' dir='ltr' id='par_1_114' title="bbox 2047 5105 3617 5180">
     <span class='ocr_line' id='line_1_114' title="bbox 2047 5105 3617 5180; baseline 0.006 -21"><span class='ocrx_word' id='word_1_786' title='bbox 2047 5105 2249 5161; x_wconf 88' lang='lat' dir='ltr'><strong>talibus</strong></span> <span class='ocrx_word' id='word_1_787' title='bbox 2281 5114 2518 5160; x_wconf 90' lang='lat' dir='ltr'><strong>mentem</strong></span> <span class='ocrx_word' id='word_1_788' title='bbox 2551 5107 2722 5176; x_wconf 87' lang='lat' dir='ltr'><strong>ipsius</strong></span> <span class='ocrx_word' id='word_1_789' title='bbox 2757 5105 3001 5162; x_wconf 88' lang='lat' dir='ltr'><strong>furantes</strong></span> <span class='ocrx_word' id='word_1_790' title='bbox 3033 5109 3384 5180; x_wconf 89' lang='lat' dir='ltr'><strong>subripiunt;</strong></span> <span class='ocrx_word' id='word_1_791' title='bbox 3416 5129 3478 5168; x_wconf 81' lang='lat' dir='ltr'><strong>ex</strong></span> <span class='ocrx_word' id='word_1_792' title='bbox 3515 5115 3617 5167; x_wconf 92' lang='lat' dir='ltr'><strong>im-</strong></span> 
     </span>
    </p>
   </div>
   <div class='ocr_carea' id='block_1_115' title="bbox 2048 5196 3629 5270">
    <p class='ocr_par' dir='ltr' id='par_1_115' title="bbox 2048 5196 3629 5270">
     <span class='ocr_line' id='line_1_115' title="bbox 2048 5196 3629 5270; baseline 0.005 -19"><span class='ocrx_word' id='word_1_793' title='bbox 2048 5199 2270 5270; x_wconf 86' lang='lat' dir='ltr'><strong>proviso</strong></span> <span class='ocrx_word' id='word_1_794' title='bbox 2299 5197 2484 5252; x_wconf 88' lang='lat' dir='ltr'><strong>itidem</strong></span> <span class='ocrx_word' id='word_1_795' title='bbox 2519 5196 2822 5252; x_wconf 86' lang='lat' dir='ltr'><strong>insilientes</strong></span> <span class='ocrx_word' id='word_1_796' title='bbox 2852 5211 3046 5252; x_wconf 89' lang='lat' dir='ltr'><strong>somno</strong></span> <span class='ocrx_word' id='word_1_797' title='bbox 3077 5208 3290 5270; x_wconf 85' lang='lat' dir='ltr'><strong>tempus</strong></span> <span class='ocrx_word' id='word_1_798' title='bbox 3323 5205 3629 5259; x_wconf 74' lang='lat' dir='ltr'><strong>excedente</strong></span> 
     </span>
    </p>
   </div>
   <div class='ocr_carea' id='block_1_116' title="bbox 2049 5287 3620 5366">
    <p class='ocr_par' dir='ltr' id='par_1_116' title="bbox 2049 5287 3620 5366">
     <span class='ocr_line' id='line_1_116' title="bbox 2049 5287 3620 5366; baseline 0.003 -22"><span class='ocrx_word' id='word_1_799' title='bbox 2049 5290 2374 5366; x_wconf 87' lang='lat' dir='ltr'><strong>legitimum,</strong></span> <span class='ocrx_word' id='word_1_800' title='bbox 2405 5289 2641 5344; x_wconf 89' lang='lat' dir='ltr'><strong>animam</strong></span> <span class='ocrx_word' id='word_1_801' title='bbox 2670 5287 2911 5343; x_wconf 90' lang='lat' dir='ltr'><strong>irrorant</strong></span> <span class='ocrx_word' id='word_1_802' title='bbox 2942 5299 3113 5352; x_wconf 89' lang='lat' dir='ltr'><strong>metu,</strong></span> <span class='ocrx_word' id='word_1_803' title='bbox 3146 5302 3199 5345; x_wconf 93' lang='lat' dir='ltr'><strong>et</strong></span> <span class='ocrx_word' id='word_1_804' title='bbox 3243 5297 3620 5366; x_wconf 80' lang='lat' dir='ltr'><strong>congregatio-</strong></span> 
     </span>
    </p>
   </div>
   <div class='ocr_carea' id='block_1_117' title="bbox 2050 5365 3619 5453">
    <p class='ocr_par' dir='ltr' id='par_1_117' title="bbox 2050 5365 3619 5453">
     <span class='ocr_line' id='line_1_117' title="bbox 2050 5365 3619 5453; baseline 0.002 -18"><span class='ocrx_word' id='word_1_805' title='bbox 2050 5399 2146 5436; x_wconf 89' lang='lat' dir='ltr'><strong>ncs</strong></span> <span class='ocrx_word' id='word_1_806' title='bbox 2202 5365 2388 5436; x_wconf 84' lang='lat' dir='ltr'><strong>sacras</strong></span> <span class='ocrx_word' id='word_1_807' title='bbox 2435 5379 2760 5449; x_wconf 81' lang='lat' dir='ltr'><strong>negligentia</strong></span> <span class='ocrx_word' id='word_1_808' title='bbox 2805 5381 3132 5451; x_wconf 84' lang='lat' dir='ltr'><strong>pigritiaque</strong></span> <span class='ocrx_word' id='word_1_809' title='bbox 3165 5386 3619 5453; x_wconf 78' lang='lat' dir='ltr'><strong>subexscindunt,</strong></span> 
     </span>
    </p>
   </div>
   <div class='ocr_carea' id='block_1_118' title="bbox 2047 5473 3629 5545">
    <p class='ocr_par' dir='ltr' id='par_1_118' title="bbox 2047 5473 3629 5545">
     <span class='ocr_line' id='line_1_118' title="bbox 2047 5473 3629 5545; baseline 0.002 -17"><span class='ocrx_word' id='word_1_810' title='bbox 2047 5490 2111 5530; x_wconf 88' lang='lat' dir='ltr'><strong>ac</strong></span> <span class='ocrx_word' id='word_1_811' title='bbox 2167 5474 2443 5544; x_wconf 88' lang='lat' dir='ltr'><strong>hospitum</strong></span> <span class='ocrx_word' id='word_1_812' title='bbox 2510 5473 2914 5542; x_wconf 80' lang='lat' dir='ltr'><strong>susceptionem</strong></span> <span class='ocrx_word' id='word_1_813' title='bbox 2977 5475 3446 5545; x_wconf 85' lang='lat' dir='ltr'><strong>perturbationem</strong></span> <span class='ocrx_word' id='word_1_814' title='bbox 3505 5491 3629 5531; x_wconf 85' lang='lat' dir='ltr'><strong>esse</strong></span> 
     </span>
    </p>
   </div>
   <div class='ocr_carea' id='block_1_119' title="bbox 2046 5568 3634 5638">
    <p class='ocr_par' dir='ltr' id='par_1_119' title="bbox 2046 5568 3634 5638">
     <span class='ocr_line' id='line_1_119' title="bbox 2046 5568 3634 5638; baseline 0 -14"><span class='ocrx_word' id='word_1_815' title='bbox 2046 5578 2508 5633; x_wconf 81' lang='lat' dir='ltr'><strong>commentantnr,</strong></span> <span class='ocrx_word' id='word_1_816' title='bbox 2545 5568 2838 5637; x_wconf 77' lang='lat' dir='ltr'><strong>omniaque</strong></span> <span class='ocrx_word' id='word_1_817' title='bbox 2878 5569 3104 5625; x_wconf 81' lang='lat' dir='ltr'><strong>malitiae</strong></span> <span class='ocrx_word' id='word_1_818' title='bbox 3136 5570 3456 5638; x_wconf 80' lang='lat' dir='ltr'><strong>producunt</strong></span> <span class='ocrx_word' id='word_1_819' title='bbox 3499 5584 3634 5638; x_wconf 60' lang='lat' dir='ltr'><strong>prmo</strong></span> 
     </span>
    </p>
   </div>
   <div class='ocr_carea' id='block_1_120' title="bbox 3196 5683 3270 5746">
    <p class='ocr_par' dir='ltr' id='par_1_120' title="bbox 3196 5683 3270 5746">
     <span class='ocr_line' id='line_1_120' title="bbox 3196 5683 3270 5746; baseline 0.027 -2"><span class='ocrx_word' id='word_1_820' title='bbox 3196 5683 3270 5746; x_wconf 65' lang='grc' dir='ltr'><strong>’ἐῢ</strong></span> 
     </span>
    </p>
   </div>
  </div>
