3918 6180
365 227 500 295 ιιδει

933 349 1182 405 ΚΕΦᾹΛ.
1221 351 1299 406 A'.

434 460 623 515 ’Ἔστιν
655 461 741 516 ὅτε
782 462 1085 533 βιαζόμεθα
1121 465 1368 536 καθαρὰν
1413 466 1511 536 τὴν
1556 464 1721 536 εὐχὴν
1773 465 1934 535 ποιῆ-

363 570 475 618 σαι,
508 554 604 607 καὶ
635 554 768 615 ῐσως
798 554 859 606 ού
888 553 1188 625 δυνάμεθα.
1228 555 1386 608 Ἐστι
1420 555 1596 608 δὲκαὶ
1630 555 1793 608 πάλιν
1825 556 1935 620 ὅτε,

360 646 422 698 οὑ
467 644 805 716 βιαζομένων
847 646 1026 717 ἡμῶν,
1073 647 1289 719 καθαρᾷ
1311 650 1376 719 τῇ
1408 650 1689 719 προσευχῇ
1726 648 1759 718 ἡ
1790 646 1936 719 ψυχὴ

360 740 659 807 ἐγγίνεται,
706 739 788 793 ὅτι
838 739 897 793 τὸ
944 739 1045 810 μὲν
1090 740 1191 811 τῆς
1230 739 1388 811 ἡμῶν
1423 739 1735 804 ἀσθενείας,
1768 739 1829 792 ea
1879 739 1937 793 δὲ

360 832 458 899 τῆς
487 830 695 886 ἄνωθεν
728 829 952 901 χάριτος
989 831 1402 903 ἐκκαλουμένης
1440 834 1590 903 ἡμᾶς
1618 832 1937 887 ἐπανελθεῖν

360 918 441 981 είς
464 918 561 989 τὴν
587 918 687 990 τῆς
712 918 891 991 ψυχῆς
917 919 1270 992 καθαρότητα
1287 962 1302 985 ,
1348 920 1469 992 ἅμα
1509 920 1566 974 δὲ
1611 921 1702 975 καλ¹
1728 921 1795 974 δι’
1824 922 1935 991 ἅμ·

360 1009 609 1079 φοτέρων
637 1009 1003 1081 παιδευούσης
1046 1014 1195 1083 ἡμᾶς
1248 1014 1322 1084 μὴ
1373 1015 1591 1077 ἑαυτοῖς
1628 1014 1937 1069 ἀποδιδόναι

360 1102 418 1157 ιν
449 1101 528 1171 τῷ
564 1100 997 1172 προσεύχεσθαι,
1029 1102 1146 1157 ἀλλ’
1182 1103 1571 1173 ἐπιγινώσκειν
1610 1105 1703 1159 τὸν
1733 1104 1937 1177 δωρού-

363 1209 544 1267 μενον.
574 1192 649 1251 Τὸ
682 1193 791 1264 γὰρ
814 1194 867 1246 τί
902 1194 1312 1265 προσευξόμεθα
1337 1197 1460 1251 καθ’
1484 1197 1512 1250 ὃ
1535 1197 1636 1262 δεῖ,
1664 1198 1764 1252 οὐκ
1790 1196 1937 1257 οἴδα-

364 1299 484 1353 μεν.
511 1283 679 1337 Ὅταν
708 1279 802 1337 οὖν
849 1284 1194 1356 καθαρθῆναι
1240 1286 1341 1357 τὴν
1386 1286 1551 1358 εὐχὴν
1596 1287 1935 1361 βιαζὼμεθα,

362 1374 461 1428 καὶ
500 1374 561 1428 ού
609 1374 914 1446 δυνάμεθα,
950 1377 1069 1436 ἀλλ’
1101 1378 1491 1449 ἐσκοτίσμεθα,
1534 1380 1656 1438 τότε
1706 1381 1938 1456 δάκρυσι

358 1466 460 1527 τὰς
491 1467 723 1537 παρειὰς
758 1469 1225 1543 καταϐρέξαντες,
1260 1470 1395 1525 Θεὸν
1438 1470 1807 1542 ἱκετεύσωμεν
1842 1472 1938 1526 ἐπὶ

360 1557 439 1629 τῷ
464 1558 782 1628 διαλυθῆναι
808 1559 903 1613 τοῦ
932 1560 1174 1632 πολέμου
1220 1561 1321 1632 τὴν
1346 1561 1537 1629 νύκτα,
1588 1564 1681 1617 καὶ
1736 1564 1938 1635 ἐλλαμ-

1476 233 1918 296 TRAC'I‘ATUS
1959 235 2058 295 AD
2099 235 2524 302 EULOGIUM.

3476 226 3610 292 1134

2601 345 2829 402 CAPUT
2876 345 3043 401 XXX.

2110 455 2323 513 Accidit
2354 456 2667 527 aliquando,
2706 465 2765 510 ut
2811 455 3083 521 enitamur
3114 467 3303 523 puram
3334 451 3609 507 επιιιιιιυτθ

2038 547 2345 603 orationem
2369 589 2385 611 ,
2420 558 2473 602 et
2504 546 2644 602 forte
2674 546 2995 617 nequimus;
3048 553 3103 601 et
3146 559 3177 599 e
3223 544 3439 597 diverso
3475 559 3609 596 cono

2036 639 2194 710 tingit
2250 653 2685 709 nonnunquam,
2740 649 2819 703 ut,
2880 636 3039 692 nobis
3088 651 3197 691 non
3237 636 3608 700 cnitentibus,

2037 731 2217 785 anima
2248 744 2400 800 purae
2432 730 2713 785 incumbat
2740 728 2974 783 oratiuni
3006 745 3020 782 :
3057 728 3187 797 quia
3218 727 3453 797 primum
3490 728 3611 797 qui-

2037 823 2159 879 dem
2196 831 2398 877 nostra:
2440 831 2524 877 est
2555 821 2908 883 infirmitatis,
2949 820 3094 876 istud
3134 829 3315 875 autem
3363 836 3612 891 superum

2036 915 2223 986 gratia}
2252 915 2569 970 advocantis
2599 930 2722 981 nos,
2758 923 2817 969 ut
2845 913 2912 968 ad
2939 913 3135 969 animae
3164 912 3457 982 puritatem
3488 912 3613 966 red-

2035 1020 2262 1071 eamus,
2327 1005 2493 1061 simul
2548 1020 2717 1071 vero,
2768 1013 2822 1059 et
2867 1019 2964 1073 per
3000 1012 3297 1073 utrumque
3336 1016 3438 1056 nos
3484 1001 3617 1056 edu-

2036 1097 2234 1162 centis,
2288 1112 2399 1153 non
2457 1096 2865 1165 nobismetipsis
2904 1096 3235 1160 attribuere,
3306 1092 3449 1164 quod
3491 1094 3612 1164 puri

2038 1204 2280 1255 oremus,
2316 1204 2503 1244 verum
2536 1204 2835 1260 agnoscere
2878 1189 3242 1253 donatorem;
3279 1186 3423 1255 quod
3467 1186 3612 1240 enim

2039 1280 2245 1351 aliquid
2279 1296 2588 1352 precemur,
2619 1290 2681 1335 ut
2710 1289 2942 1351 oportet,
2982 1280 3260 1336 nescimus
3288 1280 3355 1333 δ’.
3382 1277 3614 1344 Quando

2038 1372 2205 1443 igitur
2233 1374 2535 1428 orationem
2569 1388 2833 1429 conamur
2861 1373 3167 1444 puritleare,
3197 1381 3251 1427 et
3280 1386 3386 1426 non
3416 1385 3618 1441 possuv

2039 1477 2197 1526 mus,
2232 1462 2326 1519 sed
2364 1464 2601 1519 tenebris
2642 1462 2803 1518 affusi
2845 1478 3037 1518 sumus
3063 1501 3078 1526 ,
3135 1471 3266 1516 tunc
3291 1501 3306 1525 ,
3361 1461 3616 1532 lacrymis

2038 1569 2205 1626 genas
2236 1556 2548 1626 irrigantes,
2581 1555 2750 1611 Deum
2783 1556 3055 1625 supplices
3076 1569 3353 1623 rogemus,
3379 1562 3438 1607 ut
3466 1561 3617 1607 tene.

359 1648 565 1720 φθῆναι
620 1650 723 1721 τῆς
768 1650 949 1723 ψυχῆς
1008 1652 1068 1705 τὸ
1122 1653 1345 1723 φέγγος.
1390 1653 1627 1707 Ἕνεκεν·
1659 1648 1937 1718 διακονίας

2048 1646 2201 1701 brosa
2239 1647 2363 1701 belli
2397 1646 2561 1719 445
2598 1662 2706 1702 nox
2725 1647 3077 1710 dissolvatur,
3100 1645 3407 1713 animaeque
3439 1644 3618 1714 fulgor

364 1742 503 1796 ἐπὰν
526 1744 555 1797 ὁ
587 1742 904 1815 συμϐιώτης
940 1743 1167 1813 ἁδελφὸς
1199 1744 1467 1816 ὲκδημοίῃ
1492 1785 1509 1811 ,
1555 1744 1699 1799 κατὰ
1725 1745 1787 1798 τὸ
1814 1744 1937 1808 ἔθος

361 1834 472 1889 ⁴τῶν
500 1834 697 1906 εὐχῶν,
727 1833 1045 1900 ἀνακαίνιζε
1066 1835 1258 1890 τούτου
1287 1837 1386 1906 τὴν
1417 1837 1640 1907 μνήμην
1660 1854 1674 1868 ο
1711 1836 1854 1907 πέρα
1878 1836 1937 1889 δὲ

352 1921 458 1991 ,τοῦ
496 1923 697 1995 μέτρου
734 1923 927 1977 τοῦτον
954 1923 1031 1995 μὴ
1064 1925 1365 1993 φαντάζου,
1404 1925 1602 1995 μήπως
1632 1925 1732 1996 τὴν
1760 1926 1937 2003 ἀρχὴν

358 2013 464 2085 τῆς
499 2015 770 2086 μερίμνης
796 2015 906 2070 ἀπὸ
932 2015 1025 2070 σοῦ
1060 2015 1318 2080 λαϐόντες
1349 2018 1397 2070 οἱ
1428 2016 1703 2087 δαίμονες,
1732 2016 1937 2087 ταύτην

360 2106 665 2171 ἀκονῶντες
722 2108 816 2161 ἐπὶ
862 2107 1046 2167 πλεῖον
1093 2105 1420 2179 ὲποξύνωσι,
1488 2106 1803 2172 audieras;
1854 2125 1937 2168 σοι

359 2196 550 2257 τοῦτον
581 2199 639 2251 ὲν
670 2199 739 2270 τῇ
760 2197 870 2252 τῶν
898 2196 1129 2268 ψαλμῶν
1161 2198 1425 2270 ὑμνῳδίᾳ,
1458 2198 1551 2252 καὶ
1584 2198 1940 2271 ὑστεροῦντες

361 2290 420 2343 δν
447 2288 568 2360 Θεῷ
602 2289 701 2359 τῆς
731 2288 876 2343 κατὰ
906 2288 1042 2343 Θεὸν
1082 2288 1355 2365 μερίμνης
1380 2328 1395 2353 ,
1439 2291 1527 2344 ἶνα
1564 2290 1804 2363 μερίμνῃ
1843 2290 1941 2360 μέ-

363 2395 564 2450 ριμναν
639 2377 1098 2448 ἀντικρούσαντες
1166 2379 1548 2450 αἰχμαλώτους
1611 2382 1763 2451 ἡμᾶς
1832 2380 1940 2433 τῶν

363 2469 692 2541 κρειττόνων
739 2470 1111 2539 ἁπαγάγωσιν
1136 2511 1151 2537 ,
1184 2473 1265 2535 εἰς
1294 2471 1354 2525 τὸ
1395 2472 1472 2543 μὴ
1504 2470 1817 2540 λογίζεσθαι
1856 2470 1940 2534 τὸ,

346 2554 389 2627 ί(
431 2562 747 2637 Ἐπίρῤιψον
765 2565 857 2617 ἐπὶ
891 2563 1095 2636 Κύριον
1119 2562 1218 2636 τὴν
1257 2564 1526 2636 μέριμναν
1560 2572 1675 2621 σου.
1712 2584 1731 2617 ι
1765 2566 1942 2619 Ἰσασι

363 2654 573 2726 γὰρκῦς
604 2657 668 2713 ἐκ
695 2655 796 2726 τῆς
819 2656 1080 2727 περιττῆς
1105 2659 1236 2729 περὶ
1263 2656 1356 2711 τοῦ
1386 2654 1618 2725 ἀδελφοῦ
1640 2656 1940 2727 φροντίδος,

363 2752 448 2805 ὃτι
474 2750 568 2803 καὶ
596 2749 770 2813 λύπας
795 2749 1201 2820 ὲντορνεύουσιν
1232 2750 1697 2822 ὑποταράττοντες
1726 2749 1787 2805 τὺ
1814 2752 1948 2821 ἡγε-

368 2840 611 2913 μονικόν.
642 2841 765 2897 Ἔτι
790 2840 847 2894 δὲ
880 2841 975 2897 καὶ
1007 2840 1243 2911 μέμψεις
1290 2829 1624 2911 βραδύτητος
1658 2840 1940 2909 ὑφάπτου-

368 2949 474 2996 σιν,
505 2932 578 2996 ib;
619 2931 1071 3004 ύπαμελήσαντος
1108 2932 1204 2985 τοῦ
1252 2931 1483 3003 ἀδελφοῦ
1513 2932 1643 3004 περὶ
1685 2933 1785 3002 τῆς
1822 2931 1939 2991 δια-

2041 1738 2364 1794 illustretur.
2400 1738 2653 1805 Quando,
2690 1752 2858 1794 causa
2904 1737 3233 1803 ministerii,
3285 1735 3453 1791 frater
3487 1752 3620 1793 con-

2040 1830 2214 1886 victor
2246 1845 2471 1905 peregre
2504 1830 2863 1894 discesserit,
2909 1829 3067 1899 juxta
3102 1838 3353 1887 votorum
3386 1843 3621 1885 consuco

2040 1919 2305 1987 tudinem,
2338 1920 2460 1986 ejus
2487 1936 2687 1976 renova
2716 1920 3059 1985 memoriam,
3090 1927 3150 1975 at
3176 1930 3369 1993 praeter
3397 1919 3616 1974 modum

2038 2024 2107 2066 ne
2141 2009 2320 2082 ipsum
2352 2009 2690 2079 imagineris,
2721 2024 2789 2066 ue
2818 2007 2956 2065 forte
2986 2007 3620 2067 initium-sollicitudinis

2039 2102 2317 2163 danuoues
2350 2116 2380 2156 a
2410 2109 2462 2155 te
2490 2109 2790 2165 sumentes,
2827 2100 2959 2155 illud
2999 2098 3247 2157 acuendo
3281 2099 3453 2155 multo
3497 2101 3611 2155 red-

2040 2192 2173 2247 dant
2196 2192 2433 2257 acutius,
2480 2206 2603 2247 eum
2642 2192 2737 2249 tibi
2774 2177 3165 2249 adumbrantes
3196 2193 3248 2251 iu
3283 2191 3619 2263 psalmorum

2041 2285 2444 2348 decantatioue,
2478 2284 2643 2354 inque
2665 2284 2867 2341 divinis
2891 2284 3026 2355 ipsis
3055 2285 3248 2342 officiis
3268 2299 3401 2340 cura
3421 2286 3622 2341 orban-

2042 2391 2146 2441 tes,
2182 2392 2307 2447 quae
2355 2377 2657 2435 secundum
2694 2375 2865 2437 Deum
2916 2386 3002 2432 est
3041 2395 3054 2431 :
3107 2385 3203 2442 ut,
3254 2392 3386 2433 cura
3430 2392 3619 2435 curam

2044 2469 2388 2539 repellentes,
2416 2482 2520 2523 nos
2546 2484 2577 2522 a
2605 2468 2770 2527 rebus
2797 2456 3119 2529 melioribus
3148 2468 3421 2531 abducant
3446 2470 3620 2537 captis»

2040 2576 2174 2626 vos,
2224 2570 2277 2617 et
2311 2576 2420 2621 non
2454 2560 2753 2632 c0gitemus
2784 2562 2851 2621 de
2879 2561 2970 2618 ill'o
2997 2561 3186 2617 dicto:
3217 2577 3237 2612 ι
3272 2559 3425 2616 Jacta
3456 2575 3622 2630 super

2042 2651 2334 2709 Dominum
2371 2668 2558 2709 curam
2610 2664 2761 2708 tuam
2788 2654 2889 2709 "2
2929 2671 2950 2707 ι
3001 2652 3217 2708 Norunt
3263 2652 3504 2723 quippe,
3552 2667 3621 2707 ex

2042 2761 2175 2801 cura
2207 2746 2372 2801 etiam
2403 2746 2548 2803 circa
2583 2744 2805 2802 fratrem
2839 2744 3133 2816 superflua,
3163 2746 3356 2802 ducem
3388 2746 3622 2802 rationis

2043 2849 2279 2897 mentem
2329 2840 2725 2906 subturbando,
2754 2840 3074 2902 afﬂictiones
3112 2841 3449 2914 insculpere;
3479 2855 3619 2912 pra).

2044 2942 2190 2988 terea
2244 2948 2408 2999 vero,
2461 2940 2516 2988 et
2562 2931 2812 3003 querelas
2863 2931 3135 2987 tarditatis
3186 2931 3620 2999 subaccendunt,

367 3024 553 3087 κονίας
597 3022 873 3094 σπουδὴν,
925 3023 1073 3085 ὅπως
1100 3022 1128 3073 ὁ
1169 3022 1573 3095 πολυμέριμνος
1603 3021 1766 3085 πόθος
1810 3021 1940 3085 ἴσως

2048 3025 2202 3096 quasi
2249 3023 2415 3081 fratre
2438 3024 2883 3096 subnegligenter
2923 3033 3115 3095 agente
3142 3024 3287 3081 circa
3333 3023 3619 3081 ministerii

366 3116 463 3171 καὶ
509 3116 589 3179 είς
635 3118 790 3187 μῖσος
821 3116 1093 3185 ἐκτραπῇ.
1130 3113 1290 3178 Ἐθος
1328 3114 1385 3169 δὲ
1419 3116 1479 3168 ὲν
1523 3116 1643 3177 ταῖς
1684 3114 1809 3184 περὶ
1849 3113 1942 3168 τὸν

366 3208 649 3279 ἀπόδημον
685 3206 979 3277 μερίμναις
1007 3208 1101 3264 καὶ
1134 3205 1292 3265 τοῦτο
1320 3207 1499 3265 ποιεῖν
1527 3207 1639 3267 τοῖς
1664 3204 1941 3276 δαίμοσιν,

369 3300 429 3355 ἑν
555 3299 739 3353 ἴδωσιν
777 3297 940 3357 αὑτὸν
986 3297 1433 3369 παραγενόμενον
1468 3298 1655 3378 ἡμέρᾳ
1704 3297 1944 3370 κατόναρ

368 3390 560 3447 τοῦτον
603 3390 972 3462 ὲσοπτρίζειν,
1011 3390 1101 3445 ἴνα
1145 3390 1221 3454 ὡς
1255 3392 1318 3447 ὲκ
1360 3389 1455 3449 τοῦ
1504 3390 1810 3455 ἀποόἀντος
1856 3392 1944 3444 ὲν-

352 3480 563 3551 ⁵υττνίου
590 3480 885 3550 ποιήσωσιν
902 3481 1049 3551 ἡμᾶς
1082 3482 1141 3534 ὲν
1158 3480 1334 3552 καιρῷ
1361 3480 1469 3534 τῶν
1497 3480 1791 3551 ἀποδήμων
1818 3480 1945 3543 τοὺς

350 3575 661 3646 ,προφήτας
708 3573 819 3627 τῶν
863 3572 1133 3630 ἐνυπνίων
1183 3573 1279 3626 καὶ
1317 3572 1479 3627 πάλιν
1521 3570 1942 3643 προσδέχεσθαι,

352 3662 950 3733 ,οὒςλὰποστρὲφεσθαι
980 3663 1063 3717 δεῖ
1093 3661 1296 3732 μᾶλλον
1326 3662 1422 3716 καὶ
1445 3661 1652 3731 σφόδρα
1686 3660 1947 3733 ἐκτρέπε-

375 3755 538 3820 σθαι,
572 3756 771 3825 μήπως
806 3758 870 3809 ὲκ
900 3755 1107 3817 τούτων
1162 3754 1254 3815 καὶ
1297 3756 1376 3823 είς
1416 3755 1579 3831 ἕτερα
1621 3755 1721 3833 τὴν
1766 3755 1946 3827 ψυχὴν

373 3844 854 3917 ἁποπλανήσωσιν.

942 4136 1194 4190 ΚΕΦΑΑ.
1235 4137 1359 4192 AA'.

446 4268 710 4341 Προῖςαςι
752 4269 863 4338 γὰρ
893 4265 1039 4323 οὗτοι
1073 4270 1183 4339 μὲν
1206 4269 1374 4333 οὐδὲν,
1414 4268 1451 4323 ἃ
1484 4270 1539 4323 δὲ
1575 4269 1831 4340 βλέπουσι
1863 4286 1947 4339 γι-

2045 3117 2324 3181 studium,
2362 3125 2421 3171 ut
2457 3116 2787 3175 desiderium
2847 3117 3002 3177 valde
3051 3116 3346 3172 sollicitum
3390 3116 3622 3172 forsitan

2048 3209 2101 3264 in
2132 3211 2317 3267 odium
2366 3225 2585 3281 quoque
2629 3217 3002 3268 convertatur.
3054 3209 3112 3264 lu
3166 3208 3622 3265 sollicitudinibus

2044 3312 2254 3367 autem,
2280 3317 2403 3372 qua:
2432 3302 2577 3358 circa
2621 3317 2843 3372 peregre
2870 3312 3117 3374 agentem
3164 3301 3453 3368 habentur,
3502 3317 3625 3358 mos

2044 3399 2130 3445 est
2157 3389 2503 3445 daemonibus
2526 3428 2543 3456 ,
2576 3399 2630 3445 et
2660 3391 2791 3446 illud
2833 3390 3014 3449 facere
3045 3410 3059 3447 :
3097 3392 3153 3448 in
3184 3392 3273 3448 die
3301 3408 3411 3462 qua
3442 3393 3625 3450 sciunt

2046 3482 2226 3551 ipsum
2260 3480 2600 3546 adfuturum,
2643 3496 2741 3551 per
2772 3484 3050 3539 somnium
3102 3484 3249 3538 velut
3302 3484 3355 3538 in
3400 3487 3624 3556 speculo

2047 3589 2171 3628 eum
2200 3572 2461 3628 exhibere
2482 3574 2686 3638 solent,
2712 3581 2772 3629 ut
2791 3589 2857 3633 ex
2875 3574 3150 3631 insomnio
3170 3576 3314 3646 quod
3339 3578 3621 3643 successit,

2048 3658 2253 3719 faciant
2292 3660 2443 3730 quod
2479 3669 2719 3732 tempore
2749 3678 2972 3735 peregre
3002 3665 3464 3732 proficiscentium
3497 3683 3622 3722 rur-

2048 3767 2144 3807 sus
2176 3759 2560 3822 exspectemus
2595 3753 2909 3825 prophetas,
2959 3769 3054 3811 seu
3101 3755 3427 3829 interpretes
3474 3774 3625 3815 som-

2048 3844 2266 3901 niorum
2290 3887 2305 3911 ,
2336 3860 2478 3915 quos
2513 3846 2696 3918 potius
2736 3848 2977 3904 aversari
3019 3858 3251 3919 oportet,
3284 3851 3625 3923 multumque

2049 3938 2118 3992 ab
2146 3937 2215 3993 iis
2240 3937 2431 4002 averti,
2466 3952 2536 3992 ne
2563 3936 2703 3992 forte
2733 3954 2796 3997 ex
2833 3939 2952 3995 istis
2978 3940 3033 4000 in
3065 3940 3190 3997 aliis
3228 3956 3447 4013 quoque
3474 3942 3624 4001 deei-

2048 4027 2199 4100 piant
2226 4028 2483 4089 animam.

2608 4143 2841 4201 CAPUT
2880 4144 3073 4201 XXXI.

2135 4266 2337 4326 Verum
2368 4271 2470 4343 ipsi
2504 4270 2723 4342 quidem
2761 4272 2957 4330 fratres
2991 4275 3127 4331 nihil
3160 4276 3473 4347 praescium,
3507 4293 3631 4351 quin

375 4360 575 4431 νόμενα
602 4400 616 4422 ,
647 4359 821 4413 ταῦτα
849 4360 1142 4431 μηνίουσι,
1169 4362 1263 4414 καὶ
1294 4360 1653 4429 φαντάζουσι’
1686 4362 1943 4426 πολλάκις

2052 4370 2233 4416 autem
2293 4362 2479 4419 vident
2533 4364 2671 4430 fieri,
2738 4366 2855 4436 ipsa
2913 4367 3258 4434 annuutiant,
3326 4376 3381 4424 et
3434 4370 3629 4442 imagi-r

373 4451 507 4519 γοῦν
546 4451 669 4506 καθ’
710 4452 943 4521 ἡσυχίαν
1004 4450 1174 4504 ὅντων
1210 4452 1399 4523 ἡμῶν,
1436 4451 1765 4524 θεασάμενοι
1808 4452 1944 4525 πρὸς

374 4542 524 4615 ἡμᾶς
548 4544 779 4613 ἀδελφὸν
801 4543 1118 4614 ἐρχόμενον.
1147 4543 1236 4596 διὰ
1261 4542 1370 4596 τῶν
1407 4544 1683 4614 λογισμῶν
1709 4545 1948 4615 προεσή-

377 4649 577 4704 μαναν,
625 4626 707 4694 οἷς
736 4633 795 4684 οὐ
825 4635 931 4703 χρὴ
976 4631 1279 4697 πιστεύειν,
1322 4633 1425 4687 κᾶν
1465 4632 1647 4701 λέγειν
1692 4636 1739 4687 τ’
1773 4635 1948 4705 ἀληθῆ

373 4724 669 4795 νομίζωσι·
721 4722 812 4776 διὰ
852 4722 965 4793 γὰρ
1007 4721 1108 4791 τῆς
1150 4721 1311 4794 δῆθεν
1356 4722 1614 4794 ἀληθείας
1655 4722 1717 4781 τὸ
1758 4722 1953 4792 ψεῦδος

375 4816 863 4889 παρεισφέρουσιν,
900 4814 990 4869 ἵνα
1018 4817 1082 4868 ὲκ
1105 4814 1199 4868 τοῦ
1223 4815 1367 4870 κατά
1402 4816 1571 4887 μέρος
1602 4819 1725 4884 ταῖς
1754 4817 1955 4890 ἔμπρο-

376 4908 502 4965 σθεν
538 4908 677 4972 ὁδοῖς
707 4905 1103 4977 τοὺς-βρόχους
1147 4905 1562 4980 ὑπογράφωσιν.
1600 4907 1813 4978 Ὥσπερ
1855 4909 1953 4961 ἀν-

376 5001 646 5071 έργαστος
673 4998 896 5071 χρυσὸς,
928 5000 989 5051 ὲν
1017 4999 1372 5071 χωνευτηρίῳ
1398 4998 1751 5069 βαλλόμενος,
1783 4999 1953 5053 καθα-

379 5091 615 5165 ρώτερος
643 5092 895 5161 γίνεται,
938 5089 1084 5144 οὕτω
1114 5091 1207 5145 καὶ
1231 5090 1425 5159 νέηλυς
1464 5091 1716 5163 μοναχδς,
1746 5094 1806 5146 ἐν
1842 5109 1959 5146 κοιφ

376 5183 542 5254 νοὸίῳ
570 5183 640 5236 τὰ
663 5184 772 5253 ἢθη
813 5182 1313 5253 ἀναχωνευόμενος,
1346 5181 1571 5252 φαιδρὸς
1603 5186 1721 5246 ταῖς
1758 5200 1958 5254 καρτε-

379 5270 526 5340 ρίαις
578 5269 1046 5325 ἀποκαθίσταται·
1098 5270 1191 5324 διὰ
1242 5270 1351 5340 γὰρ
1401 5270 1504 5341 τῆς
1551 5272 1821 5343 ἐπιταγῆς
1850 5273 1959 5327 τῶν

376 5359 623 5429 ἀδελφῶν
658 5359 756 5430 τὴν
786 5361 1035 5430 ὑπακοὴν
1073 5360 1367 5431 μανθάνειν
1400 5362 1834 5441 κατεργάζεται⁹
1870 5364 1959 5418 διὰ

379 5450 440 5502 ει
460 5451 557 5505 τοῦ
583 5453 1012 5525 ἐπιπλήττοντος
1036 5454 1387 5524 ἑτοιμάζεται
1419 5454 1518 5526 τὴν
1548 5454 1711 5526 φύσιν
1736 5472 1953 5529 μακρο-

453 5651 498 5683 ³¹
534 5649 687 5707 Rom.
719 5668 838 5715 vnt,
873 5652 963 5709 36.
1041 5655 1111 5687 ⁵¹⁶
1142 5654 1285 5710 Psal.
1315 5671 1422 5719 ιιν,
1454 5655 1544 5717 25,

2054 4463 2255 4509 nautur
2282 4472 2297 4509 :
2326 4456 2525 4527 sapius
2559 4456 2743 4528 igitur,
2796 4474 2917 4513 cum
2965 4458 3130 4533 446
3169 4475 3270 4515 nos
3315 4460 3369 4515 in
3418 4461 3630 4529 placida

2055 4546 2238 4615 quiete
2269 4548 2628 4614 resideamus,
2662 4550 2964 4619 conspicati
3012 4551 3234 4606 fratrem
3272 4550 3338 4604 ad
3384 4564 3490 4607 nos
3536 4567 3629 4607 γοα

2057 4637 2297 4692 nieutem
2330 4654 2426 4709 per
2471 4640 2706 4710 cogitata
2756 4641 3232 4710 prmnuntiarunt,
3282 4640 3481 4711 quibus
3523 4657 3629 4696 non

2063 4736 2277 4797 oportet
2299 4729 2542 4794 credere,
2576 4732 2827 4800 quamvis
2860 4732 3039 4787 dicere
3074 4747 3199 4787 vera
3235 4742 3453 4804 putent,
3503 4734 3630 4804 quia

2061 4832 2161 4891 per
2200 4832 2319 4873 eam
2353 4818 2606 4875 videlicet
2653 4821 2937 4877 veritatem
2986 4822 3329 4880 mendacium
3388 4823 3633 4878 subinfeo

2060 4917 2211 4974 runt,
2262 4917 2323 4965 ut
2371 4924 2434 4965 ex
2490 4910 2805 4980 partieulari
2857 4912 3114 4981 quopiam
3165 4914 3289 4979 viis,
3339 4928 3461 4984 quae
3505 4924 3635 4970 sunt

2062 5008 2190 5055 ante
2216 5013 2338 5067 nos,
2371 4998 2598 5069 laqueos
2638 5000 2797 5070 quasi
2831 5001 3123 5056 delineent.
3160 5001 3631 5069 Quemadmodum

2057 5109 2253 5152 aurum
2287 5092 2342 5149 in
2379 5109 2510 5151 vase
2543 5094 2768 5164 parvulo
2798 5096 3120 5165 argillaeeo,
3164 5097 3217 5151 in
3272 5113 3382 5169 quo
3418 5098 3632 5153 metalla

2059 5184 2364 5241 funduntur
2403 5193 2457 5239 et
2494 5186 2802 5255 liquefiunt,
2828 5188 3153 5257 projectum,
3185 5188 3363 5242 evadit
3396 5188 3630 5258 purius:

2059 5277 2133 5331 ita
2166 5287 2219 5332 et
2246 5277 2491 5334 novellus
2527 5279 2829 5333 monachus
2877 5279 2930 5332 in
2979 5277 3231 5334 coenobio
3263 5281 3421 5349 quasi
3453 5281 3640 5335 metal-

2059 5367 2192 5430 lum,
2239 5369 2452 5438 positus
2506 5369 2573 5424 ad
2616 5368 3001 5440 expurgandos
3053 5384 3271 5435 mores,
3331 5368 3643 5427 tolerantiis

2060 5460 2416 5529 praefulgidus
2449 5460 2730 5533 redditur;
2761 5475 2857 5537 per
2886 5461 3201 5517 mandatum
3232 5462 3377 5521 enim
3407 5462 3649 5521 fratrum
