3956 6206
343 211 480 278 H35

1756 224 1998 283 S..\'lLl

3456 222 3590 284 Ῑῖῗῖϋ

339 330 689 398 disciplinain
723 330 1042 384 obedientiae
1075 332 1305 400 perlicit,
1339 348 1429 400 per
1470 334 1792 402 aﬂligentetn
1824 351 1906 385 an-

2022 332 2223 402 θυμίαν
2250 333 2412 402 ἔχειν.
2445 335 2614 386 Ὂταν
2645 329 2738 385 οὖν
2770 336 2911 404 χαρᾷ
2941 336 3039 398 τὰς
3073 335 3257 405 δεηθείς
3295 339 3595 408 καταδέχτι-

340 430 445 468 tem
482 434 635 472 suam
699 430 963 486 praaparat
1015 432 1266 474 naturam
1326 421 1393 474 ad
1442 422 1910 489 longanitnitatem

341 507 686 572 habendam;
735 510 953 577 quando
1001 524 1130 578 ergo
1179 490 1377 579 gaudio
1422 514 1682 582 suscipiat
1724 523 1915 567 contu-

338 599 549 662 melias,
587 600 959 669 tenuitateque
990 601 1377 656 demissionem
1431 605 1598 656 animi
1642 604 1915 673 amplexe-

340 700 448 752 tur,
502 692 750 757 superior
783 692 1049 760 appositis
1097 694 1321 750 effectus
1371 696 1738 763 passionibus,
1787 704 1915 750 tunc

341 781 636 836 virtutibus
676 798 965 837 coruscare
990 786 1289 850 contendit,
1319 785 1495 854 gratia
1533 786 1635 855 ipsi
1678 787 1914 855 amplius

339 878 483 928 vires
509 875 862 942 concedente,
901 888 955 929 et
984 877 1279 945 copiosius.
1319 878 1471 930 Sicut
1496 878 1589 947 qui
1627 878 1680 931 in
1706 879 1914 932 radices

341 974 499 1017 terra:
526 965 863 1019 descendunt
890 981 1082 1020 aurum
1110 965 1389 1021 refodiunt
1419 986 1431 1019 :
1467 968 1559 1031 ita,
1597 968 1688 1037 qui
1727 968 1781 1022 in
1818 983 1913 1022 au-

341 1058 544 1109 reolam
579 1057 941 1112 humilitatem
964 1058 1322 1123 descendunt,
1354 1060 1578 1114 virtutes
1607 1068 1912 1128 reportant.

336 1147 489 1201 Tunc
522 1149 828 1203 intellectus
860 1150 1138 1218 prrescntit
1166 1153 1429 1221 requiem,
1456 1153 1674 1221 quando
1702 1153 1912 1221 passio-

335 1257 465 1293 num
531 1240 778 1294 recidens
839 1256 1034 1294 causas
1074 1242 1217 1295 circa
1274 1244 1787 1312 contemplationem
1838 1244 1916 1298 sit

333 1345 653 1402 occupatus,
690 1345 816 1387 ante
871 1350 996 1387 vero
1039 1334 1254 1387 illarum
1295 1335 1650 1401 incisionem,
1696 1346 1915 1391 contra-

333 1429 537 1481 riorutn
572 1442 765 1496 pugna:
798 1426 1008 1481 inﬁrme
1035 1427 1324 1495 accedens,
1360 1428 1598 1484 laborem
1629 1429 1909 1499 persentit,

334 1534 396 1574 'JC
431 1534 724 1573 aerumnas.

882 1693 1111 1751 CAPUT
1152 1695 1361 1750 XXX”.

406 1850 574 1904 Senes
606 1849 833 1903 libenter
878 1851 1258 1919 amplexantur
1302 1849 1603 1904 solitarium
1646 1850 1910 1920 gradatim

332 1950 714 2012 comparatum
753 1957 1065 2011 recessum;
1102 1945 1147 2000 si
1182 1944 1348 1999 modo
1382 1945 1525 2015 quis,
1562 1959 1685 1998 cum
1717 1945 1769 1998 in
1802 1960 1911 2000 cm-

334 2036 501 2089 nobio
545 2034 774 2089 virtutes
812 2035 1134 2105 perfecerit,
1187 2051 1252 2091 co
1303 2052 1476 2106 usque
1531 2037 1806 2106 pervenit;
1860 2046 1913 2092 et

331 2128 552 2198 quidem
586 2129 829 2199 seipsum
866 2131 1057 2199 probet
1106 2147 1173 2184 an
1210 2129 1385 2200 possit
1426 2130 1477 2183 in
1528 2145 1748 2184 recessu
1787 2144 1907 2199 pro-

331 2222 515 2286 licere,
550 2221 634 2274 sin
666 2234 816 2286 vero,
845 2220 986 2275 haud
1013 2220 1175 2293 “7
1210 2222 1419 2287 valens,
1458 2221 1659 2275 virtute
1686 2220 1910 2276 frustrev

333 2324 445 2378 tur,
474 2314 716 2367 reﬂectat
753 2313 854 2369 iter
892 2314 957 2367 ad
989 2315 1320 2375 twnobium,
1365 2329 1430 2367 ne
1476 2312 1734 2379 forsitan,
1785 2328 1907 2366 cum

333 2405 726 2475 cogitationum
774 2404 1273 2459 machinationibus
1314 2418 1597 2457 occurrere
1638 2417 1749 2456 non
1792 2414 1912 2471 pos-

334 2497 427 2560 sit,
462 2498 677 2551 excidat
710 2506 909 2552 mente.
947 2495 1419 2563 Quemadmodum
1455 2497 1629 2551 vidua:
1676 2497 1908 2566 lugentis

333 2590 589 2645 solatium
626 2596 753 2643 sunt
782 2589 911 2655 lilii,
964 2590 1044 2645 sic
1086 2599 1139 2644 et
1191 2591 1407 2652 animm,
1445 2604 1565 2659 quae
1595 2590 1904 2659 deliquerit,

334 2681 656 2743 consolatio,
685 2680 897 2737 labores
932 2690 1079 2745 sunt,
1120 2684 1213 2751 qui
1241 2681 1673 2751 desperationem
1702 2682 1908 2751 cogita-

336 2773 544 2826 tionum
601 2772 905 2841 dissipant,
939 2782 991 2827 et
1030 2774 1367 2842 paenitentiae
1417 2773 1667 2827 fiduciam
1714 2786 1905 2839 snper-

331 2867 625 2929 seminaut,
657 2875 708 2918 et
736 2865 1146 2920 misericordias
1170 2865 1376 2920 Christi
1407 2850 1700 2932 publicant,
1735 2877 1797 2916 ac
1822 2863 1905 2915 di-

329 2955 575 3024 vulgant,
602 2964 918 3024 patrataque
941 2964 1160 3023 peccata
1185 2956 1554 3023 proscribunt.
1585 2951 1699 3005 Non
1728 2951 1902 3007 solum

329 3060 461 3116 ergo
520 3045 782 3099 debemus
846 3043 1005 3114 quasi
1053 3058 1117 3097 ex
1171 3042 1568 3098 consuetudine
1624 3039 1903 3095 laboribus

332 3139 649 3194 incumbere
680 3139 979 3207 operando,
1022 3150 1208 3191 verum
1245 3147 1297 3190 et
1323 3134 1573 3205 prudenti
1602 3133 1901 3204 gratiarum
1933 3133 1973 3152 "

329 3233 558 3286 actionis
585 3233 787 3296 animo,
840 3229 1120 3283 ne'hocee
1159 3229 1437 3299 sapientia:
1494 3228 1676 3282 studio
1723 3226 1903 3279 anima

334 3325 476 3376 nuda
505 3323 907 3392 comperiatnr;
937 3321 980 3375 si
1006 3334 1243 3389 namque
1266 3321 1319 3373 in
1350 3333 1675 3389 unaquaque
1692 3319 1904 3371 actione

330 3416 469 3469 bene
509 3416 758 3468 novimus
790 3427 935 3477 eum,
984 3411 1075 3479 qui
1124 3410 1369 3465 laborum
1418 3408 1552 3462 fines
1600 3407 1899 3477 elargitnr,

327 3507 627 3578 gratiarum
674 3504 888 3559 actione
940 3504 1310 3573 obsignemus.
1380 3499 1536 3555 Sicut
1589 3512 1780 3568 panem
1834 3497 1903 3550 al)

332 3600 539 3654 infante
571 3598 787 3652 catulus
809 3596 1023 3665 eripere
1052 3593 1364 3658 insidiatur,
1396 3592 1470 3646 ita
1499 3590 1844 3661 prudentiam
1872 3603 1901 3641 a

331 3690 496 3745 corde
540 3687 797 3751 cogitatio
850 3685 990 3739 mala
1025 3701 1039 3737 :
1080 3698 1147 3737 ne
1179 3683 1342 3751 igitur
1380 3680 1697 3748 juveniliter
1727 3679 1902 3748 sapia-

332 3795 473 3844 mus,
502 3778 906 3833 contrariorum
938 3790 1162 3844 Operum
1211 3783 1423 3827 utentes
1454 3771 1681 3833 malitia,
1730 3780 1788 3823 ut
1834 3768 1901 3822 iis

331 3876 383 3927 in
416 3872 773 3941 direptionem
801 3869 1037 3922 animam
1067 3882 1172 3920 non
1198 3865 1516 3935 prodamus.
1544 3863 1903 3930 Quemadmo-

330 3965 458 4017 dum
492 3963 773 4018 stellarum
810 3960 1010 4015 chorea
1059 3958 1230 4011 facem
1270 3967 1511 4025 gestans,
1559 3955 1898 4025 splendidum

331 4055 504 4108 reddit
533 4054 755 4118 cmlnm,
793 4052 864 4106 ita
911 4064 1227 4105 sermonum
1258 4048 1459 4102 veritas
1490 4049 1646 4117 quasi
1693 4046 1901 4114 lampa-

327 4150 447 4197 dem
483 4154 673 4197 tenens
703 4143 934 4197 nitidum
981 4141 1143 4196 eilicit
1183 4140 1481 4194 hominem.
1529 4137 1706 4192 Unum
1738 4137 1900 4204 igitur

326 4235 569 4290 veritatis
595 4236 648 4287 in
684 4234 867 4303 lingua
897 4243 1178 4302 portemus
1208 4232 1453 4295 modum,
1484 4230 1608 4299 quia
1634 4228 1900 4283 Dominus

326 4325 631 4380 inhabitare
664 4324 791 4379 facit
836 4326 999 4377 unius
1046 4324 1213 4377 moris
1258 4322 1309 4374 iu
1343 4320 1506 4374 domo
1528 4321 1593 4375 ⁸³.
1627 4318 1900 4385 Quemad-

2016 441 2139 488 ται,
2175 425 2267 476 καὶ
2302 424 2547 494 εὐτελείᾳ
2578 425 2673 493 τὴν
2711 424 3039 477 ταπείνωσιν
3071 428 3419 495 ἀσπάζηται,
3454 428 3598 482 ἀνώ-

2016 533 2174 585 τερος
2232 517 2342 569 τῶν
2394 518 2656 585 ἄντικρυς
2710 517 2899 570 παθῶν
2960 519 3282 587 γενόμενος,
3337 520 3597 573 ἐπέκεινα

2017 608 2255 661 στίλϐειν
2309 611 2429 672 ταῖς
2478 609 2699 678 ἀρεταῖς
2755 610 3180 678 ἐπαγωνίζεται,
3222 613 3321 680 τῆς
3372 612 3596 682 χάριτος

2015 698 2165 769 αύτῷ
2211 701 2301 752 ἐπὶ
2338 701 2516 752 πλεῖον
2563 699 2661 770 τὴν
2694 700 2924 769 δύναμιν
2972 701 3345 773 δωρουμένης.
3378 703 3595 769 ’Ὠσπερ

2014 792 2063 843 οἱ
2097 789 2195 852 τὰς
2226 790 2381 860 ῥίζας
2416 792 2513 860 τῆς
2557 791 2659 861 γῆς
2689 792 2972 853 κατιόντες
3004 792 3096 844 τὸν
3134 792 3334 862 χρυσὸν
3364 794 3594 862 ἀνορύτ-

2014 899 2218 946 τουσιν,
2245 882 2418 944 οὔτως
2446 884 2493 934 οἱ
2523 876 2600 944 εἰς
2629 883 2726 952 τὴν
2775 885 3025 951 χρυσῖτιν
3060 884 3387 935 ταπείνωσιν
3420 902 3591 935 κατα-

2016 968 2293 1030 ϐαίνοντες
2333 966 2535 1039 ἀρετὰς
2571 966 2923 1036 ἀναφέρουσι.
2973 967 3105 1019 Τότε
3133 968 3161 1018 ό
3190 968 3313 1029 νοῦς
3344 967 3592 1020 ἀναπαύο

2017 1074 2153 1119 σεως
2187 1057 2528 1121 αἰσθάνεται,
2565 1058 2724 1108 ὁπότε
2743 1057 2840 1119 τάς
2873 1056 2981 1109 τῶν
3015 1056 3202 1110 παθῶν
3242 1057 3418 1117 αἰτίας
3449 1058 3589 1109 ἀπο-

2014 1148 2221 1217 τεμὼν,
2253 1148 2381 1219 περὶ
2413 1148 2648 1220 θεωρίαν
2677 1149 3001 1219 ὴσχόληται,
3027 1150 3157 1217 πρὶν
3177 1148 3234 1199 δὲ
3254 1149 3353 1218 τῆς
3380 1148 3585 1201 τούτων

2014 1240 2220 1309 κοπῆς,
2253 1240 2420 1292 κόπου
2443 1281 2458 1306 ,
2509 1241 2604 1292 καὶ
2644 1240 3018 1309 ταλαιπωρίας
3066 1240 3486 1304 ἐπαισθάνεται,
3517 1244 3582 1310 τῇ

2012 1332 2120 1384 τῶν
2147 1332 2405 1386 ἐναντίων
2436 1333 2587 1407 μάχῃ
2616 1332 2856 1395 ἀσθενῶς
2886 1333 3347 1404 προσερχόμενος.

2590 1702 2839 1762 ΚΕΦᾹΛ.
2883 1708 3005 1763 AB’.

2086 1856 2288 1929 Βαθμῷ
2334 1858 2432 1928 τὴν
2484 1856 2833 1927 ἀναχώρησιν
2888 1858 3181 1928 γινομένην
3229 1858 3275 1909 οἱ
3327 1854 3580 1928 γέροντες

2012 1950 2151 2019 ἄγαν
2192 1950 2586 2020 ἀποδέχονται,
2622 1949 2779 2018 εἴπερ
2806 1965 2887 2012 τις
2918 1950 3013 2013 τάς
3054 1954 3110 2004 ὲν
3139 1948 3389 2019 κοινοδίῳ
3431 1949 3581 2001 τελέ-

2015 2061 2112 2107 σας
2131 2042 2330 2115 ἀρετάς
2356 2044 2434 2105 είς
2462 2040 2620 2094 τοῦτο
2646 2038 3130 2112 παρελήλυθεο“καὶ
3169 2041 3215 2094 εί
3248 2040 3345 2112 μὲν
3369 2040 3583 2094 δύναιτο

2012 2134 2069 2186 ἔν
2099 2135 2165 2204 τῇ
2202 2131 2549 2202 ἀναχωρήσει
2590 2131 2951 2201 προκόπτειν,
2988 2131 3179 2184 ἑαυτὸν
3215 2131 3579 2201 δοκιμαζέτω.

2012 2224 2075 2277 Εἰ
2104 2224 2159 2276 δὲ
2188 2220 2464 2285 ἀδυνάτως
2493 2221 2631 2292 ἔχων
2657 2222 2757 2291 τῆς
2793 2221 2993 2291 ἀρετῆς
3030 2221 3367 2285 ἐλαττοῦται,
3408 2224 3488 2286 είς
3522 2222 3584 2275 τδ

2017 2315 2280 2369 κοινόϐιον
2317 2313 2742 2383 ἀνακαμπτέτω,
2781 2315 2977 2383 μήπως
3015 2316 3136 2375 ταῖς
3168 2315 3441 2384 μηχαναῖς
3475 2312 3583 2366 τῶν

2010 2408 2284 2478 λογισμῶν
2319 2409 2393 2477 μὴ
2419 2405 2669 2476 δυνηθεὶς
2705 2406 3037 2474 ἀπαντῆσαι,
3066 2405 3175 2458 τῶν
3201 2404 3413 2476 φρενῶν
3446 2408 3585 2459 άποο

2010 2500 2172 2570 πέσῃ.
2191 2500 2402 2568 Ὠσπερ
2432 2499 2498 2567 χή
2511 2516 2607 2568 ρας
2632 2496 2935 2567 πενθούσης
2962 2497 3312 2567 παραμύθιον
3357 2498 3406 2550 οί
3445 2498 3579 2562 υἱοὶ,

2007 2590 2148 2645 οὕτω
2171 2594 2263 2644 καὶ
2289 2591 2467 2661 ψυχῆς
2487 2592 2795 2660 πταισάσης
2838 2589 3155 2660 παρηγορία
3178 2590 3349 2652 πόνοι,
3382 2590 3583 2653 οἵτινες

1990 2685 2103 2753 ’τὴν
2128 2684 2438 2751 ἀπόγνωσιν
2467 2682 2572 2735 τῶν
2602 2682 2878 2752 λογισμῶν
2910 2681 3265 2751 σκορπίζουσι
3288 2723 3302 2744 ,
3348 2683 3443 2734 καὶ
3475 2681 3579 2751 τὴν

2007 2771 2189 2825 πίστιν
2239 2772 2339 2842 τῆς
2380 2771 2666 2839 μετανοίας
2705 2771 3164 2840 κατασπείρουσι,
3211 2772 3305 2825 καὶ
3343 2771 3411 2823 τά
3449 2771 3577 2841 ἑλέη

2005 2863 2244 2934 Χριστοῦ
2269 2863 2726 2935 ἀνακηρύττουσι,
2765 2864 2860 2917 καὶ
2886 2865 2951 2916 τὰ
2982 2863 3295 2933 πραχθέντα
3322 2864 3578 2934 ἁμαρτη-

2009 2971 2154 3025 ματα
2205 2953 2698 3024 ἀποκηρύττουσιν.
2750 2954 2867 3006 Οὐκ
2909 2954 3198 3023 ὀφείλομεν
3247 2951 3339 3007 οὖν
3383 2952 3459 3017 ὡς
3513 2955 3579 3005 ὲκ

2009 3047 2295 3119 συνηθείας
2333 3048 2493 3118 μόνον
2517 3049 2644 3112 τοὺς
2672 3048 2867 3111 πόνους
2902 3046 3232 3117 ἐργάζεσθαι
3260 3087 3271 3107 ,
3307 3044 3441 3098 ἀλλά
3482 3045 3581 3097 καὶ⁵

2007 3140 2065 3191 ὲν
2096 3139 2309 3190 συνέσει
2340 3139 2715 3208 εὐχαριστίας,
2752 3140 2838 3192 ἵνα
2873 3138 2946 3209 μὴ
2976 3137 3157 3208 γυμνὴ
3194 3137 3293 3205 τῆς
3318 3135 3580 3205 τοιαύτης

2007 3230 2326 3299 φιλοσοφίας
2357 3231 2389 3299 ή
2432 3230 2578 3300 ψυχὴ
2618 3231 2925 3300 εὑρίσκοιτο
2947 3248 2960 3260 ·
2999 3230 3092 3283 ἐὰν
3121 3231 3229 3301 γὰρ
3254 3228 3342 3298 ἐφ’
3370 3231 3577 3300 ἑκάστη

2006 3320 2201 3391 πράξει
2236 3319 2495 3390 σύνισμεν
2522 3315 2613 3375 τὸν
2642 3321 2853 3374 διδόντα
2879 3320 2946 3374 τά
2972 3321 3101 3389 τέλη
3132 3321 3241 3373 τῶν
3267 3321 3463 3383 πόνων,
3484 3321 3577 3371 εύ-

2004 3413 2261 3484 χαριστία
2301 3413 2693 3483 σφραγίζωμεν
2741 3413 2951 3484 Ὠσπερ
2994 3414 3155 3483 ἄρτον
3196 3415 3303 3466 ἀπὸ
3344 3412 3578 3482 βρέφους

2004 3503 2274 3574 ὲνεδρεύει
2300 3503 2503 3571 σκύλαξ
2532 3503 2871 3573 ἐξαρπάσαι,
2903 3504 3044 3557 οὕτω
3075 3505 3291 3557 σύνεσιν
3320 3504 3428 3557 ἀπὸ
3454 3521 3574 3573 mg-

2004 3594 2123 3655 δίας
2157 3593 2416 3663 λογισμὸς
2444 3595 2696 3665 πονηρός.
2730 3594 2820 3663 Μὴ
2864 3594 2956 3647 οὖν
2986 3593 3326 3664 ὲννεάξωμεν
3359 3593 3466 3646 τῶν
3495 3595 3579 3645 ἐνο

2005 3684 2200 3738 αντίων
2240 3684 2417 3755 ἔργων
2465 3685 2530 3753 τῇ
2579 3684 2749 3754 κακία
2794 3684 3085 3753 χρώμενοι,
3128 3683 3215 3736 ῖνα
3264 3682 3338 3753 μὴ
3379 3682 3459 3744 είς
3502 3681 3581 3732 δι⁸

1982 3773 2261 3847 ἀρπαγὴν
2289 3777 2501 3839 τούτοις
2528 3776 2628 3847 τὴν
2662 3777 2842 3846 ψυχὴν
2873 3774 3331 3846 προεκδώσωμεν.
3365 3775 3580 3844 Ὠσπερ

2004 3871 2036 3939 ἡ
2069 3868 2176 3921 τῶν
2215 3868 2461 3939 ἀστέρων
2504 3869 2695 3939 χορεία
2734 3869 3069 3939 δᾳδουχοῦσά
3147 3868 3432 3937 φαιδρύνει
3488 3866 3581 3918 τὸν

2002 3962 2254 4031 οὐρανὸν,
2283 3962 2457 4026 οὕτως
2489 3964 2522 4031 ἡ
2555 3962 2665 4013 τῶν
2697 3961 2958 4032 ῥημάτων
2992 3961 3225 4030 ἀλήθεια
3263 3958 3582 4028 λαμπαδου-

2003 4052 2174 4121 χούσα
2206 4052 2488 4123 φαιδρύνει
2519 4052 2610 4105 τὸν
2642 4051 2950 4123 ἄνθρωπον.
2989 4052 3125 4103 Ἕνα
3173 4046 3266 4104 οὖν
3300 4054 3399 4119 τῆς
3448 4051 3583 4118 ὀλη-

2004 4143 2155 4207 θείας
2189 4145 2390 4213 τρόπον
2420 4142 2514 4195 ἐπὶ
2547 4142 2794 4213 γλώττης
2835 4142 3229 4211 βαστάζωμεν,
3260 4142 3341 4194 ὅτι
3373 4141 3583 4210 Κύριος

2003 4233 2306 4299 κατοικίζει
2345 4234 2710 4306 μονοτρόπους
2742 4235 2800 4286 ὲν
2840 4234 2993 4303 οἴκῳ.
3040 4234 3254 4303 Ὥσπερ
3300 4234 3581 4302 ἀστραπαὶ

2006 4324 2239 4396 σφοδραὶ
2264 4323 2655 4395 προσπηδῶσαι
2679 4361 2694 4385 ,
2728 4323 3108 4393 προμηνύουσι
3155 4320 3406 4393 βροντὴν.
3434 4320 3579 4373 οὕτω

326 4419 545 4470 modum
584 4414 920 4468 vehementia
949 4411 1250 4466 assilientia
1286 4409 1501 4478 fulgura
1530 4410 1733 4463 tonitru
1763 4423 1897 4476 prae—

2008 4418 2095 4472 καὶ
2125 4418 2313 4487 ῥήσεις
2345 4414 2594 4486 ἀκριϐεῖς
2624 4413 2971 4485 προσιοῦσαι,
3016 4415 3451 4485 προσημαίνουσι
3492 4414 3579 4465 πί-

324 4512 568 4580 signant,
622 4509 702 4562 sic
754 4518 807 4561 et
856 4506 1010 4576 plena
1061 4503 1315 4572 jnstaque
1364 4500 1676 4554 accedentia
1730 4500 1892 4562 dicta,

322 4606 482 4657 tidem
515 4601 900 4670 prteuuntiant.
936 4595 1149 4650 Fideles
1176 4595 1342 4662 igitur
1373 4592 1585 4647 veritati
1632 4605 1753 4644 esse
1782 4600 1896 4643 stu-

321 4699 580 4759 deamus,
630 4702 690 4745 ut
742 4693 809 4746 ad
858 4691 1117 4743 virtutum
1175 4684 1516 4755 nirtrnpolim
1572 4683 1893 4738 charitalem

320 4786 754 4859 progrediamur.
784 4783 938 4838 Sicut
967 4782 1047 4836 sol
1077 4780 1194 4834 auri
1229 4778 1280 4831 in
1306 4778 1529 4831 modum
1559 4774 1894 4845 splendenti-

322 4883 424 4938 bus
449 4880 617 4936 radiis
651 4879 749 4932 toti
792 4875 996 4932 arridet
1034 4885 1299 4929 terrarum
1338 4871 1479 4934 orbi,
1515 4872 1586 4922 ita
1623 4863 1894 4921 rutilanti-

319 4975 421 5028 bus
460 4971 768 5027 actionibns
808 4969 1010 5023 veritas
1050 4965 1197 5019 omni
1262 4964 1457 5016 animae
1493 4961 1803 5031 perlmlatut‘
1840 4963 1894 5011 et

320 5066 766 5136 congratulalur;
820 5077 981 5131 quam
1033 5060 1077 5112 si
1135 5056 1553 5117 obtinuerimus,
1612 5051 1892 5120 passiones

316 5157 486 5230 M8
515 5158 897 5219 exstinximus,
944 5164 997 5207 et
1042 5153 1109 5206 ad
1159 5154 1327 5207 cte‘os
1381 5165 1553 5219 usque
1593 5148 1893 5201 illuximus.

320 5251 547 5300 Utnnem
586 5247 794 5299 subibis
822 5244 1083 5305 laborem,
1119 5242 1289 5294 donec
1326 5252 1568 5294 sanctam
1609 5248 1895 5306 compares

320 5339 675 5402 charitatem;
741 5336 888 5406 quia,
920 5334 1141 5390 absente
1185 5333 1309 5397 ista,
1361 5331 1495 5383 nihil
1545 5329 1891 5398 praesentium

323 5432 540 5503 prodest
570 5449 581 5483 :
614 5430 816 5486 etenim
870 5430 947 5482 ita
980 5427 1201 5488 ferocit,
1236 5435 1285 5478 et
1334 5432 1654 5493 asperantur
1687 5426 1925 5483 mores,’

393 5615 436 5645 "
472 5613 613 5665 i‘sai.
670 5629 835 5669 t.\\::.
894 5613 942 5662 ’7.

2004 4527 2141 4564 στιν.
2180 4510 2371 4563 Πιστοὶ
2403 4508 2496 4562 οὖν
2528 4502 2667 4561 εἶναι
2693 4509 2759 4577 τῇ
2786 4505 3013 4577 ἀληθείᾳ
3045 4506 3459 4573 σπουδάσωμεν,
3492 4505 3581 4556 ἵνα

2002 4605 2096 4656 καὶ
2144 4604 2222 4664 είς
2256 4603 2355 4672 τὴν
2409 4602 2743 4672 μητρόπολιν
2795 4598 2903 4652 τῶν
2956 4598 3169 4668 ἀρετῶν
3212 4596 3311 4667 τὴν
3356 4597 3581 4663 ἀγάπην

2004 4693 2391 4765 προκόψωμεν.
2452 4695 2539 4757 Ὠς
2586 4694 2737 4764 ἣλιος
2788 4694 2907 4755 ταῖς
2959 4688 3323 4765 χρυσαυγὲσιν
3365 4687 3583 4742 ἀκτίσιν

2002 4786 2189 4857 ἁπάσῃ
2219 4785 2547 4856 προσμειδιᾷ
2575 4787 2642 4855 τῇ
2673 4786 2765 4854 γῇ,
2795 4781 2968 4845 οὕτως
2996 4782 3185 4849 ἀγάπη
3210 4783 3331 4842 ταῖς
3360 4795 3583 4849 φωταυ-

2001 4876 2123 4944 γέσι
2152 4876 2421 4946 πράξεσιν
2467 4877 2655 4948 ἁπάσῃ
2697 4874 3022 4946 προσχαίρει
3054 4871 3232 4942 ψυχῇ⁸
3267 4872 3444 4940 ἥνπερ
3484 4872 3582 4923 say

2003 4968 2393 5036 κατάσχωμεν,
2430 4966 2499 5019 τὰ
2526 4967 2673 5036 πάθη
2706 4966 3033 5035 ὲσ6ἐσαμεν,
3071 4963 3166 5016 καὶ
3196 4963 3277 5025 εἰς
3317 4963 3582 5033 οὐρανοὺς

2003 5056 2349 5127 ἐλάμψαμεν.
2381 5058 2635 5110 Ἀπαντα
2674 5058 2833 5111 πόνον
2875 5057 3122 5126 ποιήσεις
3156 5055 3262 5118 ἓως
3294 5054 3392 5125 τῆς
3430 5052 3588 5115 ὁσίας

2004 5151 2226 5219 ἀγάπης
2255 5150 2536 5223 ἐπιτεύξῃ,
2568 5152 2670 5215 ὅτι,
2701 5150 2905 5221 ταύτης
2939 5148 3186 5219 ἀπούσης
3207 5188 3223 5211 ,
3254 5147 3447 5215 ὄφελος
3474 5146 3585 5198 τῶν

2004 5242 2288 5309 παρόντων
2318 5242 2490 5294 οὐδέν.
2524 5243 2633 5294 Καὶ
2661 5241 2769 5309 γάρ
2793 5241 2929 5312 ὀργὴ
2954 5241 3319 5306 ἀγριαίνεται,
3358 5239 3449 5290 καὶ
3475 5236 3582 5305 ἤθη

2002 5333 2390 5402 χαλεπαίνεται
2416 5373 2431 5397 ,
2469 5332 2617 5386 πόνοι
2656 5332 3044 5403 ἀπονοούμενοι
3092 5334 3156 5402 τῇ
3200 5330 3327 5399 δόξῃ
3376 5330 3585 5397 συμμί-

2002 5440 2245 5491 γνυνται.
2275 5425 2373 5477 Διά
2406 5423 2583 5494 ψυχῆς
2609 5425 2941 5477 ταπείνωσιν
2968 5421 3133 5475 Δαϐἱδ
3166 5420 3304 5491 μετά
3340 5416 3580 5482 πένθους
