3956 6206
404 347 534 412 I137

401 464 714 530 ὲνήστευσε,

399 549 846 618 ταπεινώτωμεν.

983 832 1231 885 ΚΕΦᾹΑ.
1274 831 1393 884 ΛΓ’.

484 925 541 977 ’0
574 928 686 987 τοῖς
727 926 1062 993 σωματικοῖς
1108 924 1290 986 πόνοις
1317 923 1671 994 τραχυτέρως
1699 921 1971 992 ἀσκούμε-

403 1037 520 1080 νος,
561 1016 692 1086 μηδὲ
720 1015 926 1085 ἐπαίνῳ
959 1014 1297 1084 ὲργαζέσθω,
1318 1016 1453 1085 μήτε
1479 1013 1603 1086 δόξῃ
1635 1015 1966 1085 ὲπαιρέσθω·

401 1109 449 1158 εί
472 1107 578 1176 γὰρ
605 1107 664 1156 ἐν
687 1105 900 1166 τούτοις
931 1107 979 1157 οί
1010 1105 1262 1174 δαίμονες
1285 1104 1630 1173 ὀφρυώσουσι
1649 1104 1752 1173 τὴν
1771 1104 1967 1174 ψυχὴν*

401 1199 495 1250 καὶ
537 1199 638 1266 τὴν
668 1197 988 1268 τραχύτητα
1015 1234 1028 1256 ,
1061 1197 1156 1248 καὶ¹
1184 1195 1286 1264 τὴν
1317 1195 1550 1263 ἄσκησιν
1580 1193 1674 1246 τοῦ
1717 1193 1970 1261 σώματος

400 1287 741 1356 ἐνισχύσουσι
772 1288 837 1355 τῇ
869 1285 1026 1355 δόξῃ,
1076 1285 1170 1336 καλ¹
1199 1284 1462 1353 μειζόνων
1490 1283 1832 1350 ἐφάπτεσθαι
1871 1283 1972 1334 πό-

403 1397 507 1432 νων
541 1376 958 1447 ὲφελκύσουσιν,
987 1377 1061 1438 ὡς
1092 1375 1181 1427 ῖνα
1215 1375 1309 1427 καὶ
1355 1374 1621 1443 μειζόνως
1653 1373 1967 1443 ὲπαίρηται·

402 1463 721 1517 συλλαλοῦσι
743 1462 850 1533 γὰρ
879 1463 1081 1516 ἔσωθεν
1107 1463 1194 1516 διὰ
1224 1462 1340 1516 τῶν
1361 1461 1640 1530 λογισμῶν
1662 1462 1972 1516 είσὸἀλλον-

401 1569 493 1614 τες
515 1551 716 1618 ταῦτα,
747 1553 828 1604 ὅτι
860 1551 1056 1614 Καθὼς
1087 1555 1115 1604 ὁ
1143 1551 1290 1604 δεῖνα
1320 1551 1683 1621 ἀποσκλήρως
1700 1553 1970 1623 ἀσκήσας,

404 1644 496 1696 καὶ
521 1645 550 1695 ὁ
579 1643 724 1696 δεῖνα
756 1643 1004 1713 μεγάλως
1035 1643 1327 1712 ὠνομάσθη
1352 1683 1368 1706 ,
1402 1645 1496 1696 καὶ
1541 1643 1717 1696 θανὼν
1756 1644 1836 1697 ἔτι
1880 1645 1974 1697 λα-

402 1733 609 1796 λεῖται,
647 1733 790 1788 οὕτω
841 1734 933 1788 καὶ
976 1734 1134 1796 αὐτὸς
1181 1736 1260 1796 είς
1291 1735 1592 1804 ἀκρότατον
1617 1737 1974 1806 ἐπασκήσεως

402 1823 634 1894 ἀνάϐηθι
683 1823 851 1894 ὕψος,
909 1824 995 1876 ἵνα
1033 1823 1188 1888 δόξαν
1236 1825 1416 1894 σαυτῷ
1460 1828 1828 1898 περιποιήσῃ,
1885 1827 1976 1880 καὶ

408 1915 550 1983 μέγα
586 1931 678 1968 σου
706 1915 767 1967 τὸ
789 1915 960 1984 ὄνομα
984 1914 1202 1986 ἐξέλθῃ,
1223 1917 1314 1968 ἐπὶ
1349 1916 1425 1986 τῷ
1452 1917 1545 1969 κα)⁸
1579 1917 1716 1987 μετὰ
1747 1918 1978 1972 θάνατον

407 2006 854 2076 ὑπερϐαλλόντως
887 2007 1188 2061 λαλεῖσθαι.
1223 2007 1320 2060 Διά
1343 2009 1406 2077 δὴ
1430 2009 1538 2061 τῶν
1566 2009 1740 2074 οὕτως
1766 2011 1976 2081 ἀπατη-

407 2101 605 2153 θέντων
629 2138 644 2162 ,
689 2100 748 2153 ού
787 2099 946 2170 μόνον
981 2103 1094 2164 τοῖς
1147 2103 1485 2169 σωματικοῖς
1538 2119 1632 2154 σου
1681 2103 1978 2173 πολεμοῦσι

410 2193 624 2254 πόνοις,
656 2191 795 2244 ἀλλὰ
835 2192 927 2244 κα.)⁵
977 2192 1180 2260 μᾶλλον
1219 2194 1298 2255 είς
1335 2194 1657 2262 συμμαχίαν
1699 2194 1976 2260 καλοῦσιν,

410 2278 491 2330 ὃτι
519 2279 586 2330 δι’
619 2279 799 2333 αὐτῶν
829 2281 886 2332 ὲν
913 2285 1026 2345 τοῖς
1059 2283 1464 2353 χαλεπωτέροις
1495 2283 1730 2352 ψαύουσι
1754 2285 1850 2356 τὴν
1878 2285 1980 2354 ψυ-

414 2371 538 2436 χὴν,
571 2371 665 2423 καὶ
697 2372 807 2440 γὰρ
831 2371 1231 2441 ὲνθρονίξουσιν
1260 2373 1442 2441 αὐτὸν,
1475 2375 1568 2426 καὶ
1599 2375 1678 2437 είς
1713 2375 1803 2426 τὸν
1835 2375 1979 2428 διδα-

415 2459 673 2512 σκαλικὸν
729 2458 1206 2530 ὲξυψοῦσιλόγον,
1271 2462 1358 2516 ἴνα
1416 2463 1492 2526 ὡς
1549 2464 1615 2516 ἐκ
1664 2463 1856 2517 τούτου
1914 2466 1983 2518 τὰ

414 2552 607 2618 πρῶτα
645 2551 756 2605 τῶν
787 2554 1171 2623 μεγαλοπόνων
1212 2571 1271 2607 τε
1328 2556 1424 2608 καὶ
1464 2555 1785 2624 γνωστικῶν
1837 2557 1983 2628 ἔχειν

413 2641 748 2710 εὐφημσθῇ.
785 2642 993 2714 Ζηλοῦν
1019 2644 1075 2697 δὲ
1105 2646 1201 2698 καὶ
1232 2645 1446 2716 φθονεῖν
1487 2647 1834 2701 εἰσϐάλλουσι
1873 2653 1986 2715 τοῖς

413 2732 506 2784 ἐπὶ
541 2733 964 2805 κατορθώμασιν
989 2736 1450 2807 εὐφημουμένοις,
1475 2739 1570 2791 καὶ
1599 2731 1673 2794 ὧν
1695 2738 1983 2812 θαυμαστὴ

416 2824 617 2893 μᾶλλον
645 2826 678 2896 ἡ
710 2827 910 2897 πρᾶξις
934 2867 948 2892 ,
988 2827 1081 2880 καὶ
1113 2825 1314 2895 γνῶσις
1355 2830 1583 2899 γειτνιᾷ.
1622 2829 1775 2882 Ἥσθ⁹
1806 2831 1893 2883 ὅτε
1931 2829 1988 2883 δὲ

413 2917 508 2968 καὶ
554 2916 652 2985 τῆς
695 2917 895 2987 σαρκὸς
944 2919 1110 2971 αὐτοῦ
1148 2918 1263 2998 τὴν,
1291 2918 1538 2990 πύρωσιν
1571 2921 1988 2991 ἀποκοιμίζουσι

412 3007 647 3078 δολερῶς
694 3007 824 3071 τοὺς
857 3008 1200 3080 ἀκαθάρτους
1244 3010 1540 3082 λογισμοὺς
1571 3013 1636 3065 ὲκ
1678 3010 1789 3064 τῶν
1835 3013 1998 3076 ἐντδς-

1508 338 1946 401 TRACTA'I‘US
1987 339 2027 396 A
2039 340 2096 398 Ι)
2126 337 2371 399 EULOG
2385 340 2406 398 Ι
2415 341 2553 401 UM.

787 459 880 510 καὶ
945 459 1105 526 ἡμεῖς
1167 455 1251 509 διὰ
1317 453 1577 523 νηστείας
1630 452 1728 521 τὴν
1790 448 1966 519 ψυχὴν

2088 457 2118 501 τι
2143 449 2512 503 admiscentur
2538 445 2726 517 gloria:
2759 444 2973 498 labores
3003 456 3200 496 vesana
3234 439 3410 509 qualia
3435 456 3466 489 ιι
3505 438 3628 490 elati

3495 324 3632 388 I138
3699 331 3702 338 '

2074 539 2384 593 insolentia.
2417 540 2644 607 Propter
2671 537 2866 591 animae
2895 535 3275 590 demissionem
3313 531 3478 584 David
3509 543 3631 583 cum

2074 631 2220 683 luctu
2247 630 2563 698 jejunabat;
2599 644 2701 683 nos
2731 642 2946 697 quoque
2975 641 3068 695 per
3094 623 3358 693 jejunium
3398 620 3634 674 animam

2075 719 2445 773 humiliemus.

2605 824 2832 879 CAPUT
2871 821 3108 876 XXXIII.

2143 920 2246 987 Qui
2293 918 2666 988 corporalibus
2723 914 3004 970 laboribus
3048 911 3293 982 asperius
3334 919 3636 972 exercetur,

2074 1028 2172 1068 nec
2209 1019 2425 1082 propter
2455 1011 2666 1064 laudem
2702 1016 2976 1077 operetur,
3017 1018 3115 1060 nec
3155 1004 3226 1057 ob
3260 1003 3482 1073 gloriam
3517 1001 3642 1055 elle-

2073 1112 2244 1156 ratur.
2278 1101 2335 1155 Si
2357 1101 2500 1154 enim
2531 1102 2584 1153 in
2617 1098 2702 1153 bis
2740 1098 3015 1152 daemones
3054 1095 3288 1149 animam
3332 1092 3518 1162 grandi
3566 1099 3645 1144 tu-

2076 1208 2222 1247 mere
2280 1191 2480 1246 faci'ant
2529 1189 2850 1259 supercilio,
2914 1195 3025 1241 tum
3089 1184 3474 1254 asperitatem,
3529 1193 3642 1236 tum

2076 1267 2322 1354 corporis
2349 1282 2789 1338 exercitationem
2815 1279 2986 1351 gloria
3015 1274 3442 1333 corroborabnnl
3469 1292 3484 1342 ;
3535 1276 3645 1327 imo

2075 1376 2140 1430 d
2172 1376 2406 1445 majores
2436 1373 2807 1444 suscipiendos
2847 1372 3117 1426 attrahent
3151 1368 3396 1430 labores,
3432 1375 3490 1421 ut
3532 1383 3643 1420 ma-

2071 1468 2245 1538 jorem
2306 1468 2468 1522 etiam
2516 1467 2571 1520 in
2631 1465 2848 1518 modum
2898 1462 3206 1532 superbiat;
3263 1459 3645 1528 colloquuntur

2078 1575 2310 1629 namque
2335 1559 2563 1614 interius
2591 1573 2683 1627 per
2713 1555 3068 1626 cogitationes
3105 1553 3233 1606 talia
3261 1553 3641 1614 immittentes;

2076 1653 2220 1722 quod
2251 1652 2534 1714 nimirum,
2580 1649 2723 1704 sicut
2762 1647 2884 1702 talis
2915 1661 2978 1700 ac
3005 1644 3149 1710 talis,
3177 1645 3266 1713 qui
3296 1643 3502 1696 duriter
3526 1658 3645 1696 sese

2077 1743 2345 1806 exercuit,
2397 1739 2680 1808 magniﬁce
2740 1740 3061 1792 decantatus
3119 1742 3234 1798 est,
3290 1742 3344 1788 ct
3398 1744 3646 1787 mortuus

2077 1836 2238 1890 etiam
2272 1834 2598 1896 celebratur,
2629 1833 2708 1885 sic
2731 1839 2783 1884 et
2808 1839 2862 1883 tu
2890 1828 3004 1897 ipse
3032 1825 3406 1882 adsummam
3436 1824 3647 1878 exerci-

2079 1927 2332 1981 tationem
2377 1924 2609 1979 ascende
2637 1964 2651 1986 ,
2719 1929 2778 1974 ut
2826 1919 3035 1974 tibimet
3079 1917 3304 1986 gloriam
3355 1915 3606 1984 acquiras
3633 1955 3646 1978 ,

2079 2033 2447 2086 magnumque
2477 2015 2542 2071 de
2574 2024 2625 2069 te
2675 2027 2871 2067 nomen
2925 2011 3250 2080 divulgetur,
3309 2008 3437 2064 dum
3486 2007 3650 2062 etiam

2081 2119 2204 2181 post
2248 2117 2477 2162 mortem
2521 2120 2687 2174 supra
2720 2105 2941 2158 modum
2981 2099 3362 2157 colem-aberis.
3415 2099 3516 2152 Per
3552 2098 3650 2150 bas

2081 2201 2329 2272 equidem
2385 2200 2639 2267 deceptas
2688 2194 3082 2265 cogitationes.
3141 2206 3246 2244 non
3302 2191 3478 2244 solum
3531 2197 3652 2242 tuos

2083 2298 2397 2362 Oppugnant
2423 2289 2655 2353 labores,
2681 2300 2870 2340 verum
2904 2284 3066 2338 etiam
3099 2284 3153 2335 in
3187 2280 3519 2350 adjutoiium
3556 2281 3650 2331 ad-
3697 2265 3700 2268 ’

2083 2389 2298 2446 vocant,
2333 2380 2455 2449 quia
2511 2394 2608 2449 per
2659 2378 2804 2447 ipsos
2857 2377 2909 2430 in
2967 2375 3372 2429 molestior-ibus
3415 2374 3649 2427 animam

2086 2481 2356 2544 tangunt:
2389 2473 2564 2542 ipsum
2605 2470 2749 2524 enim
2799 2470 2851 2523 in
2899 2469 3096 2521 throno
3145 2465 3434 2527 collocant,
3479 2463 3662 2532 adque

2087 2568 2452 2638 magistralem
2503 2565 2771 2620 extollunt
2813 2577 3143 2620 sermonem.
3176 2569 3236 2615 ut
3281 2562 3415 2615 bene
3443 2559 3654 2614 omine-

2091 2669 2198 2722 tur,
2229 2659 2371 2712 velut
2421 2656 2526 2722 ille,
2581 2655 2675 2724 qui
2728 2654 2798 2709 ob
2826 2653 2927 2709 hoc
2975 2653 3178 2723 primas
3217 2651 3425 2706 obtinet
3474 2659 3654 2719 partes

2086 2765 2298 2815 eorum,
2333 2748 2424 2818 qni
2461 2760 2809 2816 summopere
2854 2743 3137 2807 laboriosi,
3187 2740 3656 2810 cognoscendique

2087 2848 2216 2895 sunt
2247 2838 2453 2908 praediti
2486 2836 2756 2891 facultate.
2777 2835 2919 2902 Quin
2950 2833 3124 2889 eidem
3154 2832 3454 2886 immittunt
3484 2847 3654 2886 aemu-

2087 2931 2210 2995 lari,
2239 2929 2404 3009 449
2444 2928 2753 2992 suadentes,
2804 2940 2867 2981 ac
2907 2925 3152 2980 invidere
3200 2925 3268 2980 iis
3297 2923 3391 2994 qui
3439 2933 3656 2994 propter

2092 3025 2332 3079 facinora
2361 3031 2505 3078 recte
2539 3029 2750 3092 patrata
2795 3018 2987 3074 faustis
3011 3018 3150 3073 votis
3174 3027 3224 3071 et
3250 3017 3659 3072 acclamationi-

413 3097 821 3165 ἐκτοπίζοντες,
853 3099 929 3163 ὡς
963 3100 1048 3154 ἵνα
1088 3101 1318 3173 νομισθῇ
1354 3103 1416 3156 τὸ
1456 3104 1678 3174 πνεῦμα
1716 3105 1814 3173 τῆς
1854 3122 1980 3175 πορ-

2089 3117 2193 3170 bus
2247 3113 2612 3183 excipiuntur,
2661 3111 2836 3180 iisque
2877 3125 3108 3179 quorum
3166 3110 3310 3162 actio
3362 3107 3660 3161 mirabilior

412 3188 560 3250 νείας
583 3191 649 3259 τῇ
691 3189 993 3262 κληρουχίᾳ
1031 3193 1401 3263 νενικηκέναι,
1431 3195 1526 3247 καὶ
1555 3195 1697 3248 κατὰ
1718 3196 1818 3263 τὴν
1843 3194 1982 3263 λαμ-

415 3281 663 3351 πρότητα
694 3283 804 3336 τῶν
839 3285 1012 3352 ἁγίων
1044 3285 1144 3354 τὴν
1174 3285 1403 3354 καρδίαν
1442 3285 1748 3356 ἡγνικέναι,
1781 3286 1874 3338 καὶ
1904 3287 1983 3348 είς

347 3413 362 3424 .
411 3372 508 3442 τὴν
538 3372 638 3440 τῆς
664 3375 975 3446 ἁγιωσύνης
1004 3376 1170 3445 ἁψῖδα
1206 3375 1624 3448 ἀναϐεϐηκέναι.
1663 3378 1800 3448 Περὶ
1827 3377 1883 3430 δὲ
1909 3372 1984 3430 ὧν

411 3481 492 3529 τε,
521 3465 616 3518 καὶ
646 3458 721 3521 ὧν
750 3467 1025 3538 ἀπέσχετο
1054 3467 1382 3539 βρωμάτων,
1411 3468 1510 3522 καὶ
1542 3468 1829 3522 συναπτῶν
1861 3472 1982 3524 ἀσι-

411 3557 541 3611 τιῶν
560 3560 984 3630 ἐπιψηφίζουσιν
1011 3561 1160 3630 αὐτῷ
1183 3562 1309 3624 τοὺς
1330 3561 1558 3632 χρόνους
1579 3562 1637 3613 ὲν
1667 3557 1748 3624 οἷς
1779 3562 1984 3629 ὀφείλει

412 3649 488 3712 ὡς
520 3651 775 3722 ἀριστεὺς
809 3651 1210 3722 ἐγκαυχᾶσθαι,
1261 3653 1356 3704 καὶ¹
1383 3653 1484 3722 τῆς
1516 3652 1874 3722 ἀδελφότητος
1909 3654 1985 3717 ὼς

415 3739 670 3804 εὐτελοῦς
753 3743 1218 3812 κατεπαίρεσθαι·
1288 3741 1432 3795 οὕτω
1501 3741 1560 3795 δὲ
1619 3742 1986 3813 ἐκδιηγεῖσθαι

416 3828 659 3887 ποιοῦσιν
694 3833 855 3888 αὐτὸν
884 3835 1010 3897 τοὺς
1031 3834 1250 3902 ἀγῶνας
1278 3833 1352 3897 ὡς
1387 3833 1451 3886 ὲκ
1485 3832 1653 3903 μόνης
1683 3834 1783 3902 τῆς
1821 3835 1986 3887 αὐτοῦ

418 3929 598 4000 ξσχύος
662 3925 1146 3997 κατορθωθέντας,
1201 3924 1292 3978 ὅτι·
1341 3924 1604 3994 Ἐποίησα
1670 3926 1833 3987 τάδε,
1893 3928 1987 3979 καὶ

415 4023 633 4092 ἧσκησα
680 4018 921 4082 τοιῶσδε,
964 4018 1058 4072 καὶ
1105 4015 1506 4086 ὲκακουχήθην,
1550 4015 1990 4087 ἀποστομοῦντες

413 4115 495 4166 Ξτι
523 4111 680 4166 τοῦτο
708 4110 922 4178 λέγειν,
939 4109 1054 4163 Ούκ
1077 4107 1190 4176 ἐγὼ
1211 4107 1291 4173 δὲ,
1308 4107 1422 4160 ἀλλ’
1447 4110 1480 4178 ή
1507 4109 1564 4161 ἐν
1591 4109 1718 4178 ἐμοὶ
1741 4108 1984 4181 βοήθεια.

415 4204 548 4258 θεὸν
570 4201 678 4270 γὰρ
703 4199 904 4270 βοηθὸν.
924 4199 1008 4268 ἐφ’
1039 4193 1121 4261 οἷς
1155 4197 1522 4268 μεγαλαυχεῖν
1551 4198 1714 4251 αὐτὸν
1744 4200 1988 4254 ποιοῦσιν

416 4293 700 4364 ὁμολογεῖν
729 4291 836 4344 οὐκ
856 4289 1038 4353 ἐῶσιν,
1064 4289 1151 4341 ἵνα
1181 4287 1255 4350 ὼς
1285 4288 1344 4354 ἐξ
1375 4290 1582 4353 οἰκείας
1612 4290 1777 4360 δῆθεν
1806 4293 1988 4362 ἰσχύος

415 4387 477 4440 τὸ
523 4387 629 4440 πᾶν
676 4383 784 4438 τῶν
832 4381 1058 4450 ἀγώνων
1105 4381 1352 4448 τελέσας,
1401 4383 1527 4446 τοὺς
1572 4385 1828 4448 ἐπαίνους
1880 4387 1988 4440 τῶν

2089 3217 2170 3261 eSt
2200 3215 2253 3260 et
2277 3205 2476 3265 vicina,
2507 3217 2571 3257 ac
2596 3201 2788 3256 similis
2819 3199 3106 3269 sapientia.
3140 3198 3473 3266 Quandoque
3495 3195 3656 3250 etiam

2091 3297 2350 3366 contingit
2377 3305 2432 3349 ut
2449 3293 2630 3348 carnis
2652 3293 2900 3346 ardorem
2927 3290 3296 3345 fraudulenter
3315 3288 3656 3357 consopiaut,

2089 3404 2154 3442 ex
2213 3385 2565 3442 interioribus
2615 3385 2860 3452 impuras
2905 3379 3232 3436 Submoveat
3269 3377 3656 3449 cogitationes,

2092 3488 2150 3531 ut
2200 3485 2350 3546 putet
2387 3473 2511 3543 quis
2545 3471 2791 3541 corporis
2843 3485 3052 3539 aspera-
3087 3468 3410 3524 tractatione
3445 3483 3502 3522 se
3544 3466 3658 3535 jam

2093 3564 2340 3633 spiritum
2373 3561 2727 3616 scortationis
2745 3559 3034 3622 devicisse,
3055 3557 3317 3627 juxtaque
3345 3567 3657 3610 sanctorum

2092 3657 2356 3725 fulgorem
2412 3668 2507 3709 cor
2560 3652 2836 3722 expiatum
2884 3649 3215 3712 reddidisse,
3273 3660 3324 3702 ct
3378 3663 3549 3718 usque
3591 3648 3658 3700 ad

2092 3747 2394 3803 sanctitatis
2449 3745 2723 3813 fa5tigium
2774 3741 3111 3797 accendisse.
3170 3739 3241 3794 De
3291 3740 3428 3794 cibis
3477 3749 3680 3810 autenr

2092 3837 2290 3906 quibus
2319 3835 2599 3899 abstinuit,
2640 3833 2986 3901 assiduisque
3027 3830 3255 3900 jejuniis
3308 3846 3409 3884 suo
3458 3829 3661 3886 confir-

2095 3937 2245 3984 mant
2277 3943 2452 3982 annos
2485 3927 2770 3994 suffragio,
2797 3925 2861 3978 de
2889 3924 3088 3993 quibus
3112 3923 3471 3984 debet,,vclttt
3501 3923 3546 3976 is
3568 3920 3682 3991 qui.

2094 4019 2545 4091 przestantissime
2597 4032 2718 4072 sese
2763 4016 2950 4084 gessit,
2996 4015 3260 4086 gloriari”
3291 4025 3346 4066 et
3399 4015 3687 4068 adversus.

2095 4112 2488 4167 fraternitatem
2518 4109 2593 4162 uti
2629 4108 2788 4160 vilem
2816 4105 2993 4161 eil'crri
3016 4123 3052 4168 ;_~
3066 4105 3242 4159 taliter
3272 4113 3450 4158 autem
3482 4106 3660 4173 ipsum

2093 4218 2353 4259 enarrare
2383 4199 2592 4254 faciunt
2621 4196 2944 4258 certamina,
2976 4211 3040 4251 ac
3073 4197 3117 4249 si
3151 4212 3214 4252 ex
3260 4195 3374 4250 sola
3416 4198 3497 4250 sui
3534 4213 3661 4266 pro-

2094 4311 2250 4366 spere
2289 4294 2526 4363 perfecta
2568 4299 2750 4347 essent
2799 4290 3046 4344 virtute:
3087 4291 3343 4348 nimirum
3391 4289 3515 4348 talia
3565 4304 3664 4358 ego

2094 4387 2336 4458 patravi,
2391 4387 2596 4456 talique
2648 4383 3037 4438 exercitatione
3089 4399 3208 4438 sum
3252 4396 3426 4446 usus,,
3467 4397 3528 4435 ac
3571 4381 3663 4435 tali

413 4477 589 4531 ἄθλων
628 4474 937 4544 ὁλοκλήρως
965 4473 1219 4543 ἁπαιτοίη
1242 4514 1258 4535 ,
1306 4475 1456 4538 ὅπως
1524 4477 1616 4528 καὶ
1646 4477 1726 4540 είς
1759 4478 1850 4530 τὸν
1888 4481 1980 4550 τῆς

2097 4481 2256 4535 modo
2288 4479 2554 4548 mei‘psum
2590 4475 2731 4530 male
2760 4477 3026 4539 tractavi';
3072 4490 3134 4528 os
3168 4474 3331 4527 etiam
3375 4474 3666 4527 occluden-

415 4567 763 4648 βλασφημίας
815 4565 972 4636 βυθὸν
1021 4565 1360 4636 ποντωθείη,
1414 4567 1746 4637 αύτοϐόηθον
1793 4571 1986 4626 ἑαυτὸν

415 4659 825 4728 ἀνεπαισθήτως
860 4657 1282 4729 παρεμφαίνων.

2097 4588 2206 4638 tes,
2245 4591 2312 4628 ne
2350 4575 2450 4627 hoc
2493 4572 2658 4634 dicat,
2706 4569 2953 4623 videlicet
3008 4583 3113 4621 nou
3165 4583 3266 4635 ego
3317 4568 3517 4628 solum,
3571 4566 3662 4617 sed

2093 4662 2559 4732 auxilium,,quod
2606 4660 2657 4713 in
2710 4675 2795 4712 me
2839 4667 2988 4719 erat;
3028 4671 3134 4709 non
3168 4657 3310 4710 enim
3356 4657 3403 4708 ei
3445 4653 3666 4723 permit-

415 4763 553 4817 tunt,
592 4753 643 4807 in
697 4754 780 4809 bis
819 4755 983 4807 Deum
1019 4753 1397 4805 auxiliatorem
1452 4750 1626 4813 fateri,
1687 4753 1736 4804 in
1788 4757 1986 4821 quibus
2029 4759 2234 4813 faciunt
2276 4755 2452 4823 ipsum
2524 4752 2749 4822 grandia
2812 4749 3084 4818 jactitare,
3116 4747 3338 4817 perinde
3365 4761 3428 4800 ac
3473 4745 3517 4799 si
3552 4753 3661 4798 tota

413 4851 712 4902 Ccl'lamina
740 4865 803 4900 υι
855 4849 1071 4917 propria
1106 4846 1434 4914 complesset
1499 4847 1716 4905 Vil'lnlc.
1765 4851 2109 4916 praemiorum
2179 4849 2368 4903 laudes
2433 4855 2576 4901 totas
2620 4846 2743 4898 inde
2810 4852 3094 4912 reposcat,
3129 4851 3293 4910 utque
3331 4840 3394 4892 ad
3436 4836 3664 4891 fundum

417 4941 764 5011 blaspbetnim
795 4941 1196 5008 sulmtergatur,
1373 4939 1476 4992 sibi
1509 4956 1570 4992 cit
1615 4940 1793 5008 scipso
1830 4944 2220 4999 auxiliatorcm-
2254 4941 2447 4996 stolide
2490 4949 2792 4994 ostentans.

983 5123 1026 5172 K
1037 5121 1203 5172 ΕΦΛΛ
1216 5159 1227 5171 .
1291 5121 1410 5172 AA".

486 5253 641 5307 Οὕτω
685 5253 968 5324 τοιγαροῦν
1029 5255 1126 5323 τῆς
1175 5253 1400 5324 καρδίας
1461 5255 1549 5308 διὰ
1595 5257 1691 5325 τῆς
1739 5257 1845 5309 τῶν
1895 5257 1983 5312 λο-

414 5347 628 5417 γισμῶν
662 5346 817 5414 δόξης
846 5347 1233 5416 ἐνηχουμὲνης,
1258 5347 1354 5398 καὶ
1405 5346 1479 5418 μὴ
1508 5351 1986 5421 ἀντιταττομένης,

413 5441 510 5491 οὐκ
539 5438 692 5502 ἐκτὸς
719 5437 869 5492 ἔσται
898 5438 998 5507 τῆς
1029 5441 1084 5491 ὲν
1111 5438 1412 5509 ἀποκρύφῳ
1440 5457 1546 5492 των
1572 5441 1783 5510 φρενῶν
1811 5460 1986 5509 παρα-

414 5532 666 5602 πληξίας,
703 5532 796 5586 τοῦ
845 5531 1109 5601 ἡγεμόνος
1137 5531 1347 5601 φρενῶν
1383 5531 1767 5602 ἐκτιναχθῆναι
1805 5538 1982 5589 κινδυ-

415 5625 680 5689 νεύοντος,
779 5624 846 5676 δι’
878 5624 1169 5692 ὀνειράτων
1217 5623 1613 5692 πιστουμένων,
1647 5625 1676 5692 ἢ
1722 5628 1777 5677 ἐν
1818 5631 1982 5696 ἀτρυ-

415 5717 596 5778 πνίαις
652 5713 1216 5782 μεταμορφουμένων,
1278 5712 1309 5770 ἦ
1363 5710 1423 5765 ὲν
1481 5721 1984 5789 μετατιχηματισεμξῖι

2609 5113 2837 5170 CAPUT
2877 5111 3114 5166 XXXIV.

2161 5257 2523 5324 Quapropter,
2561 5255 2722 5309 corde
2746 5254 2834 5307 tali
2872 5253 3030 5306 modo
3055 5267 3147 5320 per
3173 5250 3357 5319 gloria:
3377 5251 3661 5320 cogitatio-

2093 5367 2188 5404 ncs
2222 5354 2412 5403 edocto
2444 5361 2494 5402 ct
2525 5365 2632 5402 non
2667 5355 3026 5416 repugnante,
3061 5360 3169 5397 nou
3209 5351 3362 5396 extra
3391 5344 3660 5397 occultam

2095 5438 2291 5492 mentis
2313 5439 2416 5491 crit
2441 5435 2735 5498 vesaniam,
2758 5435 3062 5489 inti-allectus
3085 5434 3222 5488 duce
3247 5435 3424 5488 excuti
3452 5433 3664 5501 pericli-

2096 5539 2262 5591 tante,
2294 5541 2381 5584 aut
2415 5547 2509 5598 per
2537 5529 2694 5582 fidem
2715 5527 2968 5581 facientia
2995 5526 3229 5588 somnia,
3256 5535 3348 5580 aut
3379 5525 3432 5582 in
3454 5523 3666 5592 vigilias

2097 5623 2520 5682 tr:m.~furtuat:i,
2567 5629 2657 5672 aut
2709 5620 2760 5671 in
2808 5600 3479 5687 transliguratiuue.550
3528 5616 3666 5666 lucis

2097 5726 2402 5784 ('tIIISpI'f‘IiI.
2439 5714 2554 5782 Ipse.
2590 5728 2823 5781 namth
2871 5709 3103 5764 Satanas
3144 5710 3194 5762 in
3243 5709 3491 5777 angelum
3532 5707 3663 5760 luris
