3990 6204
310 250 443 314 ῙὶιΠ
1802 260 1859 318 S.

2017 260 2073 318 gl
3476 248 3615 313 1N8

302 365 539 422 Gulosus
590 369 889 423 monachus
941 370 1142 424 tributo
1192 371 1396 425 ventris
1446 383 1528 425 est
1580 371 1869 435 obnoxius,

2017 374 2113 441 μον
2153 371 2497 442 ήμερούσιον.
2541 371 2848 442 Ὀδοιπόρος
2888 370 3013 435 ὀξὺς
3074 370 3306 440 ταχέως
3346 366 3614 435 καταλή-

304 468 465 526 atque
492 460 629 512 idem
653 461 939 516 alllictatus
972 461 1347 530 quotidianum
1403 462 1591 531 exigit,
1628 462 1873 530 vectigal.

2017 480 2144 516 erat
2185 464 2358 528 πόλιν,
2389 464 2481 518 καὶ
2511 465 2742 535 μοναχδς
2776 462 3051 534 ἐγκρατὴς
3081 460 3398 532 εἰρηνικὴν
3432 465 3612 513 κατά-

306 545 468 601 νειολ
498 550 671 602 viator
698 552 946 607 celeriter
973 555 1040 607 ad
1087 554 1360 608 civitatem
1387 555 1633 624 attinget,
1664 564 1715 606 et
1759 568 1877 621 mo:

2021 568 2195 605 τασιν·
2238 553 2513 624 ὁδοιπορος
2565 552 2765 623 βραδὺς
2840 554 2898 604 ἐν
2937 550 3143 621 ἐρημίᾳ
3179 546 3617 615 αὐλισθήσεται

303 636 513 690 naclms
563 647 890 707 temperans,
936 642 1003 696 ad
1057 652 1258 697 statqu
1300 643 1605 711 pacilicum.
1666 640 1878 696 Tardus

2023 646 2268 716 παιθρος,
2308 647 2399 698 καὶ
2434 647 2667 716 μοναχδς
2696 644 3112 716 γαστρίμαργος
3149 642 3209 695 οὐ
3260 640 3498 709 φθάσει
3537 639 3620 699 είς

304 727 482 780 viator
518 728 570 781 in
599 730 891 787 solitudine
918 734 1020 787 sub
1055 734 1145 787 dio
1178 734 1560 794 stabulabitur,
1595 742 1649 785 et
1690 748 1879 786 mona-

2017 731 2131 789 ἷκον
2160 737 2448 799 ἀπαθείας.
2493 739 2681 808 ’Λτμὶς
2711 737 3055 808 θυμιάματος
3085 732 3407 795 εὐωδιὰζει
3440 730 3613 800 ἀέρα,

300 818 464 880 chus,
519 820 657 888 gulae
693 822 1062 886 subserviens,
1105 825 1171 877 ad
1203 825 1426 878 domum
1456 822 1743 877 vacuitatis
1764 838 1886 892 pas-

2017 830 2083 881 ιαὶ
2127 829 2403 900 προσευχὴ
2435 830 2738 900 ἐγκρατοῦς
2792 827 3062 899 ὄσφρησιν
3105 825 3264 879 Θεοῦ.
3323 823 3472 875 Ἐάν
3509 820 3620 889 δῷς

305 910 519 964 sionum
542 927 647 966 non
679 915 972 982 perveniet.
997 914 1173 985 Vapor
1204 915 1493 969 sullimeuti
1525 929 1703 968 aerem
1734 913 1888 969 suavi

2017 920 2217 972 τεαυτὸν
2244 921 2509 993 ἐπιθυμίᾳ
2537 920 2860 991 βρωμάτων,
2888 919 3042 973 οὐδὲν
3074 918 3310 989 ἀρκέσει
3356 914 3516 985 πρὸς
3559 914 3621 964 τὸ

308 1002 479 1069 replet
538 1004 727 1070 odore,
761 1014 815 1058 et
846 1008 1199 1075 temperantis
1229 1007 1395 1078 458
1421 1007 1598 1060 oratio
1643 1005 1885 1060 divinum

2017 1010 2279 1081 ιληρῶσαι
2310 1011 2406 1082 τὴν
2429 1012 2641 1082 ἡδονήν·
2678 1010 2790 1082 πῦρ
2820 1011 2928 1081 γάρ
2954 1012 3099 1063 ἐστιν
3130 1006 3428 1077 ἐπιθυμία
3468 1005 3620 1073 βρω-

310 1094 608 1160 permulcct
649 1096 925 1150 olfactum.
978 1098 1034 1152 Si
1077 1098 1307 1168 teipsum
1355 1099 1636 1168 cupiditati
1675 1097 1888 1151 edulio-

2017 1101 2205 1167 titwv,
2258 1104 2344 1156 disi.
2383 1104 2666 1174 δεχομένη,
2720 1104 2815 1156 καὶ
2859 1104 2947 1156 ἀεὶ
2998 1102 3347 1171 φλεγομένη.
3387 1098 3622 1168 Μέτρον

310 1199 431 1237 rum
480 1186 785 1253 tradideris,
885 1191 1019 1243 nihil
1103 1190 1331 1245 sutIieiet
1415 1191 1481 1245 ad
1567 1189 1889 1258 explendam

2017 1190 2269 1261 ιῦταρκες
2299 1192 2615 1265 ἐπλήρωσεν
2644 1195 2883 1261 ἀγγεῖον.
2908 1193 3122 1262 γαστὴρ
3151 1192 3205 1244 δέ
3240 1188 3621 1261 ῥηγνυμένη.

310 1276 687 1345 Voluptatem:
739 1291 821 1335 est
851 1282 1052 1353 quippe
1112 1283 1251 1353 ignis
1297 1300 1544 1338 escarum
1604 1283 1893 1352 cupiditas,

2017 1282 2056 1334 »ὑ
2092 1282 2261 1351 λέγει,
2317 1284 2523 1355 ’Λρκεῖ.
2563 1284 2777 1356 Χειρῶν
2824 1284 3044 1346 ἔκτασις
3084 1282 3474 1352 ἐτροπώσατο
3527 1278 3623 1329 τὸν

312 1382 527 1437 semper
565 1372 860 1441 accipiens,
890 1384 944 1430 et
970 1390 1188 1445 semper
1221 1376 1580 1430 inﬂammata.
1640 1376 1891 1429 Mensura

2017 1374 2276 1446 Ἀμαλὴκ,
2322 1377 2417 1429 καὶ
2463 1375 2690 1448 πράξεις
2737 1377 3042 1448 ἐπηρμέναι
3086 1374 3421 1445 χειροῦνται
3464 1370 3622 1436 πάθη

317 1460 590 1517 sulliciens
615 1463 856 1533 implevit
883 1483 1014 1533 vas;
1046 1477 1232 1523 venter
1261 1478 1440 1523 autem
1505 1469 1756 1537 diruptus
1785 1481 1890 1520 nou
2001 1466 2226 1534 σαρκός.

312 1550 464 1616 dicit,
532 1553 747 1607 suilieit.
813 1553 1066 1610 Mannum
1120 1560 1369 1613 extensio
1422 1558 1583 1612 vertit
1624 1557 1843 1611 Amalec
1905 1553 1959 1607 in
2001 1552 2182 1626 fugam
2219 1557 2286 1624 ⁶¹,
2330 1568 2385 1614 et
2418 1558 2662 1615 actiones
2707 1560 2926 1614 elcvatm
2984 1561 3201 1627 (nempe
3261 1557 3334 1611 ad
3412 1554 3623 1618 Deum)

313 1646 497 1697 Carnis
529 1645 788 1714 subigunt
823 1647 1103 1715 passiones
1136 1648 1202 1701 θ’.

927 1798 1160 1855 CAPUT
1200 1798 1291 1853 ιιι.
1932 1778 1974 1832 Β

391 1910 701 1964 Extermiua
737 1926 767 1964 a
818 1919 869 1965 te
906 1912 1269 1982 quodcunque
1304 1911 1433 1965 vitia
1464 1909 1655 1980 spirat,
1692 1916 1746 1962 ct
1778 1889 1898 1962 car-

318 2006 405 2057 nis
447 2014 552 2058 tua:
597 2006 840 2060 membra
885 2007 1060 2062 valide
1088 2007 1373 2061 mor-tilica.
1432 2005 1897 2072 Quemadmodum

2639 1796 2889 1850 ΚΕΦΛΛ.
2916 1796 2987 1851 Γ’.

2085 1906 2491 1979 Ἐξολὸθρευσον
2531 1910 2594 1962 ἐκ
2630 1909 2724 1962 σοῦ
2776 1912 2883 1963 πᾶν
2941 1912 3175 1981 ἔμπνεον
3222 1911 3461 1976 κακίας,
3522 1912 3621 1964 καὶ

314 2098 457 2149 enim
489 2097 714 2151 lwllator
746 2097 1084 2163 interfectus,
1120 2098 1214 2153 tibi
1246 2113 1353 2151 non
1393 2098 1617 2153 incutiet
1670 2106 1898 2162 metum,

316 2188 389 2240 ita
415 2201 617 2255 corpus
642 2189 1048 2255 mortilicatum,
1081 2196 1227 2242 tuam
1273 2203 1377 2241 non
1416 2187 1753 2258 perturbabit
1783 2185 1902 2240 ani-

316 2296 485 2333 mam.
521 2279 797 2333 Mortuum
851 2294 1050 2350 corpus
1083 2280 1224 2350 ignis
1273 2296 1382 2334 non
1426 2281 1577 2335 novit
1635 2280 1898 2344 dolorem,

319 2387 422 2423 nec
496 2382 805 2438 temperans
876 2372 1207 2441 voluptatem
1281 2373 1545 2441 persentit
1593 2370 1903 2441 cupiditatis

318 2474 599 2517 emortum.
630 2461 687 2517 Si
742 2464 1083 2533 percusseris
1114 2461 1451 2535 Egyptium,
1497 2463 1549 2517 in
1597 2478 1762 2518 arena
1824 2462 1901 2532 ip-

318 2570 439 2609 sum
474 2555 795 2610 abscondito
827 2554 892 2621 ⁸³,
919 2566 967 2610 et
1001 2571 1068 2610 ne
1110 2557 1163 2609 in
1193 2556 1401 2610 devicta
1430 2556 1727 2625 cupiditate
1779 2555 1903 2625 pin-

317 2645 594 2716 guefacias
624 2661 860 2716 corpus:
893 2647 1035 2702 sicut
1056 2647 1197 2701 enim
1230 2647 1612 2701 absconditum
1648 2648 1701 2701 iu
1732 2655 1898 2712 terra,

318 2736 500 2804 opima
551 2739 840 2806 germinat,
899 2737 971 2794 ita
1011 2738 1065 2792 in
1097 2754 1327 2808 corpore
1364 2739 1698 2808 impinguato
1725 2737 1907 2806 repul-

319 2828 453 2881 lulat
484 2828 685 2897 passio.
723 2828 966 2883 Flamma
999 2831 1265 2884 exstincta
1302 2833 1524 2892 relucet,
1554 2830 1600 2883 si
1625 2829 1775 2883 arida
1793 2845 1910 2884 sus-

320 2919 529 2987 ceperit
574 2919 820 2985 cremia;
870 2928 923 2973 et
961 2920 1211 2989 voluptas
1242 2921 1449 2989 sopita,
1483 2922 1676 2973 iterum
1711 2936 1907 2975 accen-

322 3011 471 3066 ditur
493 3012 544 3065 in
566 3011 854 3066 saturitate
877 3010 1123 3065 ciborum
1159 3028 1171 3064 :
1206 3028 1272 3067 ne
1299 3012 1604 3065 miserearis
1664 3010 1909 3079 corporis

2004 1996 2140 2067 μέλη
2172 2000 2377 2068 σαρκός
2409 2015 2503 2051 σου
2537 1999 2813 2072 νέκρωσον
2845 2000 3102 2071 ἰσχυρῶς.
3124 2003 3220 2054 Ὃν
3252 2001 3479 2070 τρόπον
3507 2002 3615 2068 γὰρ

2001 2089 2347 2160 ἀνῃρημένος
2393 2090 2673 2160 πολέμιος,
2702 2091 2761 2142 οὐ
2814 2091 3041 2159 παρέξει
3100 2110 3180 2144 σοι
3222 2093 3423 2160 φόϐον,
3465 2093 3615 2145 οὕτω

2002 2180 2276 2246 νεκρωθέν
2310 2182 2467 2251 σῶμα
2494 2183 2553 2235 οὐ
2576 2183 2800 2253 ταράξει
2836 2201 2927 2236 σου
2962 2183 3061 2253 τὴν
3089 2182 3289 2254 ψυχήν.
3325 2186 3456 2237 Οὐκ
3498 2180 3611 2237 οἶδε

2004 2275 2178 2346 πυρὸς
2204 2274 2395 2346 ὀδύνην
2432 2275 2590 2345 σῶμα
2639 2276 2855 2347 νεκρὸν,
2891 2277 3009 2329 οὐδὲ
3064 2278 3348 2348 ἐγκρατὴς
3407 2276 3609 2347 ἡδονὴν

2004 2363 2299 2435 ἐπιθυμίας
2327 2369 2546 2437 νεκρᾶς.
2566 2367 2695 2420 Ἐὰν
2720 2368 2965 2441 πατάξῃς
2983 2367 3300 2435 Αίγύπτιον,
3337 2370 3405 2422 ἐν
3435 2369 3611 2439 ἄμμῳ

2005 2456 2214 2526 κρύψον
2249 2458 2432 2521 αὑτὸν,
2465 2458 2559 2512 καὶ
2590 2459 2664 2530 μὴ
2711 2460 2909 2531 πιάνῃς
2951 2462 3109 2532 σῶμα
3159 2461 3252 2513 ἐπὶ
3289 2461 3609 2533 ἡττωμένῳ

2006 2548 2189 2602 πάθει·
2220 2549 2295 2613 ὡς
2326 2551 2435 2621 γὰρ
2474 2550 2532 2603 ἐν
2568 2550 2782 2623 λιπὼσῃ
2818 2554 2887 2623 γῇ
2922 2552 3048 2621 φύει
3093 2552 3153 2606 τὸ
3200 2554 3480 2624 κρυφθὲν,
3518 2551 3611 2606 οὖα

2005 2657 2114 2703 τως
2136 2642 2193 2693 ἐν
2234 2640 2448 2711 σώματι
2483 2640 2778 2713 πιμελώδει
2809 2642 3098 2697 ἀναθάλλει
3148 2644 3208 2698 τὸ
3244 2628 3448 2710 πάοοςξ
3486 2647 3607 2700 Ma-

2011 2732 2271 2805 ρανθεῖσα
2318 2733 2453 2803 φλὸξ
2488 2734 2803 2806 ἀναλάμπει
2861 2735 3234 2808 ἐπιλαϐομένη
3272 2740 3604 2807 φρυγάνων,

2009 2827 2105 2881 καὶ
2135 2826 2295 2897 ἡδονὴ
2341 2825 2640 2881 σϐεσθείσα
2684 2826 3143 2898 ἀναξωπυροῦται
3184 2830 3241 2882 ἐν
3268 2831 3424 2902 κόρῳ
3461 2830 3606 2901 βρω-

2014 2920 2220 2988 μάτων.
2266 2920 2358 2989 Μὴ
2400 2919 2629 2991 ἐλεήσῃς
2680 2919 2840 2989 σῶμα
2888 2921 3107 2974 ἀτονίαν
3165 2922 3604 2991 ἀποδυρόμενον,

2015 3010 2150 3079 μηδέ
2187 3010 2387 3081 πιάνῃς
2432 3010 2563 3063 αὐτὸ
2608 3010 2926 3081 πολυτελείᾳ
2967 3011 3292 3082 βρωμάτων·
3345 3014 3448 3066 liv
3497 3010 3607 3080 γάρ

319 3104 711 3176 conquerentis
744 3105 815 3159 ob
854 3103 1207 3169 debilitatem,
1250 3119 1349 3159 nec
1412 3103 1541 3157 illud
1598 3101 1903 3172 impiugues

2017 3101 2225 3173 ἰσχύσῃ,
2258 3102 2701 3174 ἐπαναστήσεται
2740 3119 2843 3165 σοι,
2896 3103 2991 3155 καὶ
3041 3102 3278 3174 πόλεμον
3330 3104 3605 3157 ἄσπονδον

322 3205 585 3267 apparatu
635 3195 934 3249 multorum
965 3195 1236 3249 ciborum.
1269 3192 1426 3260 Nam,
1464 3193 1507 3248 si
1542 3194 1901 3258 convaluerit,

319 3290 583 3358 impetum
618 3288 670 3343 in
709 3298 760 3342 te
796 3287 978 3353 faciet,
1008 3290 1353 3359 movebitque
1387 3289 1676 3344 adversum
1721 3298 1771 3342 te
1794 3288 1904 3342 bel-

323 3381 434 3434 lum
471 3380 797 3449 inexpiabile
820 3421 833 3443 ,
869 3395 1153 3450 usquequo
1192 3381 1430 3435 animam
1471 3389 1617 3436 tuam
1652 3381 1703 3434 in
1736 3381 1908 3436 servi-

326 3480 499 3525 tutem
533 3472 761 3541 redigat,
792 3486 1121 3541 servumque
1191 3480 1244 3526 te
1306 3474 1483 3527 tradat
1552 3472 1906 3543 impudicitia:

324 3564 585 3633 passioni.
616 3563 803 3634 Equus
837 3565 974 3620 bene
1012 3564 1256 3621 l‘renatus
1279 3576 1362 3622 est
1385 3582 1585 3636 corpus
1618 3583 1783 3638 egens
1809 3566 1911 3621 ali-

323 3662 529 3719 tuente,
579 3670 757 3726 neque
806 3656 1024 3727 dejiciet
1078 3673 1315 3727 unquam
1375 3674 1765 3724 ascensorem;
1824 3658 1912 3713 ille

326 3743 529 3813 quippe
572 3744 715 3799 cedit
757 3743 913 3800 freno
938 3747 1291 3811 constrictus,
1365 3754 1419 3799 et
1475 3745 1677 3815 auriga:
1724 3744 1909 3799 manui

326 3849 501 3910 paret,
541 3855 747 3910 corpus
778 3851 957 3896 autem
990 3841 1161 3915 459
1176 3842 1317 3897 fame
1338 3841 1611 3907 domatur,
1644 3849 1697 3895 et
1728 3840 1910 3910 vigilia

324 3940 379 3983 rt
405 3946 507 3985 non
544 3933 715 3988 resilit
745 3932 815 3988 ab
842 3934 1191 3989 inscendeute
1221 3934 1567 4004 c0gitatione,
1594 3949 1692 3988 nec
1720 3933 1916 3987 adhin-

325 4021 407 4075 nit
442 4032 777 4079 commotum
830 4026 897 4080 ab
931 4026 1133 4095 impetu
1166 4025 1523 4096 passiouibus
1548 4025 1834 4097 implicito.

950 4139 1177 4194 CAPUT
1210 4140 1295 4193 IV.

949 4250 1025 4304 De
1060 4251 1303 4306 luxuria.

399 4362 742 4417 Conliucntia
786 4364 1199 4431 temperantiam
1236 4366 1395 4434 parit,
1431 4367 1697 4437 ingluvies
1724 4376 1904 4422 autem

2010 3198 2223 3266 κινήσει
2256 3195 2397 3247 κατά
2428 3194 2546 3260 σοῦ,
2576 3195 2681 3258 ἕως
2718 3194 2783 3247 ἂν
2815 3195 3236 3266 αἰχμαλωτευσῃ
3272 3196 3373 3267 σὴν
3396 3196 3601 3266 ψυχὴν,

2010 3290 2103 3341 καὶ
2131 3287 2315 3340 δοῦλον
2338 3285 2651 3357 παραδώσει
2684 3302 2741 3339 σε
2772 3286 2976 3356 τῷτῆς
2999 3286 3256 3357 πορνείας
3286 3286 3603 3342 πάθει.”ῐπ-

2012 3395 2112 3441 tto;
2152 3379 2382 3450 εὐήνιος,
2414 3374 2593 3439 ἐνδεὲς
2627 3375 2807 3449 σῶμα,
2841 3378 2934 3430 καὶ
2966 3378 3026 3431 οὐ
3065 3380 3142 3450 μὴ
3169 3378 3475 3432 καταϐαλεῖ
3512 3379 3602 3429 τὶν

2012 3471 2292 3541 ἀναϐάτην
2346 3469 2497 3535 ποτὲ,
2528 3471 2555 3522 ὁ
2589 3468 2687 3539 μὲν
2716 3470 2823 3540 γὰρ
2853 3469 2993 3522 εἴκει
3036 3470 3337 3540 ἀγχόμενος
3370 3468 3597 3539 χαλινῷ,

2013 3566 2107 3619 καὶ
2136 3566 2201 3635 τῇ
2232 3563 2375 3634 χειρὶ
2414 3561 2661 3616 πείθεται
2690 3562 2781 3615 τοῦ
2807 3562 3049 3633 ήνιὸχου.
3083 3563 3243 3633 σῶμα
3272 3564 3328 3616 δὲ
3357 3563 3599 3634 δαμάξε·

2012 3675 2099 3711 ται
2132 3658 2189 3709 ἐν
2220 3654 2385 3726 λιμῷ,
2431 3654 2524 3707 καὶ
2556 3654 2856 3724 ἀγρυπνίᾳ,
2903 3655 2995 3707 καὶ
3036 3656 3135 3708 οὐκ
3162 3657 3476 3728 ἀποσκιρτᾷ
3507 3656 3595 3709 τοῦ

2013 3749 2401 3811 ἐπιϐατοῦντος
2432 3745 2718 3818 λογισμοῦ,
2746 3746 2866 3801 οὐδὲ
2918 3750 3233 3819 χρεμετξσει
3278 3748 3601 3819 κινούμενον

2016 3843 2121 3899 ὑπὸ
2150 3844 2327 3915 ὁρμῆς
2358 3839 2663 3913 ἐμπαθοῦς.

2651 4133 2905 4186 ΚΕΦΛΛ.
2927 4130 3002 4186 Δ’.

2581 4242 2721 4312 Περὶ
2753 4243 3062 4310 πορνείας.

2086 4351 2453 4427 Σωφροσύνην
2499 4354 2675 4410 τίκτει
2721 4355 3043 4426 ἐγκράτεια,
3077 4355 3494 4426 γαστριμαργία
3524 4355 3599 4418 δὲ,

330 4457 469 4522 pube
499 4464 669 4509 mater
696 4466 778 4510 est
807 4456 1260 4525 intemperantia.
1295 4457 1487 4512 Oleum
1532 4460 1706 4513 nutrit
1744 4459 1905 4515 lucer-

2021 4446 2206 4518 μήτηρ
2259 4444 2558 4509 ἀκολασίας
2583 4460 2599 4476 ·
2628 4442 2811 4498 ἔλαιον
2842 4444 3035 4515 τρέφει
3083 4444 3343 4514 λαμπάδα
3383 4443 3597 4513 λύχνου,

331 4566 414 4603 me
452 4548 773 4617 lampadem,
805 4557 857 4603 et
891 4549 1236 4604 conrersatio
1313 4549 1604 4605 mulierum
1665 4551 1900 4605 faculam

331 4641 626 4710 voluptatis
658 4641 930 4697 accendit.
967 4640 1258 4696 Fluctuum
1297 4642 1556 4697 violentia
1591 4658 1698 4697 non
1769 4642 1909 4699 sub-

332 4735 614 4789 but'ratam
652 4735 821 4805 agitat
853 4735 1054 4800 navim,
1107 4742 1162 4789 et
1187 4736 1448 4806 cogitatio
1480 4736 1731 4801 luxurize,
1763 4750 1915 4792 men-

332 4837 442 4879 tem
469 4824 919 4879 incontinentem.
957 4824 1293 4891 Impudicitia
1323 4827 1625 4881 satietatem
1673 4836 1917 4883 assumet

334 4919 388 4971 in
439 4915 797 4985 adjutorinm,
831 4916 1065 4971 dimittet
1090 4917 1233 4971 enim
1270 4918 1464 4988 ipsam,
1496 4927 1547 4973 et
1582 4918 1749 4973 stabit
1790 4930 1914 4973 cum

333 5009 683 5073 adversariis,
715 5020 769 5064 et
796 5009 863 5064 ad
892 5021 1195 5065 extremum
1237 5027 1343 5065 una
1384 5027 1504 5066 cum
1529 5010 1777 5066 hostibus
1806 5011 1917 5066 bel-

334 5101 447 5153 lum
480 5100 730 5155 sociabit.
764 5100 1135 5157 luvulneratus
1165 5111 1449 5172 permanet
1478 5102 1546 5156 ab
1579 5103 1783 5155 inimici
1832 5102 1917 5171 ja-

337 5191 498 5256 culis,
530 5191 624 5260 qui
654 5192 831 5262 diligit
859 5192 1119 5262 quietem,
1157 5201 1231 5257 at,
1273 5194 1365 5263 qui
1400 5193 1563 5248 simul
1605 5209 1726 5247 cum
1756 5194 1913 5263 plebe

340 5284 618 5348 miscetur,
645 5284 905 5338 continua
948 5284 1148 5353 excipit
1178 5286 1423 5338 vulnera.
1470 5284 1706 5339 Obtutus
1757 5284 1916 5338 femi-

342 5389 426 5426 nae
461 5375 624 5431 telum
658 5384 739 5430 est
768 5390 974 5429 veneno
1013 5376 1303 5438 imbutum,
1350 5376 1617 5431 sauciavit
1654 5375 1913 5441 animam,

342 5476 397 5519 et
428 5467 576 5522 virus
607 5466 823 5532 inludit,
851 5478 904 5523 ct
929 5484 1037 5537 quo
1090 5467 1295 5524 diutius
1324 5470 1605 5539 perdurat,
1637 5485 1703 5524 c0
1748 5469 1919 5537 majo-

422 5665 462 5698 ”
493 5664 663 5719 Exod.
702 5680 834 5726 xm,
870 5665 951 5717 l3.
1032 5666 1073 5695 ⁸⁵
1105 5664 1260 5717 l‘ruv.
1295 5679 1421 5727 xxx,
1461 5665 1541 5719 15.

2022 4539 2117 4592 καὶ⁵
2150 4536 2358 4609 πυρσὸν
2376 4536 2575 4608 ἡδονῆς
2602 4536 2831 4603 ἐξάπτει
2866 4536 3127 4607 συντυχία
3153 4536 3448 4605 γυναικῶν.
3494 4538 3603 4589 Κυ-

2025 4629 2211 4703 μάτων
2249 4627 2339 4699 βτα
2372 4625 2626 4700 χειμάζει
2666 4628 2851 4681 πλοῖον
2878 4629 3297 4699 ἀνερμάτιστον,
3335 4628 3431 4681 καὶ
3458 4627 3602 4696 λογι-

2023 4725 2158 4797 σμὸς
2194 4724 2473 4792 πορνείας,
2503 4722 2630 4777 νοῦν
2668 4723 2905 4794 ἀκρατῆ.
2959 4722 3197 4793 Πορνεία
3246 4720 3605 4791 συμπαραλή-

2020 4818 2183 4889 ψεται
2232 4817 2392 4886 κόρον
2422 4817 2503 4879 εἰς
2542 4814 2880 4886 συμμαχίαν,
2908 4815 3111 4885 ἀφήσει
3140 4814 3249 4883 γὰρ
3286 4811 3470 4877 αὑτὸν,
3516 4809 3604 4863 καὶ

2019 4910 2160 4980 μετά
2180 4906 2289 4961 τῶν
2322 4906 2581 4960 ἐναντίων
2620 4906 2903 4975 στήσεται,
2936 4906 3032 4957 καὶ
3060 4905 3147 4955 ἐπ’
3184 4903 3429 4973 ἐσχάτων
3470 4916 3604 4970 συμ-

2018 4999 2316 5070 πολεμήσει
2364 4998 2475 5059 τοῖς
2509 4997 2745 5067 ἐχθροῖς.
2779 4995 3058 5065 Ἀτρωτος
3085 4993 3331 5063 διαμένει
3367 4991 3476 5045 ἀπὸ
3501 4989 3605 5044 τῶν

2017 5090 2188 5162 βελῶν
2219 5089 2314 5143 τοῦ
2341 5088 2544 5159 ἐχθροῦ
2578 5090 2608 5141 ὁ
2652 5086 2883 5156 ἀγαπῶν
2912 5087 3169 5157 ἡσυχίαν,
3203 5082 3604 5155 συναναμιγνύ-

2024 5201 2183 5255 μενος
2235 5183 2292 5236 δὲ
2340 5181 2530 5253 πλήθει
2604 5182 2849 5251 συνεχεῖς
2895 5180 3109 5250 δέχεται
3159 5179 3395 5250 πληγάς.
3445 5176 3603 5245 Ὄψις

2022 5275 2281 5344 γυναικὸς
2328 5273 2481 5344 βέλος
2521 5273 2637 5325 ἐστὶ
2678 5271 3235 5342 πεφαρμακευμένον,
3262 5270 3470 5340 ἔτρωσε
3509 5266 3604 5337 τὴν

2021 5367 2243 5438 diu-mw,-
2275 5367 2368 5420 καὶ
2412 5367 2505 5419 τὸν
2556 5364 2633 5418 ἰὸν
2679 5364 2993 5425 ἐναπέθετο.
3046 5364 3140 5418 καὶ
3183 5363 3308 5416 ὅσον
3345 5360 3601 5432 χρονίζει,

2026 5460 2250 5513 πλείονα
2311 5460 2410 5530 τὴν
2471 5457 2634 5529 σῆψιν
2706 5456 3025 5529 ἐργάζεται.
3085 5457 3144 5510 '0
3203 5454 3605 5526 φυλασσόμενος

1623 5666 1670 5696 “
1706 5664 1855 5719 [ἐκοί
1912 5680 1968 5731 ιι,
2013 5662 2096 5727 ll,
2136 5662 2217 5714 12.
