3994 6182
357 268 492 333 1149

1418 275 1517 338 DE
1551 273 1738 334 OCTO
1758 273 2197 342 SPIRITIBUS
2218 275 2576 342 MALITUE.

3483 284 3619 349 1150

352 385 525 438 ταῦτα
560 382 626 436 τά
657 382 810 452 βέλη,
853 385 913 440 ού
952 387 1294 457 παραϐάλλει
1340 387 1687 460 πανηγύρεσι
1720 388 1927 458 πανδή-

2034 406 2148 446 rem
2174 403 2368 450 causat
2395 393 2872 464 putrefactimtem.
2911 393 3014 462 Qui
3047 411 3104 450 se
3138 397 3376 452 custodit
3401 397 3470 452 ab
3529 399 3614 455 his

357 491 498 546 μοις,
528 473 648 529 οὐδὲ
678 477 735 530 ὲν
763 481 884 540 ταῖς
912 481 1128 548 ἑορταῖς
1151 481 1403 548 περιάξει
1434 479 1698 552 κεχηνώς·
1723 480 1932 550 βέλτιον

353 565 463 637 γάρ
484 565 624 620 οἴκοι
648 565 878 642 μένοντα
907 569 1190 638 σχολάζειν
1221 573 1572 642 προσευχαῖς,
1598 572 1630 642 ἢ
1663 573 1826 644 τιμᾷν
1852 589 1932 626 νο-

357 655 584 725 μίζοντα
638 657 739 721 τὰς
798 659 1011 729 ἑορτὰς,
1072 660 1315 728 γίνεσθαι
1373 662 1652 732 πάρεργον
1696 663 1926 734 ἐχθρῶν.

351 747 524 817 Φεῦγε
583 746 873 820 συντυχίαν
905 751 1200 819 γυναικῶν,
1255 753 1350 807 ἐὰν
1396 753 1558 827 θέλῃς
1608 759 1927 826 σωφρονεῖν,

355 837 451 893 καὶ
502 839 575 912 μὴ
612 840 718 910 δῷς
757 843 1066 914 παρρησίαν
1100 846 1292 910 αὐταῖς
1333 845 1606 918 θαρρῆσαί
1648 846 1730 899 σοί
1773 864 1927 904 ποτε.

355 930 653 985 Εύλάϐειαν
684 933 791 1003 γὰρ
819 935 876 987 ἐν
915 935 1109 1006 ἀρχαῖς
1138 938 1170 1008 ἢ
1206 937 1422 1008 ἔχουσιν
1454 936 1488 1012 ἢ
1519 935 1922 1010 ὑποκρίνονταιο

355 1021 579 1093 ὕστερον
607 1024 663 1077 δὲ
692 1027 862 1079 πάντα
893 1028 1164 1098 τολμῶσιν
1189 1030 1420 1094 ἀναιδῶς
1438 1048 1453 1064 ο
1495 1030 1687 1104 πρώτῃ
1731 1049 1926 1086 συντυ-

352 1113 444 1186 κίςι
466 1114 527 1166 τδ
550 1114 768 1186 βλέμμα
798 1117 981 1188 ἔχουσι
1012 1121 1182 1189 κάτω,
1217 1122 1440 1177 λαλοῦσι
1470 1124 1683 1194 πράως,
1715 1126 1809 1178 καὶ
1836 1125 1930 1180 δα-

351 1204 576 1274 κρύουσι
611 1209 932 1278 συμπαθῶς,
965 1214 1391 1284 σχηματίζονται
1424 1215 1658 1286 σεμνῶς,
1690 1217 1785 1271 καὶ
1811 1235 1930 1271 m-

349 1295 568 1360 νάζουσι
597 1299 788 1370 πικρά,
823 1300 1066 1372 ἐρωτῶσι
1097 1305 1226 1376 περὶ
1267 1305 1508 1375 ἁγνείας,
1543 1308 1638 1361 καὶ
1668 1308 1926 1364 ἀκούουσι

263 1468 268 1472 _
349 1388 674 1453 σπουδαίωςο
723 1390 977 1464 δεύτερον
1031 1393 1191 1464 εἶδες,
1227 1399 1322 1452 καὶ
1378 1399 1573 1470 μικρὸν
1631 1401 1926 1456 ἀνένευσαν

347 1478 479 1542 ἀνω·
529 1479 733 1552 τρίτον,
769 1483 863 1536 καὶ
894 1486 1254 1556 προσέχουσιν
1280 1488 1535 1553 ἀναιδῶς,
1582 1489 1924 1560 ὲμειδιάσας,

347 1571 600 1624 κάκεῖναι
647 1575 966 1644 κεχυμένως
1013 1578 1296 1645 ἐγέλασαν·
1333 1579 1665 1650 κοσμοῦνται
1714 1581 1923 1644 λοιπὸν.

347 1661 440 1714 καὶ
472 1660 836 1719 ἑνδείκνυνταί
872 1685 954 1720 σοι
985 1668 1192 1737 σαφῶς,
1245 1668 1466 1742 βλέμμα
1506 1669 1806 1741 μορφοῦσιν
1835 1673 1926 1726 εύ-

347 1750 770 1824 αγγελιζὸμεναι
815 1756 879 1810 τὺ
934 1735 1125 1822 πάθος,
1183 1735 1358 1830 ὀςρρῦς
1389 1735 1779 1824 ,ἀνατε-ίνουσι,
1833 1761 1928 1815 καὶ
1960 1735 2002 1794 1⁸

349 1846 774 1916 περιστρέφουσι
803 1848 1070 1920 βλέφαρα,
1093 1849 1360 1921 γυμνοῦσι
1393 1851 1486 1904 τὸν
1510 1853 1802 1924 τράχηλον,
1835 1855 1930 1908 καὶ

345 1931 452 2002 ὗλῳ
478 1933 555 2003 τῷ
591 1933 804 2006 σώματι
845 1938 1194 2010 θρύπτονται,
1220 1941 1410 2010 λόγους
1455 1941 1675 1998 λαλοῦσι
1715 1946 1930 2016 μαλάσ-

347 2033 540 2086 σοντας
572 2023 633 2077 τὸ
666 2025 858 2091 πάθος,
890 2029 984 2082 καὶ
1038 2028 1258 2098 φθέγμα
1307 2031 1686 2099 ἐπιτηδεύουσι
1736 2031 1929 2104 θέλγη-

346 2128 507 2183 στρον
539 2115 729 2184 ἀκοῆς,
767 2115 871 2178 ἕως
904 2117 970 2170 ἂν
999 2115 1088 2170 διὰ
1129 2118 1348 2172 πάντων
1381 2120 1784 2190 πολιορκήσωσι
1828 2123 1928 2194 την

343 2203 540 2274 ψυχήν.
568 2205 754 2260 Ταῦτα
780 2207 992 2274 γίνεταί
1043 2224 1127 2260 σοι
1177 2208 1448 2280 ἄγκιστρα
1479 2209 1802 2274 δελεάζοντα
1847 2212 1929 2276 είς

347 2292 597 2360 θάνατον,
651 2296 746 2349 καὶ
795 2295 1043 2367 Θήρατρα
1090 2295 1406 2351 πολύπλοκα
1445 2297 1676 2352 ἕλκοντα
1716 2301 1796 2362 εἰς
1825 2301 1928 2354 ἀπ-

343 2382 562 2449 ώλειαν,
596 2388 670 2458 μή
719 2404 777 2440 σε
821 2387 1137 2459 πλανήσωσι
1187 2388 1367 2458 λόγοις
1403 2389 1662 2456 ἐπιεικῶς
1716 2410 1928 2465 κεχρηο

346 2479 530 2547 μέναι·
569 2480 942 2552 ἐγκέκρυπται
999 2481 1109 2554 γάρ
1167 2482 1359 2547 αύταῖς
1411 2482 1490 2547 ἰὸς
1537 2484 1774 2556 πονηρὸς
1831 2487 1926 2559 θη-

347 2569 499 2639 ρίων.
1916 2563 1929 2575 ’

2037 482 2176 546 telis,
2224 498 2332 539 non
2364 485 2430 540 ad
2460 483 2776 556 frequentes
2810 486 2992 556 populi
3033 494 3335 542 conventus
3391 502 3616 556 progre-

2033 569 2202 637 ditur,
2251 587 2353 628 nec
2407 573 2462 628 in
2518 573 2714 628 diebus
2787 573 2944 630 festis
2993 574 3304 629 circumibit
3363 575 3612 629 inhians-

2034 662 2230 720 melius
2269 673 2354 718 est
2402 663 2548 718 enim
2595 675 3027 719 commorantem
3059 666 3207 720 domi
3235 667 3470 721 orationi
3524 682 3619 721 va-

2032 770 2182 821 care,
2223 771 2412 826 quam,
2453 758 2582 812 dum
2651 756 2923 813 honorare
2961 773 3020 811 se
3066 759 3189 827 quis
3239 766 3390 826 putat
3447 757 3618 812 festas

2032 845 2427 912 solemnitates,
2456 847 2522 902 ad
2553 857 2865 918 susceptum
2901 863 3039 917 opus
3069 848 3417 902 inimicorum
3459 863 3617 904 acce-

2033 935 2182 991 dere.
2235 934 2584 993 Feminarum
2615 939 3082 995 conversationem
3145 937 3287 1008 fuge,
3326 938 3373 994 si
3427 939 3616 993 conti-

2032 1040 2170 1083 nens
2199 1041 2321 1083 esse
2345 1029 2502 1097 velis,
2535 1045 2724 1101 neque
2765 1031 2861 1086 des
2900 1029 3034 1100 ipsis
3079 1030 3330 1085 fiduciam
3363 1044 3484 1086 sese
3521 1029 3616 1084 tibi

2029 1118 2366 1176 confidentes
2442 1137 2683 1192 unquam
2750 1122 3184 1178 demonstrandi.
3240 1119 3297 1176 in
3352 1121 3618 1192 principio

2028 1223 2268 1281 namque
2296 1214 2675 1276 reverentiam.
2726 1221 2822 1268 aut
2852 1213 3074 1277 habent,
3110 1223 3206 1268 aut
3241 1214 3533 1280 simulant;
3563 1223 3618 1268 at

2028 1301 2223 1357 deinde
2247 1301 2448 1358 audent
2470 1304 2656 1359 omnia
2685 1304 3048 1373 impudenter.
3089 1301 3302 1360 Etenim
3347 1305 3401 1358 in
3436 1305 3612 1374 prima

2028 1393 2441 1448 conversatione
2485 1394 2694 1449 Vultum
2747 1395 2910 1449 etiam
2959 1394 3271 1457 demittunt,
3335 1405 3619 1450 mansuete

2028 1481 2347 1553 loquuntur;
2365 1483 2608 1556 Met
2639 1499 2764 1540 cum
2794 1485 3188 1556 compassione.
3216 1485 3614 1556 lacrymantur,

2028 1574 2264 1644 graviter
2311 1575 2650 1646 honesteque
2692 1585 3033 1646 componunt
3062 1577 3328 1640 habitum,
3350 1585 3403 1630 et
3433 1591 3620 1633 amare

2029 1669 2332 1736 suspirant,
2402 1667 2742 1739 interrogant
2805 1669 2872 1724 de
2940 1666 3210 1733 castitate,
3257 1682 3322 1722 ac
3371 1667 3620 1722 studiose

2029 1756 2264 1812 audiunt
2298 1775 2312 1812 :
2349 1757 2592 1812 secundo
2639 1758 2846 1824 vidisti,
2881 1767 2937 1814 et
2968 1757 3082 1829 jam
3123 1757 3404 1828 paululum
3450 1767 3616 1829 caput

2029 1863 2254 1904 sursum
2305 1843 2590 1904 reflectunt
2625 1867 2638 1904 :
2691 1849 2884 1915 tertio,
2921 1848 3289 1905 inverecunde
3325 1849 3488 1904 etiam
3533 1859 3621 1904 at-

2031 1939 2300 1996 tendunt:
2353 1939 2552 1995 leniter
2581 1941 2858 1996 sultrisisti
2893 1951 2988 2007 tu;
3025 1941 3131 1996 illa:
3182 1942 3396 1997 hiantes
3448 1937 3620 1997 effuse

2031 2031 2250 2098 rident;
2284 2031 2409 2086 dein
2447 2040 2808 2096 exornantur,
2839 2042 2892 2087 et
2927 2033 3020 2087 tibi
3057 2047 3179 2088 sese
3203 2033 3481 2102 eleganter
3522 2047 3618 2087 os-

2031 2130 2266 2186 tentant,
2293 2121 2544 2176 obtutum
2591 2121 2904 2187 eﬂ‘ormant,
2943 2122 3334 2178 annuntiantes
3364 2121 3616 2177 aﬂ‘ectum

2035 2212 2328 2284 supercilia
2364 2212 2606 2283 erigunt,
2637 2223 2690 2268 et
2745 2213 3127 2285 circumagunt
3160 2214 3470 2284 palpebras,
3519 2214 3618 2270 de-

2031 2305 2246 2359 nudant
2287 2303 2511 2370 collum,
2545 2311 2772 2375 tutoque
2819 2321 3047 2375 corpore
3092 2306 3327 2376 joculari
3381 2307 3616 2377 quadam

2030 2393 2382 2448 simulatione
2422 2401 2673 2460 utuntur,
2735 2410 3020 2451 sermones
3065 2397 3402 2468 eloquuntur
3449 2396 3620 2452 emol—

2027 2483 2222 2540 lientes
2266 2483 2544 2552 allectum,
2579 2495 2635 2541 et
2669 2487 3004 2542 concinnant
3044 2503 3231 2554 voces,
3268 2487 3333 2542 ad
3366 2487 3615 2542 auditmn

2026 2580 2401 2643 mulcendum,
2421 2581 2595 2636 donec
2621 2582 2860 2636 animam
2882 2583 3110 2638 omnino
3140 2591 3471 2654 expugnent.
3491 2582 3619 2637 Haec

344 2663 438 2716 tibi
475 2663 619 2717 hami
650 2665 906 2725 evadunt.
943 2665 1277 2736 decipicntes
1329 2667 1397 2721 ad
1436 2677 1686 2736 mortem,
1719 2671 2032 2743 pedicaaque
2088 2674 2416 2744 multiplices
2447 2674 2515 2729 ad
2587 2675 2868 2730 interitum
2940 2669 3251 2740 trahentes;
3323 2689 3392 2730 ne
3450 2683 3502 2728 te
3561 2674 3617 2728 in

340 2772 585 2813 errorem
625 2758 825 2814 ducant
874 2758 1128 2830 alloquiis
1167 2761 1397 2833 benigne
1446 2772 1679 2827 utentes,
1718 2763 1772 2818 in
1816 2764 1900 2819 his
1939 2766 2086 2820 enim
2123 2765 2416 2836 malignum
2453 2763 2754 2820 belluarum
2805 2773 2888 2820 est
2943 2766 3273 2820 occultatum
3321 2777 3613 2818 venenum.

941 2873 1167 2928 ΚΕΦΛΔ
1181 2913 1194 2928 .
1245 2875 1320 2929 E'.

414 2987 630 3047 Μᾶλλον
667 2985 1036 3063 προσέγγισον
1099 2986 1236 3061 πυρὶ
1280 2990 1578 3062 καιομένῳ,
1625 2987 1658 3063 ἢ
1701 2993 1922 3060 γυναικὶ

340 3087 460 3159 νέα,
489 3087 610 3150 νέος
645 3084 722 3140 ὣν
765 3087 861 3138 καὶ
907 3085 1093 3148 αὐτός·
1135 3084 1268 3155 πυρὶ
1312 3085 1411 3154 μὲν
1439 3083 1548 3155 γάρ
1584 3083 1920 3155 προσελθὼν,

342 3181 437 3234 καὶ
471 3179 772 3250 ὀδυνηθεὶς,
808 3179 1019 3248 ταχέως
1053 3177 1448 3248 ἀποπηδήσεις,
1489 3175 1820 3245 γυναικείοις
1864 3174 1920 3228 δὲ

343 3275 554 3343 ῥήμασι
577 3269 896 3340 χαυνωθεὶς,
921 3271 1020 3323 οὐκ
1042 3269 1280 3340 εὐχερῶς
1305 3269 1701 3341 ἀναχωρήσεις.
1727 3267 1922 3322 ϐάλλει

345 3361 544 3432 βοτάνη
571 3359 782 3413 ἑστῶσα
813 3359 945 3428 παρ’
983 3356 1156 3422 ὕδατι,
1198 3357 1294 3413 καὶ
1336 3357 1508 3421 πάθος
1537 3356 1832 3421 ἀκολασίας
1865 3359 1922 3410 ὲν

345 3451 602 3522 συντυχία
633 3449 929 3519 γυναικῶν.
967 3448 1026 3502 '0
1060 3449 1284 3520 πληρῶν
1322 3449 1586 3518 γαστέρα,
1623 3449 1716 3502 καὶ
1755 3449 1924 3515 ἐπαγ-

342 3545 661 3614 γελλόμενος
694 3543 1014 3612 σωφρονεῖν,
1045 3542 1230 3610 ὅμοιός
1257 3541 1374 3593 ἐστι
1401 3539 1478 3610 τῷ
1505 3540 1740 3608 λέγοντι,
1767 3539 1922 3608 χαλι-

345 3635 468 3689 νοῦν
519 3633 690 3704 πυρὸς
741 3632 1024 3702 ἐνέργειαν
1069 3633 1126 3682 ὲν
1157 3629 1398 3701 καλάμῃ.
1432 3630 1529 3682 ὐν
1577 3627 1780 3699 τρόπον
1814 3628 1924 3698 γάρ

348 3725 517 3796 πυρὸς
561 3723 733 3796 ῥοπὴν
791 3723 850 3776 ἐν
896 3721 1122 3792 καλάμῃ
1163 3718 1460 3791 τρέχουσαι)
1507 3717 1778 3773 ἀδύνατον
1805 3720 1924 3771 ἐπι-

347 3819 517 3885 σχεῖν,
552 3814 724 3877 οῦτως
750 3812 930 3884 ὁρμὴν
953 3811 1250 3864 ἀκῧλαστον
1281 3809 1620 3879 φλεγομένην
1662 3810 1720 3861 ὲν
1776 3808 1924 3878 κόρῳ

344 3907 552 3962 παῦσαι
603 3905 886 3960 ἀδύνατον.
944 3899 1143 3966 Στύλος
1191 3901 1533 3972 ἐπερείδεταί
1595 3897 1774 3970 βάσει,
1827 3899 1924 3952 καὶ

345 3998 605 4070 πορνείας
659 3996 833 4061 πάθος
888 3993 1302 4050 Ξπαναπαύεται
1371 3991 1537 4063 κόρῳ.
1599 3993 1694 4054 Εἰς
1765 3989 1922 4060 λιμέ-

343 4107 410 4144 να
449 4089 730 4155 ἐπείγεται
773 4084 1148 4158 χειμαζομένη
1194 4083 1348 4146 ναῦς,
1383 4084 1478 4136 καὶ
1513 4080 1661 4154 ψυχὴ
1703 4080 1920 4153 σώφρο-

342 4194 435 4245 νος
494 4180 742 4249 ἐπιζητεῖ
778 4177 1046 4250 ἐρημίαν·
1080 4174 1270 4246 φεύγει
1322 4175 1351 4246 ἡ
1401 4175 1500 4246 μιν
1553 4174 1774 4245 κύματα
1828 4171 1924 4225 θα-

2647 2869 2877 2933 CAPUT
2924 2876 2987 2931 V.

2103 2991 2502 3063 Appmpinqua
2555 2991 2737 3062 potius
2792 2991 2900 3063 igni
2937 2990 3172 3057 ardenti,
3219 3007 3382 3062 quam
3411 2989 3615 3060 juniori

2031 3083 2269 3149 femiure,
2303 3097 2425 3138 cum
2460 3090 2515 3138 et
2539 3082 2654 3153 ipse
2678 3082 2756 3137 sis
2781 3082 3142 3150 adolescens;
3183 3099 3307 3138 nam
3349 3083 3412 3138 ad
3435 3083 3612 3154 ignem

2029 3175 2246 3244 quidem
2274 3173 2560 3238 accedens,
2631 3173 2982 3244 doloremque
3041 3175 3307 3239 sentiens,
3365 3175 3616 3230 celeriter

2030 3266 2260 3331 resilies,
2300 3265 2660 3321 muliebribus
2685 3278 2868 3321 autem
2919 3267 3104 3323 verbis
3133 3267 3412 3328 delinitus,
3470 3265 3616 3322 haud

2029 3357 2102 3410 ita
2137 3355 2296 3411 facile
2328 3358 2570 3412 recedes.
2619 3358 2804 3413 Floret
2837 3359 3002 3416 herba
3038 3376 3234 3432 propro
3265 3376 3461 3430 aquam
3480 3360 3614 3424 sita,

2029 3453 2080 3498 ct
2110 3445 2292 3514 passio
2341 3445 2778 3514 intemperantia:
2816 3445 2871 3499 in
2909 3449 3189 3502 consortio
3227 3446 3479 3511 feminae;
3519 3445 3614 3516 qui

2032 3545 2271 3590 ventrem
2319 3535 2538 3606 implet,
2582 3536 2854 3606 simulque
2921 3545 3310 3606 temperantem
3339 3553 3398 3591 se
3428 3553 3617 3606 gerere

2031 3627 2334 3697 profitetur,
2366 3625 2659 3697 persimilis
2683 3635 2767 3681 est
2793 3626 3079 3690 asserenti,
3109 3641 3167 3681 se
3203 3625 3420 3681 frenare
3465 3624 3610 3696 ignis

2030 3715 2280 3772 ell‘ectum
2321 3717 2374 3772 in
2403 3717 2640 3788 stipula;
2674 3735 2800 3774 nam
2830 3718 2971 3774 sicut
3011 3718 3150 3789 ignis
3207 3717 3614 3784 devergentiam

2031 3806 2083 3859 in
2116 3805 2311 3874 stipula
2348 3806 2704 3860 cursitantem
2748 3805 2893 3860 haud
2937 3805 3134 3861 sistere
3172 3820 3488 3875 possumus,
3531 3804 3613 3860 sic

2031 3897 2292 3966 impetum
2331 3898 2775 3967 intemperantem
2809 3898 2862 3952 in
2904 3896 3156 3962 satietate
3217 3897 3613 3952 inflammatum

2033 3988 2268 4040 retinere
2300 3995 2383 4041 est
2414 3986 2768 4055 impossibile.
2797 3985 3063 4040 Columna
3110 3985 3225 4039 basi
3261 3983 3536 4048 innititur,
3557 3993 3616 4039 et

2030 4077 2263 4132 luxuriae
2294 4078 2476 4144 passio
2500 4077 2552 4130 in
2585 4077 2878 4132 securitate
2907 4076 3268 4144 conquiescit.
3293 4076 3455 4131 Navis
3484 4087 3616 4132 teut-

2033 4181 2236 4242 pestate
2265 4169 2481 4234 amicta,
2515 4170 2579 4222 ad
2615 4179 2829 4240 portum
2863 4168 3062 4222 featiuo
3105 4167 3274 4239 gradu
3309 4166 3612 4234 contendit,

341 4275 549 4342 λάσσης
579 4272 906 4326 ἀπειλοῦντα
943 4269 1208 4331 κίνδυνον,
1235 4265 1269 4339 ἠ
1299 4267 1354 4320 δὲ
1387 4267 1602 4338 μορφὰς
1647 4264 1922 4334 γυναικῶν

2033 4277 2084 4318 ct
2109 4261 2289 4316 anima
2339 4258 2498 4333 46],
2553 4260 2736 4332 pudici
2811 4259 3042 4332 requirit
3086 4259 3480 4314 solitudinem:
3526 4257 3614 4312 fu-

341 4363 635 4426 ὀδυνούσας
687 4357 929 4428 ὄλεθρον.
975 4357 1176 4428 Μορφὴ
1228 4352 1716 4426 κεκαλλωπισμένη
1749 4352 1929 4424 κύμα-

342 4471 436 4518 τος
476 4457 655 4526 χεῖρον
704 4451 935 4523 βυθίζεισ
985 4447 1078 4502 τοῦ
1119 4449 1216 4518 μὲν
1246 4447 1354 4519 γάρ
1397 4446 1513 4500 ἔστι
1556 4447 1650 4498 καὶ
1677 4444 1928 4516 διανηξα-

347 4545 494 4609 σθαι,
531 4545 679 4616 πόθῳ
722 4544 887 4613 ζωῆς,
920 4540 1102 4614 μορφὴ
1152 4541 1212 4594 δὲ
1265 4538 1525 4608 γυναικὸς
1573 4538 1924 4609 ἁπατήσασα,

344 4639 710 4706 καταφρονεῖν
731 4635 909 4688 πείθει
936 4636 1030 4688 καὶ
1063 4634 1232 4702 αὐτῆς
1269 4633 1367 4702 τῆς
1393 4631 1558 4701 ζωῆς.
1595 4630 1766 4694 Bito;
1796 4632 1925 4702 ὲρη-

349 4730 486 4802 μικη
534 4725 818 4796 διαφεύγει
858 4726 1031 4794 φλόγα
1069 4724 1238 4795 acup-‘1;
1265 4721 1538 4784 ἀϐλαϐῶς,
1571 4722 1663 4774 καὶ
1690 4719 1924 4793 σώφρων

344 4819 756 4892 κεχωρισμένος
803 4817 1079 4888 γυναικῶν
1124 4816 1224 4869 οὐκ
1278 4812 1569 4882 ἐφλογίσθη
1627 4811 1925 4873 ἀκολασίας

341 4914 530 4969 πάθειο
587 4912 776 4982 ῶσπερ
821 4910 929 4979 γάρ
995 4909 1184 4979 μνήμη
1253 4904 1422 4975 πυρὸς
1479 4903 1538 4956 οὗ
1598 4902 1743 4954 καίει
1806 4901 1925 4952 διά·

337 5023 525 5072 νοιαν,
593 5003 737 5058 οὕτω
801 5003 918 5056 οὐδὲ
984 5002 1155 5064 πάθος
1223 4995 1430 5070 ἰσχύει,
1507 4994 1582 5067 μὴ
1642 4991 1928 5064 παρούσης

347 5097 505 5167 ὕλης.

2024 4358 2101 4428 git
2130 4355 2218 4409 illa
2246 4353 2466 4424 quidem
2501 4355 2670 4409 maris
2707 4355 2906 4420 undas,
2940 4353 3245 4425 periculum
3271 4353 3612 4410 comminano

2025 4460 2144 4515 tes;
2195 4447 2295 4502 ista
2321 4462 2452 4501 vero
2485 4445 2807 4502 feminarum
2837 4447 3044 4503 formas
3071 4447 3298 4501 exitium
3327 4461 3452 4501 eum
3503 4444 3609 4498 do—

2023 4539 2136 4594 lore
2183 4541 2475 4610 parientes.
2519 4539 2716 4595 Forma
2745 4549 3034 4602 exornata;
3065 4539 3375 4606 decoreque
3413 4534 3604 4590 excul-

2023 4641 2075 4686 ta
2106 4633 2256 4701 νήσω
2303 4632 2498 4702 quovis
2524 4631 2685 4685 fluctu
2719 4633 2772 4686 in
2810 4630 3144 4702 profundum
3179 4625 3448 4694 demergit
3475 4640 3607 4690 gur-

2025 4723 2188 4793 gitem
2217 4737 2232 4788 ;
2263 4730 2317 4776 et
2348 4723 2495 4774 hunc
2528 4721 2746 4791 quidem
2781 4719 3048 4788 contingit
3075 4725 3135 4771 ut
3169 4715 3315 4786 quis,
3368 4727 3477 4784 prae
3509 4711 3610 4766 de-

2034 4813 2238 4870 siderio
2267 4813 2413 4873 vitae.
2445 4812 2682 4867 natando
2711 4818 3092 4881 pertranseat;
3153 4805 3367 4878 species
3425 4811 3608 4859 autem

2035 4900 2282 4957 mulieris
2329 4899 2670 4970 decipienda,
2741 4899 2915 4968 ipsam
2976 4912 3197 4966 quoque
3256 4893 3420 4948 vitam
3479 4906 3611 4946 cou-

2035 5001 2280 5048 tetnnere
2367 4989 2682 5061 persuadet.
2760 4987 3050 5042 Solitarius
3107 4984 3277 5038 rubus
3330 4981 3608 5035 flammam

2035 5083 2175 5154 ignis
2217 5082 2335 5139 sine
2400 5097 2538 5136 noxa
2573 5079 2778 5150 effugit,
2817 5086 2871 5133 et
2915 5077 3144 5149 pudicus
3185 5090 3215 5130 a
3272 5071 3492 5129 feminis
3521 5086 3610 5126 se~

347 5159 620 5261 paratus.
671 5201 781 5240 non
834 5183 1206 5238 inflammatus
1269 5187 1352 5233 rst
1395 5173 1828 5245 intemperantia
1865 5173 2153 5240 passione;
2218 5171 2677 5244 quemadmodum
2729 5168 2875 5222 enim
2940 5164 3199 5222 memoria
3255 5162 3397 5234 ignis
3448 5159 3610 5216 intel-

348 5285 551 5335 lertum
608 5289 714 5328 non
751 5276 950 5336 exurit,
988 5273 1069 5327 sic
1112 5284 1288 5340 neque
1334 5267 1474 5320 \alet
1526 5268 1734 5336 passio,
1803 5279 1926 5319 cum
1969 5276 2095 5318 mat:
2117 5264 2193 5319 ria
2227 5280 2331 5319 non
2363 5261 2522 5317 adsit.

954 5383 1205 5474 ιςιειιιιιιιἶ
1237 5383 1328 5449 εῖν.

437 5505 567 5559 Ἐάν
604 5505 831 5575 ἐλεήσῃς
865 5503 1144 5572 πολέμιον,
1171 5500 1324 5552 ἔσται
1355 5513 1435 5548 σοι
1468 5492 1680 5565 ἐχθρὸς.
1712 5493 1804 5546 καὶ
1834 5492 1928 5546 ἐὰν

351 5599 518 5670 φείσῃ
550 5597 772 5660 πάθους,
810 5589 1248 5662 ἐπαναστήσεταί
1283 5587 1724 5640 σοι.Ἀκὺλαστον
1755 5581 1929 5654 ὲρεθξο

358 5690 437 5750 ζει
472 5687 604 5756 πρδς
634 5687 821 5761 ἡδονὴν
843 5686 964 5755 ὅξις
996 5681 1275 5753 γτναικὲις,
1308 5678 1394 5730 τὸν
1429 5677 1482 5730 δὲ
1514 5675 1764 5746 σώιρρονα
1794 5675 1930 5726 κινεῖ

2624 5367 2852 5428 CAPUT
2902 5368 2989 5424 Vl.

2110 5487 2166 5542 Si
2193 5485 2500 5542 miserearis
2547 5484 2848 5549 bellatoris,
2915 5483 3020 5537 erit
3074 5481 3168 5536 tibi
3217 5480 3412 5544 IIOStiS,
3457 5478 3615 5547 sique

2038 5578 2279 5651 passioni
2359 5575 2689 5648 peperceris,
2748 5574 3041 5629 adversum
3111 5581 3164 5625 te
3212 5572 3490 5656 insurget.
3530 5566 3620 5619 Ine

2039 5679 2427 5740 temperantem
2475 5669 2540 5723 ad
2581 5667 2916 5738 voluptatem
2957 5665 3132 5719 irritat
3165 5673 3418 5731 aspectus
3466 5655 3633 5713 (etm-
