3994 6182
389 212 522 278 1153

983 331 1230 384 ΚΕΦᾹᾹ.
1276 332 1356 382 ll‘.

454 443 707 494 θάλασσα
739 442 837 493 οῦκ
864 439 1228 510 ἐμπίπλαται,
1261 445 1518 513 ποταμῶν
1539 444 1802 514 δεχομένη
1835 445 1963 514 πλῆ-

383 539 496 600 θος,
531 535 623 588 καὶ
647 534 908 604 ἐπιθυμία
939 536 1277 606 φιλαργύρου
1314 538 1373 588 οὐ
1409 538 1709 607 πληροῦται
1743 538 1952 607 χρημάο

337 646 514 690 ιτων,
569 627 916 680 ἐδιπλασίασε
974 628 1042 679 τὰ
1089 629 1368 697 χρήματα,
1425 628 1519 681 καὶ
1569 627 1744 681 ταῦτα
1799 629 1962 682 διπλᾶ

384 720 607 787 ποιῆσαι
645 718 918 788 ἐπιθυμεῖ,
971 719 1067 772 καὶ
1121 719 1242 772 τοῦΔ
1274 720 1650 784 διπλασιάζειν
1704 720 1959 774 οὐδέποτε

385 809 638 873 παύεται,
669 809 774 872 ἕως
813 809 880 862 ἂν
917 809 1145 872 θάνατος
1169 809 1268 881 τὴν
1297 811 1557 879 ἀνήνυτον
1584 811 1789 880 ταύτην
1820 812 1959 866 παύ-

391 912 457 970 σῃ
490 899 744 967 σπουδήν.
776 899 1002 961 Συνετδς
1038 899 1268 969 μοναχὸς
1298 902 1362 970 τῇ
1393 903 1552 972 χρείᾳ
1585 902 1838 971 προσέξει
1865 902 1958 956 τοῦ

390 989 660 1057 σώματος,
695 990 788 1042 καὶ
809 988 906 1058 τήν
933 989 1140 1043 ἔνδειαν
1171 991 1272 1058 τῆς
1295 991 1533 1062 γαστρὸς
1565 993 1715 1063 ἄρτῳ
1743 993 1962 1064 πληρώ-

389 1095 491 1140 σει,
534 1080 630 1133 καὶ
672 1077 847 1142 ὕδατι,
887 1081 946 1134 οὺ
982 1081 1300 1133 κολακεύσει
1338 1081 1702 1145 πλουτοῦντας
1742 1083 1809 1134 δι’
1840 1083 1960 1154 ἡδο-

389 1170 481 1238 νὴν
504 1169 761 1239 γαστρὸς,
785 1169 905 1222 οὐδὲ
927 1169 1182 1225 δουλώσει
1210 1171 1334 1224 νοῦν
1361 1171 1645 1242 ἐλεύθερον
1673 1173 1960 1245 δεσπόταις

388 1258 620 1320 πολλοῖς·
655 1259 836 1312 ἱκαναὶ
869 1259 976 1329 γὰρ
1007 1260 1063 1311 αί
1092 1262 1272 1329 χεῖρες
1296 1259 1638 1329 ὑπηρετῆσαι
1665 1259 1740 1328 τῷ
1775 1259 1959 1328 σώμα-

383 1367 458 1413 τι,
492 1349 586 1402 καὶ
609 1350 709 1418 τὴν
746 1349 980 1419 φυσικὴν
1011 1350 1257 1419 ἀνάγκην
1297 1349 1582 1419 πληρῶσαι
1616 1351 1704 1404 διὰ
1737 1352 1954 1414 παντός.

397 1443 560 1512 Ἀκτή
570 1459 688 1511 μων
716 1441 970 1511 μοναχδς,
997 1441 1234 1513 ἀθλητὴς
1255 1441 1684 1512 ἁμεσολάϐητος.
1717 1443 1814 1494 καὶ
1841 1441 1957 1511 δρο-

385 1533 522 1603 μεὺς
563 1531 783 1600 κοῦφος,
830 1532 1040 1602 ταχέως
1081 1533 1300 1601 φθάνων
1341 1533 1434 1584 ἐπὶ
1463 1532 1526 1585 τὸ
1563 1532 1814 1603 βραϐεῖον
1858 1533 1958 1600 τῆς

382 1623 498 1677 ἀνω
529 1621 798 1694 κλήσεως.
845 1622 1218 1694 Πολυκτήμων
1262 1622 1494 1694 μοναχὸς
1565 1623 1747 1694 χαίρει
1790 1637 1959 1692 προσ-

383 1714 522 1778 όδοις
564 1711 808 1778 πολλαῖς,
845 1717 874 1768 6
901 1714 958 1767 δὲ
987 1715 1254 1784 ἀκτήμων
1287 1715 1574 1784 στεφάνοις
1603 1713 1962 1784 κατορθωμά-

363 1823 513 1859 ιτων.
551 1805 890 1877 Φιλάργυρος
947 1806 1180 1876 μοναχδς
1227 1789 1521 1876 ἐργάζεται
1551 1805 1818 1876 σφοδρῶς,
1847 1807 1876 1857 6
1906 1805 1964 1858 δὲ

383 1896 650 1965 ἀκτήμων
709 1899 1040 1969 προσευχαῖς
1093 1896 1363 1966 σχολάζει,
1400 1897 1494 1948 καὶ
1545 1890 1958 1964 ἀναγνώσμασι.

381 1983 720 2053 Φιλάργυρος
771 1985 1001 2054 μοναχδς
1052 1986 1249 2056 πληροῖ
1291 1987 1490 2056 ταμιεῖα
1538 1982 1763 2056 χρυσοῦ,
1819 1987 1847 2036 6
1904 1985 1961 2036 δὲ

381 2077 645 2144 ἀκτήμων
681 2074 998 2148 θησαυρίζει
1034 2077 1092 2128 ὲν
1120 2075 1357 2146 οὐρανῷ.
1397 2095 1416 2127 ι
1454 2074 1882 2142 Ἐπικατάρατος
1934 2077 1960 2127 6

386 2165 555 2218 ποιῶν
590 2163 829 2226 εῖδωλον,
865 2165 962 2218 καὶ
1003 2166 1171 2228 τιθεὶς
1205 2167 1263 2218 ὲν
1289 2165 1609 2236 ἀποκρύφῳ.
1643 2183 1662 2216 ι
1698 2164 1958 2226 ὡσαύτως

389 2259 480 2309 καὶ
519 2259 546 2309 6
586 2256 724 2326 ἔχων
754 2257 1120 2328 φιλαργυρίας
1155 2257 1355 2320 πάθως’
1383 2258 1412 2308 6
1446 2256 1546 2326 μὲν
1579 2255 1686 2326 γὰρ
1722 2271 1960 2326 προσκυ-

388 2351 470 2400 νεῖ
505 2349 755 2419 κίϐδηλον
797 2351 1092 2420 ἀνωφελὲς,
1125 2351 1152 2403 6
1179 2350 1236 2403 δὲ
1275 2349 1723 2420 ἀγαλματοφορεῖ
1758 2365 1960 2417 φαντα-

389 2441 508 2499 σίαν
537 2443 786 2498 πλούτου.

991 2795 1244 2848 ΚΕΦΛΛ.
1280 2790 1358 2846 Θ⁹.

979 2930 1122 2998 Περὶ
1155 2929 1358 2998 ὁρτῆς.

369 3023 372 3026 ”
465 3039 638 3113 Ὀργὴ
711 3039 884 3104 πάθος
930 3041 1048 3093 ἐστὶ
1105 3039 1392 3108 μανιῶδες,
1429 3038 1524 3092 καὶ
1575 3037 1702 3100 τοὺς
1740 3033 2028 3110 ἔχονταιςο

383 3131 586 3199 γνῶσιν
632 3131 907 3201 ἐξίστησιν
948 3130 1210 3201 εὐχερῶς,
1257 3129 1438 3202 θηριοῖ
1474 3129 1573 3200 τήν
1611 3128 1809 3200 ψυχὴν,
1861 3129 1958 3182 καὶ

384 3225 567 3276 πᾶσαν
606 3223 894 3293 συντυχίαν
938 3224 1207 3276 ἐκκλίνειν
1252 3223 1414 3277 ποιεῖ.
1458 3222 1690 3292 ’Ἄνεμος
1732 3221 1958 3292 σφοδρὸς

383 3314 445 3366 οῦ
470 3316 680 3385 κινήσει
712 3314 942 3384 πύργον,
970 3315 1064 3368 καὶ
1081 3315 1259 3386 ψυχὴν
1286 3315 1556 3384 ἀόργητον
1585 3314 1646 3366 οὐ
1673 3313 1956 3384 συναρπά-

384 3409 468 3471 ζει
523 3408 711 3476 θυμός.
763 3408 943 3478 ’Ύδωρ
988 3411 1216 3462 κινεῖται
1261 3407 1366 3460 ὑπὸ
1415 3407 1534 3476 βίας
1584 3406 1820 3474 ἀνέμων,
1865 3405 1957 3458 καὶ

383 3495 642 3567 θυμώδης
671 3497 1002 3568 ταράσσεται
1027 3499 1130 3551 ὑπὸ
1157 3498 1433 3566 λογισμῶν
1458 3497 1753 3550 ἀσυνέτων.
1785 3497 1958 3550 Μονα-

383 3587 475 3656 χὸς
514 3588 726 3658 ὀργίλος
765 3584 870 3640 εἶδέ
911 3576 1177 3651 “van-mi
1213 3589 1339 3650 τοὺς
1367 3587 1581 3648 ὀδόντας
1627 3585 1954 3655 παρέθηξεν.

397 3677 657 3746 Ὁμίχλης
685 3678 936 3740 ἀνάδοσις
970 3677 1197 3747 παχύνει
1231 3677 1389 3745 ἀέρα,
1427 3677 1519 3728 καὶ
1544 3674 1716 3744 θυμοῦ
1743 3674 1956 3743 κίνησις

381 3767 622 3818 διάνοιαν
655 3769 893 3837 ὀργίλου.
925 3767 1230 3820 Ἐσκότισεν
1256 3765 1404 3836 ἥλιον
1431 3763 1752 3834 ὑποδραμὼν
1774 3764 1954 3832 νέφος,

386 3865 481 3912 καὶ
525 3860 648 3913 νοῦν
692 3860 948 3931 λογισμὸς
987 3857 1371 3929 μνησικακίας.
1412 3857 1567 3910 Λέων
1614 3858 1668 3909 ὲν
1705 3855 1956 3926 ζωγρείῳ

379 3949 458 4002 ἱυν
488 3952 624 4001 κινεῖ
656 3950 782 4011 τοὺς
820 3949 1155 4020 στρόφιγγας
1191 3946 1450 4016 συνεχῶς,
1489 3945 1580 3998 καὶ
1614 3945 1866 4014 θυμώδης
1899 3947 1954 3995 ἐν

383 4041 548 4110 κέλλῃ
590 4041 882 4110 λογισμοὺς
918 4042 1105 4112 ὀργῆς.
1153 4039 1373 4110 Τερπνὴ
1406 4039 1626 4108 θεωρία,
1665 4035 1956 4106 γαληνῶσα

381 4133 650 4196 θάλασσα,
685 4133 800 4186 ἀλλ’
829 4133 926 4186 οὐκ
959 4133 1074 4185 ἔστι
1099 4132 1436 4202 τερπνοτέρα
1475 4130 1758 4202 εἰρηνικῆς
1793 4146 1958 4182 κατα-

383 4225 650 4287 στάσεως·
678 4224 968 4296 γαληνώση
1001 4224 1105 4294 γὰρ
1139 4223 1382 4295 θαλάσσῃ
1417 4223 1798 4292 ὲγκολυμϐῶσι
1834 4221 1953 4274 δελ-

381 4315 556 4380 φῖνες,
590 4315 840 4384 εἰρηνικῇ
887 4314 944 4366 δὲ
993 4313 1324 4366 καταστάσει
1380 4313 1664 4383 ὲννήχεται
1707 4311 1953 4381 νοήματα

381 4403 682 4472 θεοπρεπῆ.
718 4402 1084 4472 Μακρόθυμος
1121 4403 1372 4472 μοναχδςν
1403 4401 1749 4472 ἡσυχάζουσα
1780 4398 1950 4470 πηγὴ.

379 4492 476 4542 καὶ
502 4491 636 4540 πᾶσι
662 4491 975 4559 παρέχουσα
999 4492 1264 4560 προσηνὲς
1291 4489 1469 4552 ποτὸν,
1499 4490 1704 4542 διάνοια
1729 4489 1786 4542 δὲ
1813 4490 1956 4556 ὀργί-

379 4581 475 4632 λου
506 4580 594 4632 διὰ
626 4580 821 4643 παντὸς
853 4581 1180 4650 τετάρακται
1223 4581 1317 4634 καὶ
1354 4581 1453 4632 οὐκ
1481 4579 1732 4632 ἐπιδώσει
1766 4579 1842 4648 τῷ
1873 4579 1952 4631 δι-

329 4723 334 4728 ,
377 4671 554 4740 ιξῶντι
596 4671 758 4742 ὕδωρ,
795 4673 897 4725 κᾶν
933 4673 1190 4744 ὲπιδώσῃ,
1217 4672 1601 4740 τεθολωμένον,
1643 4672 1738 4724 καὶ
1780 4672 1953 4740 ἄχρη-

382 4779 531 4823 στον,
577 4765 668 4815 καὶ
727 4763 996 4833 ὀφθαλμοὶ
1056 4763 1359 4834 θυμώδους,
1399 4762 1815 4832 τεταραγμένοι,
1861 4760 1954 4812 καὶ

381 4849 612 4919 ὕφαιμοι
662 4852 757 4908 καὶ
803 4852 904 4922 τῆς
960 4853 1377 4924 ταρασσομένης
1430 4852 1658 4924 καρδίας
1708 4850 1949 4919 ἄγγελοι.

381 4940 680 5010 Πρόσωπον
705 4941 774 5020 δὲ,
803 4944 1156 5014 μακροθύμου
1199 4945 1333 5014 ὀρθά
1376 4942 1833 5012 κατεσταλμένον,
1860 4939 1954 4992 καὶ

380 5033 652 5103 ὀφθαλμοὶ
677 5040 967 5106 προσηνεῖς
996 5037 1146 5089 κάτω
1179 5035 1492 5105 βλέποντες.

1451 217 1546 274 me
1574 217 1769 274 cum
1799 214 2237 274 Sl‘lttl'l‘lBUS
2283 193 2640 276 MALITLE.

3498 218 3635 286 1154

2640 332 2870 386 CAPL'T
2902 333 3032 389 Vill.

2134 439 2279 494 Mare
2313 458 2656 512 nequaquam
2694 445 2968 512 impletur,
3011 444 3296 498 ﬂuminum
3329 447 3634 515 suscipiens

2065 533 2486 597 tnultittnliucm,
2531 546 2584 587 et
2622 535 2770 587 avari
2803 537 3072 604 cupiditas
3102 537 3350 604 pecuniis
3381 554 3488 590 non
3542 554 3636 591 ex-

2064 623 2257 691 pletur.
2292 623 2850 690 Duplicavitdivitias,
2891 642 3092 694 easque
3149 627 3488 695 reduplicare
3537 629 3634 680 de-

2066 724 2179 762 nuo
2210 711 2569 777 concupiscit,
2600 727 2700 764 nec
2736 728 2764 762 a
2796 713 2887 764 taii
2921 728 3155 780 unquam
3188 726 3366 768 cessat
3398 715 3637 784 redupli-

2062 798 2294 862 catione,
2327 798 2499 854 donec
2536 815 2686 854 mors
2724 800 2882 854 inane
2931 816 2994 854 ac
3029 817 3227 854 vanum
3258 804 3362 858 hoc
3391 805 3639 858 desinere

2062 887 2227 943 faciat
2270 889 2530 942 studimn.
2576 890 2819 944 Prudens
2892 890 3191 943 monachus
3237 893 3484 959 corporis
3541 907 3630 945 ne-

2059 982 2304 1037 cessitati
2337 982 2596 1044 attendit,
2629 991 2683 1035 et
2710 981 3065 1048 indigentiam
3096 980 3302 1034 ventris
3349 996 3486 1049 pane
3540 998 3636 1034 ex-

2061 1073 2225 1143 plebit
2259 1083 2312 1142 et
2341 1089 2502 1144 aqua,
2535 1088 2639 1126 non
2683 1073 3000 1126 adulabitur
3026 1071 3385 1140 locupletibus
3411 1072 3480 1126 ob
3506 1087 3637 1126 ven-

2062 1165 2160 1217 tris
2198 1165 2565 1232 voluptatem;
2602 1180 2776 1232 neque
2835 1162 3018 1216 multis
3109 1162 3343 1216 dominis
3402 1173 3634 1216 mentem

2061 1255 2282 1309 liberam
2314 1255 2493 1323 adiget
2522 1270 2764 1320 servam;
2804 1254 3133 1308 sullicieutes
3175 1254 3322 1306 enim
3353 1263 3480 1306 sunt
3517 1271 3636 1306 man

2061 1364 2164 1402 nus
2193 1349 2258 1402 ad
2294 1347 2712 1404 miuistraudutn
2743 1347 2982 1414 corpori,
3013 1354 3066 1399 et
3097 1346 3400 1399 naturalem
3449 1361 3636 1401 neces-

2059 1440 2271 1494 sitatem
2308 1439 2569 1493 continuo
2627 1428 3120 1506 adimplendam“.
3176 1437 3492 1502 Monachus,
3541 1439 3634 1508 qui

2061 1530 2194 1584 nihil
2230 1531 2494 1600 possidet,
2537 1529 2684 1599 pugil
2709 1539 2813 1594 est,
2847 1530 2940 1598 qui
2989 1545 3084 1599 per
3137 1529 3375 1583 medium
3439 1545 3634 1599 appre-

2064 1620 2224 1674 hendi
2258 1619 2424 1691 m
2466 1620 2674 1689 nequit,
2716 1619 2957 1688 levisque
2981 1629 3067 1674 est
3130 1635 3323 1692 cursor
3381 1621 3634 1676 celeriter

2061 1713 2128 1764 ad
2166 1712 2409 1766 bravium
2455 1725 2704 1781 supernae
2733 1711 3032 1766 vocationis
3055 1711 3397 1781 perveniens.
3451 1711 3636 1765 Mona-

2061 1803 2217 1866 chus,
2275 1803 2369 1874 qui
2402 1805 2566 1858 multa
2593 1803 2854 1873 possidet,
2889 1802 3076 1858 multis
3104 1803 3303 1874 gaudet
3353 1805 3634 1873 proventi-

2061 1892 2206 1960 bus;
2245 1894 2338 1964 qui
2366 1909 2494 1949 vero
2529 1893 2666 1948 nihil
2702 1895 2962 1964 possidet,
2995 1895 3218 1950 coronis
3253 1894 3390 1948 bene
3447 1905 3631 1962 gesto-

2061 2001 2181 2038 rum
2211 1984 2516 2040 facinorum
2547 1986 2876 2054 perlaetatur.
2907 1986 3118 2040 Avarus
3150 1986 3452 2040 monachus
3475 1986 3631 2039 valde

2063 2075 2297 2140 laborat,
2333 2075 2427 2130 sed
2457 2077 2551 2144 qui
2583 2091 2787 2146 pauper
2814 2085 2917 2142 est,
2965 2076 3310 2130 orationibus
3357 2087 3534 2139 vacat,
3576 2084 3631 2128 γι

2061 2167 2404 2222 lectionibus.
2449 2167 2748 2222 Monachus
2778 2169 3022 2237 pecunia:
3054 2167 3266 2232 avidus,
3299 2182 3436 2221 auro
3465 2167 3633 2235 replet

2060 2256 2354 2323 penetralia
2385 2273 2398 2308 :
2449 2265 2504 2309 at
2543 2271 2744 2324 pauper
2792 2256 3124 2311 thesaurizat
3161 2256 3214 2309 in
3249 2256 3410 2310 cano.
3459 2273 3476 2306 ι
3514 2253 3631 2310 Ma-

2059 2346 2288 2401 ledictus
2313 2347 2405 2416 qui
2427 2345 2546 2401 iacit
2578 2349 2801 2412 idolum,
2835 2355 2889 2401 et
2918 2349 3068 2416 ponit
3095 2348 3148 2400 in
3171 2346 3490 2403 abscondito
3507 2346 3574 2411 ",
3604 2365 3625 2398 ι

2058 2436 2308 2490 similiter
2339 2448 2392 2490 et
2436 2437 2528 2506 qui
2557 2437 2796 2491 avaritiae
2837 2437 3088 2506 passione
3117 2446 3362 2502 tenetur;
3396 2437 3484 2491 ille
3505 2436 3630 2505 qui-

2057 2527 2178 2581 dem
2209 2528 2399 2580 adorat
2434 2541 2538 2579 non
2583 2527 2720 2580 bene
2762 2536 3121 2597 expurgatnm
3165 2525 3464 2596 inutileque
3512 2542 3627 2579 me-

2061 2617 2268 2682 lnllllltl,
2313 2618 2414 2671 iste
2441 2633 2566 2671 vero
2591 2617 2902 2672 divitiarum
2956 2617 3429 2688 imaginationem,
3473 2616 3630 2686 quasi

2060 2709 2438 2771 simulacrum,
2472 2706 2802 2762 circumfert.

2663 2815 2893 2874 CAPUT
2945 2817 3034 2872 IX.

2647 2907 2723 2964 De
2747 2909 3045 2962 iracundia.

2131 3027 2415 3082 Iracundia
2439 3026 2625 3098 passio
2652 3035 2734 3083 est
2767 3025 3080 3091 furibunda,
3109 3040 3342 3096 eosque,
3377 3026 3468 3095 qui
3511 3027 3628 3096 pul-

2059 3122 2171 3176 lent
2209 3119 2456 3184 scientia,
2486 3117 2643 3174 facile
2679 3126 2860 3173 mente
2891 3118 3112 3180 alienat,
3145 3117 3328 3171 ell‘erat
3365 3118 3624 3180 animam,

2060 3227 2389 3282 omnemque
2418 3225 2772 3280 congressum
2803 3210 3080 3265 declinare
3111 3209 3258 3263 l'acit.
3309 3209 3515 3262 Ventus
3539 3223 3632 3262 rc-

2059 3303 2284 3358 bemens
2317 3318 2425 3356 non
2457 3301 2823 3356 commovebit
2850 3299 3068 3362 turrim,
3115 3308 3169 3354 et
3205 3301 3282 3352 ira
3345 3315 3450 3353 non
3508 3313 3632 3354 cor-

2057 3391 2218 3460 ripiet
2245 3390 2483 3444 animam
2521 3398 2883 3444 mansuetam.
2924 3391 3078 3458 Aqua
3131 3397 3374 3443 movetur
3416 3403 3447 3442 a
3499 3404 3632 3442 ven-

2058 3491 2236 3536 torum
2265 3482 2539 3547 violentia,
2573 3491 2626 3536 et
2656 3482 2950 3534 iracundus
2983 3481 3233 3535 turbatur
3273 3496 3300 3532 a
3346 3481 3629 3551 cogitatio-

2056 3575 2217 3628 nibus
2276 3573 2734 3637 imprudentibus.
2791 3571 3087 3626 Monachus
3143 3571 3455 3635 iracundus,
3500 3585 3631 3639 aper

2055 3670 2140 3716 est
2191 3660 2453 3716 silvestris
2506 3671 2561 3715 et
2616 3661 2933 3725 solitarius;
2972 3660 3106 3714 vidit
3175 3659 3446 3727 aliquem,
3501 3669 3630 3713 tunc

2055 3754 2244 3808 dentes
2275 3753 2515 3808 exacuit.
2564 3753 2781 3808 Nebulze
2808 3751 3025 3806 diffusio
3074 3751 3396 3807 crassiorem
3447 3766 3626 3804 aerem

2057 3842 2252 3907 reddit,
2308 3850 2363 3896 et
2436 3849 2619 3896 motus
2653 3837 2766 3895 ’ξι-ιιι
2826 3848 3062 3895 mentem
3119 3839 3388 3894 iracundi.
3444 3837 3626 3893 Solem

2057 3930 2282 3987 obfusca
2293 3933 2364 3985 vit
2382 3931 2604 3986 subiens
2629 3929 2842 3993 nebula.
2869 3941 2924 3986 et
2951 3938 3181 3984 mentem
3207 3929 3462 3999 cogitatio
3485 3928 3629 3998 inju-

2056 4026 2262 4077 riarum
2315 4038 2542 4077 memor.
2575 4020 2708 4086 Leo,
2752 4021 2846 4089 qui
2878 4029 2962 4076 est
3006 4023 3061 4074 in
3095 4021 3304 4075 vivario
3365 4019 3629 4074 continuo

2056 4124 2237 4169 movet
2279 4113 2529 4184 cardines
2577 4112 2874 4178 ostiorum,
2913 4121 2968 4166 et
3025 4111 3320 4168 iracundus
3364 4111 3418 4164 in
3470 4111 3625 4171 cella,

2057 4207 2150 4260 ira:
2194 4205 2569 4276 cOgitationes.
2614 4201 2767 4258 Visio
2810 4212 2893 4258 est
2917 4202 3287 4280 delectabilis,
3314 4216 3464 4256 mare
3483 4211 3629 4255 trau-

2055 4300 2361 4368 quiliatum,
2393 4296 2488 4353 sed
2525 4312 2630 4350 non
2675 4304 2759 4351 est
2787 4295 3155 4352 delectabilior
3188 4295 3416 4366 pacillco
3458 4293 3625 4348 animi

2059 4373 2248 4448 statu:
2307 4389 2596 4459 Delphines
2675 4389 2875 4444 etenim
2929 4387 3091 4460 ['65
3139 4403 3334 4444 sereno
3406 4394 3629 4442 enatant

2062 4481 2114 4534 iu
2156 4482 2314 4543 mari,
2344 4490 2397 4534 et
2431 4482 2482 4533 iu
2519 4480 2686 4534 animi
2723 4490 2916 4549 pacato
2956 4488 3100 4552 statu
3128 4479 3486 4550 cogitationes
3542 4477 3626 4529 iu-

2061 4581 2247 4626 natant
2283 4569 2392 4625 Deo
2431 4581 2616 4639 gratae.
2645 4569 3017 4641 Longauimus
3044 4570 3366 4630 monachus,
3404 4567 3524 4622 fons
3548 4576 3626 4619 est

2060 4664 2298 4733 quietus,
2329 4672 2383 4716 et
2412 4677 2633 4716 suavem
2673 4663 2930 4718 omnibus
2980 4662 3224 4732 premens
3263 4668 3482 4730 potum;
3545 4659 3628 4709 iu-

2062 4752 2306 4806 tellectus
2343 4761 2524 4804 autem
2570 4751 2816 4805 iracundi
2867 4753 3085 4807 assidue
3142 4751 3488 4820 perturbatus
3543 4757 3627 4802 est

2062 4856 2236 4911 neque
2262 4842 2502 4910 porriget
2541 4841 2750 4896 sitienti
2791 4857 3012 4911 aquam,
3047 4842 3162 4898 sive
3203 4840 3372 4905 dabit,
3439 4838 3624 4892 illitam

2063 4948 2244 4999 emno,
2303 4940 2358 4986 ct
2384 4932 2628 4986 inutilem
2670 4933 2923 5002 proferet.
2959 4931 3112 4987 Oculi
3152 4930 3396 4986 iracundi
3427 4929 3625 4984 turbidi

2058 5034 2206 5090 sunt,
2245 5034 2298 5078 et
2336 5024 2683 5088 subcrucnti,
2722 5023 3012 5092 cordisque
3065 5023 3367 5094 perturbati
3409 5021 3622 5086 nuntii;

383 5125 551 5180 facies
625 5141 748 5180 vero
780 5126 1076 5194 longanimi
1103 5127 1402 5194 composita
1457 5134 1576 5191 est;
1609 5123 1859 5192 oculique
1885 5115 2104 5187 benigni
2170 5124 2315 5169 recta
2356 5114 2646 5170 intuentes.

990 5238 1344 5291 neeaa.tc
1419 5306 1426 5312 ⁸

455 5349 709 5419 Πραῢτης
760 5349 950 5419 ἀνδρὸς
1017 5350 1414 5418 μνημονεύεται
1459 5348 1611 5419 παρᾶ
1665 5347 1805 5416 Θεῷ,
1864 5349 1955 5399 καὶ

385 5440 650 5509 ἁόργητος
680 5441 828 5512 ψυχὴ
863 5441 988 5504 ναὸς
1029 5442 1238 5508 γίνεται
1275 5441 1367 5491 τοῦ
1415 5441 1569 5508 ἁγίου
1614 5439 1950 5508 Ιῐνεύματος.

453 5553 496 5584 ⁵³
522 5555 637 5606 Act.
675 5555 866 5615 ΗΠΒ-ι,
945 5556 986 5584 εδ
1017 5554 1170 5606 Deut.
1218 5568 1382 5606 χχιιι.
1424 5554 1503 5608 'lEi.

2673 5224 2902 5280 CAPUT
2949 5226 3010 5279 Χ.

2137 5343 2492 5398 Mansuetudo
2526 5344 2624 5396 viri
2660 5343 2803 5411 apud
2840 5342 3005 5395 Deum
3053 5351 3137 5397 est
3170 5344 3222 5394 in
3274 5340 3535 5394 memoria
3560 5341 3624 5402 ⁸⁸,

2063 5447 2112 5488 et
2170 5437 2346 5488 anima
2401 5435 2476 5489 ira
2529 5451 2719 5489 carens
2770 5435 3025 5502 templum
3069 5437 3124 5488 lit
3163 5432 3398 5502 Spiritus
3431 5431 3627 5488 sancti.

1584 5553 1627 5584 ⁶⁶
1657 5551 1797 5605 Psal.
1826 5567 2005 5614 ςικκι,
2042 5551 2088 5603 l.
