3990 6204
388 304 528 365 1155

1846 299 1905 359 S.
1929 294 2111 365 iNlLI

3507 295 3649 361 1156

379 420 633 472 (thrtstus
656 413 884 468 reclinat
921 422 1085 481 caput
1120 413 1171 464 in
1194 411 1494 482 longanimi
1526 413 1757 483 spiritu;
1792 423 1840 467 et
1879 414 1960 465 in-

2077 413 2247 466 Uti-tet
2300 411 2541 481 κεφαλὴν
2587 409 2820 480 Χριστὸς
2868 411 2927 464 ὲν
2969 410 3313 482 μακροθύμῳ
3349 410 3647 480 πνεύματι,

383 513 631 565 tellectus
662 515 887 575 pacatus
923 516 1126 557 sancta:
1155 504 1441 558 Trinitatis
1471 517 1555 559 est
1585 505 1818 559 mansio.
1840 504 1964 556 Vul-

382 616 478 671 pes
501 599 748 651 habitant
774 596 828 649 in
861 595 1044 648 anima
1073 595 1288 659 nltrice,
1334 603 1389 649 et
1425 595 1611 649 bestia:
1641 595 1967 648 delitescunt

382 691 435 743 in
479 689 639 743 corde
697 688 935 741 turbato.
976 685 1069 739 Vir
1107 688 1369 742 honestus
1401 696 1560 756 turpe
1601 686 1962 739 diversorium

380 780 586 849 ell'ngit,
621 788 675 832 et
698 777 841 833 Deus
869 794 963 831 cor
1011 777 1225 844 injuria:
1275 776 1660 831 reminiscens.
1694 775 1860 845 Lapis
1890 774 1960 827 il-

381 872 569 942 lapsus
615 884 815 941 aquam
865 869 1318 934 turbavit,etcor
1346 868 1588 922 hominis
1624 866 1800 920 malus
1850 880 1967 919 scr-

383 978 492 1018 mo.
516 960 891 1030 Cogitationes
947 958 1246 1012 iracundia:
1288 958 1356 1011 ab
1393 958 1577 1011 anima
1613 966 1703 1010 tua
1737 955 1965 1024 expelle,

385 1069 487 1105 nec
520 1055 597 1104 ira
637 1063 729 1104 tuo
759 1050 1065 1104 stabuletur
1097 1051 1149 1102 in
1188 1048 1373 1114 corde,
1407 1057 1461 1102 et
1496 1048 1547 1101 iu
1580 1060 1825 1117 tempore
1843 1062 1968 1101 ora-

382 1145 549 1198 tionis
585 1143 806 1196 minime
833 1142 1145 1195 turltabcris
1185 1158 1200 1206 ;
1236 1140 1373 1193 sicut
1408 1154 1642 1208 namque
1662 1138 1843 1192 fumus
1873 1154 1969 1206 pa-

385 1238 591 1291 learntn
624 1233 848 1286 oﬂ'endit
901 1232 1227 1300 perturbans
1256 1230 1467 1294 oculos,
1515 1231 1587 1284 ita
1621 1230 1673 1283 in
1709 1229 1970 1283 orationis

384 1337 626 1396 tempore
657 1337 891 1379 tuentem
935 1325 1258 1395 injuriarum
1292 1325 1572 1384 memoria.
1596 1323 1971 1395 Cogitationes

386 1418 642 1474 iracundi
682 1419 882 1487 viperae
924 1416 1200 1485 genimina
1247 1422 1397 1478 sunt,
1457 1430 1683 1485 corque,
1732 1414 1876 1484 quod
1900 1427 1965 1466 ea

385 1508 645 1577 parturit,
692 1507 950 1561 exedunt.
1016 1503 1543 1566 Furibundioratio,
1598 1502 1970 1558 sullimcntum

382 1610 464 1654 est
496 1599 879 1653 detestandum
906 1614 921 1661 ;
948 1606 1001 1651 et
1030 1596 1365 1666 psalmorum
1401 1594 1711 1649 dccantatio
1728 1593 1827 1647 viri
1847 1606 1972 1647 suc-

2068 505 2162 559 καὶ
2228 503 2363 575 μονή
2404 504 2614 571 γίνεται
2661 504 2761 573 τῆς
2808 504 2966 573 ἁγίας
2994 503 3223 575 Τριάδος
3253 502 3648 574 εἰρηνευομένη

2065 596 2297 653 διάνοια.
2339 594 2650 659 ’Λλώπεκες
2677 596 3022 651 κατοικοῦσιν
3052 597 3109 648 ὲν
3129 596 3454 666 μνησικάκῳ
3475 593 3647 665 ψυχῇ.

2067 688 2162 740 και)⁵
2223 687 2387 759 θηρία
2444 687 2855 757 ἐμφωλεύουσιν
2911 688 2970 740 ἐν
3007 687 3394 757 τεταραγμένῃ
3424 685 3648 756 καρδία.

2063 777 2264 846 Φεύγει
2325 777 2466 849 ἁνήρ
2505 779 2703 845 σεμνὸς
2733 778 2958 847 αἰσχρὸν
2986 777 3355 845 καταγώγιον,
3387 775 3483 830 καὶ
3514 775 3652 839 Θεὸς

2071 869 2410 942 μνησίκακον
2469 870 2719 940 καρδίαν.
2750 870 2938 937 ’Ύδωρ
2986 869 3253 939 ἐτάραξεν
3277 867 3534 938 ἐμπεσὼν
3562 867 3649 922 λίο

2069 960 2181 1023 θος,
2237 960 2332 1012 καὶ
2396 960 2626 1029 καρδίαν
2659 959 2854 1030 ἀνδρὸς
2879 958 3037 1027 λόγος
3066 959 3259 1022 κακός.
3311 958 3651 1028 Ἀπόστησον

2067 1050 2366 1120 λογισμοὺς
2393 1051 2563 1123 ὀργῆς
2594 1051 2704 1104 ἀπὸ
2730 1051 2831 1119 σῆς
2869 1051 3071 1121 ψυχῆς,
3097 1051 3193 1104 καὶ
3226 1051 3397 1120 Θυμδς
3432 1049 3510 1119 μὴ
3548 1048 3649 1101 αύ-

2068 1142 2300 1206 λιζέσθω
2326 1144 2385 1196 ἐν
2409 1145 2475 1213 σῇ
2521 1142 2740 1213 καρδίᾳ,
2768 1143 2864 1195 καὶ⁵
2897 1142 2959 1194 οὐ
2991 1142 3065 1212 μὴ
3088 1141 3367 1215 ταραχοῇς
3388 1143 3446 1193 ἐν
3468 1138 3649 1210 καιρῷ

2072 1238 2381 1305 προσευχῆς
2401 1251 2417 1267 ο
2451 1235 2511 1288 δν
2539 1236 2739 1307 τρόπον
2766 1235 2876 1303 γὰρ
2904 1234 3125 1304 ἀχύρων
3151 1232 3358 1295 καπνὸς
3384 1233 3649 1302 ταράσσει

2069 1323 2403 1393 ὀφθαλμοὺς,
2441 1322 2583 1377 οὕτω
2628 1322 2964 1393 μνησικακία
3004 1321 3152 1385 νοῦν,
3192 1325 3251 1376 ὲν
3278 1321 3456 1392 καιρῷ
3480 1337 3652 1392 προσο

2065 1415 2254 1487 ευχῆς.
2293 1418 2563 1487 Δογισμοὶ
2599 1415 2881 1485 θυμώῖους
2925 1415 3138 1485 ἐχίδνης
3184 1415 3524 1483 γεννήματα,
3556 1416 3651 1466 καὶ

2057 1506 2416 1573 ,κατεσθίουσι
2437 1508 2536 1578 τὴν
2560 1506 2826 1559 τεκοῦσαν
2875 1505 3124 1575 καρδίαν.
3156 1504 3446 1575 suum;
3479 1522 3649 1579 προσ-

2070 1602 2206 1673 ευχὴ
2234 1600 2622 1669 ἑϐδελυγμένον
2663 1598 2914 1668 θυμίαμα
2937 1615 2950 1627 ·
2988 1599 3083 1656 καὶ
3113 1598 3403 1668 ψαλμῳδία
3428 1598 3648 1666 ὀργίλου

385 1690 536 1745 censi
573 1689 775 1753 animo,
803 1703 972 1743 sonus
996 1696 1082 1742 est
1105 1687 1367 1741 insuavis.
1413 1685 1624 1741 Donum
1644 1684 1970 1755 injuriaer

2077 1687 2204 1765 ἦχος
2232 1692 2428 1765 ἀηδής.
2477 1692 2661 1761 Δῶρον
2702 1692 3044 1762 μνησικάκου
3077 1692 3448 1762 μυρμηκιῶσα
3468 1691 3650 1753 ουσία,

388 1782 668 1844 memoris,
693 1781 869 1835 hostia
889 1788 972 1833 est
1002 1778 1245 1833 verrucis
1264 1776 1539 1834 infestata.
1561 1786 1744 1830 etnon
1771 1789 1970 1844 appro-

2077 1786 2168 1844 καλ⁸
2186 1784 2247 1839 οὐ
2272 1784 2347 1853 μὴ
2369 1783 2709 1856 προσεγγίσῃ
2739 1782 3237 1854 περιρραντηρίους
3265 1781 3503 1851 βωμούς.
3540 1782 3651 1834 Ἐν-

389 1872 671 1943 pinquabit
725 1871 1027 1933 altaribus,
1086 1869 1179 1924 ubi
1226 1868 1470 1923 lustralis
1537 1882 1680 1936 aqua
1738 1866 1973 1921 circurn-

2080 1873 2244 1928 ύπνια
2280 1874 2667 1943 τεταραγμένα
2715 1874 2822 1945 ὁρᾷ
2860 1871 3137 1941 θυμώδης,
3174 1872 3271 1925 καὶ
3302 1870 3504 1941 Θηρίων
3534 1873 3652 1924 ἑπι-

387 1965 714 2034 aspergitur,
737 1963 902 2034 466
934 1962 1231 2017 iracundus
1249 1960 1461 2017 somnia
1478 1960 1622 2014 videt
1642 1960 1977 2029 perturbata,

2077 1958 2285 2036 δρομὰς
2305 1965 2640 2033 φαντάζεται
2657 1964 2895 2034 ὀργίλος.
2920 1962 3293 2034 Μακρόθυμος
3322 1960 3460 2033 ἀνὴρ
3480 1961 3652 2014 ὀπτα-

387 2064 444 2111 et
492 2056 749 2110 incursus
788 2055 1119 2125 imaginatur
1166 2052 1500 2108 bestiarum.
1532 2050 1973 2121 \‘irlonganimis

2080 2057 2203 2121 σίας
2226 2058 2353 2128 ὀρᾷ,
2396 2057 2691 2127 συντυχίας
2737 2054 2905 2124 ἁγίων
2942 2054 3217 2126 ἀγγέλων,
3260 2054 3356 2108 καὶ
3412 2054 3651 2123 ἀμνησί-

389 2162 724 2217 congressus
748 2155 1069 2201 sanctorum
1090 2146 1407 2216 angelorum
1428 2142 1622 2212 aspicit
1644 2143 1698 2196 in
1723 2141 1934 2197 visione
1960 2160 1973 2196 :

2079 2165 2250 2212 κακος
2304 2149 2576 2218 γυμνάζει
2607 2147 2800 2216 λόγους
2833 2147 3264 2218 πνευματικοὺς,
3299 2146 3392 2200 καὶ
3413 2147 3470 2199 εν
3495 2144 3655 2199 νυκτὶ

387 2245 445 2292 et
504 2237 588 2290 vir
674 2236 998 2307 iniuriarum
1065 2236 1354 2291 immemor
1415 2233 1720 2306 spirituales
1764 2238 1973 2286 exercet

2078 2239 2297 2311 δέχεται
2337 2240 2661 2312 μυστηρίων
2692 2237 2895 2301 λύσεις.

388 2345 707 2396 sermones,
783 2337 838 2384 et
915 2338 1079 2383 noctu
1157 2327 1544 2399 mysteriorum
1615 2324 1759 2391 capit
1824 2322 1976 2377 soluv

388 2422 591 2478 tiones.

996 2598 1224 2655 CAPUT
1286 2598 1377 2652 XI.

1000 2754 1075 2809 De
1112 2756 1359 2809 tristitia.

466 2915 767 2973 Monachus
817 2911 1056 2967 tristitia:
1110 2910 1328 2963 deditus
1363 2922 1468 2961 non
1528 2907 1680 2961 novit
1712 2906 1973 2975 spiritua~

392 3012 497 3066 lent
531 3010 887 3078 voluptatem.
922 3002 1170 3057 Tristitia
1205 3014 1334 3054 vero
1366 3008 1450 3054 est
1473 2999 1669 3054 animae
1698 3000 1971 3061 remissio,

391 3115 447 3157 et
500 3110 716 3157 constat
744 3114 775 3152 c
818 3093 1242 3166 cogitationibus
1288 3092 1605 3146 iracundiae.
1657 3090 1755 3146 Est
1775 3093 1974 3161 quippe

393 3198 494 3253 ira.
552 3193 805 3246 tintlictie
856 3186 1150 3257 cupiditas,
1200 3182 1488 3238 frustratio
1542 3197 1673 3237 vero
1723 3184 1977 3237 vindicta:

308 3286 313 3291 ’
393 3287 694 3349 sumendae,
727 3281 1003 3336 tristitiam
1040 3284 1299 3348 generat;
1337 3289 1503 3345 porro
1545 3274 1766 3329 tristitia
1801 3283 1885 3329 est
1913 3288 1976 3327 os

396 3379 589 3442 leonis,
623 3376 893 3444 facileque
922 3374 1155 3429 devorat
1198 3370 1618 3435 contristatum;
1653 3368 1868 3425 tristitia
1895 3376 1979 3422 est

391 3471 595 3526 vermis
621 3469 826 3526 cordis.
870 3476 922 3521 et
951 3466 1253 3536 parientem
1298 3473 1527 3517 matrem
1549 3462 1752 3517 exedit.
1786 3460 1974 3522 Mater,

393 3580 516 3632 qua:
546 3562 688 3631 parit
726 3560 917 3623 tilium,
952 3558 1196 3613 dolorem
1237 3554 1437 3618 habet;
1468 3555 1513 3610 si
1539 3556 1773 3625 peperit,
1808 3570 1839 3606 a
1878 3554 1977 3608 do-

396 3653 509 3708 lore
539 3652 822 3705 liberatur.
848 3648 1094 3703 Tristitia
1118 3659 1266 3707 vero,
1309 3644 1439 3698 dum
1484 3651 1795 3713 generatur,
1835 3642 1978 3695 mul-

396 3755 510 3799 tum
542 3744 742 3799 excitat
764 3742 1033 3807 dolorem,
1074 3745 1306 3808 postque
1340 3736 1620 3791 cruciatus
1650 3750 1977 3805 permanens

397 3851 505 3890 non
563 3849 730 3905 parvo
761 3841 979 3903 torquet
1020 3830 1232 3884 dolore.
1293 3828 1593 3883 Monachus
1623 3826 1855 3882 tristitia:
1878 3827 1976 3879 atl-

394 3927 578 3980 dictus
618 3925 859 3980 lmtitiam
914 3937 1021 3976 non
1058 3922 1209 3975 novit
1257 3919 1619 3989 spiritualem,
1655 3931 1719 3971 et.
1752 3932 1977 3986 prorsus

394 4018 579 4079 modo,
604 4032 714 4085 quo
746 4030 845 4070 nec
880 4014 1057 4069 mellis
1088 4022 1334 4082 gustum,
1372 4010 1466 4079 qui
1495 4007 1802 4064 vehementi
1822 4007 1976 4061 labo-

395 4119 481 4163 rat
528 4108 687 4174 febri,
710 4106 991 4178 persentit.
1031 4102 1332 4159 Monachus
1370 4101 1618 4157 tristatus
1654 4113 1763 4152 non
1797 4113 1978 4151 move-

397 4200 477 4257 bit
539 4207 772 4253 mentem
815 4198 883 4251 ad
933 4194 1472 4264 contemplationem,
1527 4206 1627 4247 nec
1668 4190 1973 4245 orationem

399 4290 629 4345 effundit
683 4306 898 4359 pttram.
957 4287 1203 4343 Tristitia
1266 4287 1469 4356 quippe
1520 4282 1863 4339 obstaculqu
1895 4288 1979 4335 est

399 4382 581 4436 omnis
613 4380 762 4434 boni.
815 4379 1109 4434 Vinculum
1155 4379 1375 4449 pedum,
1406 4392 1602 4432 cursus
1633 4383 1720 4431 est
1747 4373 1975 4444 impedi—

400 4484 666 4538 mentum,
697 4484 751 4528 et
776 4473 1021 4535 tristitia,
1061 4470 1428 4526 meditationis
1474 4465 1838 4522 obstaculum.
1869 4464 1976 4518 Ca-

399 4570 599 4639 ptivus,
623 4583 652 4622 a
684 4566 931 4622 barbaris
964 4565 1160 4635 ligatur
1189 4560 1385 4617 ferreis
1434 4558 1661 4623 catenis,
1683 4566 1739 4611 et
1763 4557 1978 4611 tristitia

397 4662 608 4729 captiva
636 4674 663 4710 a
694 4655 1039 4727 passionibus
1065 4653 1296 4707 abducta
1328 4649 1583 4703 vincitur.
1602 4646 1843 4702 Tristitia
1861 4647 1981 4700 ttul-

400 4751 507 4805 lam
541 4749 646 4803 vim
677 4749 859 4810 habet,
880 4761 1004 4801 cum
1024 4745 1143 4799 alia:
1164 4758 1268 4799 non
1294 4741 1456 4815 5.67
1485 4739 1977 4810 adsintpassiones,

398 4842 541 4897 sicut
569 4856 743 4911 neque
775 4838 1077 4900 vinculum,
1103 4851 1229 4891 cum
1269 4834 1447 4888 absint
1465 4832 1560 4903 qui
1582 4831 1844 4886 vinciant.
1872 4829 1979 4896 Qui

401 4935 604 5004 ligatus
630 4943 715 4987 est
747 4947 777 4986 a
813 4930 1058 4995 tristitia,
1093 4937 1385 4998 superatus
1418 4933 1502 4980 est
1532 4939 1563 4979 a
1600 4922 1975 4994 passionibns.

401 5026 615 5095 taleque
643 5022 960 5078 circumfert
1007 5020 1304 5083 vinculum,
1349 5032 1462 5073 sua:
1489 5016 1659 5071 eladis
1686 5028 1977 5085 argumen—

401 5126 537 5171 tum.
590 5114 832 5169 Tristitia
891 5128 1127 5183 namque
1189 5110 1563 5172 constituitur,
1615 5123 1679 5159 ex
1719 5119 1786 5160 eo
1832 5105 1976 5174 quod

402 5207 605 5260 carnali
641 5207 764 5275 quis
807 5204 1105 5259 frustratus
1166 5202 1331 5256 fuerit
1365 5198 1682 5269 cupiditate.
1708 5196 1978 5265 cupiditas

400 5309 578 5353 autem
633 5300 782 5352 omni
830 5298 1118 5367 conjuncta
1158 5303 1242 5349 est
1290 5291 1554 5361 passioni.
1587 5289 1689 5354 Qui
1723 5288 1851 5341 vicit
1879 5304 1977 5341 cu-

400 5391 702 5461 piditatem,
756 5390 1036 5459 passiones
1080 5386 1297 5450 devicit,
1343 5383 1437 5453 qni
1488 5392 1667 5436 autem
1696 5380 1974 5449 passiones

399 5481 585 5544 evicit,
630 5497 735 5534 non
785 5478 1131 5547 superabitur
1160 5492 1188 5530 a
1221 5474 1461 5529 tristitia.
1494 5472 1829 5540 Temperans
1863 5484 1967 5523 non

404 5572 815 5625 contristabitur
863 5585 1025 5640 super
1080 5567 1291 5623 deft-ctu
1328 5579 1602 5630 escarum,
1631 5576 1805 5633 neque
1832 5575 1966 5614 con-

2680 2598 2931 2652 ΚΕΦᾹΛ.
2980 2600 3081 2656 lA'.

2671 2756 2809 2825 Περὶ
2837 2758 3059 2824 λύπης.

2150 2916 2264 2969 Οὐκ
2313 2912 2421 2970 οἶδε
2467 2917 2847 2988 πνευματικὴν
2873 2918 3062 2989 ἡδονὴν
3100 2918 3438 2990 λυπούμενος
3489 2937 3657 2991 μοναο

2078 3000 2171 3071 χός
2194 3019 2207 3033 ο
2232 3001 2378 3073 λύπη
2410 3002 2467 3056 δέ
2498 3004 2615 3057 ἐστι
2662 3007 2935 3076 κατήφεια
2968 3006 3170 3077 ψυχῆς,
3211 3009 3304 3062 κα)⁸
3337 3009 3657 3064 συνίσταται

2080 3091 2189 3146 ἀπὸ
2223 3092 2500 3163 λογισμῶν
2551 3095 2743 3167 ὀργῆς.
2790 3096 3028 3168 Ἀμύνης
3078 3100 3185 3171 γάρ
3230 3098 3410 3171 ὄρεξίς
3451 3102 3602 3155 ἔστιν
3631 3105 3660 3155 ὀ

2081 3182 2271 3253 θυμὸς,
2327 3186 2604 3256 ἁποτυχία
2632 3187 2690 3241 δὲ
2738 3188 2953 3259 ἀμύνης
2985 3190 3244 3262 ἐγέννησε
3269 3190 3443 3262 λύπην
3463 3207 3476 3221 ⁸
3510 3192 3659 3262 λύπη

2081 3274 2260 3345 στόμα
2294 3278 2414 3329 ἐστὶ
2459 3278 2695 3343 λέοντος,
2738 3282 2832 3335 καὶ
2874 3282 2962 3335 τὸν
2991 3281 3331 3353 λυπούμενον
3362 3286 3659 3341 καταπίνει

2078 3365 2342 3438 εὐχερῶς.
2375 3367 2600 3438 Σκὼληξ
2638 3370 2758 3424 ἐστὶ
2789 3371 3017 3441 καρδίας
3050 3372 3219 3445 λύπη,
3250 3376 3350 3428 καὶ
3376 3375 3660 3429 κατεσθίει

2079 3456 2179 3524 τὴν
2231 3457 2500 3512 τεκοῦσαν
2559 3461 2795 3532 μητέρα.
2840 3461 3122 3517 Ὀδυνᾶται
3181 3465 3363 3537 μήτηρ
3394 3466 3660 3520 τίκτουσα

2080 3548 2313 3615 παιδίον,
2351 3550 2447 3604 ἐὰν
2469 3550 2622 3625 τέκῃ,
2649 3552 2749 3621 τῆς
2793 3554 2988 3624 ὀδύνης
3022 3554 3388 3626 ἀπήλλακται,
3417 3556 3564 3627 λύπη
3598 3560 3658 3611 δὲ

2078 3641 2417 3713 γεννωμένη,
2441 3644 2609 3697 πολὺν
2632 3646 2771 3698 κινεῖ
2791 3645 2879 3700 τὸν
2906 3647 3085 3711 πόνον,
3117 3648 3213 3701 καὶ
3238 3648 3377 3719 μετὰ
3408 3647 3504 3712 τὰς
3529 3650 3660 3703 ὡδί-

2078 3750 2176 3797 νας
2236 3736 2653 3806 παραμένουσα,
2702 3737 2762 3790 ού
2821 3739 3037 3810 μικρῶς
3084 3740 3359 3795 ὀδυνᾶται.
3404 3742 3520 3794 Οὐκ
3541 3737 3657 3795 οἶδα

2079 3825 2255 3896 χαρὰν
2299 3830 2679 3898 πνευματικὴν
2729 3828 3072 3899 λυπούμενος
3103 3831 3362 3901 μοναχός,
3410 3832 3488 3895 ὡς
3530 3834 3658 3887 οὐίὲ

2080 3917 2296 3987 μέλιτος
2335 3917 2526 3986 γεῦσιν
2575 3919 2603 3971 ὀ
2641 3920 2933 3992 πυρέσσων
2981 3920 3247 3994 σφοδρῶς.
3286 3924 3659 3994 ,Λυπούμενος

2081 4008 2314 4080 μοναχός
2369 4010 2431 4063 ού
2462 4010 2677 4082 κινήσει
2702 4011 2793 4065 τὸν
2815 4011 2940 4066 νοῦν
2960 4014 3042 4076 εἰς
3061 4013 3317 4084 θεωρίαν,
3338 4015 3455 4069 οὐδὲ
3483 4033 3659 4086 προσ-

2076 4100 2245 4171 ευχὴν
2281 4100 2532 4172 καθαρὰν
2568 4103 2921 4175 ἀναπέμπει·
2966 4106 3170 4173 παντὸς
3213 4106 3324 4177 γάρ
3354 4106 3518 4165 καλοῦ
3563 4110 3662 4176 ἐμ-

2080 4192 2265 4245 πόδιόν
2294 4193 2410 4246 ἐστι
2439 4193 2607 4263 λύπη.
2638 4196 2848 4266 Δεσμός
2872 4196 3049 4251 ποδῶν
3092 4197 3350 4268 ἐμπόδιόν
3384 4199 3501 4252 ἐστι
3528 4198 3658 4270 69d-

2081 4299 2208 4352 μου,
2238 4281 2334 4335 καὶ
2364 4280 2509 4353 λύπη
2571 4283 2830 4355 ἐμπόδιον
2865 4285 3116 4356 θεωρίας.
3170 4281 3523 4357 Αίχμάλωτος
3545 4289 3660 4341 ἀπὸ

2081 4374 2373 4446 βαρϐάρων
2402 4373 2615 4429 δέδεται
2651 4375 2907 4447 σιδήρων,
2939 4376 3034 4431 καὶ
3053 4378 3400 4448 αίχμάλωτος
3417 4378 3526 4431 ἀπὸ
3550 4393 3661 4431 πα-

2081 4466 2188 4520 θῶν
2224 4466 2432 4520 δέδεται
2460 4465 2626 4537 λύπη.
2648 4467 2763 4521 Ούκ
2787 4467 2962 4538 ἰσχύει
2988 4468 3131 4540 λύπη
3151 4469 3227 4540 μὴ
3248 4470 3533 4539 παρόντων
3547 4469 3661 4523 τῶν

2081 4558 2257 4614 ἄλλων
2290 4557 2501 4619 παθῶν,
2520 4559 2594 4621 ὡς
2621 4559 2747 4613 οῡτι
2768 4559 2987 4629 δεσμὸς,
3021 4560 3096 4630 μὴ
3127 4560 3412 4631 παρόντων
3435 4560 3544 4613 τῶν
3568 4562 3661 4617 δε-

2080 4647 2382 4717 σμούντων.
2425 4648 2483 4702 ’0
2513 4649 2795 4719 δεδεμένος
2825 4650 2971 4723 λύπῃ
3000 4649 3277 4721 νενίκηται
3302 4651 3408 4703 ύπό
3442 4649 3656 4714 παθῶν,

2077 4740 2172 4793 καὶ
2214 4739 2305 4792 τὸν
2337 4739 2538 4811 δεσμὸν
2589 4742 2911 4812 ἐπιφέρεται
2951 4742 3056 4812 τῆς
3085 4742 3255 4812 ἣττης
3287 4741 3379 4795 τόν
3410 4740 3655 4811 ἔλεγχον.

2078 4830 2237 4900 Λύπη
2283 4829 2393 4900 γὰρ
2434 4830 2750 4885 συνίσταται
2784 4833 2877 4886 ἐπὶ
2899 4832 3174 4903 ἀποτυχίᾳ
3199 4832 3435 4903 ὀρέξεως
3466 4849 3662 4902 σαρκι-

2077 4923 2182 4993 κῆς
2204 4940 2218 4954 ·
2250 4922 2430 4994 ὄρεξις
2451 4922 2507 4976 δὲ
2531 4924 2695 4977 παντὶ
2713 4924 2874 4979 πάθει
2902 4925 3279 4989 συνέζευκται.
3339 4925 3398 4977 ὐ
3426 4926 3662 4996 νικήσας

2081 5015 2284 5086 ὄρεξιν,
2342 5015 2563 5085 ἐνίκησε
2598 5015 2770 5085 πάθη,
2814 5018 2843 5069 ὁ
2879 5015 2937 5069 δὲ
2967 5018 3199 5089 νικήσας
3240 5014 3413 5087 πάθη,
3435 5015 3499 5068 οὐ
3522 5032 3664 5085 κρα-

2078 5105 2378 5177 τηθήσεται
2433 5105 2538 5158 ὑπὸ
2592 5105 2790 5175 λύπης.
2836 5107 3141 5180 Ἐγκρατής
3175 5107 3237 5162 ού
3284 5108 3534 5161 λυπεῖται
3564 5108 3663 5159 ἐπὶ

2079 5194 2349 5266 ἀποτυχία
2384 5193 2713 5266 βρωμάτων,
2741 5194 2863 5249 οὔτε
2886 5197 3118 5269 σώφρων
3142 5196 3461 5270 διαμαρτὼν
3486 5197 3662 5267 ἀτρο-

2082 5286 2249 5356 σύνης
2282 5285 2611 5351 ἀκολάστου,
2640 5286 2762 5340 οὐδὲ
2787 5287 3077 5359 ἀόργητος,
3103 5287 3397 5342 ἀποπεσὼν
3418 5286 3663 5358 ἀμύνης,

2080 5376 2203 5430 οὐδὲ
2267 5376 2670 5447 ταπεινόφρων,
2740 5380 3027 5451 στερηθεὶς
3072 5382 3422 5455 ἀνθρωπίνης
3467 5380 3660 5451 τιμῆς.

2078 5467 2202 5521 οὐδὲ
2227 5468 2625 5540 ἀφιλάργυρος,
2652 5469 2826 5543 ζημίᾳ
2854 5475 3188 5546 περιπεσὼν,
3234 5476 3516 5545 ἐξέκλιναν
3546 5474 3660 5542 γὰρ

2074 5559 2175 5633 τὴν
2204 5557 2411 5613 τούτων
2451 5559 2629 5633 δρεξιν
2672 5561 2934 5629 δυνατῶς
2970 5566 3159 5638 ὥσπερ
3194 5568 3303 5639 γὰρ
3350 5569 3380 5622 ὀ
3415 5564 3656 5635 uliwa
