3994 6182
447 183 577 243 ΗΓΠ
1472 195 1569 256 DE
1611 196 1799 259 ΟΕΤο
1831 201 2268 268 SPIRITIBUS
2305 208 2660 272 MALITIE.

421 316 548 364 κιτμ
565 301 677 353 suo:
702 299 760 352 οὗ
790 298 1006 369 δέχεται
1032 301 1206 372 βέλος,
1224 305 1397 366 οὕτως
1439 308 1466 362 6
1488 310 1700 381 ἀπαθὴς
1726 313 1786 365 ού

419 404 609 442 σκεται
639 389 748 443 ἀπὸ
779 390 980 462 λύπης.

3554 227 3688 293 1Ξῖ8

1819 314 2006 384 τιτρὼ.
2040 325 2082 379 Α
2116 319 2316 383 tinens,
2365 327 2519 394 quod
2565 327 2892 398 impudicam
2940 347 3170 403 tremeat
3207 345 3420 411 assequi
3457 345 3688 402 delt-ctu~

2117 413 2340 478 tionem,
2392 431 2567 487 neque
2617 433 2956 492 mansuetus,
3008 430 3152 496 quod
3197 433 3264 486 ab
3310 435 3514 491 tltione
3536 440 3686 495 exci-

412 483 574 544 dtrit,
604 498 782 552 neque
827 484 1075 547 humilis,
1112 486 1254 554 quod
1300 489 1541 544 humano
1589 492 1755 548 fuerit
1814 495 2041 552 orbatus
2081 500 2311 567 honore,
2355 483 2531 575 neque
2594 511 2686 579 qui
2721 512 2879 582 longe
2906 483 2974 569 ab
3009 483 3682 596 ariditate

415 574 456 596 ..Ξ
489 576 536 596 ἵ-.
575 573 956 596 γι-.-.ξ...--..-----
995 575 1172 596 _I:,__A-
1203 579 1214 596 I
1273 579 1285 596 ε
1343 579 1376 596 Α·
1404 580 1415 596 I
1488 581 1520 596 ο-
1705 583 1735 596 ιε
1990 587 2000 596 .
2183 591 2196 596 -
3651 580 3656 585 ’

413 574 456 626 si
489 576 538 626 in
569 573 958 628 detrimentum
993 575 1214 644 aliquod
1273 579 1548 644 inciderit,
1606 583 1836 662 multum
1914 587 2059 640 enim
2113 591 2386 647 evitat-unt
2436 573 2626 650 barum
2671 573 2852 656 rerum
2921 573 3684 686 cupiditatemrqtﬁa‘Ii'eji;

413 668 640 720 thorace
697 666 923 722 indutus
971 681 1320 739 nequaquam
1342 673 1586 742 jaculum
1625 676 1883 744 admittit,
1925 680 2006 735 sic
2043 682 2136 752 qui
2174 687 2491 754 passionum
2540 703 2625 747 εει
2675 709 2906 764 expers,
2960 666 3067 755 non
3128 666 3522 768 vulneratur-ha

1005 927 1260 985 ΚΕΦΑΛ.
1311 932 1412 986 lB‘.

475 1033 680 1104 Θυρεὸς
725 1036 1056 1110 στρατιώτῃ,
1101 1041 1195 1094 καὶ
1244 1043 1396 1097 πόλει
1429 1048 1609 1118 τεῖχός
1638 1051 1786 1104 ἐστιν
1818 1052 1994 1123 ἀσφά-

404 1123 523 1176 λεια
545 1141 560 1156 ο
598 1125 839 1179 ἀπάθεια
865 1126 924 1180 δὲ
958 1130 1179 1200 μοναχῷ
1209 1133 1596 1208 ἀσφαλεστέρα
1617 1141 1947 1213 ἀμφοτέρων
1971 1160 1984 1174 ⁸

403 1215 599 1284 θυρεὸν
629 1217 727 1286 μὲν
759 1217 867 1289 γὰρ
897 1217 1042 1272 διέδυ
1071 1219 1224 1290 βέλος
1265 1226 1430 1297 ῥοίζῳ
1455 1232 1756 1300 φερόμενον
1791 1234 1987 1289 πολλά-

400 1325 512 1372 κις,
548 1309 640 1362 καὶ
665 1312 840 1380 τεῖχος
875 1313 1187 1386 κατέσκαψε
1221 1319 1427 1390 πλῆθος
1448 1323 1813 1395 πολεμιστῶν,
1841 1329 1986 1385 ἁπα-

401 1397 552 1462 οείας
601 1399 658 1453 δὲ
710 1402 771 1453 ού
825 1404 1146 1475 κατισχύσει
1195 1408 1360 1482 λύπη.
1403 1413 1462 1466 ⁸0
1505 1417 1727 1485 κρατῶν
1771 1419 1984 1486 παθῶν,

398 1492 674 1562 ἐκράτησε
724 1493 924 1565 λύπης,
979 1499 1294 1571 ἡττώμενος
1337 1504 1392 1558 δὲ
1425 1506 1638 1580 ἡδονῆς,
1664 1510 1762 1565 οὐκ
1787 1513 1987 1582 ἐκφεύ-

398 1580 547 1646 ξεται
575 1583 699 1645 τοὺς
727 1583 934 1655 ταύτης
959 1585 1216 1658 δεσμούς.
1265 1593 1324 1646 ὐ
1349 1593 1691 1666 λυπούμενος
1722 1580 1983 1672 συνεχῶς,

399 1674 492 1726 καὶ
527 1675 994 1746 προσποιούμενος
1023 1681 1315 1748 ἀπάθειαν,
1350 1685 1536 1756 ὅμοιός
1565 1691 1681 1744 ἐστι
1714 1692 1978 1760 νοσοῦντι,

399 1765 496 1818 καὶ
520 1766 709 1834 ὑγείαν
741 1769 1178 1846 ὑποκρινομένῳ·
1202 1774 1278 1840 ὡς
1309 1779 1418 1848 γὰρ
1444 1782 1470 1834 6
1522 1781 1694 1837 νοσῶν
1723 1784 1982 1856 δηλοῦται

395 1856 505 1948 ἀπὸ
537 1858 632 1911 τοῦ
661 1861 972 1932 χρώματος,
1004 1865 1178 1932 οὕτως
1207 1870 1236 1922 6
1269 1871 1526 1944 ἐμπαθὴς
1555 1876 1838 1948 ἐλέγχεται
1872 1881 1980 1935 ἀπὸ

393 1947 594 2022 λύπης.
638 1953 695 2006 ὐ
733 1955 966 2025 ἀγαπῶν
987 1958 1079 2012 τὸν
1105 1963 1331 2032 κόσμον,
1372 1947 1746 2039 λυπηθήσεται
1781 1971 1974 2039 πολλὰ,

391 2047 752 2116 καταφρονῶν
795 2049 852 2102 δὲ
891 2050 1000 2104 τῶν
1059 2053 1118 2106 ἐν
1170 2054 1340 2124 αὐτῷ,
1401 2059 1838 2131 εὐφρανθήσεται
1888 2065 1978 2120 διὰ

391 2136 619 2224 παντός.
638 2139 980 2213 Φιλάργυρος
1015 2142 1314 2214 ζημιωθεὶς
1343 2146 1717 2220 λυπηθήσεται
1742 2155 1970 2224 πικρῶς,

389 2225 418 2277 6
448 2223 505 2278 δὲ
543 2230 902 2298 καταφρονῶν
941 2236 1264 2302 χρημάτων,
1301 2234 1509 2300 ἄλυπος
1547 2223 1971 2297 ἐσται.“Φιλόδο·

391 2314 476 2380 ξος
501 2315 898 2388 λυπηθήσεται,
929 2321 1266 2394 ἐπελθούσης
1295 2326 1543 2398 ἀτιμίας,
1575 2331 1602 2383 6
1626 2331 1680 2384 δὲ
1719 2337 1969 2390 ταπεινό-

370 2423 542 2476 -φρων
580 2408 787 2481 ταύτην
834 2411 919 2480 ,ὡς
959 2413 1257 2486 σύντροφον
1307 2417 1540 2486 δέξεται.
1589 2424 1969 2498 Χωνευτήριον

388 2501 660 2573 ἐκάθηρεν
695 2505 958 2576 ἀργύριον
996 2508 1275 2580 ἀδόκιμον,
1316 2512 1408 2566 καὶ
1446 2512 1591 2586 λύπη
1632 2517 1776 2571 κατὰ
1835 2519 1967 2576 Θεὸν

387 2595 618 2664 καρδίαν
639 2599 696 2650 ἐν
723 2599 1024 2670 ἁμαρτίαις
1052 2618 1066 2630 ⁸
1108 2602 1375 2673 χώνευσις
1413 2608 1647 2680 συνεχὴς
1689 2615 1835 2680 μειοῖ
1870 2615 1967 2684 μό·-

385 2685 586 2750 λιϐδον,
623 2690 717 2744 καὶ
745 2691 888 2758 λύπη
923 2695 1164 2767 κοσμικὴ
1197 2696 1412 2752 ὲλαττοί
1433 2699 1692 2757 διάνοιαν.
1740 2704 1965 2774 Ὀφθαλ-

2695 949 2925 1007 CAPUT
2964 953 3078 1010 ΧΗ.

2169 1055 2324 1112 Militi
2356 1061 2625 1118 securitas
2659 1073 2743 1120 est
2767 1067 3009 1137 clypcus,
3035 1078 3089 1125 et
3127 1071 3246 1127 urbi
3278 1089 3470 1132 murus
3513 1096 3526 1134 :
3563 1095 3678 1136 mo-

2095 1151 2274 1204 nacho
2330 1166 2459 1206 vero
2518 1157 2835 1224 passionum
2890 1162 3156 1225 vacuitas,
3191 1165 3459 1222 ambobus
3485 1181 3565 1224 est
3593 1186 3679 1226 se-

2093 1242 2314 1304 curior;
2345 1255 2397 1297 ct
2430 1248 2576 1300 et-im
2611 1264 2752 1319 saepe
2779 1252 2997 1321 quidem
3036 1255 3230 1325 sagitta
3262 1259 3440 1314 valido
3462 1263 3672 1317 vibrata
3757 1255 3760 1258 ’

2095 1333 2320 1389 brachio
2352 1348 2595 1406 permeat
2623 1341 2896 1412 clypeum,
2926 1353 2980 1399 ct
3029 1345 3351 1404 bellatorum
3386 1354 3675 1410 multitudo

2021 1463 2062 1522 Β
2097 1443 2312 1500 murum
2349 1429 2556 1493 cll'odit,
2597 1433 2814 1486 tristitia
2839 1451 2968 1490 vero
2994 1453 3100 1492 non
3141 1441 3454 1508 przevalebit
3486 1451 3671 1502 vacui-

2095 1519 2189 1574 tati
2214 1521 2553 1590 passionum.
2597 1522 2699 1588 Qui
2732 1524 3044 1582 dominatur
3083 1531 3454 1600 passionibns,
3492 1535 3672 1593 donti-

2093 1622 2253 1664 natus
2295 1620 2378 1665 est
2414 1611 2669 1675 tristitiae,
2705 1613 2952 1670 devictus
3001 1626 3182 1671 autem
3216 1634 3246 1673 a
3286 1621 3582 1691 voluptate,
3615 1628 3673 1680 il-

2091 1698 2197 1754 lius
2222 1715 2328 1754 non
2365 1699 2585 1771 effugiet
2624 1703 2839 1758 vincula
2866 1707 2996 1775 :qui
3034 1707 3278 1764 tristatur
3304 1713 3542 1778 assidue,
3578 1733 3662 1770 se-

2086 1805 2195 1860 que
2225 1789 2456 1846 libcrum
2485 1807 2515 1847 a
2549 1795 2898 1863 passionibus
2924 1797 3143 1855 fictione
3182 1803 3486 1870 profitetur,
3515 1809 3670 1862 simi-

2086 1880 2154 1937 lis
2192 1892 2276 1939 cst
2304 1887 2610 1960 aegrotanti,
2632 1887 2725 1957 qui
2763 1888 2984 1944 simulat
3006 1894 3292 1949 sanitatem
3317 1913 3332 1962 ;
3357 1897 3499 1952 sicut
3519 1900 3664 1954 enim

2083 1978 2176 2046 qui
2206 1979 2398 2033 morbo
2451 1979 2681 2045 laborat,
2732 1997 2761 2036 a
2800 1983 2984 2039 colore
3030 1985 3430 2054 manifestatur,
3470 1989 3540 2045 ita
3570 1993 3662 2061 qui

2082 2069 2433 2136 passionibus
2499 2071 2706 2135 subest,
2771 2074 3019 2143 arguitur
3047 2091 3078 2129 e
3130 2077 3370 2132 tristitia.
3407 2081 3510 2146 Qui
3539 2083 3672 2136 diliq

2080 2160 2156 2230 git
2199 2160 2462 2214 mundum
2497 2163 2651 2216 valde
2703 2165 2875 2219 tristis
2916 2168 3186 2232 mmrebit.
3231 2171 3324 2226 sed
3358 2174 3450 2241 qui
3481 2175 3665 2245 det-pi-

2079 2249 2153 2304 cit
2179 2265 2264 2315 ea,
2291 2265 2414 2320 qua:
2443 2250 2496 2304 in
2534 2251 2652 2321 ipso
2693 2264 2840 2317 sunt,
2874 2268 3090 2324 semper
3119 2259 3392 2328 gaudebit.
3426 2265 3660 2324 Avarus,

2079 2343 2125 2398 si
2165 2343 2373 2397 damno
2405 2339 2572 2396 fuerit
2613 2342 2863 2406 allectus,
2904 2360 3089 2399 amare
3130 2349 3574 2415 contristabitur,
3605 2364 3662 2407 at

2075 2430 2167 2500 qui
2205 2434 2506 2486 contemnit
2551 2433 2835 2504 pecunias,
2892 2436 3101 2506 absque
3127 2437 3345 2493 tristitia
3377 2439 3543 2512 468
3576 2444 3658 2496 νί-

2077 2533 2181 2577 vet.
2225 2522 2326 2589 Qui
2352 2524 2545 2578 avidus
2577 2533 2658 2579 est
2708 2525 2914 2594 glorite,
2961 2529 3378 2598 superveniente
3409 2535 3656 2598 infamia,

2075 2613 2274 2669 incidet
2297 2616 2349 2668 in
2375 2616 2689 2682 tristitiam;
2717 2633 2903 2671 verum
2919 2619 3010 2688 qui
3031 2619 3310 2675 humiliter
3329 2623 3490 2692 sapit,
3510 2641 3652 2692 eam,

2071 2705 2237 2761 veluti
2292 2707 2535 2780 sodalem
2593 2707 2847 2778 excipiet.
2899 2707 3118 2764 Fornax
3171 2711 3490 2769 conflatoria
3543 2731 3650 2770 non

389 2777 508 2882 μῶν
535 2778 826 2882 ἐνέργειαν
883 2785 1127 2854 ἀμαυροί
1162 2787 1385 2856 γνόφος,
1413 2790 1508 2843 καὶ
1543 2791 1670 2845 νοῦν
1696 2792 1966 2867 θεωρητι-

2072 2777 2359 2868 probatum
2422 2810 2690 2870 expurgat
2753 2809 3062 2882 argentum,
3116 2810 3171 2856 et
3203 2802 3424 2857 tristitia
3451 2820 3649 2860 secun-

382 2867 482 2920 κὸν
501 2867 765 2939 ἀμϐλύνει
802 2870 946 2944 λύπη
973 2891 986 2904 ·
1012 2873 1174 2944 βυθὸν
1200 2875 1394 2941 ὓδατος
1447 2879 1505 2932 ού
1526 2881 1795 2938 διαϐαίνει
1817 2886 1972 2956 ἡλια-

381 2957 477 3011 κὸν
511 2959 733 3029 φέγγος,
773 2963 867 3016 καὶ
897 2965 1127 3035 καρδίαν
1175 2968 1488 3022 κατάλυπον
1526 2971 1585 3024 ού
1633 2975 1971 3043 καταυγάζει

380 3049 588 3122 θεωρία
613 3053 790 3121 φωτός
817 3070 831 3085 ·
867 3055 968 3126 ἡδὺ
1009 3059 1177 3112 πᾶσιν
1203 3061 1514 3133 ἀνθρώποις
1537 3064 1774 3138 ἀνατολὴ
1795 3068 1965 3137 ἡλίου,

377 3141 791 3216 δυσαρεστεϊται
821 3147 879 3202 δὲ
912 3151 1006 3204 καὶ
1060 3150 1235 3224 τούτῳ
1308 3155 1626 3229 λυπουμένη
1673 3159 1842 3232 ψυχή.
1868 3164 1963 3216 Αί-

380 3237 576 3308 σθησιν
628 3238 874 3308 γεύσεως
913 3242 1231 3315 ἀφαιρεῖται
1273 3245 1510 3319 ἵκτερος,
1544 3251 1639 3303 καὶ
1669 3250 1848 3324 ψυχῆς
1875 3256 1963 3310 αι’-

379 3329 571 3401 σθησιν
603 3330 924 3404 ἀφαιρεῖται
955 3333 1122 3407 λύπη.
1157 3337 1218 3392 '0
1245 3338 1302 3392 δὲ
1325 3343 1684 3414 καταφρονῶν
1714 3346 1820 3398 τῶν
1843 3347 1964 3418 ἡδο-

375 3421 484 3474 νῶν
533 3421 628 3478 τοῦ
699 3421 908 3498 κόσμου
989 3428 1088 3482 οὐκ
1124 3429 1492 3503 ὀχληθήσεται
1551 3433 1657 3488 ὑπὸ
1687 3435 1963 3509 λογισμῶν

373 3513 573 3584 λύπης.

2069 2888 2198 2942 dum
2252 2886 2447 2955 Deum,
2505 2904 2621 2955 cor,
2657 2891 2803 2961 quod
2835 2901 2917 2944 est
2968 2891 3020 2944 in
3065 2891 3306 2962 peccatis
3343 2910 3356 2946 :
3388 2895 3649 2951 continua

2067 2981 2366 3036 conﬂatura
2428 2981 2711 3052 plumbum
2762 2983 3060 3048 imminuit,
3104 2994 3159 3038 et
3189 2984 3378 3060 mundi
3427 2986 3647 3042 tristitia

2065 3071 2321 3128 diininuit
2347 3073 2705 3144 intellectum.
2740 3076 2924 3128 Acietn
2949 3073 3235 3129 oculorum
3273 3076 3645 3145 perspicacem

2063 3164 2238 3235 caligo
2271 3163 2542 3226 obfuscat,
2583 3175 2636 3220 et
2693 3174 2929 3220 mentem
2984 3165 3253 3221 addictam
3305 3168 3646 3237 contempla-

2069 3257 2434 3312 tionihebetat
2471 3252 2713 3314 tristitia.
2745 3259 2913 3329 Aqua:
2937 3259 3360 3330 profunditatem
3389 3275 3494 3313 non
3524 3275 3646 3330 pcr-

2067 3351 2217 3404 vadit
2247 3349 2379 3404 solis
2410 3347 2608 3420 fulgor,
2644 3357 2698 3403 et
2734 3364 2829 3402 cor
2851 3348 3104 3402 affectum
3139 3349 3358 3403 triStitia
3395 3359 3645 3405 contem-

2066 3437 2235 3512 platio
2257 3440 2481 3496 luminis
2501 3455 2608 3495 non
2647 3441 2921 3494 illustrat:
2953 3441 3086 3494 solis
3115 3448 3292 3504 ortus,
3323 3442 3482 3496 dulce
3511 3443 3640 3513 quid

2069 3533 2389 3589 hominibus
2415 3539 2532 3599 est;
2557 3541 2606 3586 at
2642 3533 2848 3597 anima,
2880 3547 3002 3601 qua:
3027 3533 3246 3585 tristitia
3277 3531 3552 3602 afﬂigitur,
3587 3535 3640 3587 in

373 3624 441 3662 Cu
471 3625 692 3682 quoque
728 3611 832 3666 sibi
901 3614 1174 3684 displicet.
1241 3613 1468 3672 Mur-ints
1505 3627 1771 3688 arquatus
1811 3637 2033 3682 sensum
2073 3627 2252 3682 aufert
2284 3636 2498 3697 gustus,
2533 3628 2828 3682 cttristil3a
2872 3627 3008 3682 tollit
3047 3627 3244 3682 anima:
3299 3642 3542 3682 sensum.
3573 3629 3643 3682 At

373 3707 464 3774 qui
522 3705 708 3760 mundi
767 3708 1074 3776 voluptates
1115 3709 1436 3770 cotttctnnit,
1469 3725 1498 3764 a
1531 3711 1952 3781 cogitationibus
1993 3719 2223 3775 tristitiae
2254 3719 2715 3775 nonturbabitur.

961 3861 1210 3915 ΚΕΦΛΛ.
1260 3862 1361 3915 ιΓο.

934 3997 1073 4064 Περὶ
1101 3997 1376 4067 ἁκηδίας.

455 4113 676 4186 Ἀκηὸία
705 4115 853 4168 ἐστὶν
877 4113 1066 4168 ἀτονία
1095 4115 1296 4186 ψυχῆς,
1329 4117 1518 4170 ἀτονία
1544 4118 1600 4172 δὲ
1633 4119 1812 4192 ψυχῆς
1848 4121 1952 4175 ούκ

2655 3875 2886 3932 CAPUT
2922 3874 3056 3932 Xlll.

2491 3989 2562 4044 De
2605 3991 2813 4051 acedia,
2851 4005 2939 4044 seu
2986 3987 3213 4042 desidia.

2129 4108 2326 4163 Accdia
2379 4115 2464 4162 est
2511 4107 2708 4160 anima;
2751 4105 3018 4174 languor,
3074 4104 3272 4158 animae
3305 4117 3432 4158 vero
3485 4101 3637 4158 infir-

368 4205 567 4274 ἔχουσα
601 4205 660 4258 τὸ
691 4204 834 4258 κατὰ
887 4203 1070 4274 φύσιν,
1105 4205 1225 4260 οῦδὲ
1256 4207 1395 4278 πρὸς
1429 4211 1769 4281 πειρασμοῦς
1801 4213 1958 4266 ἵστα-

2072 4204 2244 4265 mitas,
2279 4216 2402 4256 cum
2437 4216 2544 4254 non
2587 4199 2801 4262 habent,
2837 4198 2982 4268 quod
3021 4206 3104 4252 est
3145 4197 3444 4253 secundum
3477 4205 3639 4252 natu-

365 4313 458 4348 ται
488 4297 770 4365 γενναίως.
806 4296 987 4368 Ὅπερ
1016 4297 1127 4368 γάρ
1162 4299 1280 4351 ἐστι
1305 4302 1482 4371 τροφὴ
1510 4302 1818 4357 εύεκτοῦντι
1845 4303 1952 4357 σώ-

371 4405 525 4458 ματι,
550 4387 709 4441 τοῦτό
743 4390 859 4442 ἐστι
904 4390 1212 4461 πειρασμὸς
1253 4394 1480 4464 γενναίᾳ
1542 4394 1708 4466 ψυχῇ.
1753 4395 1952 4467 Βορέας

366 4480 568 4549 ἄνεμος
611 4479 802 4550 τρέφει
833 4481 1182 4550 γεννήματα,
1217 4482 1313 4534 καὶ
1340 4485 1638 4554 πειρασμοὶ
1673 4483 1952 4554 βεόαιοῦσι

367 4570 667 4641 καρτερίαν
694 4571 894 4640 ψυχῆς.
930 4571 1149 4644 Νεφέλη
1172 4571 1398 4642 ἄνυδρος
1419 4571 1676 4627 διώκεται
1698 4575 1802 4628 ὑπὸ
1825 4575 1952 4629 ἀνέ-

371 4677 497 4728 μου,
547 4660 642 4713 καὶ
697 4661 822 4724 νοῦς
877 4662 1162 4732 ὑπομονὴν
1197 4663 1273 4733 μὴ
1301 4663 1463 4733 ἔχων,
1502 4663 1608 4717 ὑπὸ
1643 4664 1952 4736 πνεύματος

365 4750 620 4820 ἁκηδίας.
677 4751 878 4822 Δρόσος
944 4752 1135 4825 ὲαρινὴ
1186 4753 1340 4818 αῦξει
1389 4751 1602 4826 καρπὸν
1629 4756 1825 4826 ἀγροῦ,
1857 4757 1952 4811 καὶ

367 4838 524 4907 λόγος
554 4842 928 4909 πνευματικὸς
959 4841 1086 4911 ὑψοῖ
1128 4841 1468 4895 κατάστασιν
1494 4841 1696 4913 ψυχῆς.
1741 4843 1953 4916 Ῥεῦμα

367 4931 601 5003 ἑκηὸίας
637 4933 918 5000 ἐξελαύνει
975 4935 1211 5006 μοναχὸν
1263 4936 1328 4988 ἐκ
1373 4935 1472 5004 τῆς
1514 4936 1694 5000 οἰκίας
1715 4937 1952 5001 αύτοῦ,ὁ

398 5027 422 5077 ὲ
457 5026 596 5097 ἔχων
621 5027 900 5097 ὑπομονὴν
931 5024 1197 5096 ἡσυχάζει
1222 5025 1953 5090 διαπαντός.Ἀσθενούντων

369 5118 686 5188 ἐπισκέψεις
726 5119 1088 5188 προϐάλλεται
1134 5122 1162 5173 6
1199 5117 1555 5191 ἀκηδιαστὴς,
1615 5119 1955 5190 πληροφορεῐ

365 5209 421 5262 δὲ
451 5210 542 5262 τὸν
575 5211 705 5263 ἴδιον
740 5211 964 5264 σκοπόν.
1007 5211 1367 5282 Ἀκηδιαστὴς
1392 5212 1648 5282 μοναχὸς.
1684 5212 1817 5280 πρὸς
1840 5211 1954 5264 δια-

367 5303 554 5356 κονίαν
593 5303 740 5369 ὀξὺς,
773 5304 868 5356 καὶ
892 5304 1113 5374 ἐντολὴν
1145 5303 1422 5371 λογίζεται
1453 5303 1551 5374 τὴν
1585 5301 1781 5358 ἑαυτοῦ
1812 5303 1952 5371 πλη-

363 5395 622 5464 ροφορίαν
655 5411 669 5426 ο
719 5395 886 5464 φυτὸν
925 5395 1154 5467 ἀδρανὲς
1193 5395 1402 5450 ἔκλινεν
1441 5390 1584 5465 αῦρα
1623 5393 1817 5465 λεπτὴ,
1857 5393 1955 5447 καὶ

363 5489 638 5556 φαντασία
697 5489 1012 5560 ἀποδημίας
1043 5490 1296 5544 εἵλκυσεν
1329 5488 1683 5559 ἀκηδιαστήν.
1725 5487 1954 5555 Δένδρον

365 5577 548 5643 καλῶς
575 5581 823 5652 πεπηγὸς
850 5582 948 5635 οὐκ
995 5580 1170 5634 ἔσεισε
1200 5579 1290 5652 βία
1314 5580 1658 5651 πνευμάτων,
1699 5579 1788 5631 καὶ
1809 5579 1947 5648 ἀκη-

2054 4312 2196 4358 ram,
2247 4310 2346 4349 nec
2399 4295 2665 4347 adversus
2701 4291 3029 4346 tentationcs
3075 4303 3337 4358 generose
3369 4289 3635 4358 persistit.

2054 4388 2208 4456 Quod
2263 4388 2408 4441 enim
2464 4385 2518 4439 in
2547 4399 2778 4455 corpore
2844 4385 2981 4438 bene
3014 4381 3212 4436 valenti
3241 4389 3502 4451 operatur
3536 4381 3638 4434 ali-

2053 4487 2320 4538 mentum.
2367 4477 2470 4530 hoc
2504 4476 2645 4529 idem
2701 4473 2931 4528 tentatio
2965 4473 3018 4525 in
3059 4471 3241 4525 anima
3275 4469 3436 4524 cﬂicit
3475 4484 3640 4538 gene-

2053 4586 2200 4624 rusa.
2239 4567 2440 4623 Boreas
2467 4575 2660 4620 ventus
2688 4565 2859 4620 nutrit
2892 4563 3158 4632 germina,
3198 4569 3255 4616 et
3285 4559 3634 4620 tentationes.

2053 4663 2251 4716 animae
2306 4658 2673 4714 constantiam
2743 4655 2980 4708 ﬁrmant.
3030 4651 3214 4708 Nubes
3252 4665 3394 4720 aqua
3439 4664 3638 4704 carens

2052 4767 2084 4805 ιι
2107 4761 2266 4804 vento
2287 4748 2618 4818 dispellitur,
2640 4755 2695 4800 et
2721 4761 2899 4810 mens,
2929 4743 3245 4815 patientiam
3271 4756 3377 4796 non
3404 4740 3632 4803 habens,

2053 4858 2082 4896 a
2115 4840 2312 4910 spiritu
2343 4839 2586 4895 desidiae.
2628 4836 2738 4892 ltos
2781 4851 2982 4890 vernus
3025 4842 3189 4904 auget
3221 4832 3459 4890 fructum
3491 4831 3631 4900 agri.

2051 4941 2102 4988 et
2126 4947 2309 4987 sermo
2341 4929 2643 5002 spiritualis
2668 4937 2872 4983 statum
2893 4927 3091 4980 anima:
3111 4925 3166 4978 in
3200 4922 3434 4979 sublime
3459 4921 3637 4976 extul-

2054 5027 2132 5081 lit.
2169 5024 2391 5080 Fluctus
2409 5023 2632 5078 desidiae
2657 5019 2987 5075 monachum
3019 5015 3240 5086 expellit
3267 5029 3301 5068 ο
3325 5014 3489 5068 domo
3511 5027 3633 5078 sua,

2053 5118 2146 5187 qui
2173 5089 2302 5170 vero
2337 5114 2532 5170 tolerat
2575 5111 2844 5181 habetque
2867 5109 3206 5180 patientiam,
3227 5106 3634 5176 quietatuscm-

2055 5221 2151 5276 per
2208 5203 2460 5272 transigit
2515 5203 2699 5256 vitam.
2739 5198 3081 5254 Inﬁt-morum
3114 5195 3449 5251 visitationes
3494 5207 3637 5263 prte—

2055 5296 2188 5351 texit
2213 5294 2378 5366 469
2407 5294 2708 5364 m-gligens,
2739 5291 2963 5362 proprio
2998 5304 3127 5342 vero
3169 5287 3350 5358 genio,
3380 5293 3435 5341 ct
3470 5300 3636 5355 scopo

2056 5386 2346 5443 satisfacit.
2383 5384 2686 5439 Monachus
2738 5385 2890 5454 piger
2931 5381 2996 5436 ad
3033 5379 3398 5434 ministerium
3435 5391 3521 5432 εει
3545 5393 3638 5428 ve-

2055 5481 2165 5540 lox,
2231 5487 2497 5548 putatque
2543 5482 2869 5545 praeceptum
2902 5487 3025 5529 esse
3067 5471 3152 5525 sui
3211 5470 3385 5540 ipsius
3416 5465 3645 5526 satisfa-

2057 5573 2308 5626 ctionem.
2339 5569 2483 5622 Aura
2513 5567 2695 5622 tenuis
2717 5566 2992 5620 infirmam
3022 5572 3270 5634 quassat,
3307 5558 3656 5624 innectitque
