3990 6204
379 247 513 313 1159

375 363 638 433 plantam,
680 370 733 413 et
768 340 1219 427 peregrinationis
1251 356 1563 426 imaginatio
1622 356 1949 411 trahitdesi-

376 455 520 507 dem.
563 450 703 502 Bene
740 447 954 515 alteque
998 445 1229 499 deﬁxam
1260 448 1807 500 arhoremventormn
1843 464 1947 499 non

378 540 616 594 concutit
650 537 929 602 violentia,
958 545 1011 589 et
1032 537 1238 591 desidia
1260 538 1486 590 lirmiter
1516 537 1807 590 hmrentem
1836 537 1953 589 ani-

377 648 519 685 mam
543 646 646 682 non
679 628 924 682 inflectit.
950 628 1222 683 Cir-enitor
1248 628 1548 683 monachus
1583 627 1796 681 aridum
1846 628 1943 681 vir-

376 724 583 791 gultum
612 731 696 776 est
726 722 1075 788 solitudinis;
1113 724 1392 791 paululum
1439 722 1805 792 conquiescit,
1832 738 1955 775 rur-

376 830 582 883 susque
647 814 820 867 fertur
866 815 1091 869 invitus.
1139 814 1325 867 Planta
1386 816 1646 869 translata
1718 813 1956 869 fructum

376 920 484 959 non
520 906 695 969 aﬂ‘ert,
753 915 807 960 et
859 908 1163 960 monachus
1205 905 1674 959 circumforaneus
1720 903 1957 959 fructum

379 1012 486 1051 non
519 998 937 1052 dabit'virtutis.
978 998 1197 1051 infirmo
1242 1012 1306 1050 ac
1338 996 1501 1050 debili
1538 1014 1642 1050 non
1670 1013 1832 1050 unum
1873 1014 1961 1053 sa-

1865 244 1923 307 S.
1983 245 2147 308 NI|.I

3496 232 3639 296 litin

2053 364 2143 416 δία
2172 364 2271 416 οὐκ
2324 362 2573 431 ἔκαμψεν
2619 357 3017 431 ἐρηρεισμένην
3056 353 3256 424 ψυχήν.
3316 348 3634 415 Κυκλευτὴς

2060 457 2316 528 μοναχδς,
2374 453 2652 523 φρύγανον
2709 448 2969 521 ἐρημίας,
3021 447 3199 511 ὀλίγον
3231 440 3495 513 ἡσύχασε,
3539 442 3637 492 καὶ

2056 548 2219 601 πάλιν
2279 545 2503 615 φέρεται
2558 543 2632 612 μὴ
2686 540 3031 610 βουλόμενος.
3099 534 3271 586 Φυτὸν
3327 529 3638 599 μεταφερό-

2063 656 2223 709 μενον
2266 638 2324 689 οὗ
2376 634 2743 705 καρποφορεῖ,
2785 631 2879 684 καὶ
2936 626 3172 696 μοναχὺς
3214 622 3519 689 κυκλευτὴς
3573 622 3638 672 οὐ

2063 728 2281 796 ποιήσει
2345 723 2554 793 καρπὸν
2618 720 2841 789 ἀρετῆς.
2892 719 2951 770 'U
2984 714 3227 770 ἀσθενῶν
3261 714 3362 765 ουκ
3385 712 3641 781 ἀρκεῖται

2063 819 2238 887 τροφῇ
2267 815 2382 885 μιᾷ,
2408 813 2501 864 καὶ
2527 809 2859 880 ἁκηδιαστὴς
2889 805 3117 876 μοναχδς
3150 808 3205 857 ἐν
3226 803 3373 872 ἔργῳ
3404 800 3501 851 ἐνί.
3522 798 3646 851 Φιλ-

2066 910 2237 978 ηδόνῳ
2284 908 2382 959 οὐκ
2415 906 2638 976 ἀρκέσει
2676 903 2772 971 μία
2814 900 2974 969 γυνὴ,
3016 898 3109 949 καὶ
3141 895 3440 964 ἀκηδιαστῇ
3477 906 3647 961 μονα-

2070 999 2149 1071 χῷ
2182 1000 2281 1052 οὐκ
2313 997 2539 1067 ἀρκέσει
2572 994 2670 1063 μία
2695 991 2884 1044 κέλλα.

383 1088 583 1142 tisfacit
647 1090 989 1149 alimentum,
1022 1097 1075 1140 et
1146 1103 1244 1157 pro
1295 1088 1572 1143 desidioso
1615 1092 1883 1146 monacho
1924 1109 2028 1149 non
2071 1106 2154 1147 sat
2179 1101 2263 1146 est
2302 1105 2469 1144 unum
2491 1102 2649 1157 Opus.
2682 1082 2985 1151 Voluptatis
3013 1080 3210 1153 cupido
3244 1093 3350 1168 una
3386 1092 3493 1131 non
3521 1072 3649 1130 suf-

390 1182 500 1234 licit
537 1179 757 1245 femina,
793 1190 845 1233 ct
876 1181 1143 1233 monacho
1193 1180 1364 1235 desidi
1403 1197 1506 1235 nou
1551 1184 1684 1237 satis
1712 1186 1814 1239 erit
1856 1202 1959 1241 una
1998 1188 2153 1243 Cella.

973 1336 1201 1390 CAPUT
1231 1337 1368 1393 XIV.

455 1446 660 1502 Oculus
708 1445 892 1517 segnis
932 1448 1153 1502 assidue
1194 1449 1449 1504 fenestris
1492 1450 1698 1507 intente
1751 1454 1963 1524 aspicit,

2665 1345 2917 1400 ΚΕΦᾹΛ.
2966 1345 3062 1398 1Δ’.

2142 1461 2446 1534 Ὀφθαλμδς
2470 1459 2799 1531 ἀκηδιαστοῦ
2822 1460 2942 1520 ταῖς
2960 1456 3173 1527 Θυρίσιν
3193 1454 3488 1518 ὲνατενίζει
3548 1468 3650 1507 συ-

384 1540 740 1610 ejusdemque
795 1539 1104 1595 intellectus
1141 1541 1426 1596 visitantes
1480 1541 1845 1613 imaginatur:
1883 1546 1966 1617 ja-

2075 1554 2220 1626 (νὼς,
2272 1555 2365 1608 καὶ
2409 1554 2684 1626 ήδιάνοια
2740 1551 2905 1605 αὑτοῦ
2959 1551 3086 1611 τοὺς
3141 1546 3649 1615 ὲπισκεπτομένους

386 1647 494 1685 nua
547 1629 836 1683 stridorem
888 1630 1075 1695 edidit,
1127 1632 1331 1686 exsiliit
1369 1633 1480 1699 ille,
1515 1650 1701 1690 vocem
1765 1640 1959 1705 audiit,

2075 1645 2442 1715 φαντάζεται·
2499 1645 2713 1713 ἓτρισεν
2760 1644 2793 1710 ὴ
2838 1639 3000 1710 θύρα,
3051 1639 3306 1700 κάκεῖνος
3360 1634 3644 1704 ὲξήλλατο,

382 1719 602 1790 jamque
625 1733 720 1787 per
755 1717 1045 1773 fenestram
1097 1719 1390 1776 inclinatus
1426 1725 1683 1795 reapexit,
1716 1740 1815 1781 nec
1840 1729 1965 1784 inde

386 1808 635 1871 diSCedil,
663 1822 948 1877 usquequo
990 1809 1207 1876 sedens,
1250 1810 1618 1882 Obstupescat.
1662 1814 1850 1883 Deses,
1886 1818 1962 1872 le-

386 1900 562 1971 gendo
586 1914 727 1967 sazpe
749 1901 972 1961 oscitat,
1002 1911 1054 1952 et
1072 1899 1138 1953 ad
1161 1917 1413 1955 somnum
1449 1902 1605 1959 facile
1628 1906 1961 1973 devolvitur,

386 1990 655 2046 cmi'rieat
687 1991 915 2052 vultum,
963 1992 1334 2063 distenditque
1370 2010 1591 2062 manus,
1623 2006 1677 2051 et
1712 2008 1964 2054 avertens

387 2081 576 2136 oculos
608 2098 638 2136 a
670 2083 828 2149 libro,
863 2084 915 2137 in
963 2085 1178 2154 pariete
1209 2086 1357 2155 ipsos
1386 2087 1605 2157 deligit:
1646 2090 1845 2145 iterum
1882 2107 1965 2148 re-

390 2188 581 2227 versus
610 2190 901 2245 parumper
927 2175 1073 2244 legit,
1097 2176 1474 2249 replicansque
1493 2179 1779 2235 verborum
1808 2181 1962 2247 ﬁnes,

388 2264 600 2318 laborat
652 2266 906 2327 inaniter,
965 2265 1092 2319 folia
1122 2277 1426 2335 enumerat,
1478 2278 1532 2324 et
1578 2272 1965 2340 quaterniones

388 2356 708 2418 calculatnr.
771 2356 1101 2425 scripturam
1164 2366 1216 2411 et
1259 2369 1510 2413 ornatum
1562 2362 1856 2431 vituperat,
1901 2379 1967 2417 ac

386 2447 606 2503 deruunt
663 2447 1003 2517 complicans
1048 2448 1308 2517 supponit
1354 2450 1519 2520 capiti
1551 2451 1771 2518 librum,
1808 2454 1966 2509 edor-

390 2539 596 2608 mitquc
630 2553 1016 2593 somnumnon
1043 2539 1198 2594 valde
1228 2540 1581 2609 profundum,
1615 2542 1785 2600 fames
1819 2546 1963 2600 enim

389 2630 647 2699 deinceps
672 2629 845 2699 ipsius
877 2630 1082 2684 excitat
1125 2631 1386 2698 animam,
1414 2647 1478 2688 ac
1507 2631 1672 2705 470
1715 2638 1965 2706 proprias

389 2722 531 2789 gerit
585 2735 770 2776 curas.
830 2719 1025 2789 Segnis
1073 2721 1399 2787 monachus,
1450 2723 1601 2793 piger
1630 2733 1716 2779 est
1751 2724 1821 2779 ad
1844 2742 1965 2781 ora-

391 2811 617 2872 tionem,
644 2819 697 2863 et
734 2809 894 2863 verba
928 2810 1193 2864 orationis
1217 2826 1323 2865 non
1354 2812 1642 2882 eloquetur
1686 2829 1962 2885 unquam:

389 2899 846 2972 quemadmodum
880 2900 1049 2963 enim,
1085 2901 1179 2970 qui
1228 2910 1473 2973 aegrotat,
1507 2919 1671 2973 grave
1706 2919 1815 2959 non
1840 2920 1966 2976 por-

392 2999 469 3043 tat
511 3005 672 3054 onus,
713 2990 785 3043 ita
826 2999 880 3043 et
935 2988 1270 3055 desidiosus,
1325 3005 1466 3059 opus
1494 2993 1584 3045 Dei
1625 3007 1970 3063 nequaquam
2000 2998 2042 3055 c

393 3082 557 3141 faciet
597 3090 889 3136 accurate:
926 3096 1072 3146 nam,
1120 3081 1434 3137 destituitur
1482 3082 1702 3152 quidem
1731 3085 1820 3139 ille
1844 3086 1972 3139 viri-

390 3175 495 3229 bus
518 3174 786 3247 corporis,
818 3175 920 3229 iste
974 3188 1101 3228 vero
1132 3175 1332 3229 anima:
1377 3174 1557 3229 nervis
1592 3190 1656 3229 ac
1695 3176 1972 3232 laboribus

392 3277 476 3319 est
509 3267 831 3320 dissolutus.
864 3265 1139 3320 Desidiam
1160 3276 1318 3320 sanat
1350 3266 1609 3335 patientia
1638 3262 1971 3339 ;omniaque

398 3374 521 3409 cum
554 3358 722 3410 multa
759 3366 813 3410 et
852 3356 1074 3410 assidua
1103 3355 1285 3412 facere
1334 3357 1652 3425 attentione,
1688 3369 1745 3414 et
1774 3358 1867 3415 Dei
1902 3361 1971 3415 ti-

395 3461 564 3501 more.
598 3444 655 3500 ιιι
698 3448 846 3501 οηιηὶ
880 3462 1046 3517 opere
1074 3447 1294 3502 modum
1324 3449 1516 3504 ordina
1545 3450 1641 3507 tibi
1677 3450 1801 3521 ipsi,
1836 3468 1971 3509 neve

395 3538 545 3610 prius
585 3538 835 3602 desistas,
869 3555 1035 3608 quam
1092 3540 1223 3595 illud
1252 3541 1569 3610 perfeceris,
1600 3558 1665 3597 ac
1693 3544 1854 3598 simul
1889 3544 1972 3599 in-

395 3627 718 3697 telligenter.
766 3628 1135 3700 omnibusque
1187 3630 1392 3687 viribus
1426 3648 1543 3698 ora,
1583 3643 1823 3707 tuncque
1855 3648 1885 3688 a
1919 3644 1971 3690 te

394 3720 621 3789 spiritus
647 3719 897 3790 aufugiet
929 3722 1179 3791 pigritia}.

979 4010 1209 4070 CAPUT
1247 4013 1357 4068 XV.

945 4123 1015 4176 De
1049 4140 1180 4178 vana
1207 4128 1400 4195 gloria.

464 4255 614 4309 Vana
673 4255 845 4324 gloria
894 4266 976 4310 cst
1031 4258 1216 4324 passio
1276 4259 1636 4329 irrationalis,
1698 4262 1967 4335 facileque

2073 1738 2255 1809 φωνῆς
2315 1738 2535 1808 ἤκουσε,
2575 1737 2666 1789 καὶ
2718 1734 2809 1788 διὰ
2853 1734 2950 1803 τῆς
2981 1730 3196 1802 θυρίδος
3216 1728 3526 1801 παρέκυψε,
3553 1727 3649 1780 καὶ

2072 1830 2173 1883 οὐκ
2201 1830 2499 1899 ἀφίσταται
2539 1826 2768 1890 ἐκεῖθεν,
2798 1826 2902 1889 ἕως
2924 1818 2986 1878 οὗ
3019 1823 3285 1894 ναρκήσει
3312 1820 3645 1889 καθήμενος.

2086 1920 2507 1989 ’Δναγινώσκων
2529 1918 2862 1990 ἀκηδιαστὴς
2882 1918 3161 1989 χασμᾶται
3178 1913 3369 1976 πολλὰ,
3397 1912 3490 1967 καὶ
3508 1911 3649 1982 πρὸς

2074 2014 2241 2068 ὕπνον
2272 2015 2638 2084 καταφέρεται
2686 2012 2946 2084 εὐχερῶς,
2978 2010 3154 2081 τρίϐει
3204 2009 3302 2072 τὰς
3348 2007 3517 2075 ὄψεις,
3551 2004 3649 2060 καὶ

2072 2108 2327 2161 διατείνει
2358 2108 2455 2171 τὰς
2476 2109 2683 2177 χεῖρας,
2707 2107 2802 2159 καὶ
2826 2106 2919 2158 τοῦ
2952 2104 3158 2174 βιὸλίου
3188 2103 3313 2165 τοὺς
3334 2101 3648 2169 ὀφθαλμοὺς

2073 2201 2409 2269 ἀποστήσας.
2444 2199 2741 2263 ἐνατενίζει
2786 2196 2863 2267 τῷ
2905 2196 3089 2266 τοίχῳ,
3123 2194 3285 2251 πάλιν
3315 2191 3649 2262 ἐπιστρέψας

2073 2289 2285 2356 ἀνέγνω
2318 2288 2533 2358 μικρὸν,
2572 2289 2665 2341 καὶ
2686 2286 3050 2341 ἀναπτύσσων
3079 2283 3148 2338 τὰ
3173 2284 3301 2352 τέλη
3336 2283 3442 2335 τῶν
3472 2282 3648 2345 λόγων

2075 2378 2524 2450 περιεργάζεται,
2561 2377 2785 2448 ἀριθμεῖ
2812 2376 2880 2432 τὰ
2904 2376 3099 2446 φύλλα,
3136 2377 3231 2429 καί⁹
3259 2374 3356 2437 τὰς
3384 2372 3648 2443 τετράδας

2074 2471 2414 2542 ἐπιψηφίζει,
2469 2470 2628 2543 ψέγει
2673 2471 2734 2525 τὸ
2781 2471 3015 2541 γράμμα
3090 2468 3186 2521 καὶ
3217 2468 3315 2538 τὴν
3352 2466 3647 2536 κόσμησιν,

2075 2563 2303 2633 ὕστερον
2349 2563 2405 2615 δὲ
2460 2562 2665 2626 πτύξας
2703 2563 2947 2633 ὑπέθηκε
2981 2565 3047 2632 τῇ
3084 2560 3296 2631 κεφαλῇ
3325 2560 3384 2612 τὸ
3417 2558 3648 2628 βιϐλίον,

2074 2653 2168 2706 καὶ
2199 2653 2452 2707 καθεύδει
2489 2652 2654 2706 ὕπνον
2685 2654 2744 2709 οὐ
2772 2653 2914 2710 πάνυ
2946 2652 3136 2720 βαθὺν,
3164 2654 3197 2722 ἡ
3222 2652 3330 2721 γὰρ
3357 2653 3515 2703 πεῖνα
3538 2650 3664 2704 λοι⁶

2074 2741 2175 2796 πδν
2196 2742 2454 2813 διεγείρει
2484 2741 2650 2795 αὐτοῦ
2677 2743 2774 2815 τὴν
2800 2743 2998 2813 ψυχὴν,
3030 2742 3235 2806 καὶτὰς
3262 2742 3460 2810 ἑαυτῆς
3482 2757 3653 2811 φρ⁶ν’

2074 2835 2244 2899 τίσεις
2297 2838 2461 2889 ποιεῖ.
2523 2835 2884 2906 Ἀκηδιαστὴς
2954 2835 3206 2906 μοναχδς,
3265 2833 3498 2904 ὀκνηρὸς
3569 2834 3654 2892 εἰς

2076 2928 2406 2998 προσευχὴν,
2432 2929 2525 2981 καὶ
2570 2930 2633 2981 οὐ
2678 2928 2752 2998 μὴ
2782 2928 3008 2997 λαλήσει
3041 2929 3170 2982 ποτὲ
3215 2929 3437 2999 ῥήματι
3474 2944 3653 2996 προσ-

2075 3021 2242 3090 ευχῆς
2265 3036 2277 3050 ·
2297 3021 2487 3090 ὥσπερ
2524 3014 2667 3090 γαρὀ
2689 3020 2862 3073 νοσῶν
2887 3021 2947 3073 οὐ
2969 3019 3226 3090 βαστάζει
3247 3018 3463 3088 φορτίον
3482 3016 3652 3088 βαρὺ,

2072 3112 2213 3165 οὓτω
2248 3114 2342 3166 καὶ
2366 3112 2699 3182 ἀκηδιαστὴς
2723 3112 2785 3165 ού
2825 3112 2899 3182 μὴ
2930 3112 3149 3181 ποιήσει
3184 3110 3340 3181 ἔργον
3372 3107 3506 3161 Θεοῦ
3531 3111 3657 3161 ἐπι-

2076 3202 2286 3271 μελῶς·
2320 3190 2627 3273 καθῄρηται
2670 3203 2767 3271 μὲν
2801 3202 2908 3271 γὰρ
2953 3203 2981 3253 ὁ
3021 3202 3122 3271 μὲν
3162 3202 3261 3270 τὴν
3289 3201 3520 3269 δύναμιν
3552 3200 3654 3252 τοῦ

2074 3293 2349 3364 σώματος,
2390 3295 2417 3346 ὁ
2454 3294 2509 3345 δὲ
2573 3294 2702 3356 τους
2740 3295 2925 3357 τόνους
2969 3292 3248 3347 ὲκλέλυται
3299 3292 3396 3361 τῆς
3442 3292 3651 3362 ψυχῆς.

2084 3384 2337 3456 Ἀκηδίαν
2365 3384 2655 3456 θεραπεύει
2686 3386 2974 3455 καρτερία,
3008 3387 3104 3438 καὶ
3148 3387 3208 3438 τὸ
3250 3388 3426 3439 πάντα
3474 3389 3656 3439 ποιεῖν

2076 3479 2215 3552 μετὰ
2250 3478 2449 3549 πολλῆς
2500 3479 2854 3551 προσεδρείας
2924 3479 3019 3532 καὶ
3067 3478 3232 3547 φόϐου
3277 3479 3433 3532 Θεοῦ.
3474 3479 3658 3544 Τάξον

2076 3569 2275 3638 μέτρον
2304 3568 2513 3639 σεαυτῷ
2535 3570 2593 3622 ἐν
2622 3570 2784 3622 παντὶ
2807 3572 2978 3640 ἔργῳ,
3004 3572 3098 3621 καὶ
3127 3570 3202 3640 μὴ
3226 3571 3493 3641 πρότερον
3515 3571 3658 3625 duo.

2074 3662 2228 3728 στῆς,
2288 3661 2418 3730 πρὶν
2466 3660 2692 3733 τελέσῃς
2738 3662 2891 3727 αὐτὸ,
2933 3663 3027 3715 καὶ
3060 3662 3365 3734 προσεύχου
3414 3664 3654 3727 συνετῶς

2072 3751 2169 3803 καὶ
2224 3751 2479 3815 εὐτόνως,
2528 3752 2623 3804 καὶ
2686 3751 2905 3822 πνεῦμα
2953 3753 3181 3825 ἁκηδίας
3239 3751 3495 3821 φεύξεται
3543 3752 3657 3812 ἀπὸ

2072 3860 2186 3894 σου.

2657 4001 2906 4057 ΚΕΦΛΛ.
2957 4005 3055 4059 iii'.

2599 4118 2733 4185 "cpi
2784 4118 3151 4181 κενοδοξίας.

2141 4252 2431 4321 Κενοδοξία
2482 4254 2652 4319 πάθος
2709 4255 2855 4307 ἐστὶν
2901 4254 3116 4320 ἄλογον,
3150 4255 3246 4306 καὶ
3283 4251 3445 4304 παντὶ
3494 4250 3649 4319 ἔργῳ

393 4347 544 4401 omni
574 4347 790 4400 virtutis
819 4348 968 4416 operi
1015 4350 1347 4417 implicatur.
1393 4350 1556 4407 Linea
1606 4355 1659 4408 in
1693 4371 1834 4425 aqua
1887 4360 1966 4413 cf-

2075 4345 2273 4415 ἀρετῆς
2308 4344 2549 4407 εὐκόλως
2582 4343 2977 4415 συμπλέκεται.
3028 4342 3365 4412 Συγκέχυται
3412 4341 3655 4411 γραμμὴ

395 4437 641 4491 formata
678 4438 1056 4501 confunditur,
1086 4448 1140 4493 et
1167 4440 1219 4492 in
1246 4442 1426 4494 anima
1472 4459 1623 4499 vanae
1646 4447 1829 4516 gloriae
1867 4465 1966 4503 eu-

393 4528 516 4597 rida
553 4528 706 4581 labor
739 4528 975 4582 virtutis.
1013 4526 1205 4583 Manus
1234 4532 1291 4585 iit
1331 4534 1559 4589 candida
1592 4537 1645 4589 in
1677 4539 1800 4592 sinu
1839 4541 1967 4595 abs-

391 4620 637 4682 condita,
669 4630 723 4672 et
752 4622 896 4673 actio
921 4620 1190 4674 occultata
1215 4622 1332 4677 luce
1356 4624 1562 4681 clarius
1598 4628 1840 4698 eﬂulget.
1874 4633 1970 4687 Ar-

393 4709 578 4761 borem
607 4710 801 4763 hedera
846 4710 1334 4779 circumplectitur,
1380 4722 1435 4768 et
1484 4717 1705 4785 quando
1745 4734 1965 4775 sursum

392 4801 700 4869 pervenerit
736 4802 975 4855 radicem
1030 4806 1294 4869 exsiccat,
1328 4813 1381 4857 et
1428 4821 1566 4860 vana
1595 4808 1763 4878 gloria
1795 4810 1967 4866 virtu-

395 4891 541 4945 tibus
590 4891 927 4957 adnascitur,
964 4908 1169 4963 easque
1222 4910 1329 4949 non
1370 4897 1590 4961 deserit,
1619 4901 1793 4957 donec
1828 4903 1969 4958 vires

390 4981 672 5034 exciderit.
716 4980 913 5036 Botrus
975 4983 1029 5036 in
1089 4985 1316 5038 humum
1365 4995 1630 5043 attractus
1673 4989 1832 5045 facile
1864 5006 1969 5059 pu-

394 5074 556 5139 trclil,
589 5081 644 5127 et
676 5076 848 5128 virtus
876 5075 1087 5143 deperit
1127 5091 1278 5130 vanae
1318 5077 1502 5145 gloriae
1533 5079 1822 5135 inhaerens.
1857 5079 1970 5134 Μο-

394 5166 627 5229 nachus,
664 5167 756 5236 qui
791 5182 927 5220 vana
984 5167 1154 5235 gloria
1207 5170 1537 5236 percellitur,
1570 5151 1858 5240 cperarius
1886 5182 1973 5227 est

397 5259 605 5327 abstine
660 5260 928 5323 mercede,
989 5260 1226 5313 laborem
1287 5262 1473 5325 subiit,
1512 5271 1566 5315 et
1611 5264 1812 5316 nullam
1881 5279 1972 5318 ac-

393 5353 540 5418 cepit
586 5352 913 5406 mercedem.
954 5350 1225 5405 Crumena
1283 5353 1555 5421 perforata
1608 5370 1713 5409 non
1748 5371 1973 5410 conser-

396 5451 507 5503 vat,
537 5443 679 5509 quod
724 5443 1054 5506 immittitur,
1092 5453 1145 5495 et
1187 5458 1321 5496 vana
1346 5444 1516 5512 gloria
1541 5446 1798 5500 virtutum
1825 5462 1969 5500 mer-

395 5535 558 5587 cedes
582 5535 739 5606 47],
783 5535 1063 5601 disperdit.
1101 5536 1447 5590 Continentia
1476 5553 1628 5591 vanae
1651 5538 1835 5606 gloria:
1874 5555 1970 5592 cu-

399 5627 534 5694 pidi,
570 5626 751 5680 fumus
782 5637 863 5679 est
897 5627 1118 5689 camini,
1154 5627 1316 5694 inque
1365 5642 1542 5681 aerem
1605 5640 1833 5697 utraque
1858 5631 1969 5685 dis-

2074 4438 2410 4507 χαραχθεῖσα
2448 4436 2571 4489 καθ’
2606 4435 2817 4499 ὓδατος,
2848 4434 2946 4490 καὶ
2981 4436 3181 4505 ἀρετῆς
3213 4433 3372 4497 πόνος
3398 4434 3455 4483 ἐν
3497 4450 3653 4483 κενο-

2071 4528 2207 4597 δόξῳ
2235 4528 2403 4600 ψυχῇ.
2447 4529 2629 4597 Λευκὴ
2657 4527 2847 4595 γέγονε
2876 4528 2996 4599 χεὶρ
3024 4524 3407 4594 καλυπτομένη
3442 4523 3652 4592 κόλπῳ,

2073 4620 2168 4672 καὶ
2189 4620 2541 4690 κρυπτομένη
2562 4618 2759 4689 πρᾶξις
2792 4619 2969 4688 φωτὸς
2984 4618 3258 4687 ἐκλάμπερ
3276 4616 3650 4687 φαιδρότερον.

2073 4710 2281 4781 Σμίλαξ
2342 4710 2729 4782 περιπλέκεται
2772 4710 2996 4783 δένδρῳ,
3043 4711 3134 4762 καὶ
3159 4710 3286 4764 ὅταν
3327 4708 3510 4779 φθάσῃ
3541 4707 3657 4760 ἄνω

2075 4802 2320 4874 ξηραίνει
2346 4804 2442 4875 τὴν
2469 4802 2648 4874 ῥίζαν,
2680 4801 2955 4866 κενοδοξία
2980 4800 3037 4855 δὲ
3064 4804 3184 4864 ταῖς
3208 4801 3431 4870 ἀρεταῖς
3470 4815 3657 4868 παρα-

2075 4896 2290 4961 φύεται,
2333 4897 2425 4950 mi
2466 4896 2565 4947 οὐκ
2613 4898 2929 4962 ἁρίσταται,
2980 4894 3084 4957 ἓως
3110 4891 3410 4963 sumen
3430 4891 3528 4961 τὴν
3559 4888 3655 4942 δύ-

2074 5006 2258 5059 ναμιν.
2285 4989 2487 5058 Βότρυς
2509 4987 2903 5059 ἐπισυρόμενος
2935 4988 3001 5055 τῇ
3030 4988 3099 5055 γῇ
3123 4985 3357 5054 σήπεται
3383 4982 3651 5052 εὐχερῶς,

2076 5081 2169 5134 καὶ
2192 5079 2362 5151 ἀρετὴ
2391 5078 2686 5132 ἀπόλλυται
2718 5075 2994 5145 κενοδοξία
3022 5074 3436 5146 ἐπερειδομένη.
3469 5073 3654 5127 Μονα-

2076 5174 2166 5243 χὸς
2200 5171 2495 5237 κενόδοξος,
2521 5171 2760 5239 ἐργάτης
2789 5167 3023 5237 ἄμισθος
3055 5184 3068 5197 ·
3098 5166 3187 5219 τὸν
3219 5166 3379 5217 πόνον
3415 5164 3651 5232 ὑπέστη,

2075 5260 2284 5314 καὶτὸν
2321 5259 2514 5333 μισθὸν
2549 5261 2646 5312 οὐκ
2680 5259 2859 5312 έλαόε.
2895 5257 3185 5310 Βαλᾶντιον
3223 5256 3558 5328 τετρημένον
3589 5258 3653 5308 ού

2075 5353 2330 5421 φυλάττει
2356 5350 2416 5403 τὸ
2448 5349 2666 5421 βληθὲν,
2714 5348 2806 5401 καὶ
2833 5345 3108 5410 κενοδοξία
3132 5345 3395 5398 ἀπόλλυσι
3423 5344 3656 5412 μισθοὺς

2073 5445 2306 5513 ἀρετῶν.
2344 5442 2636 5507 Κενοδόξου
2662 5440 2981 5511 ἐγκράτεια,
3022 5437 3229 5500 καπνὸς
3273 5437 3524 5505 καμίνου,
3560 5435 3658 5485 καὶ

2074 5537 2154 5599 είς
2177 5535 2311 5604 ἀέρα
2349 5534 2736 5605 διαλυθήσεται
2782 5532 3091 5601 ἀμφότερα.
3124 5532 3357 5597 Ἄνεμος
3393 5525 3656 5597 ἀφανίζει

2075 5630 2220 5697 ἴχνος
2246 5628 2457 5697 ἀνδρὸς,
2482 5627 2577 5680 καὶ
2600 5624 2973 5696 ἐλεημοσύνην
3010 5622 3307 5687 κενόδοξος.
3334 5620 3497 5675 Λίθον
