3994 6182
382 202 511 268 1161

1407 189 1507 250 DE
1545 189 1732 250 ocro
1772 185 2208 250 senurmus
2247 169 2602 249 MALITl/EL

3492 188 3627 255 1109.

375 317 436 370 οῦ
470 313 661 382 φθάνει
700 311 775 371 εἰς
797 306 1047 375 οὐρανὸν,
1075 304 1168 356 κού⁵
1194 303 1472 373 προσευχὴ
1491 301 1956 371 ἀνθρωπαρέσκου

2081 300 2360 355 solventur.
2427 300 2633 354 Ventus
2701 299 2844 353 delet
2897 299 3183 368 vestigium
3221 301 3343 363 viri,
3392 311 3445 354 et
3491 317 3627 359 vana

375 407 476 459 οὐκ
514 402 848 470 ἀναϐήσεται
883 395 1020 468 πρὸς
1061 395 1214 446 Θεόν.

970 688 1221 742 ΚΕΦΔΛ.
1271 679 1388 753 ις’.

455 811 745 876 Κενοδοξία
761 805 938 878 πέτρα
955 803 1102 856 ἐστὶν
1115 799 1314 871 ὕφαλος
1335 815 1348 827 ο
1378 796 1473 850 ἐὰν
1502 792 1834 864 προσρήξῃς,
1867 789 1960 844 τὸν

390 909 587 980 φόρτον
609 902 919 960 ἀπώλεσας.
938 891 1482 966 Κρύπτειθησαυρὸν
1521 889 1660 958 ἀνὴρ
1674 889 1958 980 φρόνιμος,

389 977 484 1054 καί
517 997 720 1068 ἀρετῆς
769 993 967 1053 πόνους
1002 984 1231 1058 μοναχὺς
1264 981 1504 1044 συνετός.
1553 981 1642 1032 Ἐν
1675 977 1961 1038 πλατείαις

389 1087 793 1164 προσεύχεσθαι
823 1078 1184 1154 συμϐουλεύει
1231 1073 1594 1164 κενοδοξία,ῄὸ
1623 1072 1678 1125 δὲ
1709 1069 1962 1164 πολεμῶν

389 1158 564 1253 ταύτῃ
605 1158 974 1249 προσεύχεται
1003 1173 1083 1235 είς
1124 1171 1350 1240 ταμεῖον
1395 1163 1582 1220 αὑτοῦ.
1635 1158 1962 1234 Δημοσιεύει

393 1275 624 1332 πλοῦτον
652 1270 818 1325 αὐτοῦ
845 1268 980 1338 ἀνὴρ
998 1265 1209 1334 ἄφρων,
1243 1263 1384 1315 κινεῖ
1401 1259 1459 1311 δὲ
1489 1256 1715 1318 πολλοὺς
1741 1255 1820 1318 εἰς
1843 1255 1966 1306 ἐπι-

394 1367 588 1438 ϐουλὴν
645 1364 769 1419 καθ’
799 1359 1016 1415 ἑαυτοῦ.
1065 1357 1138 1410 Σὺ
1178 1355 1235 1409 δὲ
1285 1353 1495 1425 κρύπτε
1541 1350 1606 1402 τά
1645 1350 1714 1402 σὰ
1737 1389 1752 1411 ,
1783 1349 1840 1400 ὲν
1862 1345 1966 1414 ὀδῷ

393 1461 502 1531 γάρ
532 1458 823 1528 τυγχάνεις
848 1451 1086 1527 λῃστῶν,
1118 1449 1224 1511 ἕως
1250 1446 1403 1518 ἥξεις
1429 1446 1506 1507 είς
1538 1443 1690 1496 πόλιν
1713 1441 1961 1531 εἰρήνης,

396 1530 490 1608 καί
556 1548 814 1620 ἀσφαλῶς
863 1544 1044 1616 χρήσῃ
1085 1543 1200 1603 τοῖς
1259 1540 1390 1601 σοῖς.
1435 1534 1629 1604 Ἀρετὴ
1685 1530 1964 1594 κενοδόξου

2063 387 2234 456 gloria
2285 387 2542 455 percitus,
2576 388 2998 458 eleemosynam.
3037 387 3222 442 Jactus
3269 389 3463 458 lapidis
3511 408 3626 445 non

2060 483 2319 552 pertingit
2383 483 2603 549 ccelum,
2657 492 2710 536 et
2761 484 2935 536 oratio
2986 483 3124 552 ejus,
3163 485 3254 552 qui
3316 486 3631 541 hominibus

2059 575 2272 642 placere
2302 575 2501 640 studet,
2530 590 2636 627 non
2679 575 2932 627 ascendet
2959 575 3024 628 ad
3058 573 3249 628 Deum.

2637 685 2864 740 CAPUT
2908 685 3046 740 XVI.

2139 797 2284 852 Vana
2318 798 2490 868 gloria
2520 799 2779 866 scopulus
2818 805 2902 852 est
2931 798 3032 852 sub
3081 813 3220 868 aqua
3251 801 3453 866 latens;
3485 803 3529 858 si
3563 804 3636 856 al-

2067 889 2274 953 liseris,
2302 905 2441 944 onus
2467 890 2774 959 perdidisti.
2812 887 2910 942 V’ir
2934 892 3174 959 prudens
3207 893 3490 946 abscondit
3517 893 3636 946 the-

2064 995 2311 1044 saurum,
2343 989 2396 1034 et
2433 980 2738 1035 monachus
2771 980 3026 1049 sapiens._
3049 979 3262 1034 labores
3306 981 3542 1035 virtutis.
3577 983 3634 1033 In

2063 1069 2254 1140 plateis
2288 1083 2446 1125 orare
2473 1085 2608 1124 vana
2637 1070 2807 1140 gloria
2854 1071 3130 1136 consulit;
3165 1081 3219 1125 at
3262 1071 3355 1140 qui
3384 1087 3501 1126 eam
3536 1087 3638 1141 op-

2063 1172 2288 1234 pugnat,
2338 1169 2458 1216 orat
2509 1161 2562 1214 in
2599 1175 2700 1215 suo
2731 1161 3014 1230 penetrali.
3051 1151 3145 1214 Vir
3191 1161 3457 1230 insipiens
3507 1180 3638 1220 suas

2065 1254 2306 1324 publicat
2336 1252 2570 1314 divitias.
2601 1253 2912 1322 multosque
2981 1264 3263 1322 provocat,
3295 1264 3354 1308 ut
3378 1257 3640 1313 adversus

2067 1361 2126 1400 se
2155 1345 2330 1414 ipsum
2361 1352 2556 1413 parent
2594 1343 2843 1399 insidias.
2879 1343 2960 1398 Tu
2995 1359 3125 1399 vero
3160 1356 3250 1400 tua
3286 1349 3540 1415 occulta;
3581 1349 3637 1404 in

2069 1436 2265 1491 itinere
2298 1451 2539 1506 namque
2573 1436 2851 1490 latronum
2898 1451 2979 1502 es,
3007 1437 3181 1492 donec
3232 1438 3283 1491 in
3320 1440 3509 1496 urbem
3545 1457 3643 1510 pa-

2069 1527 2150 1582 cis
2183 1529 2518 1596 perveneris,
2567 1534 2806 1596 tuncque
2853 1529 2963 1582 tuis
3011 1529 3176 1584 rebus
3215 1544 3408 1586 secure
3445 1532 3640 1586 uteris.

399 1618 864 1712 συντετριμμένον
896 1637 1111 1703 ἱερεῖον,
1141 1631 1236 1684 καὶ
1256 1629 1316 1682 οὒ
1351 1627 1426 1698 μὴ
1462 1623 1724 1694 ἀνενεχθῇ
1754 1626 1835 1685 εἰς
1873 1621 1966 1673 θυ-

2081 1619 2259 1674 Virtus
2304 1619 2444 1688 ejus,
2473 1619 2564 1687 qui
2601 1633 2741 1672 vana
2782 1619 2992 1673 laborat
3028 1619 3216 1688 gloria,
3251 1621 3513 1675 obtritum
3561 1634 3647 1678 est

400 1735 716 1804 σιαστήριον
761 1727 917 1782 Θεοῦ.
959 1723 1188 1793 Ἀκηδία
1232 1718 1414 1772 ἐκλύει
1453 1718 1606 1771 τόνον
1636 1715 1834 1785 ψυχῆς,
1871 1730 1968 1804 κε-

399 1803 608 1889 νοδοξία
628 1823 682 1876 δὲ
709 1821 892 1890 νευροῖ
911 1817 1033 1870 νοῦν
1058 1810 1497 1869 ἁποπεπτωκότα
1512 1807 1669 1871 Θεοῦ,
1687 1807 1779 1859 τὸν
1805 1803 1967 1859 ἅσθε·

401 1916 594 1969 νοῦντα
653 1912 906 1979 ἐποίησεν
954 1906 1287 1980 ἐρρώμενον,
1356 1903 1452 1956 καὶ
1497 1902 1588 1955 τὸν
1615 1900 1848 1972 γέροντα
1873 1898 1969 1952 τοῦ

400 2007 522 2060 νέου
548 2001 934 2072 δυνατώτερον,
989 1999 1148 2068 μόνον
1176 1994 1271 2048 ἐὰν
1299 1993 1517 2064 παρῶσι
1557 1992 1838 2062 μάρτυρες
1861 1988 1972 2042 τῶν

401 2098 701 2170 γινομένων
741 2095 926 2149 πολλοί
952 2109 966 2124 ⁸
1001 2091 1176 2161 κούφη
1224 2088 1445 2158 νηστεία
1508 2087 1650 2149 τότε,
1688 2083 1974 2151 καὶάγρυ-

401 2195 554 2252 πνία,
585 2189 682 2242 καλ⁸
728 2185 1024 2258 προσευχὴ,
1063 2185 1091 2235 ὁ
1132 2182 1239 2252 γὰρ
1269 2180 1486 2242 ἔπαινος
1515 2178 1626 2231 τῶν
1655 2175 1864 2229 πολλῶν
1891 2175 1972 2226 δι-

405 2282 614 2352 εγείρει
658 2279 758 2348 τὴν
808 2273 1137 2347 προθυμίαν.
1187 2269 1282 2339 Μὴ
1318 2268 1573 2339 πωλήσῃς
1614 2265 1740 2328 τοὺς
1778 2262 1974 2324 πόνους

400 2371 578 2438 δόξαις
645 2366 1047 2437 ἀνθρωπίναις,
1110 2361 1246 2432 μηδὲ
1292 2360 1392 2430 τὴν
1463 2357 1766 2427 μέλλουσαν
1817 2353 1975 2420 δόξαν

405 2463 622 2536 προδῷς
648 2462 714 2514 δι’
742 2458 1039 2527 εὐφημίαν.
1068 2453 1204 2517 Δόξα
1251 2451 1359 2522 γὰρ
1389 2449 1706 2520 ἀνθρωπίνη
1743 2447 1825 2511 είς
1847 2445 1976 2517 χοῦν

406 2555 764 2624 κατασκηνοῖ,
829 2553 920 2605 καὶ
971 2548 1128 2610 κλέος
1181 2546 1351 2613 αὐτῆς
1403 2542 1688 2595 σϐέννυται
1731 2539 1824 2592 ἐπὶ
1847 2541 1974 2610 γῆς,

403 2647 606 2721 ἀρετῆς
636 2645 692 2697 δὲ
719 2641 844 2708 δόξα
875 2640 1024 2711 μένει
1056 2640 1134 2701 εἱς
1173 2637 1261 2689 τὸν
1289 2635 1461 2687 αἰῶνα

997 2859 1254 2916 ΚΕΦΛΛ.
1295 2857 1392 2910 IZ'.

884 2973 1025 3044 Περὶ
1075 2969 1509 3041 ὑπερηφανίας.

490 3091 874 3164 Ὑπερήφανία
896 3088 1043 3142 ἐστὶν
1069 3089 1265 3158 οἴδημα
1284 3085 1462 3155 ψυχῆς
1484 3083 1678 3152 ἰχῶρος
1700 3078 1984 3150 πεπληρω·
2009 3070 2053 3133 C

415 3189 597 3257 μένον*
637 3185 730 3238 ἐὰν
764 3181 1038 3252 πεπανθῇ.
1069 3181 1392 3250 ῥαγήσεται,
1427 3177 1520 3231 καὶ
1553 3171 1978 3246 ποιήσειάηδίαν

413 3283 636 3350 πολλήν.
672 3277 989 3348 Ἀστραπῆς
1017 3273 1310 3343 ἕκλαμψις,
1331 3268 1464 3342 ἦχον
1492 3265 1795 3340 προμηνύει
1829 3265 1981 3335 βρον-

412 3374 537 3442 τῆς,
563 3376 656 3426 καὶ
686 3369 1066 3440 ὑπερηφανίαν
1095 3363 1504 3432 εὐαγγελίζεται
1531 3359 1802 3428 παρουσία
1822 3375 1982 3410 κενο-

412 3464 613 3526 δοξίας.
647 3462 736 3523 Εἰς
766 3457 899 3527 ὕψος
933 3455 1076 3526 μέγα
1115 3452 1394 3506 ἀναϐαίνει
1433 3449 1781 3517 ὑπερηφάνου
1809 3444 1978 3515 ψυχὴ,

413 3553 668 3604 κακεῖθεν
724 3549 886 3602 αὑτὸν
934 3549 1012 3608 εἰς
1064 3543 1223 3613 βυθὸν
1267 3540 1618 3594 καταϐάλλει.
1664 3537 1978 3606 Ὑπερήφα-

412 3641 532 3695 νίαν
566 3643 712 3694 νοσεῖ
742 3642 770 3692 ὁ
806 3637 1122 3706 ἀποστήσας
1153 3634 1344 3687 ἑαυτὸν
1367 3631 1525 3698 Θεοῦ,
1563 3631 1657 3683 καὶ
1686 3629 1789 3699 ἰδίᾳ
1822 3627 1980 3680 δυνά-

417 3750 508 3804 μει
532 3717 853 3800 ἐπιγράφων
899 3727 969 3779 τὰ
1017 3724 1437 3796 κατορθώματα.
1476 3723 1686 3791 Ὥσπερ
1712 3720 1766 3772 δὲ
1798 3721 1824 3771 ὁ
1860 3719 1982 3771 ἐπι-

415 3823 514 3883 ῦὰς
542 3821 755 3890 ἀράχνῃ
799 3815 1070 3870 διαπεσὼν
1123 3813 1438 3883 κατηνέχθη
1485 3811 1656 3872 κάτω,
1707 3807 1848 3862 οὕτω
1895 3807 1984 3859 πί-

415 3931 539 3967 πτει
561 3915 588 3964 ὁ
614 3911 832 3982 θαρρῶν
861 3913 926 3980 τῇ
963 3908 1066 3978 ἰδία
1092 3907 1341 3975 δυνάμει.
1365 3907 1484 3974 Καρ
1497 3904 1589 3966 πὸς
1616 3901 1782 3964 πολὺς
1809 3912 1982 3954 κατα-

415 4003 659 4072 κάμπτὲι
693 3999 903 4063 κλῶνας
935 3999 1176 4070 δένδρου,
1213 3997 1307 4048 καὶ
1337 3995 1537 4066 ἀρετῆς
1565 3991 1766 4062 πλῆθος
1793 4005 1984 4065 ταπει-

415 4095 500 4145 νοῖ
553 4093 808 4161 φρόνημα
859 4089 1072 4160 ἀνδρός.
1140 4086 1364 4156 Καρπὺς
1415 4081 1668 4154 σεσηπὼς
1711 4081 1984 4151 ἄχρηστος

416 4181 667 4251 γεωργῷ,
698 4181 790 4233 καὶ
813 4179 983 4250 ἁρετὴ
1027 4179 1375 4248 ὑπερηφάνου
1404 4176 1464 4228 ού
1499 4173 1820 4245 χρησιμεύει
1842 4169 1982 4241 Θεῷ.

416 4275 606 4344 Χάραξ
642 4271 899 4342 βαστάζει
936 4271 1117 4323 κλῶνα
1136 4269 1509 4338 κατάκαρπον,
1535 4266 1627 4318 καὶ
1664 4264 1824 4334 φόϐος
1847 4262 1982 4316 Θεοῦ

415 4366 667 4435 ἐνάρετον
700 4364 900 4432 ψυχήν.
930 4363 1142 4430 ’Ὠσπερ
1189 4360 1352 4430 βάρος
1401 4357 1614 4426 καρποῦ
1651 4356 1983 4426 καταράσσει

417 4454 618 4518 κλῶνα,
650 4453 790 4506 οὕτω
839 4453 1186 4521 ὑπερηφανία
1234 4451 1487 4520 ἐνάρετον
1537 4446 1985 4516 καταϐάλλειψυ-

415 4546 541 4617 χήν.
582 4545 672 4614 Μὴ
694 4544 796 4613 δῷς
826 4543 1171 4612 ὑπερηφανίᾳ
1196 4542 1292 4612 σὴν
1322 4541 1518 4608 ψυχὴν,
1551 4539 1643 4590 καὶ
1668 4539 1728 4590 οὐ
1763 4537 1837 4609 μὴ
1870 4538 1984 4609 ῐδῃς

417 4639 716 4705 φαντασίας
744 4637 996 4704 φρικτάς.
1028 4635 1190 4703 Ψυχὴ
1223 4633 1330 4701 γὰρ
1370 4633 1720 4702 ὑπερηφάνου
1751 4633 1984 4699 ἐγκατα-

415 4729 744 4797 λιμπάνεται
802 4727 904 4778 ὑπὸ
959 4725 1116 4788 Θεοῦ,
1181 4725 1275 4777 καὶ
1325 4725 1536 4791 γίνεται
1569 4726 1837 4796 δαιμόνων
1865 4725 1984 4777 ἐπί-

416 4834 623 4890 χαρμα.
676 4817 908 4885 Νύκτωρ
965 4817 1294 4885 φαντάζεται
1349 4816 1552 4886 θηρίων
1603 4817 1986 4886 ἐπερχομένων

416 4909 641 4977 πλῆθος,
676 4909 767 4960 καὶ
804 4907 922 4976 μεθ’
955 4908 1532 4982 ήμέραςχταρὰσσεται
1571 4907 1675 4959 ὑπὸ
1707 4907 1985 4976 λογισμῶν

415 4999 652 5062 δειλίας’
686 4998 963 5050 καθεύδων
1007 4999 1282 5064 ἐξάλλεται
1343 4999 1596 5068 συνεχῶς,
1621 5001 1714 5050 καὶ
1751 4999 1987 5069 ἐγρηγό-

421 5109 528 5161 ρως
559 5092 936 5161 καταπτήσσει
987 5092 1148 5143 σκίαν
1178 5091 1387 5160 ὀρνέου.
1407 5091 1561 5161 Φωνὴ
1591 5091 1811 5159 φύλλου,
1835 5089 1990 5144 ἐπτό-

412 5200 548 5254 ησεν
592 5184 962 5254 ὑπερήφανον,
1007 5185 1100 5235 καὶ
1149 5181 1339 5246 ὓδατος
1370 5178 1502 5252 ἦχος
1529 5185 1863 5237 κατέκλασεν
1889 5184 1988 5237 azi-

413 5275 507 5327 τοῦ
539 5275 636 5344 τὴν
661 5275 859 5344 ψυχήν.
904 5273 961 5326 ’0
991 5275 1096 5344 γὰρ
1142 5275 1247 5346 πρὸ
1284 5275 1480 5344 μικροῦ
1506 5274 1698 5328 ἑαυτὸν
1733 5276 1986 5329 ἀντιτάσ-

415 5383 524 5419 σων
566 5365 705 5434 Θεῷ,
748 5366 840 5418 καὶ
899 5365 996 5434 τὴν
1057 5367 1267 5418 ἐκείνου
1324 5367 1576 5436 βοήθειαν
1628 5368 1981 5438 ἀρνούμενος,

416 5453 641 5525 ὕστερος
703 5457 1136 5526 ἐκδειματοῦται,
1217 5457 1322 5508 ὑπὸ
1382 5459 1784 5526 φαντασμάτων
1839 5460 1991 5512 εύτε-

417 5565 543 5601 λων.

733 5685 813 5742 ΡΑ
829 5700 1000 5744 mon.
1033 5686 1148 5745 Gn.
1181 5687 1435 5746 LXXIX.

2071 1707 2422 1772 sacrificium,
2458 1722 2634 1776 neque
2670 1708 2736 1760 ad
2764 1706 2858 1762 Dei
2889 1707 3147 1764 oﬂ'eretur
3177 1711 3367 1764 altare.
3403 1712 3642 1779 Desidia,

2075 1800 2243 1866 vires,
2270 1814 2332 1854 ac
2363 1799 2532 1854 robur
2561 1800 2757 1854 animae
2783 1801 3036 1866 exsolvit,
3056 1811 3109 1856 et
3136 1817 3274 1856 vana
3301 1804 3469 1872 gloria
3492 1821 3647 1861 men-

2071 1901 2202 1956 tem,
2261 1907 2384 1960 quae
2431 1905 2461 1944 a
2513 1889 2624 1946 Deo
2661 1892 2887 1958 excidit,
2940 1893 3238 1962 eademque
3293 1905 3642 1965 aegrotantem

2074 1983 2252 2038 reddit
2277 1998 2494 2048 sanum,
2523 1993 2578 2037 et
2612 1999 2799 2038 senem
2828 1984 3030 2053 juvene
3058 1985 3446 2054 robustiorem,
3482 1990 3646 2041 modo

2073 2076 2258 2130 adsint
2285 2075 2439 2128 multi
2472 2083 2638 2129 testes
2667 2090 2879 2141 carum,
2911 2091 3031 2145 quae
3069 2076 3225 2142 ﬁunt,
3256 2093 3468 2142 rerum;
3519 2090 3647 2132 tunc

2075 2175 2255 2221 autem
2291 2180 2490 2219 vanum
2526 2166 2631 2220 erit
2677 2167 2974 2235 jejunium,
3009 2176 3064 2221 et
3098 2167 3301 2237 vigilia,
3335 2181 3389 2224 et
3427 2171 3646 2239 oratio;

2075 2259 2196 2312 laus
2217 2257 2414 2326 quippe
2444 2258 2742 2313 multorum
2771 2269 3079 2330 promptam
3105 2261 3271 2315 animi
3303 2263 3506 2317 excitat
3532 2263 3650 2318 ala-

2075 2350 2348 2404 critatem.
2393 2347 2472 2404 Ne
2512 2349 2770 2405 humanis
2819 2351 3230 2408 celebritatibus
3257 2353 3521 2410 divendas
3569 2354 3652 2408 la-

2077 2441 2259 2507 bores,
2297 2457 2473 2511 neque
2506 2441 2747 2497 futuram
2799 2444 3001 2514 prodas
3037 2445 3288 2515 gloriam,
3320 2457 3541 2516 propter
3573 2449 3649 2501 vis

2078 2533 2184 2587 lem
2218 2533 2393 2588 laudis
2418 2536 2912 2591 acclamationem:
2949 2537 3151 2592 etenim
3201 2539 3438 2594 humana
3481 2540 3651 2609 gloria

2080 2625 2232 2680 humi
2259 2626 2513 2694 quiescit,
2549 2628 2832 2699 ipsiusque
2863 2629 2984 2684 laus
3010 2629 3062 2683 in
3098 2638 3242 2684 terra
3264 2631 3652 2702 exstinguitur,

2083 2718 2298 2773 virtutis
2329 2727 2511 2774 autem
2542 2721 2714 2790 gloria
2759 2731 2942 2776 manet
2974 2723 3027 2776 in
3061 2723 3342 2778 saeculum.

2555 2855 2719 2927 472
2758 2853 2986 2909 CAPUT
3030 2853 3194 2910 xvn.

2680 2969 2754 3023 De
2782 2970 3048 3038 superbia.

2169 3081 2433 3152 Superbia
2489 3079 2667 3138 tumor
2690 3094 2773 3140 est
2807 3085 3004 3140 anima:
3033 3083 3185 3140 sanie
3219 3085 3441 3155 plenus;
3475 3088 3518 3139 si
3553 3102 3656 3140 ma-

2084 3175 2332 3240 turuerit,
2363 3185 2632 3246 erumpet,
2682 3177 3025 3248 multumque
3095 3165 3358 3231 redolebit
3406 3180 3656 3232 l'clorem.

2082 3267 2336 3338 Fulguris
2388 3267 2646 3336 splendor
2687 3283 2884 3322 sonum
2937 3270 3269 3339 praenuntiat
3320 3271 3574 3333 tonitrus,
3607 3280 3660 3325 et

2082 3359 2367 3426 praesentia
2400 3375 2552 3412 vanae
2605 3360 2796 3428 glorize
2848 3361 3141 3415 annuntiat
3171 3361 3508 3430 superbiam.
3551 3362 3658 3416 Su-

2083 3449 2234 3517 perbi
2267 3449 2445 3502 anima
2477 3450 2544 3503 ad
2577 3465 2832 3519 magnam
2879 3451 3128 3506 ascendit
3168 3453 3538 3517 altitudinem,
3579 3453 3659 3506 in-

2083 3540 2259 3610 deque
2288 3540 2465 3608 ipsum
2494 3539 2682 3610 dejicit
2715 3541 2767 3594 in
2802 3541 3156 3610 profundum.
3204 3543 3468 3612 Superbia
3509 3544 3660 3597 labo-

2085 3639 2190 3697 rat,
2221 3629 2315 3700 qui
2345 3631 2585 3700 seipsum
2619 3647 2648 3685 a
2686 3630 2797 3685 Deo
2827 3632 3107 3698 dissociat,
3145 3634 3491 3702 propriisque
3527 3635 3658 3687 viri-

2085 3721 2188 3776 bus
2215 3721 2455 3775 facinora
2491 3734 2633 3777 recte
2659 3732 2868 3792 patrata
2904 3723 3150 3777 ascribit.
3187 3723 3658 3788 Quemadmodum

2085 3821 2290 3878 autem,
2337 3813 2428 3882 qui
2481 3828 2646 3883 super
2694 3828 2952 3868 araneam
2989 3813 3303 3880 inscendit,
3355 3813 3656 3877 decidens,

2087 3904 2261 3960 fertur
2293 3905 2575 3970 deorsum,
2622 3905 2696 3960 ita
2745 3905 3007 3970 concidit,
3039 3906 3131 3974 qui
3166 3907 3398 3976 propriae
3438 3908 3661 3962 conlidit

2085 3999 2296 4054 virtuti.
2327 3999 2594 4070 Copiosus
2619 3997 2829 4053 fruetus
2861 3998 3075 4053 arboris
3104 3998 3329 4054 inﬂectit
3358 4014 3566 4064 ramos,
3607 4007 3661 4052 ct

2086 4091 2349 4145 virtutum
2389 4089 2545 4159 capia
2581 4102 2802 4144 sensum
2839 4089 3094 4143 humiliat
3119 4090 3244 4144 viri.
3295 4089 3530 4144 Fructus
3557 4106 3660 4158 pu-

2089 4182 2263 4238 tridus
2311 4182 2525 4236 inutilis
2557 4191 2641 4236 est
2689 4182 2961 4252 agricolae,
2995 4189 3050 4238 et
3083 4181 3258 4237 virtus
3299 4183 3522 4252 superbi
3554 4181 3664 4236 Deo

2087 4289 2197 4330 non
2227 4283 2312 4328 est
2357 4284 2598 4344 accepta.
2649 4273 2836 4336 Palus.
2871 4291 2969 4330 seu
3018 4276 3663 4344 pedamentum,ramum

2092 4373 2364 4420 sustentat
2390 4375 2648 4420 onustum
2699 4365 2992 4430 fructibus,
3021 4375 3074 4420 et
3108 4367 3272 4421 timor
3299 4367 3392 4422 Dei
3422 4369 3662 4422 animam

2092 4457 2304 4512 virtute’
2352 4457 2587 4526 prmditi.
2654 4457 2830 4513 Sicuti
2892 4459 3105 4513 lruetus
3168 4457 3382 4526 pondus
3450 4473 3661 4511 ramum

2093 4548 2410 4617 disrumpit,
2447 4548 2518 4601 ita
2553 4549 2806 4617 superbia
2833 4551 3031 4603 virtute
3068 4549 3422 4616 conspicuam
3465 4549 3662 4602 deruit-

2095 4637 2160 4690 tit
2217 4638 2476 4690 animam.
2531 4635 2608 4690 Ne
2664 4638 2934 4706 superbiae
2982 4647 3133 4692 tuum
3175 4638 3340 4691 dedas
3396 4638 3661 4696 animum.

2094 4727 2220 4796 quia
2277 4729 2358 4782 sic
2402 4729 2609 4784 tetricis
2638 4731 2846 4784 carebis
2874 4730 3355 4800 imaginationibus
3387 4747 3400 4783 :
3444 4730 3662 4798 superbi

2095 4813 2295 4867 etenim
2329 4816 2511 4869 anima
2538 4816 2933 4887 derelinquitur
2969 4835 2999 4873 a
3033 4819 3165 4883 Deo,
3211 4819 3378 4889 ﬁtque
3403 4819 3668 4873 dannoni-

2096 4904 2200 4958 bus
2235 4908 2463 4961 materia
2491 4909 2695 4975 gaudii.
2726 4908 2922 4977 Nocte,
2963 4911 3261 4978 bestiarum
3293 4911 3664 4966 invadentium

2094 4997 2431 5066 imaginatur
2473 5001 2900 5061 multitudinem.
2931 5003 3128 5072 dieque
3169 5020 3199 5058 a
3247 5004 3670 5074 cogitationibus

2093 5089 2309 5145 timoris
2341 5092 2608 5148 turbatur.
2640 5091 2694 5146 Si
2719 5095 2937 5158 dormit,
2959 5097 3142 5150 exsilit
3164 5096 3403 5162 assidue,
3431 5105 3486 5152 et
3512 5097 3559 5152 si
3590 5099 3638 5150 \i
3659 5126 3672 5136 -

2096 5183 2246 5250 gilet,
2279 5184 2344 5237 ad
2374 5186 2620 5239 umbram
2657 5186 2773 5240 avis
2813 5189 3139 5256 perterrelit.
3179 5187 3317 5243 Folii
3360 5203 3547 5242 rumor
3576 5205 3684 5242 sua'

2095 5272 2323 5341 perburn
2354 5277 2643 5340 exterruit,
2678 5285 2732 5331 et
2761 5293 2916 5347 aqua:
2946 5295 3112 5334 sonus
3144 5279 3264 5348 ejus
3285 5279 3520 5348 diﬂ‘regit
3552 5282 3674 5332 ani-

2098 5380 2264 5420 mam.
2303 5367 2516 5421 Etenim
2549 5370 2640 5439 qui
2681 5372 2842 5439 paulo
2879 5379 3004 5425 ante
3049 5386 3107 5425 sc
3158 5372 3334 5440 ipsum
3369 5372 3482 5427 Deo
3506 5385 3681 5439 oppo-

2105 5459 2204 5522 nit,
2267 5459 2526 5530 illinsqne
2573 5463 2803 5533 denegat
2839 5465 3124 5528 auxilium,
3163 5474 3444 5533 postremo
3489 5479 3520 5516 a
3558 5463 3688 5514 vilis

2110 5551 2210 5606 bus
2248 5553 2478 5622 spectris
2527 5564 2884 5624 perlerrelur.

3297 5689 3456 5780 31.
