3990 6204
278 183 408 246 “63
747 292 908 364 473
937 291 1161 346 (:Aett'r
1194 291 1376 346 xvui.

345 407 608 477 Superbia
650 421 677 458 e
709 408 862 458 cmlis
895 405 1112 472 proiecit
1155 404 1564 474 archangelum,
1603 405 1854 473 fecitque,

276 513 333 556 ut
365 504 452 555 ille
482 500 633 571 quasi
685 499 864 568 fulgur
908 500 974 552 ad
1017 511 1215 552 terram
1260 499 1622 554 decideret".
1655 500 1723 552 At
1757 501 1857 552 liii-

276 591 474 641 inilitas
516 587 791 640 hominem
843 587 1051 640 extollit
1105 587 1169 641 ad
1213 588 1436 653 caelum,
1477 587 1751 657 efﬁcitque
1799 598 1858 641 ut

278 695 399 730 cum
452 677 660 747 angelis
707 677 998 747 tripudict!
1033 678 1076 731 0
1114 679 1307 743 homo,
1358 662 1498 748 quid
1522 680 1574 733 in
1627 681 1858 735 sublime

281 769 512 830 Iullcris,
546 785 669 821 cum
711 780 906 823 natura
938 770 1013 823 sis
1043 771 1214 823 lutum
1246 781 1296 824 et
1326 772 1593 839 putredo?
1648 771 1851 841 Ecquid

275 868 324 908 ct
370 873 531 925 supra
584 857 759 912 nubes
806 859 1102 911 attolleris?
1134 871 1281 912 luam
1329 860 1536 928 inspice
1578 872 1850 924 naturam,

275 951 415 1018 quod
463 951 538 1005 sis
575 951 773 1019 pulvis,
815 959 868 1004 et
898 951 1056 1013 cinis,
1101 960 1333 1021 postque
1361 968 1552 1020 parum
1591 954 1852 1023 leu'iporis

275 1046 328 1095 iu
373 1042 646 1106 pulverem
713 1042 1020 1096 resolvet-is.
1070 1042 1225 1095 Modo
1278 1042 1578 1108 fastuosus,
1628 1052 1680 1097 et
1733 1055 1853 1113 post

277 1149 466 1201 parum
499 1133 754 1202 temporis
781 1134 1006 1197 vermis;
1037 1134 1164 1201 quid
1189 1135 1450 1187 cervicem
1475 1135 1698 1200 attollis,
1732 1152 1852 1204 quae

278 1227 439 1292 paulo
473 1234 594 1292 post
619 1226 984 1280 emarcescet?
1013 1225 1205 1290 Homo,
1247 1229 1339 1298 qui
1382 1244 1410 1281 a
1443 1228 1551 1282 Deo
1585 1231 1847 1284 auxilium

274 1316 602 1383 assequitur,
653 1325 734 1369 est
779 1332 1033 1386 magnum
1071 1319 1236 1388 quid;
1285 1321 1580 1375 derelictus
1609 1332 1709 1388 est,
1749 1324 1850 1375 im-

277 1407 726 1475 becillitateinque
764 1409 984 1476 agnovit
1023 1421 1264 1474 naturze;
1300 1411 1431 1464 nihil
1481 1413 1667 1476 habes,
1704 1415 1846 1482 quod

275 1515 304 1548 ιι
337 1496 443 1550 Deo
477 1513 582 1549 non
615 1499 897 1567 accepisti,
925 1501 1056 1569 quid
1088 1500 1252 1570 igitur
1275 1504 1326 1556 in
1365 1505 1564 1568 alieno,
1593 1513 1846 1574 tanquam

277 1590 327 1641 iu
368 1599 459 1640 tuo
492 1590 796 1643 hebetatis?
832 1591 960 1659 quid
994 1594 1164 1660 gratia
1199 1592 1311 1658 Dei,
1341 1595 1501 1647 veluti
1535 1597 1749 1664 propria
1791 1612 1847 1648 re

275 1679 555 1744 gloriaris?
595 1681 840 1749 Aguosce
879 1682 1209 1751 largitorem,
1264 1700 1396 1737 neve
1441 1687 1671 1738 multum
1721 1685 1852 1740 cile-

277 1771 448 1836 raris;
484 1781 733 1825 creatura
773 1788 830 1827 es
866 1772 981 1837 Dei,
1035 1791 1100 1828 ne
1139 1775 1450 1829 Creatorem
1505 1779 1846 1845 asperneris;

275 1880 302 1915 ιι
339 1865 444 1916 Deo
477 1863 770 1928 adjuvaris,
812 1881 878 1917 ne
907 1881 1103 1918 renuas
1137 1867 1572 1933 benefactorem;
1604 1869 1666 1921 ad
1718 1871 1849 1923 sub-

276 1958 553 2010 limituteut
611 1957 840 2010 instituti
900 1959 1213 2023 ascendisti,
1259 1960 1350 2012 sed
1392 1960 1479 2014 ille
1509 1970 1558 2014 te
1589 1961 1846 2027 deduxit;

277 2058 420 2100 rei-ta
467 2047 681 2100 virtutis
729 2063 890 2116 cpera
937 2049 1186 2116 patrasti,
1235 2065 1422 2104 verum
1475 2051 1562 2104 ille
1594 2061 1850 2119 Operatus

275 2149 388 2201 est;
430 2138 600 2206 ipsum
635 2137 910 2200 conﬁtere,
953 2139 1044 2207 qui
1078 2147 1128 2193 te
1162 2139 1435 2206 exaltavit,
1465 2149 1522 2192 ut
1563 2141 1750 2196 iii-mus
1795 2142 1848 2194 in

276 2228 555 2281 altitudine
607 2245 957 2298 permaneas;
1010 2245 1245 2300 agnosce
1292 2231 1676 2297 contribulem,
1721 2235 1846 2301 quia

277 2320 518 2388 ejusdem
553 2328 633 2374 est
663 2330 890 2387 uatum,
926 2336 992 2377 ne
1022 2338 1117 2392 per
1144 2322 1463 2391 iactantiam
1504 2339 1724 2378 recuses
1751 2341 1847 2378 eo-

278 2411 605 2478 gnalionem.

853 2526 1078 2582 CAPUT
1122 2528 1262 2582 XIX.

349 2636 578 2692 Humilis
625 2647 707 2691 cst
758 2639 866 2703 ille,
915 2650 1076 2710 atque
1122 2641 1334 2695 modice
1390 2651 1750 2712 temperatus;
1793 2652 1848 2696 at

279 2728 415 2780 idem
454 2729 698 2781 conditor
728 2739 1025 2799 utrumque
1052 2732 1278 2785 creavit.
1310 2731 1387 2786 Ne
1414 2733 1674 2787 humilem
1714 2750 1847 2787 cou-

279 2829 509 2879 temnas,
542 2827 592 2870 te
619 2833 854 2887 namque
889 2823 1133 2872 securior
1166 2832 1248 2874 est
1279 2840 1290 2874 :
1325 2822 1526 2875 incedit
1559 2823 1646 2876 ille
1681 2837 1879 2891 super,

281 2907 527 2968 humum,
558 2915 610 2958 et
649 2923 753 2959 non
780 2909 924 2962 cadit
950 2910 1220 2976 celeriter;
1263 2912 1353 2978 qui
1387 2920 1568 2965 autem
1596 2913 1845 2966 excelsus

1803 183 1860 240 S.
1888 184 2050 244 NILI

3402 187 3533 251 1164

2551 300 2799 351 ΚΕΦΑΛ.
2833 299 2936 352 lll'.

2041 406 2416 478 ’Υπερηφανία
2451 407 2544 459 ἀπ’
2573 407 2802 477 ούρανοῦ
2843 409 3136 460 κατέΰαλεν
3163 410 3494 480 ἀρχάγγελον
3518 452 3533 473 ,

1958 497 2146 559 καὶὼς
2171 499 2454 567 ἀστραπὴν
2498 489 2717 568 ἐποίησε
2753 501 2937 550 πεσεῖν
2981 501 3072 551 ἐπὶ
3113 501 3233 570 γῆς.
3275 503 3538 556 Ταπεινο-

1957 587 2196 659 φροσύνη
2216 588 2294 653 δὲ,
2325 588 2608 658 ἄνθρωπον
2634 588 2823 654 ἀνάγει
2855 590 2934 650 εἰς
2969 591 3201 658 οὐρανὸν
3221 631 3235 654 ,
3270 593 3365 643 καὶ
3399 594 3539 659 μετά

1955 677 2201 745 ἀγγέλων
2239 677 2487 748 χορεύειν
2528 670 2955 746 παρασκευάζει.
2987 681 3052 731 Τί
3089 681 3412 752 μετεωρίζῃ,
3445 683 3539 735 ἆν-

1956 769 2139 838 θρωπε
2168 813 2183 832 ,
2217 770 2384 840 πηλὸς
2426 772 2520 837 ὣν,
2557 774 2649 825 καὶ
2683 772 2889 842 σαπρία
2931 775 2996 841 τῇ
3034 771 3214 839 φύσει,
3259 776 3352 825 καὶ
3400 775 3540 844 ὑπὲρ

1953 862 2050 923 τὰς
2092 863 2320 930 νεφέλας
2365 865 2604 934 ἐπαίρῖἶῖ
2659 863 2954 932 ὲπιείκέεῖνοιι
2988 881 3081 916 σου
3112 865 3210 934 τήν
3249 864 3410 934 φύσιν
3455 867 3539 919 ὅτι

1955 951 2022 1021 γῆ
2048 947 2117 1014 εἷ,
2156 954 2248 1004 καὶ
2281 953 2494 1015 σποδὸς,
2529 954 2623 1005 καὶ
2645 955 2762 1022 μετ’
2789 953 2967 1021 ὀλίγον
2991 956 3071 1016 είς
3113 955 3258 1007 κόνιν
3291 956 3498 1029 ἀναλύῃ
3520 995 3538 1022 ,

1953 1044 2077 1112 ἄρτι
2107 1044 2353 1112 σοϐαρὸς.
2388 1045 2479 1097 καὶ
2507 1044 2622 1114 μετ’
2647 1044 2827 1110 ὀλίγον
2852 1044 3085 1115 σκώληξ.
3124 1046 3187 1098 Τί
3221 1046 3310 1098 τὸν
3334 1047 3538 1117 αὐχένα

1953 1133 2201 1202 ἐπαίρεις
2227 1136 2317 1186 τὸν
2349 1138 2468 1202 μετ’
2490 1135 2670 1202 ὀλίγον
2701 1137 3038 1206 σηπόμενον;
3067 1137 3226 1205 Μέγα
3253 1138 3538 1209 ἄνθρωπος

1953 1223 2312 1293 βοηθούμενος
2344 1228 2493 1296 παρὰ
2522 1227 2679 1280 Θεοῦ·
2711 1228 3128 1298 ἐγκατελείφθη,
3160 1230 3254 1282 καὶ
3293 1230 3352 1282 τὸ
3376 1231 3538 1283 ἀσθε-

1951 1316 2037 1376 νές
2076 1307 2286 1383 ἐπέγνω
2339 1317 2442 1386 τῆς
2495 1318 2728 1387 φύσεως.
2783 1319 2948 1372 οὐδὲν
2979 1321 3152 1388 ἔχεις,
3198 1321 3226 1372 ὃ
3268 1320 3342 1390 μὴ
3387 1323 3538 1392 παρά

1949 1406 2083 1458 Θεοῦ
2115 1407 2326 1470 ἔλαϐες·
2359 1410 2410 1462 τί
2440 1406 2530 1462 οὖν
2567 1409 2642 1479 τῷ
2687 1411 2952 1482 ἀλλοτρίῳ
2979 1411 3286 1482 ἐναμῦλύνῃ
3319 1411 3395 1474 ὡς
3419 1413 3531 1482 ad);

1947 1499 1999 1550 τί
2026 1502 2089 1568 τῇ
2116 1501 2300 1569 χάριτι
2320 1499 2414 1551 τοῦ
2445 1499 2580 1552 Θεοῦ
2604 1503 2678 1564 ὡς
2700 1502 2814 1571 ἰδίῳ
2844 1503 3084 1572 κτήματι
3115 1502 3532 1574 ἐγκα>.λωπίζῃ;

1969 1591 2260 1656 Ἐπίγνωθι
2289 1593 2378 1643 τὸν
2408 1593 2696 1656 δεδωκότα,
2732 1594 2823 1646 καὶ
2855 1594 2929 1664 μὴ
2963 1595 3193 1664 ἐπαίρου
3220 1593 3376 1646 πολύ·
3417 1596 3533 1646 κτί-

1962 1695 2074 1747 σμα
2105 1679 2240 1732 Θεοῦ
2280 1678 2330 1732 εἷ
2352 1721 2375 1754 ,ι
2417 1681 2490 1750 μὴ
2517 1682 2698 1734 ἀθέτει
2729 1683 2819 1734 τὸν
2851 1683 3149 1736 κτίσαντα·
3183 1684 3351 1755 βοηθῇ
3386 1686 3534 1754 παρὰ

1957 1772 2111 1833 Θεοῦ,
2149 1771 2222 1842 μὴ
2252 1773 2416 1842 ἀρνοῦ
2445 1773 2534 1826 τὸν
2571 1775 2886 1845 εὐεργέτην.
2930 1777 3023 1840 Εἰς
3051 1776 3182 1845 ῦψος
3217 1777 3418 1846 ἀνέὄης
3447 1793 3536 1827 πο-

1955 1864 2180 1927 λιτείας,
2201 1864 2316 1916 ἀλλ’
2349 1868 2554 1930 ἐκεῖνος
2578 1868 2826 1938 ὡδήγησε
2855 1885 2868 1900 ο
2916 1869 3288 1940 κατώρθωσας
3313 1870 3531 1940 ἀρετὴν,

1957 1956 2072 2008 ἀλλ’
2111 1959 2318 2020 ἐκεῖνος
2381 1960 2708 2029 ἐνήργησεν.
2757 1960 3038 2029 Ὀμολὸγει
3076 1959 3168 2012 τὸν
3208 1959 3530 2028 ὑψώσαντα,

1957 2049 2043 2102 ἵνα
2085 2051 2275 2122 μείνῃς
2305 2052 2363 2103 ἐν
2389 2051 2465 2121 τῷ
2493 2052 2618 2120 ὕψει
2651 2051 2888 2122 βέϐαιος·
2922 2053 3185 2120 ἐπίγνωτι
3209 2053 3300 2105 τὸν
3327 2053 3528 2122 ὁμόφυο

1955 2141 2067 2204 λον,
2099 2143 2180 2194 ὅτι
2213 2143 2311 2212 τῆς
2341 2143 2512 2212 αὐτῆς
2555 2146 2701 2197 ἐστιν
2749 2145 2958 2208 οὐσίας.
3003 2145 3094 2214 Μὴ
3121 2145 3189 2197 δι’
3219 2144 3533 2208 ἀλαζονείας

1956 2233 2124 2303 ἀρνοῦ
2159 2234 2256 2304 τὴν
2280 2236 2622 2304 συγγένειαν.

2553 2525 2804 2577 ΚΕΦΛΛ.
2835 2523 2935 2578 IB'.

2024 2634 2289 2697 Ταπεινὸς
2336 2635 2562 2698 ἐκεῖνος,
2615 2635 2709 2688 καὶ
2752 2635 3103 2705 σύμμετρος·
3147 2636 3260 2688 ἀλλ’
3299 2637 3326 2688 ὀ
3373 2637 3534 2701 αὐτὸς

1950 2724 2278 2795 δημιουργὸς
2301 2723 2498 2776 ἔπλασε
2533 2725 2655 2786 τοὺς
2685 2725 3044 2795 ἀμφοτέρους.
3073 2725 3163 2796 Μὴ
3191 2730 3529 2798 καταφρονή-

1954 2832 2049 2884 “Tt;
2066 2813 2346 2867 ταπεινοῦ’
2373 2813 2572 2882 ἕστηκε
2605 2812 2713 2880 γάρ
2743 2829 2836 2864 σου
2859 2812 3283 2883 ἀσφαλέστερος
3315 2815 3406 2865 ἐπὶ
3431 2814 3534 2883 γῆς

1955 2902 2178 2971 βαδίζει,
2236 2902 2328 2954 καὶ
2362 2901 2422 2953 οὐ
2474 2902 2658 2952 πίπτει
2715 2900 2927 2968 ταχέως
2953 2917 2967 2931 ο
3007 2903 3034 2953 6
3089 2901 3144 2952 δὲ
3180 2901 3399 2970 ὑψηλὸς,
3437 2903 3534 2953 ὲάν

276 3009 376 3060 est,
419 3002 464 3051 si
511 2998 787 3062 ceciderit,
842 3009 1174 3054 conteretur.
1232 3001 1508 3070 Superbus
1549 3004 1850 3056 monachus

1954 2993 2114 3063 πέσῃ,
2150 2993 2584 3064 συντριὸήσεται.
2614 2991 2997 3061 Ὑπερήφανος
3031 2993 3262 3062 μοναχδς
3314 2993 3532 3063 δένδρον

274 3086 438 3158 474
464 3088 626 3142 arbor
669 3099 752 3142 est
793 3090 998 3158 absque
1033 3090 1233 3153 radice,
1289 3105 1389 3144 nec
1429 3092 1573 3144 venti
1611 3093 1850 3160 perferet

278 3179 559 3248 ill‘lpcllllll.
599 3179 744 3234 Mens
777 3181 984 3250 absque
1031 3189 1262 3246 tumore,
1307 3183 1499 3237 civitas
1531 3193 1614 3237 est
1655 3185 1848 3238 mmui-

276 3270 378 3321 bus
429 3269 626 3335 cincta,
676 3278 730 3324 et
776 3270 869 3339 qui
926 3286 1045 3324 eam
1101 3272 1310 3336 incolit,
1353 3273 1680 3326 inviolabilis
1719 3274 1846 3327 erit.

275 3360 418 3412 Aura
457 3361 600 3413 venti
642 3361 841 3416 siccam
887 3363 1097 3416 extollit
1143 3364 1432 3424 festucam,
1463 3373 1514 3418 et
1553 3365 1846 3434 superbum

276 3448 514 3503 insultus
540 3449 694 3504 elfert
723 3453 1026 3506 dementiae.
1067 3452 1219 3507 Bulla
1263 3453 1432 3507 fracta
1460 3463 1766 3516 evanescet,
1796 3464 1850 3508 et

277 3541 536 3593 memoria
569 3543 789 3610 superbi
835 3545 1050 3613 peribit.
1088 3543 1323 3600 Humilis
1356 3562 1536 3600 sermo
1583 3547 1648 3600 ad
1680 3548 1848 3600 emol-

276 3629 506 3683 liendam
535 3641 618 3684 est
642 3633 902 3699 animam,
945 3643 1002 3688 at
1046 3637 1265 3704 superbi
1324 3636 1548 3690 verbum
1587 3646 1669 3691 est
1695 3651 1849 3691 arro-

274 3722 453 3788 gantia
498 3721 776 3778 refertum.
836 3723 1024 3780 Oratio
1093 3727 1194 3780 viri
1248 3727 1470 3781 humilis
1538 3726 1707 3782 Deum
1766 3729 1850 3781 iii-

275 3814 455 3872 tlectit.
513 3814 680 3869 Deum
731 3832 860 3871 vero
901 3829 1189 3888 exasperat
1238 3819 1458 3888 superbi
1503 3820 1848 3889 supplicatio.

273 3905 487 3958 Corona
525 3905 721 3961 domus
754 3916 836 3962 est
887 3909 1188 3976 humilitas,
1239 3918 1458 3979 tuteque
1491 3911 1727 3966 custodit
1769 3912 1849 3964 in—

275 4007 601 4050 troeuntem.
646 3997 782 4051 Cum
833 4000 898 4053 ad
951 4001 1158 4069 apicem
1201 4001 1464 4056 virtutum
1514 4002 1846 4068 ascenderis,

279 4097 407 4140 tunc
447 4090 616 4140 multa
655 4104 792 4158 opus
833 4099 918 4145 est
950 4092 1047 4146 tibi
1080 4093 1276 4158 tutela;
1324 4109 1473 4158 nam,
1513 4093 1606 4162 qui
1646 4093 1792 4146 cadit
1821 4107 1851 4146 e

278 4178 590 4244 pavimento
624 4180 778 4232 ocius
812 4181 1006 4251 surgit,
1039 4184 1130 4252 qui
1155 4193 1353 4255 .autcm
1407 4187 1473 4238 ab
1512 4185 1621 4239 alto
1661 4186 1848 4240 conci-

277 4269 375 4327 dit,
431 4267 496 4318 ad
550 4278 779 4321 mortem
831 4273 1184 4339 periclitatur.
1243 4274 1499 4344 Lapidem
1550 4277 1846 4345 pretiosum
1881 4311 1924 4365 Β

280 4356 478 4409 numiri
511 4371 646 4412 auro
672 4359 843 4426 decet,
878 4371 930 4416 et
955 4365 1057 4418 viri
1085 4365 1365 4422 humilitas
1396 4368 1582 4424 multis
1604 4368 1846 4438 resplen-

277 4447 364 4499 det
390 4447 704 4502 virtutibus.

349 4625 392 4656 "
435 4622 536 4680 l~a.
577 4642 687 4691 xw,
721 4628 808 4682 1‘3.

1948 3084 2194 3155 ἄρριζον,
2224 3085 2318 3136 καὶ
2341 3085 2400 3135 ού
2435 3085 2509 3152 μὴ
2540 3083 2741 3154 ἐνέγκῃ
2778 3083 3082 3154 προσϐολὴν
3113 3085 3335 3154 ἀνέμου.
3372 3085 3532 3149 Πόλις

1947 3175 2349 3242 τετειχισμένη,
2385 3173 2588 3241 ἄτυφον
2619 3174 2876 3244 φρόνημα
2897 3215 2910 3238 ,
2948 3175 3042 3226 καὶ
3069 3176 3095 3226 ὁ
3135 3175 3360 3227 ἐνοικῶν
3391 3175 3529 3245 αύτῇ

1948 3263 2145 3325 ἄσυλος
2171 3265 2342 3316 ἔσται.
2377 3263 2708 3334 Μετεωρίζει
2752 3265 2963 3334 κάρφος
2998 3259 3142 3333 αὖρα
3170 3267 3400 3333 ἀνέμου,
3436 3270 3533 3318 καὶ

1950 3349 2298 3424 ὑπερήφανον
2337 3355 2551 3424 ἐπαίρει
2604 3354 2860 3417 ἀπονοίας
2903 3354 3178 3425 προσϐολή
3206 3371 3219 3384 ·
3251 3356 3534 3425 πομφόλυξ

1951 3447 2182 3515 ραγεῖσα
2237 3445 2709 3515 ἀφανισθήσεται,
2758 3445 2853 3498 καὶ
2911 3447 3099 3514 μνήμη
3179 3445 3532 3516 ὑπερηφάνου

1949 3535 2188 3589 ὄλλυται.
2225 3537 2398 3604 Λόγος
2437 3536 2694 3590 ταπεινοῦ
2749 3537 3012 3606 μάλαγμα
3061 3537 3238 3606 ψυχῆς
3265 3580 3278 3602 ,
3307 3539 3407 3590 6δέ
3438 3539 3533 3590 τοῦ

1950 3631 2300 3702 ὑπερηφάνου
2363 3629 2678 3693 ἀλαζονείας
2705 3628 3082 3699 πεπλήρωται,
3112 3629 3399 3700 Προσευχὴ
3437 3647 3534 3681 τα-

1951 3720 2136 3774 πεινοῦ
2202 3719 2543 3788 ἐπικάμπτει
2599 3719 2750 3780 Θεὸν,
2809 3718 3103 3788 παροξύνει
3143 3718 3201 3770 δέ
3249 3718 3340 3772 τὸν
3399 3719 3534 3770 Θεὸν

1949 3817 2131 3888 δέησις
2153 3814 2523 3884 ὑπερηφάνου.
2551 3813 2820 3882 Στέφανος
2842 3811 3089 3880 δώματος
3113 3813 3260 3864 ἐστιν
3285 3813 3317 3880 ή
3344 3827 3534 3863 ταπει-

1951 3905 2254 3978 νοφροσύνη
2284 3906 2377 3958 καὶ
2419 3904 2506 3959 τὸν
2535 3903 2830 3957 ἀνελθόντα
2859 3905 3016 3973 τηρεῖ
3046 3901 3326 3971 ἀσφαλῶς.
3363 3902 3534 3954 Ὅταν

1951 3998 2181 4070 ἀνέλθῃς
2215 4000 2296 4060 εἰς
2334 3997 2394 4050 τὸ
2431 3997 2541 4049 τῶν
2586 3995 2796 4066 ἀρετῶν
2849 3995 3001 4064 ὕψος,
3059 3994 3182 4046 τότε
3230 3993 3398 4062 πολλή
3449 4009 3532 4045 σοι

1952 4090 2111 4159 χρεία
2156 4089 2258 4158 τῆς
2301 4086 2621 4156 ἀσφαλείας.
2669 4087 2726 4138 Ὀ
2773 4086 2883 4156 γὰρ
2905 4084 3102 4140 1¹ιτεσὼν
3148 4083 3244 4137 ἀπ’
3276 4083 3528 4152 ἐδάφους,

1949 4181 2159 4251 ταχέως
2187 4175 2480 4249 ἐγείρεται,
2507 4180 2535 4232 6
2561 4179 2619 4231 δὲ
2652 4176 2832 4231 πεσὼν
2863 4179 2954 4246 ἀφ’
2987 4174 3219 4246 ὑψηλοῦ,
3252 4177 3328 4238 είς
3359 4174 3526 4227 θάνα-

1951 4290 2042 4326 τον
2089 4271 2404 4326 κινδυνεύει.
2453 4271 2614 4332 Λίθος
2664 4270 2846 4339 τίμιος
2891 4268 3167 4338 ἐμπρέπει
3231 4263 3530 4333 σιαλώματι

1954 4365 2202 4438 χρυσίου,
2233 4357 2324 4418 κάι
2347 4363 2566 4428 πολλαῖς
2587 4364 2806 4436 ἀρεταῖς
2827 4360 3176 4432 φαιδρύνεται
3206 4357 3529 4417 ταπείνωσις

1956 4453 2170 4524 ἀνδρός.
2773 4471 2776 4474 ‘
