3994 6182
423 180 563 244 1165

455 323 2988 357 W

1787 183 1884 240 DE
1917 183 2317 242 ORATIONE.

3543 180 3678 249 1166

3179 329 3324 344 ﬁ

3005 331 3668 364 Ἢ

912 485 1212 600 ΤΟΥ
1247 486 1744 602 ΑΥΤΟΥ
1835 489 2195 602 ΠΕΡΙ
2253 490 3176 608 ΠΡΟΣΕΥΧΗΣ

1875 709 2238 796 ΛΟΓΟΣ

1407 878 1515 939 ΕΙΣ
1543 876 1687 938 ΡΝΓ⁸
1717 879 2072 940 ΚΕΦΑΛΑΙΑ
2125 879 2680 940 ΔΙΕΙΛΗΜΜΕΝΟΣ.

1162 1135 1800 1254 EJUSDEM
1885 1144 2066 1254 DE
2171 1136 2896 1256 ORATIONE

1713 1381 2243 1476 TRACTAT
2261 1385 2395 1478 US

1189 1571 1260 1631 In
1301 1576 1552 1634 centum
1594 1539 2046 1661 quinquaginta
2084 1583 2195 1643 tria
2252 1584 2522 1663 capitula
2563 1583 2911 1648 distinctus.

1006 1738 1408 1796 ΠΡΟΟΙΜΙΟΝ.

479 1840 817 1918 Πυρὲττοντά
848 1866 912 1918 με
933 1850 1010 1920 τῷ
1037 1851 1262 1923 φλογμῷ
1286 1854 1396 1906 τῶν
1419 1855 1744 1926 ἀκαθάρτων
1774 1855 1982 1919 παθῶν,

410 1941 652 2011 συνήθως
678 1943 978 2012 άνεκτήσω,
1005 1946 1069 2013 τῇ
1093 1944 1200 1996 τῶν
1224 1944 1486 2014 θεοφιλῶν
1522 1965 1614 1999 σου
1641 1948 1984 2017 γραμμάτων

406 2034 608 2103 ἐπαφῇ,
630 2033 720 2086 τὸν
754 2035 1032 2102 κάμνοντά
1068 2053 1166 2105 μου
1208 2036 1334 2088 νοῦν
1366 2039 1423 2088 ὲν
1452 2041 1564 2100 τοῖς
1598 2039 1846 2107 ἐσχάτοις
1881 2055 1984 2090 πα-

407 2125 884 2194 ραμυθησάμενος,
939 2127 1034 2178 καὶ
1073 2128 1163 2178 τὸν
1209 2128 1383 2197 μέγαν
1427 2129 1810 2198 μιμησάμενος
1848 2129 1982 2181 καθ-

401 2215 634 2284 ηγητὴν,
658 2217 751 2267 καὶ
782 2216 1098 2270 διδάσκαλον
1122 2219 1405 2288 μακαρίως
1425 2236 1438 2247 ’
1463 2220 1554 2270 καὶ
1571 2220 1630 2271 ού
1648 2219 1977 2288 θαυμαστόν·

401 2304 468 2372 σὴ
515 2304 624 2376 γὰρ
666 2307 751 2358 ἀεὶ
794 2309 950 2378 μερὶς
999 2309 1190 2376 γέγονε
1229 2309 1298 2361 τὰ
1333 2310 1598 2380 ἐπίσημα,
1641 2311 1716 2373 ὡς
1758 2311 1851 2362 καὶ
1886 2308 1978 2363 τοῦ

399 2397 766 2466 εύλογημένου
809 2399 1022 2451 Ἰακώϐο
1050 2401 1230 2463 καλῶς
1251 2401 1358 2471 γὰρ
1391 2400 1685 2464 δουλεύσας
1716 2402 1814 2471 τῆς
1853 2401 1978 2455 Ῥα-

399 2485 501 2556 χὴλ
530 2488 710 2556 χάριν,
738 2491 832 2541 καὶ
861 2489 1039 2542 λαϐὼν
1066 2491 1161 2561 τὴν
1204 2493 1388 2555 Λείαν,
1419 2491 1600 2562 ζητεῖς
1629 2494 1722 2546 καὶ
1753 2493 1850 2561 τὴν
1883 2510 1979 2546 πο-

399 2575 689 2648 θουμένην,
716 2580 790 2642 ὡς
816 2583 908 2632 καὶ
930 2580 1128 2651 ταύτης
1151 2581 1322 2651 δήπου
1352 2583 1644 2652 πληρώσας
1669 2584 1733 2636 τὰ
1749 2585 1972 2655 ἓὸδομα.

411 2668 552 2736 Ἐγὼ
575 2670 629 2722 δὲ
657 2671 756 2724 ούκ
773 2672 1089 2743 ἀρνηθείην,
1120 2675 1194 2736 ὡς
1218 2675 1346 2745 ὅλην
1370 2675 1465 2745 τὴν
1488 2675 1656 2729 νύκτα
1685 2679 1972 2741 κοπιάσας,

401 2762 648 2814 πεπίακα
680 2763 852 2825 οὐδὲν,
897 2764 1034 2834 πλὴν
1064 2765 1180 2818 ἀλλ’
1224 2768 1316 2820 ἐπὶ
1344 2767 1420 2836 τῷ
1457 2767 1533 2836 σῷ
1563 2767 1706 2838 λόγῳ
1733 2769 1974 2837 χαλάσας

395 2841 458 2902 τδ
486 2850 722 2916 δίκτυον,
759 2851 1000 2922 ἧγρευσα
1046 2854 1243 2923 ἰχθύων
1283 2856 1513 2925 πληθὺν,
1545 2859 1642 2910 οὐκ
1689 2854 1839 2928 οἶμαι
1874 2857 1972 2928 μὲν

399 2943 670 3010 μεγάλων,
723 2944 918 2997 ὲκατδν
957 2946 1014 2997 δὲ
1057 2947 1206 3015 ὅμως
1251 2949 1344 3000 καὶ
1391 2950 1730 3020 πεντήκοντα
1778 2950 1967 3022 τριῶν,

2013 1755 2057 1808 Α

2577 1746 2739 1819 475
2765 1747 3153 1804 PRAEFATIO.

2159 1851 2577 1909 Febricitantem
2611 1869 2696 1910 me
2719 1857 3034 1926 passionum
3061 1860 3394 1927 impurarum
3417 1863 3551 1916 testu
3576 1877 3660 1917 res

2090 1941 2344 1999 focillasti
2385 1961 2482 2015 pro
2513 1963 2683 2012 more,
2713 1958 2930 2002 tuarum
2967 1952 3075 2004 Deo
3106 1951 3420 2005 amabilium
3453 1945 3658 2008 littera-

2087 2049 2206 2087 rum
2257 2039 2633 2092 attrectatione
2677 2056 2851 2094 meam
2911 2042 3248 2095 consolando
3303 2052 3540 2097 mentem
3589 2047 3655 2098 atl

2086 2137 2385 2181 extremum
2429 2130 2726 2198 fatigatam,
2761 2141 3125 2202 magnumque
3164 2131 3428 2186 imitando
3457 2149 3658 2203 praeces

2083 2230 2313 2288 ptorem,
2360 2237 2423 2275 ac
2466 2224 2782 2293 magistrum
2835 2227 3021 2291 beate;
3064 2241 3241 2296 neque
3284 2228 3504 2292 mirum,
3553 2238 3656 2282 tute

2084 2321 2277 2374 nempe
2305 2318 2486 2374 partes
2523 2309 2671 2364 l‘ucre
2703 2327 2916 2379 semper
2951 2313 3189 2383 insignia
3231 2331 3480 2385 quasque,
3513 2318 3653 2371 sicut

2081 2409 2134 2452 et
2176 2399 2440 2456 benedicti
2483 2400 2712 2456 Jacob“
2747 2423 2758 2458 ι
2788 2418 2912 2458 cum
2942 2405 3085 2458 cnim
3121 2407 3375 2474 praeclare
3401 2409 3655 2463 servieris

2081 2500 2302 2566 propter
2349 2490 2570 2559 Rachel,
2623 2503 2675 2549 et
2722 2496 2872 2550 Liam
2921 2500 3217 2568 acceperis,
3254 2503 3454 2570 qumris
3485 2504 3648 2558 etiam
3701 2549 3715 2562 .

2079 2581 2462 2649 desideratam,
2502 2595 2688 2655 utpote
2731 2589 2821 2656 qui
2872 2599 2924 2644 ct
2971 2592 3200 2660 hujusce
3244 2603 3446 2662 septem
3477 2611 3652 2651 annos

2078 2673 2407 2744 adimplesti.
2455 2677 2566 2747 Ego
2597 2694 2724 2734 vero
2771 2697 2876 2734 non
2919 2682 3262 2753 denegarem,
3301 2687 3472 2756 quod,
3526 2705 3649 2742 cum

2076 2780 2172 2833 per
2199 2774 2367 2820 totam
2413 2779 2626 2824 noctem
2676 2771 3029 2838 laborassem,
3064 2769 3198 2828 nihil
3228 2780 3648 2846 comprehendi;

2076 2868 2469 2920 verumtamen,
2523 2875 2646 2914 cum
2712 2861 2765 2914 in
2829 2873 2922 2917 tuo
2973 2865 3138 2919 verbo
3183 2877 3293 2921 rete
3352 2869 3647 2935 laxassem,

2073 2949 2413 3016 exspiscatus
2447 2967 2567 3005 smn
2614 2953 2844 3022 piscium
2888 2956 3312 3026 multitudinem,
3356 2977 3462 3015 non
3497 2966 3651 3032 equi-

394 3033 491 3085 καὶ
519 3033 741 3098 τούτους
763 3036 1059 3089 ἀπέστειλα
1095 3039 1162 3097 ἐν,
1183 3041 1246 3108 τῇ
1275 3039 1491 3109 σπυρίδι
1515 3041 1612 3107 τῆς
1639 3041 1857 3112 ἀγάπης
1881 3041 1966 3094 διὰ

2072 3039 2193 3094 dem
2235 3041 2318 3110 (ut
2346 3044 2620 3112 existimo)
2661 3063 3002 3117 magnorum,
3043 3063 3260 3106 centum
3322 3071 3449 3110 vero
3482 3057 3648 3113 simul

392 3124 500 3176 τῶν
526 3125 823 3195 ἰσαρίθμων
847 3127 1172 3195 κεφαλαίων,
1198 3128 1295 3199 τὴν
1324 3130 1616 3196 πρόσταξίν
1641 3149 1732 3184 σου
1766 3133 1973 3205 πεπλη-

397 3212 586 3283 ρωκὼς
604 3228 620 3243 ⁶
646 3214 910 3283 θαυμάζω
945 3217 1001 3269 δέ
1032 3235 1090 3270 σε
1112 3260 1125 3282 ,
1165 3220 1257 3270 καὶ
1303 3219 1422 3272 λίαν
1449 3219 1591 3292 ζηλῶ
1613 3221 1711 3291 τῆς
1746 3223 1974 3294 ἀρίστης

393 3304 702 3373 προθέσεως
741 3308 848 3359 τῶν
883 3309 1012 3378 περὶ
1051 3310 1360 3380 προσευχῆς
1389 3311 1600 3382 ἐρῶντα
1637 3315 1968 3382 κεφαλαίων.

393 3395 469 3447 Ού
495 3397 604 3466 γὰρ
639 3398 823 3461 ἁπλῶς
857 3400 1061 3452 τούτων
1096 3404 1228 3472 ἐρᾷς
1265 3403 1371 3454 τῶν
1398 3404 1502 3456 ὑπὸ
1535 3406 1751 3474 χειρῶν,
1785 3407 1878 3459 καὶ
1914 3408 1971 3459 ἐν

390 3487 567 3559 χάρτῃ
589 3489 678 3542 διὰ
710 3489 938 3559 μέλανος
961 3491 1022 3544 τὸ
1062 3489 1196 3544 εἶναι
1226 3494 1476 3563 ἐχόντων,
1515 3495 1650 3548 ἀλλά
1678 3499 1782 3549 τῶν
1810 3499 1868 3548 ἐν
1896 3498 1971 3567 νῷ

392 3581 692 3650 ἱδρυμένων
751 3582 816 3634 δι’
888 3583 1144 3650 ἀγάπης,
1193 3585 1288 3634 καί
1337 3586 1762 3654 ἀμνησικακίας.
1827 3588 1969 3640 Ἀλλ’

390 3671 514 3722 ἐπεὶ
542 3671 716 3723 πάντα
763 3670 942 3733 δισσὰ,
976 3671 1034 3723 ἓν
1061 3672 1181 3724 κατ’
1213 3672 1392 3726 ἔναντι
1415 3675 1509 3727 τοῦ
1537 3676 1677 3738 ἑνὸς,
1715 3677 1856 3731 κατὰ
1878 3679 1968 3732 τὸν

391 3761 554 3830 σοφὸν
608 3761 815 3831 Ἰησοῦν
843 3801 858 3823 ,
905 3763 1060 3832 δέχου
1114 3765 1250 3835 πρὸς
1293 3765 1369 3836 τῷ
1415 3767 1705 3836 γράμματι
1759 3771 1853 3824 καὶ
1891 3771 1968 3841 τῷ

389 3853 681 3923 πνεύματι·
710 3855 801 3906 καὶ
826 3853 1004 3918 σύνες,
1026 3855 1100 3918 ὼς
1123 3857 1339 3919 πάντως
1368 3857 1460 3910 τοῦ
1491 3861 1818 3929 γράμματος
1845 3863 1967 3927 νοῦς

388 3945 714 4010 προηγεῖται
741 3959 752 3971 ⁸
793 3945 893 3996 οῦκ
932 3945 1083 4007 ὄντος
1132 3946 1242 4013 γάρ
1285 3947 1511 4013 τούτου,
1555 3951 1675 4003 οῦδὲ
1731 3953 1964 4024 γράμμα.

386 4029 560 4081 ἔσται.
595 4031 803 4083 Οὐκοῦν
831 4035 926 4085 καὶ
955 4035 1266 4103 προσευχῆς
1291 4030 1465 4098 διττὸς
1491 4038 1518 4088 6
1553 4039 1771 4108 τρόπος,
1808 4043 1835 4094 6
1861 4044 1962 4108 μέν

385 4126 470 4181 τις
507 4121 832 4189 πρακτικὸς,
864 4123 890 4174 6
913 4123 968 4175 δὲ
1001 4123 1356 4193 θεωρητικὸς,
1402 4125 1544 4180 οὕτω
1577 4131 1670 4181 καὶ
1701 4129 1960 4201 ἀριθμοῦ,

391 4212 451 4265 τὸ
479 4211 576 4280 μὲν
611 4213 896 4283 πρόχειρός
929 4217 1044 4266 ἐστι
1086 4217 1320 4280 ποσότης
1341 4261 1354 4282 ,
1388 4216 1450 4270 ’τὸ
1481 4221 1536 4272 δὲ
1565 4226 1962 4293 σημαινόμενον

385 4300 605 4371 ποιότης
635 4317 648 4330 ·
693 4305 770 4365 εἰς
805 4304 997 4356 ἑκατὸν
1026 4301 1119 4357 οὖν
1156 4309 1490 4378 πεντήκοντα
1511 4312 1678 4381 τριῶν
1702 4313 1793 4366 τὸν
1832 4315 1961 4384 περὶ

385 4394 693 4463 προσευχῆς
733 4395 889 4462 λόγον
939 4396 1295 4466 διειληφότες,
1343 4401 1697 4470 εύαγγελικὸν
1732 4405 1960 4474 (Id/dimov

385 4498 470 4534 σοι·
493 4486 887 4555 πεπόμφαμεν,
918 4487 1002 4540 ἵνα
1034 4487 1198 4560 εὕρῃς
1225 4491 1551 4560 συμϐολικοῦ
1573 4495 1808 4566 ἀριθμοῦ
1836 4515 1959 4569 τερ-

380 4571 622 4642 πνότητα
654 4577 746 4627 καὶ
789 4576 972 4647 σχῆμα
1012 4581 1274 4647 τρίγωνον
1301 4621 1314 4643 ,
1354 4584 1447 4635 καὶ
1485 4584 1774 4652 ἑξάγωνον,
1821 4587 1956 4658 ὁμοῦ

384 4662 482 4730 μὲν
507 4664 704 4734 εὐσεϐῆ
739 4667 937 4733 γνῶσιν
971 4670 1222 4739 Τριάδος,
1263 4675 1399 4742 ὁμοῦ
1435 4675 1490 4726 δὲ
1522 4679 1616 4728 καὶ
1655 4680 1814 4749 τῆσδε
1855 4681 1958 4750 τῆς

377 4753 790 4827 διακοσμήσεως
841 4760 939 4830 τὴν
987 4765 1331 4833 περιγραφὴν
1373 4767 1689 4834 ύποφαῖνον.
1750 4772 1886 4823 ’.ἄλ-λ’
1927 4773 1956 4822 ὁ

379 4846 574 4898 ἑκατὸν
600 4849 832 4920 ἀριθμὸς
864 4854 986 4906 καθ’
1019 4857 1208 4909 ἑαυτὸν
1244 4862 1583 4929 τετράγωνός
1616 4864 1794 4928 ἐστιν,
1833 4868 1860 4917 6
1897 4865 1954 4917 δὲ

379 4941 714 5007 πεντήκοντα
743 4943 885 5011 τρὶς,
914 4946 1198 5015 τρίγωνος,
1233 4949 1328 5000 καὶ
1352 4953 1658 5020 σφαιρικὸς·
1691 4957 1719 5006 6
1745 4957 1851 5026 γὰρ
1874 4959 1954 5008 εἰ·

375 5031 563 5094 κοστὸς
594 5032 776 5100 ὄγδοος
812 5037 910 5104 μὲν
939 5039 1218 5107 τρίγωνος.
1252 5043 1548 5112 Σφαιρικὸς
1575 5046 1630 5098 δὲ
1653 5049 1680 5098 6
1711 5051 1953 5114 εἰκοστὸς

375 5122 648 5188 πέμπτος
713 5129 972 5192 πεντάκις
1028 5132 1136 5202 γὰρ
1187 5134 1346 5186 πέντε
1403 5139 1690 5206 κεφάλαια.
1744 5143 1954 5196 Οὐκοῦν

373 5207 514 5281 ἔχεις
554 5214 612 5266 τὸ
640 5219 975 5285 τετράγωνον
1008 5223 1210 5290 σχῆμα,
1244 5226 1304 5276 ού
1335 5226 1493 5295 μόνον
1518 5229 1603 5282 διὰ
1627 5232 1727 5300 τῆς
1755 5251 1950 5305 τετρα-

372 5304 532 5366 κτύος
558 5306 664 5360 τῶν
694 5309 902 5377 ἀρετῶν
927 5354 938 5373 ,
973 5313 1110 5366 ἀλλὰ
1149 5318 1243 5369 καὶ
1288 5319 1438 5371 τοῦδε
1487 5323 1580 5374 τοῦ
1619 5325 1812 5389 αἰῶνος
1847 5329 1944 5397 τὴν

370 5391 593 5464 ενσοφον
621 5401 818 5465 γνῶσιν
852 5403 928 5473 τῷ
951 5407 1177 5477 εἰκοστῷ
1212 5411 1448 5482 πέμπτῳ
1477 5415 1737 5482 ἐοικυῖαν,
1772 5420 1858 5473 διὲ
1884 5422 1944 5474 τὸ

439 5552 484 5582 ⁸³
516 5553 649 5609 Gen.
687 5574 831 5622 xxix,
861 5560 949 5617 27.
1029 5565 1071 5596 ⁶⁹
1109 5565 1274 5621 Eccli.
1312 5584 1439 5636 xui,
1470 5572 1556 5626 225.

2075 3141 2127 3186 et
2153 3134 2542 3207 quinquaginta
2573 3138 2757 3202 trium,
2783 3141 3008 3211 illosque
3035 3159 3129 3212 per
3151 3147 3380 3215 capitula
3415 3166 3646 3205 numero

2073 3227 2299 3294 aequalia
2337 3228 2390 3280 in
2433 3230 2596 3284 corbe
2639 3231 2733 3284 tibi
2779 3233 2898 3287 misi
2928 3235 3230 3300 charitatis,
3275 3248 3425 3294 tuum
3469 3244 3647 3296 adim~

2073 3315 2269 3382 piendo
2324 3321 2675 3384 mandatum;
2738 3332 2789 3377 te
2842 3340 2968 3379 vero
3020 3327 3280 3394 admiror,
3333 3331 3648 3405 felicemque

2073 3407 2276 3475 optimo
2307 3412 2582 3478 proposito
2607 3415 2860 3478 arbitror,
2893 3419 3036 3484 quod
3069 3422 3305 3488 capitula
3334 3423 3401 3478 de
3433 3427 3644 3478 oratio-

2071 3512 2140 3550 ne
2169 3502 2484 3568 percupias;
2521 3519 2618 3556 nec
2641 3505 2785 3557 enim
2816 3508 3132 3575 simpliciter
3157 3523 3343 3566 eorum
3373 3516 3636 3571 detineris

2071 3603 2276 3655 amore,
2312 3608 2432 3660 qua:
2473 3595 2722 3650 manibus
2763 3600 3206 3666 conscribuntur,
3258 3604 3420 3674 inque
3454 3608 3643 3662 charta

2071 3695 2164 3748 per
2203 3692 2566 3739 atramentum
2600 3687 2940 3756 subsistunt;
2987 3706 3197 3756 verum,
3221 3708 3409 3748 eorum
3440 3712 3559 3763 quae
3589 3700 3642 3752 iu

2070 3784 2251 3830 mente
2284 3791 2378 3845 per
2411 3779 2753 3847 charitatem,
2805 3783 3240 3856 injuriarumque
3288 3788 3640 3855 oblivionem,

2068 3866 2432 3924 stabiliuntur.
2469 3869 2574 3925 Sed
2609 3875 2867 3942 quoniam
2911 3877 3142 3945 duplicia
3174 3887 3303 3933 sunt
3343 3882 3546 3948 omnia,
3589 3893 3643 3937 et

2067 3969 2233 4008 unum
2264 3971 2294 4009 ο
2323 3958 2540 4026 regione
2581 3961 2807 4016 alterius
2833 3963 2999 4036 476
3037 3967 3292 4034 positum,
3338 3971 3638 4025 secundum

2066 4047 2363 4114 sapientem
2395 4048 2578 4105 Jcsum
2607 4054 2672 4117 ⁸⁸,
2715 4057 2902 4124 accipe
2947 4057 3096 4127 juxta
3149 4060 3402 4126 litteram,
3437 4071 3490 4117 et
3527 4065 3640 4132 Spi-

2063 4138 2253 4202 ritum,
2281 4149 2334 4193 et
2368 4131 2624 4212 inlcllige,
2666 4146 2807 4214 quod
2833 4163 2994 4206 mens
3027 4138 3250 4204 omnino
3280 4138 3470 4208 littera:
3504 4159 3638 4222 prui-

2063 4229 2224 4292 cedit,
2254 4247 2377 4284 nam
2407 4233 2451 4287 si
2485 4233 2585 4288 ista
2618 4251 2723 4289 non
2764 4230 2924 4302 adsit,
2961 4256 3059 4295 nec
3089 4243 3192 4296 erit
3219 4243 3394 4298 littera
3433 4264 3446 4298 :
3478 4245 3640 4317 igitur

2061 4323 2322 4377 orationis
2363 4341 2576 4394 quoque
2617 4327 2816 4397 duplex
2865 4339 2949 4385 est
2983 4333 3198 4399 modus,
3248 4351 3390 4391 unus
3435 4341 3635 4407 practi-

1987 4429 2032 4490 ο
2063 4427 2182 4478 cus,
2216 4430 2309 4468 seu
2347 4416 2398 4469 in
2432 4418 2640 4486 agendo
2666 4421 2910 4490 positus;
2945 4425 3080 4478 alter
3114 4427 3515 4494 speculativus,
3552 4438 3635 4482 ta-

2062 4506 2246 4575 lesque
2273 4509 2474 4578 pariter
2513 4513 2726 4567 numeri
2755 4523 2882 4569 sunt
2915 4526 3116 4583 partes,
3155 4533 3261 4570 una
3305 4520 3522 4586 quidem
3553 4527 3637 4574 est

2058 4601 2336 4667 quantitas
2380 4613 2651 4672 prompta,-
2699 4607 2864 4658 altera
2905 4621 3054 4671 vero,
3101 4623 3222 4676 qua:
3273 4609 3631 4678 signiﬁcatur,

2056 4700 2139 4743 est
2168 4692 2422 4758 qualitas.
2457 4693 2510 4746 In
2549 4703 2765 4748 centum
2797 4697 2960 4766 igitur
2979 4698 3371 4768 quinquaginta
3411 4700 3510 4754 tria
3540 4715 3634 4755 cad

2058 4781 2224 4851 pilula
2259 4792 2544 4837 tractatum
2580 4788 2644 4840 de
2669 4789 2916 4842 oratione
2957 4791 3370 4860 distinguentes,
3402 4802 3633 4862 e‘vangc-
3717 4810 3724 4870 ξ

2057 4873 2218 4926 licmn
2257 4874 2349 4928 tibi
2373 4876 2658 4930 obsonium
2685 4879 2958 4945 misimus,
2998 4890 3058 4936 ut
3084 4883 3354 4953 allegorici
3388 4883 3632 4937 invenias
3718 4873 3723 4885 ’

2055 4965 2266 5018 numeri
2305 4966 2724 5033 jucunditatem,
2761 4969 3097 5040 figuramque
3139 4975 3550 5044 triangularem,
3580 4987 3632 5028 et

2056 5061 2492 5127 sexangularcm,
2541 5061 3070 5126 submonstrantem,
3109 5074 3220 5119 tum
3265 5067 3408 5135 piam
3450 5065 3630 5121 Trini-

2057 5150 2182 5203 tatis
2211 5151 2595 5220 cognitionem,
2633 5163 2744 5207 tum
2783 5155 2946 5210 etiam
2977 5157 3205 5226 hujusce
3243 5159 3627 5222 ordinationis,

2054 5255 2118 5294 ac
2167 5240 2565 5297 distributionis
2618 5245 3061 5316 descriptionem;
3111 5248 3175 5303 Et
3213 5268 3471 5306 numerus
3503 5253 3631 5322 qui-

2051 5317 2170 5385 dem
2203 5337 2549 5390 centenarius
2575 5340 2874 5394 secundum
2908 5343 3148 5410 scipsum
3178 5344 3632 5415 quadrangularia

2051 5434 2153 5492 est,
2186 5425 2278 5481 scd
2341 5431 2845 5499 quinquagenarius
2888 5435 3102 5498 tertius,
3148 5436 3496 5506 triangularis
3522 5449 3630 5494 est.
