3994 6182
430 149 564 216 HC?

2031 148 2191 209 NJLI

3492 183 3602 248 1168

427 280 480 324 et.
513 267 806 329 rotundus;
848 281 969 318 nam
1023 262 1308 317 vicesimus
1353 271 1599 322 octavus.
1647 260 1988 331 triangularis

2103 267 2385 335 σφαιρικὴν
2419 269 2524 322 τῶν
2557 271 2806 341 χρόνων..
2829 275 3094 347 Ἐὂδομᾶς
3125 282 3224 352 γὰρ
3249 287 3328 338 ἐπὶ
3357 290 3604 364 ἑῢδομάόα,

428 363 644 430 quidem
701 367 813 420 est,
869 356 1132 410 rotundus
1195 370 1318 406 vero
1387 354 1680 408 vicesimus
1747 355 1992 422 quintus,

429 453 718 521 quinquies
753 462 943 516 nempe
984 447 1226 516 quinque
1258 447 1499 498 continet
1527 445 1784 513 capitula,
1830 444 1995 497 habes

393 607 396 610 ,
432 547 594 614 igitur
621 543 842 609 ﬁguram
871 537 1380 608 quadraugularcm,
1413 551 1516 590 non
1550 537 1724 590 solum
1761 551 1857 605 per
1885 537 1995 588 vir-

432 645 602 686 tutum
633 631 1070 701 quaternioncm,
1105 629 1196 682 sed
1232 636 1285 680 et
1310 628 1470 696 hujus
1504 628 1685 682 surculi
1713 627 1994 681 scientiam

433 725 752 793 sapientem,
807 721 1065 776 vicesimo
1105 719 1294 787 quinto
1345 719 1697 772 assimilataut
1749 732 1994 780 numero,

430 826 647 886 propter
681 828 946 868 annorum
982 811 1396 874 revolutionem,
1439 809 1766 878 hebdomada
1800 809 1998 877 quippe

429 922 591 975 super
621 905 1035 969 hebdomadam,
1081 914 1133 956 et
1176 902 1374 956 mensis
1409 916 1570 968 super
1602 914 1843 953 mensem
1885 913 1996 951 mo-

434 1010 610 1070 vetur,
654 1009 708 1052 ct
746 1015 808 1052 es
872 1010 1016 1050 anno
1067 995 1118 1047 in
1166 1009 1368 1047 annum
1415 993 1648 1046 volvitur
1688 1002 1897 1059 tempus
1944 1000 1996 1044 et

429 1100 763 1144 momentum
815 1103 977 1156 super
1016 1096 1372 1150 momentum,
1403 1094 1462 1137 ut
1507 1083 1559 1136 in
1601 1083 1732 1136 solis
1762 1091 1816 1137 et
1855 1084 1995 1136 luna:

430 1189 602 1244 tuuttt,
636 1179 796 1242 veris,
839 1192 900 1229 ac
947 1175 1171 1237 aestatis,
1205 1175 1467 1228 videmus.
1503 1172 1854 1242 Triangulum
1897 1188 1993 1226 au-

429 1284 529 1323 tem
565 1271 656 1322 tibi
697 1268 829 1321 forte
865 1266 1188 1332 signiﬁcabit
1211 1266 1492 1319 scientiam
1521 1275 1718 1319 sanctae
1752 1263 1991 1318 Trinita-

427 1364 495 1416 tis
525 1382 537 1413 -.
572 1363 704 1414 alias
738 1376 864 1414 vero
911 1360 956 1414 si
1008 1375 1103 1428 per
1139 1372 1490 1412 numerorum
1537 1356 1990 1424 multiplicitatem

425 1454 774 1507 centesimum
830 1451 970 1505 feras
1021 1450 1525 1520 quinquagesimum
1587 1451 1833 1515 tertium,
1897 1449 1988 1518 qui

425 1545 777 1613 triangularis
821 1551 924 1604 cst,
973 1542 1274 1609 intelligere
1300 1539 1460 1611 477
1488 1541 1741 1594 convenit
1785 1541 1987 1608 practi-

427 1650 545 1687 ιιιηι
579 1633 808 1701 (scilicet
857 1629 1165 1698 scientiam)
1196 1628 1496 1681 naturalem
1530 1639 1580 1681 et
1613 1628 1988 1697 theologicam,

422 1735 514 1778 aut
551 1723 710 1776 etiam
750 1722 893 1786 ﬁdei,
943 1721 1054 1790 spei
1093 1728 1144 1773 ct
1188 1719 1504 1786 charitatis;
1537 1735 1754 1784 aurum,
1801 1734 1992 1790 argen-

423 1828 558 1880 tum,
603 1815 806 1884 lapidcs
857 1814 1144 1882 pretiosos.
1195 1810 1392 1866 Verum
1439 1812 1556 1866 haec
1611 1818 1674 1866 de
1721 1828 1987 1868 numero:

421 1909 783 1978 capitulorum
852 1914 1032 1958 autern
1084 1906 1411 1968 tenuitatem
1471 1919 1578 1957 non
1638 1913 1987 1971 contemnes,

420 2001 566 2052 velut
600 2000 708 2064 ille,
740 1998 832 2068 qui
883 1997 994 2051 scis
1032 2005 1084 2050 et
1130 1995 1387 2058 saturari,
1433 2004 1485 2048 et
1515 1995 1755 2065 indigere
1777 1996 1843 2062 7°,
1881 1996 1992 2050 imo

2100 357 2192 409 καὶ
2217 358 2324 426 μὴν
2355 360 2446 412 ἐπὶ
2480 363 2624 431 μῆνα
2648 369 2894 431 κινεῖται,
2918 371 3008 421 καὶ
3032 371 3088 434 ἐξ
3117 373 3342 429 ἐνιαυτοῦ
3364 382 3431 442 είς
3458 357 3608 438 ὲνιαυξ
3674 403 3688 419 “

2096 449 2187 500 τὸν
2217 449 2243 501 ὀ
2280 452 2469 520 χρόνος
2509 455 2832 510 κυλινδεῖται
2865 463 2959 512 καὶ
2999 463 3185 533 καιρὸς
3221 467 3307 519 ἐπὶ
3328 472 3526 539 καιρον,
3551 477 3612 539 di;

2100 541 2190 592 ἐπὶ
2216 544 2478 612 κινήσεως
2502 546 2674 615 ἡλίου,
2700 553 2794 602 καὶ
2817 551 3065 621 σελήνης,
3092 553 3260 621 ἔαρος,
3289 561 3375 612 καὶ
3396 563 3492 614 τῶν
3509 566 3619 634 ἑξῆς

2100 632 2332 701 ὁρῶμεν.
2383 635 2455 688 Τὸ
2481 637 2538 690 δὲ
2575 639 2861 708 τρίγωνον,
2911 644 3160 713 σημαίνει
3205 648 3266 700 ἄν
3307 666 3380 700 σοι
3421 653 3506 719 τὴν
3535 632 3619 723 τῆς

2100 722 2259 790 ἁγίας
2288 725 2514 795 Τριάδος
2547 729 2987 797 γνῶσιν.“’Λλλως
3009 751 3021 762 ·
3052 736 3172 789 εἰδὲ
3197 738 3279 791 διά
3299 741 3390 812 τῆς
3418 722 3625 815 πληθύος

2099 811 2207 905 τῶν
2235 814 2486 884 ἀριθμῶν
2515 818 2718 892 κομίζῃ
2745 821 2836 874 τὸν
2867 825 3159 879 ἑκατοστὸν
3195 832 3368 898 τρίτον
3394 811 3624 905 τρίγωνον

2097 902 2245 966 ὄντα,
2263 908 2400 958 νοεῖν
2421 911 2684 980 προσήκει
2705 916 3030 984 πρακτικὴν,
3054 921 3306 990 φυσικὴν,
3327 921 3626 995 θεολογικὴν,

2097 993 2128 1064 ἦ
2163 995 2256 1047 καὶ
2284 996 2538 1064 πίστεως,
2563 1001 2794 1065 ἐλπίδος,
2832 1006 2927 1057 καὶ
2968 1007 3204 1076 ἀγάπης,
3239 1013 3448 1080 χρυσὸν,
3478 1015 3627 1085 ἄργυ-

2097 1101 2223 1153 ρον,
2250 1085 2432 1150 λίθους
2469 1091 2700 1157 τιμίους.
2750 1093 2888 1146 Ἀλλ’
2920 1097 2948 1148 ὁ
2995 1098 3091 1164 μὲν
3138 1100 3359 1170 ἀριθμὸς
3399 1105 3626 1170 τοιοῦτος,

2094 1171 2205 1226 τῶν
2231 1173 2286 1226 δὲ
2318 1177 2631 1244 κεφαλαίων
2664 1182 2725 1234 τὸ
2752 1185 3004 1238 ταπεινὸν
3025 1189 3086 1240 οὐ
3121 1191 3538 1263 περιυϐρίσειας,
3567 1197 3630 1259 ὡς

2095 1264 2252 1328 εἰδὼς
2288 1270 2379 1320 καὶ
2411 1271 2794 1339 χορτάζεσθαι,
2823 1279 2915 1328 καὶ
2937 1278 3298 1348 ὑστερεῖσθαι,
3323 1285 3406 1336 ναὶ
3431 1285 3526 1356 μὴν
3555 1291 3633 1340 καὶ

2093 1357 2169 1419 ὡς
2225 1363 2570 1431 μεμνημένος
2622 1365 2712 1418 τοῦ
2763 1368 2830 1419 τά
2874 1369 2968 1422 δύο
3023 1373 3126 1442 τῆς
3167 1376 3336 1444 χήρας
3379 1376 3536 1429 λεπτά
3571 1380 3633 1447 μὴ

2093 1450 2547 1522 ἀποϐεϐληκότος,
2577 1455 2711 1511 ἀλλᾶ
2743 1462 2835 1512 καὶ
2875 1462 3016 1534 ὑπὲρ
3051 1465 3282 1520 πλοῦτον
3319 1469 3512 1521 πολλῶν
3540 1472 3636 1522 ἐτέ-

2094 1560 2204 1612 ρων
2262 1545 2664 1617 ἀποδεξαμένου
2699 1565 2712 1579 ·
2758 1552 2952 1607 οὐκοῦν
3007 1557 3253 1623 εὐνοίας,
3294 1562 3384 1613 καὶ
3446 1562 3636 1629 ἀγάπης

2100 1637 2313 1704 καρπὸν
2362 1638 2517 1700 εἰδὼς
2550 1680 2564 1704 ,
2628 1642 2883 1710 φυλάξεις
2947 1650 3056 1711 σοῖς
3129 1651 3366 1721 γνησίοις
3423 1653 3636 1719 ἀδελφοῖς

2101 1729 2413 1799 ἐπιτρέπων
2467 1733 2861 1802 προσεύχεσθαι
2909 1738 3049 1809 ὑπὲρ
3100 1741 3198 1793 τοῦ
3249 1743 3636 1812 ἀρῤωστοῦντος,

2098 1821 2244 1884 ὅπως
2269 1823 2505 1895 ὑγιαίνῃ,
2527 1826 2621 1878 καὶ
2642 1827 2834 1881 ἑαυτοῦ
2859 1830 2953 1883 τὸν
2979 1833 3292 1902 κράὸὃατον
3311 1835 3465 1906 ἄρας,
3481 1836 3639 1888 λοιπὸν

2100 1913 2338 1983 πατήσῃ,
2371 1913 2555 1984 χάριτι
2589 1912 2825 1984 Χριστοῦ
2854 1918 2950 1972 τοῦ
2985 1921 3249 1992 ἀληθινοῦ
3275 1923 3404 1978 Θεοῦ
3439 1917 3642 1994 fitniin

2099 2005 2132 2070 ἡ
2167 2001 2293 2067 δόξα
2323 2004 2402 2067 εἰς
2434 2007 2558 2068 τοὺς
2590 2009 2790 2072 αἰῶνας
2822 2011 2930 2064 τῶν
2947 2013 3186 2069 αἰώνων.
3228 2018 3416 2088 Ἀμήν.

426 2090 516 2157 qui
545 2091 666 2160 ejus
707 2105 916 2143 memor
943 2104 1019 2152 es,
1052 2087 1145 2156 qui
1210 2087 1385 2140 vidua:
1450 2089 1556 2140 duo
1599 2088 1806 2142 minttta
1874 2108 1982 2147 non
2051 2095 2274 2165 reapuit,
2315 2097 2407 2151 sed
2447 2113 2508 2151 ea
2541 2115 2650 2168 pra:
2679 2102 2970 2158 multorum
3014 2107 3253 2162 aliorum
3295 2087 3486 2164 divitiis
3517 2123 3645 2162 rece-

426 2185 543 2255 pit;
577 2199 699 2238 cum
727 2182 890 2254 igitur
918 2181 1299 2236 benevolentite
1325 2188 1471 2236 recte
1529 2183 1747 2237 noveris
1812 2184 2074 2254 fructum,
2113 2189 2385 2244 custodics
2432 2190 2538 2245 tuis
2587 2195 2859 2261 germanis
2901 2194 3172 2255 fratribus
3218 2200 3545 2270 imponendo,
3590 2204 3640 2254 ul

419 2288 577 2335 urcnt
605 2293 702 2349 pro
736 2276 972 2338 inﬁrmo,
1003 2283 1056 2326 et
1082 2281 1404 2342 :egrotante,
1435 2273 1500 2328 ad
1536 2273 1639 2328 hoc
1669 2283 1728 2330 ut
1755 2284 1996 2337 sanetur.
2037 2293 2307 2348 suumque
2374 2279 2658 2349 grabatum
2728 2284 2943 2348 tollens,
2992 2296 3046 2342 et
3081 2289 3344 2360 deinceps
3369 2291 3645 2346 obambulet

419 2369 589 2438 gratia
630 2364 832 2420 Christi
869 2366 977 2417 veni
1033 2362 1124 2415 Dei
1168 2362 1360 2427 nostri,
1386 2364 1471 2416 cui
1498 2363 1667 2434 gloria
1698 2365 1754 2420 in
1798 2366 1994 2421 saecula
2034 2369 2382 2424 saaculorum.
2414 2371 2606 2424 Amen.

945 2476 1111 2549 (.73
1151 2473 1378 2530 CAPUT
1420 2476 1496 2529 ι.-

491 2592 547 2644 Si
583 2591 706 2659 quis
765 2589 1087 2644 sttaveulens
1145 2587 1360 2644 cﬁicere
1417 2589 1783 2644 suﬁimentum
1825 2592 1988 2656 velit,

420 2686 546 2739 thus
575 2683 926 2755 pellucidum,
957 2691 1011 2736 et
1039 2683 1295 2746 cassiam,
1334 2691 1388 2737 et
1421 2683 1699 2753 ungulam,
1744 2699 1839 2739 seu
1879 2684 1990 2738 fru-

2704 2487 2930 2541 ΚΕΦΑΛ
2942 2529 2953 2541 .
2992 2491 3072 2544 Α’.

2168 2594 2236 2646 Et
2260 2612 2342 2658 τις
2369 2594 2610 2665 βούλοιτο
2633 2599 2831 2663 εὐῶδες
2855 2601 3118 2673 θυμίαμα
3137 2607 3425 2671 σκευάσαι,
3448 2607 3532 2660 τὸν
3551 2605 3646 2660 διας

2099 2687 2238 2757 φανῆ
2269 2687 2486 2742 λίϐανον
2507 2728 2521 2754 ,
2563 2690 2660 2743 καὶ
2699 2693 2798 2762 τὴν
2833 2695 3066 2749 κασσίαν
3106 2699 3203 2750 καὶ
3237 2699 3328 2751 τδν
3353 2699 3540 2768 ὄνυχα,
3571 2697 3652 2750 καὶ

420 2779 578 2830 licem
624 2777 703 2831 sic
751 2777 978 2840 dictum,
1019 2777 1392 2844 liquoremque
1434 2775 1605 2841 illum,
1636 2776 1726 2846 qui
1774 2791 1804 2830 e
1845 2792 1984 2845 myr-

2100 2778 2190 2847 τὴν
2212 2779 2448 2848 στάκτῃν
2479 2781 2658 2846 ἐξίσου
2694 2784 2949 2855 συνθήσει
2975 2788 3128 2841 κατά
3163 2789 3256 2842 τὸν
3283 2791 3462 2859 νόμον.
3489 2788 3653 2842 Ταῦτα

419 2870 538 2931 tha,
593 2878 644 2920 et
685 2867 1030 2921 cinnamomo
1078 2867 1250 2920 inciso
1308 2865 1618 2929 distillant“,
1647 2881 1801 2936 teque
1831 2882 1989 2920 eozn-

419 2961 645 3015 tuisceat
678 2961 913 3030 pondere
943 2960 1240 3014 secundum
1277 2961 1468 3028 legem.
1501 2959 1625 3014 Ilzec
1654 2969 1832 3013 autem
1865 2969 1992 3014 sunt

417 3053 678 3106 virtutum
709 3054 1032 3122 quaternio;
1073 3069 1195 3106 nam
1243 3054 1288 3106 si
1319 3068 1395 3108 ea?
1423 3053 1752 3124 plenissimae
1782 3054 1908 3120 sint,
1938 3062 1990 3106 et

417 3149 676 3218 aequales,
709 3162 813 3200 non
850 3147 1109 3216 prodetur
1136 3146 1461 3200 intellectus.

1035 3259 1262 3315 CAPUT
1302 3258 1366 3314 ll.

487 3377 681 3438 Anima
712 3383 1006 3456 c‘xpurgata
1032 3389 1125 3444 per
1159 3375 1421 3429 virtutum
1461 3375 1871 3443 plenitudinem,
1905 3375 1988 3427 iu-

417 3470 661 3524 tellectns
693 3469 874 3523 sedem
912 3467 1079 3522 efﬁcit
1105 3467 1509 3533 inconcussam,
1544 3467 1833 3537 ipsumque
1864 3469 1986 3523 red-

416 3561 495 3612 dit
538 3559 770 3614 habilem
823 3559 889 3612 ad
957 3558 1367 3628 suscipiendum
1440 3567 1638 3614 statum
1705 3559 1796 3628 qui
1846 3574 1988 3627 qua:-

417 3663 570 3707 l'lllll'.

1029 3763 1257 3820 CAPUT
1294 3765 1375 3819 ΙΙΙ.

487 3880 672 3934 Oratio
733 3889 819 3934 est
894 3879 1224 3949 colloquium
1281 3880 1588 3934 intellectus
1652 3896 1776 3934 cum
1834 3881 1982 3948 Deo;

416 3970 558 4038 quali
618 3971 782 4040 igitur
843 3979 987 4024 statu
1051 3969 1257 4040 indiget
1310 3971 1632 4036 intellectus,
1693 3981 1750 4024 ut
1808 3974 1986 4041 quiete

417 4062 646 4130 agendo,
689 4076 807 4114 sese
844 4061 1256 4116 immutabiliter
1295 4071 1482 4125 mutet,
1531 4078 1595 4116 ac
1635 4072 1873 4117 transeat
1917 4065 1981 4117 ad

419 4153 692 4218 preprium
727 4150 1034 4214 Dominum,
1071 4153 1331 4220 nulloque
1365 4154 1687 4208 intertnedio
1721 4171 1842 4208 eum
1867 4157 1984 4225 ipso

417 4235 796 4302 colloquatur?
831 4236 1203 4305 (subintellige)
1236 4238 1396 4290 talem
1439 4248 1646 4307 quaerat
1687 4250 1911 4294 statum.

921 4345 1086 4417 479
1117 4346 1344 4401 CAPUT
1386 4348 1472 4404 tv.

485 4462 543 4517 Si
575 4461 804 4532 Moyses,
849 4477 971 4516 cum
1007 4461 1071 4516 ad
1111 4463 1305 4515 rubum
1345 4462 1622 4516 ardentem
1664 4481 1828 4534 super
1881 4478 1988 4522 ter-

417 4567 531 4606 tam
589 4551 1026 4622 appropinquare
1082 4553 1348 4615 tentavit,
1408 4554 1761 4619 hruhibctur,
1813 4558 1986 4612 donec

415 4645 738 4699 exsolvisset
790 4645 986 4714 pedum
1034 4643 1549 4709 calceamentum",
1608 4650 1883 4716 quomodo
1930 4662 1983 4704 tu

419 4741 552 4810 ipse,
592 4739 778 4793 volens
825 4753 948 4792 eum
1001 4738 1206 4803 videre,
1257 4740 1348 4808 qui
1395 4755 1611 4794 onmem
1663 4741 1986 4798 intcllcctio-

419 4846 539 4884 nem
572 4839 626 4883 ct
655 4845 874 4883 sensum
903 4837 1144 4898 superat,
1193 4831 1354 4899 eique
1381 4830 1496 4884 ﬁeri
1528 4833 1842 4897 collocutor,
1877 4850 1982 4888 non

416 4917 585 4975 solx’is
612 4935 640 4972 a
667 4930 716 4973 te
740 4929 956 4974 omnem
983 4919 1364 4989 cogitationem
1399 4921 1635 4989 passioni
1658 4923 1985 4978 obnoxiam?

1031 5031 1256 5086 CAPUT
1298 5033 1359 5086 V.

483 5147 587 5200 Ora
629 5148 679 5199 in
713 5148 922 5215 primis,
956 5163 1064 5216 quo
1094 5148 1330 5216 accipias
1353 5149 1556 5202 donum
1602 5151 1982 5221 lacrymarum,

417 5249 473 5292 ut
507 5253 602 5307 per
643 5240 845 5291 luctum
880 5240 1126 5291 emollias
1164 5249 1432 5307 agrestem
1463 5241 1741 5304 duritiem.
1775 5259 1898 5312 quae
1929 5247 1982 5297 itt

412 5331 593 5383 anima
638 5341 727 5384 tua
768 5343 870 5392 est,
918 5341 970 5384 et
1017 5330 1299 5384 confessus
1341 5332 1628 5385 adversum
1683 5343 1732 5387 te
1773 5334 1986 5403 injusti-

412 5421 545 5475 tiam
576 5429 720 5473 tuam
752 5420 1064 5482 Domino”,
1101 5423 1310 5474 veniam
1351 5422 1418 5474 ab
1455 5424 1572 5491 ipso
1606 5429 1984 5494 consequaris.

489 5561 532 5588 ⁷⁸
565 5559 788 5628 t'hiiipp.
815 5581 886 5628 tv,
922 5562 1004 5615 1‘2.
1081 5563 1122 5592 ⁷¹
1164 5562 1328 5617 Eccli.
1363 5579 1515 5630 -xxt\':
1548 5565 1635 5620 £20-

1716 5569 1758 5600 "
1795 5569 1960 5625 Exod.
1996 5585 2082 5635 tu,
2115 5570 2232 5623 52-3.

2091 2869 2144 2922 δέ
2171 2872 2315 2925 ἐστιν
2339 2874 2370 2942 ὴ
2401 2875 2597 2944 τετράς
2625 2877 2733 2929 τῶν
2754 2878 2986 2948 ἀρετῶν
3019 2880 3126 2934 ἐὰν
3151 2882 3263 2954 γὰρ
3287 2883 3651 2953 πληρέσταται,

2091 2965 2184 3018 καὶ
2221 2966 2332 3018 ίσαι
2369 2969 2733 3038 τυγχάνωσιν,
2767 2973 2827 3024 οὐ
2864 2973 3274 3048 προδοθήσεται
3305 2977 3497 3042 ὁνοῦς.

2667 3203 2921 3317 ,ΚΕΦΑΛ
2933 3305 2946 3318 .
2972 3265 3047 3318 B’.

2141 3365 2510 3450 .Kaﬁapﬁeica
2542 3370 2690 3443 ψυχὴ
2718 3374 2805 3428 διὰ
2833 3377 2929 3445 τῆς
2958 3377 3078 3430 τῶν
3109 3380 3328 3452 ἀρετῶν
3351 3380 3659 3452 πληρότητος

2087 3457 2382 3530 ἀκλόνῃτον
2409 3461 2508 3532 τὴν
2532 3464 2686 3531 τάξιν
2722 3465 2818 3518 τοῦ
2848 3467 2940 3520 νοῦ
2961 3472 3406 3538 κατασκευάζει,
3439 3470 3656 3526 δεκτικὸν

2087 3550 2250 3604 αὑτὸν
2278 3552 2507 3606 ποιοῦσα
2531 3556 2630 3624 τῆς
2658 3557 2996 3629 ζητουμένης
3035 3564 3464 3626 καταστάσεως.

2686 3775 2937 3831 ΚΕΦΑΛ.
2986 3779 3070 3832 Γ’.

2169 3880 2233 3932 Ἦ
2286 3884 2586 3953 προσευχὴ,
2621 3883 2808 3953 ὁμιλία
2852 3888 2968 3940 ἐστὶ
3003 3891 3103 3943 νοῦ
3141 3893 3286 3963 πρὸς
3325 3891 3456 3945 Θεόν
3479 3909 3492 3922 ⁸
3519 3890 3657 3951 ποίας

2087 3968 2179 4024 οῦν
2216 3972 2383 4026 δεῖται
2418 3977 2800 4041 καταστάσεως
2829 3981 2855 4032 ὁ
2881 3979 3028 4046 νοῦς,
3067 3984 3162 4037 ἵνα.
3195 3986 3451 4056 ἡσυχάσῃ
3478 3988 3660 4052 ἀμετα-

2089 4065 2344 4134 στρόφως-
2370 4067 2698 4138 ὲκσταθῆναι
2737 4071 2874 4140 πρὸς
2900 4072 2992 4126 τὸν
3023 4078 3234 4129 οἰκεῖον
3263 4077 3554 4145 Δεσπότην,
3580 4071 3660 4125 καὶ

2097 4154 2400 4223 συνομιλεῖν
2425 4157 2576 4226 αὐτῷ
2609 4158 2840 4228 μηδενὸς
2877 4166 3282 4231 μεσιτεύοντος
3311 4186 3327 4234 ;

2708 4357 2957 4412 ΚΕΦΑΛ.
2990 4360 3063 4414 Δ’.

2167 4470 2228 4522 Εἰ
2257 4473 2320 4540 τῇ
2370 4471 2462 4523 ἐπὶ
2491 4473 2593 4541 γῆς
2623 4472 2770 4543 βάτῳ
2803 4475 3127 4550 φλεγομένῃ
3169 4480 3536 4550 προσεγγίσαι
3561 4493 3668 4530 πει-

2097 4562 2266 4630 ράσας
2295 4562 2535 4632 Μωῡσῆς
2561 4563 2851 4630 κωλύεται,
2883 4567 3044 4638 ἄχρις
3075 4564 3142 4622 οὗ
3167 4571 3326 4625 λύσει
3351 4574 3414 4625 τὸ
3439 4571 3667 4639 ὑπόδημα

2094 4652 2201 4704 τῶν
2239 4652 2434 4717 ποδῶν,
2471 4655 2588 4718 πῶς
2608 4655 2773 4720 αὐτὸς
2797 4657 2888 4710 τὸν
2917 4660 3061 4731 ὑπὲρ
3086 4665 3284 4717 πᾶσαν
3343 4665 3546 4718 ἔννοιαν
3589 4659 3668 4714 καὶ

2095 4743 2344 4814 αἴσθησιν
2408 4744 2532 4798 ίδεῑν
2595 4747 2936 4819 βουλόμενος,
3008 4755 3113 4806 καὶ
3187 4757 3481 4826 συνὸμιλος
3543 4749 3670 4820 αὐτῷ

2094 4837 2364 4903 γενέσθαι,
2393 4838 2454 4891 ού
2481 4838 2628 4903 λύεις
2667 4842 2730 4894 ἐκ
2757 4841 2852 4895 σοῦ
2884 4845 2991 4897 πᾶν
3019 4849 3220 4918 νόημα.
3253 4849 3499 4920 ἐμπαθές
3516 4865 3529 4912 ς

2711 5043 2956 5100 ΚΕΦΑΛ.
3003 5043 3084 5097 E'.

2165 5152 2438 5222 Πρότερον
2479 5152 2602 5219 περί
2642 5151 2856 5221 λήψεως
2903 5155 3173 5226 δακρύων
3217 5159 3555 5227 προσεύχου,
3601 5154 3671 5204 ἵνα

2095 5245 2182 5297 διὰ
2232 5243 2326 5297 τοῦ
2377 5245 2602 5307 πένθους
2657 5245 2902 5317 μαλάξῃς
2952 5246 3055 5318 τὴν
3109 5249 3472 5324 ὑπάρχουσαν
3522 5250 3575 5302 ὲν
3613 5247 3668 5314 τῇ

2095 5334 2242 5404 ψυχῇ
2278 5351 2370 5386 σου
2412 5335 2737 5403 ἀγριότητα,
2767 5338 2860 5388 καὶ
2896 5337 3285 5404 ἐξαγορεύσας
3313 5341 3452 5394 κατὰ
3480 5337 3564 5390 σοῦ
3588 5335 3668 5400 τὴν

2069 5417 2326 5494 ⁸ἀνομίαν
2358 5444 2450 5478 σου
2489 5427 2567 5496 τῷ
2597 5427 2807 5496 Κυρίῳ,
2845 5429 2972 5499 παρ’
3007 5431 3191 5486 αὑτοῦ
3239 5432 3484 5502 ἀςέσεως
3505 5425 3663 5495 τεύξῃ·

2312 5570 2356 5601 ⁷³
2384 5568 2524 5622 Psal.
2560 5585 2706 5635 xxxi,
2749 5571 2802 5624 5.
