3994 6182
369 360 498 425 1169

953 469 1204 524 ΚΕΦΑΛ.
1245 472 1334 537 ς’.

429 585 688 655 Κέχρησο
761 583 876 645 τοῖς
943 582 1173 650 δάκρυσι
1219 583 1354 652 πρὸς
1398 581 1597 643 παντὸς
1644 581 1938 651 αἰτήματος

1721 362 1817 421 DE
1846 361 2251 421 (IIIATIONE.

3477 359 3607 421 1170

2649 472 2874 527 CAPUT
2917 473 2999 527 VI.

2114 577 2274 646 Utere
2321 580 2575 649 Iacrymis
2623 583 2688 634 ad
2735 598 2951 635 omnem
3010 584 3321 649 petitionem
3383 585 3608 638 feliciter

362 676 712 745 κατόρθωσιν·
729 671 850 724 λίαν
867 670 974 742 γὰρ
995 672 1172 741 χαίρει
1194 687 1284 723 σου
1303 673 1330 724 ὁ
1344 671 1618 740 Δεσπότης
1639 673 1694 723 ἐν
1710 671 1938 740 δάκρυσι

2071 669 2439 738 uscipicndam
2471 685 2535 724 ac
2555 671 2932 738 perﬁciendam
2960 673 3284 741 :plurimum
3313 677 3454 730 enim
3479 694 3580 745 gau
3604 707 3611 712 υ

363 763 665 835 προσευχὴν
699 761 1006 833 δεχόμενος.

965 939 1216 1019 meum.
1253 967 1328 1018 z'.

443 1079 570 1134 Ἐὰν
604 1080 786 1150 πηγὰς
821 1077 1074 1148 δακρύων
1105 1078 1300 1150 ὲκχέῃς
1322 1079 1379 1129 ὲν
1416 1079 1482 1147 τῇ
1515 1079 1790 1146 προσευχῇ
1819 1093 1934 1140 σου,

369 1172 628 1242 μηδαμῶς
665 1171 892 1240 ὲπαίρου
936 1172 993 1222 ὲν
1018 1171 1253 1240 σεαυτῷ,
1291 1169 1366 1232 ὡς
1402 1169 1540 1240 ὑπὲρ
1567 1170 1692 1232 τοὺς
1715 1170 1939 1232 πολλοὺς

2038 761 2128 813 det
2173 758 2438 815 Dominus
2489 771 2648 826 tuus,
2696 762 2748 815 in
2803 763 3058 832 Iacryntis
3103 767 3408 821 orationem
3459 771 3610 822 exci-

2038 866 2213 920 piens.

2578 1005 2583 1009 -
2631 965 2858 1022 CAPUT
2903 966 3010 1024 VII.

2112 1073 2370 1139 Quamvrs
2400 1075 2454 1129 in
2493 1085 2584 1130 tua
2626 1075 2872 1130 oratione
2905 1076 3085 1131 fontes
3127 1077 3490 1148 lacrymarum
3530 1076 3612 1131 ef—

2043 1166 2276 1230 l‘nndas,
2329 1183 2672 1238 nequaquam
2741 1177 2917 1224 tamen
2960 1169 3241 1224 extollar-is
3302 1169 3357 1222 in
3405 1169 3608 1236 teipso,

365 1261 460 1315 ῶν·
487 1261 737 1333 βοήθειαν
772 1262 880 1334 γὰρ
912 1262 1275 1332 προσείληφεν
1305 1265 1338 1334 ἡ
1374 1264 1646 1332 προσευχή
1694 1278 1789 1314 σου
1810 1304 1824 1328 ,
1853 1262 1938 1314 ἵνα

2067 1258 2195 1327 ιυοεί
2239 1259 2762 1328 multis'przccellas;
2803 1261 3069 1315 auxilium
3099 1262 3245 1315 enim
3280 1269 3370 1314 tua
3412 1260 3614 1328 recepit

367 1354 596 1425 δυνηθῇς
636 1354 932 1425 προθύμως
976 1353 1323 1424 ἐξαγορεύειν
1357 1373 1450 1408 σου
1485 1356 1582 1418 τὰς
1619 1356 1895 1426 ἁμαρτίας
1921 1397 1936 1421 ,

369 1447 460 1498 καὶ
503 1445 954 1516 ὲξευμενίσασθαι
983 1445 1074 1499 τὸν
1103 1446 1378 1517 Δεσπότην
1423 1445 1512 1500 διὰ
1532 1447 1639 1500 τῶν
1663 1445 1936 1516 δακρύων.

970 1580 1220 1637 ΚΕΦΑΛ.
1250 1581 1333 1636 H'.

438 1695 530 1765 Μὴ
565 1693 657 1748 οὖν
688 1695 767 1758 εἰς
802 1693 972 1759 πάθος
1010 1695 1182 1766 τρέψῃ
1218 1696 1281 1748 τὸ
1311 1695 1420 1747 τῶν
1457 1695 1642 1748 παθῶν
1670 1695 1939 1765 ἀλέξημα,

2041 1349 2236 1415 oratio,
2270 1359 2329 1404 ut
2371 1349 2550 1419 possis
2583 1352 2766 1404 animo
2806 1362 3054 1422 prompto
3096 1352 3342 1407 conﬁteri
3391 1360 3612 1420 peccata

2044 1450 2157 1508 tua,
2191 1441 2589 1511 Dominumque
2621 1441 2877 1512 Iacrymis
2916 1444 3151 1512 placare.

2533 1573 2699 1646 430
2719 1572 2946 1629 CAPUT
2984 1573 3117 1628 wn.

2117 1685 2192 1742 Ne
2221 1686 2385 1757 igitur
2416 1688 2467 1740 in
2496 1687 2804 1754 passionem
2828 1697 3136 1752 convertas,
3165 1687 3308 1757 quod
3340 1683 3407 1740 ad
3429 1681 3616 1741 delen-

372 1785 457 1838 ϊνα
498 1787 572 1857 μὴ
617 1785 778 1838 πλέον
819 1787 1157 1859 παροργίσῃς
1189 1787 1279 1840 τὸν
1305 1787 1575 1840 δεδωκότα
1606 1787 1705 1859 τὴν
1735 1788 1894 1856 χάριν
1923 1805 1936 1818 ·

2067 1777 2140 1830 las
2184 1775 2556 1845 arcendasque
2615 1777 2902 1845 passiones
2947 1776 3047 1831 fuit
3089 1777 3297 1839 datum,
3340 1790 3407 1829 ne
3443 1776 3614 1844 magis

374 1876 558 1929 πολλοὶ
614 1876 940 1947 δακρύοντες
987 1878 1128 1948 ὑπὲρ
1182 1878 1505 1949 ἁμαρτιῶν,
1554 1878 1937 1948 ἐπιλαθόμενοι

369 1967 466 2023 hii
493 1968 602 2023 τῶν
631 1969 880 2042 δακρύων
907 1969 1132 2035 σκοποῦ,
1179 1970 1438 2041 μανέντες
1468 1970 1864 2041 ἐξεπλάγησαν.

969 2189 1219 2244 ΚΕΦΑΛ.
1268 2190 1346 2247 Θ’.

445 2303 610 2373 Στῆθι
641 2302 913 2374 ὲμπόνως,
942 2302 1035 2355 καὶ
1059 2302 1364 2372 προσεύχου
1397 2303 1655 2367 εὐτόνως,
1687 2305 1779 2356 καὶ
1809 2305 1946 2356 ἁπο-

2042 1869 2108 1921 ad
2161 1868 2296 1922 iram
2353 1868 2591 1922 concites
2635 1883 2782 1934 eum,
2832 1870 2925 1937 qui
2991 1869 3084 1922 tibi
3139 1871 3368 1938 gratiam
3421 1867 3610 1920 dedit:

2043 1960 2200 2013 multi
2229 1958 2421 2014 ﬂentes
2452 1975 2549 2028 pro
2579 1961 2835 2028 peccatis,
2869 1960 3018 2014 obliti
3053 1960 3412 2028 Iacryntarntn
3440 1957 3610 2026 scopi,

2043 2050 2396 2116 insanientes,
2426 2051 2769 2105 aberrarunt.

2658 2189 2878 2246 CAPUT
2918 2189 3006 2242 IX.

2115 2300 2209 2356 Sta
2245 2318 2442 2373 magno
2475 2319 2598 2358 cum
2640 2304 2841 2369 studio,
2882 2305 3192 2374 intenteque
3230 2320 3345 2369 ora,
3375 2312 3428 2359 et
3456 2320 3613 2358 avcr-

377 2396 610 2467 στρέφου
643 2394 741 2457 τὰς
761 2393 865 2447 τῶν
891 2395 1183 2466 φροντίδων
1207 2395 1300 2449 καὶ
1336 2394 1701 2465 διαλογισμῶν
1730 2395 1947 2448 ἐπιτεύ-

2067 2407 2168 2446 ιὶὶτθ
2227 2407 2504 2458 curarum,
2567 2394 3070 2464 cogitationumque
3127 2395 3519 2460 obventioncs;
3565 2405 3617 2449 te

377 2486 508 2550 ξειςσ
528 2485 852 2556 ταράττουσι
877 2485 984 2555 γὰρ
1007 2485 1098 2538 καὶ
1129 2485 1415 2556 θορυϐοῦσί
1448 2501 1528 2552 σε,
1562 2483 1646 2538 ἵνα
1678 2483 1924 2538 ἑκλύσωσ

375 2576 468 2630 τοῦ
498 2576 674 2631 τόνου.

975 2711 1224 2765 ΚΕΦΑΛ.
1269 2712 1327 2766 ι’.

448 2827 620 2882 Ὅταν
660 2824 842 2879 ἴδωσιν
869 2823 919 2876 οί
949 2822 1203 2894 δαίμονες
1235 2821 1684 2892 προθυμούμενόν
1726 2843 1784 2878 σε
1818 2825 1948 2895 ἁλη-

379 2918 485 2980 θῶς
515 2915 932 2988 προσεύξασθαι,
969 2916 1088 2968 τότε
1119 2917 1461 2969 ὑποτίθενται
1497 2917 1743 2986 νοήματα
1786 2935 1948 2971 τινων

380 3012 719 3080 πραγμάτων
762 3009 922 3080 δῆθεν
955 2993 1346 3077 ’ἀναγκαίων,
1417 3009 1510 3061 καὶ
1575 3009 1717 3079 μετὰ
1773 3008 1946 3080 βραχὺ

377 3104 663 3175 ἐπαίρουσι
695 3103 794 3176 τὴν
840 3104 968 3171 περὶ
1018 3101 1196 3154 αὐτῶν
1249 3103 1488 3173 μνήμην.
1522 3101 1820 3166 ,κινοῦντες
1856 3101 1948 3156 ’σὺν

376 3170 660 3267 νοῦν-πρὸς
683 3170 910 3266 ζήτησιν
940 3194 1120 3248 αὐτῶν
1146 3235 1160 3258 ,
1191 3170 1285 3248 καὶ
1421 3170 1496 3264 μὴ
1527 3194 1797 3265 εὑρίσκων
1824 3192 1952 3263 σφό-
1978 3170 2022 3228 C

377 3287 480 3358 δρα
517 3285 786 3352 λυπεῖται,
835 3290 928 3339 καί
950 3285 1167 3355 ἀθυμεῖ-
1205 3286 1366 3356 ήνίκα
1389 3285 1443 3337 δὲ
1475 3288 1574 3355 στῇ
1603 3289 1684 3348 είς
1720 3301 1952 3356 προσευ-

349 3374 499 3448 χὴν,
551 3378 1062 3448 ὐπομιμνήσκουσιν
1086 3376 1246 3430 αὑτὸν
1281 3376 1389 3429 τῶν
1431 3375 1804 3446 ζητηθέντων,
1857 3374 1951 3428 καὶ

382 3468 880 3540 μνημονευθέντων,
933 3469 1016 3520 ἵνα
1058 3467 1355 3538 χαυνωθεὶς
1397 3467 1426 3518 ὁ
1467 3466 1590 3528 νοῦς
1627 3467 1762 3534 πρὸς
1797 3464 1951 3532 γνῶ-

380 3577 464 3617 σιν
495 3559 678 3618 αὐτῶν
700 3559 946 3630 ἀπολέσῃ
967 3559 1066 3629 τὴν
1100 3555 1372 3627 εὔκαρπον
1405 3557 1737 3626 προσευχήν.

981 3685 1231 3740 ΚΕΦΑΛ.
1263 3685 1365 3739 1Α⁸.

465 3795 754 3866 Ἀγωνίζου
791 3796 985 3867 στῆσαι
1023 3795 1115 3847 τὸν
1148 3793 1272 3848 νοῦν
1310 3812 1425 3858 σου,
1469 3796 1610 3849 κατὰ
1636 3796 1726 3849 τὸν
1760 3798 1949 3868 καιρὸν

378 3891 476 3959 τῆς
503 3889 809 3962 προσευχῆς
828 3889 1030 3958 κωφὸν,
1055 3890 1148 3941 καὶ
1179 3886 1392 3954 ἄλαλον,
1420 3888 1514 3942 καὶ
1546 3887 1750 3960 δυνήσῃ
1780 3906 1948 3960 προσ-

381 4002 402 4036 ε
413 3979 660 4048 ύξασθανι.

963 4088 1212 4144 ΚΕΦΑΛ.
1256 4063 1354 4142 In.

464 4200 654 4257 Ἦνίκα
681 4203 987 4273 ἀπαντήσει
1029 4219 1112 4254 σοι
1146 4203 1472 4274 πειρασμὸς,
1513 4205 1544 4274 ἤ
1578 4206 1876 4274 ἀντιλογία,
1913 4209 1943 4278 ἢ

307 4361 310 4364 _
381 4291 624 4363 ὲρεθίσῃ,
667 4293 700 4362 ἢ
748 4293 885 4363 πρὸς
928 4293 1026 4362 τὴν
1077 4293 1146 4346 δι’
1180 4293 1427 4359 ἐναντίας
1473 4297 1688 4366 ἄμυναν
1732 4301 1948 4370 κινῆσαι

383 4382 571 4452 θυμὸν,
601 4382 632 4452 ἢ
666 4382 825 4453 ῥῆξαι
847 4385 1030 4452 φωνήν
1053 4400 1192 4448 τινα,
1227 4385 1494 4456 μνήσθητι
1523 4389 1619 4458 τῆς
1644 4394 1948 4463 προσευχῆς

2047 2497 2282 2554 namque
2309 2484 2527 2539 turbant
2558 2485 2670 2550 illa,
2698 2501 2762 2542 ac
2794 2487 3212 2550 tumultuantur,
3244 2494 3301 2540 ut
3339 2485 3505 2541 animi
3537 2485 3617 2540 tui

2049 2573 2397 2630 inﬂexibilem
2427 2575 2729 2632 dissolvant
2751 2578 3142 2633 constantiam.

2595 2719 2600 2724 '
2660 2709 2888 2767 CAPUT
2928 2712 2994 2766 Χ.

2119 2825 2254 2879 Cum
2288 2833 2341 2880 te
2367 2825 2639 2880 daemones
2671 2824 2906 2880 viderint
2933 2839 3059 2878 vere
3095 2832 3404 2893 promptum
3437 2839 3624 2894 orare,

2052 2929 2182 2972 tunc
2243 2927 2539 2987 suggerunt
2584 2917 2943 2988 cogitationes
2999 2919 3363 2986 quarumdam
3413 2934 3597 2974 rerum

2050 3008 2212 3064 veluti
2243 3008 2695 3075 necessariarum,
2726 3018 2780 3064 et
2815 3009 2978 3077 paulo
3005 3016 3128 3078 post
3153 3009 3380 3063 incitant
3411 3025 3620 3065 memo-

2052 3104 2211 3168 riam,
2236 3103 2302 3159 de
2339 3103 2469 3173 ipsis
2506 3113 2786 3160 moventes
2832 3103 3186 3168 intellectum,
3230 3111 3287 3158 ut
3317 3117 3411 3158 eas
3445 3104 3622 3172 inqui-

2051 3199 2155 3258 rat,
2191 3194 2428 3263 dumque
2458 3195 2682 3250 minime
2723 3194 2978 3264 reperiat,
3019 3194 3105 3248 ille
3133 3195 3298 3260 dolet,
3327 3195 3620 3264 animoque

2050 3286 2382 3356 despondet;
2435 3287 2653 3356 quando
2700 3301 2828 3340 vero
2883 3294 2992 3342 stat
3045 3287 3110 3341 ad
3164 3287 3500 3354 orationem,
3565 3287 3622 3342 in

2051 3374 2222 3442 ipsius
2260 3384 2517 3429 revocant
2555 3376 2872 3429 memoriam
2903 3377 3151 3446 quaesita,
3197 3389 3252 3432 et
3299 3389 3620 3445 memorata,

2053 3475 2109 3518 ut
2153 3466 2453 3521 intellectus
2485 3466 2552 3521 ad
2584 3467 2948 3536 cognitionem
2985 3482 3175 3520 earum
3225 3482 3409 3523 rerum
3451 3471 3620 3527 lassa-

2052 3559 2159 3616 tus,
2193 3565 2256 3605 ac
2279 3553 2510 3618 laxatus,
2551 3553 2881 3608 fructuosam
2914 3555 3104 3623 perdat
3129 3555 3454 3612 orationem.

2653 3683 2883 3740 CAPUT
2922 3685 3012 3739 XI.

2119 3792 2329 3848 Conare
2379 3802 2481 3860 ut,
2533 3795 2587 3848 in
2639 3805 2878 3866 tempore
2920 3801 3201 3869 orationis,
3261 3803 3484 3858 surdum
3557 3821 3622 3859 ac

2051 3893 2260 3938 mutum
2313 3895 2464 3940 tuum
2529 3888 2691 3943 sistas
2749 3890 3115 3958 intellectum,
3171 3897 3359 3965 sicque
3416 3898 3621 3966 poteris

2050 3992 2223 4034 orare.

2541 4093 2700 4165 431
2739 4094 2967 4150 CAPUT
3001 4098 3110 4154 xu.

2121 4203 2351 4269 Quando
2383 4205 2478 4260 tibi
2504 4209 2807 4263 occurrerit
2833 4212 3081 4276 tentatio,
3117 4224 3209 4268 aut
3239 4217 3620 4284 contradictio,

2051 4304 2144 4349 aut
2184 4295 2351 4352 fueris
2373 4297 2633 4363 irritatus,
2667 4311 2778 4368 aut,
2813 4303 2883 4356 ob
2913 4306 3238 4360 contrariam
3272 4324 3516 4379 causam,
3556 4315 3621 4366 ad

2053 4391 2312 4448 ultionem
2340 4407 2681 4450 commovere
2706 4397 2947 4452 animum
2978 4400 3282 4470 contigerit,
3318 4413 3410 4457 aut
3435 4407 3499 4458 ad
3523 4407 3622 4458 ali-

382 4474 478 4525 καὶ
508 4473 602 4525 τοῦ
640 4475 759 4526 κατ’
787 4475 957 4542 αὐτὴν
985 4474 1246 4544 κρίματος
1275 4492 1288 4504 ⁸
1324 4477 1415 4530 καὶ
1459 4478 1658 4544 εὐθέως
1699 4483 1731 4552 ἡ
1773 4483 1830 4536 ἐν
1865 4501 1946 4539 σοι

2067 4498 2215 4552 luam
2243 4499 2528 4555 erumpere
2550 4502 2759 4553 vocem,
2783 4499 3055 4545 memento
3099 4493 3362 4547 orationis
3390 4504 3442 4547 et
3477 4495 3619 4563 judi-

355 4577 358 4580 '
381 4567 610 4626 ἄτακτος
637 4564 847 4634 κίνησις
871 4565 1156 4635 ἠρεμήσει.

975 4787 1226 4842 ΚΕΦΑΛ.
1271 4788 1364 4842 II".

451 4900 592 4956 Ὅσα
619 4899 686 4955 ἂν
714 4901 946 4972 ποιήσῃς
974 4901 1108 4971 πρὸς
1137 4901 1352 4971 ἄμυναν
1379 4901 1610 4972 ἀδελφοῦ
1636 4906 1951 4978 ἠδικηκότος

377 5007 464 5056 σε,
500 4990 716 5047 ἅπαντα
769 4993 848 5056 εἰς
883 4993 1176 5045 σκάνδαλόν
1224 5011 1306 5046 σοι
1339 4995 1628 5064 γενήσεται
1673 4998 1730 5049 ὲν
1776 4999 1951 5068 καιρῷ

377 5082 710 5153 προσευχῆς.

967 5195 1217 5250 ΚΕΦΑΛ.
1261 5197 1352 5250 ΙΔ’.

453 5305 732 5377 Προσευχή
782 5307 897 5358 ἐστι
949 5308 1248 5377 πραότητος

378 5411 585 5466 στημα.

1322 5311 1414 5362 καὶ
1473 5312 1678 5382 ἀοργησ
1691 5309 1768 5375 ἔας
1820 5315 1948 5382 βλά-

960 5511 1207 5564 ΚΕΦΛΑ.
1254 5513 1348 5567 ΙΕ’.

464 5618 744 5690 Προσευχή
809 5624 923 5675 ἐστι
985 5627 1158 5692 χαρᾶς
1233 5627 1322 5678 καὶ

375 5703 473 5774 ὅλη
486 5724 519 5774 μ
530 5725 584 5762 α.

1409 5627 1752 5695 εὐχαριστίας
1817 5628 1946 5698 πρό-

2055 4576 2147 4640 cii,
2175 4577 2322 4646 quod
2355 4577 2422 4632 de
2447 4579 2564 4648 ipsa
2591 4580 2670 4644 Iit,
2703 4592 2756 4636 et
2784 4581 2985 4646 statim,
3017 4598 3139 4652 quae
3166 4583 3288 4638 inte
3335 4583 3498 4638 fuerit
3537 4586 3621 4637 in-

2056 4669 2354 4736 composita
2389 4671 2707 4736 commotio,
2735 4673 3032 4728 sedabitur.

2647 4803 2872 4870 CAPUT
2902 4805 3040 4862 XIII.

2123 4912 2400 4980 Quatquot
2427 4914 2620 4971 feceris
2657 4918 2723 4971 ad
2751 4918 3046 4972 vindictam
3083 4919 3286 4982 fratris,
3327 4922 3418 4988 qtti
3451 4929 3502 4974 te
3533 4920 3620 4975 of-

2053 5003 2303 5068 fenderit,
2333 5006 2385 5058 in
2421 5015 2660 5076 tempore
2697 5009 2996 5074 orationis',
3037 5013 3351 5067 scandalum
3394 5014 3486 5068 tibi
3534 5017 3614 5085 gi-

2053 5103 2246 5163 gnent,
2271 5103 2325 5149 et
2353 5096 2760 5152 oil‘endiculutn.

2655 5206 2882 5263 CAPUT
2906 5208 3044 5264 XIV.

2121 5315 2305 5373 Oratio
2331 5336 2548 5390 germen
2575 5331 2658 5377 cst
2687 5325 3114 5379 mansuetudinis
3145 5335 3197 5380 et
3230 5326 3563 5380 lenitudinis.

2617 5520 2844 5577 CAPUT
2875 5521 2992 5577 XV.

2120 5629 2302 5683 Oratio
2347 5640 2428 5687 cst
2472 5633 2652 5700 gaudii
2708 5638 3120 5706 gratim-unique
3149 5635 3376 5688 actionis
3432 5633 3632 5700 Nom”

2051 5731 2176 5775 cllo.
