3990 6204
350 350 480 416 II'lI

928 459 1155 517 CAPUT
1191 460 1329 517 XVI.

416 574 603 629 Oratio
648 580 732 625 est
792 569 1053 625 adversus
1115 570 1389 626 tristitiam
1446 570 1722 640 animique
1772 569 1920 639 deje-

343 669 579 721 ctionem
614 662 930 717 amuletum.

927 776 1153 832 CAPUT
1187 774 1349 832 XVII.

417 892 619 947 Abiens
653 892 827 945 vende
853 890 1213 946 substantiam
1252 898 1423 954 tuam,
1458 897 1511 942 et
1553 889 1622 943 da
1671 888 1922 957 pauperi-

349 985 452 1040 bus
479 982 546 1048 τι,
576 982 958 1052 accipiensque
987 997 1225 1043 crucem,
1256 981 1460 1050 abnega
1492 981 1834 1051 temetipsum
1850 981 1918 1046 ⁷⁸,

352 1084 411 1135 ut
435 1073 615 1144 possis
645 1072 851 1141 absque
887 1070 993 1123 ulla
1025 1069 1376 1124 distractione
1404 1083 1584 1129 orare.

805 1182 969 1253 1,32
1014 1179 1242 1236 CAPUT
1281 1180 1461 1236 xvm.

422 1295 480 1349 Si
516 1295 648 1349 velis
681 1294 1025 1348 laudabiliter
1059 1310 1237 1358 orare,
1291 1311 1505 1363 quaque
1537 1298 1670 1351 liora
1717 1298 1920 1367 abnoga

349 1387 713 1455 temetipsum,
744 1401 807 1440 ac
837 1386 1280 1455 philosophorum
1317 1402 1486 1452 more,
1519 1388 1695 1452 stude,
1740 1389 1923 1458 sisque

349 1490 646 1548 occupatus
678 1480 731 1532 in
764 1478 1049 1547 permultis
1070 1494 1168 1547 pro
1194 1480 1437 1535 oratione
1466 1480 1849 1551 perpetiendis.
1880 1499 1887 1509 ο

940 1591 1162 1647 CAPUT
1192 1591 1335 1645 XIX.

425 1709 483 1763 Si
515 1708 899 1778 pliilopborum
927 1723 1076 1761 more
1104 1707 1258 1761 dabis
1292 1723 1511 1776 operam
1554 1709 1793 1777 cuipiam
1843 1709 1919 1763 rei

1842 350 1904 409 S.
1941 348 2104 417 NILI

1948 470 1998 522 Α

3463 350 3609 418 I172

2601 465 2848 521 ΚΕΦΑΛ.
2892 467 3010 532 16.".

2094 574 2375 645 Προσευχή
2406 576 2521 629 ἐστι
2554 576 2729 647 λύπης
2792 580 2886 632 καὶ
2921 579 3158 651 ἀθυμίας
3185 582 3453 653 ἀλέξημα.

2613 781 2863 838 ΚΕΦΑΛ,
2901 784 2998 839 ῙΖ’.

2106 891 2379 945 Ἀπελθὼν
2423 893 2672 965 πώλησόν
2720 914 2811 950 σου
2864 899 2932 952 τὰ
2970 899 3316 971 ὑπάρχοντα,
3365 908 3461 960 καὶ
3509 908 3600 971 ὣς

2024 987 2277 1052 πτωχοῖς,
2315 986 2407 1038 καὶ
2433 986 2609 1040 λαϐὼν
2637 988 2727 1042 τὸν
2752 991 3003 1060 σταυρὸν,
3037 993 3347 1064 ἀπάρνησαι
3379 999 3594 1065 ἑαυτὸν,

2024 1076 2110 1128 ἵνα
2142 1076 2375 1147 δυνηθῇς
2406 1080 2830 1148 ἀπερισπάστως
2863 1082 3275 1154 προσεύχεσθαι.

2618 1192 2867 1246 ΚΕΦΑΛ.
2908 1194 3010 1246 IH'.

2092 1298 2155 1349 EI
2182 1296 2359 1366 βούλει
2382 1299 2680 1363 ἐπαινετῶς
2706 1302 3121 1373 προσεύχεσθαι,
3144 1307 3373 1378 ἄρνησαι
3402 1311 3601 1365 ἑαυτὸν

2023 1384 2147 1437 καθ’
2168 1384 2335 1454 ὤραν,
2372 1388 2464 1438 καὶ
2496 1388 2756 1458 πάμπολα
2784 1390 2930 1445 δεινὰ
2961 1394 3220 1463 πάμπολα
3252 1397 3390 1469 ὑπὲρ
3419 1416 3598 1469 προσ-

2023 1477 2188 1548 ευχῆς
2218 1478 2514 1546 φιλοσόφει.

2608 1596 2859 1651 ΚΕΦΑΛ.
2899 1598 2997 1654 ΙΘ’.

2096 1705 2273 1769 Ὅπερ
2319 1705 2385 1758 ἂν
2429 1706 2662 1775 χαλεπὸν
2711 1710 2999 1779 ὑπομένων
3044 1713 3431 1787 φιλοσοφήτῃς,
3467 1716 3603 1769 τού·

352 1802 503 1856 dura:
531 1801 840 1865 tolerandis,
872 1800 990 1869 ejus
1021 1800 1253 1855 fructum
1286 1810 1526 1870 tempore
1550 1802 1814 1859 orationis
1839 1803 1914 1857 in-

2043 1810 2115 1846 :ou
2145 1794 2235 1847 τὸν
2264 1795 2477 1865 καρπὸν
2504 1797 2645 1850 κατὰ
2673 1798 2764 1851 τὸν
2795 1802 2983 1870 καιρὸν
3012 1802 3110 1872 τῆς
3154 1806 3459 1876 προσευχῆς
3494 1809 3602 1861 εὖ·

352 1890 557 1945 venies.

953 2001 1180 2057 CAPUT
1212 2001 1329 2055 xx.
1420 1965 1428 1973 ’

423 2117 478 2171 Si
505 2131 661 2171 orare
689 2117 876 2187 cupias
907 2127 965 2170 ut
988 2116 1158 2181 decet,
1191 2132 1257 2169 ne
1303 2116 1519 2172 tristitia
1565 2117 1801 2175 animam
1836 2117 1917 2173 af-

352 2211 527 2282 ﬂigas,
562 2212 803 2281 alioquin
832 2212 884 2265 in
918 2228 1112 2266 vanum
1148 2213 1345 2267 curris.

926 2324 1156 2381 CAPUT
1208 2325 1343 2379 XXI.

425 2439 645 2494 Dimitte
706 2439 927 2511 (inquit)
986 2455 1185 2493 munus
1242 2452 1389 2492 tuum
1444 2449 1569 2493 ante
1630 2441 1814 2505 altare,
1868 2448 1921 2494 et

353 2534 565 2598 abiens,
588 2533 742 2603 prius
768 2532 1125 2587 reconciliare
1149 2530 1298 2584 fratri
1318 2542 1432 2596 tuo,
1450 2540 1501 2584 et
1528 2540 1654 2585 tunc
1673 2531 1915 2595 veniens,

356 2628 568 2694 absque
613 2624 1023 2694 perturbatione
1062 2626 1243 2679 orabis
1274 2625 1358 2689 7‘;
1418 2640 1541 2677 nam
1597 2624 1917 2692 injuriarum

356 2717 619 2771 memoria
654 2716 886 2770 oﬂ‘uscat
910 2716 1118 2770 orantis
1138 2717 1435 2770 ductricetn
1466 2716 1753 2780 rationem,
1781 2714 1919 2783 ejus-

353 2813 460 2878 qu‘e
492 2806 832 2862 orationibus
872 2807 1121 2861 tenebras
1145 2806 1395 2861 offundit.

911 2915 1139 2972 CAPUT
1188 2916 1353 2971 XXII.

421 3030 524 3095 Qui
582 3029 831 3085 tristitias
861 3044 924 3085 ac
958 3030 1218 3084 vindictas
1256 3045 1324 3084 ex
1372 3029 1690 3098 injuriarum
1737 3044 1917 3084 recor-

2025 1885 2232 1955 ρήσεις.

2609 2004 2858 2056 ΚΕΦΑΛ.
2897 2006 2981 2057 K'.

2102 2114 2287 2167 Ἐπιθυ
2298 2114 2413 2184 μῶν
2445 2116 2843 2185 προσεύξασθαι
2872 2117 2947 2181 ὡς
2975 2119 3073 2185 δεῖ,
3107 2120 3182 2191 μὴ
3211 2120 3455 2197 λυπήσῃς
3482 2124 3597 2195 ψυ-

2016 2206 2139 2279 χὴν,
2163 2208 2209 2260 εί
2233 2207 2287 2262 δὲ
2316 2208 2481 2278 μήγε,
2515 2210 2593 2271 εἰς
2626 2211 2801 2278 μάτην
2825 2212 3055 2280 τρέχεις.

2599 2321 2848 2374 ΚΕΦΑΛ.
2896 2323 3025 2377 KA'.

2090 2433 2261 2501 Ἀφες
2295 2449 2387 2485 σου
2416 2432 2474 2485 τὸ
2503 2433 2697 2504 δῶρον,
2728 2435 2912 2505 φησὶν,
2943 2436 3249 2508 ἔμπροσθεν
3281 2438 3373 2491 τοῦ
3402 2438 3597 2493 Busta-

2020 2525 2264 2595 στηρίου,
2294 2527 2385 2578 καὶ
2413 2525 2661 2578 ἀπελθὼν
2699 2526 2960 2597 πρότερον
2989 2529 3304 2599 διαλλάγηθι
3329 2533 3405 2601 τῷ
3433 2533 3595 2586 ἀδελ-

2018 2616 2102 2685 φῷ
2134 2632 2250 2681 σου,
2278 2617 2370 2669 καὶ
2391 2616 2510 2668 τότε
2543 2616 2813 2690 προσεύξῃ
2846 2619 3155 2688 ἀταράχως·
3191 2623 3222 2689 ἡ
3253 2622 3359 2692 γὰρ
3395 2642 3592 2693 panget-

2018 2708 2184 2760 κακία
2226 2709 2471 2777 ἀμαυροῖ
2500 2709 2562 2759 τὸ
2605 2708 2931 2778 ἡγεμονικὸν
2977 2709 3071 2761 τοῦ
3126 2714 3588 2785 προσευχομένου,

2019 2798 2111 2853 καὶ
2144 2798 2381 2863 σκοτίζει
2408 2800 2595 2850 τούτου
2621 2797 2719 2861 τὰς
2749 2798 3077 2869 προσευχάς.

2597 2917 2845 2970 ΚΕΦΑΛ.
2888 2917 3017 2970 ΚΒ¹.

2088 3028 2150 3078 Ui
2192 3025 2365 3088 λύπας
2421 3025 2514 3078 καὶ
2561 3026 2925 3094 μνησικακίας
2973 3029 3183 3090 ἑαυτοῖς
3233 3027 3587 3098 σωρεύοντες,

353 3123 577 3175 datione
616 3123 716 3175 sibi
748 3122 881 3191 ipsis
908 3130 1253 3188 coacervant,
1275 3129 1328 3175 et
1352 3121 1603 3175 videntur
1629 3136 1806 3184 orare,
1843 3122 1914 3175 si-

2043 3115 2113 3167 ιαὶ
2139 3115 2537 3186 προσεύχεσθαι
2574 3114 2877 3179 δοκοῦντες,
2921 3117 3096 3185 ὅμοιοί
3130 3120 3237 3170 εἰσι
3279 3120 3388 3180 τοῖς
3442 3116 3592 3186 ὕδωρ

353 3211 510 3264 miles
540 3221 671 3264 sunt
704 3212 809 3273 lus,
843 3212 933 3279 qui
966 3212 1223 3264 hauriunt
1267 3225 1455 3280 aquas,
1510 3211 1673 3280 inque
1714 3211 1918 3266 dolium

356 3308 639 3368 pertusum
674 3303 989 3372 projiciunt.

887 3420 1111 3477 CAPUT
1150 3422 1388 3479 XXXIII.

425 3506 483 3563 Si
510 3509 727 3577 patiens
759 3512 947 3578 fueris,
982 3529 1105 3567 cum
1131 3517 1330 3585 gaudio
1360 3533 1577 3587 semper
1604 3520 1805 3583 orabis.

784 3707 945 3780 433
994 3706 1221 3763 CAPUT
1249 3707 1434 3765 XXIV.

415 3822 604 3878 Oranti
631 3824 747 3887 tibi,
778 3834 839 3878 ut
864 3825 1035 3888 decet,
1076 3823 1454 3892 hujuscemodi
1482 3840 1568 3880 res
1594 3838 1912 3894 occurrent;

344 3915 486 3984 quod
522 3914 778 3968 nimirum
812 3914 1057 3968 videatur
1099 3915 1213 3979 tibi,
1271 3914 1479 3984 justum
1524 3932 1642 3972 esse
1694 3920 1915 3973 omnino

345 4009 624 4064 iracundia
657 4009 756 4073 uti,
788 4019 1156 4063 verumtamen
1180 4009 1439 4064 adversus
1468 4011 1775 4079 proximum
1804 4027 1914 4065 non

343 4099 490 4166 iusta
528 4108 610 4154 est
634 4099 850 4168 penitus
874 4099 1173 4164 iracundia,
1209 4115 1333 4153 nam
1355 4143 1370 4165 ,
1397 4100 1441 4154 si
1471 4102 1756 4169 perquiras
1792 4102 1916 4155 dili-

346 4199 552 4267 genter,
588 4189 833 4243 invenies
862 4190 1003 4258 quod
1036 4190 1292 4256 possibile
1321 4200 1406 4245 est
1428 4201 1480 4244 et
1501 4193 1616 4246 sine
1645 4193 1721 4245 ira
1759 4208 1916 4261 nego-

346 4280 480 4331 tium
529 4279 667 4345 bene
716 4280 969 4349 componi
1003 4297 1017 4333 :
1051 4290 1207 4334 utere
1254 4282 1440 4351 itaque
1485 4283 1634 4337 omni
1674 4276 1913 4338 adhibito

344 4370 547 4435 studio,
588 4386 655 4425 ne
685 4386 1008 4446 prorumpas
1032 4371 1085 4434 in
1120 4372 1283 4439 iram.

919 4484 1145 4542 CAPUT
1208 4485 1370 4541 XXV.

415 4599 559 4655 Cave
608 4614 696 4664 ne,
726 4600 855 4654 dum
894 4607 1055 4669 putas
1094 4596 1321 4653 alterum
1360 4612 1571 4662 curare,
1616 4597 1731 4666 ipse
1766 4596 1917 4652 insa-

342 4692 541 4747 nabilis
585 4708 827 4760 maneas,
883 4700 1098 4761 tuaeque
1147 4690 1379 4747 orationi
1418 4691 1658 4761 praebeas
1691 4688 1916 4759 impedi?

345 4794 609 4849 mentum.

941 4898 1169 4959 CAPUT
1199 4898 1389 4960 XXVI.

416 5015 473 5081 Si
517 5018 792 5079 abstineas
834 5017 903 5073 ab
943 5017 1046 5080 ira,
1103 5016 1322 5071 modum
1351 5014 1607 5083 parcendi
1648 5013 1909 5073 invenies,

343 5118 503 5177 teque
538 5110 713 5179 ipsum
746 5111 1065 5179 prudentem
1115 5108 1515 5164 demonstrabis
1542 5094 1610 5163 ad
1645 5109 1730 5173 id,
1771 5106 1914 5177 quod

343 5212 552 5272 spectat
586 5204 652 5258 ad
706 5207 782 5257 tui
836 5204 1317 5267 existimationem,
1367 5203 1577 5271 riteque
1619 5203 1729 5257 eris
1774 5202 1914 5255 inter

345 5305 586 5353 orantes.

894 5403 1369 5471 CApunxxvu.

410 5518 463 5570 Si
499 5517 759 5572 adversus
790 5519 923 5571 iram
948 5517 1024 5573 sis
1046 5526 1315 5581 armatus,
1353 5530 1633 5585 nunquam
1674 5514 1913 5571 sustine-

341 5606 424 5660 bis
463 5607 989 5677 concupiscentiam;
1015 5609 1128 5677 ipsa
1162 5608 1305 5662 enim
1333 5615 1435 5673 est,
1469 5622 1593 5676 qua:
1632 5608 1908 5663 materiam

2023 3206 2296 3271 ἁντλοῦσι,
2326 3207 2420 3259 καὶ
2452 3208 2531 3269 είς
2558 3207 2890 3277 τετρημένον
2920 3207 3073 3260 πίθον
3109 3207 3411 3280 βάλλουσιν.

2594 3407 2844 3463 ΚΕΦΑΛ.
2886 3410 3013 3465 Kl".

2104 3517 2227 3571 Ἐὰν
2269 3520 2665 3591 ύπομονητικδς
2710 3519 2805 3595 ᾗς,
2851 3525 2937 3576 ἀεὶ
2988 3522 3125 3593 μετὰ
3183 3525 3358 3593 χαρᾶς
3412 3539 3593 3591 προσ-

2022 3608 2172 3675 εύξῃ.

2118 3627 2151 3681 ῃ
2583 3715 2832 3768 ΚΕΦΑΛ.
2874 3714 2998 3769 ΚΔ⁹.

2082 3828 2524 3901 Προσευχομένου
2560 3846 2653 3883 σου
2681 3829 2931 3892 δεόντως,
2962 3828 3189 3882 τοιαῦτὰ
3229 3845 3308 3881 σοι
3341 3830 3587 3901 ἀπαντή-

2013 3938 2095 3974 σει
2141 3922 2463 3992 πράγματα,
2499 3922 2584 3973 ἵνα
2623 3920 2779 3993 δόξῃς
2825 3919 3032 3973 δίκαιον
3074 3916 3213 3972 εἶναι
3246 3920 3462 3983 πάντως
3503 3922 3585 3992 τῷ

2013 4013 2168 4085 θυμῷ
2196 4012 2541 4084 χρήσασθαι·
2593 4012 2692 4064 οὐκ
2733 4012 2846 4064 ἔστι
2889 4012 2945 4064 δὲ
2992 4012 3196 4074 δίκαιος
3237 4013 3406 4082 θυμὸς
3443 4014 3587 4065 κατὰ

2011 4104 2105 4158 τοῦ
2136 4105 2304 4165 πέλας
2347 4106 2413 4157 τὸ
2441 4103 2679 4156 σύνολον·
2716 4104 2809 4156 ἐὰν
2858 4103 2964 4174 γὰρ
3010 4104 3273 4174 ζητήσῃς,
3312 4105 3586 4173 εὑρήσεις,

2012 4198 2095 4249 ὅτι
2138 4198 2380 4261 δυνατὸν,
2432 4199 2524 4250 καὶ
2569 4198 2691 4265 δίχα
2737 4195 2909 4264 θυμοῦ
2945 4195 3124 4257 καλῶς
3162 4194 3473 4263 διατεθῆναι
3522 4195 3588 4247 τὸ

2013 4286 2274 4354 πρᾶγμα·
2308 4284 2457 4356 πάσῃ
2482 4284 2573 4336 οὖν
2606 4286 2819 4354 μηχανῇ
2851 4284 3051 4353 χρῆσαι
3082 4283 3215 4353 πρὸς
3240 4283 3298 4335 τὸ
3327 4283 3400 4352 μὴ
3424 4284 3585 4352 ῥῆξαι

2014 4375 2203 4444 θυμόν.

2599 4499 2852 4554 ΚΕΦΑΛ.
2891 4499 3020 4552 KE'.

2092 4619 2233 4687 Ὅρα
2262 4616 2337 4685 μὴ
2372 4614 2541 4668 δοκῶν
2575 4613 2759 4684 ἓτερον
2798 4612 2998 4673 ἰᾶσθαι,
3026 4608 3186 4672 αὐτὸς
3212 4608 3427 4669 ἀνίατος
3464 4606 3585 4677 ἔσῃ,

2019 4710 2114 4762 καὶ
2150 4706 2255 4777 δῷς
2286 4706 2527 4776 ἐκκοπὴν
2559 4707 2626 4775 τῇ
2660 4705 2936 4774 προσευχῇ
2980 4718 3095 4754 σου.

2577 4902 2828 4956 ΚΕΦΔΛ.
2869 4900 3015 4966 KG’.

2088 5020 2408 5090 Φειδόμενος
2442 5014 2636 5083 θυμοῦ,
2682 5012 2849 5082 φειδὼ
2881 5013 3151 5081 εὑρήσεις,
3186 5009 3283 5063 καὶ
3325 5008 3587 5079 φρόνιμον

2018 5114 2209 5167 ἑαυτὸν
2243 5108 2537 5173 ἀναδείξεις
2585 5105 2721 5176 πρὸς
2752 5105 2815 5157 τὸ
2848 5106 2926 5167 εἰς
2970 5103 3161 5172 οἴησιν,
3219 5101 3313 5154 καὶ
3355 5100 3413 5153 ὲν
3472 5098 3587 5161 τοῖς

2019 5203 2475 5276 προσευχομένοις
2517 5200 2636 5271 ἔσῃ.

2597 5398 2843 5449 ΚΕΦΑΛ.
2885 5392 3011 5449 ΚΖ’.

2090 5512 2247 5565 Κατὰ
2290 5510 2463 5582 θυμοῦ
2508 5509 2895 5580 ὀπλιζὸμενος,
2942 5507 3235 5577 ἐπιθυμίας
3281 5506 3379 5558 οὐκ
3423 5502 3587 5574 ἀνέξῃ

2020 5604 2152 5659 ποτε
2185 5619 2198 5633 '
2228 5602 2367 5673 αὕτη
2410 5601 2519 5672 γὰρ
2572 5601 2701 5665 ὔλας
2745 5601 2928 5654 δίδωσι
2970 5598 3047 5668 τῷ
3097 5598 3275 5668 θυμῷ,
3317 5589 3588 5657 καὶοῦτος

411 5778 459 5809 ⁷⁵
492 5777 680 5831 Matth.
713 5796 820 5840 XIX.
863 5781 925 5833 9l
959 5799 973 5842 ;
1014 5782 1180 5837 Marc.
1215 5797 1268 5843 κ,
1294 5780 1386 5833 2i.
1463 5782 1508 5817 "
1533 5780 1721 5838 Matth.
1754 5797 1864 5847 xw,
1909 5785 1914 5830 τ

2044 5780 2177 5837 Luc.
2231 5795 2308 5845 ix,
2344 5778 2433 5835 25.
2511 5778 2556 5811 ⁷⁸
2587 5778 2774 5833 Matth.
2812 5794 2864 5837 γ.
2893 5776 2982 5829 25.
