3994 6182
407 343 540 408 1173

1683 317 1686 320 ’
1769 351 1867 410 DE
1891 345 2297 408 ORATIONE.

3523 339 3650 395 11ῗᾶ

403 463 658 532 ταράττει
715 463 804 516 τὸν
854 434 1048 536 νοερὸν.
1085 467 1396 540 ὀφθαλμὸν,
1445 469 1840 540 λυμαινόμενος
1889 468 1987 538 τὴν

2124 461 2471 518 ubministrat
2517 461 2628 524 itm,
2659 470 2709 514 et
2737 459 2825 512 illa
2882 457 3098 512 oculmn
3129 457 3400 525 perturbat
3445 455 3657 507 intelle-

403 551 736 606 κατάστασιν
770 555 866 623 τῆς
899 561 1226 630 προσευχῆς.

984 693 1234 744 ΚΕΦΑΛ.
1275 693 1409 746 ΚΗ’.

477 802 569 870 Μὴ
595 802 653 854 ὲν
686 801 868 870 μόνοις
893 805 1003 866 τοῖς
1033 805 1188 866 ἐκτὸς
1223 805 1464 874 σχήμασι
1496 805 1826 876 προσεύχου,
1852 804 1985 858 ἀλλά

407 891 575 962 τρέπε
623 891 716 944 τὸν
763 891 888 944 νοῦν
933 909 1026 946 σου
1074 895 1154 957 εἰς
1202 895 1552 966 συναίσθησιν
1606 897 1986 966 πνευματικῆς

412 982 718 1054 προσευχῆς
753 983 888 1053 μετά
919 984 1116 1038 πολλοῦ
1158 985 1347 1054 φόϐου.

998 1118 1251 1175 ΚΕΦΑΛ.
1297 1118 1426 1175 ΚΘ’.

485 1231 621 1284 [locs
648 1233 743 1300 μὲν
768 1231 978 1302 ἁθρόως
1006 1231 1136 1294 στὰς
1161 1233 1240 1294 είς
1266 1232 1574 1302 προσευχὴν
1601 1233 1661 1285 ού
1690 1231 1987 1302 προσεύξῃ,

417 1324 548 1376 ποτὲ
578 1323 633 1374 δὲ
667 1323 786 1374 λίαν
815 1324 1075 1392 πονήσας,
1103 1322 1202 1375 οὐκ
1234 1322 1490 1393 ἐπιτεύξῃ
1525 1322 1618 1375 τοῦ
1650 1321 1877 1386 σκοποῦ,
1905 1323 1991 1374 ἴνα

419 1411 498 1464 ἔτι
546 1412 745 1478 μᾶλλον
791 1413 1050 1484 ζητήσας,
1093 1412 1186 1466 καὶ
1237 1411 1436 1478 λαϐὼν,
1488 1413 1631 1477 ἕξεις
1680 1412 1877 1468 ἄσυλον
1931 1413 1991 1465 τὸ

420 1502 775 1576 κατόρθωμα.

1017 1811 1265 1864 ΚΕΦΑΛ.
1307 1811 1385 1864 Λ’.

508 1921 855 1988 Ἐπιστάντος
896 1923 1128 1993 ἀγγέλου
1173 1922 1367 1993 ἀθρόον
1397 1923 1632 1982 ἅπαντες
1674 1919 1996 1987 ἀφίστανται

425 2014 473 2065 οἱ
503 2014 844 2084 ἐνοχλοῦντες
876 2018 1027 2085 ἡμῖν,
1064 2017 1158 2068 καὶ
1187 2015 1500 2086 εὑρίσκεται
1527 2016 1554 2066 ό
1587 2012 1710 2074 νοῦς
1741 2013 1797 2062 ἐν
1829 2009 1997 2078 πολλῇ

424 2104 628 2167 ἀνέσει,
665 2105 834 2172 ὑγιῶς
871 2105 1335 2176 προσευχόμενος·
1378 2103 1505 2156 ποτὲ
1532 2103 1589 2155 δὲ
1611 2099 1708 2152 τοῦ
1736 2098 2000 2168 συνήθους

424 2195 660 2265 πολέμου
688 2199 819 2266 ἡμῖν
850 2198 1224 2266 ἐπικειμένου,
1272 2194 1533 2248 πυκτεύει
1574 2195 1602 2245 ὁ
1633 2191 1776 2254 νοῦς,
1817 2191 1909 2242 καὶ
1938 2189 1998 2241 οὐ

426 2291 785 2356 συγχωρεῖται
816 2287 1130 2353 ἀνανεῦσαι,
1165 2287 1577 2358 προπεποίωται
1607 2283 1713 2353 γὰρ
1743 2284 1856 2344 τοῖς
1884 2297 2003 2332 ποι-

428 2377 596 2440 κξλοις
626 2377 874 2443 πάθεσιν,
907 2380 1054 2448 ὅμως
1085 2379 1176 2431 ἐπὶ
1210 2378 1369 2431 πλέον
1416 2375 1592 2447 ζητῶν
1625 2374 1868 2444 εὑρήσει,
1908 2375 2002 2424 καὶ

431 2468 678 2538 κρούοντι
712 2470 861 2540 αὐτῷ
892 2471 1144 2536 εὐτόνως,
1181 2471 1551 2540 ἀνοιγήσεται.

1007 2690 1257 2742 ΚΕΦΛΛ.
1299 2685 1423 2740 ΛΑ’.

502 2798 592 2869 Μὴ
616 2799 918 2869 προσεύχου
948 2800 1014 2854 τὰ
1044 2800 1111 2854 σὰ
1135 2800 1260 2868 θελή
1271 2816 1416 2868 ματα
1443 2797 1714 2867 γενέσθαι·
1747 2796 1868 2850 οὐδὲ
1899 2788 2006 2865 γὰρ

433 2888 651 2952 πάντως
687 2889 1038 2959 συμφωνοῦσι
1090 2889 1169 2960 τῷ
1221 2889 1486 2958 θελήματι
1539 2887 1631 2940 τοῦ
1674 2884 2008 2960 samem

426 2980 637 3046 μᾶλλον
677 2980 860 3043 καθὼς
900 2980 1202 3050 ἐδιδάχθης,
1246 2979 1546 3050 προσεύχου
1593 2979 1794 3045 λέγων·
1846 2975 2010 3044 Γενη-

437 3068 582 3138 θήτω
613 3069 674 3121 τὸ
707 3069 920 3138 θέλημά
967 3087 1061 3122 σου
1117 3072 1174 3121 ὲν
1227 3069 1346 3139 ἐμοί
1376 3087 1388 3099 ·
1444 3070 1536 3120 καὶ
1592 3069 1682 3119 ἐπὶ
1740 3065 1902 3118 παντὶ
1952 3065 2009 3115 δὲ

2083 556 2314 610 ctualem
2345 552 2744 622 corrumpendo
2783 559 2982 604 statqu
3038 549 3316 601 orationis.

2613 682 2841 737 CAPUT
2891 680 3126 734 XXVIII.

2157 798 2233 852 Ne
2261 799 2392 853 solis
2418 797 2656 852 externis
2684 795 2923 865 gestibus
2943 808 3087 857 ores,
3122 792 3215 846 sed
3245 799 3476 844 mentem
3515 799 3658 842 tuam

2087 901 2236 946 verte
2262 901 2320 944 ut
2350 892 2422 944 sit
2446 887 2665 944 conscia
2699 885 2998 955 spiritualis
3041 882 3303 938 orationis
3334 895 3456 936 cum
3491 879 3661 934 multo

2093 985 2306 1037 timore.

2525 1110 2689 1182 48¢
2725 1107 2954 1163 CAI‘LT'I'
2997 1104 3185 1159 XXIX.
3209 1095 3214 1106 ’

2165 1228 2432 1282 Interdum
2498 1225 2715 1292 quidem
2760 1219 3044 1274 confestim
3095 1215 3330 1271 orationi
3385 1213 3662 1274 insistens,

2095 1323 2228 1375 bene
2263 1318 2601 1388 precaberis;
2649 1314 2974 1384 quandoque
3034 1324 3188 1371 vero,
3223 1323 3346 1361 cum
3387 1305 3475 1358 diu
3523 1304 3667 1356 mul-

2097 1424 2320 1482 tumque
2348 1407 2702 1468 Iaboraveris,
2727 1421 2950 1473 scopum
2984 1419 3088 1455 non
3114 1399 3451 1468 assequeris,‘
3481 1404 3537 1448 ut
3568 1394 3667 1448 ad—

2069 1497 2202 1556 'lmc
2237 1515 2359 1554 eum
2396 1497 2568 1566 magis
2614 1495 2882 1562 requiras,
2928 1506 3161 1556 cumque
3205 1487 3372 1541 fueris
3421 1485 3666 1552 adeptus,

2099 1591 2299 1644 habeas
2327 1598 2532 1642 rectum
2563 1599 2700 1654 Opus
2732 1601 2760 1636 a
2798 1583 2989 1651 praeda:
3037 1579 3276 1649 periculo
3318 1579 3558 1631 immune
3608 1587 3672 1626 ac

2100 1691 2303 1736 tutum.

2587 1841 2596 1850 -
2687 1807 2910 1868 CAPUT
2958 1806 3126 1861 XXX.

2171 1905 2435 1983 Adstaute
2484 1926 2675 1995 angelo
2705 1921 2990 1977 discedunt
3031 1918 3318 1972 confestim
3346 1931 3552 1978 omnes,
3580 1913 3675 1981 qui

2104 2022 2260 2074 nobis
2297 2019 2529 2073 afferunt
2581 2015 3049 2084 impedimentum,
3106 2023 3367 2076 meusque
3412 2005 3677 2074 reperitur

2104 2111 2156 2164 in
2187 2110 2357 2163 multa
2395 2108 2582 2176 requie
2612 2120 2743 2160 sane
2782 2117 2974 2165 orans;
3002 2101 3270 2154 interdum
3307 2114 3454 2162 vero,
3488 2113 3678 2166 super-

2106 2201 2353 2254 veniente
2376 2198 2532 2252 nobis
2558 2201 2816 2250 consueto
2862 2193 3025 2256 bello,
3064 2207 3218 2244 mens
3276 2189 3472 2258 pugilis
3505 2189 3678 2241 instar

2106 2297 2330 2358 pUgnat,
2379 2302 2478 2340 nec
2529 2284 2858 2355 permittitur
2894 2297 3110 2337 sursum
3165 2288 3326 2348 caput
3373 2276 3674 2341 rellectere,

2107 2381 2259 2433 vanis
2311 2377 2510 2447 quippe
2562 2375 2791 2430 aﬂicitur
2850 2373 3241 2444 passionibus;
3296 2379 3569 2433 attamen,
3631 2369 3678 2422 si

2105 2471 2266 2524 etiam
2299 2479 2462 2538 atque
2482 2469 2644 2522 etiam
2674 2477 2898 2536 quaerat,
2929 2463 3187 2527 inveniet,
3222 2462 3532 2530 intenteque
3576 2459 3680 2528 ipsi

2108 2561 2346 2633 pulsanti
2371 2562 2643 2631 aperietur
2676 2560 2742 2610 ⁷⁷.

2652 2691 2879 2747 CAPUT
2916 2689 3109 2744 XXXI.

2178 2807 2257 2864 Ne
2313 2823 2459 2872 ores,
2509 2815 2629 2860 tuas
2675 2805 2856 2874 perlici
2898 2805 3222 2865 voluntates,
3263 2815 3361 2854 nec
3401 2801 3542 2854 enim
3589 2797 3686 2853 Dei

2110 2898 2372 2951 voluntati
2399 2904 2526 2951 sunt
2546 2897 2768 2950 omnino
2795 2910 3068 2958 consonae,
3111 2893 3204 2948 sed
3241 2893 3418 2961 potius
3463 2907 3579 2955 ora,
3627 2898 3688 2946 ut

2111 2987 2369 3051 didicisti,
2393 2988 2579 3042 dicens
2612 3005 2625 3040 :
2652 2985 2770 3040 Fiat
2800 2985 3048 3040 voluntas
3077 2994 3165 3038 tua
3197 2983 3248 3036 in
3274 2999 3359 3036 me
3381 2982 3427 3014 ⁷³
3452 3000 3465 3048 ;
3493 2983 3683 3052 sicque

2116 3077 2170 3129 in
2203 3077 2351 3130 omni
2386 3091 2444 3130 re
2492 3077 2560 3129 ab
2604 3075 2721 3144 ipso
2772 3083 2913 3144 pete,
2952 3082 3010 3126 ut
3040 3071 3132 3126 fiat
3183 3071 3353 3140 ipsius
3400 3070 3684 3135 voluntas;

438 3160 723 3230 πράγματι
757 3160 928 3224 οὕτως
970 3163 1132 3215 αὑτὸν
1183 3163 1323 3214 αἴτει
1361 3161 1421 3212 τὸ
1468 3157 1694 3226 ἀγαθὸν,
1742 3157 1837 3209 καὶ
1870 3173 2008 3226 συμιο

2124 3167 2230 3220 vult
2256 3166 2398 3220 enim
2417 3166 2560 3235 quod
2592 3166 2793 3218 bonum
2826 3172 2928 3228 est,
2961 3163 3214 3231 quodque
3245 3161 3439 3214 animae
3457 3158 3685 3214 confert.

441 3250 608 3320 φέρον
639 3254 704 3321 τῇ
740 3251 907 3322 ψυχῇ,
944 3254 1007 3306 σὺ
1044 3253 1099 3305 δὲ
1131 3253 1190 3305 ού
1227 3254 1440 3313 πάντως
1466 3249 1624 3302 τοῦτο
1655 3249 1860 3317 ζητεῖς·

1018 3387 1242 3438 ῘίΙΞΦΛΔ
1253 3425 1265 3438 .
1305 3384 1427 3438 AB'.
1448 3437 1451 3440 .

514 3499 774 3562 Πολλάκις
800 3500 1229 3571 προσευχόμενος
1260 3498 1546 3569 ᾐτησάμην
1580 3496 1836 3564 γενέσθαι
1867 3511 1956 3565 μοι
1985 3494 2013 3546 ὃ

441 3587 595 3654 ἔδοξα
625 3589 787 3642 καλὸν
832 3583 972 3641 εἶναι
1020 3605 1132 3660 μοι,
1178 3589 1269 3641 καὶ
1314 3586 1577 3658 ἐπέμενον
1608 3585 1686 3654 τῷ
1727 3584 2010 3653 αἰτήματι,

444 3679 653 3746 ἀλόγως
711 3680 1031 3751 βιαζόμενος
1078 3678 1137 3731 τὸ
1191 3677 1402 3748 θέλημα
1449 3677 1542 3730 τοῦ
1588 3675 1746 3738 Θεοῦ,
1801 3676 1893 3729 καὶ
1939 3675 2014 3744 μὴ

443 3771 723 3833 ἀποδιδοὺς
756 3773 926 3840 αὐτῷ,
969 3771 1056 3823 ἵνα
1096 3769 1124 3821 ὃ
1167 3765 1274 3822 οἵδε
1310 3769 1587 3839 συμφέρον
1619 3766 1780 3829 αὐτὸς
1817 3765 2015 3834 μᾶλλον

443 3862 793 3933 οἰκονομήσῃ,
850 3862 944 3914 καὶ
997 3861 1177 3930 μέντοι
1226 3859 1426 3925 λαϐὼν,
1477 3858 1700 3927 ὕστερον
1746 3853 2016 3925 ἠχθέσθην

444 3947 585 4014 λίαν,
636 3951 768 4003 διότι
823 3950 1020 4019 μᾶλλον
1073 3951 1133 4002 τὸ
1185 3949 1429 4019 βούλημα
1475 3945 1670 4000 ἑαυτοῦ
1725 3944 2016 4016 ᾐτησάμην

447 4041 719 4110 γενέσθαι·
749 4043 808 4093 οὐ
841 4040 950 4111 γὰρ
979 4039 1217 4093 τοιοῦτόν
1247 4057 1337 4110 μοι
1363 4040 1639 4109 ἀπήντησε
1666 4036 1725 4089 τὸ
1762 4036 2015 4105 πρᾶγμα,

448 4130 558 4187 οἷον
584 4134 849 4204 ἐνόμιζον.

1029 4272 1277 4324 ΚΕΦΑΛ.
1319 4269 1438 4324 AI".

520 4381 586 4433 Τί
614 4381 738 4435 ἄλλο
779 4383 1002 4450 ἀγαθὸν,
1046 4382 1158 4436 ἀλλ’
1191 4382 1224 4452 ἦ
1263 4382 1433 4447 Θεός;
1473 4381 1681 4435 Οὐκοῦν
1711 4378 1858 4449 αὐτῷ
1887 4379 2023 4431 ἁπο-

2118 3256 2197 3311 Tu
2227 3272 2354 3312 vero
2386 3272 2491 3312 non
2528 3257 2631 3310 hoc
2659 3256 2882 3310 omnino
2909 3255 3172 3324 exquiris.

2674 3387 2902 3444 CAPUT
2935 3388 3154 3442 XXXII.

2191 3500 2356 3569 Saepe,
2389 3499 2515 3554 dum
2553 3515 2789 3563 orarem,
2829 3499 2980 3568 petii,
3018 3499 3147 3551 mihi
3181 3499 3320 3558 lteri,
3372 3497 3513 3564 quod
3551 3496 3695 3549 arbi-

2123 3600 2297 3645 tratus
2328 3605 2448 3645 sum
2477 3591 2680 3645 bonum
2714 3589 2844 3643 mihi
2893 3591 3029 3652 fore,
3069 3591 3234 3658 inque
3266 3589 3524 3658 petitione
3559 3589 3695 3641 irra-

2125 3681 2452 3736 tionabiliter
2490 3682 2902 3751 perseverabant
2937 3679 3121 3752 485,
3158 3681 3248 3734 Dei
3279 3696 3478 3750 cogens
3507 3681 3696 3734 volun-

2125 3783 2307 3836 tatem,
2342 3779 2441 3828 nec
2469 3774 2569 3843 ipsi
2596 3776 2916 3839 concedens,
2939 3784 2999 3827 ut
3021 3774 3162 3840 quod
3190 3773 3274 3826 ille
3298 3772 3535 3826 futurum
3569 3774 3697 3826 utile

2124 3865 2356 3930 noverit,
2387 3865 2760 3934 dispensaret;
2803 3876 2858 3920 et
2905 3865 3122 3935 quidem
3175 3881 3296 3919 cum
3349 3865 3694 3932 recepissem,

2126 3967 2400 4026 postremo
2425 3958 2585 4012 nimis
2621 3958 2858 4027 graviter
2891 3960 3008 4022 tuli,
3040 3974 3106 4013 eo
3134 3958 3276 4028 quod
3306 3973 3479 4012 meam
3519 3957 3697 4026 potius

2127 4050 2459 4104 voluntatem
2499 4051 2615 4104 ﬁeri
2648 4052 2957 4120 petiissem;
2985 4067 3083 4105 nec
3115 4051 3257 4105 enim
3287 4065 3372 4104 res
3411 4050 3544 4104 mihi
3575 4050 3697 4104 talis

2126 4141 2325 4211 evenit,
2367 4144 2582 4212 qualem
2616 4144 3016 4198 existimabam.

2657 4276 2884 4332 CAPUT
2921 4277 3158 4333 XXXIII.

2205 4387 2342 4454 Quid
2369 4388 2516 4442 aliud
2547 4389 2780 4452 bonum,
2827 4389 2929 4444 nisi
2963 4391 3145 4444 Deus?
3173 4389 3335 4460 igitur
3357 4389 3404 4443 ei
3455 4387 3700 4443 remitta-

451 4471 630 4543 δῶμεν
663 4475 838 4528 πάντα
871 4476 938 4528 τὰ
983 4475 1104 4528 καθ’
1153 4477 1320 4545 ἡμᾶς,
1370 4475 1462 4526 καὶ
1499 4472 1568 4528 -εὗ
1616 4476 1745 4545 ἡμῖν
1790 4471 2009 4524 ἕσταιιέ

2131 4494 2272 4544 mus,
2306 4495 2424 4549 quae
2441 4479 2506 4533 ad
2530 4494 2628 4533 nos
2650 4480 2921 4548 pertinent
2939 4481 3142 4544 omnia,
3161 4491 3215 4534 et
3239 4481 3374 4550 bene
3397 4479 3550 4532 nobis
3568 4479 3699 4541 erit;

455 4568 563 4635 γὰρ
613 4567 816 4634 ἀγαθὸς
862 4568 1106 4631 πάντως,
1164 4566 1262 4619 καὶ
1315 4565 1535 4634 ἀγαθῶν
1587 4567 1702 4618 ἐστι
1756 4563 2028 4634 παροχεὺς

455 4658 695 4730 δωρεῶν.

1040 4795 1286 4847 ΚΕΦΛΛ.
1329 4795 1444 4846 AA’.

528 4925 620 4998 Μὴ
652 4927 727 4990 ὼς
753 4929 809 4980 ὲν
833 4927 1057 4998 δυνάμει
1087 4929 1467 4998 κομιζόμενος,
1498 4927 1700 4989 εύθέως
1729 4926 1790 4978 τὸ
1821 4925 2030 4992 αἴτημα

462 5015 658 5086 ζήτει·
726 5019 973 5089 βούλεται
1042 5022 1148 5091 γάρ
1203 5037 1261 5072 σε
1319 5019 1411 5071 ἐπὶ
1464 5018 1623 5070 πλέον
1674 5015 2032 5088 εὐεργετῆσαι

463 5108 979 5179 προσκαρτεροῦντα
1036 5110 1183 5179 αύτῴ
1234 5111 1292 5162 ὲν
1343 5113 1408 5180 τῇ
1457 5112 1733 5183 προσευχῇ
1763 5125 1775 5139 ο
1825 5109 1877 5160 τι
1925 5107 2034 5177 γὰρ

463 5199 733 5272 ἀνώτερον
762 5202 855 5254 τοῦ
880 5201 960 5272 τῷ
991 5201 1109 5271 Θεῷ
1136 5201 1500 5272 προσομιλεῖν,
1531 5201 1622 5254 καὶ
1649 5202 1713 5270 τῇ
1747 5200 1853 5267 προ
1874 5198 2036 5251 αὐτὸν

467 5295 724 5364 συνουσίᾳ
745 5295 1114 5365 περισπᾶσθαι
1132 5311 1145 5359 ;

1048 5430 1271 5482 ΚΕΦΑΛ
1283 5471 1294 5483 .
1337 5431 1378 5482 Λ
1387 5431 1457 5482 E'.

539 5564 819 5632 Προσευχή
855 5566 1000 5616 ἐστιν
1027 5563 1290 5624 ἀνάὅασις
1319 5559 1410 5614 νοῦ
1447 5561 1582 5631 πρὸς
1615 5561 1766 5613 Θεόν.

556 5737 598 5765 ⁷⁷
630 5741 932 5806 Mattlmn,
963 5743 1035 5807 7;
1074 5742 1199 5796 Inc.
1237 5758 1308 5806 ιιι,
1339 5744 1390 5794 9.
1468 5742 1511 5770 ⁷⁸
1541 5740 1727 5793 Matth.
1769 5754 1839 5802 vt,
1880 5738 1960 5790 l0.

2132 4570 2246 4638 ipse
2273 4572 2415 4625 enim
2464 4571 2688 4624 omnino
2716 4571 2891 4626 bonus
2921 4579 3024 4634 est,
3063 4571 3442 4638 bonorumque
3483 4569 3705 4638 largitor

2132 4663 2428 4715 donorum.

2657 4793 2884 4848 CAPUT
2935 4791 3176 4846 XXXIV.

2206 4924 2284 4980 Ne
2303 4935 2558 4996 tanquam
2579 4927 2632 4980 in
2656 4936 2920 4996 potestate
2943 4928 3236 4997 procedens
3250 4926 3558 4995 petitionem
3577 4941 3708 4978 con-

2145 5017 2324 5070 festim
2355 5018 2644 5086 exquiras;
2687 5019 2800 5073 vult
2825 5020 2968 5073 enim
3011 5020 3107 5073 tibi
3141 5019 3430 5088 plurimum
3465 5018 3708 5071 conferre

2135 5106 2452 5162 beneﬁcium
2474 5110 2838 5178 perseveranti
2863 5110 2913 5163 in
2935 5110 3216 5175 oratione;
3245 5108 3373 5178 quid
3413 5108 3554 5162 enim
3581 5110 3710 5160 sub-

2135 5199 2338 5265 Iimius,
2391 5215 2554 5269 quam
2587 5200 2754 5254 Deum
2785 5201 3009 5271 alloqui,
3069 5210 3123 5255 et
3151 5201 3320 5270 ipsius
3351 5199 3704 5254 cireumtrahi

2138 5292 2572 5347 consuetudine?

2668 5419 2896 5475 CAPUT
2935 5419 3151 5474 XXXV.

2215 5555 2400 5609 Oratio
2435 5567 2514 5610 est
2571 5571 2829 5612 ascensus
2861 5561 3064 5613 mentis
3097 5556 3161 5608 ad
3185 5554 3374 5607 Deum.
