3990 6204
298 351 434 418 1175

835 463 1061 520 CAPUT
1103 463 1338 518 XXXVI.

364 583 421 634 Si
453 594 610 632 orare
641 579 848 646 cupias,
880 577 1133 634 omnibus
1171 588 1446 645 renuntia,
1484 573 1749 634 ut'omnia
1789 587 1882 642 tibi

291 673 484 736 cedant
520 671 571 722 in
607 670 1001 723 Itmt‘editatem.

797 780 1024 837 CAPUT
1061 781 1327 838 XXXVII.

358 898 466 953 Ora
497 897 672 970 primo
711 907 768 951 ut
804 899 1100 968 purgerisa
1130 898 1498 968 passionibus,
1533 909 1586 953 et
1613 899 1876 954 secundo.

293 1003 353 1046 ut
377 993 589 1048 eruaris
613 991 681 1046 ab
710 992 1037 1060 ignorantia.
1066 1000 1121 1046 et
1151 991 1332 1058 tertio,
1380 1001 1438 1045 ut
1478 993 1546 1046 ab
1579 992 1728 1047 omni
1757 999 1875 1046 ten-

291 1085 495 1140 tatione
522 1093 685 1153 atque
709 1083 1058 1138 derelictione
1080 1083 1368 1152 liberer-15.3

688 1283 856 1356 436
881 1283 1109 1338 CAPUT
1148 1282 1441 1338 XXXVIII.

363 1399 418 1452 In
455 1398 703 1452 oratione
754 1406 845 1452 tua
888 1399 1060 1452 solam
1115 1399 1332 1466 require
1358 1398 1626 1466 justitiam
1651 1441 1666 1464 ,
1699 1408 1754 1454 et
1783 1415 1872 1454 re-

1791 357 1855 418 S.
1892 357 2056 430 NILI

1908 478 1958 534 Α

3427 354 3563 416 1176

2567 477 2816 542 tim-AA,
2856 481 2992 547 Λςσ.

2057 588 2118 638 Ei
2148 587 2545 657 προσεύξασθαι
2575 591 2778 657 ποθεῖς,
2810 593 3079 660 ἀπὸταξαι
3110 595 3223 658 τοῖς
3265 590 3514 658 σύμπασι
3528 610 3568 653 κ.

1989 678 2074 731 ἵνα
2106 679 2166 730 τὺ
2199 682 2308 734 πᾶν
2342 682 2440 753 κλη
2453 686 2780 759 ρονομήσῃς.

2557 797 2807 851 ΚΕΦΑΛ.
2849 795 2966 854 ΛΖ’.

2054 905 2364 975 Προσεύχου
2414 907 2680 977 πρότερον
2732 909 2862 980 περὶ
2907 909 2999 963 τοῦ
3053 911 3391 982 καθαρθῆναι
3443 915 3559 969 τῶν

1981 997 2192 1059 παθῶν,
2243 998 2338 1049 καὶ
2381 996 2632 1068 δεύτερον
2677 1000 2806 1068 περὶ
2851 998 2944 1051 τοῦ
2999 1001 3258 1072 ρυσθῆναι
3302 1004 3410 1056 ἀπὸ
3455 1005 3557 1073 τῆς

1977 1089 2284 1156 ἀγνωσίας,
2333 1090 2426 1142 καὶ
2467 1089 2651 1160 τρίτον
2700 1089 2808 1142 ἀπὸ
2853 1091 3052 1154 παντὸς
3104 1093 3409 1164 πειρασμοῦ
3457 1093 3556 1146 καὶ

1977 1180 2436 1251 ἐγκαταλείψεως.

2555 1296 2808 1350 ΚΕΦᾹΛ.
2853 1297 2980 1354 AII'.

2042 1409 2226 1480 Μόνην
2259 1408 2410 1479 ζήτει
2445 1409 2501 1462 ὲν
2526 1413 2591 1479 τῇ
2618 1413 2894 1482 προσευχῇ
2928 1427 3021 1463 σου
3051 1411 3151 1481 τὴν
3174 1410 3544 1480 δικαιοσύνην,

293 1505 488 1559 gnum,
525 1488 575 1542 id
609 1499 693 1542 est
731 1487 983 1541 virtutem
1007 1528 1021 1548 ,
1062 1499 1114 1542 et
1153 1487 1540 1558 cognitionem,
1583 1497 1638 1544 et
1673 1499 1864 1547 caetera

1991 1505 2067 1558 ιαὶ
2099 1505 2197 1576 τὴν
2251 1504 2549 1575 βασιλείαν,
2599 1505 2844 1559 τουτέστι
2880 1507 2980 1575 τὴν
3027 1505 3250 1576 ἀρετὴν,
3306 1507 3402 1560 καὶ
3447 1507 3546 1576 τὴν

291 1581 473 1637 omnia
508 1579 602 1634 tibi
635 1578 982 1647 adjicientur.

829 1695 1058 1751 CAPUT
1093 1695 1330 1752 XXXIX.

1969 1595 2190 1660 γνῶσιν,
2219 1597 2314 1649 καὶ
2341 1595 2412 1648 τὰ
2441 1595 2606 1649 λοιπὰ
2633 1595 2811 1650 πάντα
2845 1595 3278 1665 προστεθήσεται
3314 1611 3417 1647 σοι.

2557 1710 2810 1765 ΚΕΦΑΛ.
2851 1708 2976 1763 ΛΘ’.

361 1812 572 1867 Justum
614 1820 697 1866 est
731 1827 840 1876 non
883 1811 1056 1869 solum
1090 1826 1184 1878 pro
1216 1813 1434 1880 propria
1483 1813 1864 1870 emundatioue

2039 1828 2276 1891 Δίκαιον,
2309 1827 2386 1897 μὴ
2418 1827 2578 1898 μόνον
2607 1827 2737 1897 περὶ
2776 1827 2984 1889 οἰκείας
3023 1825 3342 1895 καθάρσεως
3375 1841 3543 1895 προσ-

291 1919 470 1968 orare,
505 1904 596 1958 sed
639 1913 692 1958 et
724 1918 821 1972 pro
850 1904 996 1957 omni
1026 1903 1349 1968 contribulc,
1386 1913 1444 1960 ut
1491 1906 1712 1960 modum
1745 1907 1867 1960 imi-

293 1998 422 2053 teris
444 1997 772 2068 angellcutn.
1033 2003 1036 2006 λ

902 2108 1130 2164 CAPUT
1162 2109 1280 2164 XL.

356 2223 512 2289 Vide,
551 2240 618 2278 an
654 2239 777 2278 vere
811 2223 917 2275 Deo
949 2232 1038 2277 tua
1081 2224 1132 2276 in
1166 2224 1409 2278 oratione
1430 2225 1744 2291 adltaescris,
1784 2227 1866 2278 vel

288 2333 354 2372 an
412 2316 695 2369 hominum
730 2314 968 2370 vincaris
1021 2315 1216 2376 laude,
1271 2315 1525 2384 illamque
1571 2318 1866 2372 contendas

285 2409 584 2478 aucupari,
635 2407 897 2463 orationis
946 2417 1101 2464 utens
1159 2409 1651 2479 rcprteseutatione,
1702 2408 1865 2463 veluti

286 2499 544 2572 tegmine,

878 2607 1104 2665 CAPUT
1153 2608 1290 2663 XLI.

356 2723 480 2778 Sive
505 2740 628 2779 cum
657 2724 920 2778 fratribus
957 2741 1102 2784 ores.
1144 2725 1258 2778 sive
1301 2724 1474 2791 solus,
1506 2739 1727 2789 conare,
1755 2741 1864 2781 non

286 2818 701 2883 consuetudine,
730 2819 824 2872 sed
865 2833 1030 2872 sensu
1063 2833 1242 2872 orare.

851 2930 1078 2986 CAPUT
1119 2931 1280 2988 XLII.

359 3043 644 3114 Proprium
673 3042 939 3098 orationis
971 3052 1053 3098 est
1083 3044 1296 3098 interna
1329 3045 1586 3113 cogitatio
1618 3046 1862 3101 cumde-

284 3147 409 3191 vota
467 3137 664 3206 pietate
719 3146 773 3190 et
819 3135 1257 3204 con'tpunctione,
1305 3137 1606 3205 animaeque
1651 3137 1856 3203 dolore,

284 3239 505 3304 peccata
537 3244 658 3281 cum
692 3229 860 3282 mutis
891 3227 1142 3296 suspiriis
1174 3229 1503 3284 conlilendo.

853 3339 1082 3396 CAPUT
1115 3339 1295 3394 XLIII.

355 3455 411 3509 Si
449 3463 540 3510 tua
572 3471 727 3510 mens
759 3456 932 3510 aetatis
983 3453 1168 3509 ﬂorem
1213 3455 1266 3508 in
1315 3463 1557 3523 tempore
1597 3456 1861 3510 orationis

281 3549 516 3613 ali‘ectet,
546 3548 784 3602 nondum
819 3555 877 3601 ut
906 3549 1211 3602 monachus
1242 3556 1386 3610 orat,
1421 3547 1512 3602 sed
1561 3547 1859 3602 etiamnum

282 3641 558 3698 mundana
591 3650 692 3705 est,
733 3641 974 3709 exterius
1009 3641 1418 3702 tabernaculum
1452 3655 1747 3695 exornans.

748 3844 913 3917 537
951 3841 1180 3898 CAPUT
1212 3840 1396 3898 xmv.

352 3960 488 4014 Dum
521 3973 666 4026 oras,
700 3968 870 4023 tuam,
892 3974 988 4026 pro
1015 3957 1243 4023 viribus,
1269 3956 1478 4011 custodi
1516 3956 1857 4021 memoriam,

280 4065 340 4108 ut
374 4069 472 4108 sua
504 4053 719 4123 propria
753 4068 858 4106 non
893 4051 989 4104 tibi
1032 4057 1318 4120 proponat,
1345 4049 1439 4102 sed
1485 4057 1534 4102 te
1559 4056 1773 4102 moveat
1792 4047 1859 4101 ad

280 4148 642 4216 cognitionem
689 4145 1030 4201 extensionis
1072 4143 1137 4198 ad
1173 4143 1374 4206 Deum;
1407 4141 1668 4196 memoria
1703 4156 1859 4194 nam-

281 4255 387 4307 que
427 4239 629 4292 assolet
663 4239 894 4291 multum
930 4235 1228 4306 depraedari
1266 4245 1498 4289 mentem
1544 4235 1686 4288 circa
1721 4243 1858 4288 tem-

281 4347 383 4401 pus
414 4329 695 4397 orationis.

853 4437 1078 4495 CAPUT
1123 4437 1279 4493 XLV.

347 4559 456 4611 Aut
481 4565 690 4611 veteres
720 4572 898 4610 rerum
921 4555 1340 4625 imaginationes
1390 4557 1486 4610 tibi
1517 4556 1693 4611 oranti
1727 4573 1852 4628 pro-
1886 4534 1929 4589 Ῑ)

278 4649 428 4705 ducit
457 4649 739 4714 memoria,
772 4658 865 4703 aut
889 4663 1056 4702 novas
1084 4663 1264 4715 curas,
1284 4658 1378 4712 aut
1405 4664 1691 4719 personam
1736 4649 1854 4720 ejus

279 4743 372 4813 qui
403 4751 454 4798 to
481 4742 669 4798 dolore
697 4741 895 4810 aII'ecit.

861 4852 1086 4909 CAPUT
1116 4853 1303 4908 XLVI.

350 4969 516 5026 Valde
553 4969 755 5024 invidet
785 4970 999 5024 daemon
1039 4970 1250 5025 homini
1283 4971 1484 5035 oranti,
1533 4987 1858 5041 omnemque

277 5063 588 5119 machinam
632 5063 869 5128 adhibet,
919 5073 977 5118 ut
1014 5063 1134 5133 ejus
1173 5064 1528 5120 intentionem
1569 5065 1852 5135 inquinet;

283 5172 393 5209 mm
409 5164 585 5210 cessat
611 5155 774 5224 igitur
807 5171 900 5224 per
931 5157 1248 5212 memoriam
1271 5157 1628 5226 cogitationes
1663 5159 1854 5212 barum

282 5263 462 5324 rerum
493 5263 859 5310 commovere,
885 5263 1184 5317 omnesque
1209 5251 1495 5318 passiones
1512 5267 1608 5318 per
1633 5267 1852 5306 carnem

284 5347 542 5408 tamquam
592 5339 834 5394 vectibus
883 5340 1241 5406 subexcitare,
1287 5349 1346 5394 ut
1382 5343 1643 5411 impedire
1685 5347 1858 5414 possit

283 5431 544 5497 optimum
576 5431 747 5500 ipsius
780 5447 1023 5498 cursum,
1055 5442 1109 5487 et
1137 5448 1416 5488 accessum
1449 5435 1515 5489 ad
1559 5435 1749 5493 Deum.

842 5569 1070 5626 CAPUT
1096 5533 1307 5623 XLVII.

355 5680 584 5746 Quando
616 5684 1056 5753 improbissimus
1087 5687 1297 5739 (Immon
1346 5685 1574 5754 plurima
1611 5687 1852 5748 molitus,

286 5773 516 5827 studiosi
546 5775 844 5829 orationem
879 5777 1139 5843 impedire
1190 5793 1292 5832 non
1335 5779 1587 5845 potuerit,
1643 5795 1856 5848 parum—

1971 1919 2242 1989 εύχεσθαι,
2285 1919 2421 1973 ἀλλὰ
2465 1920 2559 1972 καὶ
2591 1920 2722 1988 περὶ
2762 1919 2961 1982 παντὸς
2989 1918 3288 1989 ὁμοφύλου,
3328 1917 3417 1971 ἵνα
3441 1917 3544 1985 ἀγ-

1969 2009 2183 2078 γελικδν
2218 2027 2276 2080 μι
2284 2010 2358 2080 μή
2368 2027 2434 2081 σῃ
2465 2010 2685 2082 τρόπον.

2563 2123 2813 2175 ΚΕΦΑΛ.
2852 2123 2941 2176 Μ’.

2041 2237 2200 2305 Ὅρα,
2243 2235 2335 2288 ἐὰν
2365 2235 2582 2304 ἀληθῶς
2621 2233 2740 2304 Θεῷ
2783 2233 3137 2304 παρέστηκας
3167 2233 3226 2286 ἐν
3266 2234 3329 2303 τῇ
3369 2247 3541 2302 προσ-

1969 2327 2099 2396 ευχῇ
2133 2343 2248 2386 σου,
2281 2325 2313 2395 ἢ
2349 2326 2553 2396 ἐπαίνῳ
2585 2324 2884 2394 ἀνθρώπων
2917 2325 3167 2394 ήττᾶσαι,
3213 2325 3310 2375 καὶ
3333 2323 3538 2375 τούτων

1968 2419 2140 2486 θηρᾷν
2172 2417 2390 2486 ἐπείγῃ.
2433 2414 2620 2485 ὥσπερ
2655 2413 3072 2486 ἐπικαλύμματι
3100 2411 3439 2484 κεχρημένος
3469 2414 3536 2482 τῇ

1968 2509 2308 2578 παραστάσει
2341 2507 2440 2576 τῆς
2475 2505 2805 2577 προσευχῆς.

2543 2619 2794 2672 ΚΕΦΑΛ.
2833 2620 2969 2671 MA'.

2036 2733 2161 2786 Εἴτε
2192 2733 2330 2803 μετὰ
2364 2733 2606 2802 ἀδελφῶν
2655 2731 2952 2805 προσεύχῃ,
2999 2733 3107 2784 εἴτε
3154 2731 3297 2785 κατὰ
3341 2730 3535 2800 μόνας,

1964 2825 2253 2893 ἀγώνισαι,
2287 2825 2363 2896 μὴ
2393 2825 2526 2890 ἔθει,
2568 2825 2705 2878 ἀλλὰ
2736 2825 2984 2895 αἰσθήσει
3017 2822 3436 2895 προσεύχεσθαι.

2540 2939 2794 3001 ΚΕΦΑΛ.
2833 2940 2888 2992 Μ
2896 2937 2964 2992 Β’.

2032 3050 2204 3118 'HOo;
2236 3054 2353 3108 ἐστὶ
2383 3054 2695 3126 προσευχῆς
2725 3053 2942 3106 σύννοια
2970 3053 3088 3123 μετ’
3114 3050 3415 3114 εὐλαϐείας,
3439 3050 3536 3104 καὶ

1963 3146 2331 3212 κατανύξεως,
2367 3147 2460 3199 καὶ
2488 3145 2682 3215 ὀδύνης
2709 3146 2885 3214 ψυχῆς
2912 3145 2969 3197 ἐν
2998 3142 3346 3214 ἐξαγορεύσει
3377 3157 3538 3196 πται-

1964 3243 2187 3314 σμάτων
2227 3243 2366 3314 μετὰ
2395 3241 2721 3314 στεναγμῶν
2752 3238 3006 3310 ἀφώνων.

2545 3356 2796 3410 ΚΕΦΑΛ.
2836 3356 2969 3410 MT".

2045 3471 2169 3524 Ἐὰν
2195 3469 2592 3542 περιῆλέπηται
2621 3470 2648 3522 6
2678 3468 2803 3531 νοῦς
2832 3485 2922 3521 σου
2951 3466 3136 3536 ἀκμὴν
3162 3466 3222 3519 ὲν
3250 3464 3329 3535 τῷ
3357 3464 3538 3536 καιρῷ

1949 3565 2058 3639 τῆς
2106 3563 2442 3634 προσευχῆς,
2499 3561 2710 3615 ούδέπω
2739 3561 2813 3624 ὡς
2870 3558 3104 3630 μοναχδς
3149 3557 3534 3628 προσεύχεται,

1959 3655 2075 3710 ἀλλ’
2111 3657 2192 3710 ἔτι
2239 3655 2501 3728 κοσμικός
2548 3658 2682 3719 ἐστι,
2718 3654 2816 3726 τὴν
2859 3651 3057 3719 ἔξωθεν
3090 3648 3295 3720 σκηνὴν
3329 3649 3538 3704 καλλω-

1961 3748 2157 3813 πίζων.

2546 3859 2798 3912 ΚΕΦΑΛ.
2839 3858 2970 3911 ΜΔ’.

2031 3970 2492 4041 Προσευχόμενος,
2523 3968 2623 4035 τὴν
2647 3967 2868 4037 μνήμην
2902 3981 2996 4018 σου
3023 3963 3250 4032 δυνάμει
3275 3959 3530 4030 φύλαττε,

1961 4067 2047 4120 ἵνα
2087 4066 2161 4136 μὴ
2203 4067 2272 4119 τὰ
2319 4065 2496 4118 οἰκεῖα
2549 4061 2862 4132 παραθηταί
2912 4076 3015 4124 σοι,
3066 4059 3203 4112 ἀλλὰ
3252 4057 3389 4127 πρὸς
3432 4053 3534 4126 τὴν

1959 4159 2160 4230 γνῶσιν
2188 4159 2290 4226 τῆς
2336 4154 2696 4226 παρατάσεὼς
2747 4170 2806 4205 σε
2836 4154 2982 4222 κινῇ·
3025 4150 3151 4203 λίαν
3178 4149 3287 4220 γὰρ
3321 4148 3532 4217 πέφυκε

1961 4249 2224 4304 συλᾶσθαι
2255 4249 2283 4300 6
2331 4247 2451 4312 νοῦς
2505 4246 2610 4300 ὑπὸ
2641 4246 2741 4316 τῆς
2799 4245 3018 4316 μνήμης
3059 4244 3199 4298 κατὰ
3222 4241 3314 4299 τὸν
3341 4241 3534 4312 καιρὸν

1959 4344 2054 4414 τῆς
2087 4339 2417 4412 προσευχῆς.
2785 4327 2792 4332 ’

2545 4449 2794 4504 ΚΕΦΑΛ.
2833 4448 2968 4503 ME'.

2030 4571 2101 4624 Ἦ
2152 4568 2396 4622 παλαιῶν
2444 4567 2786 4638 πραγμάτων
2841 4565 2962 4633 ἄγει
3011 4580 3093 4616 σοι
3150 4560 3454 4632 φαντασίας
3503 4561 3538 4630 ἡ

1959 4665 2146 4735 μνήμη
2192 4661 2632 4732 προσευχομένῳ,
2681 4661 2714 4730 ἦ
2757 4658 2886 4723 νέας
2922 4657 3229 4730 φροντίδας,
3282 4655 3316 4725 ἢ
3367 4653 3538 4726 πρόσ-

1955 4773 2102 4812 ωπον
2132 4752 2524 4822 λελυπηκὸτος.

2526 4863 2776 4917 ΚΕΦΑΛ.
2816 4862 2968 4927 Μςσ.

2027 4979 2160 5033 Λίαν
2188 4975 2469 5048 βασκαίνει
2497 4977 2526 5029 6
2553 4974 2761 5043 δαίμων
2783 4970 3058 5043 ἀνθρώπῳ
3081 4963 3534 5039 προσευχομένῳ,

1959 5074 2052 5128 καὶ
2094 5072 2239 5142 πάσῃ
2275 5069 2472 5140 χρᾶται
2513 5068 2752 5138 μηχανῇ,
2800 5061 3142 5132 λυμήνασθαι
3188 5059 3283 5112 τὸν
3339 5058 3533 5110 τούτου

1960 5164 2180 5217 σκοπόν·
2220 5162 2282 5214 ού
2317 5159 2551 5213 παύεται
2576 5152 2668 5210 οὖν
2697 5155 2766 5208 τὰ
2790 5154 3040 5223 νοήματα
3066 5150 3232 5204 κινῶν
3261 5148 3368 5202 τῶν
3397 5164 3535 5216 πραδ

1966 5257 2180 5326 γμάτων
2221 5252 2310 5306 διὰ
2354 5251 2452 5320 τῆς
2503 5251 2742 5320 μνήμης,
2790 5246 2884 5299 καὶ
2915 5243 3012 5296 ὅλα
3043 5243 3110 5296 τὰ
3143 5240 3293 5310 πάθη
3329 5241 3536 5307 ἀναμο-

1957 5348 2160 5422 χλεύων
2190 5345 2277 5398 διὰ
2323 5343 2421 5413 τῆς
2457 5341 2679 5412 σαρκὸς,
2731 5340 2816 5392 ἵνα
2865 5336 3154 5407 ἐμποδίσαι
3201 5332 3404 5402 δυνηθῇ
3458 5330 3535 5400 τῷ

1956 5438 2162 5511 ἀρίστῳ
2189 5432 2356 5491 αὑτοῦ
2389 5431 2596 5502 δρόμῳ,
2626 5430 2720 5481 καὶ
2746 5430 2812 5498 τῇ
2841 5425 2978 5498 πρὸς
3009 5424 3140 5477 Θεὸν
3169 5423 3424 5492 ὲκδημξᾳ.

2535 5566 2783 5620 ΚΕΦΑΛ.
2825 5563 2954 5618 ΜΖ’.

2031 5686 2196 5739 Ὅταν
2228 5683 2396 5738 πολλὰ.
2438 5682 2672 5752 ποιήσας
2700 5683 2728 5732 ὁ
2770 5678 3136 5747 πονηρότατος
3178 5673 3404 5744 δαίμων,
3457 5675 3535 5743 μὴ

1959 5781 2159 5848 δυνηθῇ
2191 5779 2479 5848 ἐμποδίσαι
2509 5778 2609 5848 τὴν
2637 5776 2729 5829 τοῦ
2765 5772 3052 5831 σπουδαίου
3085 5769 3414 5842 προσευχὴν,
3451 5790 3538 5842 μιν
