3994 6182
348 298 480 363 1177
1699 309 1796 368 DE
1824 309 1879 370 Ο.

1995 315 2154 378 ΓΙοΝ
2162 319 2227 377 Ε.
3448 336 3470 397 1
3483 336 3579 402 173

343 413 473 484 χρὸν
496 412 775 482 ὑποχαλᾷ,
808 414 900 465 καὶ
941 415 1234 483 μετέπειτα
1262 417 1526 486 ἀμύνεται
1567 419 1726 472 αὑτὸν
1749 438 1879 491 προσ

2018 443 2112 496 per
2137 432 2380 497 remittit,
2413 442 2466 488 et
2493 437 2834 504 postmodum
2869 439 3035 508 ipsius
3066 445 3156 511 qui
3201 447 3456 511 oraverit,
3487 465 3577 506 su-

340 503 658 571 ευξάμενον·
695 503 727 571 ἦ
763 503 870 569 γάρ
901 504 980 571 είς
1009 505 1178 574 ὀργήν
1207 505 1412 574 ἐξάψας
1438 508 1688 575 ἀφανίζει
1720 511 1817 581 τὴν
1847 515 1879 564 ἐ;

2018 491 2030 496 -
2369 491 2378 497 .
2493 491 2509 504 .
2889 491 3032 508 τνίη-
3071 491 3156 511 τέ-
3205 491 3456 514 ---“ν··’ν
3487 491 3551 506 νυ·

2015 524 2110 574 mit
2140 523 2465 592 vindictam;
2503 537 2596 580 aut
2627 530 2769 582 enim
2807 530 2872 584 ad
2905 530 3236 587 iracundiam
3264 537 3554 596 incendens

339 593 439 663 τῆς
487 594 654 662 εύχῆς
703 596 1177 666 συγκροτουμέν,ην
1218 599 1449 668 ἀρίστην
1489 601 1819 656 κατάστασιν
1852 606 1875 656 ἐ

2011 615 2274 682 optimum
2321 619 2648 672 exterminat
2698 629 2920 686 statum,
2965 622 3015 674 in
3067 624 3184 692 ipso
3215 642 3278 680 ex
3331 582 3577 686 oratione

340 686 539 756 ἐαυτῷ,
571 685 604 755 ἢ
638 685 773 757 πρὸς
808 687 999 758 ἡδονήν
1029 706 1148 741 τινα
1177 689 1368 758 ἀλογον
1413 691 1664 762 ἐρεθίσας
1700 693 1879 764 ὑϐρίςε

2011 706 2334 760 instructum
2365 727 2378 773 ;
2419 720 2510 762 aut
2537 711 2602 763 ad
2641 711 2876 780 aliquam
2910 719 3181 782 proritans
3209 718 3574 776 irrationalem

339 777 431 831 τὸν
461 777 605 832 νοῦν.
2009 798 2362 866 voluptatem,
2395 802 2563 854 menti
2599 777 3090 870 petulanter—infert
3118 808 3393 876 injuriam.

915 893 1164 947 ΚΕΦΑΛ.
1205 895 1344 950 MH'.

2450 914 2870 986 [ιδεωρυτ
2903 916 3132 972 XLVIII.

405 1005 850 1075 Προσευξάμενος
891 1005 966 1066 ὡς
1014 1007 1110 1070 δεῖ,
1164 1009 1439 1077 προσδόκα
1483 1008 1520 1062 ἃ.
1555 1008 1627 1080 μὴ
1667 1009 1766 1075 δεῖ,
1813 1027 1879 1063 κα

2077 1027 2134 1080 Si
2168 1028 2408 1082 oraveris
2437 1029 2512 1081 uti
2541 1031 2713 1092 decet,
2747 1040 3000 1100 exspecta
3037 1050 3157 1101 qum
3207 1051 3312 1088 non
3357 1038 3566 1103 decent,

337 1093 492 1163 στῆθι
521 1094 780 1165 ἀνδρείως
805 1095 1087 1163 φυλάττων
1114 1096 1203 1148 τὸν
1234 1098 1446 1169 καρπόν
1475 1116 1567 1152 σου
1593 1116 1607 1130 ·
1642 1103 1723 1162 είς
1747 1101 1879 1154 τοῦτ‹

2003 1126 2056 1172 et
2082 1129 2164 1172 sta
2197 1118 2459 1184 viriliter,
2500 1122 2735 1174 fructum
2779 1133 2929 1175 tuum
2979 1127 3317 1191 custodiens;
3352 1128 3417 1180 ad
3467 1128 3569 1182 hoc

332 1183 440 1251 γάρ
469 1184 526 1288 ἐξ
555 1184 730 1253 ἀρχῆς
757 1184 1010 1252 ἐτάχθης,
1044 1186 1393 1256 ἐργάζεσθαι,
1440 1191 1534 1241 καὶ
1569 1188 1858 1258 φυλάττειν

2002 1210 2144 1263 enim
2182 1226 2210 1263 a
2246 1211 2516 1281 principio
2552 1212 2704 1266 fuisti
2739 1217 3092 1280 constitutus,
3129 1227 3187 1270 ut
3216 1219 3482 1285 epereris,
3514 1226 3570 1271 et

335 1275 409 1340 μὴ
439 1275 531 1325 οὖν
559 1275 935 1344 ἐργασάμενος
983 1277 1150 1347 ἐάσῃς
1193 1278 1501 1345 ἀφύλακτον
1534 1279 1593 1332 τὸ
1622 1281 1853 1351 πονηθέν

2001 1303 2307 1357 custodires
2349 1321 2362 1356 :
2397 1319 2462 1357 ne
2511 1305 2693 1372 itaque
2737 1321 3007 1374 operans,
3055 1307 3196 1375 quod
3231 1309 3564 1362 elaboratum

329 1363 377 1415 εὶ
406 1362 461 1417 δὲ
493 1365 654 1433 μήγε,
672 1365 820 1418 οὐδὲν
850 1366 1135 1436 ὠφέλησας
1165 1369 1617 1440 προσευχόμενος.

1999 1401 2082 1446 est
2116 1393 2266 1447 sinas
2316 1393 2745 1461 incustoditum;
2779 1396 2830 1450 id
2861 1406 3040 1450 autem
3083 1398 3186 1452 nisi
3221 1397 3379 1463 faxis,
3432 1398 3566 1452 nihil

1998 1482 2204 1536 orando
2239 1484 2508 1551 proﬁcies.

905 1583 1156 1637 ΚΕΦΑΛ.
1197 1585 1332 1639 Μθι.
1543 1659 1548 1664 κ

2547 1595 2774 1650 CAPUT
2823 1596 3009 1654 XLIX.

400 1692 513 1755 Πᾶς
544 1693 572 1744 ό
603 1693 902 1765 συγκροτού
914 1711 1074 1764 μενος
1103 1696 1336 1766 πόλεμος
1383 1698 1585 1768 μεταξὺ
1618 1701 1648 1770 ή
1660 1700 1776 1769 μῶν
1807 1719 1879 1768 τε,

400 1785 852 1803 κμηκρκηρμ
1201 1789 1212 1803 .
1452 1789 1464 1803 .

2069 1728 2240 1785 Omne
2297 1731 2441 1800 quod
2493 1731 2776 1785 instruitur
2809 1731 3006 1784 bellum
3038 1732 3179 1786 inter
3236 1749 3335 1786 nos
3385 1735 3560 1803 impu-

327 1785 420 1839 καὶ
464 1785 572 1837 τῶν
623 1785 949 1855 ἀκαθάρτων
1005 1789 1330 1856 πνευμάτων
1351 1828 1365 1852 ,
1413 1789 1473 1841 ού
1526 1792 1651 1862 περὶ
1696 1791 1879 1861 ἐτέρου

327 1874 528 1896 -.!_.-_.__
586 1874 613 1896 Δ
655 1875 772 1896 _--\
829 1892 1067 1896 _-._,,u--_
1099 1880 1196 1896 U5,
1291 1895 1326 1896 κγ
1357 1895 1394 1896 ,,
1479 1879 1502 1889 ι-
1634 1879 1685 1896 \I
1831 1881 1840 1893 ι

2002 1833 2196 1887 rosque
2236 1780 2494 1887 spiritus,
2520 1833 2628 1870 non
2658 1819 2727 1872 ob
2747 1819 2890 1872 aliud
2921 1820 2996 1883 lit,
3023 1836 3183 1890 quam
3215 1822 3284 1875 ob
3306 1780 3561 1890 spiritua-

326 1874 554 1942 γίνεται,
586 1874 616 1946 ἢ
651 1875 778 1945 περὶ
825 1880 1198 1947 πνευματικῆς
1233 1879 1544 1949 προσευχῆς
1570 1896 1583 1909 ·
1634 1879 1754 1933 λίαν
1783 1881 1879 1952 γάρ

326 1963 580 1988 -ΑἼΙ.---,
637 1967 812 1988 ,μον-,9-
860 1968 965 1988 ’.μμ
1054 1969 1138 1988 μμὶ
1196 1971 1238 1988 ιν
1275 1987 1282 1988 ,
1339 1969 1390 1988 A,
1415 1987 1430 1988 κ
1482 1972 1492 1986 σ
1670 1973 1682 1988 ι
1743 1975 1764 1988 σε
1841 1971 1879 1988 In

1995 1911 2098 1964 lem
2128 1910 2426 1964 orationem
2452 1926 2467 1973 ;
2497 1910 2649 1963 valde
2677 1926 2910 1979 namque
2943 1912 3071 1980 ipsis
3107 1912 3315 1988 hostilis
3351 1924 3449 1975 est,
3497 1930 3560 1968 ac

322 1963 580 2035 πολέμιος
630 1967 812 2030 αὐτοῖς
856 1968 991 2033 ἐστι,
1051 1969 1146 2022 καὶ
1193 1969 1604 2041 ἐπαχθεστάτη,
1659 1973 1792 2043 ἡμῖν
1837 1971 1879 2023 δὲ

1995 2000 2224 2054 maxime
2264 1998 2507 2064 inimica,
2543 2000 2698 2054 nobis
2726 2011 2906 2054 autem
2956 1982 3228 2066 salutaris,
3264 2018 3325 2056 ac
3360 2003 3555 2072 jucun-

322 2058 604 2128 σωτήριος,
638 2058 730 2112 καὶ
761 2059 1193 2130 προσηνεστάτη.

1995 2092 2232 2145 dissima.
3541 2075 3544 2078 ’

2613 2263 2838 2319 CAPUT
2876 2262 2937 2316 L.

2057 2375 2167 2431 Cur
2199 2375 2387 2430 volunt
2410 2375 2676 2430 daemones
2708 2376 2759 2429 in
2790 2377 2946 2430 nobis
2980 2379 3193 2446 operari
3224 2380 3421 2447 gulam,
3447 2380 3558 2434 for-

1987 2467 2333 2529 nicatiouem,
2377 2467 2681 2528 avaritiam,
2735 2467 3094 2533 iracundiam,
3142 2480 3192 2522 et
3235 2470 3549 2538 injuriarum

1988 2559 2442 2622 recordationem,
2481 2575 2544 2612 ac
2601 2559 2835 2628 reliquas
2879 2559 3194 2628 passiones?
3225 2572 3282 2615 ut
3329 2579 3391 2616 ex
3428 2564 3558 2631 Iltbln

1985 2669 2138 2708 mens
2165 2653 2462 2708 incrassata
2499 2670 2606 2708 non
2639 2654 2830 2723 possit,
2864 2655 3004 2707 sicut
3037 2655 3190 2709 decet
3213 2670 3369 2709 orare
3394 2675 3407 2722 ;
3435 2669 3554 2709 mm

1984 2745 2293 2820 passiones,
2323 2761 2445 2814 qua:
2466 2746 2534 2799 ab
2555 2735 2867 2798 irrationali
2897 2755 3050 2815 parte
3077 2754 3298 2799 sumunt
3320 2745 3558 2810 initium,

1986 2851 2095 2890 non
2126 2836 2311 2890 sinunt
2355 2852 2474 2890 eam
2523 2837 2859 2889 rationaliter
2908 2838 3148 2899 moveri,
3194 2835 3391 2906 Deique
3427 2837 3556 2896 Ver.

1982 2928 2112 2982 bum
2150 2928 2443 2998 inquirere.

897 3056 1145 3107 ΚΕΦΑΛ.
1186 3054 1316 3109 NA’.

2574 3039 2799 3094 CAPUT
2831 3039 2916 3092 LI.

380 3170 489 3232 Τάς
521 3167 724 3239 ἀρετάς
759 3165 1132 3237 μετερχόμεθα
1157 3165 1243 3218 διά
1277 3164 1620 3232 τοὺςκλόγους
1647 3161 1755 3214 τῶν
1780 3178 1873 3229 γε-

2054 3149 2294 3205 Virtutes
2324 3161 2703 3205 consectamur
2723 3151 2794 3204 ob
2825 3152 3083 3212 rationes,
3113 3165 3207 3204 seu
3239 3165 3434 3204 causas
3465 3165 3547 3203 re-

307 3261 559 3331 γονότων,
611 3259 702 3310 καὶ
750 3256 972 3320 τούτους
1014 3257 1102 3310 διὰ
1139 3256 1228 3309 τὸν
1265 3252 1604 3308 οὐσιώσαντα
1648 3251 1872 3321 Κύριον,

1995 3260 2096 3298 -um
2155 3253 2463 3299 creatarum
2492 3283 2507 3308 ,
2544 3253 2599 3298 et
2642 3244 2776 3299 istas
2829 3255 3044 3313 propter
3094 3243 3404 3302 Dominum.
3455 3247 3542 3309 qui

307 3345 460 3414 οὗτος
490 3350 546 3402 δέ
577 3351 634 3402 ἐν
658 3351 726 3419 τῇ
755 3349 1084 3402 καταστάσει
1117 3349 1213 3418 τῆς
1242 3345 1549 3418 προσευχῆς
1579 3344 1875 3413 ἀναφαίνε-

1995 3350 2161 3388 earum
2189 3336 2459 3389 essentias
2493 3335 2735 3389 condidit
2764 3352 2776 3389 :
2803 3336 2916 3404 ipse
2941 3345 3119 3389 autem
3158 3335 3210 3388 in
3243 3343 3387 3387 statu
3424 3346 3549 3387 ora—

307 3440 431 3493 σθαι
463 3438 638 3492 είωθε.
1389 3491 1397 3493 Α

2001 3424 2142 3480 iouis
2175 3424 2511 3479 manifestari
2535 3427 2840 3479 consuevit.

891 3548 1139 3604 ΚΕΦᾹΛ.
1170 3547 1297 3601 ΝΒ¹.

2465 3535 2631 3606 (.39
2675 3534 2902 3589 CAPUT
2945 3536 3053 3590 LII.

2047 3641 2232 3696 Status
2270 3641 2534 3696 orationis
2597 3650 2680 3695 est
2738 3641 2954 3695 habitus
2992 3643 3197 3706 absque
3257 3643 3544 3709 passione,

1975 3752 2161 3790 amore
2192 3749 2404 3790 summo
2426 3735 2493 3787 ad
2517 3735 2894 3788 celsitudinem
2920 3735 3305 3802 intelligibiletn
3335 3735 3546 3800 rapiens

1974 3839 2210 3910 mentem
2242 3826 2540 3896 sapientem
2569 3866 2583 3891 ,
2611 3836 2666 3881 ct
2695 3826 3055 3895 spiritualem.
3091 3848 3103 3855 ·

2559 3936 2788 3992 CAPUT
2825 3937 2956 3991 LIII.

2043 4055 2091 4108 Is
2122 4055 2215 4123 qui
2252 4053 2448 4108 festino
2479 4052 2647 4121 gradu
2681 4051 2959 4107 contendit
2989 4065 3111 4104 vere
3153 4063 3345 4115 orare,
3389 4062 3552 4116 opor-

1976 4157 2046 4200 tet
2079 4155 2136 4200 ut
2165 4162 2269 4201 non
2307 4145 2482 4199 solum
2518 4144 2838 4206 iracundize,
2870 4151 3032 4212 atque
3063 4140 3345 4210 cupiditati
3373 4139 3547 4194 domi-

1973 4248 2158 4304 netur,
2194 4252 2378 4292 tverum
2411 4238 2580 4291 etiam
2622 4236 2831 4289 alienus
2863 4236 2934 4289 sit
2969 4250 2997 4288 a
3031 4234 3356 4304 cogitatione
3383 4273 3396 4296 ,
3429 4248 3549 4301 qua:

1973 4332 2172 4385 imbuta
2203 4331 2271 4385 sit
2298 4330 2568 4400 passione.

914 2280 1168 2334 ΚΕΦΑΛ.
1210 2279 1291 2333 N'.

385 2397 454 2449 Τί
487 2395 736 2467 βούλεται
770 2397 880 2457 τοῖς
909 2393 1126 2464 δαίμοσι
1157 2395 1396 2462 ἐνεργεῖν
1423 2394 1480 2444 ἐν
1509 2394 1638 2462 ἡμῖν
1665 2409 1889 2462 γαστρι-

319 2489 576 2559 μαργίαν,
611 2487 889 2556 πορνείαν,
925 2485 1308 2556 φιλαργυρίαν,
1358 2486 1525 2554 ὀργήν
1545 2501 1604 2535 τε
1633 2484 1726 2536 καὶ
1758 2501 1888 2554 μνη-

317 2579 597 2645 σικακίαν,
625 2581 720 2632 καὶ
745 2578 813 2631 τὰ
837 2577 1000 2631 λοιπά
1027 2577 1212 2646 πάθη;
1257 2576 1343 2629 ἵνα
1377 2577 1670 2645 παχυνθεὶς
1702 2578 1730 2628 ό
1761 2577 1884 2639 νοῦς

315 2672 376 2738 ἐξ
403 2673 602 2737 αὐτῶν,
637 2672 710 2742 μὴ
758 2670 956 2741 δυνηθῇ
993 2671 1068 2732 ὡς
1107 2669 1187 2722 δεῖ
1217 2668 1638 2738 προσεύξασθαι·
1676 2669 1743 2721 τὰ
1775 2667 1882 2736 γάρ

313 2766 407 2820 τοῦ
435 2766 629 2833 ἀλόγου
667 2766 867 2836 μέρους
913 2764 1058 2834 πάθη
1089 2763 1328 2834 ἄρξαντα
1360 2763 1458 2815 ούκ
1498 2764 1560 2832 ἐᾷ
1591 2761 1750 2814 αὐτὸν
1793 2761 1883 2814 λο-

313 2857 485 2926 γικῶς
515 2856 781 2910 κινεῖσθαι
810 2855 905 2909 καὶ
934 2856 1026 2908 τὸν
1054 2854 1188 2908 Θεοῦ
1221 2854 1391 2922 Λόγον
1422 2851 1722 2922 ἐπιζητεῖν.

372 3661 717 3722 Κατάστασίς
759 3661 873 3713 ἐστι
925 3660 1230 3728 προσευχῆς
1275 3659 1388 3724 ’ἐξις
1431 3659 1666 3727 ἀπαθὴς,
1713 3658 1873 3726 ἔρωτι

303 3753 585 3823 ἀκροτάτῳ
613 3753 690 3814 είς
721 3750 850 3818 ὕψος
883 3752 1068 3821 νοητὸν
1090 3751 1412 3821 άρπάζουσα
1437 3751 1528 3804 τὸν
1559 3750 1871 3820 φιλόσοφον,

303 3845 394 3896 καὶ
428 3843 794 3912 πνευματικὸν
827 3841 970 3896 νοῦν.

883 3956 1133 4008 ΚΕΦΑΛ.
1165 3955 1290 4011 NI".

370 4069 444 4121 υύ
491 4069 648 4139 μόνον
696 4068 901 4138 θυμοῦ,
954 4070 1048 4121 καὶ
1102 4067 1393 4138 ἐπιθυμίας
1437 4068 1518 4120 δεῖ
1545 4070 1733 4140 ἄρχειν
1782 4070 1872 4122 τὸν

297 4160 510 4229 ἀληθῶς
549 4160 947 4230 προσεύξασθαι
978 4161 1368 4230 ἐπειγόμενον,
1415 4161 1549 4216 ἄλλα
1583 4162 1676 4215 καὶ
1716 4163 1871 4224 ἐκτὸς

297 4251 575 4322 ἐμπαθοῦς
605 4252 697 4321 νοή
707 4270 871 4322 ματο-
911 4251 1179 4323 γενέσθαι.

874 4448 1124 4500 ΚΕΦΛΛ.
1167 4447 1291 4504 NA'.

2551 4441 2784 4498 CAPUT
2825 4440 2958 4495 LIV.

379 4557 434 4611 '0
464 4559 692 4624 ἀγαπῶν
718 4559 806 4610 τὸν
841 4558 994 4624 Θεὸν,
1027 4559 1197 4628 τούτῳ
1222 4559 1293 4620 ὡς
1329 4561 1499 4628 Ιιατρὶ
1535 4562 1621 4613 ἀεὶ
1650 4578 1869 4630 συνομι-

2046 4558 2147 4622 Qui
2184 4568 2328 4612 amat
2359 4557 2525 4612 Deum
2547 4599 2562 4623 ,
2595 4572 2718 4611 cum
2749 4558 2884 4626 ipso,
2933 4568 3190 4624 tanquam
3223 4555 3380 4607 Patre
3407 4567 3541 4604 sem-

295 4649 394 4712 λεῖ,
425 4648 900 4718 ἀποστρεφόμενος
933 4650 1039 4702 πᾶν
1068 4648 1244 4717 νόημα
1273 4648 1537 4717 ἐμπαθές.

1995 4665 2070 4702 )er
2108 4651 2434 4715 colloquitur
2459 4691 2474 4714 ,
2505 4659 2558 4702 et
2597 4658 2987 4712 conversatur,
3024 4661 3238 4700 omnem
3269 4658 3554 4698 aversatus

1976 4741 2356 4809 cogitationem
2382 4740 2635 4809 passione
2661 4739 3020 4808 inquinatam.

880 4851 1126 4904 ΚΕΦΑΔ.
1168 4852 1213 4904 Ν
1223 4849 1272 4904 E'

2573 4850 2801 4905 CAPUT
2841 4849 2950 4904 LV.

363 4963 476 5032 Οὐχ
515 4965 542 5015 ό
579 4963 846 5026 ἀπαθείας
877 4964 1211 5034 τετυχηκὼς,
1250 4966 1350 5036 ἤδη
1383 4967 1476 5019 καὶ
1508 4967 1864 5037 προσεύχεται

2034 4965 2149 5020 Non
2182 4966 2274 5034 qui
2308 4964 2636 5019 vacuitatem
2668 4964 2983 5032 passionum
3017 4969 3100 5016 est
3132 4962 3391 5029 adeptus,
3433 4959 3544 5028 jam

287 5052 526 5122 ἀληθῶς·
552 5054 772 5108 δύναται
796 5055 904 5125 γάρ
931 5057 986 5108 ἐν
1015 5059 1125 5119 τοῖς
1148 5057 1322 5125 ψιλοῖς
1348 5060 1580 5128 νοήμασι
1617 5054 1867 5112 εἶναικαὶ

2001 5072 2090 5112 ere
2133 5072 2351 5127 quoque
2378 5063 2540 5120 orat,
2577 5063 2750 5124 potest
2788 5055 2985 5123 quippe
3034 5055 3086 5106 in
3139 5053 3297 5106 nudis
3341 5051 3544 5105 versari

288 5147 346 5195 ἐν
373 5149 494 5208 ταῖς
540 5147 803 5215 ἱστορίαις
838 5147 1018 5200 αὐτῶν
1071 5149 1462 5220 περισπᾶσθαι,
1517 5153 1610 5204 καὶ
1647 5150 1865 5222 μακράν

1997 5148 2418 5218 agitationibus,
2469 5148 2628 5216 inque
2685 5147 2927 5199 studium
2977 5146 3120 5214 ipsas
3151 5144 3542 5213 Cognosceudi,

288 5233 517 5303 ἀπέχειν
546 5235 654 5288 ἀπὸ
683 5235 838 5289 Θεοῦ.

1995 5257 2055 5293 cu
2083 5239 2342 5294 lustrandi
2368 5239 2627 5300 distrahi,
2660 5245 2710 5290 et
2743 5237 2896 5305 longe
2924 5237 3113 5290 abesse
3139 5253 3166 5287 ιι
3195 5235 3325 5289 Deo.

868 5348 1114 5402 ΚΕΦΛΛ.
1151 5350 1291 5417 NCT.

2549 5348 2779 5405 CAPUT
2821 5348 2954 5402 LVI.

360 5453 475 5506 Ούκ
521 5454 587 5507 ἂν
633 5457 720 5508 ὅτε
773 5457 847 5527 μὴ
885 5460 1176 5532 ἐγχρονίξῃ
1222 5465 1249 5514 ὁ
1283 5463 1406 5524 νοῦς
1446 5464 1503 5515 ἐν
1547 5467 1658 5527 τοῖς
1686 5465 1862 5533 ψιλοῖς

2041 5461 2150 5518 Nec
2183 5480 2331 5528 vero,
2355 5465 2570 5532 quando
2597 5479 2749 5516 mens
2775 5463 2826 5515 in
2855 5462 3012 5516 nudis
3041 5478 3219 5514 rerum
3256 5461 3542 5530 cogitatio-

289 5546 521 5614 νοήμασι
543 5547 651 5599 τῶν
678 5550 1037 5618 πραγμάτων,
1073 5553 1171 5622 ήδη
1204 5555 1297 5606 καὶ
1346 5556 1652 5626 προσευχῆς
1679 5558 1860 5611 κατεῖ-

1995 5558 2128 5610 nibus
2154 5572 2258 5610 non
2290 5555 2382 5618 diu
2416 5558 2768 5618 itnmoretur,
2810 5555 2922 5622 jam
2954 5555 3116 5609 simul
3167 5555 3434 5606 Orationis
3465 5554 3542 5604 Io-

286 5635 422 5704 ληφε
474 5637 666 5690 τόπονο
694 5639 914 5695 δύναται
961 5643 1067 5714 γάρ
1115 5646 1171 5695 ἐν
1215 5647 1275 5712 τῇ
1327 5645 1530 5715 θεωρία
1579 5643 1858 5700 εἶναιτῶν

1995 5663 2089 5698 ηιιηι
2125 5657 2206 5700 est
2237 5657 2520 5712 assecuta;
2559 5656 2734 5715 potest
2762 5646 2906 5699 enim
2966 5647 3021 5698 in
3075 5660 3253 5697 rerum
3301 5654 3542 5696 contem-

285 5725 652 5794 πραγμάτων,
710 5729 801 5780 καί
837 5729 893 5784 ἐν
931 5735 1038 5794 τοῖς
1086 5732 1260 5800 λόγοις
1307 5735 1481 5786 αὑτῶν
1524 5735 1850 5804 ἀδολεσχεῖν,

1999 5737 2195 5793 latione
2226 5739 2450 5804 versari,
2485 5739 2649 5806 inque
2683 5739 2928 5808 ipsarum
2953 5735 3300 5792 discursibus
3327 5732 3557 5786 assidue
