3990 6204
417 345 552 411 1179

1873 365 1932 424 S.
1963 365 2124 424 NlLI

3517 368 3660 433 1180

410 463 675 526 meditari,
734 481 874 533 quae,
927 467 1047 523 licet
1101 471 1242 524 nuda
1297 473 1404 525 sint
1443 475 1641 540 verba;
1685 484 1959 540 attamen,

2088 471 2231 547 ιπερ,
2257 480 2349 531 καὶ
2379 481 2426 532 εἰ
2453 480 2580 548 ψιλὰ
2611 483 2832 552 ῥήματά
2865 485 3024 548 εἰσιν,
3058 483 3172 536 ἀλλ’
3198 484 3272 545 ὡς
3306 482 3661 552 πραγμάτων

403 549 566 620 490
601 564 782 621 utpote
807 571 926 624 quae
961 574 1139 613 rerum
1171 563 1658 634 contemplationes
1677 566 1967 631 exsistunt,

405 643 557 706 quasi
585 645 796 712 signum
825 651 1091 716 quoddam
1127 654 1436 726 insculpunt
1469 658 1526 712 in
1568 668 1767 725 mente,
1796 657 1968 712 abdu-

399 742 641 800 cuntque
673 741 862 805 procul
897 756 926 794 a
961 741 1092 798 Deo.

971 855 1202 912 CAPUT
1240 858 1399 915 LVII.

475 957 737 1023 Quamvis
787 984 942 1024 mens
983 973 1115 1026 citra
1150 979 1657 1046 contemplationem
1702 996 1975 1051 corporeae

403 1056 613 1105 natura:
679 1067 964 1126 versetur,
1020 1067 1260 1120 nondum
1311 1078 1488 1123 tamen
1536 1072 1834 1139 perfectum
1879 1071 1972 1126 Dei

405 1135 580 1193 locum
616 1155 698 1198 est
731 1152 1093 1220 contemplata
1125 1173 1138 1207 :
1173 1167 1350 1226 potest
1381 1135 1579 1230 quippe
1603 1162 1670 1214 'in
1703 1163 1972 1232 cognitio-

405 1242 472 1279 ne
518 1245 693 1287 rerum
727 1236 1166 1318 intellectualium
1207 1251 1438 1312 versari,
1482 1259 1535 1304 et
1570 1251 1635 1305 ad
1683 1269 1801 1306 eam
1827 1255 1976 1308 varie

404 1318 686 1390 distingui.

965 1444 1193 1501 CAPUT
1232 1447 1409 1505 LVlll.

483 1549 536 1601 Si
572 1565 728 1605 orare
755 1555 888 1609 velis
911 1599 924 1622 ,
954 1556 1063 1612 Deo
1101 1570 1185 1614 cst
1215 1579 1380 1640 Opus,
1405 1565 1497 1634 qui
1527 1567 1619 1621 dat
1645 1569 1820 1622 oranti
1848 1584 1976 1624 ora-

407 1640 641 1704 tionem;
674 1642 831 1708 igitur
856 1646 1034 1715 ipsum
1067 1649 1278 1718 invoca,
1320 1655 1504 1710 dicens
1538 1674 1551 1708 :
1598 1677 1615 1710 ι
1657 1658 1973 1714 Sanctifiee-

406 1738 492 1781 tur
531 1746 724 1784 nomen
767 1743 938 1800 tuum,
973 1739 1221 1794 adveniat
1258 1759 1480 1812 regnum
1515 1750 1734 1800 tuum"
1758 1790 1773 1814 ,
1811 1769 1829 1799 ι
1870 1753 1972 1804 hoc

2077 566 2201 619 ὄντα
2231 567 2580 638 θεωρήματα,
2605 573 2831 626 τυποῦσι
2858 573 2945 626 τὸν
2975 575 3118 640 νοῦν,
3153 575 3248 627 καὶ
3287 573 3504 643 μακρὰν
3549 574 3663 625 απ-

2077 656 2298 723 ἀγουσιν
2324 658 2426 710 ἀπὸ
2457 657 2612 712 Θεοῦ.
3589 659 3598 667 ’

2662 863 2908 916 ΚΕΦᾹΛ.
2941 862 3063 916 NZ'.

2151 969 2266 1021 Κᾶν
2292 971 2433 1042 ὑπὲρ
2475 972 2572 1043 τὴν
2611 973 2843 1046 θεωρίαν
2871 977 2972 1047 τῆς
3013 973 3334 1045 σωματικῆς
3364 974 3579 1045 φύσεως
3629 977 3662 1028 ὁ

2080 1057 2203 1121 νοῦς
2227 1060 2644 1130 γένηταιίοῦπω
2672 1067 2850 1120 τέλεον
2891 1067 2981 1120 τὸν
3018 1067 3111 1119 τοῦ
3139 1066 3274 1120 Θεοῦ
3299 1068 3462 1120 τόπον
3495 1067 3661 1121 εειεά-

2083 1167 2212 1204 σατο
2235 1169 2248 1182 ο
2287 1153 2504 1208 δύναται
2548 1158 2652 1228 γὰρ
2681 1161 2736 1210 ὲν
2765 1163 2831 1230 τῇ
2862 1161 2969 1213 τῶν
3002 1159 3207 1230 νοητῶν
3247 1155 3384 1211 εἶναι
3416 1159 3617 1228 γνώσει
3640 1201 3658 1225 ,

2081 1245 2174 1296 καὶ
2205 1246 2570 1302 ποικίλλεσθαι
2602 1251 2738 1321 πρὸς
2772 1253 2963 1322 αὑτήν.

2657 1451 2905 1505 ΚΕΦΑΛ.
2937 1452 3072 1510 NH'.

2151 1558 2214 1610 El
2257 1559 2657 1628 προσεύξασθαι
2692 1564 2902 1634 βούλει,
2948 1565 3082 1617 Θεοῦ
3113 1565 3270 1635 χρεία
3296 1563 3389 1618 τοῦ
3421 1563 3657 1626 διδόντος

2081 1650 2244 1719 εὐχὴν
2277 1650 2352 1721 τῷ
2392 1653 2686 1725 εὐχομένω·
2729 1656 2924 1710 οὐκοῦν
2965 1657 3225 1710 ὲπικαλοῦ
3258 1657 3418 1709 αὑτὸν
3442 1657 3612 1722 λέγων
3635 1696 3652 1718 ,

2087 1759 2104 1791 ι
2128 1741 2471 1813 Ἀγιασθήτω
2493 1745 2552 1796 τὸ
2578 1746 2748 1816 ὄνομά
2779 1765 2897 1815 σου,
2928 1747 3126 1801 ἐλθέτω
3148 1750 3180 1818 ή
3217 1747 3462 1818 βασιλεία
3487 1765 3596 1804 σου,
3626 1766 3646 1796 ι

403 1831 486 1873 est
528 1820 760 1888 Spiritus
809 1837 1064 1894 sanctus,
1130 1842 1181 1884 et
1233 1830 1552 1904 Uuigeuitus
1593 1837 1760 1893 Filius
1807 1849 1962 1906 tuus;

2088 1835 2312 1888 τουτέστι
2365 1837 2426 1888 τὸ
2488 1836 2640 1904 ἅγιον
2699 1839 2943 1910 Πνεῦμα,
2992 1841 3084 1894 καὶ
3130 1842 3158 1893 ὁ
3215 1841 3506 1909 μονογενής
3557 1856 3652 1890 σου

405 1912 486 1964 sic
516 1913 657 1965 enim
705 1915 925 1982 docuit,
969 1919 1197 1975 dicendo
1224 1963 1238 1984 ,
1282 1924 1333 1976 itt
1377 1927 1618 1994 Spiritu,
1652 1939 1704 1981 et
1747 1931 1970 1984 veritate

403 2005 617 2056 adorari
657 2006 701 2036 ⁸ο
745 2005 939 2077 Deutn,
992 2013 1196 2067 scilicet
1233 2013 1443 2070 Patrem
1471 2059 1486 2085 ,
1534 2021 1971 2090 quandoquidem

404 2095 516 2150 haec
547 2098 645 2151 tria
680 2095 858 2155 Deusf
1557 2125 1568 2132 ··

975 2217 1202 2275 CAPUT
1239 2220 1372 2277 LIX.

469 2323 570 2392 Qui
613 2339 731 2382 orat
783 2330 833 2383 in
889 2331 1132 2402 Spiritu,
1184 2344 1237 2388 et
1289 2338 1555 2400 veritate,
1601 2354 1708 2392 non
1755 2351 1975 2410 propter

398 2425 672 2472 creaturas
693 2420 1036 2478 Conditorem
1069 2427 1364 2481 honoriﬁce
1391 2429 1592 2494 laudat,
1626 2431 1716 2483 sed
1750 2443 1965 2500 pr0pter

399 2508 610 2575 ipsum,
664 2512 922 2567 nimirum
966 2516 1084 2585 ejus
1135 2534 1414 2583 amorem,
1456 2522 1706 2574 eumdem
1759 2522 1972 2592 hymnis

398 2601 621 2656 cxallat.

990 2719 1216 2774 CAPUT
1256 2721 1366 2775 LX.

468 2824 524 2880 Si
554 2828 832 2900 theologus
861 2847 940 2898 es,
969 2849 1090 2888 vere
1121 2837 1324 2900 orabis,
1361 2837 1514 2906 sique
1548 2852 1674 2894 vere
1699 2841 1966 2906 oraveris,

396 2935 456 2974 es
489 2921 794 2991 theologus.

885 3037 1044 3110 491
1091 3040 1318 3095 CAPUT
1352 3041 1489 3096 LXI.

468 3146 700 3212 Quando
725 3165 878 3203 meus
903 3163 990 3204 tua
1017 3191 1031 3216 ,
1060 3155 1228 3208 multo
1259 3172 1486 3212 accensa
1517 3175 1641 3230 erga
1676 3160 1840 3214 Deum
1871 3161 1964 3214 dc-
1991 3155 2042 3219 C

397 3240 618 3300 SltiCI'iO,
651 3240 919 3293 tantillum
949 3243 1102 3309 quasi
1151 3247 1355 3299 recedet
1388 3264 1417 3300 a
1454 3263 1637 3316 carne,
1671 3266 1966 3319 omnesque

395 3325 748 3397 cogitationes
781 3347 808 3384 a
842 3333 1136 3401 cupidiate,
1171 3345 1260 3389 aut
1293 3352 1323 3390 a
1354 3341 1634 3404 t'netnoria,
1667 3351 1760 3394 aut
1797 3358 1825 3394 a
1853 3357 1967 3394 cor-

396 3421 544 3489 poris
577 3431 1000 3490 temperamento
1038 3429 1424 3494 procedentes,
1461 3445 1768 3498 aversatur,
1807 3437 1967 3488 devo-

395 3513 541 3566 tiouo
585 3515 747 3567 simul
783 3524 837 3568 et
879 3518 1078 3584 gaudio
1115 3519 1346 3588 repleta,
1392 3532 1519 3575 tunc
1581 3525 1848 3579 arbitrare
1916 3535 1966 3580 te

393 3605 728 3673 operationis
751 3609 996 3662 terminis
1023 3613 1508 3681 appropinquasse.
1735 3603 1740 3608 ’

970 3722 1196 3778 CAPUT
1232 3725 1390 3781 LXII.

465 3835 701 3901 Spiritus
744 3848 964 3893 sanctus
999 3839 1301 3895 infirmitati
1345 3852 1543 3898 nostra:
1592 3847 1964 3914 compatieus,

396 3926 571 3990 nobis,
615 3929 864 3996 quamvis
898 3931 1096 4000 impuri
1134 3933 1327 3998 simus,
1353 3935 1607 4000 advenit;
1640 3936 1790 4006 sique
1822 3954 1970 3990 tuen-

396 4027 500 4070 tem
536 4028 772 4072 nostram
804 4022 1072 4076 invenerit
1099 4039 1221 4078 cum
1255 4041 1440 4080 amore
1467 4027 1707 4082 veritatis
1743 4029 1806 4080 ad
1841 4045 1964 4082 emn

392 4117 660 4172 orantem,
691 4127 853 4182 super
880 4114 1052 4182 ipsam
1083 4119 1344 4182 ascendit,
1375 4127 1715 4188 turmamqne
1745 4137 1963 4174 clunem

393 4201 818 4268 cogitationum,
860 4218 952 4259 aut
991 4208 1272 4261 notionum
1302 4253 1314 4272 ,
1365 4227 1484 4277 quae
1533 4211 1706 4279 ipsam
1757 4213 1962 4275 ambit,

396 4291 574 4354 delet,
623 4305 945 4349 convertens
987 4313 1106 4350 eam
1156 4301 1222 4353 ad
1267 4317 1429 4369 opera
1489 4303 1788 4371 spiritualis
1842 4321 1967 4357 ora-

396 4378 583 4433 tionis.

952 4497 1188 4554 CAPUT
1229 4499 1410 4554 L.\'lll.

463 4606 653 4661 Caneri
685 4611 902 4678 quidem
931 4628 1025 4682 per
1051 4617 1298 4684 corporis
1330 4617 1760 4674 immutationem
1797 4625 1962 4678 tuenti

339 4749 342 4752 λ
394 4696 692 4752 immittunt
727 4703 1114 4770 cogitationes,
1166 4723 1261 4761 seu
1296 4708 1544 4763 notiones
1571 4752 1584 4774 ,
1635 4722 1688 4764 et
1718 4716 1963 4780 specula-

395 4788 618 4843 tiones:
673 4790 816 4846 Deus
868 4805 1047 4848 autem
1099 4800 1432 4852 contrarium
1477 4802 1676 4865 ellicit,
1729 4814 1960 4856 tuentem

394 4879 664 4934 illSt'Clitlll
703 4883 904 4952 ipsam;
941 4886 1234 4943 immitteus
1269 4893 1316 4943 ei
1361 4894 1779 4960 cogitationem,
1807 4907 1963 4964 prout

393 4972 538 5037 vult,
567 4973 842 5044 simulque
881 4994 974 5046 per
1001 4990 1232 5034 tuentem
1261 5023 1274 5046 ,
1313 4985 1566 5051 corporis
1602 4985 1964 5054 intemperan-

394 5063 522 5115 tiam
555 5066 897 5134 cousopiens.

953 5179 1180 5234 CAPUT
1217 5180 1399 5235 LXIV.

465 5289 634 5342 Nemo
657 5332 670 5354 ,
707 5307 847 5345 verte
882 5293 1147 5348 orationis
1171 5311 1362 5350 amans
1387 5341 1398 5362 ,
1457 5299 1499 5350 si
1534 5299 1786 5354 irascitur
1815 5343 1829 5364 ,
1874 5312 1966 5356 aut

395 5381 715 5449 injuriarum
751 5386 820 5437 sit
859 5402 1085 5450 memor,
1128 5404 1320 5456 expers
1354 5391 1455 5443 erit
1495 5391 1748 5459 insanite;
1793 5398 1964 5464 persi-

395 5473 540 5529 milis
567 5491 802 5543 namquc
831 5487 914 5530 est
951 5479 1144 5532 volenti
1188 5493 1344 5534 acute
1375 5497 1596 5537 cernere
1618 5527 1631 5549 ,
1675 5489 1966 5556 oculosque

397 5565 644 5633 proprios
670 5567 1012 5622 obturbauti.
1213 5563 1224 5574 ’

467 5712 513 5743 ”
551 5716 739 5769 Matth.
778 5736 848 5780 vi,
879 5721 930 5783 'J;
961 5721 1088 5776 Luc.
1117 5742 1190 5786 .\l,
1225 5726 1274 5776 '2.
1354 5730 1396 5758 “°
1427 5727 1581 5782 Joalt.
1609 5745 1678 5795 tv,
1702 5733 1789 5785 :25.

2078 1925 2202 1987 Υἱός
2225 1943 2238 1956 ⁶
2268 1926 2410 1980 οὕτω
2439 1930 2545 1999 γὰρ
2569 1930 2792 1995 ἐδίδαξε,
2836 1931 3039 2000 λέγων,
3096 1934 3152 1987 ὲν
3217 1932 3490 2000 ΙΙνεύματι
3555 1931 3654 1982 καὶ

2074 2017 2304 2089 ἀληθείᾳ
2325 2021 2742 2087 προσκυνεῖσθαι
2773 2023 2862 2076 τὸν
2892 2023 3045 2088 Θεὸν,
3112 2022 3358 2075 τουτέστι
3399 2021 3489 2075 τὸν
3541 2022 3654 2073 Πα-

2074 2109 2228 2178 τέρα.
2252 2111 2371 2162 ἐπεὶ
2403 2111 2497 2164 καὶ
2526 2113 2591 2165 τὰ
2619 2114 2744 2183 τρία
2779 2114 2926 2177 Θεός.

2657 2227 2904 2280 ΚΕΦΑΛ.
2934 2229 3060 2281 ΝΘ’.

2171 2335 2212 2386 Ο
2240 2336 2296 2386 ἐν
2316 2336 2592 2406 Πνεύματι
2642 2339 2734 2392 καὶ⁸
2761 2341 2985 2411 ἀληθεία
3013 2341 3446 2412 προσευχόμενος
3465 2340 3651 2393 οὐκέτι

2073 2425 2135 2478 ὲκ
2162 2426 2268 2476 τῶν
2303 2429 2619 2497 κτισμάτων
2646 2431 2735 2482 τὸν
2758 2433 3100 2502 Δημιουργδν
3136 2432 3408 2503 γεραίρει,
3441 2431 3559 2484 ἀλλ’
3591 2431 3652 2494 ἐξ

2073 2515 2233 2567 αὑτοῦ
2260 2518 2418 2570 αὐτὸν
2456 2520 2702 2590 ἀνυμνεῖ.

2669 2722 2918 2775 ΚΕΦᾹΛ.
2943 2723 3018 2775 Ξ’.

2142 2835 2202 2885 El
2229 2832 2476 2900 θεολόγος
2507 2831 2589 2900 εἷ’,
2633 2837 2907 2910 προσεύξῃ
2953 2837 3165 2906 ἀληθῶς
3189 2877 3204 2901 ,
3238 2839 3330 2890 καὶ
3358 2838 3405 2890 εἰ
3435 2838 3648 2907 ἀληθῶς

2071 2925 2366 2996 προσεύξῃ,
2405 2925 2654 2994 θεολόγος
2679 2923 2748 2982 εἴ.

2659 3042 2910 3094 ΚΕΦΑΛ.
2944 3041 3062 3095 EA'.

2141 3147 2310 3200 Ὅταν
2342 3151 2369 3202 ὁ
2398 3149 2521 3212 νοῦς
2552 3167 2646 3202 σου
2689 3151 2770 3220 τῷ
2800 3151 2975 3222 πολλῷ
3008 3153 3144 3225 πρὸς
3188 3154 3277 3206 τὸν
3328 3153 3459 3206 Θεὸν
3501 3155 3650 3218 πόθῳ

2069 3239 2208 3291 κατὰ
2271 3241 2467 3309 μικρὸν
2525 3235 2637 3293 οἷον
2698 3243 3047 3312 ὑπαναχωρεῖ
3106 3244 3207 3314 τῆς
3276 3245 3494 3314 σαρκὸς,
3553 3248 3649 3298 καὶ

2068 3330 2244 3382 πάντα
2274 3330 2342 3382 τὰ
2378 3330 2436 3395 ἐξ
2481 3331 2849 3403 ἐνθυμήσεως,
2883 3333 2915 3403 ἦ
2946 3335 3196 3404 κράσεως
3223 3339 3466 3405 νοήματα
3507 3338 3647 3390 ἀπο-

2069 3422 2390 3491 στρέφηται,
2456 3423 2743 3487 εὐλαϐείας
2789 3424 2950 3493 ὁμοῦ,
3014 3427 3107 3478 καὶ
3164 3429 3338 3497 χαρᾶς
3395 3427 3648 3498 ἔμπλεως

2069 3511 2404 3582 γενόμενος,
2475 3517 2597 3568 τότε
2671 3517 2857 3586 νόμιζε
2901 3520 3191 3587 ἡγγικὲναι
3258 3521 3405 3590 ὅροις
3475 3538 3648 3592 προσ-

2066 3606 2255 3676 ευχῆς.

2665 3723 2914 3776 ΚΕΦΛΛ.
2941 3723 3058 3777 EB’.

2140 3835 2212 3886 Τὸ
2244 3836 2396 3902 ἅγιον
2415 3825 2635 3905 Πνεῦμα
2660 3838 2982 3908 συμπάσχον
3002 3841 3068 3909 τῇ
3097 3837 3343 3909 ἡμετέρᾳ
3375 3835 3643 3911 ἀσὺενείᾳι

2069 3926 2161 3975 καὶ
2208 3925 2540 3996 ἀκαθάρτοις
2589 3924 2739 3980 οὖσιν
2785 3930 3044 4000 ἐπιφοιτᾷ
3077 3931 3230 4000 ἡμῖν.
3273 3933 3364 3982 καὶ
3407 3935 3453 3982 εἰ
3495 3931 3647 4000 εὖροι

2067 4010 2156 4060 τὸν
2188 4009 2310 4062 νοῦν
2345 4013 2502 4081 ἡμῶν
2530 4013 2838 4084 φιλαλήθως
2863 4017 3012 4087 αὐτῷ
3039 4021 3496 4089 προσευχόμενον,
3522 4024 3645 4074 ἐπι-

2068 4099 2242 4152 ϐαίνει
2289 4103 2460 4172 αὐτῷ,
2505 4105 2598 4156 καὶ
2628 4104 2843 4157 ἃπασαν
2885 4109 2984 4176 τὴν
3019 4109 3322 4161 κυκλοῦσαν
3351 4111 3512 4162 αὑτὸν
3537 4112 3647 4164 τῶν

2067 4190 2364 4260 λογισμῶν,
2409 4194 2441 4264 ἢ
2484 4194 2590 4246 τῶν
2629 4197 2917 4266 νοημάτων
2967 4198 3255 4266 φάλαγγα,
3304 4199 3642 4267 ἐξαφανξζει,

2068 4283 2509 4353 προτρεπόμενον
2543 4287 2702 4339 αὑτὸν
2733 4290 2810 4350 εἰς
2833 4288 2968 4358 ἔργα
2996 4291 3370 4358 πνευματικῆς
3409 4307 3645 4359 προσευ-

2069 4373 2187 4442 xit;-

2652 4494 2898 4550 ΚΕΦᾹΛ.
2934 4497 3048 4550 ΞΓ’.

2137 4605 2198 4654 Οἱ
2239 4603 2337 4671 μὲν
2383 4604 2558 4657 λοιποὶ
2600 4605 2688 4659 διὰ
2725 4609 2822 4677 τῆς
2861 4609 3196 4673 ἀλλοιώσεως
3241 4610 3344 4680 ζτοῦ
3391 4609 3642 4678 σώματος

2065 4696 2352 4762 ὲμπθιοῧεη
2373 4697 2450 4765 τῷ
2481 4698 2555 4768 νῷ
2589 4699 2904 4770 λογισμοὺς,
2937 4702 2968 4770 ἢ
3003 4705 3273 4772 νοήματα,
3311 4706 3403 4755 καὶ
3434 4703 3644 4774 θεωρὴ-

2069 4804 2231 4856 ματα.
2275 4787 2332 4837 '0
2369 4787 2423 4840 δέ
2467 4805 2528 4855 γε
2574 4791 2706 4854 Θεὸς
2751 4793 3057 4845 τούναντίον
3100 4793 3220 4864 δρᾷ,
3265 4794 3411 4863 αὐτῷ
3449 4795 3527 4862 τῷ
3567 4793 3643 4862 νῷ

2066 4878 2354 4940 ἐπιϐαίνει,
2397 4881 2488 4930 καὶ
2527 4880 2754 4944 ἐντιθεὶς
2788 4882 2934 4952 αὐτῷ
2973 4883 3172 4951 γνῶσιν
3197 4926 3210 4947 ,
3243 4885 3317 4946 ὼς
3358 4884 3640 4951 βούλεται,

2067 4971 2160 5022 καὶ
2189 4971 2274 5022 διὰ
2301 4970 2395 5023 τοῦ
2421 4971 2512 5023 νοῦ
2541 4971 2638 5042 τὴν
2673 4973 2764 5025 τοῦ
2796 4975 3045 5042 σώματος
3081 4975 3349 5044 ἀκρασίαν
3374 4975 3643 5027 κατευνά-

2068 5063 2174 5124 Cum
2185 5104 2195 5116 .

2653 5177 2902 5230 KEd’AA.
2933 5175 3045 5229 EA'.

2138 5288 2322 5350 Οὐδεὶς
2360 5287 2496 5358 ἐρῶν
2526 5288 2758 5360 ἀληθοῦς
2780 5292 3086 5361 προσευχῆς
3108 5332 3121 5354 ,
3149 5293 3241 5344 καὶ
3263 5289 3639 5360 ὀργιζόμενος,

2069 5381 2100 5450 ἢ
2138 5379 2494 5448 μνησικακῶν
2526 5381 2680 5443 ἐκτός
2714 5382 2830 5433 ἐστι
2861 5383 3243 5453 παραπληξέας
3271 5398 3282 5410 ⁸
3317 5384 3499 5451 ὅμοιος
3532 5382 3645 5450 γάρ

2069 5472 2184 5521 ἐστι
2206 5469 2514 5539 τῷὀξυπεῖν
2537 5469 2763 5536 θέλοντι,
2795 5474 2893 5540 ,καὶ
2922 5476 3047 5536 τοῦς
3068 5475 3300 5536 οἰκείους
3329 5471 3644 5540 ὀφθαλμοὺς

2071 5563 2482 5630 ἐκταρασσοντι.
