3994 6182
329 302 460 368 1181
1021 361 1024 368 ,

918 423 1168 480 ΚΕΦΑΛ.
1198 425 1317 482 ΞΕ’.

395 535 460 590 El
496 533 899 606 προσεύξασθαι
926 538 1130 603 ποθεῖς,
1165 540 1330 610 μηδὲν
1352 539 1459 594 τῶν
1479 541 1908 612 ἐναντιουμένων

324 629 388 698 τῇ
433 630 708 700 προσευχῇ
735 631 966 698 πρᾶττε,
999 631 1086 684 ἵνα
1111 634 1139 686 6
1165 632 1295 698 Θεδς
1338 634 1563 702 ἐγγίσας
1596 636 1906 706 συμπορεύ-

328 719 490 788 σηταί
518 735 623 774 σοι.

899 833 1150 887 ΚΕΦΑΛ.
1179 832 1312 900 ΞΕΤ.

395 919 486 1012 Μὴ
517 943 856 1016 σχηματίξῃς
885 945 947 997 τὸ
971 945 1126 998 Θεῖον
1154 948 1210 998 ἐν
1243 945 1420 1016 ἐαυτῷ
1447 947 1903 1018 προσευχόμενος,

327 1034 461 1104 μηδὲ
490 1035 628 1104 πρὸς
667 1036 880 1106 μορφήν
913 1052 1036 1088 τινα
1063 1039 1426 1108 συγχωρήσῃς
1461 1037 1775 1104 τυπωθῆναι
1811 1053 1904 1091 σου

321 1124 416 1178 τὸν
456 1125 582 1178 νοῦν
627 1139 642 1155 ·
681 1125 798 1180 ἀλλ’
836 1125 997 1190 ἇῦλος
1033 1125 1111 1197 τῷ
1152 1125 1301 1198 ἀθλῳ
1354 1127 1598 1200 πρόσιθι,
1641 1129 1735 1181 καὶ
1780 1143 1905 1180 συν-

327 1213 482 1280 ίσεις.

923 1445 1175 1500 ΚΕΦΑΛ.
1191 1442 1304 1502 ΞΖ’.

396 1559 674 1616 Φυλάττου
705 1561 804 1622 τὰς
842 1559 1073 1628 παγίδας
1110 1559 1218 1613 τῶν
1245 1560 1519 1616 ἐναντίων.
1548 1561 1762 1618 Γίνεται
1792 1563 1904 1636 γὰρ

326 1656 386 1709 ἐν
438 1655 516 1724 τῷ
567 1653 962 1724 προσεύχεσθαί
1013 1671 1072 1706 σε
1122 1654 1398 1722 καθαρῶς,
1451 1656 1545 1708 καὶ
1590 1657 1898 1725 ἀταράχως,

1698 311 1796 372 DE
1817 309 2220 372 ORATIONE.

1936 429 1984 484 Α

2481 431 2644 502 492
2691 429 2919 485 CAPUT
2957 431 3116 486 LXV.
3447 317 3583 382 “82

2083 542 2139 596 Si
2171 558 2328 598 orare
2357 544 2666 610 desideras,
2699 547 2832 599 nihil
2865 561 3052 602 eorum
3079 546 3246 603 facias
3267 591 3281 615 ,
3310 565 3428 618 quae
3453 565 3579 606 ora-

2011 637 2140 692 tioni
2173 640 2443 692 contraria
2471 641 2630 710 sunt],
2679 650 2738 696 ut
2774 641 2916 697 Deus
2959 643 3401 713 appropinquans
3441 646 3576 713 libi,

2009 737 2183 782 tecum
2214 729 2544 786 obambulet.

2569 843 2796 900 CAPUT
2831 844 3011 900 LXVI.

2077 953 2186 1018 Ne,
2212 955 2355 1023 quod
2405 955 2646 1010 divinum
2679 969 2804 1021 est,
2846 958 2938 1010 tibi
2991 957 3091 1026 ipsi
3127 957 3416 1025 assimiles,
3451 975 3575 1015 cum

2007 1063 2161 1115 oras,
2223 1065 2318 1104 nec
2359 1051 2513 1119 juxta
2563 1052 2800 1120 aliquam
2848 1051 3074 1106 fortnam
3112 1055 3392 1120 permittas
3424 1065 3576 1112 tuam

2004 1139 2274 1193 efl'nrmari
2321 1150 2579 1206 mentem,
2638 1142 2730 1196 sed
2767 1143 3108 1197 immateriali
3134 1184 3150 1211 ,
3195 1153 3249 1197 tu
3287 1146 3432 1200 velut
3472 1147 3578 1201 im-

2005 1233 2300 1290 materialis
2337 1234 2564 1302 accede,
2618 1251 2848 1306 eumque
2897 1237 3013 1306 ipso
3056 1238 3108 1290 in
3161 1253 3328 1292 unum
3372 1254 3576 1296 conve-

2005 1339 2143 1379 mes.

2552 1436 2780 1493 CAPUT
2811 1437 3018 1494 LXVII.

2075 1547 2333 1616 Laqueos
2381 1547 2820 1602 adversariorum
2847 1550 3017 1614 evita;
3059 1550 3173 1604 fieri
3215 1564 3449 1617 namque
3480 1565 3574 1606 so-

2005 1637 2074 1690 let
2098 1647 2156 1691 ut
2197 1639 2372 1692 oranti
2417 1639 2510 1693 tibi
2539 1656 2673 1708 pure
2729 1656 2792 1694 ac
2847 1642 2965 1694 sine
3008 1642 3409 1707 perturbatione
3434 1656 3571 1695 con-

326 1746 540 1816 ἀθρόως
578 1744 861 1814 ὲπιστῆναί
884 1761 965 1796 σοι
1002 1744 1214 1814 μορφὴν
1247 1745 1421 1815 ξένην,
1455 1746 1550 1798 καὶ
1579 1747 1894 1815 ἀλλόφυλον,

2010 1728 2182 1783 festim
2211 1737 2352 1784 astet
2399 1727 2571 1784 forma
2611 1731 2894 1800 peregrina
2943 1739 2998 1784 et
3039 1731 3370 1799 alienigena,
3414 1741 3472 1786 ut
3517 1743 3572 1788 te

326 1839 463 1910 πρὸς
500 1838 561 1891 τὸ
585 1839 664 1901 εις
691 1835 866 1906 οἴησιν
896 1837 1204 1904 ἀπαγαγεῖν
1233 1853 1291 1890 σε
1321 1837 1624 1900 τοπάζοντα
1650 1839 1711 1890 τὸ
1739 1838 1894 1890 Θεῖον

324 1930 462 1992 ἐκεῖ,
518 1929 603 1984 ἵνα
659 1928 720 1981 τὸ
783 1926 995 1998 ἀθρόως
1059 1927 1398 1995 ὲκκαλυφθέν
1447 1945 1550 1988 σοι.
1619 1929 1782 1981 ποσὸν
1836 1929 1894 1981 τὸ

321 2019 477 2072 Θεῖον
505 2015 645 2074 εἶναι
663 2019 846 2090 πείσῃ·
873 2019 1073 2072 ἄποσον
1100 2018 1157 2070 δὲ
1179 2018 1239 2070 τὸ
1253 2019 1426 2082 Θεῐον,
1465 2019 1558 2073 καὶ
1592 2019 1898 2089 ἀσχημάτι-

322 2123 468 2164 στον.

903 2323 1154 2376 ΚΕΦΛΑ.
1189 2320 1315 2375 ΞΗ’.

393 2415 564 2488 Ὅταν
603 2433 676 2502 μὴ
709 2432 910 2502 δυνηθῇ
943 2432 1040 2502 τὴν
1069 2432 1288 2502 μνήμην
1312 2431 1531 2500 κινῆσαι
1554 2432 1611 2483 ὲν
1633 2433 1698 2500 τῇ
1731 2448 1900 2502 προσ-

321 2527 454 2595 ευχῇ
482 2527 510 2576 6
534 2523 791 2592 φθονερὸς
821 2522 1047 2590 δαίμων,
1078 2522 1198 2573 τότε
1236 2521 1334 2591 τὴν
1376 2521 1571 2590 κρᾶσιν
1593 2519 1684 2573 τοῦ
1709 2519 1897 2590 σώμα-

320 2631 413 2678 τος
441 2612 754 2676 ἐκϐιάζεται
781 2613 860 2674 εἰς
891 2611 950 2662 τὺ
984 2611 1206 2680 ποιῆσαι
1238 2610 1396 2678 ξένην
1426 2609 1549 2662 τινὰ
1600 2611 1897 2676 φαντασίαν

318 2703 400 2775 τῷ
427 2703 524 2776 νῷ,
545 2705 639 2756 καὶ
665 2701 952 2773 μορφῶσαι
973 2703 1153 2754 αὐτόν·
1175 2705 1201 2754 6
1221 2703 1277 2754 δὲ
1300 2701 1439 2770 ἔχων
1464 2702 1583 2764 ἔθος
1611 2705 1668 2754 ὲν
1691 2703 1896 2770 νοήμασι

323 2814 431 2859 etv,
467 2795 708 2865 εὐχερῶς
743 2795 1078 2863 κάμπτεται,
1106 2794 1200 2846 καὶ
1241 2795 1377 2863 πρὸς
1411 2794 1590 2858 ἄῦλον,
1622 2794 1714 2846 καὶ
1753 2794 1898 2846 ἀνεί-

321 2887 442 2941 δεον
453 2887 654 2955 γνῶσιν
675 2886 1023 2955 ἐπειγόμενος
1042 2887 1342 2952 ἀπατᾶται,
1356 2885 1560 2939 καπνὸν
1584 2885 1702 2938 ἀντὶ
1723 2884 1898 2953 φωτὸς

321 2979 588 3049 κατέχων.

908 3177 1155 3236 ΚΕΦΑΛ.
1191 3175 1307 3232 ΞΘ’.

395 3289 556 3367 Στῆθι
597 3291 689 3345 ἔπι
728 3291 827 3361 τῆς
875 3289 1120 3359 φυλακῆς
1169 3305 1265 3341 σου
1309 3292 1591 3355 φυλάττων
1641 3286 1732 3338 τὸν
1771 3287 1895 3339 νοῦν

324 3403 424 3439 σου
455 3386 562 3439 ἀπὸ
587 3383 874 3455 νοημάτων
929 3383 1072 3436 κατὰ
1101 3381 1196 3434 τὸν
1222 3379 1413 3448 καιρὸν
1439 3379 1538 3446 τῆς
1565 3378 1892 3448 προσευχῆς,

322 3475 515 3547 στῆναι
549 3477 640 3528 ἐπὶ
668 3477 732 3544 τῇ
764 3472 938 3548 οἰκείᾳ
969 3471 1193 3541 ἠρεμίᾳ,
1235 3472 1321 3522 ἵνα
1350 3473 1378 3522 ὁ
1408 3469 1742 3538 συμπάσχων
1784 3471 1896 3530 τοῖς

323 3567 599 3635 ἀγνοοῦσι,
641 3567 734 3620 καὶ
772 3565 853 3617 σοι
886 3564 1231 3635 ὲπιφοιτήσῃ,
1267 3562 1357 3615 καὶ
1399 3563 1516 3622 τότε
1545 3559 1690 3631 λήψῃ
1729 3558 1896 3628 δῶρον

326 3661 630 3730 προσευχῆς
653 3656 1040 3710 εὐκλεέστατον

913 3764 1165 3817 ΚΕΦΑΔ.
1214 3764 1291 3815 0'.

394 3878 472 3935 οὐ
519 3879 722 3950 δυνήσῃ
795 3874 1201 3947 προσεύξασθαι
1278 3871 1556 3944 καθαρῶς,
1611 3871 1898 3942 πράγμασι

324 3968 774 4040 συμπλεκόμενος
797 3970 1024 4031 ὑλικοῖς,
1048 3969 1142 4018 καὶ
1167 3964 1410 4036 φροντίσι
1443 3965 1691 4034 συνεχέσι
1716 3962 1898 4018 δονοῦ-

327 4077 508 4136 μινος·
549 4062 824 4134 προσευχὴ
853 4061 962 4130 γάρ
993 4061 1141 4114 ἐστιν
1165 4057 1424 4122 ἀπόθεσις
1449 4058 1757 4128 νοημάτων.

909 4255 1159 4308 ΚΕΦᾹΛ.
1190 4251 1312 4306 OA'.

399 4347 476 4402 Οὐ
506 4347 730 4402 δύναται
768 4347 1048 4414 δεδεμένος
1090 4346 1338 4416 δραμεῖν,
1373 4343 1492 4397 οὐδὲ
1536 4343 1660 4404 νοῦς
1703 4341 1900 4395 πάθεσι

323 4434 590 4490 δουλεύων
615 4437 920 4506 προσευχῆς
958 4435 1333 4504 πνευματικῆς
1363 4435 1528 4486 τόπον
1561 4433 1706 4484 ίδεῖν·
1735 4431 1892 4484 ἕλκε-ι
1925 4419 1970 4472 Ῑ)

323 4543 415 4580 ται
439 4527 570 4597 γὰρ,
601 4527 692 4578 καὶ
713 4526 1070 4596 περιφέρεται
1099 4526 1164 4578 ὲκ
1184 4524 1278 4578 τοῦ
1299 4524 1579 4594 ὲμπαθοῦς
1605 4527 1892 4594 νοήματος,

325 4617 421 4670 καὶ
446 4617 544 4687 οὐχ
570 4616 784 4670 ἵσταται
817 4616 1129 4686 ἀκλόνητος.

910 4816 1133 4868 ΚΕΦΑΛ
1145 4855 1157 4868 .
1188 4816 1306 4869 OB'.

406 4908 577 4962 Ἐπάν
593 4907 850 4978 καθαρῶς
878 4907 1083 4971 λοιπὸν,
1114 4907 1369 4969 ἀπλανῶς
1396 4908 1487 4960 καὶ
1502 4905 1712 4976 άληθῶς
1742 4924 1901 4977 προσ·

326 4997 550 5070 εὔχηται
579 5002 608 5052 6
631 4999 754 5061 νοῦς
783 4998 845 5052 τὸ
881 4999 1202 5069 τηνικαῦτα.
1233 5001 1332 5052 οὐκ
1355 4998 1436 5052 ἔτι
1460 5001 1523 5052 ὲκ
1547 4999 1656 5051 τῶν
1681 5001 1900 5069 ἀριστε-

329 5091 436 5156 ρῶν
487 5091 816 5160 ῦπέρχονται
863 5093 909 5143 οἱ
949 5091 1223 5158 δαίμονες,
1265 5092 1382 5145 ἀλλ’
1439 5091 1502 5143 ὲκ
1545 5090 1652 5144 τῶν
1687 5091 1896 5154 δεξιῶνο

325 5182 672 5235 ὑποτίθενται
699 5181 806 5252 γὰρ
831 5183 980 5252 αὐτῷ
1014 5181 1170 5248 δόξαν
1199 5181 1353 5244 Θεοῦ,
1397 5182 1490 5235 καὶ
1522 5184 1900 5252 σχηματισμόν

327 5289 450 5326 τινα
477 5271 585 5326 τῶν
618 5276 684 5343 τῇ
717 5274 967 5343 αἰσθήσει
1017 5273 1206 5341 φίλων,
1241 5274 1315 5334 ὡς
1347 5273 1523 5326 δοκεῖν
1554 5273 1773 5336 τελείως
1812 5291 1900 5326 τε-

325 5363 549 5434 τεῦχθαι
573 5366 736 5419 αὑτὸν
761 5365 853 5417 τοῦ
880 5365 1010 5434 περὶ
1033 5366 1338 5434 προσευχῆς
1366 5365 1592 5418 σκοποῦ.
1623 5365 1792 5417 Τοῦτο
1820 5365 1898 5430 δὲ,

327 5453 530 5524 ἔφρασε
563 5454 874 5524 θαυμαστὸς
905 5455 998 5506 καὶ
1036 5453 1332 5520 γνωστικδς
1368 5453 1525 5522 ἀνὴρ,
1559 5453 1663 5506 ὑπὸ
1684 5454 1774 5506 τοῦ
1803 5455 1900 5524 τῆς

327 5542 630 5606 κενοδοξίας
681 5543 883 5606 πάθους
923 5542 1191 5611 γίνεσθαι,
1236 5543 1329 5596 καὶ
1371 5543 1474 5595 ὑπὸ
1521 5543 1614 5596 τοῦ
1650 5544 1901 5613 δαίμονος

325 5629 421 5684 τοῦ
454 5633 784 5701 ἁπτομένου,
829 5633 920 5687 τοῦ
959 5634 1099 5688 κατὰ
1130 5633 1220 5688 τὸν
1255 5633 1551 5703 ἐγκέφαλον
1594 5635 1777 5700 τόπου,
1809 5636 1898 5689 καὶ

329 5722 492 5791 φλεψὶ
525 5723 831 5788 πάλλοντος.

1998 1821 2158 1875 intui
2212 1829 2552 1890 arrOgantem
2607 1821 3061 1876 existimationem
3091 1822 3334 1879 inducat
3365 1861 3380 1886 ,
3439 1823 3564 1876 dum

1998 1912 2282 1981 conjicias,
2327 1912 2434 1977 ibi,
2490 1912 2713 1981 reperiri
2771 1913 2914 1981 quod
2958 1913 3200 1966 divinum
3251 1924 3373 1973 est,
3418 1921 3478 1964 ut
3501 1928 3570 1966 ex

1998 2005 2294 2074 improviso
2341 2003 2633 2058 revelatum
2672 2003 2766 2056 tibi
2795 2003 3143 2071 persuadeat,
3176 2003 3416 2055 divinum
3448 2017 3570 2056 esse

1997 2104 2259 2165 quantum
2296 2115 2309 2149 :
2351 2109 2539 2148 verum
2580 2094 2820 2147 divinum
2863 2109 3064 2165 numen
3113 2093 3231 2149 sine
3271 2092 3572 2162 quantitate

1997 2195 2100 2253 est,
2134 2195 2389 2256 caretque
2421 2185 2613 2255 figura.
2937 2163 2946 2176 “

2529 2292 2756 2349 CAPUT
2808 2278 3036 2346 LXVHL

2067 2409 2296 2476 Quando
2343 2407 2558 2461 invidus
2615 2406 2825 2460 daemon
2876 2421 2982 2458 non
3021 2415 3197 2474 potest
3227 2405 3279 2458 in
3322 2405 3570 2462 oratione

1997 2501 2314 2555 memoriam
2345 2512 2705 2560 commovere,
2729 2505 2856 2550 tunc
2877 2495 3120 2564 corporis
3144 2502 3568 2564 temperamento

1997 2579 2105 2645 vim
2146 2589 2312 2643 infert
2343 2589 2408 2642 ad
2439 2587 2770 2642 causandam
2801 2587 2852 2638 in
2890 2585 3159 2638 intellectu
3194 2584 3429 2652 aliquam
3471 2599 3567 2652 pe-

1997 2683 2270 2751 regrinam
2313 2679 2789 2748 imaginationem,
2833 2676 3117 2745 ipsumque
3163 2674 3342 2741 aliqua
3391 2672 3567 2728 forma

1997 2771 2465 2841 componendum;
2501 2770 2603 2823 iste
2645 2783 2771 2821 vero
2802 2767 2887 2820 cui
2925 2781 3044 2818 mos
3076 2775 3158 2818 cst
3195 2765 3246 2816 in
3285 2765 3570 2832 cogitatio-

1997 2867 2160 2921 nibus
2183 2865 2388 2920 versari
2440 2872 2494 2916 et
2521 2864 2745 2926 haerere,
2789 2860 2945 2912 facile
2974 2857 3207 2912 flectitur
3229 2900 3244 2924 ,
3279 2868 3331 2909 et
3366 2857 3432 2909 ad
3470 2857 3571 2909 im-

1997 2957 2330 3012 materialcm
2385 2961 2658 3023 expertem
2685 2951 2870 3020 figurae
2891 2949 3254 3019 cognitionem
3281 2948 3566 3017 impulsus,

1998 3049 2288 3120 decipitur,
2319 3046 2528 3100 fumum
2563 3060 2660 3114 pro
2688 3044 2890 3098 lumine
2920 3041 3248 3110 suscipiens.

2449 3157 2612 3230 [.93
2662 3150 2890 3211 CAPUT
2931 3152 3114 3210 LXIX.

2068 3277 2164 3332 Sta
2189 3278 2241 3330 in
2269 3277 2346 3330 tui
2379 3275 2628 3329 cuswdia
2658 3282 2892 3327 mentem
2929 3281 3075 3326 tuam
3107 3288 3330 3326 servans
3358 3273 3409 3324 in
3439 3281 3569 3325 tem-

1999 3388 2129 3442 pore
2151 3368 2413 3425 orationis
2443 3383 2471 3420 a
2501 3365 2948 3436 cogitationibus,
2977 3379 3071 3418 seu
3101 3363 3434 3428 notionibus,
3458 3375 3569 3427 quo

2001 3463 2053 3516 in
2101 3460 2314 3530 propria
2361 3459 2539 3528 quiete
2589 3471 2946 3526 permaneas,
2983 3465 3073 3516 ut,
3115 3455 3208 3522 qui
3243 3453 3568 3520 compatitur

2000 3551 2397 3620 ignorantibus,
2429 3549 2648 3602 ventitet
2677 3547 2838 3600 etiam
2869 3545 2934 3598 ad
2964 3552 3032 3607 te,
3067 3551 3302 3612 tuncque
3332 3544 3570 3598 celeber-

2001 3647 2200 3700 rimum
2230 3641 2497 3696 orationis
2526 3639 2809 3709 praemium
2847 3636 3180 3705 assequeris.

2557 3749 2786 3806 CAPUT
2841 3748 3002 3804 LXX.

2069 3870 2211 3928 Pure
2238 3881 2396 3922 orare
2428 3881 2535 3918 non
2571 3863 2775 3934 poteris
2799 3903 2812 3925 ,
2855 3862 2901 3916 si
2935 3859 3304 3914 matcrialibus
3337 3857 3568 3926 negotiis

2000 3966 2170 4020 fueris
2207 3963 2502 4033 implicitus
2526 4005 2540 4028 ,
2579 3959 2918 4029 assiduisque
2949 3956 3096 4012 curis
3132 3955 3407 4024 agitatus;
3442 3968 3568 4007 ora-

2002 4060 2078 4114 tio
2134 4057 2331 4128 quippe
2403 4063 2486 4110 est
2541 4051 2812 4122 depositio
2871 4067 2965 4106 seu
3017 4049 3244 4118 abjectio
3282 4046 3568 4116 cogitatio-

2002 4165 2156 4205 num.

2559 4255 2788 4312 CAPUT
2826 4253 3011 4308 LXXI.

2075 4355 2366 4410 Devinctus
2399 4365 2740 4420 nequaquam
2776 4361 2995 4402 currere
3024 4350 3201 4413 potest
3219 4360 3239 4408 ·,
3283 4355 3382 4394 nec
3417 4354 3571 4393 mens

1999 4445 2346 4521 passionibus
2384 4441 2690 4497 inserviens
2724 4437 2920 4492 valebit
2970 4433 3266 4504 spiritualis
3307 4430 3570 4483 orationis

2000 4519 2177 4595 locum
2212 4535 2428 4599 videre;
2458 4531 2748 4586 attrahitur
2791 4527 2984 4597 quippe
3004 4566 3018 4589 ,
3058 4533 3111 4576 et
3139 4519 3516 4576 circumfertur
3541 4531 3569 4568 a

2000 4630 2328 4700 cOgitatione
2371 4624 2570 4694 percita
2601 4621 2944 4690 passionibus
2971 4659 2986 4678 ,
3034 4631 3208 4683 neque
3245 4618 3350 4666 stat
3391 4610 3572 4662 incon-

2000 4734 2182 4774 cussa.

2544 4816 2773 4874 CAPUT
2812 4815 3021 4870 LXXII.

2072 4917 2239 4986 Igitur
2266 4913 2486 4983 quando
2513 4927 2667 4981 pure,
2703 4909 2988 4972 stabiliter,
3025 4922 3120 4961 seu
3158 4919 3264 4958 non
3298 4902 3569 4986 vagabunf

2001 5011 2088 5073 de,
2113 5021 2342 5075 vereque
2370 5021 2524 5058 mens
2553 5012 2709 5065 oret,
2738 5017 2844 5055 non
2871 5000 3108 5068 amplius
3139 5011 3169 5050 e
3199 4995 3439 5050 sinistris
3473 4982 3578 5044 adi

2001 5109 2225 5157 vcntant
2253 5100 2544 5161 dmmones,
2577 5095 2666 5148 sed
2698 5109 2728 5146 a
2757 5091 2962 5146 dextris
2989 5109 3002 5142 :
3032 5097 3570 5158 suggeruntnatnque

2003 5193 2102 5262 ipsi
2144 5191 2235 5246 Dei
2276 5190 2534 5261 gloriam,
2567 5197 2619 5242 et
2643 5185 2935 5256 quamdam
2974 5181 3348 5252 figurationem
3383 5175 3567 5232 sensui

2003 5285 2314 5339 amabiliunt
2339 5321 2352 5342 ,
2399 5281 2470 5334 ita
2504 5289 2561 5333 ιιι
2593 5279 2838 5332 videatur
2879 5276 2995 5345 ipse
3038 5271 3274 5344 perfecte
3300 5271 3411 5339 jam
3445 5283 3571 5320 ora-

2003 5373 2167 5426 tionis
2200 5386 2423 5439 scopum
2464 5369 2738 5438 attigisse;
2797 5367 2901 5420 hoc
2948 5373 3128 5419 autem
3175 5361 3314 5414 dixit
3351 5357 3571 5428 quidam

2003 5462 2265 5517 mirabilis
2293 5471 2344 5516 et
2375 5461 2566 5515 doctus
2595 5459 2675 5512 vir
2708 5474 2736 5511 a
2768 5459 3020 5526 passione
3055 5468 3206 5507 vana:
3243 5450 3423 5520 gloriae
3453 5462 3576 5516 pro-

2003 5559 2188 5610 cedere
2215 5597 2228 5619 ,
2263 5562 2316 5606 et
2358 5569 2387 5606 a
2434 5553 2680 5606 da'mone
2727 5560 2980 5618 tangente
3027 5543 3233 5600 cerebri
3265 5542 3440 5595 locum
3469 5577 3484 5602 ,
3525 5545 3580 5590 ct

2004 5661 2166 5700 venas
2206 5652 2596 5698 cun'ttttovetttc.
