3990 6204
838 398 1006 470 ἀπ
1050 397 1276 452 CAPUT
1317 395 1546 453 LXXIII.

478 511 742 566 Existimo
785 512 933 580 quod
971 511 1182 564 daemon
1207 549 1220 574 ,
1257 509 1346 562 ubi
1387 509 1598 573 locum,
1635 524 1794 579 quem
1839 507 1983 573 dixi,

406 599 665 670 tetigerit,
696 599 897 653 mentis
937 597 1114 652 lucem
1159 598 1438 662 obvertat,
1478 598 1700 666 perinde
1740 613 1804 652 ac
1836 597 1986 662 vult,

405 693 590 761 sicque
631 691 832 750 moveri
879 691 1189 759 passionem
1235 703 1389 742 vana:
1427 688 1648 757 gloriae,
1682 689 1810 741 dmn
1848 689 1986 742 idem

406 782 605 836 format
639 790 870 836 mentem
899 781 956 834 in
987 779 1365 849 cogitationem
1401 779 1590 834 leviter
1622 780 1946 833 sentientem
1969 821 1983 844 ,

407 871 480 926 ita
511 881 568 926 ut
605 873 833 926 formam
884 872 1080 926 habent
1119 873 1320 925 divina:
1376 887 1440 926 ac
1486 870 1860 925 substantialis
1896 884 1990 923 co-

414 963 696 1032 gnitionis.
732 964 832 1017 IIic
866 963 990 1018 talis
1018 977 1144 1018 vero
1181 964 1404 1018 minime
1441 974 1666 1016 vexatus
1694 976 1724 1012 a
1755 961 1990 1014 carnali-

411 1054 511 1106 bus
552 1061 714 1120 atque
753 1052 981 1120 impuris
1031 1054 1403 1121 passionibus,
1459 1053 1550 1105 sed
1597 1066 1729 1119 pure
1777 1059 1987 1114 astans,

411 1143 655 1207 videtur,
705 1142 808 1196 sibi
854 1158 962 1196 non
1009 1145 1246 1212 amplius
1279 1142 1606 1198 contrariam
1653 1142 1892 1208 aliquam
1938 1142 1990 1193 in

413 1235 594 1302 seipso
639 1234 754 1286 fieri
787 1235 1194 1302 operationem;
1239 1237 1377 1290 unde
1413 1236 1726 1303 suspicatur
1751 1231 1991 1284 divinam

413 1338 532 1377 esse
569 1326 962 1392 apparitionem
991 1367 1004 1389 ,
1055 1342 1174 1394 qua:
1212 1324 1352 1380 facta
1395 1335 1480 1380 est
1521 1325 1626 1394 ipsi
1681 1338 1712 1376 a
1747 1321 1995 1376 daemone

417 1416 718 1470 \ehcmettli
751 1433 848 1472 uso
879 1418 1110 1484 vafritie,
1139 1428 1192 1472 et
1223 1434 1318 1488 per
1346 1419 1632 1473 cerebrum
1668 1417 1840 1469 lucem
1867 1429 1995 1466 con-

414 1509 660 1576 junctam
699 1510 961 1564 alterantc
984 1551 997 1575 ,
1040 1526 1102 1564 ac
1145 1511 1319 1580 ipsum
1344 1550 1358 1573 ,
1390 1517 1551 1580 prout
1579 1507 1845 1568 diximus,
1887 1505 1998 1558 for-

420 1602 618 1647 mante.

944 1727 1172 1784 CAPUT
1225 1729 1458 1785 LXXIV.

488 1850 580 1904 Dei
637 1853 862 1922 angelus
908 1863 1092 1908 astans
1152 1857 1270 1910 solo
1333 1857 1497 1910 verbo
1548 1869 1800 1911 cunctam
1865 1873 1998 1926 ope-

421 1943 686 1994 rationem
732 1946 1041 2010 Oppositam.
1080 1962 1106 1997 a
1178 1947 1340 2001 nobis
1393 1962 1608 2002 cessate
1666 1948 1830 2012 facit,
1883 1967 1998 2000 nio-

421 2043 613 2104 wtque
650 2036 828 2089 lumen
874 2039 1071 2092 mentis
1103 2041 1167 2093 ad
1211 2043 1544 2110 operantium
1597 2042 1714 2096 sine
1755 2042 1865 2096 ullo
1907 2059 1997 2096 er-

425 2141 564 2178 rore.

968 2263 1198 2319 CAPUT
1239 2264 1449 2321 LXXV.

492 2375 644 2440 Quod
704 2376 920 2430 dicatur
973 2377 1028 2430 in
1084 2378 1409 2451 Apocalypsi
1454 2379 1500 2412 ⁸¹
1548 2383 1794 2451 angelum
1855 2383 1998 2439 ferre

424 2469 754 2523 thuribulum
781 2471 1111 2538 sutﬁmenti,
1153 2482 1212 2527 ut
1257 2473 1410 2527 daret
1449 2475 1514 2526 ad
1559 2475 1835 2528 orationes
1867 2490 1995 2528 san-

421 2569 662 2625 ctorum,
721 2562 954 2616 arbitror
997 2564 1140 2632 quod
1208 2565 1279 2619 sit
1317 2567 1428 2618 haec
1462 2565 1632 2632 gratia
1660 2607 1673 2629 ,
1723 2580 1844 2634 qua:
1902 2580 1995 2633 per

421 2652 668 2718 angelum
692 2651 919 2706 eflicitur
943 2671 956 2705 :
984 2654 1120 2708 indit
1147 2655 1290 2708 enim
1322 2654 1687 2722 cognitionem
1715 2671 1852 2708 vera:
1869 2669 1992 2708 ora-

421 2742 622 2804 tionis,
682 2743 751 2794 ita
806 2751 866 2796 ut
915 2759 1067 2796 mens
1119 2745 1376 2813 deinceps
1436 2753 1539 2798 stet
1581 2755 1732 2799 extra
1775 2761 1992 2800 omnem

420 2831 786 2899 agitationem,
817 2833 1086 2901 pigritiam
1128 2850 1190 2887 ac
1220 2835 1622 2905 negligentiam.

843 2943 1032 3030 495..
1063 2944 1293 2999 CAPUT
1343 2945 1575 3000 LXXVI.

491 3057 687 3110 Phiala:
754 3057 1234 3113 odoramentorum
1285 3060 1329 3091 ⁵⁸
1403 3059 1660 3113 dicuntur
1719 3061 2065 3134 orationesc

422 3165 540 3204 esse
579 3161 892 3205 sanctorum
926 3191 940 3216 ,
993 3167 1129 3221 quas
1158 3152 1400 3207 seniores
1435 3151 1624 3222 viginti
1654 3161 1887 3222 quatuor
1915 3153 1997 3208 fe-

425 3249 570 3294 rum.

950 3375 1180 3432 CAPUT
1221 3375 1478 3431 LXXVII.

493 3487 922 3542 Existimandnm
954 3496 1133 3540 autem
1165 3496 1268 3550 est,
1301 3488 1532 3556 phialam
1587 3502 1825 3542 amorem
1877 3503 2000 3544 esse

421 3593 545 3648 erga
596 3578 761 3633 Deum
791 3621 805 3645 ,
875 3578 986 3633 sire
1037 3577 1326 3647 perfectam
1361 3589 1414 3632 et
1455 3578 1785 3648 spiritualem
1819 3578 1999 3632 chari-

423 3679 617 3734 tatem,
667 3671 720 3723 in
761 3686 866 3744 qua
920 3668 1197 3739 perficitur
1237 3667 1412 3722 oratio
1444 3668 1496 3721 in
1535 3667 1738 3736 Spiritu
1781 3677 1835 3721 et
1861 3666 1999 3720 veri-

424 3773 547 3816 tate.

933 3894 1161 3952 CAPUT
1197 3892 1479 3947 LXXVIII.

492 4003 628 4056 Cum
673 4004 922 4072 opinatus
949 4003 1118 4059 fueris
1165 4017 1216 4058 te
1268 4021 1374 4058 non
1424 4019 1584 4075 egere
1642 4005 1893 4074 lacrymis
1945 4005 1997 4057 in

420 4092 667 4146 oratione
699 4102 786 4145 tua
816 4102 1032 4162 propter
1064 4103 1282 4161 peccata
1303 4135 1316 4155 ,
1360 4093 1567 4160 dispice
1599 4101 1861 4162 qttantum
1901 4092 2000 4145 ab-

421 4182 591 4237 fueris
613 4201 640 4235 a
667 4184 792 4247 Deo,
819 4200 940 4238 cum
961 4187 1186 4238 deberes
1209 4186 1356 4238 omni
1384 4195 1626 4254 tempore
1666 4187 1719 4240 in
1763 4201 1830 4240 eo
1855 4200 1998 4252 esse,

421 4283 474 4326 ct
507 4273 734 4326 calidius
770 4275 1176 4344 Iacrymabcris.

949 4407 1176 4463 CAPUT
1226 4407 1458 4463 LXXIX.

493 4518 744 4574 Profecto
775 4537 1056 4576 mensuras
1091 4531 1210 4578 tuas
1244 4536 1578 4590 agnoscens,
1619 4521 1857 4576 suaviter
1906 4521 1986 4575 lu-

1908 290 1966 349 S.
1994 289 2160 349 NILI

2009 406 2055 458 Δ

3529 281 3675 344 IIS!

2675 395 2926 450 ΚΕΦΑΛ.
2958 396 3077 449 01".

2159 506 2328 580 Οῐμαι
2381 511 2472 563 τὸν
2521 507 2747 580 δαίμονα
2807 508 3183 578 ἐφαπτόμενον
3233 507 3323 562 τοῦ
3375 512 3680 582 εἰρημένου

2087 600 2255 653 τόπου
2282 599 2343 653 τὸ
2367 615 2431 652 πε
2443 599 2494 670 pl.
2519 600 2610 652 τὸν
2635 599 2758 652 νοῦν
2791 599 2905 667 φῶς
2931 597 3156 668 τρέπειν
3180 597 3365 662 καθὼς
3395 599 3680 670 βούλεται,

2090 693 2182 746 καὶ
2206 691 2348 745 οὕτω
2371 690 2637 744 κινεῖσθαι
2667 689 2728 742 τὸ
2750 689 2846 758 τῆς
2873 688 3178 753 κενεδοξίας
3200 690 3393 757 πάθος,
3425 695 3513 756 εἰς
3543 694 3666 762 λογι

2092 783 2227 853 σμδν
2274 779 2582 852 μορφοῦντα
2635 780 2726 833 τὸν
2781 777 2903 832 νοῦν
2948 778 3149 847 κοῦφον
3189 783 3491 851 γνωμόνως
3545 786 3686 854 πρὸς

2089 874 2179 927 τὸν
2228 871 2578 941 ἀναπλασμδν
2608 870 2707 940 τῆς
2751 869 2897 930 θείας
2932 869 3026 920 καὶ
3056 869 3344 934 οῦσιὼδους
3390 872 3684 939 γνώσεως,

2089 963 2167 1033 μὴ
2216 961 2539 1031 ὀχλούμενος
2595 959 2652 1012 δὲ
2696 960 2724 1011 ὁ
2773 957 3012 1021 τοιοῦτος
3065 959 3170 1011 ὑπὸ
3223 962 3533 1030 σαρκικῶν,
3591 966 3686 1016 καὶ

2089 1052 2414 1122 ἀκαθάρτων
2443 1050 2652 1115 παθῶν,
2668 1049 2805 1101 ἀλλά
2827 1048 3081 1120 καθαρῶς
3096 1049 3258 1119 δῆθεν
3284 1053 3682 1123 παρεστηκὼς,

2091 1143 2239 1198 δοκεῖ
2283 1143 2483 1213 μηκέτι
2532 1141 2815 1210 ἐνέργειάν
2865 1157 2987 1193 τινα
3033 1141 3282 1195 ἐναντίαν
3321 1143 3580 1211 γίνεσθαι
3629 1146 3684 1196 ἐν

2094 1235 2288 1304 ἐαυτῷ,
2338 1235 2459 1288 ὅθεν
2503 1233 2797 1287 ὑποπτεύει
2845 1231 2994 1286 θεῖαν
3032 1228 3169 1286 εἶναι
3209 1236 3544 1304 ἐπιφάνειαν
3583 1238 3686 1303 τὴν

2093 1327 2392 1396 γενομένην
2434 1323 2582 1394 αὐτῷ
2609 1323 2714 1376 ὑπο
2756 1323 2850 1375 τοῦ
2890 1323 3164 1394 δαίμονος,
3203 1325 3296 1378 καὶ
3331 1325 3689 1397 μορφοῦντος

2095 1416 2275 1481 αὐτὸν,
2317 1414 2498 1479 καθῶς
2528 1413 2868 1486 προέφαμεν.

2672 1745 2919 1798 ΚΕΦΑΛ.
2967 1746 3082 1799 οΔ’.

2182 1853 2238 1905 '0
2271 1851 2364 1906 τοῦ
2396 1853 2529 1906 Θεοῦ
2563 1854 2792 1922 ἄγγελος
2839 1854 3065 1917 ἐπιστὰς
3105 1855 3246 1925 λόγῳ
3277 1859 3421 1926 μόνῳ
3457 1856 3690 1912 ἃπασαν

2097 1940 2194 2011 τὴν
2221 1943 2602 2011 ἀντικειμένην
2642 1943 2925 2012 ἐνέργειαν
2962 1941 3124 1994 παύει
3155 1943 3212 2006 ἐξ
3253 1943 3433 2013 ἡμῶν,
3464 1945 3562 1996 καὶ
3595 1959 3689 1996 κι-

2095 2033 2178 2086 νεῖ
2201 2033 2259 2085 τὸ
2288 2034 2400 2100 φῶς
2429 2032 2522 2084 τοῦ
2546 2033 2636 2085 νοῦ
2662 2032 2916 2096 ἀπλανῶς
2949 2035 3210 2104 ἐνεργεῖν.

2669 2251 2918 2305 ΚΕΦΑΛ.
2957 2251 3081 2305 OE'.

2167 2367 2240 2419 Τὸ
2279 2366 2458 2433 λέγειν
2505 2365 2660 2435 ἐν’τῇ
2707 2365 3066 2433 Ἀποκαλύψει
3098 2365 3421 2434 κομίζεσθαι
3451 2365 3545 2418 τὸν
3574 2366 3687 2434 ἄτ-

2093 2459 2249 2528 γελον
2280 2459 2528 2528 θυμίαμα
2557 2457 2644 2510 ἵνα
2669 2457 2744 2528 δῷ
2774 2459 2851 2521 είς
2880 2458 2981 2521 τὰς
3013 2459 3319 2527 προσευχὰς
3337 2459 3448 2510 τῶν
3477 2459 3687 2526 ἁγίων,

2094 2547 2248 2621 οἶμαι
2277 2551 2377 2618 τὴν
2407 2550 2565 2620 χάριν
2605 2546 2744 2604 εἶναι
2775 2552 2981 2620 ταύτην
3020 2551 3105 2602 διὰ
3137 2549 3230 2601 τοῦ
3260 2550 3490 2617 ἀγγέλου
3518 2553 3688 2620 ἐνερ-

2093 2642 2363 2712 γουμένην
2394 2659 2407 2672 ο
2436 2642 2634 2710 γνῶσιν
2664 2643 2771 2711 γὰρ
2811 2643 3030 2712 ἐμποιεῖ
3057 2643 3154 2712 τῆς
3187 2642 3416 2713 ἀληθοῦς
3442 2659 3690 2714 προσευ-

2095 2736 2215 2803 χῆςε
2250 2733 2390 2786 ὥστε
2411 2734 2631 2786 ἑστάναι
2660 2733 2844 2786 λοιπὸν
2879 2734 3033 2796 ἐκτὸς
3065 2733 3263 2797 παντὸς
3294 2734 3503 2797 κλόνου,
3532 2736 3686 2805 ἀκη-

2092 2825 2209 2889 δίας
2233 2843 2312 2889 τε,
2341 2826 2436 2878 καὶ
2469 2826 2762 2896 ὀλιγωρίας
2779 2826 2871 2879 τὸν
2905 2825 3050 2879 νοῦν.

2667 2969 2918 3021 ΚΕΦΑΔ.
2949 2971 3085 3035 oq'.

2164 3082 2228 3132 Ai
2257 3081 2444 3149 φιάλαι
2477 3081 2586 3134 τῶν
2615 3081 2976 3151 θυμιαμάτων
3006 3083 3060 3135 αἱ
3085 3085 3384 3154 προσευχαὶ
3415 3081 3555 3137 εἷναι
3585 3085 3684 3138 λέ-

2097 3191 2282 3240 γονται
2302 3175 2408 3226 τῶν
2422 3175 2610 3240 ἁγίων,
2632 3173 2697 3236 ἃς
2712 3175 3145 3242 εἰκοσιτέσσαρες
3167 3174 3528 3245 πρεσϐύτεροι
3555 3176 3684 3228 ἐπι-

2100 3266 2376 3334 φέρονται.

2680 3399 2930 3452 ΚΕΦΑΛ.
2965 3401 3078 3452 OZ'.

2167 3508 2368 3578 Φιάλην
2396 3509 2451 3562 δὲ
2481 3509 2822 3579 ὑποληπτέον
2859 3510 2960 3580 τὴν
2983 3513 3121 3581 πρὸς
3155 3512 3286 3566 Θεὸν
3325 3513 3526 3581 φιλίαν,
3555 3515 3682 3582 ἦτοι

2098 3600 2197 3670 τὴν
2241 3601 2452 3653 τελείαν
2479 3603 2573 3654 καὶ
2603 3601 2975 3672 πνευματικὴν
3004 3605 3245 3674 ἀγάπην,
3276 3606 3331 3656 ἐν
3436 3605 3468 3674 ἠ
3504 3621 3682 3674 atpos-

2100 3695 2232 3762 ευχὴ
2259 3693 2557 3762 ἐνεργεῖται
2589 3694 2646 3745 ἐν
2674 3692 2950 3746 Πνεύαατι
2988 3694 3083 3748 καὶ
3114 3694 3360 3765 ἀληθείᾳ.

2677 3894 2926 3947 ΚΕΦΑΛ.
2960 3897 3064 3947 Oll'

2173 4004 2339 4056 Ὅταν
2367 4003 2524 4073 δόξης
2557 4004 2630 4074 μὴ
2678 4005 2886 4058 δεῖσθαι
2920 4005 3170 4072 δακρύων
3197 4007 3253 4058 ἐν
3281 4009 3345 4076 τῇ
3389 4010 3674 4078 προσευχῇ

2101 4112 2194 4148 σου
2241 4094 2310 4147 δι’
2367 4096 2660 4164 ἁμαρτίας,
2691 4097 2883 4150 σκόπει
2948 4098 3113 4149 πόσον
3159 4098 3473 4168 ἀφέστηκας
3514 4097 3678 4160 Θεοῦ,

2099 4187 2330 4256 ὀφείλων
2377 4183 2513 4240 εἶναι
2556 4189 2612 4240 ἐν
2644 4188 2793 4259 αὐτῷ
2835 4188 2923 4242 διὰ
2950 4191 3182 4252 παντὸς,
3223 4191 3316 4244 καὶ
3342 4191 3680 4260 θερμότερον

2022 4347 2027 4352 Ι
2099 4277 2410 4348 δακρύσεις.

2685 4410 2931 4462 ΚΕΦΑΛ.
2967 4409 3086 4465 υΘ’.

2163 4521 2270 4574 Ναὶ
2302 4522 2408 4590 μὴν
2435 4520 2812 4587 ἐπιγινώσκων
2841 4521 2907 4575 τά
2934 4521 3109 4592 μέτρα
3136 4539 3249 4585 σου,
3276 4522 3444 4591 ἡδέως
3471 4521 3678 4591 πενθή-

423 4612 608 4678 gchis,
665 4613 920 4666 miserum
961 4627 1439 4680 terumnosumque
1482 4613 1712 4681 teipsuin
1753 4614 1995 4667 vocitans

2112 4610 2529 4675 ιεις.ταλανίξων
2549 4613 2740 4664 ἑαυτὸν
2756 4612 2895 4665 κατά
2910 4613 2998 4665 τὸν
3013 4613 3342 4676 Ἡσαΐαν,ὠς
3370 4613 3680 4681 ἀκάθαρτος

425 4700 722 4754 secundum
761 4700 950 4756 Isaiam
980 4701 1058 4764 ⁸³,
1091 4701 1234 4769 quod
1253 4701 1639 4769 cumpollutus
1664 4701 1740 4753 sis
1760 4743 1773 4766 ,
1805 4709 1857 4754 et
1880 4701 1994 4770 pol-

424 4793 535 4846 luta
565 4794 710 4846 labia
756 4793 991 4860 habeas,
1047 4800 1102 4847 et
1161 4794 1214 4845 in
1260 4792 1438 4846 medio
1479 4793 1660 4861 populi
1705 4794 1826 4847 talis
1856 4793 1998 4847 exsi-

424 4896 575 4952 stas,
639 4895 693 4939 tu
749 4902 780 4940 e
830 4886 1104 4940 contrario
1145 4887 1311 4940 audes
1372 4885 1599 4940 Domino
1659 4886 1991 4939 exercituum

424 4985 623 5028 astare.

974 5105 1203 5161 CAPUT
1245 5105 1455 5160 LXXX.

499 5224 555 5276 Si
588 5239 712 5277 vere
745 5223 987 5276 oraveris
1013 5265 1026 5286 ,
1063 5221 1434 5289 plenissimam
1469 5219 1768 5288 comperies
1801 5219 1956 5274 ﬁdem
1982 5260 1996 5284 ,

431 5329 524 5367 seu
570 5313 1052 5374 certiticationcm,
1097 5322 1151 5365 et
1206 5313 1273 5365 ad
1325 5319 1375 5363 te
1417 5310 1588 5378 angeli
1634 5312 1990 5374 convenient,

431 5413 484 5457 et
540 5403 775 5456 rationes
825 5419 1011 5457 eorum
1042 5444 1055 5464 ,
1101 5418 1219 5470 qua:
1276 5401 1438 5462 fiunt,
1484 5400 1536 5452 in
1586 5402 1757 5455 lucem
1817 5400 1995 5468 profe-

433 5503 568 5547 rent.

506 5665 545 5702 "
589 5668 751 5736 Apoc.
791 5685 906 5731 VIII,
937 5669 990 5719 5.
1070 5671 1110 5698 ⁸²
1151 5670 1313 5737 Apoc.
1359 5684 1405 5731 γ,
1438 5669 1489 5721 8.
1568 5667 1612 5698 ⁸³
1646 5667 1747 5720 Isa.
1775 5682 1845 5732 VI,

2094 4703 2288 4766 ὣν,καὶ
2309 4703 2592 4772 ἀκάθαρτα
2615 4703 2762 4773 χείλη
2792 4703 2948 4772 ἔχων,
2975 4704 3066 4755 καὶ
3092 4705 3149 4755 ἐν
3173 4704 3320 4773 μέσῳ
3340 4704 3469 4756 λαοῦ
3497 4702 3678 4754 τοιού-

2090 4813 2183 4848 του
2247 4795 2522 4864 ὑπάρχων.
2580 4795 2890 4848 τούναντίον
2949 4795 3150 4864 τολμᾷς
3191 4795 3379 4864 Κυρίῳ
3447 4791 3676 4845 Σαϐαὼθ

2097 4888 2449 4957 παρεστάναι.

2700 5107 2743 5156 Κ
2754 5107 2926 5157 ΕΦΔΛ
2937 5146 2949 5158 .
2990 5107 3068 5159 Π¹.

2181 5219 2306 5272 Ἐὰν
2333 5219 2541 5287 ἀληθῶς
2573 5217 2866 5287 προσεύχῃ,
2892 5218 3091 5288 πολλὴν
3115 5216 3488 5288 πληροφορίαν
3506 5217 3672 5285 εῦρήο

2105 5331 2236 5377 σεις,
2265 5312 2360 5364 καὶ
2381 5309 2599 5378 ἄγγελοι
2649 5308 3058 5362 συνελεῦσονταί
3095 5325 3174 5361 σοι
3203 5307 3294 5362 καὶ
3325 5310 3449 5370 τοὺς
3478 5307 3674 5372 λόγους

2101 5404 2208 5457 τῶν
2238 5401 2534 5473 γινομένων
2565 5398 2843 5468 φωτιοῦσι.
