3994 6182
310 182 452 245 Ίλ35

891 296 1143 351 ΚΕΦΛΛ.
1181 299 1306 352 ΠΑ’.

378 408 640 473 Γίνωσκε,
693 408 885 477 ὅτιπερ
929 409 978 460 οἱ
1023 408 1167 476 ἆγιοι
1217 410 1437 477 ἄγγελοι
1494 413 1891 481 προτρέπονται

212 544 225 557 .
306 501 450 569 ἡμᾶς
489 500 568 562 εἰς
608 500 944 570 προσευχὴν,
981 502 1073 552 καὶ
1103 502 1583 571 συμπαρίστανται
1611 506 1740 573 ἡμῖν
1769 505 1890 572 χαί-

307 608 494 660 ροντες
529 593 668 660 ἅμα,
703 593 801 642 καὶ
828 592 1257 661 προσευχόμενοι
1299 593 1442 663 ὑπὲρ
1470 594 1645 663 ἡμῶν
1675 595 1770 647 ὲάν
1797 592 1890 648 οὖν

306 682 693 751 ἀμελήσωμεν,
718 684 810 735 καὶ
831 681 1113 751 δεξώμεθα
1136 683 1431 752 λογισμοὺς
1471 687 1747 749 ἐναντίους
1768 687 1889 741 λίαν

306 778 682 849 παροξύνομεν
717 778 934 841 αὐτοὺς,
954 779 1139 849 ὅτιπερ
1166 780 1307 849 ὑπὲρ
1336 780 1491 849 ἡμῶν
1531 780 1888 847 ἀγωνίζονται

306 868 578 933 τοσοῦτον,
611 871 771 939 ἡμεῖς
809 868 865 921 δὲ
898 869 1016 922 οὐδὲ
1052 870 1193 939 ὑπὲρ
1219 870 1427 923 ἑαυτῶν
1452 871 1750 941 βουλόμεθα
1775 875 1888 926 ίκε-

306 959 497 1013 τεῦσαι
542 961 630 1012 τὸν
666 960 798 1012 Θεόν
827 976 839 988 ·
892 959 1026 1013 ἀλλά
1071 962 1540 1029 καταφρονοῦντες
1574 963 1669 1031 τῆς
1708 963 1888 1017 αὐτῶν

304 1049 666 1121 λειτουργίας,
706 1053 798 1105 καὶ
825 1052 917 1105 τὸν
952 1051 1157 1106 τούτων
1193 1053 1347 1115 Θεὸν,
1377 1053 1471 1106 καὶ
1493 1053 1767 1123 Δεσπότην
1791 1072 1887 1107 κα-

301 1137 738 1207 ταλιμπάνοντες
822 1140 1074 1210 δαίμοσιν
1147 1140 1482 1212 ἀκαθάρτοις
1554 1142 1884 1211 ἐντυγχάνο-

305 1238 425 1290 μεν.

885 1337 1133 1392 ΚΕΦΑΛ.
1165 1339 1289 1394 HB’.

369 1444 677 1514 Προσεύχου
707 1446 984 1511 ἐπιεικῶς,
1016 1449 1108 1501 καὶ
1135 1450 1441 1519 ἀταράχως,
1462 1451 1553 1503 καὶ
1575 1450 1742 1520 eane
1761 1470 1884 1506 συν-

300 1536 435 1599 ετῶς
468 1538 563 1588 καὶ
606 1537 914 1607 εὐρύθμως,
948 1539 1043 1591 καὶ
1096 1538 1195 1611 ἔσῃ
1235 1541 1311 1604 ὼς
1358 1542 1575 1605 νεοσσὸς
1608 1543 1767 1596 ἀετοῦ
1823 1546 1882 1597 ὲν

301 1627 423 1695 ὕψει
452 1628 757 1698 αἰρόμενος.

876 1745 1124 1798 ΚΕΦΑΛ.
1156 1747 1279 1801 HF’.

380 1850 441 1905 'II
488 1854 588 1921 μὲν
626 1853 910 1925 ψαλμῳδία
947 1856 1015 1910 τὰ
1067 1858 1213 1929 πάθη
1262 1861 1599 1927 κατευνάζει,
1635 1864 1729 1916 καὶ
1770 1861 1867 1932 τὴν

291 1944 562 2010 ἀκρασίαν
596 1945 687 1997 τοῦ
720 1946 969 2016 σώματος
1014 1951 1241 2020 ἠρεμεῖν
1279 1952 1672 2023 ἀπεργάζεται.
1720 1954 1781 2007 ’11
1811 1955 1868 2008 δὲ

291 2039 569 2107 προσευχὴ
599 2040 840 2110 ἐνεργεῖν
882 2043 1291 2111 παρασκευάζει
1322 2045 1412 2098 τὸν
1441 2046 1565 2099 νοῦν
1595 2046 1695 2117 τὴν
1732 2047 1866 2099 ἰδίαν

286 2126 378 2184 {sui
391 2143 599 2195 ργειαν.

848 2244 1121 2313 malum.
1170 2247 1291 2300 ω’.

361 2354 645 2425 Προσευχῂ
712 2356 827 2408 ἐστὶ
901 2357 1182 2428 πρέπουσα
1247 2361 1496 2433 ἐνέργεια
1531 2406 1545 2429 ,
1607 2370 1673 2437 τῇ
1742 2367 1868 2440 ἀξίᾳ

290 2444 381 2498 τοῦ
419 2445 512 2500 νοῦ
537 2447 656 2517 ἦτοι
683 2449 965 2520 κρείττων,
1001 2455 1093 2506 κα)⁸
1120 2454 1415 2527 εἰλικρινὴς
1437 2459 1617 2528 κρίσις
1644 2462 1827 2515 αὑτοῦ.

866 2653 1118 2707 ΚΕΦΑΛ.
1162 2654 1287 2709 HE’.
1392 2666 1395 2667 ⁷

375 2764 435 2816 Ἠ
461 2763 558 2832 μὲν
580 2763 866 2835 ψαλμῳδία
888 2765 1053 2830 τύπος
1074 2768 1170 2837 τῆς
1200 2770 1447 2839 ποικίλης
1479 2772 1671 2842 σοφίας
1692 2776 1859 2843 ἐστὶν,

288 2855 322 2923 ἠ
364 2852 418 2905 δὲ
460 2855 759 2939 προσευχὴ,
800 2855 1083 2927 προοίμιόν
1113 2858 1229 2911 ἐστι
1271 2861 1371 2929 τῆς
1402 2861 1587 2929 ἀΰλου,
1626 2865 1721 2918 καὶ
1752 2883 1863 2919 ποι-

287 2942 445 3012 κίλης
472 2943 741 3011 γνώσεως.
1366 3002 1375 3009 ,

844 3058 1093 3113 ΚΕΦΑΛ.
1150 3061 1289 3129 nq'.

366 3167 431 3220 Ἥ
461 3168 681 3236 γνῶσις,
717 3169 975 3244 καλλίστη
1007 3174 1261 3245 ὑπάρχει,
1294 3178 1555 3247 συνεργὸς
1597 3180 1705 3251 γάρ
1740 3175 1856 3234 ἐστὶ

284 3259 385 3329 τῆς
414 3261 743 3330 προσευχῆς,
777 3263 878 3332 τὴν
911 3265 1103 3335 νοεράν
1138 3266 1367 3337 δύναμιν
1392 3268 1487 3323 τοῦ
1524 3271 1616 3323 νοῦ
1646 3271 1856 3326 διυπνίο

285 3351 454 3415 ζουσα
481 3352 619 3424 πρὸς
654 3354 885 3426 θεωρίαν
908 3357 1005 3427 τῆς
1028 3358 1178 3422 θείας
1207 3359 1480 3427 γνώσεως.

874 3558 1122 3609 ΚΕΦΛΛ.
1155 3559 1276 3611 IIZ'.

356 3662 416 3717 Ei
447 3664 661 3717 οὐδέπω
702 3664 892 3729 ἔλαϐες
937 3668 1182 3737 χάρισμα
1225 3668 1553 3739 προσευχῆς,
1600 3669 1632 3739 ἢ
1675 3669 1854 3740 ψαλμ-

284 3754 464 3823 ῳδίας,
501 3756 844 3829 ὲφέδρευσον,
880 3756 975 3809 καλ⁹
1002 3757 1169 3827 λήψῃ.

854 3889 1107 3943 ΚΕΦΑΛ.
1140 3888 1272 3942 ΠΗ’.

353 4003 546 4069 Ἔλεγε
579 4002 635 4054 δὲ
668 4003 856 4065 αὐτοῖς
886 4003 980 4056 καὶ
1011 4002 1326 4072 παραϐολὴν
1352 4003 1488 4073 πρὸς
1510 4002 1570 4055 τὸ
1594 4002 1704 4056 δεῖν
1750 4004 1850 4056 αὐ-

277 4094 404 4156 τοὺς
429 4093 661 4146 πάντοτε
699 4092 1115 4162 προσεύχεσθαι,
1154 4094 1248 4145 καὶ
1280 4091 1354 4161 μὴ
1399 4094 1653 4145 ὲκκακεῖν
1676 4109 1691 4123 ·
1722 4095 1851 4147 οὐκ·

276 4184 372 4237 οὖν
431 4185 506 4255 μὴ
562 4184 786 4237 ὲκκάκει
827 4183 984 4245 τέως,
1030 4183 1163 4251 μηδὲ
1194 4182 1392 4251 ἀθύμει
1427 4182 1502 4245 ὡς
1536 4183 1609 4253 μὴ
1647 4183 1846 4237 λαϐὼν⁹

276 4276 419 4347 λήψῃ
460 4277 569 4347 γὰρ
602 4276 828 4346 ὕστερον
856 4292 869 4304 ·
924 4275 1015 4327 καὶ
1050 4275 1291 4343 ὶπήγαγε
1321 4276 1387 4341 τῇ
1420 4275 1723 4345 παραϐολῇ,
1758 4275 1846 4327 τόο

280 4384 297 4415 ι
334 4367 393 4417 EI
426 4366 533 4435 γὰρ
577 4368 669 4417 καὶ
699 4364 831 4417 Θεὸν
867 4365 928 4417 ού
965 4363 1256 4433 φοϐοῦμαι,
1292 4364 1383 4416 καὶ⁸
1429 4364 1716 4435 ἄνθρωπον
1749 4366 1849 4419 οὐκ

272 4457 629 4527 ἐντρέπομαι,
654 4456 788 4511 ἀλλά
816 4474 879 4525 γε
911 4457 998 4510 διὰ
1026 4456 1085 4508 τὸ
1114 4456 1315 4517 κόπους
1350 4458 1608 4525 παρέχειν
1644 4474 1733 4525 μοι
1753 4458 1851 4526 τὴν

275 4550 530 4614 γυναῖκα,
573 4549 787 4617 ποιήσω
819 4547 916 4617 τὴν
947 4546 1225 4615 ἐκδίκησιν
1251 4546 1451 4617 αὐτῆς·
1487 4565 1505 4597 ι
1556 4546 1729 4610 οὕτως
1759 4544 1851 4600 οὖν

271 4638 368 4689 καὶ
404 4638 431 4689 ὁ
464 4637 594 4701 Θεὸς
633 4639 849 4709 ποιήσει
882 4638 978 4709 τὴν
1004 4638 1279 4708 ἐκδίκησιν
1297 4637 1403 4689 τῶν
1440 4636 1682 4706 βοώντων
1716 4639 1851 4708 πρὸς

271 4730 437 4783 αὑτὸν
489 4730 683 4794 νυκτὸς
728 4731 821 4783 καὶ
871 4731 1080 4801 ἡμέρας
1135 4732 1192 4783 ὲν
1237 4730 1411 4800 τάχει.
1440 4728 1679 4799 Εὑθύμει
1738 4747 1850 4782 τοι-

272 4820 481 4890 γαροῦν
542 4820 969 4893 προσκαρτερῶν
1027 4820 1278 4889 ὲμπόνως
1341 4821 1407 4889 τῇ
1480 4817 1611 4890 ἁγίᾳ
1678 4835 1847 4887 προσ-

270 4914 432 4982 ευχῇ.

852 5044 1101 5098 ΚΕΦΑΛ.
1126 5039 1254 5096 ΙΙΘ’.
1818 5039 1847 5077 τ

341 5155 433 5226 Μὴ
470 5156 701 5227 θελήσῃς
726 5158 802 5220 ὥς
833 5175 913 5211 σοι
942 5158 1107 5219 δοκεῖ,
1144 5156 1259 5210 ἀλλ’
1296 5156 1370 5219 ὡς
1395 5155 1513 5224 Θεῷ
1534 5154 1756 5225 ἀρέσκει
1779 5152 1846 5207 τά

268 5248 412 5301 κατά
440 5249 500 5301 σὲ
531 5250 805 5317 γενέσθαι,
841 5252 936 5304 καὶ
965 5251 1066 5323 ἔσῃ
1090 5251 1385 5321 ἀτάραχος,
1411 5249 1504 5302 καὶ
1530 5247 1849 5318 εὐχάριστός

269 5342 330 5394 ἐν
357 5344 631 5411 προσευχῇ
661 5359 778 5398 σου.

345 5564 390 5595 ⁸⁵
428 5563 558 5619 Luc.
592 5582 745 5633 xvnt,
770 5565 887 5619 2-6.

1658 190 1754 247 DE
1792 190 2195 250 URA'I‘I'IINE.

1922 308 1966 360 Α
2424 306 2598 377 ’496
2634 307 2861 361 cicer
2897 308 3130 363 LXXXI.

3432 203 3564 270 1185

2063 415 2255 475 Nosce.
2287 418 2431 485 quod
2455 420 2628 472 sancti
2656 421 2829 488 angeli
2867 437 2964 476 nos
2998 424 3234 477 excitant
3266 427 3328 477 ad
3360 430 3565 481 oratio-

1992 518 2146 569 nem,
2184 516 2236 557 et
2281 522 2385 559 una
2419 510 2698 562 nobiscum
2739 522 2956 574 astant,
2996 515 3291 582 gaudentes
3325 518 3484 571 simul
3515 528 3567 571 rt

1990 608 2208 650 orantes
2249 613 2347 666 pro
2386 600 2581 665 nobis;
2621 603 2664 653 si
2701 603 2862 669 igitur
2894 604 3316 671 neglexcrimus,
3343 617 3395 659 et
3438 623 3564 660 cou-

1990 687 2183 742 trarias
2209 691 2609 758 susceperimus
2637 695 3021 761 COgitaliones,
3052 696 3202 749 valde
3230 696 3565 750 irritabimns

1989 776 2171 845 ipsos,
2207 780 2348 845 quod
2394 780 2429 833 ii
2472 796 2571 849 pro
2603 783 2762 836 nobis
2803 791 3079 852 tantopere
3113 786 3419 851 decerteut,
3467 803 3569 839 nos

1989 884 2116 922 vero
2149 885 2247 923 nec
2278 885 2374 938 pro
2414 873 2571 927 nobis
2612 873 2749 942 ipsis
2794 874 3042 929 volumus
3071 878 3379 945 supplicare
3420 877 3559 941 Deo,

1989 959 2081 1011 sed
2123 974 2311 1011 corum
2339 970 2752 1016 contemnentes
2778 964 3142 1018 ministerium
3166 1008 3179 1030 ,
3209 966 3563 1034 ipsorumque

1986 1046 2152 1100 Deum
2195 1063 2257 1101 ac
2316 1048 2605 1102 Dominum
2647 1050 3125 1122 derelmquentes,
3170 1052 3398 1121 impuris
3436 1067 3559 1106 cum

1983 1139 2321 1195 daemonibus
2351 1156 2766 1199 conversamur.

2501 1336 2730 1392 CAPUT
2770 1338 3030 1394 LXXXII.

2050 1446 2231 1516 [Equo
2273 1449 2525 1518 bonoque
2582 1452 2793 1517 animo,
2824 1461 2879 1507 et
2911 1454 3116 1521 absque
3147 1453 3553 1522 perturbatione

1980 1552 2096 1604 ora,
2128 1548 2181 1590 et
2216 1541 2508 1606 prudenter
2530 1551 2693 1610 atque
2725 1544 2991 1597 concinne
3024 1545 3209 1612 psalle,
3237 1546 3452 1613 erisque
3476 1544 3551 1597 uti

1904 1633 1952 1694 Β
1977 1627 2156 1695 pullus
2202 1628 2396 1696 aquila}
2430 1629 2485 1680 in
2520 1630 2687 1681 altum
2725 1631 2987 1684 elevatus.

2494 1740 2720 1795 CAPUT
2756 1741 3038 1797 LXXXIII.

2045 1848 2384 1903 Psalmorum
2418 1860 2611 1903 cantus
2652 1852 2933 1919 passiones
2969 1852 3153 1918 sedat,
3181 1861 3235 1907 et
3266 1856 3507 1923 consepit
3533 1893 3548 1919 ,

1973 1944 2327 2011 corporisque
2354 1942 2823 2010 intemperantimu
2863 1945 3145 2012 quiescere
3172 1944 3319 1999 facit.
3363 1944 3551 2000 Oratio

1973 2043 2151 2086 autem
2192 2028 2425 2086 mentem
2460 2043 2744 2102 prteparat,
2778 2044 2840 2087 ut
2877 2036 3248 2103 operationem
3276 2037 3553 2105 propriam

1973 2133 2238 2178 CXC-“08L

2480 2237 2709 2292 CAPUT
2750 2238 3033 2292 LXXXIV.

2044 2352 2229 2405 Oratio
2271 2363 2354 2406 est
2415 2355 2658 2422 operatio
2684 2398 2697 2419 ,
2726 2356 3028 2424 qum-decet
3055 2354 3368 2425 dignitatem
3398 2371 3549 2411 mena

1986 2445 2095 2510 tis,
2151 2448 2381 2499 scu'est
2426 2445 2689 2512 judicium
2748 2446 2919 2514 ipsius
2972 2447 3165 2500 melius
3196 2488 3210 2511 ,
3264 2456 3318 2501 et
3368 2449 3545 2502 sincea

1971 2553 2113 2591 1⁸11111.

2486 2650 2716 2708 CAPUT
2759 2651 3015 2706 LXXXV.

2038 2762 2377 2817 Psalmorum
2420 2773 2611 2817 cautus
2650 2772 2733 2818 est
2787 2765 2964 2833 imago
2995 2764 3282 2833 variegatm
3321 2765 3537 2833 sapien-

1968 2859 2087 2923 tia3;
2126 2857 2301 2910 oratio
2342 2856 2503 2928 497
2558 2872 2722 2922 vero,
2782 2857 3109 2927 prooemium
3172 2866 3256 2911 est
3290 2858 3538 2912 immatc~

1887 2979 1931 3035 ο
1968 2941 2119 2996 rialis
2156 2950 2208 2995 et
2236 2942 2395 2994 varia:
2421 2942 2766 3009 cognitionis.

2478 3054 2703 3110 CAPUT
2735 3053 3017 3108 LXXXVI.

2032 3168 2281 3237 Cognitio
2336 3168 2702 3238 pulcherrima
2739 3174 2843 3227 est,
2879 3167 3076 3235 quippe
3107 3181 3227 3233 qua:
3268 3163 3533 3218 orationis

1961 3269 2043 3314 est
2092 3261 2453 3330 c00peratrix,
2495 3260 2599 3312 vim
2662 3259 2858 3312 mentis
2912 3257 3304 3327 intelligibilem
3338 3271 3532 3324 exper-

1963 3349 2094 3418 gisci
2160 3349 2364 3403 faciens
2434 3349 2499 3400 ad
2578 3348 2780 3402 notitia:
2854 3347 3047 3401 divina:
3122 3347 3533 3413 contemplatio-

1961 3455 2109 3492 nem.

2460 3547 2686 3601 CAPUT
2716 3546 3023 3601 LXXXVII.

2022 3661 2088 3716 -Si
2118 3661 2345 3716 necdum
2373 3661 2627 3729 accepisti
2658 3661 2889 3731 gratiam
2929 3662 3217 3726 orationis,
3246 3670 3338 3714 aut
3385 3662 3533 3730 psal-

1961 3754 2172 3820 modiaz,
2208 3754 2397 3807 insiste
2433 3754 2680 3819 sedulus,
2718 3762 2772 3807 et
2811 3753 3069 3820 accipies.

2441 3884 2669 3939 CAPUT
2709 3881 3040 3937 LXXXVIII.

2029 3997 2253 4052 Dicebat
2285 4009 2463 4051 autem
2494 3998 2626 4066 ipsis
2655 4006 2707 4051 ct
2749 3998 3084 4066 parabolam,
3113 3996 3257 4064 quod
3283 4003 3532 4064 oporteat

1958 4089 2105 4158 ipsos
2135 4105 2348 4157 semper
2371 4104 2547 4154 orare,
2577 4106 2750 4158 neque
2781 4089 3010 4142 deficere
3047 4108 3057 4141 :
3092 4106 3199 4144 non
3234 4092 3396 4162 igitur
3431 4093 3529 4147 de-

1958 4181 2107 4235 licias
2131 4181 2412 4244 hactenus,
2445 4196 2617 4250 neque
2649 4181 2989 4249 despondeas
3018 4182 3223 4243 animo.
3256 4183 3382 4252 quia
3418 4198 3525 4236 non

1957 4273 2269 4340 acceperis;
2326 4272 2559 4339 accipies
2627 4272 2824 4326 etenim
2890 4281 3073 4341 postea
3133 4294 3144 4327 :
3197 4281 3251 4327 et
3302 4272 3533 4341 subjecit

1958 4364 2154 4418 deinde
2184 4365 2454 4433 parabolae
2482 4365 2607 4417 illud
2649 4365 2854 4418 dictum
2884 4382 2897 4417 :
2934 4384 2952 4415 ι
2995 4364 3050 4417 Si
3088 4380 3321 4434 namque
3356 4364 3527 4419 Deum

1958 4455 2181 4509 minime
2212 4456 2398 4519 timeo,
2428 4464 2482 4509 et
2523 4455 2797 4511 hominem
2842 4472 2948 4510 non
2992 4471 3276 4519 revereor;
3349 4466 3526 4508 tamen

1955 4557 2237 4618 propterea
2267 4548 2411 4617 quod
2454 4549 2647 4601 mulier
2679 4548 2811 4602 mihi
2860 4549 3057 4616 przebet
3090 4548 3388 4608 molestias,
3443 4548 3528 4612 ip-

1956 4642 2071 4696 sius
2108 4641 2365 4694 ultionem
2391 4639 2583 4693 faciam
2612 4640 2692 4704 ”;
2737 4658 2756 4691 ι
2792 4639 2871 4692 sic
2897 4653 3026 4706 ergo
3055 4649 3107 4690 ct
3164 4638 3307 4690 Deus
3364 4635 3528 4689 faciet

1954 4730 2246 4783 vindictam
2297 4728 2648 4782 clamantium
2703 4728 2770 4780 ad
2835 4728 3009 4796 ipsum
3080 4736 3240 4780 noctu
3304 4725 3523 4789 diuque.

1954 4818 2084 4873 Esto
2113 4818 2294 4887 itaque
2327 4818 2470 4872 bono
2503 4818 2684 4870 animo
2739 4831 3091 4887 perseverans
3149 4816 3416 4869 laborioso
3470 4814 3526 4869 in

1955 4919 2139 4965 sancta
2180 4910 2442 4963 oratione.

2458 5043 2687 5099 CAPUT
2716 5041 3016 5096 LXXXIX.

2023 5158 2119 5223 Ne,
2143 5170 2201 5214 ut
2231 5158 2323 5213 tibi
2356 5158 2588 5220 videtur,
2623 5157 2756 5211 velis
2776 5156 2913 5218 fieri,
2936 5170 3055 5224 qua:
3084 5154 3148 5207 ad
3179 5162 3228 5206 te
3260 5159 3525 5220 spectant,

1953 5254 2045 5306 sed
2086 5264 2143 5306 ut
2182 5251 2291 5305 Deo
2321 5251 2515 5319 placet,
2548 5251 2765 5312 erisque
2801 5246 3244 5319 imperturbatus,
3298 5252 3353 5297 et
3402 5256 3525 5312 grav

1955 5340 2056 5394 tias
2078 5354 2243 5410 agens
2274 5340 2325 5393 in
2361 5350 2452 5393 tua
2477 5339 2741 5393 oratione.
