  <div class='ocr_page' id='page_1' title='image "/cluster/home/n/w/nwhite01/storage/ocr_20150623/79/hvd.32044073502056/599.png"; bbox 0 0 3990 6204; ppageno 0'>
   <div class='ocr_carea' id='block_1_1' title="bbox 429 244 2034 336">
    <p class='ocr_par' dir='ltr' id='par_1_1' title="bbox 429 253 1988 336">
     <span class='ocr_line' id='line_1_1' title="bbox 429 253 1988 336; baseline -0.003 -1"><span class='ocrx_word' id='word_1_1' title='bbox 429 265 574 336; x_wconf 68' lang='grc'><strong>1187</strong></span> <span class='ocrx_word' id='word_1_2' title='bbox 1929 253 1988 309; x_wconf 80' lang='lat' dir='ltr'><strong>S-</strong></span> 
     </span>
    </p>
   </div>
   <div class='ocr_carea' id='block_1_2' title="bbox 2136 244 3695 336">
    <p class='ocr_par' dir='ltr' id='par_1_2' title="bbox 2136 244 3695 312">
     <span class='ocr_line' id='line_1_2' title="bbox 2136 244 3695 312; baseline 0.001 -2"><span class='ocrx_word' id='word_1_3' title='bbox 2136 251 2197 310; x_wconf 89' lang='lat' dir='ltr'>LI</span> <span class='ocrx_word' id='word_1_4' title='bbox 3553 244 3695 312; x_wconf 79' lang='grc'><strong>1188</strong></span> 
     </span>
    </p>
   </div>
   <div class='ocr_carea' id='block_1_3' title="bbox 923 353 2034 438">
    <p class='ocr_par' dir='ltr' id='par_1_3' title="bbox 923 361 1521 438">
     <span class='ocr_line' id='line_1_3' title="bbox 923 361 1521 438; baseline -0.013 -17"><span class='ocrx_word' id='word_1_5' title='bbox 923 367 1088 438; x_wconf 66' lang='grc'><strong>498</strong></span> <span class='ocrx_word' id='word_1_6' title='bbox 1119 362 1344 418; x_wconf 76' lang='lat' dir='ltr'><strong>CAPUT</strong></span> <span class='ocrx_word' id='word_1_7' title='bbox 1408 361 1521 415; x_wconf 82' lang='lat' dir='ltr'><strong>xc.</strong></span> 
     </span>
    </p>
   </div>
   <div class='ocr_carea' id='block_1_4' title="bbox 2136 353 3077 438">
    <p class='ocr_par' dir='ltr' id='par_1_4' title="bbox 2587 353 3077 419">
     <span class='ocr_line' id='line_1_4' title="bbox 2587 353 3077 419; baseline 0 -13"><span class='ocrx_word' id='word_1_8' title='bbox 2587 384 2590 387; x_wconf 87' lang='lat'><strong><em>-</em></strong></span> <span class='ocrx_word' id='word_1_9' title='bbox 2725 353 2974 407; x_wconf 76' lang='grc' dir='ltr'><strong>ΚΕΦΛΛ.</strong></span> <span class='ocrx_word' id='word_1_10' title='bbox 3007 358 3077 419; x_wconf 63' lang='grc' dir='ltr'>ιιι.</span> 
     </span>
    </p>
   </div>
   <div class='ocr_carea' id='block_1_5' title="bbox 493 461 2034 541">
    <p class='ocr_par' dir='ltr' id='par_1_5' title="bbox 493 469 2014 541">
     <span class='ocr_line' id='line_1_5' title="bbox 493 469 2014 541; baseline -0.013 0"><span class='ocrx_word' id='word_1_11' title='bbox 493 483 653 541; x_wconf 78' lang='lat' dir='ltr'><strong>Licet</strong></span> <span class='ocrx_word' id='word_1_12' title='bbox 685 495 808 535; x_wconf 87' lang='lat' dir='ltr'><strong>cum</strong></span> <span class='ocrx_word' id='word_1_13' title='bbox 854 478 962 532; x_wconf 85' lang='lat' dir='ltr'><strong>Deo</strong></span> <span class='ocrx_word' id='word_1_14' title='bbox 991 476 1223 530; x_wconf 82' lang='lat' dir='ltr'><strong>videaris</strong></span> <span class='ocrx_word' id='word_1_15' title='bbox 1255 490 1394 538; x_wconf 89' lang='lat' dir='ltr'><strong>esse,</strong></span> <span class='ocrx_word' id='word_1_16' title='bbox 1437 487 1566 527; x_wconf 87' lang='lat' dir='ltr'><strong>cave</strong></span> <span class='ocrx_word' id='word_1_17' title='bbox 1599 486 1629 524; x_wconf 88' lang='lat' dir='ltr'><strong>a</strong></span> <span class='ocrx_word' id='word_1_18' title='bbox 1661 469 1886 524; x_wconf 66' lang='lat' dir='ltr'><strong>luxuriae</strong></span> <span class='ocrx_word' id='word_1_19' title='bbox 1909 469 2014 522; x_wconf 83' lang='lat' dir='ltr'><strong>dae-</strong></span> 
     </span>
    </p>
   </div>
   <div class='ocr_carea' id='block_1_6' title="bbox 2136 461 3700 541">
    <p class='ocr_par' dir='ltr' id='par_1_6' title="bbox 2187 461 3700 538">
     <span class='ocr_line' id='line_1_6' title="bbox 2187 461 3700 538; baseline 0 -18"><span class='ocrx_word' id='word_1_20' title='bbox 2187 467 2305 520; x_wconf 78' lang='grc' dir='ltr'>Κᾶν</span> <span class='ocrx_word' id='word_1_21' title='bbox 2332 467 2467 538; x_wconf 71' lang='grc' dir='ltr'>μετὰ</span> <span class='ocrx_word' id='word_1_22' title='bbox 2493 464 2627 518; x_wconf 82' lang='grc' dir='ltr'>Θεοῦ</span> <span class='ocrx_word' id='word_1_23' title='bbox 2651 465 2810 535; x_wconf 80' lang='grc' dir='ltr'>δοκῇς</span> <span class='ocrx_word' id='word_1_24' title='bbox 2843 461 3002 527; x_wconf 77' lang='grc' dir='ltr'>εἶναι,</span> <span class='ocrx_word' id='word_1_25' title='bbox 3025 463 3291 532; x_wconf 80' lang='grc' dir='ltr'><strong>φυλάττου</strong></span> <span class='ocrx_word' id='word_1_26' title='bbox 3313 464 3411 533; x_wconf 84' lang='grc' dir='ltr'>τῆς</span> <span class='ocrx_word' id='word_1_27' title='bbox 3431 466 3700 536; x_wconf 74' lang='grc' dir='ltr'><strong>πορνείας</strong></span> 
     </span>
    </p>
   </div>
   <div class='ocr_carea' id='block_1_7' title="bbox 433 554 2034 640">
    <p class='ocr_par' dir='ltr' id='par_1_7' title="bbox 433 560 2010 640">
     <span class='ocr_line' id='line_1_7' title="bbox 433 560 2010 640; baseline -0.013 -7"><span class='ocrx_word' id='word_1_28' title='bbox 433 592 595 633; x_wconf 89' lang='lat' dir='ltr'><strong>mone</strong></span> <span class='ocrx_word' id='word_1_29' title='bbox 617 615 634 640; x_wconf 95' lang='lat'><strong>,</strong></span> <span class='ocrx_word' id='word_1_30' title='bbox 671 571 823 625; x_wconf 89' lang='lat' dir='ltr'><strong>valde</strong></span> <span class='ocrx_word' id='word_1_31' title='bbox 852 583 1090 637; x_wconf 86' lang='lat' dir='ltr'><strong>namque</strong></span> <span class='ocrx_word' id='word_1_32' title='bbox 1113 566 1272 620; x_wconf 74' lang='lat' dir='ltr'><strong>fallax</strong></span> <span class='ocrx_word' id='word_1_33' title='bbox 1299 575 1404 625; x_wconf 90' lang='lat' dir='ltr'><strong>est.</strong></span> <span class='ocrx_word' id='word_1_34' title='bbox 1428 573 1481 617; x_wconf 90' lang='lat' dir='ltr'><strong>et</strong></span> <span class='ocrx_word' id='word_1_35' title='bbox 1509 563 1744 616; x_wconf 84' lang='lat' dir='ltr'><strong>maxime</strong></span> <span class='ocrx_word' id='word_1_36' title='bbox 1776 560 2010 622; x_wconf 89' lang='lat' dir='ltr'><strong>invidus,</strong></span> 
     </span>
    </p>
   </div>
   <div class='ocr_carea' id='block_1_8' title="bbox 2136 554 3701 640">
    <p class='ocr_par' dir='ltr' id='par_1_8' title="bbox 2136 554 3701 628">
     <span class='ocr_line' id='line_1_8' title="bbox 2136 554 3701 628; baseline -0.001 -19"><span class='ocrx_word' id='word_1_37' title='bbox 2136 560 2363 628; x_wconf 75' lang='grc' dir='ltr'>ἱαίμονα.</span> <span class='ocrx_word' id='word_1_38' title='bbox 2396 558 2532 610; x_wconf 83' lang='grc' dir='ltr'>Δίαν</span> <span class='ocrx_word' id='word_1_39' title='bbox 2573 557 2681 624; x_wconf 73' lang='grc' dir='ltr'><strong>γάρ</strong></span> <span class='ocrx_word' id='word_1_40' title='bbox 2736 557 2882 608; x_wconf 81' lang='grc' dir='ltr'>ἐστιν</span> <span class='ocrx_word' id='word_1_41' title='bbox 2926 554 3203 618; x_wconf 88' lang='grc' dir='ltr'>ἀπατεὼν,</span> <span class='ocrx_word' id='word_1_42' title='bbox 3229 556 3319 608; x_wconf 77' lang='grc' dir='ltr'><strong>καί</strong></span> <span class='ocrx_word' id='word_1_43' title='bbox 3349 556 3701 626; x_wconf 78' lang='grc' dir='ltr'>φθονερὼτα-</span> 
     </span>
    </p>
   </div>
   <div class='ocr_carea' id='block_1_9' title="bbox 429 644 2034 724">
    <p class='ocr_par' dir='ltr' id='par_1_9' title="bbox 429 649 2012 724">
     <span class='ocr_line' id='line_1_9' title="bbox 429 649 2012 724; baseline -0.013 -2"><span class='ocrx_word' id='word_1_44' title='bbox 429 679 486 722; x_wconf 87' lang='lat' dir='ltr'><strong>et</strong></span> <span class='ocrx_word' id='word_1_45' title='bbox 517 665 667 719; x_wconf 87' lang='lat' dir='ltr'><strong>ocior</strong></span> <span class='ocrx_word' id='word_1_46' title='bbox 692 676 812 716; x_wconf 89' lang='lat' dir='ltr'><strong>esse</strong></span> <span class='ocrx_word' id='word_1_47' title='bbox 854 659 968 713; x_wconf 91' lang='lat' dir='ltr'><strong>vult</strong></span> <span class='ocrx_word' id='word_1_48' title='bbox 1002 657 1239 710; x_wconf 79' lang='lat' dir='ltr'><strong>motione</strong></span> <span class='ocrx_word' id='word_1_49' title='bbox 1267 671 1332 708; x_wconf 87' lang='lat' dir='ltr'><strong>ae</strong></span> <span class='ocrx_word' id='word_1_50' title='bbox 1363 653 1638 724; x_wconf 73' lang='lat' dir='ltr'><strong>vigilantia</strong></span> <span class='ocrx_word' id='word_1_51' title='bbox 1665 649 1862 704; x_wconf 87' lang='lat' dir='ltr'><strong>mentis</strong></span> <span class='ocrx_word' id='word_1_52' title='bbox 1889 659 2012 710; x_wconf 67' lang='lat' dir='ltr'><strong>tum,</strong></span> 
     </span>
    </p>
   </div>
   <div class='ocr_carea' id='block_1_10' title="bbox 2136 644 3702 724">
    <p class='ocr_par' dir='ltr' id='par_1_10' title="bbox 2136 644 3702 720">
     <span class='ocr_line' id='line_1_10' title="bbox 2136 644 3702 720; baseline -0.003 -16"><span class='ocrx_word' id='word_1_53' title='bbox 2136 669 2250 715; x_wconf 73' lang='grc' dir='ltr'>τος,</span> <span class='ocrx_word' id='word_1_54' title='bbox 2309 651 2402 702; x_wconf 77' lang='grc' dir='ltr'><strong>καὶ</strong></span> <span class='ocrx_word' id='word_1_55' title='bbox 2461 649 2708 720; x_wconf 83' lang='grc' dir='ltr'>βούλεται</span> <span class='ocrx_word' id='word_1_56' title='bbox 2773 647 3027 718; x_wconf 79' lang='grc' dir='ltr'>ὀξύτερος</span> <span class='ocrx_word' id='word_1_57' title='bbox 3073 644 3214 701; x_wconf 88' lang='grc' dir='ltr'>εἷναι</span> <span class='ocrx_word' id='word_1_58' title='bbox 3274 650 3372 718; x_wconf 80' lang='grc' dir='ltr'>τῆς</span> <span class='ocrx_word' id='word_1_59' title='bbox 3421 651 3702 718; x_wconf 75' lang='grc' dir='ltr'>κινήσεως</span> 
     </span>
    </p>
   </div>
   <div class='ocr_carea' id='block_1_11' title="bbox 435 737 2034 813">
    <p class='ocr_par' dir='ltr' id='par_1_11' title="bbox 435 741 2015 813">
     <span class='ocr_line' id='line_1_11' title="bbox 435 741 2015 813; baseline -0.01 -4"><span class='ocrx_word' id='word_1_60' title='bbox 435 758 508 809; x_wconf 90' lang='lat' dir='ltr'><strong>ita</strong></span> <span class='ocrx_word' id='word_1_61' title='bbox 540 763 601 807; x_wconf 93' lang='lat' dir='ltr'><strong>ut</strong></span> <span class='ocrx_word' id='word_1_62' title='bbox 651 768 771 806; x_wconf 86' lang='lat' dir='ltr'><strong>eam</strong></span> <span class='ocrx_word' id='word_1_63' title='bbox 803 751 1002 804; x_wconf 89' lang='lat' dir='ltr'><strong>avellat</strong></span> <span class='ocrx_word' id='word_1_64' title='bbox 1029 763 1058 802; x_wconf 93' lang='lat' dir='ltr'><strong>a</strong></span> <span class='ocrx_word' id='word_1_65' title='bbox 1087 747 1217 813; x_wconf 88' lang='lat' dir='ltr'><strong>Deo,</strong></span> <span class='ocrx_word' id='word_1_66' title='bbox 1253 747 1340 801; x_wconf 89' lang='lat' dir='ltr'><strong>cui</strong></span> <span class='ocrx_word' id='word_1_67' title='bbox 1367 745 1658 800; x_wconf 89' lang='lat' dir='ltr'><strong>assistebat</strong></span> <span class='ocrx_word' id='word_1_68' title='bbox 1697 758 1820 797; x_wconf 90' lang='lat' dir='ltr'><strong>cum</strong></span> <span class='ocrx_word' id='word_1_69' title='bbox 1855 741 2015 795; x_wconf 86' lang='lat' dir='ltr'><strong>devo-</strong></span> 
     </span>
    </p>
   </div>
   <div class='ocr_carea' id='block_1_12' title="bbox 2136 737 3702 813">
    <p class='ocr_par' dir='ltr' id='par_1_12' title="bbox 2136 737 3702 808">
     <span class='ocr_line' id='line_1_12' title="bbox 2136 737 3702 808; baseline -0.002 -15"><span class='ocrx_word' id='word_1_70' title='bbox 2136 741 2212 793; x_wconf 75' lang='grc' dir='ltr'>ιαὶ</span> <span class='ocrx_word' id='word_1_71' title='bbox 2267 739 2479 808; x_wconf 76' lang='grc' dir='ltr'>νήψεως</span> <span class='ocrx_word' id='word_1_72' title='bbox 2525 738 2618 790; x_wconf 81' lang='grc' dir='ltr'>τοῦ</span> <span class='ocrx_word' id='word_1_73' title='bbox 2680 737 2797 800; x_wconf 68' lang='grc' dir='ltr'>νοός</span> <span class='ocrx_word' id='word_1_74' title='bbox 2863 753 2978 797; x_wconf 85' lang='grc' dir='ltr'>σου,</span> <span class='ocrx_word' id='word_1_75' title='bbox 3039 738 3134 790; x_wconf 83' lang='grc' dir='ltr'>καὶ</span> <span class='ocrx_word' id='word_1_76' title='bbox 3192 738 3299 791; x_wconf 76' lang='grc' dir='ltr'>ἀπὸ</span> <span class='ocrx_word' id='word_1_77' title='bbox 3359 738 3493 790; x_wconf 75' lang='grc' dir='ltr'><strong>Θεοῦ</strong></span> <span class='ocrx_word' id='word_1_78' title='bbox 3561 741 3702 790; x_wconf 80' lang='grc' dir='ltr'>ἀπο-</span> 
     </span>
    </p>
   </div>
   <div class='ocr_carea' id='block_1_13' title="bbox 435 824 2034 901">
    <p class='ocr_par' dir='ltr' id='par_1_13' title="bbox 435 844 918 901">
     <span class='ocr_line' id='line_1_13' title="bbox 435 844 918 901; baseline -0.012 -1"><span class='ocrx_word' id='word_1_79' title='bbox 435 846 582 901; x_wconf 82' lang='grc' dir='ltr'><strong>ιίοηο</strong></span> <span class='ocrx_word' id='word_1_80' title='bbox 611 860 675 898; x_wconf 88' lang='lat' dir='ltr'><strong>ac</strong></span> <span class='ocrx_word' id='word_1_81' title='bbox 704 844 918 897; x_wconf 92' lang='lat' dir='ltr'><strong>timore.</strong></span> 
     </span>
    </p>
   </div>
   <div class='ocr_carea' id='block_1_14' title="bbox 2136 824 3702 901">
    <p class='ocr_par' dir='ltr' id='par_1_14' title="bbox 2136 824 3702 900">
     <span class='ocr_line' id='line_1_14' title="bbox 2136 824 3702 900; baseline -0.004 -17"><span class='ocrx_word' id='word_1_82' title='bbox 2136 831 2261 900; x_wconf 75' lang='grc' dir='ltr'>τπᾷν</span> <span class='ocrx_word' id='word_1_83' title='bbox 2295 827 2456 881; x_wconf 78' lang='grc' dir='ltr'>αὑτὸν</span> <span class='ocrx_word' id='word_1_84' title='bbox 2489 828 2819 897; x_wconf 80' lang='grc' dir='ltr'><strong>παρεστῶτα</strong></span> <span class='ocrx_word' id='word_1_85' title='bbox 2873 824 3025 894; x_wconf 84' lang='grc' dir='ltr'>αὐτῷ</span> <span class='ocrx_word' id='word_1_86' title='bbox 3079 825 3198 895; x_wconf 83' lang='grc' dir='ltr'>μετ’</span> <span class='ocrx_word' id='word_1_87' title='bbox 3239 825 3546 890; x_wconf 70' lang='grc' dir='ltr'>εὐλαϐείας,</span> <span class='ocrx_word' id='word_1_88' title='bbox 3603 827 3702 878; x_wconf 75' lang='grc' dir='ltr'><strong>καὶ</strong></span> 
     </span>
    </p>
   </div>
   <div class='ocr_carea' id='block_1_15' title="bbox 2121 922 2308 991">
    <p class='ocr_par' dir='ltr' id='par_1_15' title="bbox 2121 922 2308 991">
     <span class='ocr_line' id='line_1_15' title="bbox 2121 922 2308 991; baseline -0.005 -17"><span class='ocrx_word' id='word_1_89' title='bbox 2121 922 2308 991; x_wconf 59' lang='grc' dir='ltr'><strong>φόϐουη</strong></span> 
     </span>
    </p>
   </div>
   <div class='ocr_carea' id='block_1_16' title="bbox 1021 1032 2034 1112">
    <p class='ocr_par' dir='ltr' id='par_1_16' title="bbox 1021 1054 1419 1112">
     <span class='ocr_line' id='line_1_16' title="bbox 1021 1054 1419 1112; baseline -0.008 -1"><span class='ocrx_word' id='word_1_90' title='bbox 1021 1054 1248 1112; x_wconf 83' lang='lat' dir='ltr'><strong>CAPUT</strong></span> <span class='ocrx_word' id='word_1_91' title='bbox 1281 1055 1419 1109; x_wconf 75' lang='lat' dir='ltr'><strong>XCI.</strong></span> 
     </span>
    </p>
   </div>
   <div class='ocr_carea' id='block_1_17' title="bbox 2136 1032 3108 1112">
    <p class='ocr_par' dir='ltr' id='par_1_17' title="bbox 2707 1032 3108 1096">
     <span class='ocr_line' id='line_1_17' title="bbox 2707 1032 3108 1096; baseline -0.002 -13"><span class='ocrx_word' id='word_1_92' title='bbox 2707 1032 2955 1085; x_wconf 75' lang='grc' dir='ltr'><strong>ΚΕΦΑΛ.</strong></span> <span class='ocrx_word' id='word_1_93' title='bbox 2991 1032 3108 1096; x_wconf 61' lang='grc' dir='ltr'><strong>ιιΛν.</strong></span> 
     </span>
    </p>
   </div>
   <div class='ocr_carea' id='block_1_18' title="bbox 509 1142 2034 1238">
    <p class='ocr_par' dir='ltr' id='par_1_18' title="bbox 509 1161 2017 1238">
     <span class='ocr_line' id='line_1_18' title="bbox 509 1161 2017 1238; baseline -0.009 -9"><span class='ocrx_word' id='word_1_94' title='bbox 509 1175 565 1229; x_wconf 91' lang='lat' dir='ltr'><strong>Si</strong></span> <span class='ocrx_word' id='word_1_95' title='bbox 597 1173 688 1228; x_wconf 86' lang='lat' dir='ltr'><strong>tibi</strong></span> <span class='ocrx_word' id='word_1_96' title='bbox 717 1187 844 1227; x_wconf 90' lang='lat' dir='ltr'><strong>cura</strong></span> <span class='ocrx_word' id='word_1_97' title='bbox 869 1181 950 1226; x_wconf 90' lang='lat' dir='ltr'><strong>est</strong></span> <span class='ocrx_word' id='word_1_98' title='bbox 966 1170 1245 1231; x_wconf 89' lang='lat' dir='ltr'><strong>orationis,</strong></span> <span class='ocrx_word' id='word_1_99' title='bbox 1267 1183 1508 1238; x_wconf 70' lang='lat' dir='ltr'><strong>praepara</strong></span> <span class='ocrx_word' id='word_1_100' title='bbox 1530 1180 1580 1220; x_wconf 88' lang='lat' dir='ltr'><strong>te</strong></span> <span class='ocrx_word' id='word_1_101' title='bbox 1593 1165 1658 1219; x_wconf 88' lang='lat' dir='ltr'><strong>ad</strong></span> <span class='ocrx_word' id='word_1_102' title='bbox 1677 1161 1900 1220; x_wconf 77' lang='lat' dir='ltr'><strong>hostiles</strong></span> <span class='ocrx_word' id='word_1_103' title='bbox 1916 1163 2017 1217; x_wconf 72' lang='lat' dir='ltr'><strong>da:-</strong></span> 
     </span>
    </p>
   </div>
   <div class='ocr_carea' id='block_1_19' title="bbox 2136 1142 3702 1238">
    <p class='ocr_par' dir='ltr' id='par_1_19' title="bbox 2199 1142 3702 1219">
     <span class='ocr_line' id='line_1_19' title="bbox 2199 1142 3702 1219; baseline -0.007 -15"><span class='ocrx_word' id='word_1_104' title='bbox 2199 1150 2329 1204; x_wconf 85' lang='grc' dir='ltr'>Ἐἁν</span> <span class='ocrx_word' id='word_1_105' title='bbox 2360 1151 2667 1219; x_wconf 76' lang='grc' dir='ltr'><strong>προσευχῆς</strong></span> <span class='ocrx_word' id='word_1_106' title='bbox 2693 1147 2945 1216; x_wconf 76' lang='grc' dir='ltr'>ἐπιμελῇ,</span> <span class='ocrx_word' id='word_1_107' title='bbox 2974 1143 3262 1213; x_wconf 77' lang='grc' dir='ltr'>ἑτοιμάζου</span> <span class='ocrx_word' id='word_1_108' title='bbox 3307 1142 3440 1212; x_wconf 79' lang='grc' dir='ltr'>πρὸς</span> <span class='ocrx_word' id='word_1_109' title='bbox 3473 1145 3702 1208; x_wconf 77' lang='grc' dir='ltr'>ἐπαγω-</span> 
     </span>
    </p>
   </div>
   <div class='ocr_carea' id='block_1_20' title="bbox 437 1235 2034 1337">
    <p class='ocr_par' dir='ltr' id='par_1_20' title="bbox 437 1253 2020 1323">
     <span class='ocr_line' id='line_1_20' title="bbox 437 1253 2020 1323; baseline -0.007 -7"><span class='ocrx_word' id='word_1_110' title='bbox 437 1277 659 1317; x_wconf 90' lang='lat' dir='ltr'><strong>monum</strong></span> <span class='ocrx_word' id='word_1_111' title='bbox 690 1260 1022 1322; x_wconf 86' lang='lat' dir='ltr'><strong>invasiones,</strong></span> <span class='ocrx_word' id='word_1_112' title='bbox 1058 1267 1108 1311; x_wconf 88' lang='lat' dir='ltr'><strong>et</strong></span> <span class='ocrx_word' id='word_1_113' title='bbox 1131 1263 1445 1310; x_wconf 82' lang='lat' dir='ltr'><strong>constanter</strong></span> <span class='ocrx_word' id='word_1_114' title='bbox 1469 1255 1688 1309; x_wconf 84' lang='lat' dir='ltr'><strong>verbera</strong></span> <span class='ocrx_word' id='word_1_115' title='bbox 1725 1269 1844 1323; x_wconf 60' lang='lat' dir='ltr'><strong>quat</strong></span> <span class='ocrx_word' id='word_1_116' title='bbox 1877 1253 2020 1306; x_wconf 82' lang='lat' dir='ltr'><strong>infli-</strong></span> 
     </span>
    </p>
   </div>
   <div class='ocr_carea' id='block_1_21' title="bbox 2136 1235 3702 1337">
    <p class='ocr_par' dir='ltr' id='par_1_21' title="bbox 2136 1235 3702 1311">
     <span class='ocr_line' id='line_1_21' title="bbox 2136 1235 3702 1311; baseline -0.006 -17"><span class='ocrx_word' id='word_1_117' title='bbox 2136 1243 2221 1310; x_wconf 64' lang='grc' dir='ltr'><strong>τὰς</strong></span> <span class='ocrx_word' id='word_1_118' title='bbox 2254 1241 2543 1311; x_wconf 85' lang='grc' dir='ltr'><strong>δαιμόνων,</strong></span> <span class='ocrx_word' id='word_1_119' title='bbox 2579 1241 2670 1294; x_wconf 71' lang='grc' dir='ltr'><strong>καὶ</strong></span> <span class='ocrx_word' id='word_1_120' title='bbox 2696 1238 2976 1309; x_wconf 82' lang='grc' dir='ltr'><strong>καρτερῶς</strong></span> <span class='ocrx_word' id='word_1_121' title='bbox 3009 1237 3108 1297; x_wconf 77' lang='grc' dir='ltr'>τὰς</span> <span class='ocrx_word' id='word_1_122' title='bbox 3139 1237 3266 1302; x_wconf 86' lang='grc' dir='ltr'>παρ’</span> <span class='ocrx_word' id='word_1_123' title='bbox 3293 1235 3467 1286; x_wconf 78' lang='grc' dir='ltr'>αὐτῶν</span> <span class='ocrx_word' id='word_1_124' title='bbox 3501 1237 3702 1304; x_wconf 81' lang='grc' dir='ltr'>μάστι-</span> 
     </span>
    </p>
   </div>
   <div class='ocr_carea' id='block_1_22' title="bbox 439 1325 2034 1429">
    <p class='ocr_par' dir='ltr' id='par_1_22' title="bbox 439 1345 2021 1423">
     <span class='ocr_line' id='line_1_22' title="bbox 439 1345 2021 1423; baseline -0.006 -17"><span class='ocrx_word' id='word_1_125' title='bbox 439 1363 590 1423; x_wconf 79' lang='lat' dir='ltr'><strong>gunt,</strong></span> <span class='ocrx_word' id='word_1_126' title='bbox 612 1352 820 1406; x_wconf 89' lang='lat' dir='ltr'><strong>sustine</strong></span> <span class='ocrx_word' id='word_1_127' title='bbox 845 1367 858 1416; x_wconf 92' lang='lat'><strong>;</strong></span> <span class='ocrx_word' id='word_1_128' title='bbox 880 1366 1000 1403; x_wconf 93' lang='lat' dir='ltr'><strong>nam</strong></span> <span class='ocrx_word' id='word_1_129' title='bbox 1037 1359 1290 1416; x_wconf 87' lang='lat' dir='ltr'><strong>tanquam</strong></span> <span class='ocrx_word' id='word_1_130' title='bbox 1323 1347 1526 1400; x_wconf 82' lang='lat' dir='ltr'><strong>feroces</strong></span> <span class='ocrx_word' id='word_1_131' title='bbox 1565 1345 1748 1400; x_wconf 77' lang='lat' dir='ltr'><strong>bestia:</strong></span> <span class='ocrx_word' id='word_1_132' title='bbox 1782 1345 2021 1398; x_wconf 90' lang='lat' dir='ltr'><strong>insilient</strong></span> 
     </span>
    </p>
   </div>
   <div class='ocr_carea' id='block_1_23' title="bbox 2136 1325 3698 1429">
    <p class='ocr_par' dir='ltr' id='par_1_23' title="bbox 2136 1325 3698 1401">
     <span class='ocr_line' id='line_1_23' title="bbox 2136 1325 3698 1401; baseline -0.007 -15"><span class='ocrx_word' id='word_1_133' title='bbox 2136 1350 2221 1401; x_wconf 70' lang='lat' dir='ltr'><strong>(ac</strong></span> <span class='ocrx_word' id='word_1_134' title='bbox 2261 1332 2518 1401; x_wconf 79' lang='grc' dir='ltr'><strong>ὑπόμενε·</strong></span> <span class='ocrx_word' id='word_1_135' title='bbox 2539 1331 2614 1394; x_wconf 85' lang='grc' dir='ltr'>ὡς</span> <span class='ocrx_word' id='word_1_136' title='bbox 2642 1331 2750 1400; x_wconf 87' lang='grc' dir='ltr'>γὰρ</span> <span class='ocrx_word' id='word_1_137' title='bbox 2774 1330 2938 1398; x_wconf 78' lang='grc' dir='ltr'>θῆρες</span> <span class='ocrx_word' id='word_1_138' title='bbox 2968 1327 3148 1397; x_wconf 79' lang='grc' dir='ltr'><strong>ἄγριοι</strong></span> <span class='ocrx_word' id='word_1_139' title='bbox 3176 1325 3555 1378; x_wconf 85' lang='grc' dir='ltr'>ὲπελεύσονταί</span> <span class='ocrx_word' id='word_1_140' title='bbox 3587 1341 3698 1388; x_wconf 86' lang='grc' dir='ltr'>σοι,</span> 
     </span>
    </p>
   </div>
   <div class='ocr_carea' id='block_1_24' title="bbox 439 1419 2034 1509">
    <p class='ocr_par' dir='ltr' id='par_1_24' title="bbox 439 1419 1994 1509">
     <span class='ocr_line' id='line_1_24' title="bbox 439 1419 1994 1509; baseline -0.004 -15"><span class='ocrx_word' id='word_1_141' title='bbox 439 1419 495 1495; x_wconf 71' lang='lat' dir='ltr'><strong>in</strong></span> <span class='ocrx_word' id='word_1_142' title='bbox 529 1452 601 1504; x_wconf 90' lang='lat' dir='ltr'><strong>te,</strong></span> <span class='ocrx_word' id='word_1_143' title='bbox 635 1450 898 1509; x_wconf 88' lang='lat' dir='ltr'><strong>tuumque</strong></span> <span class='ocrx_word' id='word_1_144' title='bbox 931 1453 1129 1507; x_wconf 88' lang='lat' dir='ltr'><strong>corpus</strong></span> <span class='ocrx_word' id='word_1_145' title='bbox 1157 1446 1326 1490; x_wconf 89' lang='lat' dir='ltr'><strong>totum</strong></span> <span class='ocrx_word' id='word_1_146' title='bbox 1361 1437 1633 1489; x_wconf 75' lang='lat' dir='ltr'><strong>vexabunt</strong></span> <span class='ocrx_word' id='word_1_147' title='bbox 1658 1445 1711 1490; x_wconf 91' lang='lat' dir='ltr'><strong>et</strong></span> <span class='ocrx_word' id='word_1_148' title='bbox 1741 1433 1994 1504; x_wconf 81' lang='lat' dir='ltr'><strong>amigcnt.</strong></span> 
     </span>
    </p>
   </div>
   <div class='ocr_carea' id='block_1_25' title="bbox 2136 1419 3104 1509">
    <p class='ocr_par' dir='ltr' id='par_1_25' title="bbox 2136 1419 3104 1486">
     <span class='ocr_line' id='line_1_25' title="bbox 2136 1419 3104 1486; baseline -0.006 -10"><span class='ocrx_word' id='word_1_149' title='bbox 2136 1425 2214 1477; x_wconf 77' lang='grc' dir='ltr'><strong>ιαὶ</strong></span> <span class='ocrx_word' id='word_1_150' title='bbox 2243 1426 2349 1478; x_wconf 79' lang='grc' dir='ltr'><strong>πᾶν</strong></span> <span class='ocrx_word' id='word_1_151' title='bbox 2374 1441 2468 1476; x_wconf 88' lang='grc' dir='ltr'><strong>σου</strong></span> <span class='ocrx_word' id='word_1_152' title='bbox 2501 1421 2813 1475; x_wconf 79' lang='grc' dir='ltr'>κακώσουσι</span> <span class='ocrx_word' id='word_1_153' title='bbox 2836 1419 2898 1471; x_wconf 81' lang='grc' dir='ltr'>τὸ</span> <span class='ocrx_word' id='word_1_154' title='bbox 2928 1419 3104 1486; x_wconf 87' lang='grc' dir='ltr'>σῶμα.</span> 
     </span>
    </p>
   </div>
   <div class='ocr_carea' id='block_1_26' title="bbox 1013 1529 2034 1604">
    <p class='ocr_par' dir='ltr' id='par_1_26' title="bbox 1013 1547 1427 1604">
     <span class='ocr_line' id='line_1_26' title="bbox 1013 1547 1427 1604; baseline -0.007 -1"><span class='ocrx_word' id='word_1_155' title='bbox 1013 1547 1237 1604; x_wconf 81' lang='lat' dir='ltr'><strong>CAPUT</strong></span> <span class='ocrx_word' id='word_1_156' title='bbox 1271 1547 1427 1602; x_wconf 78' lang='lat' dir='ltr'><strong>XCII.</strong></span> 
     </span>
    </p>
   </div>
   <div class='ocr_carea' id='block_1_27' title="bbox 2136 1529 3086 1604">
    <p class='ocr_par' dir='ltr' id='par_1_27' title="bbox 2716 1529 3086 1598">
     <span class='ocr_line' id='line_1_27' title="bbox 2716 1529 3086 1598; baseline -0.008 -14"><span class='ocrx_word' id='word_1_157' title='bbox 2716 1531 2964 1584; x_wconf 75' lang='grc' dir='ltr'><strong>ΚΕΦΑΛ.</strong></span> <span class='ocrx_word' id='word_1_158' title='bbox 2994 1529 3086 1598; x_wconf 61' lang='lat' dir='ltr'><strong>ur</strong></span> 
     </span>
    </p>
   </div>
   <div class='ocr_carea' id='block_1_28' title="bbox 518 1639 2034 1752">
    <p class='ocr_par' dir='ltr' id='par_1_28' title="bbox 518 1659 2016 1731">
     <span class='ocr_line' id='line_1_28' title="bbox 518 1659 2016 1731; baseline -0.003 -14"><span class='ocrx_word' id='word_1_159' title='bbox 518 1665 750 1718; x_wconf 77' lang='lat' dir='ltr'><strong>Paratus</strong></span> <span class='ocrx_word' id='word_1_160' title='bbox 791 1664 888 1727; x_wconf 89' lang='lat' dir='ltr'><strong>sis,</strong></span> <span class='ocrx_word' id='word_1_161' title='bbox 930 1663 1005 1716; x_wconf 92' lang='lat' dir='ltr'><strong>uti</strong></span> <span class='ocrx_word' id='word_1_162' title='bbox 1034 1664 1240 1731; x_wconf 87' lang='lat' dir='ltr'><strong>peritus</strong></span> <span class='ocrx_word' id='word_1_163' title='bbox 1265 1671 1524 1722; x_wconf 86' lang='lat' dir='ltr'><strong>eertator,</strong></span> <span class='ocrx_word' id='word_1_164' title='bbox 1569 1668 1647 1721; x_wconf 90' lang='lat' dir='ltr'><strong>ut,</strong></span> <span class='ocrx_word' id='word_1_165' title='bbox 1675 1659 1928 1728; x_wconf 76' lang='lat' dir='ltr'><strong>quamvis</strong></span> <span class='ocrx_word' id='word_1_166' title='bbox 1952 1673 2016 1712; x_wconf 83' lang='lat' dir='ltr'><strong>ex</strong></span> 
     </span>
    </p>
   </div>
   <div class='ocr_carea' id='block_1_29' title="bbox 2136 1639 3698 1752">
    <p class='ocr_par' dir='ltr' id='par_1_29' title="bbox 2136 1639 3698 1752">
     <span class='ocr_line' id='line_1_29' title="bbox 2191 1639 3698 1720; baseline -0.007 -18"><span class='ocrx_word' id='word_1_167' title='bbox 2191 1647 2615 1720; x_wconf 73' lang='grc' dir='ltr'>Παρασκευάζου</span> <span class='ocrx_word' id='word_1_168' title='bbox 2637 1647 2708 1708; x_wconf 84' lang='grc' dir='ltr'>ὡς</span> <span class='ocrx_word' id='word_1_169' title='bbox 2732 1645 2990 1714; x_wconf 77' lang='grc' dir='ltr'>ἔμπειρος</span> <span class='ocrx_word' id='word_1_170' title='bbox 3012 1640 3333 1710; x_wconf 82' lang='grc' dir='ltr'>ἀγωνιστὴς,</span> <span class='ocrx_word' id='word_1_171' title='bbox 3355 1641 3456 1692; x_wconf 74' lang='grc' dir='ltr'>κᾶν</span> <span class='ocrx_word' id='word_1_172' title='bbox 3479 1639 3698 1709; x_wconf 75' lang='grc' dir='ltr'>ἁθρόως</span> 
     </span>
     <span class='ocr_line' id='line_1_30' title="bbox 2136 1731 3696 1752; baseline 0 0"><span class='ocrx_word' id='word_1_173' title='bbox 2136 1740 2170 1752; x_wconf 59' lang='grc' dir='ltr'>να</span> <span class='ocrx_word' id='word_1_174' title='bbox 2489 1739 2500 1752; x_wconf 73' lang='grc' dir='ltr'><em>ι</em></span> <span class='ocrx_word' id='word_1_175' title='bbox 2678 1736 2690 1752; x_wconf 81' lang='lat' dir='ltr'><strong>I</strong></span> <span class='ocrx_word' id='word_1_176' title='bbox 2784 1736 2802 1752; x_wconf 54' lang='grc' dir='ltr'>ἱ</span> <span class='ocrx_word' id='word_1_177' title='bbox 2903 1733 2988 1752; x_wconf 30' lang='grc' dir='ltr'><strong>τίη</strong></span> <span class='ocrx_word' id='word_1_178' title='bbox 3111 1732 3208 1752; x_wconf 35' lang='grc' dir='ltr'>,νεα</span> <span class='ocrx_word' id='word_1_179' title='bbox 3247 1731 3510 1752; x_wconf 48' lang='grc' dir='ltr'><strong>ιληημι-..</strong></span> <span class='ocrx_word' id='word_1_180' title='bbox 3547 1734 3696 1752; x_wconf 63' lang='lat'><strong>____1.</strong></span> 
     </span>
    </p>
   </div>
   <div class='ocr_carea' id='block_1_30' title="bbox 443 1731 2034 1834">
    <p class='ocr_par' dir='ltr' id='par_1_30' title="bbox 443 1748 2020 1824">
     <span class='ocr_line' id='line_1_31' title="bbox 443 1748 2020 1824; baseline -0.007 -13"><span class='ocrx_word' id='word_1_181' title='bbox 443 1757 728 1824; x_wconf 90' lang='lat' dir='ltr'><strong>in0pinato</strong></span> <span class='ocrx_word' id='word_1_182' title='bbox 759 1754 959 1807; x_wconf 89' lang='lat' dir='ltr'><strong>videris</strong></span> <span class='ocrx_word' id='word_1_183' title='bbox 997 1763 1294 1821; x_wconf 88' lang='lat' dir='ltr'><strong>spectrum,</strong></span> <span class='ocrx_word' id='word_1_184' title='bbox 1349 1767 1457 1804; x_wconf 91' lang='lat' dir='ltr'><strong>non</strong></span> <span class='ocrx_word' id='word_1_185' title='bbox 1494 1750 1847 1812; x_wconf 82' lang='lat' dir='ltr'><strong>concutiaris,</strong></span> <span class='ocrx_word' id='word_1_186' title='bbox 1873 1756 1926 1801; x_wconf 92' lang='lat' dir='ltr'><strong>et</strong></span> <span class='ocrx_word' id='word_1_187' title='bbox 1952 1748 2020 1800; x_wconf 90' lang='lat' dir='ltr'><strong>li-</strong></span> 
     </span>
    </p>
   </div>
   <div class='ocr_carea' id='block_1_31' title="bbox 2136 1731 3697 1834">
    <p class='ocr_par' dir='ltr' id='par_1_31' title="bbox 2136 1731 3697 1809">
     <span class='ocr_line' id='line_1_32' title="bbox 2136 1731 3697 1809; baseline -0.004 -20"><span class='ocrx_word' id='word_1_188' title='bbox 2136 1740 2238 1809; x_wconf 75' lang='grc' dir='ltr'>ἴδῃς</span> <span class='ocrx_word' id='word_1_189' title='bbox 2271 1739 2594 1807; x_wconf 76' lang='grc' dir='ltr'>φαντασίαν,</span> <span class='ocrx_word' id='word_1_190' title='bbox 2634 1736 2707 1807; x_wconf 78' lang='grc' dir='ltr'><strong>μὴ</strong></span> <span class='ocrx_word' id='word_1_191' title='bbox 2748 1733 3072 1797; x_wconf 72' lang='grc' dir='ltr'>κλονεῖσθαι,</span> <span class='ocrx_word' id='word_1_192' title='bbox 3110 1732 3209 1784; x_wconf 81' lang='grc' dir='ltr'><strong>κᾶν</strong></span> <span class='ocrx_word' id='word_1_193' title='bbox 3238 1731 3510 1801; x_wconf 61' lang='grc' dir='ltr'>ῥομφαίαν</span> <span class='ocrx_word' id='word_1_194' title='bbox 3547 1734 3697 1782; x_wconf 77' lang='grc' dir='ltr'>κατὰ</span> 
     </span>
    </p>
   </div>
   <div class='ocr_carea' id='block_1_32' title="bbox 444 1823 2034 1921">
    <p class='ocr_par' dir='ltr' id='par_1_32' title="bbox 444 1823 2024 1912">
     <span class='ocr_line' id='line_1_33' title="bbox 444 1823 2024 1912; baseline -0.006 -12"><span class='ocrx_word' id='word_1_195' title='bbox 444 1823 866 1912; x_wconf 14' lang='grc' dir='ltr'>οριίόὶειωκοτίε</span> <span class='ocrx_word' id='word_1_196' title='bbox 898 1844 1134 1912; x_wconf 80' lang='lat' dir='ltr'><strong>gladium</strong></span> <span class='ocrx_word' id='word_1_197' title='bbox 1169 1843 1470 1896; x_wconf 86' lang='lat' dir='ltr'><strong>districtum</strong></span> <span class='ocrx_word' id='word_1_198' title='bbox 1511 1841 1796 1894; x_wconf 91' lang='lat' dir='ltr'><strong>adversum</strong></span> <span class='ocrx_word' id='word_1_199' title='bbox 1836 1849 1905 1904; x_wconf 90' lang='lat' dir='ltr'><strong>te,</strong></span> <span class='ocrx_word' id='word_1_200' title='bbox 1930 1846 2024 1891; x_wconf 91' lang='lat' dir='ltr'><strong>aut</strong></span> 
     </span>
    </p>
   </div>
   <div class='ocr_carea' id='block_1_33' title="bbox 2136 1823 3697 1921">
    <p class='ocr_par' dir='ltr' id='par_1_33' title="bbox 2136 1823 3697 1898">
     <span class='ocr_line' id='line_1_34' title="bbox 2136 1823 3697 1898; baseline -0.008 -16"><span class='ocrx_word' id='word_1_201' title='bbox 2136 1829 2217 1882; x_wconf 68' lang='grc' dir='ltr'><strong>τοῦ</strong></span> <span class='ocrx_word' id='word_1_202' title='bbox 2257 1829 2631 1898; x_wconf 76' lang='grc' dir='ltr'>ἐσπασμένην,</span> <span class='ocrx_word' id='word_1_203' title='bbox 2676 1826 2708 1895; x_wconf 81' lang='grc' dir='ltr'><strong>ἦ</strong></span> <span class='ocrx_word' id='word_1_204' title='bbox 2761 1825 3018 1894; x_wconf 80' lang='grc' dir='ltr'>λαμπάδα</span> <span class='ocrx_word' id='word_1_205' title='bbox 3067 1823 3399 1890; x_wconf 73' lang='grc' dir='ltr'>κατέχουσαν</span> <span class='ocrx_word' id='word_1_206' title='bbox 3455 1838 3547 1872; x_wconf 91' lang='grc' dir='ltr'><strong>σου</strong></span> <span class='ocrx_word' id='word_1_207' title='bbox 3593 1823 3697 1890; x_wconf 71' lang='grc' dir='ltr'>τὴν</span> 
     </span>
    </p>
   </div>
   <div class='ocr_carea' id='block_1_34' title="bbox 442 1910 2034 2016">
    <p class='ocr_par' dir='ltr' id='par_1_34' title="bbox 442 1910 2019 2004">
     <span class='ocr_line' id='line_1_35' title="bbox 442 1910 2019 2004; baseline -0.004 -15"><span class='ocrx_word' id='word_1_208' title='bbox 442 1910 770 2004; x_wconf 78' lang='lat' dir='ltr'><strong>lampadem,</strong></span> <span class='ocrx_word' id='word_1_209' title='bbox 806 1910 926 2004; x_wconf 68' lang='grc' dir='ltr'>(ιιιῶ</span> <span class='ocrx_word' id='word_1_210' title='bbox 959 1945 1110 1988; x_wconf 90' lang='lat' dir='ltr'><strong>tuum</strong></span> <span class='ocrx_word' id='word_1_211' title='bbox 1172 1932 1597 2002; x_wconf 85' lang='lat' dir='ltr'><strong>comprehendat</strong></span> <span class='ocrx_word' id='word_1_212' title='bbox 1652 1932 1851 1996; x_wconf 85' lang='lat' dir='ltr'><strong>visum,</strong></span> <span class='ocrx_word' id='word_1_213' title='bbox 1912 1946 2019 1983; x_wconf 92' lang='lat' dir='ltr'><strong>non</strong></span> 
     </span>
    </p>
   </div>
   <div class='ocr_carea' id='block_1_35' title="bbox 2136 1910 3698 2016">
    <p class='ocr_par' dir='ltr' id='par_1_35' title="bbox 2136 1910 3698 1989">
     <span class='ocr_line' id='line_1_36' title="bbox 2136 1910 3698 1989; baseline -0.006 -18"><span class='ocrx_word' id='word_1_214' title='bbox 2136 1921 2242 1988; x_wconf 71' lang='grc' dir='ltr'>ἱψιν</span> <span class='ocrx_word' id='word_1_215' title='bbox 2274 1919 2347 1988; x_wconf 85' lang='grc' dir='ltr'><strong>μὴ</strong></span> <span class='ocrx_word' id='word_1_216' title='bbox 2382 1917 2761 1989; x_wconf 82' lang='grc' dir='ltr'>ταράττεσθαι,</span> <span class='ocrx_word' id='word_1_217' title='bbox 2820 1916 2922 1968; x_wconf 71' lang='grc' dir='ltr'><strong>κᾶν</strong></span> <span class='ocrx_word' id='word_1_218' title='bbox 2982 1913 3193 1984; x_wconf 82' lang='grc' dir='ltr'>μορφήν</span> <span class='ocrx_word' id='word_1_219' title='bbox 3231 1929 3349 1963; x_wconf 89' lang='grc' dir='ltr'>τινα</span> <span class='ocrx_word' id='word_1_220' title='bbox 3388 1911 3550 1979; x_wconf 79' lang='grc' dir='ltr'>ἀηδῆ,</span> <span class='ocrx_word' id='word_1_221' title='bbox 3598 1910 3698 1962; x_wconf 78' lang='grc' dir='ltr'>καὶ</span> 
     </span>
    </p>
   </div>
   <div class='ocr_carea' id='block_1_36' title="bbox 443 2000 2034 2096">
    <p class='ocr_par' dir='ltr' id='par_1_36' title="bbox 443 2022 2018 2096">
     <span class='ocr_line' id='line_1_37' title="bbox 443 2022 2018 2096; baseline -0.004 -16"><span class='ocrx_word' id='word_1_222' title='bbox 443 2028 701 2088; x_wconf 88' lang='lat' dir='ltr'><strong>turberis,</strong></span> <span class='ocrx_word' id='word_1_223' title='bbox 730 2036 784 2078; x_wconf 90' lang='lat' dir='ltr'><strong>et</strong></span> <span class='ocrx_word' id='word_1_224' title='bbox 815 2029 1064 2094; x_wconf 85' lang='lat' dir='ltr'><strong>quamvis</strong></span> <span class='ocrx_word' id='word_1_225' title='bbox 1122 2026 1356 2096; x_wconf 87' lang='lat' dir='ltr'><strong>speciem</strong></span> <span class='ocrx_word' id='word_1_226' title='bbox 1413 2025 1651 2093; x_wconf 88' lang='lat' dir='ltr'><strong>aliquam</strong></span> <span class='ocrx_word' id='word_1_227' title='bbox 1701 2022 2018 2087; x_wconf 81' lang='lat' dir='ltr'><strong>deformem,</strong></span> 
     </span>
    </p>
   </div>
   <div class='ocr_carea' id='block_1_37' title="bbox 2136 2000 3697 2096">
    <p class='ocr_par' dir='ltr' id='par_1_37' title="bbox 2136 2000 3697 2077">
     <span class='ocr_line' id='line_1_38' title="bbox 2136 2000 3697 2077; baseline -0.006 -17"><span class='ocrx_word' id='word_1_228' title='bbox 2136 2007 2424 2077; x_wconf 80' lang='grc' dir='ltr'>ιὶματὼδη,</span> <span class='ocrx_word' id='word_1_229' title='bbox 2488 2007 2729 2076; x_wconf 72' lang='grc' dir='ltr'>μηδόλως</span> <span class='ocrx_word' id='word_1_230' title='bbox 2784 2004 3146 2057; x_wconf 77' lang='grc' dir='ltr'>καταπίπτειν</span> <span class='ocrx_word' id='word_1_231' title='bbox 3212 2018 3304 2054; x_wconf 92' lang='grc' dir='ltr'><strong>σου</strong></span> <span class='ocrx_word' id='word_1_232' title='bbox 3354 2000 3450 2070; x_wconf 81' lang='grc' dir='ltr'><strong>τὴν</strong></span> <span class='ocrx_word' id='word_1_233' title='bbox 3487 2000 3697 2068; x_wconf 79' lang='grc' dir='ltr'>ψυχὴν,</span> 
     </span>
    </p>
   </div>
   <div class='ocr_carea' id='block_1_38' title="bbox 443 2092 2034 2185">
    <p class='ocr_par' dir='ltr' id='par_1_38' title="bbox 443 2115 2023 2185">
     <span class='ocr_line' id='line_1_39' title="bbox 443 2115 2023 2185; baseline -0.003 -13"><span class='ocrx_word' id='word_1_234' title='bbox 443 2127 499 2172; x_wconf 86' lang='lat' dir='ltr'><strong>et</strong></span> <span class='ocrx_word' id='word_1_235' title='bbox 570 2126 852 2172; x_wconf 84' lang='lat' dir='ltr'><strong>cruentam</strong></span> <span class='ocrx_word' id='word_1_236' title='bbox 920 2117 1266 2185; x_wconf 83' lang='lat' dir='ltr'><strong>spectaveris,</strong></span> <span class='ocrx_word' id='word_1_237' title='bbox 1328 2116 1478 2168; x_wconf 94' lang='lat' dir='ltr'><strong>nullo</strong></span> <span class='ocrx_word' id='word_1_238' title='bbox 1544 2115 1706 2168; x_wconf 90' lang='lat' dir='ltr'><strong>modo</strong></span> <span class='ocrx_word' id='word_1_239' title='bbox 1770 2115 2023 2168; x_wconf 86' lang='lat' dir='ltr'><strong>concidas</strong></span> 
     </span>
    </p>
   </div>
   <div class='ocr_carea' id='block_1_39' title="bbox 2136 2092 3702 2185">
    <p class='ocr_par' dir='ltr' id='par_1_39' title="bbox 2136 2092 3702 2168">
     <span class='ocr_line' id='line_1_40' title="bbox 2136 2092 3702 2168; baseline -0.004 -17"><span class='ocrx_word' id='word_1_240' title='bbox 2136 2101 2260 2152; x_wconf 75' lang='grc' dir='ltr'>Ξιλλά</span> <span class='ocrx_word' id='word_1_241' title='bbox 2300 2099 2456 2167; x_wconf 81' lang='grc' dir='ltr'>στῆθι</span> <span class='ocrx_word' id='word_1_242' title='bbox 2496 2097 2770 2168; x_wconf 84' lang='grc' dir='ltr'>ὁμολογῶν</span> <span class='ocrx_word' id='word_1_243' title='bbox 2799 2098 2896 2165; x_wconf 79' lang='grc' dir='ltr'>τὴν</span> <span class='ocrx_word' id='word_1_244' title='bbox 2921 2095 3093 2164; x_wconf 78' lang='grc' dir='ltr'>καλήν</span> <span class='ocrx_word' id='word_1_245' title='bbox 3130 2111 3221 2146; x_wconf 87' lang='grc' dir='ltr'><strong>σου</strong></span> <span class='ocrx_word' id='word_1_246' title='bbox 3254 2093 3564 2163; x_wconf 76' lang='grc' dir='ltr'>ὁμολογίαν,</span> <span class='ocrx_word' id='word_1_247' title='bbox 3599 2092 3702 2145; x_wconf 76' lang='grc' dir='ltr'>καὶ</span> 
     </span>
    </p>
   </div>
   <div class='ocr_carea' id='block_1_40' title="bbox 446 2189 2034 2275">
    <p class='ocr_par' dir='ltr' id='par_1_40' title="bbox 446 2206 2023 2275">
     <span class='ocr_line' id='line_1_41' title="bbox 446 2206 2023 2275; baseline -0.003 -12"><span class='ocrx_word' id='word_1_248' title='bbox 446 2213 649 2275; x_wconf 88' lang='lat' dir='ltr'><strong>anima,</strong></span> <span class='ocrx_word' id='word_1_249' title='bbox 689 2225 877 2263; x_wconf 92' lang='lat' dir='ltr'><strong>verum</strong></span> <span class='ocrx_word' id='word_1_250' title='bbox 911 2218 990 2262; x_wconf 90' lang='lat' dir='ltr'><strong>sta</strong></span> <span class='ocrx_word' id='word_1_251' title='bbox 1021 2218 1167 2261; x_wconf 90' lang='lat' dir='ltr'><strong>tuam</strong></span> <span class='ocrx_word' id='word_1_252' title='bbox 1202 2208 1509 2261; x_wconf 88' lang='lat' dir='ltr'><strong>confitendo</strong></span> <span class='ocrx_word' id='word_1_253' title='bbox 1547 2206 1860 2275; x_wconf 71' lang='lat' dir='ltr'><strong>prccclaram</strong></span> <span class='ocrx_word' id='word_1_254' title='bbox 1891 2221 2023 2259; x_wconf 87' lang='lat' dir='ltr'><strong>con-</strong></span> 
     </span>
    </p>
   </div>
   <div class='ocr_carea' id='block_1_41' title="bbox 2136 2189 3125 2275">
    <p class='ocr_par' dir='ltr' id='par_1_41' title="bbox 2136 2189 3125 2262">
     <span class='ocr_line' id='line_1_42' title="bbox 2136 2189 3125 2262; baseline -0.002 -19"><span class='ocrx_word' id='word_1_255' title='bbox 2136 2195 2254 2262; x_wconf 70' lang='grc' dir='ltr'><strong>ῥᾷον</strong></span> <span class='ocrx_word' id='word_1_256' title='bbox 2283 2192 2456 2262; x_wconf 72' lang='grc' dir='ltr'><strong>ὲπόψῃ</strong></span> <span class='ocrx_word' id='word_1_257' title='bbox 2489 2192 2581 2242; x_wconf 74' lang='grc' dir='ltr'>ἐπὶ</span> <span class='ocrx_word' id='word_1_258' title='bbox 2612 2192 2736 2252; x_wconf 81' lang='grc' dir='ltr'>τοὺς</span> <span class='ocrx_word' id='word_1_259' title='bbox 2763 2189 2986 2258; x_wconf 76' lang='grc' dir='ltr'>ἐχθρούς</span> <span class='ocrx_word' id='word_1_260' title='bbox 3013 2205 3125 2241; x_wconf 86' lang='grc' dir='ltr'>σου.</span> 
     </span>
    </p>
   </div>
   <div class='ocr_carea' id='block_1_42' title="bbox 446 2299 1802 2368">
    <p class='ocr_par' dir='ltr' id='par_1_42' title="bbox 446 2299 1802 2368">
     <span class='ocr_line' id='line_1_43' title="bbox 446 2299 1802 2368; baseline -0.004 -14"><span class='ocrx_word' id='word_1_261' title='bbox 446 2300 758 2361; x_wconf 84' lang='lat' dir='ltr'><strong>fessionem.</strong></span> <span class='ocrx_word' id='word_1_262' title='bbox 790 2309 843 2354; x_wconf 91' lang='lat' dir='ltr'><strong>et</strong></span> <span class='ocrx_word' id='word_1_263' title='bbox 874 2300 1084 2353; x_wconf 77' lang='lat' dir='ltr'><strong>facilius</strong></span> <span class='ocrx_word' id='word_1_264' title='bbox 1113 2311 1233 2353; x_wconf 89' lang='lat' dir='ltr'><strong>tuos</strong></span> <span class='ocrx_word' id='word_1_265' title='bbox 1265 2299 1516 2368; x_wconf 88' lang='lat' dir='ltr'><strong>inspicies</strong></span> <span class='ocrx_word' id='word_1_266' title='bbox 1536 2299 1802 2352; x_wconf 90' lang='lat' dir='ltr'><strong>inimicos.</strong></span> 
     </span>
    </p>
   </div>
   <div class='ocr_carea' id='block_1_43' title="bbox 999 2387 2034 2466">
    <p class='ocr_par' dir='ltr' id='par_1_43' title="bbox 999 2411 1463 2466">
     <span class='ocr_line' id='line_1_44' title="bbox 999 2411 1463 2466; baseline 0 0"><span class='ocrx_word' id='word_1_267' title='bbox 999 2411 1227 2466; x_wconf 81' lang='lat' dir='ltr'><strong>CAPUT</strong></span> <span class='ocrx_word' id='word_1_268' title='bbox 1283 2411 1463 2466; x_wconf 77' lang='lat' dir='ltr'>XCIII.</span> 
     </span>
    </p>
   </div>
   <div class='ocr_carea' id='block_1_44' title="bbox 2136 2387 3120 2466">
    <p class='ocr_par' dir='ltr' id='par_1_44' title="bbox 2729 2387 3120 2454">
     <span class='ocr_line' id='line_1_45' title="bbox 2729 2387 3120 2454; baseline -0.005 -13"><span class='ocrx_word' id='word_1_269' title='bbox 2729 2389 2976 2442; x_wconf 70' lang='grc' dir='ltr'>κεψΑΑ.</span> <span class='ocrx_word' id='word_1_270' title='bbox 3009 2387 3120 2454; x_wconf 56' lang='grc' dir='ltr'>ιπιπο.</span> 
     </span>
    </p>
   </div>
   <div class='ocr_carea' id='block_1_45' title="bbox 518 2499 2034 2596">
    <p class='ocr_par' dir='ltr' id='par_1_45' title="bbox 518 2526 2020 2596">
     <span class='ocr_line' id='line_1_46' title="bbox 518 2526 2020 2596; baseline -0.002 -15"><span class='ocrx_word' id='word_1_271' title='bbox 518 2526 622 2594; x_wconf 86' lang='lat' dir='ltr'><strong>Qui</strong></span> <span class='ocrx_word' id='word_1_272' title='bbox 657 2529 882 2582; x_wconf 87' lang='lat' dir='ltr'><strong>molesta</strong></span> <span class='ocrx_word' id='word_1_273' title='bbox 915 2527 1126 2591; x_wconf 71' lang='lat' dir='ltr'><strong>suffert,</strong></span> <span class='ocrx_word' id='word_1_274' title='bbox 1184 2535 1506 2596; x_wconf 84' lang='lat' dir='ltr'><strong>assequetur</strong></span> <span class='ocrx_word' id='word_1_275' title='bbox 1536 2528 1696 2580; x_wconf 90' lang='lat' dir='ltr'><strong>etiam</strong></span> <span class='ocrx_word' id='word_1_276' title='bbox 1732 2541 1851 2596; x_wconf 70' lang='lat' dir='ltr'><strong>qum</strong></span> <span class='ocrx_word' id='word_1_277' title='bbox 1880 2541 2020 2594; x_wconf 84' lang='lat' dir='ltr'><strong>gau-</strong></span> 
     </span>
    </p>
   </div>
   <div class='ocr_carea' id='block_1_46' title="bbox 2136 2499 3703 2596">
    <p class='ocr_par' dir='ltr' id='par_1_46' title="bbox 2207 2499 3703 2572">
     <span class='ocr_line' id='line_1_47' title="bbox 2207 2499 3703 2572; baseline -0.001 -19"><span class='ocrx_word' id='word_1_278' title='bbox 2207 2499 2267 2553; x_wconf 84' lang='grc'><strong>’0</strong></span> <span class='ocrx_word' id='word_1_279' title='bbox 2301 2501 2366 2552; x_wconf 77' lang='grc' dir='ltr'><strong>τὰ</strong></span> <span class='ocrx_word' id='word_1_280' title='bbox 2393 2500 2609 2572; x_wconf 76' lang='grc' dir='ltr'>λυπηρά</span> <span class='ocrx_word' id='word_1_281' title='bbox 2644 2501 2952 2570; x_wconf 78' lang='grc' dir='ltr'>ὑποφέρων,</span> <span class='ocrx_word' id='word_1_282' title='bbox 2975 2499 3196 2552; x_wconf 75' lang='grc' dir='ltr'>καὶτῶν</span> <span class='ocrx_word' id='word_1_283' title='bbox 3227 2499 3543 2570; x_wconf 84' lang='grc' dir='ltr'>περιχαρῶν</span> <span class='ocrx_word' id='word_1_284' title='bbox 3571 2500 3703 2552; x_wconf 87' lang='grc' dir='ltr'>τεύ-</span> 
     </span>
    </p>
   </div>
   <div class='ocr_carea' id='block_1_47' title="bbox 447 2591 2034 2700">
    <p class='ocr_par' dir='ltr' id='par_1_47' title="bbox 447 2618 2022 2688">
     <span class='ocr_line' id='line_1_48' title="bbox 447 2618 2022 2688; baseline -0.001 -16"><span class='ocrx_word' id='word_1_285' title='bbox 447 2619 596 2672; x_wconf 86' lang='lat' dir='ltr'><strong>dium</strong></span> <span class='ocrx_word' id='word_1_286' title='bbox 627 2621 866 2688; x_wconf 90' lang='lat' dir='ltr'><strong>pariunt,</strong></span> <span class='ocrx_word' id='word_1_287' title='bbox 906 2628 959 2672; x_wconf 93' lang='lat' dir='ltr'><strong>et</strong></span> <span class='ocrx_word' id='word_1_288' title='bbox 991 2620 1084 2688; x_wconf 91' lang='lat' dir='ltr'><strong>qui</strong></span> <span class='ocrx_word' id='word_1_289' title='bbox 1113 2629 1370 2673; x_wconf 91' lang='lat' dir='ltr'><strong>constans</strong></span> <span class='ocrx_word' id='word_1_290' title='bbox 1399 2619 1594 2672; x_wconf 88' lang='lat' dir='ltr'><strong>tolerat</strong></span> <span class='ocrx_word' id='word_1_291' title='bbox 1623 2618 1889 2682; x_wconf 81' lang='lat' dir='ltr'><strong>insuavia,</strong></span> <span class='ocrx_word' id='word_1_292' title='bbox 1915 2631 2022 2670; x_wconf 91' lang='lat' dir='ltr'><strong>non</strong></span> 
     </span>
    </p>
   </div>
   <div class='ocr_carea' id='block_1_48' title="bbox 2136 2591 3706 2700">
    <p class='ocr_par' dir='ltr' id='par_1_48' title="bbox 2136 2591 3706 2664">
     <span class='ocr_line' id='line_1_49' title="bbox 2136 2591 3706 2664; baseline 0.003 -21"><span class='ocrx_word' id='word_1_293' title='bbox 2136 2591 2298 2656; x_wconf 84' lang='grc' dir='ltr'>Ξεται,</span> <span class='ocrx_word' id='word_1_294' title='bbox 2334 2592 2426 2647; x_wconf 65' lang='grc' dir='ltr'>καὶ</span> <span class='ocrx_word' id='word_1_295' title='bbox 2449 2595 2476 2644; x_wconf 83' lang='grc' dir='ltr'>ὁ</span> <span class='ocrx_word' id='word_1_296' title='bbox 2498 2595 2554 2644; x_wconf 84' lang='grc' dir='ltr'><strong>ὲν</strong></span> <span class='ocrx_word' id='word_1_297' title='bbox 2581 2597 2690 2656; x_wconf 81' lang='grc' dir='ltr'>τοῖς</span> <span class='ocrx_word' id='word_1_298' title='bbox 2720 2591 2911 2662; x_wconf 71' lang='grc' dir='ltr'>ἀηδέσι</span> <span class='ocrx_word' id='word_1_299' title='bbox 2939 2594 3239 2664; x_wconf 77' lang='grc' dir='ltr'>καρτερῶν,</span> <span class='ocrx_word' id='word_1_300' title='bbox 3264 2593 3372 2645; x_wconf 89' lang='grc' dir='ltr'><strong>τῶν</strong></span> <span class='ocrx_word' id='word_1_301' title='bbox 3401 2593 3570 2663; x_wconf 77' lang='grc' dir='ltr'>ἡδέων</span> <span class='ocrx_word' id='word_1_302' title='bbox 3594 2595 3706 2648; x_wconf 76' lang='grc' dir='ltr'>οὐκ</span> 
     </span>
    </p>
   </div>
   <div class='ocr_carea' id='block_1_49' title="bbox 449 2685 2034 2766">
    <p class='ocr_par' dir='ltr' id='par_1_49' title="bbox 449 2713 966 2766">
     <span class='ocr_line' id='line_1_50' title="bbox 449 2713 966 2766; baseline 0 -2"><span class='ocrx_word' id='word_1_303' title='bbox 449 2714 657 2765; x_wconf 85' lang='lat' dir='ltr'><strong>carebit</strong></span> <span class='ocrx_word' id='word_1_304' title='bbox 685 2713 966 2766; x_wconf 81' lang='lat' dir='ltr'><strong>suavibus.</strong></span> 
     </span>
    </p>
   </div>
   <div class='ocr_carea' id='block_1_50' title="bbox 2136 2685 2438 2766">
    <p class='ocr_par' dir='ltr' id='par_1_50' title="bbox 2136 2685 2438 2753">
     <span class='ocr_line' id='line_1_51' title="bbox 2136 2685 2438 2753; baseline -0.01 -15"><span class='ocrx_word' id='word_1_305' title='bbox 2136 2685 2438 2753; x_wconf 68' lang='grc' dir='ltr'>ὶμοιρήσει.</span> 
     </span>
    </p>
   </div>
   <div class='ocr_carea' id='block_1_51' title="bbox 912 2795 2034 2894">
    <p class='ocr_par' dir='ltr' id='par_1_51' title="bbox 912 2819 1956 2894">
     <span class='ocr_line' id='line_1_52' title="bbox 912 2819 1956 2894; baseline -0.004 -18"><span class='ocrx_word' id='word_1_306' title='bbox 912 2823 1078 2894; x_wconf 71' lang='grc'><strong>499</strong></span> <span class='ocrx_word' id='word_1_307' title='bbox 1107 2821 1338 2877; x_wconf 81' lang='lat' dir='ltr'><strong>CAPUT</strong></span> <span class='ocrx_word' id='word_1_308' title='bbox 1377 2819 1558 2874; x_wconf 74' lang='lat' dir='ltr'><strong>xcw.</strong></span> <span class='ocrx_word' id='word_1_309' title='bbox 1954 2852 1956 2854; x_wconf 89' lang='grc'><strong><em>-</em></strong></span> 
     </span>
    </p>
   </div>
   <div class='ocr_carea' id='block_1_52' title="bbox 2136 2795 3114 2894">
    <p class='ocr_par' dir='ltr' id='par_1_52' title="bbox 2723 2795 3114 2860">
     <span class='ocr_line' id='line_1_53' title="bbox 2723 2795 3114 2860; baseline 0 -12"><span class='ocrx_word' id='word_1_310' title='bbox 2723 2795 2970 2848; x_wconf 56' lang='lat' dir='ltr'><strong>tinam.</strong></span> <span class='ocrx_word' id='word_1_311' title='bbox 3005 2798 3114 2860; x_wconf 50' lang='grc' dir='ltr'>μιν.</span> 
     </span>
    </p>
   </div>
   <div class='ocr_carea' id='block_1_53' title="bbox 2201 2885 3705 2956">
    <p class='ocr_par' dir='ltr' id='par_1_53' title="bbox 2201 2885 3705 2956">
     <span class='ocr_line' id='line_1_54' title="bbox 2201 2885 3705 2956; baseline 0.001 -17"><span class='ocrx_word' id='word_1_312' title='bbox 2201 2885 2339 2956; x_wconf 87' lang='grc' dir='ltr'><strong>Ὅρα</strong></span> <span class='ocrx_word' id='word_1_313' title='bbox 2373 2886 2445 2956; x_wconf 84' lang='grc' dir='ltr'>μή</span> <span class='ocrx_word' id='word_1_314' title='bbox 2484 2902 2541 2937; x_wconf 90' lang='grc' dir='ltr'><strong>σε</strong></span> <span class='ocrx_word' id='word_1_315' title='bbox 2570 2886 2890 2954; x_wconf 81' lang='grc' dir='ltr'>ἁπατήσωσι</span> <span class='ocrx_word' id='word_1_316' title='bbox 2930 2886 3017 2938; x_wconf 75' lang='grc' dir='ltr'><strong>διά</strong></span> <span class='ocrx_word' id='word_1_317' title='bbox 3055 2903 3198 2948; x_wconf 84' lang='grc' dir='ltr'>τινος</span> <span class='ocrx_word' id='word_1_318' title='bbox 3231 2887 3493 2950; x_wconf 77' lang='grc' dir='ltr'>ὀπτασίας</span> <span class='ocrx_word' id='word_1_319' title='bbox 3521 2889 3571 2941; x_wconf 80' lang='grc' dir='ltr'>οἱ</span> <span class='ocrx_word' id='word_1_320' title='bbox 3603 2907 3705 2941; x_wconf 84' lang='grc' dir='ltr'><strong>πο-</strong></span> 
     </span>
    </p>
   </div>
   <div class='ocr_carea' id='block_1_54' title="bbox 2127 2974 3704 3045">
    <p class='ocr_par' dir='ltr' id='par_1_54' title="bbox 2127 2974 3704 3045">
     <span class='ocr_line' id='line_1_55' title="bbox 2127 2974 3704 3045; baseline 0.001 -17"><span class='ocrx_word' id='word_1_321' title='bbox 2127 2977 2281 3045; x_wconf 76' lang='grc' dir='ltr'>νηροὶ</span> <span class='ocrx_word' id='word_1_322' title='bbox 2327 2975 2608 3044; x_wconf 72' lang='grc' dir='ltr'>δαίμονεςο</span> <span class='ocrx_word' id='word_1_323' title='bbox 2639 2974 2773 3026; x_wconf 86' lang='grc' dir='ltr'><strong>ἀλλά</strong></span> <span class='ocrx_word' id='word_1_324' title='bbox 2807 2975 2958 3040; x_wconf 80' lang='grc' dir='ltr'>γίνου</span> <span class='ocrx_word' id='word_1_325' title='bbox 3004 2974 3224 3036; x_wconf 82' lang='grc' dir='ltr'>σύννους</span> <span class='ocrx_word' id='word_1_326' title='bbox 3254 2978 3588 3045; x_wconf 70' lang='grc' dir='ltr'>τρεπόμενος</span> <span class='ocrx_word' id='word_1_327' title='bbox 3618 2982 3704 3042; x_wconf 84' lang='grc' dir='ltr'>εἰς</span> 
     </span>
    </p>
   </div>
   <div class='ocr_carea' id='block_1_55' title="bbox 2126 3065 3704 3138">
    <p class='ocr_par' dir='ltr' id='par_1_55' title="bbox 2126 3065 3704 3138">
     <span class='ocr_line' id='line_1_56' title="bbox 2126 3065 3704 3138; baseline -0.003 -21"><span class='ocrx_word' id='word_1_328' title='bbox 2126 3066 2310 3135; x_wconf 75' lang='grc' dir='ltr'>εὐχὴν,</span> <span class='ocrx_word' id='word_1_329' title='bbox 2355 3067 2448 3119; x_wconf 71' lang='grc' dir='ltr'><strong>καὶ</strong></span> <span class='ocrx_word' id='word_1_330' title='bbox 2487 3065 2792 3134; x_wconf 82' lang='grc' dir='ltr'>παρακάλει</span> <span class='ocrx_word' id='word_1_331' title='bbox 2826 3065 2916 3117; x_wconf 85' lang='grc' dir='ltr'><strong>τὸν</strong></span> <span class='ocrx_word' id='word_1_332' title='bbox 2954 3065 3106 3128; x_wconf 79' lang='grc' dir='ltr'>Θεὸν,</span> <span class='ocrx_word' id='word_1_333' title='bbox 3145 3069 3249 3132; x_wconf 83' lang='grc' dir='ltr'>ἵνα,</span> <span class='ocrx_word' id='word_1_334' title='bbox 3279 3071 3325 3120; x_wconf 88' lang='grc' dir='ltr'>εἰ</span> <span class='ocrx_word' id='word_1_335' title='bbox 3367 3070 3465 3138; x_wconf 80' lang='grc' dir='ltr'><strong>μὲν</strong></span> <span class='ocrx_word' id='word_1_336' title='bbox 3505 3065 3565 3136; x_wconf 77' lang='grc' dir='ltr'>ἐξ</span> <span class='ocrx_word' id='word_1_337' title='bbox 3599 3073 3704 3125; x_wconf 64' lang='grc' dir='ltr'><strong>αὖ-</strong></span> 
     </span>
    </p>
   </div>
   <div class='ocr_carea' id='block_1_56' title="bbox 2125 3157 3704 3231">
    <p class='ocr_par' dir='ltr' id='par_1_56' title="bbox 2125 3157 3704 3231">
     <span class='ocr_line' id='line_1_57' title="bbox 2125 3157 3704 3231; baseline 0.004 -23"><span class='ocrx_word' id='word_1_338' title='bbox 2125 3158 2218 3209; x_wconf 78' lang='grc' dir='ltr'>τοῦ</span> <span class='ocrx_word' id='word_1_339' title='bbox 2249 3159 2364 3209; x_wconf 77' lang='grc' dir='ltr'>ἐστι</span> <span class='ocrx_word' id='word_1_340' title='bbox 2393 3157 2452 3208; x_wconf 84' lang='grc' dir='ltr'>τὺ</span> <span class='ocrx_word' id='word_1_341' title='bbox 2480 3157 2679 3226; x_wconf 83' lang='grc' dir='ltr'>νόημα,</span> <span class='ocrx_word' id='word_1_342' title='bbox 2713 3157 2871 3218; x_wconf 83' lang='grc' dir='ltr'>αὑτός</span> <span class='ocrx_word' id='word_1_343' title='bbox 2899 3173 2955 3208; x_wconf 89' lang='grc' dir='ltr'><strong>σε</strong></span> <span class='ocrx_word' id='word_1_344' title='bbox 3005 3158 3234 3228; x_wconf 81' lang='grc' dir='ltr'>φωτίσῃ,</span> <span class='ocrx_word' id='word_1_345' title='bbox 3268 3159 3392 3211; x_wconf 82' lang='grc' dir='ltr'>εἰδὲ</span> <span class='ocrx_word' id='word_1_346' title='bbox 3431 3163 3597 3231; x_wconf 77' lang='grc' dir='ltr'>μήγε,</span> <span class='ocrx_word' id='word_1_347' title='bbox 3639 3165 3704 3215; x_wconf 70' lang='grc' dir='ltr'>τὸ</span> 
     </span>
    </p>
   </div>
   <div class='ocr_carea' id='block_1_57' title="bbox 2126 3249 3706 3320">
    <p class='ocr_par' dir='ltr' id='par_1_57' title="bbox 2126 3249 3706 3320">
     <span class='ocr_line' id='line_1_58' title="bbox 2126 3249 3706 3320; baseline -0.001 -19"><span class='ocrx_word' id='word_1_348' title='bbox 2126 3251 2289 3316; x_wconf 75' lang='grc' dir='ltr'>τάχος</span> <span class='ocrx_word' id='word_1_349' title='bbox 2327 3249 2416 3300; x_wconf 79' lang='grc' dir='ltr'><strong>τὸν</strong></span> <span class='ocrx_word' id='word_1_350' title='bbox 2455 3249 2652 3300; x_wconf 86' lang='grc' dir='ltr'>πλάνον</span> <span class='ocrx_word' id='word_1_351' title='bbox 2689 3249 2932 3318; x_wconf 82' lang='grc' dir='ltr'>ἀπελάσῃ</span> <span class='ocrx_word' id='word_1_352' title='bbox 2961 3249 3068 3300; x_wconf 80' lang='grc' dir='ltr'><strong>ἀπὸ</strong></span> <span class='ocrx_word' id='word_1_353' title='bbox 3102 3249 3216 3311; x_wconf 81' lang='grc' dir='ltr'>σοῦ,</span> <span class='ocrx_word' id='word_1_354' title='bbox 3243 3252 3335 3302; x_wconf 77' lang='grc' dir='ltr'><strong>καὶ</strong></span> <span class='ocrx_word' id='word_1_355' title='bbox 3373 3251 3589 3320; x_wconf 77' lang='grc' dir='ltr'>θάρσει,</span> <span class='ocrx_word' id='word_1_356' title='bbox 3624 3256 3706 3318; x_wconf 81' lang='grc' dir='ltr'>ὡς</span> 
     </span>
    </p>
   </div>
   <div class='ocr_carea' id='block_1_58' title="bbox 2127 3339 3705 3412">
    <p class='ocr_par' dir='ltr' id='par_1_58' title="bbox 2127 3339 3705 3412">
     <span class='ocr_line' id='line_1_59' title="bbox 2127 3339 3705 3412; baseline 0.003 -20"><span class='ocrx_word' id='word_1_357' title='bbox 2127 3341 2188 3392; x_wconf 76' lang='grc' dir='ltr'>οὐ</span> <span class='ocrx_word' id='word_1_358' title='bbox 2238 3341 2524 3406; x_wconf 81' lang='grc' dir='ltr'>στήσονται</span> <span class='ocrx_word' id='word_1_359' title='bbox 2567 3341 2616 3390; x_wconf 88' lang='grc' dir='ltr'><strong>οἱ</strong></span> <span class='ocrx_word' id='word_1_360' title='bbox 2661 3339 2839 3403; x_wconf 81' lang='grc' dir='ltr'>κύνες,</span> <span class='ocrx_word' id='word_1_361' title='bbox 2879 3340 2973 3392; x_wconf 78' lang='grc' dir='ltr'><strong>σοῦ</strong></span> <span class='ocrx_word' id='word_1_362' title='bbox 3014 3341 3275 3410; x_wconf 79' lang='grc' dir='ltr'>ἐμπύρως</span> <span class='ocrx_word' id='word_1_363' title='bbox 3305 3344 3370 3411; x_wconf 83' lang='grc' dir='ltr'>τῇ</span> <span class='ocrx_word' id='word_1_364' title='bbox 3402 3344 3534 3412; x_wconf 79' lang='grc' dir='ltr'>πρὸς</span> <span class='ocrx_word' id='word_1_365' title='bbox 3565 3345 3705 3398; x_wconf 81' lang='grc' dir='ltr'>Θεὸν</span> 
     </span>
    </p>
   </div>
   <div class='ocr_carea' id='block_1_59' title="bbox 2128 3428 3707 3501">
    <p class='ocr_par' dir='ltr' id='par_1_59' title="bbox 2128 3428 3707 3501">
     <span class='ocr_line' id='line_1_60' title="bbox 2128 3428 3707 3501; baseline 0.006 -23"><span class='ocrx_word' id='word_1_366' title='bbox 2128 3428 2364 3492; x_wconf 77' lang='grc' dir='ltr'>ἐντεύξει</span> <span class='ocrx_word' id='word_1_367' title='bbox 2430 3428 3044 3497; x_wconf 79' lang='grc' dir='ltr'>κεχρημένουέὺθέως</span> <span class='ocrx_word' id='word_1_368' title='bbox 3105 3431 3212 3500; x_wconf 83' lang='grc' dir='ltr'>γὰρ</span> <span class='ocrx_word' id='word_1_369' title='bbox 3277 3431 3542 3501; x_wconf 80' lang='grc' dir='ltr'>ἀοράτως,</span> <span class='ocrx_word' id='word_1_370' title='bbox 3607 3437 3707 3488; x_wconf 77' lang='grc' dir='ltr'><strong>καὶ</strong></span> 
     </span>
    </p>
   </div>
   <div class='ocr_carea' id='block_1_60' title="bbox 2129 3517 3708 3597">
    <p class='ocr_par' dir='ltr' id='par_1_60' title="bbox 2129 3517 3708 3597">
     <span class='ocr_line' id='line_1_61' title="bbox 2129 3517 3708 3597; baseline 0.004 -26"><span class='ocrx_word' id='word_1_371' title='bbox 2129 3520 2348 3587; x_wconf 70' lang='grc' dir='ltr'>ἀφανῶς</span> <span class='ocrx_word' id='word_1_372' title='bbox 2373 3517 2507 3570; x_wconf 88' lang='grc' dir='ltr'><strong>Θεοῦ</strong></span> <span class='ocrx_word' id='word_1_373' title='bbox 2531 3519 2758 3588; x_wconf 83' lang='grc' dir='ltr'>δυνάμει</span> <span class='ocrx_word' id='word_1_374' title='bbox 2790 3520 3196 3590; x_wconf 78' lang='grc' dir='ltr'>μαστιζόμενοι,</span> <span class='ocrx_word' id='word_1_375' title='bbox 3231 3521 3447 3592; x_wconf 70' lang='grc' dir='ltr'>μακρὰν</span> <span class='ocrx_word' id='word_1_376' title='bbox 3471 3524 3708 3597; x_wconf 79' lang='grc' dir='ltr'>ἐλασθὴ-</span> 
     </span>
    </p>
   </div>
   <div class='ocr_carea' id='block_1_61' title="bbox 2135 3627 2336 3662">
    <p class='ocr_par' dir='ltr' id='par_1_61' title="bbox 2135 3627 2336 3662">
     <span class='ocr_line' id='line_1_62' title="bbox 2135 3627 2336 3662; baseline 0 0"><span class='ocrx_word' id='word_1_377' title='bbox 2135 3627 2336 3662; x_wconf 79' lang='grc' dir='ltr'>σονται.</span> 
     </span>
    </p>
   </div>
   <div class='ocr_carea' id='block_1_62' title="bbox 520 2934 2025 3002">
    <p class='ocr_par' dir='ltr' id='par_1_62' title="bbox 520 2934 2025 3002">
     <span class='ocr_line' id='line_1_63' title="bbox 520 2934 2025 3002; baseline -0.001 -13"><span class='ocrx_word' id='word_1_378' title='bbox 520 2935 664 2989; x_wconf 82' lang='lat' dir='ltr'><strong>Cave</strong></span> <span class='ocrx_word' id='word_1_379' title='bbox 697 2950 762 2986; x_wconf 91' lang='lat' dir='ltr'><strong>nc</strong></span> <span class='ocrx_word' id='word_1_380' title='bbox 795 2942 847 2988; x_wconf 88' lang='lat' dir='ltr'><strong>te</strong></span> <span class='ocrx_word' id='word_1_381' title='bbox 874 2934 1148 3000; x_wconf 84' lang='lat' dir='ltr'><strong>decipiant</strong></span> <span class='ocrx_word' id='word_1_382' title='bbox 1181 2949 1272 3002; x_wconf 91' lang='lat' dir='ltr'><strong>per</strong></span> <span class='ocrx_word' id='word_1_383' title='bbox 1317 2934 1555 3001; x_wconf 87' lang='lat' dir='ltr'><strong>aliquam</strong></span> <span class='ocrx_word' id='word_1_384' title='bbox 1588 2934 1851 2988; x_wconf 89' lang='lat' dir='ltr'><strong>visionem</strong></span> <span class='ocrx_word' id='word_1_385' title='bbox 1907 2948 2025 2987; x_wconf 80' lang='lat' dir='ltr'><strong>ma-</strong></span> 
     </span>
    </p>
   </div>
   <div class='ocr_carea' id='block_1_63' title="bbox 453 3025 2096 3095">
    <p class='ocr_par' dir='ltr' id='par_1_63' title="bbox 453 3025 2096 3095">
     <span class='ocr_line' id='line_1_64' title="bbox 453 3025 2096 3095; baseline -0.001 -16"><span class='ocrx_word' id='word_1_386' title='bbox 453 3026 583 3095; x_wconf 85' lang='lat' dir='ltr'><strong>ligni</strong></span> <span class='ocrx_word' id='word_1_387' title='bbox 617 3028 920 3088; x_wconf 68' lang='lat' dir='ltr'><strong>daemones;</strong></span> <span class='ocrx_word' id='word_1_388' title='bbox 974 3039 1156 3075; x_wconf 84' lang='lat' dir='ltr'><strong>verum</strong></span> <span class='ocrx_word' id='word_1_389' title='bbox 1191 3036 1309 3077; x_wconf 90' lang='lat' dir='ltr'><strong>esto</strong></span> <span class='ocrx_word' id='word_1_390' title='bbox 1339 3025 1596 3092; x_wconf 88' lang='lat' dir='ltr'><strong>prudens,</strong></span> <span class='ocrx_word' id='word_1_391' title='bbox 1626 3033 1676 3078; x_wconf 87' lang='lat' dir='ltr'><strong>te</strong></span> <span class='ocrx_word' id='word_1_392' title='bbox 1706 3033 2024 3079; x_wconf 88' lang='lat' dir='ltr'><strong>convertens</strong></span> <span class='ocrx_word' id='word_1_393' title='bbox 2053 3031 2096 3090; x_wconf 85' lang='lat' dir='ltr'>c</span> 
     </span>
    </p>
   </div>
   <div class='ocr_carea' id='block_1_64' title="bbox 453 3113 2026 3184">
    <p class='ocr_par' dir='ltr' id='par_1_64' title="bbox 453 3113 2026 3184">
     <span class='ocr_line' id='line_1_65' title="bbox 453 3113 2026 3184; baseline 0 -15"><span class='ocrx_word' id='word_1_394' title='bbox 453 3117 518 3169; x_wconf 91' lang='lat' dir='ltr'><strong>ad</strong></span> <span class='ocrx_word' id='word_1_395' title='bbox 553 3119 873 3177; x_wconf 87' lang='lat' dir='ltr'><strong>orationem,</strong></span> <span class='ocrx_word' id='word_1_396' title='bbox 959 3113 1241 3182; x_wconf 79' lang='lat' dir='ltr'><strong>Deumque</strong></span> <span class='ocrx_word' id='word_1_397' title='bbox 1284 3131 1525 3182; x_wconf 86' lang='lat' dir='ltr'><strong>precare,</strong></span> <span class='ocrx_word' id='word_1_398' title='bbox 1588 3124 1645 3168; x_wconf 91' lang='lat' dir='ltr'><strong>ut</strong></span> <span class='ocrx_word' id='word_1_399' title='bbox 1690 3116 1735 3168; x_wconf 88' lang='lat' dir='ltr'><strong>si</strong></span> <span class='ocrx_word' id='word_1_400' title='bbox 1777 3132 1841 3169; x_wconf 77' lang='lat' dir='ltr'><strong>ex</strong></span> <span class='ocrx_word' id='word_1_401' title='bbox 1910 3117 2026 3184; x_wconf 92' lang='lat' dir='ltr'><strong>ipso</strong></span> 
     </span>
    </p>
   </div>
   <div class='ocr_carea' id='block_1_65' title="bbox 454 3204 2025 3274">
    <p class='ocr_par' dir='ltr' id='par_1_65' title="bbox 454 3204 2025 3274">
     <span class='ocr_line' id='line_1_66' title="bbox 454 3204 2025 3274; baseline -0.001 -16"><span class='ocrx_word' id='word_1_402' title='bbox 454 3207 672 3274; x_wconf 85' lang='lat' dir='ltr'><strong>quidem</strong></span> <span class='ocrx_word' id='word_1_403' title='bbox 706 3215 787 3256; x_wconf 90' lang='lat' dir='ltr'><strong>est</strong></span> <span class='ocrx_word' id='word_1_404' title='bbox 817 3205 1133 3273; x_wconf 83' lang='lat' dir='ltr'><strong>cogitatum,</strong></span> <span class='ocrx_word' id='word_1_405' title='bbox 1187 3204 1301 3271; x_wconf 89' lang='lat' dir='ltr'><strong>ipse</strong></span> <span class='ocrx_word' id='word_1_406' title='bbox 1335 3214 1383 3256; x_wconf 90' lang='lat' dir='ltr'><strong>te</strong></span> <span class='ocrx_word' id='word_1_407' title='bbox 1436 3204 1725 3270; x_wconf 88' lang='lat' dir='ltr'><strong>illumiuet,</strong></span> <span class='ocrx_word' id='word_1_408' title='bbox 1754 3213 1810 3256; x_wconf 88' lang='lat' dir='ltr'><strong>at</strong></span> <span class='ocrx_word' id='word_1_409' title='bbox 1842 3204 1884 3256; x_wconf 93' lang='lat' dir='ltr'><strong>si</strong></span> <span class='ocrx_word' id='word_1_410' title='bbox 1920 3219 2025 3256; x_wconf 91' lang='lat' dir='ltr'><strong>non</strong></span> 
     </span>
    </p>
   </div>
   <div class='ocr_carea' id='block_1_66' title="bbox 454 3293 2024 3362">
    <p class='ocr_par' dir='ltr' id='par_1_66' title="bbox 454 3293 2024 3362">
     <span class='ocr_line' id='line_1_67' title="bbox 454 3293 2024 3362; baseline 0.002 -15"><span class='ocrx_word' id='word_1_411' title='bbox 454 3303 538 3347; x_wconf 90' lang='lat' dir='ltr'><strong>est</strong></span> <span class='ocrx_word' id='word_1_412' title='bbox 604 3293 847 3346; x_wconf 81' lang='lat' dir='ltr'><strong>celeriter</strong></span> <span class='ocrx_word' id='word_1_413' title='bbox 879 3309 907 3344; x_wconf 92' lang='lat' dir='ltr'><strong>a</strong></span> <span class='ocrx_word' id='word_1_414' title='bbox 943 3302 994 3345; x_wconf 90' lang='lat' dir='ltr'><strong>te</strong></span> <span class='ocrx_word' id='word_1_415' title='bbox 1059 3294 1397 3361; x_wconf 86' lang='lat' dir='ltr'><strong>deceptorem</strong></span> <span class='ocrx_word' id='word_1_416' title='bbox 1428 3296 1678 3362; x_wconf 85' lang='lat' dir='ltr'><strong>depellat,</strong></span> <span class='ocrx_word' id='word_1_417' title='bbox 1713 3305 1764 3347; x_wconf 87' lang='lat' dir='ltr'><strong>et</strong></span> <span class='ocrx_word' id='word_1_418' title='bbox 1794 3296 2024 3358; x_wconf 85' lang='lat' dir='ltr'><strong>confide,</strong></span> 
     </span>
    </p>
   </div>
   <div class='ocr_carea' id='block_1_67' title="bbox 456 3383 2027 3452">
    <p class='ocr_par' dir='ltr' id='par_1_67' title="bbox 456 3383 2027 3452">
     <span class='ocr_line' id='line_1_68' title="bbox 456 3383 2027 3452; baseline 0.003 -17"><span class='ocrx_word' id='word_1_419' title='bbox 456 3384 604 3452; x_wconf 82' lang='lat' dir='ltr'><strong>quod</strong></span> <span class='ocrx_word' id='word_1_420' title='bbox 642 3399 749 3435; x_wconf 92' lang='lat' dir='ltr'><strong>non</strong></span> <span class='ocrx_word' id='word_1_421' title='bbox 801 3383 1234 3447; x_wconf 89' lang='lat' dir='ltr'><strong>stabuntcaues,</strong></span> <span class='ocrx_word' id='word_1_422' title='bbox 1285 3394 1334 3437; x_wconf 82' lang='lat' dir='ltr'><strong>te</strong></span> <span class='ocrx_word' id='word_1_423' title='bbox 1383 3385 1602 3438; x_wconf 87' lang='lat' dir='ltr'><strong>ardente</strong></span> <span class='ocrx_word' id='word_1_424' title='bbox 1660 3401 1782 3438; x_wconf 93' lang='lat' dir='ltr'><strong>cum</strong></span> <span class='ocrx_word' id='word_1_425' title='bbox 1844 3387 2027 3440; x_wconf 87' lang='lat' dir='ltr'><strong>animo</strong></span> 
     </span>
    </p>
   </div>
   <div class='ocr_carea' id='block_1_68' title="bbox 457 3465 2027 3542">
    <p class='ocr_par' dir='ltr' id='par_1_68' title="bbox 457 3465 2027 3542">
     <span class='ocr_line' id='line_1_69' title="bbox 457 3465 2027 3542; baseline 0.002 -17"><span class='ocrx_word' id='word_1_426' title='bbox 457 3471 568 3525; x_wconf 86' lang='lat' dir='ltr'><strong>Deo</strong></span> <span class='ocrx_word' id='word_1_427' title='bbox 595 3473 934 3540; x_wconf 89' lang='lat' dir='ltr'><strong>colloquente</strong></span> <span class='ocrx_word' id='word_1_428' title='bbox 964 3491 977 3526; x_wconf 93' lang='lat'><strong>:</strong></span> <span class='ocrx_word' id='word_1_429' title='bbox 1021 3473 1303 3526; x_wconf 85' lang='lat' dir='ltr'><strong>confestim</strong></span> <span class='ocrx_word' id='word_1_430' title='bbox 1337 3489 1527 3542; x_wconf 81' lang='lat' dir='ltr'><strong>netnpe</strong></span> <span class='ocrx_word' id='word_1_431' title='bbox 1558 3465 1917 3540; x_wconf 78' lang='lat' dir='ltr'><strong>invisibiliter,</strong></span> <span class='ocrx_word' id='word_1_432' title='bbox 1943 3485 2027 3528; x_wconf 90' lang='lat' dir='ltr'><strong>at-</strong></span> 
     </span>
    </p>
   </div>
   <div class='ocr_carea' id='block_1_69' title="bbox 457 3559 2024 3634">
    <p class='ocr_par' dir='ltr' id='par_1_69' title="bbox 457 3559 2024 3634">
     <span class='ocr_line' id='line_1_70' title="bbox 457 3559 2024 3634; baseline 0.003 -21"><span class='ocrx_word' id='word_1_433' title='bbox 457 3575 564 3630; x_wconf 88' lang='lat' dir='ltr'><strong>que</strong></span> <span class='ocrx_word' id='word_1_434' title='bbox 599 3561 807 3614; x_wconf 89' lang='lat' dir='ltr'><strong>occulte</strong></span> <span class='ocrx_word' id='word_1_435' title='bbox 832 3559 926 3614; x_wconf 89' lang='lat' dir='ltr'><strong>Dei</strong></span> <span class='ocrx_word' id='word_1_436' title='bbox 977 3563 1215 3630; x_wconf 87' lang='lat' dir='ltr'><strong>potentia</strong></span> <span class='ocrx_word' id='word_1_437' title='bbox 1248 3561 1518 3632; x_wconf 80' lang='lat' dir='ltr'><strong>flagellati,</strong></span> <span class='ocrx_word' id='word_1_438' title='bbox 1586 3565 1776 3633; x_wconf 89' lang='lat' dir='ltr'><strong>procul</strong></span> <span class='ocrx_word' id='word_1_439' title='bbox 1841 3566 2024 3634; x_wconf 70' lang='lat' dir='ltr'><strong>expet--</strong></span> 
     </span>
    </p>
   </div>
   <div class='ocr_carea' id='block_1_70' title="bbox 460 3649 659 3703">
    <p class='ocr_par' dir='ltr' id='par_1_70' title="bbox 460 3649 659 3703">
     <span class='ocr_line' id='line_1_71' title="bbox 460 3649 659 3703; baseline 0.005 -1"><span class='ocrx_word' id='word_1_440' title='bbox 460 3649 659 3703; x_wconf 87' lang='lat' dir='ltr'><strong>lentur.</strong></span> 
     </span>
    </p>
   </div>
   <div class='ocr_carea' id='block_1_71' title="bbox 1027 3755 2034 3836">
    <p class='ocr_par' dir='ltr' id='par_1_71' title="bbox 1027 3755 1452 3816">
     <span class='ocr_line' id='line_1_72' title="bbox 1027 3755 1452 3816; baseline 0.005 -3"><span class='ocrx_word' id='word_1_441' title='bbox 1027 3755 1255 3814; x_wconf 82' lang='lat' dir='ltr'><strong>CAPUT</strong></span> <span class='ocrx_word' id='word_1_442' title='bbox 1290 3760 1452 3816; x_wconf 77' lang='lat' dir='ltr'><strong>XCV.</strong></span> 
     </span>
    </p>
   </div>
   <div class='ocr_carea' id='block_1_72' title="bbox 2136 3755 3110 3836">
    <p class='ocr_par' dir='ltr' id='par_1_72' title="bbox 2721 3765 3110 3836">
     <span class='ocr_line' id='line_1_73' title="bbox 2721 3765 3110 3836; baseline 0.008 -15"><span class='ocrx_word' id='word_1_443' title='bbox 2721 3765 2946 3822; x_wconf 75' lang='grc' dir='ltr'><strong>ΚΕΦΑΛ</strong></span> <span class='ocrx_word' id='word_1_444' title='bbox 2957 3809 2971 3824; x_wconf 93' lang='grc'><strong><em>.</em></strong></span> <span class='ocrx_word' id='word_1_445' title='bbox 2995 3767 3110 3836; x_wconf 57' lang='grc' dir='ltr'><strong>ἰ-,ΕἎ</strong></span> 
     </span>
    </p>
   </div>
   <div class='ocr_carea' id='block_1_73' title="bbox 526 3867 2034 3955">
    <p class='ocr_par' dir='ltr' id='par_1_73' title="bbox 526 3867 2029 3944">
     <span class='ocr_line' id='line_1_74' title="bbox 526 3867 2029 3944; baseline 0.005 -23"><span class='ocrx_word' id='word_1_446' title='bbox 526 3867 742 3922; x_wconf 82' lang='lat' dir='ltr'><strong>Justum</strong></span> <span class='ocrx_word' id='word_1_447' title='bbox 795 3877 878 3923; x_wconf 86' lang='lat' dir='ltr'><strong>est</strong></span> <span class='ocrx_word' id='word_1_448' title='bbox 914 3871 1058 3938; x_wconf 78' lang='lat' dir='ltr'><strong>qUod</strong></span> <span class='ocrx_word' id='word_1_449' title='bbox 1106 3887 1280 3941; x_wconf 90' lang='lat' dir='ltr'><strong>neque</strong></span> <span class='ocrx_word' id='word_1_450' title='bbox 1337 3873 1602 3928; x_wconf 81' lang='lat' dir='ltr'><strong>fallaciam</strong></span> <span class='ocrx_word' id='word_1_451' title='bbox 1665 3875 1822 3930; x_wconf 83' lang='lat' dir='ltr'><strong>istam</strong></span> <span class='ocrx_word' id='word_1_452' title='bbox 1873 3876 2029 3944; x_wconf 85' lang='lat' dir='ltr'><strong>igno-</strong></span> 
     </span>
    </p>
   </div>
   <div class='ocr_carea' id='block_1_74' title="bbox 2136 3867 3708 3955">
    <p class='ocr_par' dir='ltr' id='par_1_74' title="bbox 2201 3881 3708 3955">
     <span class='ocr_line' id='line_1_75' title="bbox 2201 3881 3708 3955; baseline 0.005 -21"><span class='ocrx_word' id='word_1_453' title='bbox 2201 3881 2417 3934; x_wconf 87' lang='grc' dir='ltr'>Δίκαιόν</span> <span class='ocrx_word' id='word_1_454' title='bbox 2453 3883 2567 3934; x_wconf 81' lang='grc' dir='ltr'>ἐστι</span> <span class='ocrx_word' id='word_1_455' title='bbox 2598 3883 2731 3950; x_wconf 84' lang='grc' dir='ltr'>μηδὲ</span> <span class='ocrx_word' id='word_1_456' title='bbox 2760 3883 2845 3935; x_wconf 76' lang='grc' dir='ltr'>τὸν</span> <span class='ocrx_word' id='word_1_457' title='bbox 2867 3883 3014 3936; x_wconf 84' lang='grc' dir='ltr'>δόλον</span> <span class='ocrx_word' id='word_1_458' title='bbox 3052 3883 3242 3936; x_wconf 81' lang='grc' dir='ltr'>τοῦτόν</span> <span class='ocrx_word' id='word_1_459' title='bbox 3269 3901 3328 3937; x_wconf 88' lang='grc' dir='ltr'><strong>σε</strong></span> <span class='ocrx_word' id='word_1_460' title='bbox 3354 3886 3592 3955; x_wconf 79' lang='grc' dir='ltr'>ἀγνοεῖν,</span> <span class='ocrx_word' id='word_1_461' title='bbox 3619 3892 3708 3945; x_wconf 76' lang='grc' dir='ltr'>ὅτι</span> 
     </span>
    </p>
   </div>
   <div class='ocr_carea' id='block_1_75' title="bbox 458 3960 2034 4042">
    <p class='ocr_par' dir='ltr' id='par_1_75' title="bbox 458 3960 2030 4032">
     <span class='ocr_line' id='line_1_76' title="bbox 458 3960 2030 4032; baseline 0.006 -21"><span class='ocrx_word' id='word_1_462' title='bbox 458 3971 586 4024; x_wconf 80' lang='lat' dir='ltr'><strong>res;</strong></span> <span class='ocrx_word' id='word_1_463' title='bbox 618 3960 870 4013; x_wconf 91' lang='lat' dir='ltr'><strong>nimirum</strong></span> <span class='ocrx_word' id='word_1_464' title='bbox 926 3961 1069 4029; x_wconf 91' lang='lat' dir='ltr'><strong>quod</strong></span> <span class='ocrx_word' id='word_1_465' title='bbox 1121 3962 1187 4015; x_wconf 89' lang='lat' dir='ltr'><strong>ad</strong></span> <span class='ocrx_word' id='word_1_466' title='bbox 1225 3974 1434 4032; x_wconf 87' lang='lat' dir='ltr'><strong>tempus</strong></span> <span class='ocrx_word' id='word_1_467' title='bbox 1487 3981 1606 4020; x_wconf 83' lang='lat' dir='ltr'><strong>sese</strong></span> <span class='ocrx_word' id='word_1_468' title='bbox 1640 3967 1888 4020; x_wconf 87' lang='lat' dir='ltr'><strong>dividunt</strong></span> <span class='ocrx_word' id='word_1_469' title='bbox 1921 3969 2030 4021; x_wconf 74' lang='lat' dir='ltr'><strong>dae-</strong></span> 
     </span>
    </p>
   </div>
   <div class='ocr_carea' id='block_1_76' title="bbox 2136 3960 3707 4042">
    <p class='ocr_par' dir='ltr' id='par_1_76' title="bbox 2136 3971 3707 4042">
     <span class='ocr_line' id='line_1_77' title="bbox 2136 3971 3707 4042; baseline 0.005 -17"><span class='ocrx_word' id='word_1_470' title='bbox 2136 3975 2189 4026; x_wconf 78' lang='grc' dir='ltr'>ἐν</span> <span class='ocrx_word' id='word_1_471' title='bbox 2221 3971 2396 4042; x_wconf 82' lang='grc' dir='ltr'>καιρῷ</span> <span class='ocrx_word' id='word_1_472' title='bbox 2426 3971 2736 4042; x_wconf 78' lang='grc' dir='ltr'>μερίζονται</span> <span class='ocrx_word' id='word_1_473' title='bbox 2764 3973 2991 4035; x_wconf 77' lang='grc' dir='ltr'>ἑαυτοὺς</span> <span class='ocrx_word' id='word_1_474' title='bbox 3029 3974 3078 4024; x_wconf 80' lang='grc' dir='ltr'>οἱ</span> <span class='ocrx_word' id='word_1_475' title='bbox 3107 3972 3376 4042; x_wconf 86' lang='grc' dir='ltr'>δαίμονες,</span> <span class='ocrx_word' id='word_1_476' title='bbox 3406 3979 3499 4028; x_wconf 80' lang='grc' dir='ltr'><strong>καὶ</strong></span> <span class='ocrx_word' id='word_1_477' title='bbox 3525 3982 3574 4032; x_wconf 79' lang='grc' dir='ltr'>εὶ</span> <span class='ocrx_word' id='word_1_478' title='bbox 3613 3981 3707 4033; x_wconf 77' lang='grc' dir='ltr'><strong>δό-</strong></span> 
     </span>
    </p>
   </div>
   <div class='ocr_carea' id='block_1_77' title="bbox 457 4050 2034 4140">
    <p class='ocr_par' dir='ltr' id='par_1_77' title="bbox 457 4050 2027 4122">
     <span class='ocr_line' id='line_1_78' title="bbox 457 4050 2027 4122; baseline 0.004 -20"><span class='ocrx_word' id='word_1_479' title='bbox 457 4065 670 4109; x_wconf 87' lang='lat' dir='ltr'><strong>mones.</strong></span> <span class='ocrx_word' id='word_1_480' title='bbox 706 4050 859 4120; x_wconf 86' lang='lat' dir='ltr'><strong>sique</strong></span> <span class='ocrx_word' id='word_1_481' title='bbox 912 4053 1174 4105; x_wconf 79' lang='lat' dir='ltr'><strong>auxilium</strong></span> <span class='ocrx_word' id='word_1_482' title='bbox 1221 4055 1569 4122; x_wconf 74' lang='lat' dir='ltr'><strong>quaareudum</strong></span> <span class='ocrx_word' id='word_1_483' title='bbox 1603 4059 1904 4119; x_wconf 88' lang='lat' dir='ltr'><strong>censueris,</strong></span> <span class='ocrx_word' id='word_1_484' title='bbox 1939 4058 2027 4110; x_wconf 88' lang='lat' dir='ltr'><strong>in-</strong></span> 
     </span>
    </p>
   </div>
   <div class='ocr_carea' id='block_1_78' title="bbox 2136 4050 3710 4140">
    <p class='ocr_par' dir='ltr' id='par_1_78' title="bbox 2136 4063 3710 4140">
     <span class='ocr_line' id='line_1_79' title="bbox 2136 4063 3710 4140; baseline 0.003 -22"><span class='ocrx_word' id='word_1_485' title='bbox 2136 4065 2225 4134; x_wconf 81' lang='grc' dir='ltr'>ξης</span> <span class='ocrx_word' id='word_1_486' title='bbox 2254 4065 2505 4135; x_wconf 84' lang='grc' dir='ltr'>βοήθειαν</span> <span class='ocrx_word' id='word_1_487' title='bbox 2527 4063 2823 4133; x_wconf 73' lang='grc' dir='ltr'>ἐπιζητεῖν,</span> <span class='ocrx_word' id='word_1_488' title='bbox 2852 4063 3084 4116; x_wconf 83' lang='grc' dir='ltr'>εἰσίασιν</span> <span class='ocrx_word' id='word_1_489' title='bbox 3107 4065 3156 4116; x_wconf 79' lang='grc' dir='ltr'><strong>οἱ</strong></span> <span class='ocrx_word' id='word_1_490' title='bbox 3184 4065 3359 4119; x_wconf 75' lang='grc' dir='ltr'>λοιποὶ</span> <span class='ocrx_word' id='word_1_491' title='bbox 3391 4070 3448 4120; x_wconf 84' lang='grc' dir='ltr'>ὲν</span> <span class='ocrx_word' id='word_1_492' title='bbox 3482 4072 3710 4140; x_wconf 68' lang='grc' dir='ltr'>σχήμα-</span> 
     </span>
    </p>
   </div>
   <div class='ocr_carea' id='block_1_79' title="bbox 463 4139 2034 4227">
    <p class='ocr_par' dir='ltr' id='par_1_79' title="bbox 463 4139 2026 4215">
     <span class='ocr_line' id='line_1_80' title="bbox 463 4139 2026 4215; baseline 0.005 -25"><span class='ocrx_word' id='word_1_493' title='bbox 463 4147 609 4192; x_wconf 89' lang='lat' dir='ltr'><strong>trant</strong></span> <span class='ocrx_word' id='word_1_494' title='bbox 636 4139 826 4208; x_wconf 86' lang='lat' dir='ltr'><strong>reliqui</strong></span> <span class='ocrx_word' id='word_1_495' title='bbox 861 4141 1118 4208; x_wconf 80' lang='lat' dir='ltr'><strong>angelicis</strong></span> <span class='ocrx_word' id='word_1_496' title='bbox 1173 4143 1225 4194; x_wconf 92' lang='lat' dir='ltr'><strong>in</strong></span> <span class='ocrx_word' id='word_1_497' title='bbox 1275 4143 1484 4209; x_wconf 91' lang='lat' dir='ltr'><strong>formis,</strong></span> <span class='ocrx_word' id='word_1_498' title='bbox 1544 4147 1858 4215; x_wconf 82' lang='lat' dir='ltr'><strong>expellendo</strong></span> <span class='ocrx_word' id='word_1_499' title='bbox 1915 4147 2026 4214; x_wconf 81' lang='lat' dir='ltr'><strong>pri-</strong></span> 
     </span>
    </p>
   </div>
   <div class='ocr_carea' id='block_1_80' title="bbox 2136 4139 3712 4227">
    <p class='ocr_par' dir='ltr' id='par_1_80' title="bbox 2136 4139 3712 4227">
     <span class='ocr_line' id='line_1_81' title="bbox 2136 4139 3712 4227; baseline -0.001 -22"><span class='ocrx_word' id='word_1_500' title='bbox 2136 4170 2217 4205; x_wconf 84' lang='grc' dir='ltr'><strong>σιν</strong></span> <span class='ocrx_word' id='word_1_501' title='bbox 2257 4154 2568 4220; x_wconf 78' lang='grc' dir='ltr'>ἀγγελικοῖς</span> <span class='ocrx_word' id='word_1_502' title='bbox 2607 4155 2730 4215; x_wconf 73' lang='grc' dir='ltr'>τοὺς</span> <span class='ocrx_word' id='word_1_503' title='bbox 2763 4152 3013 4221; x_wconf 81' lang='grc' dir='ltr'>πρώτους</span> <span class='ocrx_word' id='word_1_504' title='bbox 3043 4152 3436 4219; x_wconf 76' lang='grc' dir='ltr'>ἐξελαύνοντες,</span> <span class='ocrx_word' id='word_1_505' title='bbox 3643 4161 3712 4212; x_wconf 68' lang='grc' dir='ltr'>τὸ</span> 
     </span>
    </p>
   </div>
   <div class='ocr_carea' id='block_1_81' title="bbox 467 4232 2034 4319">
    <p class='ocr_par' dir='ltr' id='par_1_81' title="bbox 467 4232 2028 4307">
     <span class='ocr_line' id='line_1_82' title="bbox 467 4232 2028 4307; baseline 0.007 -27"><span class='ocrx_word' id='word_1_506' title='bbox 467 4243 609 4290; x_wconf 89' lang='lat' dir='ltr'><strong>mos,</strong></span> <span class='ocrx_word' id='word_1_507' title='bbox 651 4245 760 4297; x_wconf 92' lang='lat' dir='ltr'><strong>quo</strong></span> <span class='ocrx_word' id='word_1_508' title='bbox 813 4241 868 4283; x_wconf 92' lang='lat' dir='ltr'><strong>tu</strong></span> <span class='ocrx_word' id='word_1_509' title='bbox 925 4232 1212 4298; x_wconf 86' lang='lat' dir='ltr'><strong>decipiaris</strong></span> <span class='ocrx_word' id='word_1_510' title='bbox 1253 4234 1323 4286; x_wconf 90' lang='lat' dir='ltr'><strong>ab</strong></span> <span class='ocrx_word' id='word_1_511' title='bbox 1375 4236 1527 4304; x_wconf 87' lang='lat' dir='ltr'><strong>ipsis,</strong></span> <span class='ocrx_word' id='word_1_512' title='bbox 1553 4237 1846 4306; x_wconf 85' lang='lat' dir='ltr'><strong>judicando</strong></span> <span class='ocrx_word' id='word_1_513' title='bbox 1885 4239 2028 4307; x_wconf 83' lang='lat' dir='ltr'><strong>quod</strong></span> 
     </span>
    </p>
   </div>
   <div class='ocr_carea' id='block_1_82' title="bbox 2136 4232 3710 4319">
    <p class='ocr_par' dir='ltr' id='par_1_82' title="bbox 2136 4242 3710 4319">
     <span class='ocr_line' id='line_1_83' title="bbox 2136 4242 3710 4319; baseline 0.006 -25"><span class='ocrx_word' id='word_1_514' title='bbox 2136 4261 2190 4295; x_wconf 89' lang='grc' dir='ltr'><strong>σε</strong></span> <span class='ocrx_word' id='word_1_515' title='bbox 2242 4242 2614 4307; x_wconf 75' lang='grc' dir='ltr'>ἐξαπατᾶσθαι</span> <span class='ocrx_word' id='word_1_516' title='bbox 2671 4242 2762 4294; x_wconf 83' lang='grc' dir='ltr'>ὑπ’</span> <span class='ocrx_word' id='word_1_517' title='bbox 2795 4243 2995 4308; x_wconf 81' lang='grc' dir='ltr'>αὐτῶν,</span> <span class='ocrx_word' id='word_1_518' title='bbox 3045 4247 3111 4314; x_wconf 79' lang='grc' dir='ltr'>τῇ</span> <span class='ocrx_word' id='word_1_519' title='bbox 3163 4246 3374 4316; x_wconf 83' lang='grc' dir='ltr'>γνώμῃ,</span> <span class='ocrx_word' id='word_1_520' title='bbox 3417 4248 3496 4311; x_wconf 83' lang='grc' dir='ltr'>ὡς</span> <span class='ocrx_word' id='word_1_521' title='bbox 3539 4250 3710 4319; x_wconf 83' lang='grc' dir='ltr'>δῆθεν</span> 
     </span>
    </p>
   </div>
   <div class='ocr_carea' id='block_1_83' title="bbox 462 4318 2034 4414">
    <p class='ocr_par' dir='ltr' id='par_1_83' title="bbox 462 4318 1347 4390">
     <span class='ocr_line' id='line_1_84' title="bbox 462 4318 1347 4390; baseline 0.012 -23"><span class='ocrx_word' id='word_1_522' title='bbox 462 4318 713 4372; x_wconf 85' lang='lat' dir='ltr'><strong>videlicet</strong></span> <span class='ocrx_word' id='word_1_523' title='bbox 737 4318 912 4374; x_wconf 90' lang='lat' dir='ltr'><strong>forent</strong></span> <span class='ocrx_word' id='word_1_524' title='bbox 952 4324 1124 4390; x_wconf 83' lang='lat' dir='ltr'><strong>angeli</strong></span> <span class='ocrx_word' id='word_1_525' title='bbox 1157 4326 1347 4378; x_wconf 87' lang='lat' dir='ltr'><strong>sancti.</strong></span> 
     </span>
    </p>
   </div>
   <div class='ocr_carea' id='block_1_84' title="bbox 2136 4318 2789 4414">
    <p class='ocr_par' dir='ltr' id='par_1_84' title="bbox 2137 4334 2789 4403">
     <span class='ocr_line' id='line_1_85' title="bbox 2137 4334 2789 4403; baseline 0.003 -16"><span class='ocrx_word' id='word_1_526' title='bbox 2137 4335 2308 4403; x_wconf 81' lang='grc' dir='ltr'>ἁγίων</span> <span class='ocrx_word' id='word_1_527' title='bbox 2333 4335 2499 4386; x_wconf 68' lang='grc' dir='ltr'>ὄντων</span> <span class='ocrx_word' id='word_1_528' title='bbox 2525 4334 2789 4401; x_wconf 79' lang='grc' dir='ltr'>ἀγγέλων.</span> 
     </span>
    </p>
   </div>
   <div class='ocr_carea' id='block_1_85' title="bbox 1007 4431 3115 4517">
    <p class='ocr_par' dir='ltr' id='par_1_85' title="bbox 1007 4431 3115 4517">
     <span class='ocr_line' id='line_1_86' title="bbox 1007 4431 3115 4517; baseline 0.009 -33"><span class='ocrx_word' id='word_1_529' title='bbox 1007 4431 1236 4486; x_wconf 80' lang='lat' dir='ltr'><strong>CAPUT</strong></span> <span class='ocrx_word' id='word_1_530' title='bbox 1285 4435 1465 4489; x_wconf 70' lang='lat' dir='ltr'><strong>XCVI.</strong></span> <span class='ocrx_word' id='word_1_531' title='bbox 2709 4449 2956 4502; x_wconf 70' lang='grc' dir='ltr'><strong>ΚΕΦΑΑ.</strong></span> <span class='ocrx_word' id='word_1_532' title='bbox 2985 4453 3115 4517; x_wconf 58' lang='grc' dir='ltr'>ις’,</span> 
     </span>
    </p>
   </div>
   <div class='ocr_carea' id='block_1_86' title="bbox 529 4537 2034 4632">
    <p class='ocr_par' dir='ltr' id='par_1_86' title="bbox 529 4537 2028 4610">
     <span class='ocr_line' id='line_1_87' title="bbox 529 4537 2028 4610; baseline 0.009 -19"><span class='ocrx_word' id='word_1_533' title='bbox 529 4537 711 4592; x_wconf 65' lang='lat' dir='ltr'><strong>Multae</strong></span> <span class='ocrx_word' id='word_1_534' title='bbox 757 4540 1044 4594; x_wconf 86' lang='lat' dir='ltr'><strong>humilitati</strong></span> <span class='ocrx_word' id='word_1_535' title='bbox 1100 4558 1161 4598; x_wconf 91' lang='lat' dir='ltr'><strong>ac</strong></span> <span class='ocrx_word' id='word_1_536' title='bbox 1207 4545 1551 4610; x_wconf 71' lang='lat' dir='ltr'><strong>generositati</strong></span> <span class='ocrx_word' id='word_1_537' title='bbox 1609 4548 1782 4610; x_wconf 86' lang='lat' dir='ltr'><strong>stude,</strong></span> <span class='ocrx_word' id='word_1_538' title='bbox 1838 4556 1892 4602; x_wconf 89' lang='lat' dir='ltr'><strong>et</strong></span> <span class='ocrx_word' id='word_1_539' title='bbox 1942 4549 2028 4603; x_wconf 51' lang='lat' dir='ltr'><strong>in-t</strong></span> 
     </span>
    </p>
   </div>
   <div class='ocr_carea' id='block_1_87' title="bbox 2136 4537 3704 4632">
    <p class='ocr_par' dir='ltr' id='par_1_87' title="bbox 2204 4553 3704 4632">
     <span class='ocr_line' id='line_1_88' title="bbox 2204 4553 3704 4632; baseline 0.003 -22"><span class='ocrx_word' id='word_1_540' title='bbox 2204 4553 2717 4629; x_wconf 73' lang='grc' dir='ltr'>Ταπεινοφροσύνης</span> <span class='ocrx_word' id='word_1_541' title='bbox 2763 4559 2960 4629; x_wconf 82' lang='grc' dir='ltr'>πολλῆς</span> <span class='ocrx_word' id='word_1_542' title='bbox 3003 4560 3350 4632; x_wconf 73' lang='grc' dir='ltr'>ἐπιμέλὴσαι,</span> <span class='ocrx_word' id='word_1_543' title='bbox 3381 4561 3475 4614; x_wconf 80' lang='grc' dir='ltr'><strong>καὶ</strong></span> <span class='ocrx_word' id='word_1_544' title='bbox 3515 4562 3577 4614; x_wconf 76' lang='grc' dir='ltr'>οὐ</span> <span class='ocrx_word' id='word_1_545' title='bbox 3630 4564 3704 4632; x_wconf 77' lang='grc' dir='ltr'>μή</span> 
     </span>
    </p>
   </div>
   <div class='ocr_carea' id='block_1_88' title="bbox 463 4631 2034 4721">
    <p class='ocr_par' dir='ltr' id='par_1_88' title="bbox 463 4631 2031 4705">
     <span class='ocr_line' id='line_1_89' title="bbox 463 4631 2031 4705; baseline 0.006 -21"><span class='ocrx_word' id='word_1_546' title='bbox 463 4631 638 4684; x_wconf 77' lang='lat' dir='ltr'><strong>sultus</strong></span> <span class='ocrx_word' id='word_1_547' title='bbox 670 4631 976 4686; x_wconf 70' lang='lat' dir='ltr'><strong>daemonum</strong></span> <span class='ocrx_word' id='word_1_548' title='bbox 1012 4635 1248 4688; x_wconf 87' lang='lat' dir='ltr'><strong>animam</strong></span> <span class='ocrx_word' id='word_1_549' title='bbox 1282 4646 1427 4688; x_wconf 86' lang='lat' dir='ltr'><strong>luam</strong></span> <span class='ocrx_word' id='word_1_550' title='bbox 1465 4653 1569 4691; x_wconf 94' lang='lat' dir='ltr'><strong>non</strong></span> <span class='ocrx_word' id='word_1_551' title='bbox 1595 4639 1892 4705; x_wconf 81' lang='lat' dir='ltr'><strong>continget,</strong></span> <span class='ocrx_word' id='word_1_552' title='bbox 1938 4656 2031 4693; x_wconf 90' lang='lat' dir='ltr'><strong>ne-</strong></span> 
     </span>
    </p>
   </div>
   <div class='ocr_carea' id='block_1_89' title="bbox 2136 4631 3710 4721">
    <p class='ocr_par' dir='ltr' id='par_1_89' title="bbox 2139 4649 3710 4721">
     <span class='ocr_line' id='line_1_90' title="bbox 2139 4649 3710 4721; baseline 0.002 -19"><span class='ocrx_word' id='word_1_553' title='bbox 2139 4665 2230 4702; x_wconf 88' lang='grc' dir='ltr'><strong>σου</strong></span> <span class='ocrx_word' id='word_1_554' title='bbox 2284 4649 2552 4717; x_wconf 84' lang='grc' dir='ltr'>δαιμόνων</span> <span class='ocrx_word' id='word_1_555' title='bbox 2603 4651 2838 4720; x_wconf 78' lang='grc' dir='ltr'>ἐπήρεια</span> <span class='ocrx_word' id='word_1_556' title='bbox 2879 4651 3190 4720; x_wconf 70' lang='grc' dir='ltr'>καθάψηται</span> <span class='ocrx_word' id='word_1_557' title='bbox 3237 4653 3334 4720; x_wconf 78' lang='grc' dir='ltr'>τῆς</span> <span class='ocrx_word' id='word_1_558' title='bbox 3373 4651 3574 4721; x_wconf 67' lang='grc' dir='ltr'>ψυχῆς,</span> <span class='ocrx_word' id='word_1_559' title='bbox 3611 4654 3710 4705; x_wconf 77' lang='grc' dir='ltr'><strong>καὶ</strong></span> 
     </span>
    </p>
   </div>
   <div class='ocr_carea' id='block_1_90' title="bbox 461 4723 2034 4811">
    <p class='ocr_par' dir='ltr' id='par_1_90' title="bbox 461 4723 2032 4795">
     <span class='ocr_line' id='line_1_91' title="bbox 461 4723 2032 4795; baseline 0.005 -22"><span class='ocrx_word' id='word_1_560' title='bbox 461 4737 572 4792; x_wconf 89' lang='lat' dir='ltr'><strong>quo</strong></span> <span class='ocrx_word' id='word_1_561' title='bbox 634 4723 898 4791; x_wconf 78' lang='lat' dir='ltr'><strong>flagellum</strong></span> <span class='ocrx_word' id='word_1_562' title='bbox 980 4727 1429 4795; x_wconf 62' lang='lat' dir='ltr'><strong>approltinquabit</strong></span> <span class='ocrx_word' id='word_1_563' title='bbox 1507 4729 1852 4784; x_wconf 87' lang='lat' dir='ltr'><strong>tabernacqu</strong></span> <span class='ocrx_word' id='word_1_564' title='bbox 1921 4740 2032 4792; x_wconf 88' lang='lat' dir='ltr'><strong>tuo,</strong></span> 
     </span>
    </p>
   </div>
   <div class='ocr_carea' id='block_1_91' title="bbox 2136 4723 3710 4811">
    <p class='ocr_par' dir='ltr' id='par_1_91' title="bbox 2140 4741 3710 4811">
     <span class='ocr_line' id='line_1_92' title="bbox 2140 4741 3710 4811; baseline 0.011 -19"><span class='ocrx_word' id='word_1_565' title='bbox 2140 4741 2334 4810; x_wconf 75' lang='grc' dir='ltr'>μάστιξ</span> <span class='ocrx_word' id='word_1_566' title='bbox 2368 4743 2468 4793; x_wconf 71' lang='grc' dir='ltr'>οὐκ</span> <span class='ocrx_word' id='word_1_567' title='bbox 2491 4743 2664 4808; x_wconf 80' lang='grc' dir='ltr'>ἐγγιεῖ</span> <span class='ocrx_word' id='word_1_568' title='bbox 2698 4743 2772 4811; x_wconf 84' lang='grc' dir='ltr'>τῷ</span> <span class='ocrx_word' id='word_1_569' title='bbox 2799 4744 3112 4811; x_wconf 80' lang='grc' dir='ltr'>σκηνῶματί</span> <span class='ocrx_word' id='word_1_570' title='bbox 3144 4761 3257 4806; x_wconf 85' lang='grc' dir='ltr'>σου,</span> <span class='ocrx_word' id='word_1_571' title='bbox 3283 4745 3362 4796; x_wconf 80' lang='grc' dir='ltr'><strong>ὅτι</strong></span> <span class='ocrx_word' id='word_1_572' title='bbox 3395 4747 3506 4806; x_wconf 80' lang='grc' dir='ltr'>τοῖς</span> <span class='ocrx_word' id='word_1_573' title='bbox 3534 4746 3710 4811; x_wconf 75' lang='grc' dir='ltr'>ἀγγέ-</span> 
     </span>
    </p>
   </div>
   <div class='ocr_carea' id='block_1_92' title="bbox 461 4813 2034 4905">
    <p class='ocr_par' dir='ltr' id='par_1_92' title="bbox 461 4813 2022 4884">
     <span class='ocr_line' id='line_1_93' title="bbox 461 4813 2022 4884; baseline 0.006 -21"><span class='ocrx_word' id='word_1_574' title='bbox 461 4813 586 4881; x_wconf 87' lang='lat' dir='ltr'><strong>quia</strong></span> <span class='ocrx_word' id='word_1_575' title='bbox 618 4813 822 4881; x_wconf 81' lang='lat' dir='ltr'><strong>angelis</strong></span> <span class='ocrx_word' id='word_1_576' title='bbox 850 4814 967 4868; x_wconf 86' lang='lat' dir='ltr'><strong>suis</strong></span> <span class='ocrx_word' id='word_1_577' title='bbox 1002 4818 1359 4871; x_wconf 87' lang='lat' dir='ltr'><strong>mandavitde</strong></span> <span class='ocrx_word' id='word_1_578' title='bbox 1379 4827 1449 4884; x_wconf 89' lang='lat' dir='ltr'><strong>te,</strong></span> <span class='ocrx_word' id='word_1_579' title='bbox 1473 4829 1530 4872; x_wconf 85' lang='lat' dir='ltr'><strong>ut</strong></span> <span class='ocrx_word' id='word_1_580' title='bbox 1552 4821 1860 4873; x_wconf 82' lang='lat' dir='ltr'><strong>custodiant</strong></span> <span class='ocrx_word' id='word_1_581' title='bbox 1887 4830 1936 4873; x_wconf 92' lang='lat' dir='ltr'><strong>Ie</strong></span> <span class='ocrx_word' id='word_1_582' title='bbox 1957 4822 2022 4883; x_wconf 78' lang='lat'><strong>&quot;,</strong></span> 
     </span>
    </p>
   </div>
   <div class='ocr_carea' id='block_1_93' title="bbox 2136 4813 3705 4905">
    <p class='ocr_par' dir='ltr' id='par_1_93' title="bbox 2136 4831 3705 4905">
     <span class='ocr_line' id='line_1_94' title="bbox 2136 4831 3705 4905; baseline 0.003 -23"><span class='ocrx_word' id='word_1_583' title='bbox 2136 4833 2246 4894; x_wconf 87' lang='grc' dir='ltr'>λοις</span> <span class='ocrx_word' id='word_1_584' title='bbox 2278 4831 2443 4884; x_wconf 77' lang='grc' dir='ltr'>αὐτοῦ</span> <span class='ocrx_word' id='word_1_585' title='bbox 2493 4833 2784 4886; x_wconf 82' lang='grc' dir='ltr'>ἐντελεῖται</span> <span class='ocrx_word' id='word_1_586' title='bbox 2836 4835 2966 4905; x_wconf 70' lang='grc' dir='ltr'>περὶ</span> <span class='ocrx_word' id='word_1_587' title='bbox 2999 4835 3092 4887; x_wconf 81' lang='grc' dir='ltr'><strong>σοῦ</strong></span> <span class='ocrx_word' id='word_1_588' title='bbox 3133 4836 3225 4887; x_wconf 83' lang='grc' dir='ltr'><strong>τοῦ</strong></span> <span class='ocrx_word' id='word_1_589' title='bbox 3263 4836 3589 4903; x_wconf 65' lang='grc' dir='ltr'>διαφυλάξαι</span> <span class='ocrx_word' id='word_1_590' title='bbox 3627 4851 3705 4896; x_wconf 88' lang='grc' dir='ltr'><strong>σε,</strong></span> 
     </span>
    </p>
   </div>
   <div class='ocr_carea' id='block_1_94' title="bbox 460 4902 3710 4996">
    <p class='ocr_par' dir='ltr' id='par_1_94' title="bbox 460 4902 3710 4996">
     <span class='ocr_line' id='line_1_95' title="bbox 460 4902 3710 4996; baseline 0.003 -40"><span class='ocrx_word' id='word_1_591' title='bbox 460 4911 514 4957; x_wconf 85' lang='lat' dir='ltr'><strong>et</strong></span> <span class='ocrx_word' id='word_1_592' title='bbox 562 4902 902 4959; x_wconf 86' lang='lat' dir='ltr'><strong>invisibiliter</strong></span> <span class='ocrx_word' id='word_1_593' title='bbox 928 4907 1148 4977; x_wconf 83' lang='lat' dir='ltr'><strong>abigant</strong></span> <span class='ocrx_word' id='word_1_594' title='bbox 1177 4924 1208 4962; x_wconf 87' lang='lat' dir='ltr'><strong>a</strong></span> <span class='ocrx_word' id='word_1_595' title='bbox 1249 4918 1298 4963; x_wconf 85' lang='lat' dir='ltr'><strong>te</strong></span> <span class='ocrx_word' id='word_1_596' title='bbox 1327 4925 1542 4964; x_wconf 88' lang='lat' dir='ltr'><strong>omnem</strong></span> <span class='ocrx_word' id='word_1_597' title='bbox 1571 4913 1871 4980; x_wconf 90' lang='lat' dir='ltr'><strong>oppositam</strong></span> <span class='ocrx_word' id='word_1_598' title='bbox 1895 4928 2027 4982; x_wconf 82' lang='lat' dir='ltr'><strong>ope-</strong></span> <span class='ocrx_word' id='word_1_599' title='bbox 2137 4926 2228 4978; x_wconf 60' lang='grc' dir='ltr'><strong>καὶ</strong></span> <span class='ocrx_word' id='word_1_600' title='bbox 2251 4925 2472 4992; x_wconf 74' lang='grc' dir='ltr'>ἀφανῶς</span> <span class='ocrx_word' id='word_1_601' title='bbox 2503 4924 2722 4978; x_wconf 71' lang='grc' dir='ltr'>ἅπασαν</span> <span class='ocrx_word' id='word_1_602' title='bbox 2757 4925 2855 4996; x_wconf 73' lang='grc' dir='ltr'><strong>τὴν</strong></span> <span class='ocrx_word' id='word_1_603' title='bbox 2887 4902 3270 4996; x_wconf 63' lang='grc' dir='ltr'><strong>ἀντικειμένην</strong></span> <span class='ocrx_word' id='word_1_604' title='bbox 3300 4902 3580 4996; x_wconf 67' lang='grc' dir='ltr'>ἐνέργειαν</span> <span class='ocrx_word' id='word_1_605' title='bbox 3614 4929 3710 4978; x_wconf 62' lang='grc' dir='ltr'><strong>ἐκ-</strong></span> 
     </span>
    </p>
   </div>
   <div class='ocr_carea' id='block_1_95' title="bbox 461 4994 2034 5080">
    <p class='ocr_par' dir='ltr' id='par_1_95' title="bbox 461 4994 748 5048">
     <span class='ocr_line' id='line_1_96' title="bbox 461 4994 748 5048; baseline 0.007 -2"><span class='ocrx_word' id='word_1_606' title='bbox 461 4994 748 5048; x_wconf 91' lang='lat' dir='ltr'><strong>rationem.</strong></span> 
     </span>
    </p>
   </div>
   <div class='ocr_carea' id='block_1_96' title="bbox 2136 4994 2694 5080">
    <p class='ocr_par' dir='ltr' id='par_1_96' title="bbox 2136 5016 2694 5080">
     <span class='ocr_line' id='line_1_97' title="bbox 2136 5016 2694 5080; baseline 0 -11"><span class='ocrx_word' id='word_1_607' title='bbox 2136 5016 2415 5080; x_wconf 80' lang='grc' dir='ltr'>διώξουσιν</span> <span class='ocrx_word' id='word_1_608' title='bbox 2443 5017 2548 5068; x_wconf 84' lang='grc' dir='ltr'><strong>ἀπὸ</strong></span> <span class='ocrx_word' id='word_1_609' title='bbox 2581 5016 2694 5069; x_wconf 86' lang='grc' dir='ltr'><strong>σοῦ.</strong></span> 
     </span>
    </p>
   </div>
   <div class='ocr_carea' id='block_1_97' title="bbox 991 5108 2034 5196">
    <p class='ocr_par' dir='ltr' id='par_1_97' title="bbox 991 5108 1486 5169">
     <span class='ocr_line' id='line_1_98' title="bbox 991 5108 1486 5169; baseline 0.006 -4"><span class='ocrx_word' id='word_1_610' title='bbox 991 5108 1218 5168; x_wconf 77' lang='lat' dir='ltr'><strong>CAPUT</strong></span> <span class='ocrx_word' id='word_1_611' title='bbox 1282 5115 1486 5169; x_wconf 78' lang='lat' dir='ltr'><strong>XCVII.</strong></span> 
     </span>
    </p>
   </div>
   <div class='ocr_carea' id='block_1_98' title="bbox 2136 5108 3134 5196">
    <p class='ocr_par' dir='ltr' id='par_1_98' title="bbox 2735 5125 3134 5196">
     <span class='ocr_line' id='line_1_99' title="bbox 2735 5125 3134 5196; baseline 0.013 -17"><span class='ocrx_word' id='word_1_612' title='bbox 2735 5125 2983 5182; x_wconf 79' lang='grc' dir='ltr'><strong>ΚΕΦΑΛ.</strong></span> <span class='ocrx_word' id='word_1_613' title='bbox 3022 5133 3134 5196; x_wconf 72' lang='lat' dir='ltr'><strong>t,z&#39;.</strong></span> 
     </span>
    </p>
   </div>
   <div class='ocr_carea' id='block_1_99' title="bbox 529 5223 2034 5309">
    <p class='ocr_par' dir='ltr' id='par_1_99' title="bbox 529 5223 2030 5303">
     <span class='ocr_line' id='line_1_100' title="bbox 529 5223 2030 5303; baseline 0.011 -27"><span class='ocrx_word' id='word_1_614' title='bbox 529 5223 632 5289; x_wconf 84' lang='lat' dir='ltr'><strong>Qui</strong></span> <span class='ocrx_word' id='word_1_615' title='bbox 661 5225 896 5279; x_wconf 88' lang='lat' dir='ltr'><strong>orationi</strong></span> <span class='ocrx_word' id='word_1_616' title='bbox 924 5227 1016 5280; x_wconf 90' lang='lat' dir='ltr'><strong>dat</strong></span> <span class='ocrx_word' id='word_1_617' title='bbox 1043 5243 1267 5297; x_wconf 91' lang='lat' dir='ltr'><strong>operam</strong></span> <span class='ocrx_word' id='word_1_618' title='bbox 1305 5231 1489 5284; x_wconf 88' lang='lat' dir='ltr'><strong>audiet</strong></span> <span class='ocrx_word' id='word_1_619' title='bbox 1521 5232 1736 5302; x_wconf 90' lang='lat' dir='ltr'><strong>quidem</strong></span> <span class='ocrx_word' id='word_1_620' title='bbox 1768 5236 2030 5303; x_wconf 87' lang='lat' dir='ltr'><strong>strepitus</strong></span> 
     </span>
    </p>
   </div>
   <div class='ocr_carea' id='block_1_100' title="bbox 2136 5223 3712 5309">
    <p class='ocr_par' dir='ltr' id='par_1_100' title="bbox 2200 5239 3712 5309">
     <span class='ocr_line' id='line_1_101' title="bbox 2200 5239 3712 5309; baseline 0 -16"><span class='ocrx_word' id='word_1_621' title='bbox 2200 5243 2423 5308; x_wconf 73' lang='grc' dir='ltr'>Ψόφους</span> <span class='ocrx_word' id='word_1_622' title='bbox 2457 5239 2555 5309; x_wconf 79' lang='grc' dir='ltr'>μὲν</span> <span class='ocrx_word' id='word_1_623' title='bbox 2585 5239 2679 5292; x_wconf 82' lang='grc' dir='ltr'><strong>καὶ</strong></span> <span class='ocrx_word' id='word_1_624' title='bbox 2705 5239 2944 5303; x_wconf 85' lang='grc' dir='ltr'>κτύπους</span> <span class='ocrx_word' id='word_1_625' title='bbox 2973 5241 3066 5293; x_wconf 74' lang='grc' dir='ltr'><strong>καὶ</strong></span> <span class='ocrx_word' id='word_1_626' title='bbox 3092 5241 3271 5308; x_wconf 79' lang='grc' dir='ltr'>φωνὰς</span> <span class='ocrx_word' id='word_1_627' title='bbox 3295 5241 3386 5292; x_wconf 67' lang='grc' dir='ltr'><strong>καὶ</strong></span> <span class='ocrx_word' id='word_1_628' title='bbox 3413 5241 3712 5308; x_wconf 75' lang='grc' dir='ltr'>αἰκισμοὺς</span> 
     </span>
    </p>
   </div>
   <div class='ocr_carea' id='block_1_101' title="bbox 463 5314 2034 5398">
    <p class='ocr_par' dir='ltr' id='par_1_101' title="bbox 463 5314 2031 5395">
     <span class='ocr_line' id='line_1_102' title="bbox 463 5314 2031 5395; baseline 0.01 -29"><span class='ocrx_word' id='word_1_629' title='bbox 463 5321 516 5368; x_wconf 90' lang='lat' dir='ltr'><strong>et</strong></span> <span class='ocrx_word' id='word_1_630' title='bbox 553 5314 815 5384; x_wconf 79' lang='lat' dir='ltr'><strong>fragores,</strong></span> <span class='ocrx_word' id='word_1_631' title='bbox 848 5328 901 5371; x_wconf 92' lang='lat' dir='ltr'><strong>et</strong></span> <span class='ocrx_word' id='word_1_632' title='bbox 929 5334 1113 5387; x_wconf 89' lang='lat' dir='ltr'><strong>voces,</strong></span> <span class='ocrx_word' id='word_1_633' title='bbox 1144 5331 1306 5390; x_wconf 88' lang='lat' dir='ltr'><strong>atque</strong></span> <span class='ocrx_word' id='word_1_634' title='bbox 1341 5323 1501 5393; x_wconf 83' lang='lat'><strong>500</strong></span> <span class='ocrx_word' id='word_1_635' title='bbox 1530 5325 1813 5379; x_wconf 89' lang='lat' dir='ltr'><strong>verberum</strong></span> <span class='ocrx_word' id='word_1_636' title='bbox 1848 5328 2031 5395; x_wconf 90' lang='lat' dir='ltr'><strong>pulsa-</strong></span> 
     </span>
    </p>
   </div>
   <div class='ocr_carea' id='block_1_102' title="bbox 2136 5314 3714 5398">
    <p class='ocr_par' dir='ltr' id='par_1_102' title="bbox 2136 5328 3714 5398">
     <span class='ocr_line' id='line_1_103' title="bbox 2136 5328 3714 5398; baseline -0.003 -15"><span class='ocrx_word' id='word_1_637' title='bbox 2136 5333 2197 5383; x_wconf 77' lang='grc' dir='ltr'>ἐκ</span> <span class='ocrx_word' id='word_1_638' title='bbox 2245 5329 2515 5398; x_wconf 82' lang='grc' dir='ltr'>δαιμόνων</span> <span class='ocrx_word' id='word_1_639' title='bbox 2563 5328 2854 5382; x_wconf 83' lang='grc' dir='ltr'>ἀκούσεται</span> <span class='ocrx_word' id='word_1_640' title='bbox 2915 5330 2944 5379; x_wconf 84' lang='grc' dir='ltr'><strong>ὁ</strong></span> <span class='ocrx_word' id='word_1_641' title='bbox 2989 5328 3233 5398; x_wconf 81' lang='grc' dir='ltr'>καθαρᾶς</span> <span class='ocrx_word' id='word_1_642' title='bbox 3275 5328 3714 5396; x_wconf 80' lang='grc' dir='ltr'>ἐπιμελούμενος</span> 
     </span>
    </p>
   </div>
   <div class='ocr_carea' id='block_1_103' title="bbox 464 5406 2034 5493">
    <p class='ocr_par' dir='ltr' id='par_1_103' title="bbox 464 5406 2030 5486">
     <span class='ocr_line' id='line_1_104' title="bbox 464 5406 2030 5486; baseline 0.009 -27"><span class='ocrx_word' id='word_1_643' title='bbox 464 5406 657 5467; x_wconf 88' lang='lat' dir='ltr'><strong>tiones,</strong></span> <span class='ocrx_word' id='word_1_644' title='bbox 689 5408 782 5461; x_wconf 90' lang='lat' dir='ltr'><strong>sed</strong></span> <span class='ocrx_word' id='word_1_645' title='bbox 838 5426 943 5464; x_wconf 91' lang='lat' dir='ltr'><strong>non</strong></span> <span class='ocrx_word' id='word_1_646' title='bbox 987 5414 1256 5477; x_wconf 89' lang='lat' dir='ltr'><strong>concidet,</strong></span> <span class='ocrx_word' id='word_1_647' title='bbox 1293 5431 1464 5486; x_wconf 86' lang='lat' dir='ltr'><strong>neque</strong></span> <span class='ocrx_word' id='word_1_648' title='bbox 1510 5418 1704 5486; x_wconf 88' lang='lat' dir='ltr'><strong>prodet</strong></span> <span class='ocrx_word' id='word_1_649' title='bbox 1736 5419 2030 5473; x_wconf 45' lang='lat' dir='ltr'><strong>ratiocina‘</strong></span> 
     </span>
    </p>
   </div>
   <div class='ocr_carea' id='block_1_104' title="bbox 2136 5406 3715 5493">
    <p class='ocr_par' dir='ltr' id='par_1_104' title="bbox 2136 5419 3715 5493">
     <span class='ocr_line' id='line_1_105' title="bbox 2136 5419 3715 5493; baseline -0.001 -19"><span class='ocrx_word' id='word_1_650' title='bbox 2136 5420 2457 5493; x_wconf 80' lang='grc' dir='ltr'>προσευχῆς,</span> <span class='ocrx_word' id='word_1_651' title='bbox 2493 5419 2629 5473; x_wconf 81' lang='grc' dir='ltr'><strong>ἀλλά</strong></span> <span class='ocrx_word' id='word_1_652' title='bbox 2661 5420 2722 5472; x_wconf 82' lang='grc' dir='ltr'>οὐ</span> <span class='ocrx_word' id='word_1_653' title='bbox 2752 5424 3129 5490; x_wconf 85' lang='grc' dir='ltr'>συμπετεῖται,</span> <span class='ocrx_word' id='word_1_654' title='bbox 3161 5422 3280 5475; x_wconf 75' lang='grc' dir='ltr'>οὐδὲ</span> <span class='ocrx_word' id='word_1_655' title='bbox 3313 5419 3584 5492; x_wconf 81' lang='grc' dir='ltr'>προδώσει</span> <span class='ocrx_word' id='word_1_656' title='bbox 3616 5421 3715 5473; x_wconf 80' lang='grc' dir='ltr'><strong>τὸν</strong></span> 
     </span>
    </p>
   </div>
   <div class='ocr_carea' id='block_1_105' title="bbox 535 5584 1124 5654">
    <p class='ocr_par' dir='ltr' id='par_1_105' title="bbox 535 5584 1124 5654">
     <span class='ocr_line' id='line_1_106' title="bbox 535 5584 1124 5654; baseline 0.008 -16"><span class='ocrx_word' id='word_1_657' title='bbox 535 5584 581 5616; x_wconf 80' lang='grc'><strong><em>⁸⁸</em></strong></span> <span class='ocrx_word' id='word_1_658' title='bbox 614 5584 759 5642; x_wconf 84' lang='lat' dir='ltr'><strong>Psal.</strong></span> <span class='ocrx_word' id='word_1_659' title='bbox 794 5603 879 5652; x_wconf 73' lang='lat' dir='ltr'><strong>xc,</strong></span> <span class='ocrx_word' id='word_1_660' title='bbox 915 5588 1003 5654; x_wconf 78' lang='grc'>10,</span> <span class='ocrx_word' id='word_1_661' title='bbox 1040 5589 1124 5643; x_wconf 85' lang='lat' dir='ltr'><strong>Il.</strong></span> 
     </span>
    </p>
   </div>
  </div>
