3994 6182
330 155 465 218 ιίὃῦ

1687 154 1782 213 DE
1809 154 2215 213 ORATIONE.

3440 159 3574 223 1190

326 261 582 330 ιιογισμὸν
633 259 806 324 λέγων
858 257 991 326 πρὸς
1050 257 1140 309 τὸν
1193 257 1344 308 Θεὸν·
1395 257 1468 308 Οὐ
1522 257 1901 328 φοϐηθήσομαι

2019 261 2232 322 ιίοιιεηι,
2291 260 2474 318 dicens
2499 264 2564 317 ad
2595 264 2800 319 Deum:
2836 265 2960 338 Non,
2983 269 3181 323 timebo
3228 269 3390 336 mala,
3437 285 3567 338 quo.

326 352 491 416 κακὰ,
523 351 606 402 ὅτι
633 350 697 402 σὺ
730 349 847 418 μετ’
881 347 1015 416 ἐμοῦ
1047 345 1114 409 εἴ,
1150 349 1242 399 καὶ
1265 348 1333 399 τὰ
1361 349 1542 415 ὅμοια.

922 458 1177 512 ΚΕΦΑΛ.
1211 460 1334 524 ur.

406 571 494 624 Ἐν
525 569 700 640 καιρῷ
729 569 836 620 τῶν
863 568 1120 622 τοιούτων
1161 569 1509 639 πειρασμῶν,
1547 567 1780 641 βραχείᾳ
1809 572 1900 624 καὶ

324 662 688 733 ἐπιτεταμένῃ
723 665 1001 732 προσευχῇ
1037 661 1296 730 κέχρησο.

929 771 1181 824 ΚΕΦΑΛ.
1211 769 1304 836 de

413 889 536 943 Ἐάν
570 884 910 956 ἁπειλήσωσί
949 899 1030 935 σοι
1075 885 1124 935 οἱ
1156 882 1428 952 δαίμονες,
1466 883 1675 954 ἀθρόως
1713 885 1777 935 ὲκ
1807 883 1900 936 τοῦ

329 984 490 1054 ἀέρος
517 978 930 1054 προφαίνεσθαι,
963 976 1058 1028 καὶ
1084 975 1408 1045 ἐκπλήττειν
1441 993 1520 1039 σε,
1547 976 1637 1027 καὶ
1666 975 1900 1044 διαρπά-

328 1077 444 1140 ζειν
475 1076 567 1128 τὸν
590 1073 715 1128 νοῦν
747 1088 862 1133 σου,
895 1070 927 1139 ἢ
951 1068 1024 1131 ὡς
1045 1068 1210 1138 θῆρες
1231 1069 1433 1121 ἀδικεῖν
1454 1067 1549 1137 τὴν
1577 1069 1753 1136 σάρκα
1783 1083 1898 1129 σου,

331 1164 407 1232 μὴ
459 1162 701 1232 πτοηθῇς
736 1159 954 1221 αὐτοὺς,
989 1156 1123 1225 μηδὲ
1154 1155 1291 1217 ὅλως
1321 1155 1613 1226 φροντίσῃς
1646 1156 1744 1222 τῆς
1777 1153 1901 1206 τού-

329 1272 436 1308 των
463 1253 716 1322 ἀπειλῆς·
739 1246 1032 1318 ἐκφοὸοὖσι
1063 1247 1168 1318 γάρ
1201 1264 1259 1299 σε
1287 1246 1658 1318 πειράζοντες,
1689 1245 1737 1296 εἰ
1767 1245 1902 1307 ὅλως

331 1346 619 1417 προσέχεις
673 1344 880 1405 αὐτοῖς,
942 1341 991 1391 εί
1050 1339 1255 1391 τέλειον
1323 1337 1502 1390 αὐτῶν
1561 1336 1902 1406 κατεφρόνη-

331 1455 450 1502 σας,
479 1439 526 1489 εί
549 1434 667 1505 Θεῷ
697 1432 1115 1502 παντοκράτορι,
1153 1428 1246 1480 καὶ
1285 1425 1620 1497 δημιουργῷ,
1648 1427 1740 1478 καὶ
1766 1442 1900 1495 προ-

329 1530 494 1600 νοητῇ
529 1527 625 1581 τοῦ
661 1524 860 1586 παντὸς
890 1521 1228 1592 παρίστασαι
1255 1521 1311 1570 ὲν
1333 1521 1398 1589 τῇ
1424 1520 1722 1587 προσευχῇ.

941 1735 1192 1788 ΚΕΦΑΛ.
1222 1733 1300 1786 P'.

403 1846 468 1898 Τί
493 1844 662 1909 οὕτως
689 1843 897 1914 ἀλόγως
921 1844 1071 1914 αὐτῷ
1101 1843 1469 1914 παρέστηκας,
1501 1843 1576 1907 ὡς
1601 1843 1895 1914 παρελθόν-

329 1955 396 1989 τα
450 1938 542 1989 τὸν
597 1935 1000 2007 ἀνυπέρϐλητον
1049 1934 1212 1987 αὐτοῦ
1241 1934 1435 2002 φόϐον,
1472 1935 1566 1987 καὶ
1608 1935 1894 2000 κώνωπας,

330 2027 424 2080 καὶ
458 2027 761 2097 κανθάρους
796 2026 1156 2087 δεδίττεσθαις
1188 2026 1220 2096 ἢ
1258 2026 1356 2078 οὐκ
1395 2026 1632 2096 ἤκουσας
1678 2026 1772 2078 τοῦ
1809 2026 1898 2079 λέ-

343 2134 554 2186 γοντος·
570 2139 587 2170 ι
614 2120 820 2189 Κύριον
837 2118 926 2171 τὸν
954 2119 1086 2170 Θεὸν
1105 2135 1198 2170 σου
1226 2117 1532 2188 φοϐηθήσῃς
1559 2136 1577 2167 ι
1602 2117 1696 2169 καὶ
1715 2117 1895 2170 πάλιν·

335 2229 353 2260 ι
389 2211 484 2261 Ὃν
521 2211 730 2280 φρίττει
765 2209 860 2263 καὶ
915 2207 1108 2278 τρέμει
1150 2208 1326 2260 πάντα
1351 2206 1458 2260 ἀπὸ
1485 2205 1775 2277 προσώπου
1801 2206 1898 2275 τῆς

326 2300 609 2370 δυνάμεως
633 2300 830 2365 αὐτοῦς
870 2318 888 2352 ›
922 2299 1104 2352 καὶτὰ
1133 2298 1281 2367 ἑξῆς.

905 2413 1156 2466 ΚΕΦΑΛ.
1194 2412 1315 2466 PA’.

402 2521 611 2592 ’Ὠσπερ
638 2521 666 2572 ὁ
691 2521 854 2592 ἄρτος
881 2523 1053 2591 τροφή
1084 2523 1198 2574 ἐστι
1245 2521 1323 2591 τῷ
1349 2520 1582 2590 σώματι,
1609 2521 1704 2574 καὶ
1729 2521 1898 2592 ἀρετὴ

327 2615 394 2684 τῇ
435 2610 602 2682 ψυχῇ,
643 2611 784 2666 οὕτω
815 2613 907 2665 καὶ
944 2611 1034 2664 τοῦ
1068 2612 1159 2666 νοῦ
1190 2613 1221 2681 ἡ
1249 2611 1591 2682 πνευματικὴ
1623 2612 1898 2682 προσευχὴ

328 2705 502 2775 τροφὴ
538 2705 789 2774 ὑπάρχει.

914 2811 1164 2863 ΚΕΦᾹΛ.
1205 2810 1327 2863 ΡΒ’.

399 2927 488 2996 Μὴ
517 2923 878 2996 φαρισαῖκῶς,
913 2923 1048 2977 ἀλλὰ
1077 2923 1383 2987 τελωνικῶς
1411 2923 1710 2994 προσεύχου
1743 2924 1801 2975 ἐν
1821 2923 1898 2994 τῷ
1924 2965 1966 3024 C

331 3017 461 3086 ἱερῷ
490 3015 638 3085 τόπῳ
663 3014 761 3078 τῆς
787 3014 1113 3084 προσευχῆς,
1145 3012 1231 3064 ἵνα
1261 3013 1356 3065 καὶ
1383 3013 1446 3064 σὺ
1475 3012 1768 3082 δικαιωθῇς
1794 3012 1898 3064 ὑπὸ

328 3111 555 3182 Κυρίου.

921 3205 1175 3273 ΚΕΦΛΛ.
1214 3220 1335 3273 PI“.

413 3313 706 3380 Ἀγωνίζου
741 3313 816 3381 μὴ
847 3310 1209 3374 κατεύξασθαί
1245 3326 1390 3372 τινος
1434 3309 1492 3363 ἐν
1521 3313 1584 3380 τῇ
1619 3313 1896 3382 προσευχῇ

329 3422 447 3466 σου,
482 3403 570 3455 ἵνα
592 3402 666 3472 μὴ
694 3402 728 3454 ἃ.
751 3402 1050 3464 οίκοδοαεῖς
1077 3399 1388 3471 καταλύσῃς
1409 3399 1702 3470 βδελυκτὴν
1729 3401 1898 3454 ποιῶν

328 3493 426 3563 τὴν
459 3493 768 3561 προσευχήν
805 3507 918 3543 σου.

926 3605 1181 3656 ΚΕΦΑΛ.
1209 3601 1326 3657 PA'.

409 3697 468 3749 Ὀ
499 3696 898 3768 χρεωφειλέτης
925 3697 1032 3748 τῶν
1059 3695 1269 3766 μυρίων
1296 3693 1572 3747 ταλάντων
1599 3696 1898 3750 παιδευέτω

331 3805 412 3852 σε,
432 3790 526 3854 ὡς,
562 3790 610 3841 εί
650 3790 724 3860 μὴ
759 3790 974 3860 ἁφήσῃς
998 3788 1076 3859 τῷ
1099 3788 1371 3859 ὀφειλέτῃ,
1403 3786 1523 3839 οὐδὲ
1542 3788 1705 3852 αὐτὸς
1737 3790 1898 3861 τεύξῃ

329 3882 426 3950 τῆς
458 3881 723 3948 ἀφέσεως·
755 3881 1039 3951 παρέδωκε
1076 3880 1204 3950 γάρ,
1242 3877 1425 3950 φησὶν,
1469 3881 1630 3935 αὐτὸν
1658 3884 1769 3945 τοῖς
1799 3881 1900 3952 βα-

329 3974 626 4033 σανισταῖς.

926 4081 1178 4135 ΚΕΦΑΛ.
1209 4082 1331 4137 PE'.

400 4169 781 4240 Παραπέμπου
833 4170 932 4233 τὰς
978 4171 1224 4240 ἀνάγκας
1271 4173 1364 4228 τοῦ
1413 4177 1688 4248 σώματος,
1737 4181 1796 4232 ἐν
1832 4184 1896 4252 τῇ

2005 353 2148 406 niam
2179 361 2235 406 tu
2287 370 2496 409 mecum
2527 373 2625 422 es;
2665 368 2718 412 et
2746 361 2966 414 similia.

2534 470 2765 524 CAPUT
2818 472 3043 529 XCVIII.

2073 575 2126 630 In
2158 586 2399 648 tempore
2431 581 2803 649 hujuscemodi
2838 587 3192 642 tentatiouum
3226 598 3377 644 utere
3427 591 3574 648 brevi

2001 675 2056 720 et
2085 667 2295 724 intcnsa
2320 671 2585 726 oratione.

2563 783 2793 840 CAPUT
2825 786 3008 840 XCIX.

2073 889 2128 943 Si
2164 891 2439 948 daemones
2469 896 2873 949 comminemur
2917 899 3012 952 tibi
3043 914 3164 953 sese
3192 915 3255 953 ex
3281 901 3572 970 improviso

2002 983 2345 1050 apparituros
2374 1001 2440 1039 ex
2475 1002 2616 1049 aere,
2676 997 2832 1057 teque
2862 992 3364 1059 perterrefacturos,
3395 1004 3574 1048 tuam-

2001 1089 2107 1140 que
2137 1084 2369 1128 mentem
2404 1085 2677 1142 rapturos,
2704 1087 2815 1139 aut,
2849 1088 3104 1148 tanquam
3136 1090 3350 1136 atroces
3376 1081 3588 1137 bestiae

2001 1174 2149 1218 tuam
2179 1181 2394 1220 carnem
2440 1168 2700 1222 violenter
2729 1168 3116 1233 dilaniaturos,
3193 1187 3258 1225 ne
3295 1173 3443 1240 ipsos
3473 1188 3572 1242 pa-

2001 1271 2146 1319 veas,
2179 1273 2312 1312 neve
2345 1257 2614 1313 ullatenus
2646 1260 2856 1314 illorum
2876 1263 3354 1319 comminationem
3387 1282 3570 1332 cures;

2004 1346 2255 1415 injiciunt
2310 1349 2517 1418 quippe
2569 1361 2771 1404 metum
2825 1360 3088 1406 tentantes
3117 1363 3190 1420 te,
3242 1369 3308 1408 an
3349 1359 3573 1411 omnino

2002 1434 2132 1503 ipsis
2158 1439 2404 1490 attendas
2426 1479 2442 1502 ,
2476 1453 2542 1491 an
2574 1454 2667 1493 eos
2696 1441 3278 1510 totaliterdespexeris,
3304 1459 3370 1497 an
3395 1460 3574 1500 omm-

2001 1527 2202 1592 potenti
2236 1527 2359 1590 Deo,
2392 1537 2444 1580 et
2483 1528 2750 1594 Creatori,
2811 1532 3162 1601 omniumque
3215 1549 3396 1586 rerum
3449 1551 3575 1604 pro-

1931 1633 1972 1687 Β
2002 1616 2189 1682 visori,
2221 1617 2271 1670 in
2325 1617 2569 1671 oratione
2598 1619 2858 1672 astiteris.

2626 1731 2854 1785 CAPUT
2898 1734 2958 1786 C.

2069 1835 2205 1902 Quid
2245 1839 2417 1894 eidem
2451 1839 2560 1895 Deo
2594 1840 2665 1896 ita
2711 1842 3112 1897 inconsiderate
3157 1851 3325 1906 astas,
3363 1853 3420 1898 ut
3447 1845 3568 1914 ejus

1999 1925 2422 1994 insuperabilem
2473 1932 2730 1986 omittens
2789 1934 3057 1998 timorem,
3133 1943 3189 1987 et
3245 1935 3448 1990 culices
3520 1947 3574 1990 et

1999 2017 2285 2070 scarabeos
2320 2019 2712 2086 pertimescas?
2775 2022 2972 2074 Annon
3027 2022 3224 2077 audisti
3255 2024 3560 2078 dicentem:

2006 2124 2024 2155 ι
2064 2107 2348 2159 Dominum
2385 2108 2552 2162 Deum
2617 2119 2769 2164 tuum
2817 2111 3031 2166 timebis
3053 2113 3120 2178 ⁸⁷,
3179 2131 3199 2164 ι
3238 2121 3292 2166 et
3343 2129 3570 2168 rursus:

2003 2213 2022 2245 ‹
2063 2196 2232 2261 Quem
2297 2207 2565 2263 metuunt,
2626 2209 2680 2254 et
2739 2211 2975 2256 tremunt
3033 2217 3064 2256 a
3128 2202 3264 2257 facie
3317 2205 3573 2272 potentiae

1999 2287 2117 2356 ejus
2137 2288 2220 2340 ⁸⁸⁸2
2259 2307 2276 2338 ›
2305 2298 2352 2342 et
2385 2291 2604 2361 reliqua.

2505 2401 2661 2472 501
2705 2402 2933 2457 CAPUT
2969 2402 3055 2458 Cl.

2073 2512 2225 2566 Sicut
2254 2515 2410 2583 panis
2440 2526 2522 2570 est
2547 2518 2867 2571 alimentum
2893 2501 3136 2586 corpori,
3158 2529 3214 2572 et
3247 2517 3418 2572 virtus
3442 2520 3562 2574 ani-

2000 2619 2123 2670 ma,
2164 2607 2234 2660 ita
2271 2617 2324 2661 et
2360 2607 2655 2663 intellectui
2715 2609 3016 2678 spiritualis
3059 2610 3234 2664 oratio
3271 2613 3573 2665 nutrimen-

2000 2703 2114 2749 tum
2148 2707 2246 2751 cst.
2783 2706 2792 2714 “

2601 2813 2830 2869 CAPUT
2859 2815 2970 2870 CII.

2073 2924 2151 2981 Ne
2177 2926 2483 2995 pharisaice
2504 2966 2518 2992 ,
2555 2928 2648 2982 sed
2681 2943 2831 2982 more
2863 2927 3138 2996 publicani
3168 2943 3292 2984 ores
3330 2929 3384 2983 in
3415 2945 3572 2986 sacro

2001 3019 2266 3073 orationis
2296 3019 2436 3083 loco,
2464 3027 2524 3074 ut
2545 3019 2708 3073 etiam
2741 3028 2798 3072 tu
2825 3035 2855 3073 a
2884 3018 3115 3074 Domino
3150 3021 3488 3088 justiliceris.

2591 3219 2820 3275 CAPUT
2847 3219 2978 3274 CIII.

2069 3307 2369 3372 Contende,
2413 3323 2522 3362 non
2553 3323 2710 3362 orare
2769 3311 3034 3364 adversus
3067 3309 3302 3378 aliquem
3341 3311 3415 3363 in
3475 3319 3569 3365 tua

1999 3397 2265 3461 oratione,
2300 3412 2367 3451 ne
2392 3397 2642 3451 destruas
2663 3413 2783 3465 qua:
2810 3399 3076 3464 aediﬁcas,
3093 3401 3390 3454 orationem
3421 3410 3570 3455 tuam

2002 3489 2387 3542 exsecrandam
2402 3488 2721 3541 'reddendo.

2583 3599 2814 3657 CAPUT
2841 3601 2979 3657 CIV.

2069 3691 2271 3748 Doceat
2318 3701 2370 3746 te
2415 3693 2506 3763 qui
2549 3693 2762 3748 debitor
2813 3706 2930 3748 erat
2971 3695 3156 3749 decem
3194 3697 3340 3750 mille
3399 3697 3565 3750 talen-

2001 3793 2202 3846 torum,
2245 3785 2391 3855 quod
2427 3785 2531 3838 nisi
2565 3785 2808 3840 dimittas
2875 3786 3129 3852 debitori,
3188 3803 3285 3843 nec
3324 3788 3437 3857 ipse
3487 3789 3568 3842 di-

1999 3876 2315 3932 missionem
2356 3876 2781 3946 'consequeris;
2847 3879 3070 3933 tradidit
3125 3880 3290 3944 enim,
3372 3879 3567 3948 inquit,

2001 3967 2177 4038 ipsum
2230 3970 2526 4024 tortoribus
2561 3970 2628 4024 ‘9.

2598 4081 2824 4137 CAPUT
2853 4081 2964 4135 CV.

2070 4173 2426 4228 Praetermitte
2450 4175 2694 4244 corporis
2727 4175 3104 4241 necessitates,
3145 4175 3272 4230 dum
3326 4174 3568 4228 orationi

326 4261 668 4331 παραστάσει
702 4259 800 4328 τῆς
831 4262 1156 4332 προσευχῆς,
1201 4263 1287 4316 ἵνα
1319 4264 1392 4334 μὴ
1439 4267 1762 4337 νυττόμενος
1794 4269 1899 4322 ὑπὸ

2019 4267 2243 4331 ιεδίειίε,
2294 4283 2362 4321 ne
2398 4268 2666 4323 fodit-atus
2697 4284 2726 4322 a
2761 4269 2958 4337 pulice,
2997 4277 3089 4322 aut
3123 4283 3152 4321 a
3182 4268 3446 4337 pediculo,
3486 4263 3574 4322 vel

324 4349 552 4420 ψύλλης,
582 4347 925 4418 ἧφθειρδς,ἢ
958 4349 1291 4424 κὼνωπος,ἢ
1325 4355 1506 4424 μυίας,
1529 4357 1811 4428 ζημιωθῇς
1839 4358 1900 4411 τὸ

330 4441 588 4511 μέγιστον
623 4437 812 4510 κέρδος
840 4438 939 4508 τῆς
964 4444 1272 4512 προσευχῆς
1308 4462 1422 4498 σου.

923 4531 1173 4585 ΚΕΦΑΛ.
1215 4531 1352 4601 PQ”.

396 4615 598 4672 ’Ἦλθεν
625 4622 705 4682 εἰς
739 4621 905 4689 ἡμᾶς,
940 4619 1014 4682 ὥς
1042 4637 1150 4672 τινι
1181 4621 1289 4674 τῶν
1323 4623 1492 4690 ἁγίων
1529 4627 1895 4696 προσευχομέ-

327 4730 426 4782 νῳ,
448 4710 698 4763 τοσοῦτον
725 4709 1011 4762 ἀνθίστατο
1039 4710 1066 4762 ὀ
1097 4711 1350 4781 πονηρὸς,
1375 4712 1449 4774 ὡς
1475 4715 1590 4782 ἅμα
1619 4713 1695 4782 τῷ
1731 4717 1903 4767 ἐκτεῖ-

327 4820 418 4856 ναι
447 4803 544 4863 τὰς
574 4803 792 4871 χεῖρας,
824 4801 1029 4852 ἐκεῖνον
1067 4801 1147 4863 εἰς
1197 4801 1384 4855 λέοντα
1433 4804 1904 4873 μετασχηματίζε-

331 4895 476 4960 σθαι,
509 4894 601 4946 καὶ
630 4892 934 4962 ἀνεγείρειν
964 4895 1043 4954 εἰς
1067 4893 1228 4964 ὀρθὸν
1262 4896 1389 4958 τοὺς
1419 4897 1785 4966 ἐμπροσθίους
1809 4897 1906 4948 πό-

328 4986 448 5048 δας,
477 4988 568 5039 καὶ
600 4987 726 5050 τοὺς
749 4988 982 5052 οἰκείους
1019 4989 1215 5058 ὄνυχας
1254 4988 1597 5058 ἑκατέρωθεν
1631 4992 1751 5051 ταῖς
1785 4989 1904 5042 δυσὶ

327 5079 496 5147 ψίαις
527 5080 808 5150 ὲμπείρειν
845 5080 938 5133 τοῦ
977 5078 1300 5148 ἀγωνιστοῦ,
1333 5079 1428 5132 καὶ
1460 5078 1535 5149 μὴ
1577 5079 1906 5148 ἀφίστασθαι

332 5171 463 5242 πρὶν
516 5172 614 5234 τὰς
669 5176 858 5242 χεῖρας
914 5171 1160 5236 κατάξει.
1223 5171 1325 5223 Τὸν
1389 5171 1445 5223 δὲ
1501 5170 1636 5240 μηδὲ
1691 5169 1907 5223 πώποτε

333 5263 675 5332 ὑποχαλάσαι
728 5264 932 5326 ταύτας
991 5263 1152 5333 ἄχρις
1204 5255 1264 5314 οὗ
1304 5261 1408 5332 ξτὰς
1456 5262 1708 5330 συνήθεις
1745 5261 1908 5330 εὐχὰς

337 5354 647 5424 ἐπλήρωσε.

2002 4359 2176 4412 culice
2210 4373 2305 4412 seu
2341 4373 2549 4423 musca,
2587 4358 2812 4412 maximi
2857 4360 2992 4414 lucri
3029 4368 3132 4412 tua:
3161 4358 3428 4413 orationis
3478 4358 3573 4412 dc—

2003 4449 2316 4502 trimentum
2346 4447 2594 4518 patiaris.
2970 4509 2974 4513 η

2579 4535 2806 4590 CAPUT
2838 4535 2973 4588 CVI.

2073 4629 2321 4684 Pervenit
2352 4629 2418 4682 ad
2446 4643 2566 4692 nos,
2599 4643 2694 4681 seu
2726 4629 2791 4681 ad
2819 4643 2980 4681 aures
3015 4634 3254 4687 nostras,
3288 4623 3430 4694 quod
3455 4624 3576 4679 cui-

2004 4719 2127 4774 dam
2155 4725 2467 4772 sanctorum
2525 4717 2702 4770 oranti
2728 4719 2861 4770 adeo
2891 4717 3049 4786 502
3085 4715 3356 4785 malignus
3389 4715 3575 4768 obsta-

2008 4809 2122 4872 bat,
2158 4817 2238 4873 ut,
2263 4807 2425 4862 simul
2465 4821 2528 4861 ac
2555 4822 2752 4861 manus
2782 4807 3126 4872 extendebat,
3160 4806 3248 4859 ille
3284 4806 3336 4858 in
3365 4805 3576 4856 leonem

2007 4898 2509 4968 transﬁguraretur,
2553 4908 2606 4950 et
2635 4907 2782 4950 recta
2813 4912 3033 4952 sursum
3090 4896 3304 4965 erigens
3335 4893 3577 4947 anterio-

2009 5005 2097 5045 res
2143 4990 2327 5059 pedes,
2378 4990 2739 5058 propriosque
2801 5003 3011 5056 ungues
3061 4987 3320 5055 utrinque
3364 4983 3576 5038 duabus

2012 5080 2172 5134 malis
2202 5080 2491 5134 certatoris
2524 5079 2802 5148 inﬁgeret,
2832 5092 3006 5146 neque
3035 5077 3342 5136 desisteret,
3397 5074 3578 5144 prius-

2012 5188 2175 5242 quam
2225 5187 2420 5226 manus
2453 5171 2543 5224 ille
2573 5171 2890 5236 diduceret;
2937 5171 3054 5238 ipse
3117 5183 3246 5222 vero
3295 5179 3579 5235 nunquam

2008 5265 2270 5319 relaxavit
2299 5279 2414 5328 eas,
2447 5263 2619 5318 donec
2653 5278 2839 5332 preces
2894 5270 3186 5317 consuetas
3213 5256 3472 5329 explevit.

419 5537 462 5570 ⁸⁷
491 5537 641 5592 Deut.
679 5553 731 5600 κ,
759 5538 848 5591 ιο.
923 5538 966 5568 ⁸⁸
1004 5536 1115 5591 Joel
1169 5551 1226 5592 II.
1270 5535 1370 5599 l0;
1404 5532 1610 5586 Nabum
1690 5546 1728 5597 ι,
1760 5530 1811 5584 5.
1889 5533 1903 5563 ⁸

2021 5529 2154 5586 attb.
2190 5543 2344 5594 xviu,
2369 5521 2455 5582 Si.
