3994 6182
472 254 596 326 ll‘Jl

1076 360 1305 418 CAPUT
1336 354 1490 412 CVII.

548 480 936 556 Ilujuscetnodi
971 477 1140 531 luisse
1169 472 1424 526 novimus
1477 479 1621 525 cum,
1654 459 1748 530 qui
1781 459 1833 510 in
1895 454 2048 508 fovea

479 548 720 638 solitaria
753 575 936 644 quiete
971 568 1184 630 silebat,
1213 563 1476 617 Joannem
1517 555 1772 616 Parvum,
1805 548 1918 601 sive
1953 560 2053 613 po-

481 675 588 728 tius
620 637 989 739 praemagnum
1026 656 1376 718 monachum,
1418 651 1508 718 qui
1549 662 1615 701 ex
1649 643 1742 697 Dei
1773 637 2052 739 consortio

479 729 683 820 mansit.
713 762 995 816 immotus,
1027 753 1273 806 daemone
1305 747 1360 798 in
1394 741 1577 812 specie
1629 732 1884 791 draconis
1945 729 2054 781 cir-

479 855 814 914 cumvoluto,
848 849 1076 918 ejusque
1104 854 1298 897 carnes
1327 833 1640 897 mandente,
1673 836 1727 882 et
1766 827 1819 880 in
1857 822 2051 878 faciem

481 951 602 1020 ejus
664 951 971 1001 eruetaute.

1040 1043 1272 1103 CAPUT
1302 1037 1485 1098 CVIII.

553 1167 754 1238 Legisti
787 1161 1014 1217 omnino
1047 1164 1102 1212 et
1136 1156 1275 1210 vitas
1326 1149 1721 1206 monachorum
1767 1141 2057 1197 Tabenne-

483 1235 772 1320 siotarum,
815 1254 909 1307 ubi
939 1251 1163 1311 dicitur,
1202 1245 1345 1314 quod
1393 1243 1589 1296 abbate
1619 1235 1909 1290 Theodoro
1938 1246 2056 1286 ser-

484 1365 698 1406 monem
736 1347 802 1400 ad
843 1344 1037 1398 fratres
1066 1339 1324 1399 habente,
1363 1338 1626 1388 venerunt
1675 1329 1798 1382 dua:
1859 1326 2060 1393 vipera:

485 1443 587 1499 sub
609 1442 728 1510 ejus
762 1437 958 1507 pedes;
991 1433 1080 1486 ille
1117 1445 1246 1484 vero
1281 1425 1671 1495 imperturbate
1703 1434 1796 1473 eas
1823 1415 1900 1470 uti
1944 1413 2060 1468 for-

487 1532 667 1586 nicem
693 1528 921 1590 faciens,
963 1520 1203 1589 suscepit
1245 1516 1499 1578 interius,
1536 1513 1708 1566 donec
1753 1517 2059 1564 sermonem

485 1622 702 1674 locutus
751 1615 997 1686 perfecit,
1051 1621 1288 1678 tuncque
1312 1607 1457 1675 ipsas
1487 1600 1748 1656 fratribus
1801 1595 2058 1657 ostendit,

485 1726 600 1764 rem
630 1720 928 1776 exponens.

1065 1806 1296 1862 CAPUT
1325 1803 1460 1860 CIX.

559 1925 774 1979 Rursus
801 1922 866 1976 de
905 1915 1076 1974 altero
1114 1919 1272 1972 Patre
1335 1913 1628 1985 spirituali,
1675 1927 1769 1968 seu
1811 1910 2064 1980 religioso

487 2017 738 2086 legimus,
775 2013 919 2083 quod
957 2021 1148 2065 orante
1198 2011 1316 2078 ipso
1367 2009 1550 2076 vipera
1615 2005 1878 2059 accedens
1944 2001 2063 2070 ejus

491 2108 669 2175 attigit
701 2104 890 2174 pedes,
920 2103 1009 2156 ille
1061 2115 1190 2154 vero
1223 2115 1332 2154 non
1380 2098 1532 2167 prius
1562 2094 1814 2165 deposuit
1842 2108 2060 2156 manus,

489 2210 774 2266 quousque
805 2202 1121 2248 consuetam
1163 2189 1389 2260 perfecit
1417 2188 1741 2251 orationem,
1775 2183 1932 2254 503
1977 2183 2064 2237 ni-

495 2288 680 2356 hilque
744 2299 939 2354 passus
985 2293 1068 2338 est
1117 2296 1274 2335 noxa:
1307 2280 1400 2350 qui
1446 2278 1636 2334 dilexit
1695 2275 1862 2330 Deum
1914 2274 2064 2345 plus-

491 2392 652 2446 quam
678 2377 940 2446 seipsum.

1085 2484 1308 2540 CAPUT
1350 2477 1461 2539 (LX.

561 2605 620 2659 in
655 2604 901 2658 oratione
928 2612 1018 2655 tua
1053 2615 1153 2654 nec
1195 2600 1418 2662 elatum,
1471 2613 1571 2652 nec
1619 2597 1936 2651 distractum
1969 2595 2067 2650 ha-

491 2697 620 2752 beas
647 2697 848 2761 visum,
881 2705 936 2750 et
960 2693 1274 2764 abnegando
1303 2702 1446 2745 tuam
1471 2706 1687 2745 carnem
1729 2698 1780 2744 et
1803 2689 2063 2754 animant,

493 2789 614 2844 vive
638 2789 965 2844 mentaliter.

1077 2895 1306 2952 CAPUT
1331 2895 1468 2952 CXI.

564 3016 733 3070 Altert
765 3013 980 3068 cuidam
1022 3019 1210 3066 sancto
1265 3010 1318 3064 in
1361 3011 1576 3066 deserta
1622 3010 1918 3065 solitudine
1971 3010 2066 3065 dc-
2094 3015 2138 3075 α

495 3109 637 3180 genti
684 3106 996 3176 tranquille,
1025 3105 1154 3157 dum
1218 3111 1421 3168 oraret,
1489 3101 1768 3157 diemones
1827 3111 2069 3156 astantes

495 3217 590 3271 per
629 3202 765 3256 duas
797 3198 1165 3252 hebdomadas
1199 3196 1317 3264 ipso
1359 3205 1617 3264 tanquam
1657 3196 1762 3264 pila
1814 3195 2072 3248 ludebant

495 3292 623 3344 etin
657 3306 778 3343 aera
807 3287 1063 3357 jactaudo
1104 3285 1411 3350 vibrabant,
1440 3300 1564 3338 eum
1607 3285 1660 3338 in
1719 3294 1895 3339 storea
1948 3299 2072 3337 sus-

497 3381 777 3449 cipientes,
833 3377 1134 3431 nullatenus
1167 3385 1347 3430 tamen
1406 3385 1646 3430 mentem
1696 3376 1816 3446 ejus
1881 3391 1909 3428 a
1962 3375 2070 3429 fer-

499 3483 657 3528 vente
704 3472 949 3526 oratione
987 3469 1255 3523 deducere
1301 3475 1612 3538 potuerunt.

1062 3580 1292 3636 CAPUT
1328 3579 1485 3636 CXII.

573 3699 781 3752 Rursus
807 3697 960 3750 alteri
993 3695 1161 3750 Deum
1196 3694 1398 3748 amanti
1453 3701 1507 3748 et
1567 3695 1832 3748 orationis
1886 3707 2073 3748 curam

503 3791 728 3861 gerenti,
766 3804 889 3843 cutn
925 3803 1022 3856 per
1053 3788 1324 3841 desertam
1363 3787 1710 3841 solitudinem
1732 3787 2072 3854 graderetur,

509 3884 806 3936 astiterunt
841 3879 1020 3948 angeli
1050 3879 1179 3943 duo,
1218 3879 1496 3947 simulque
1525 3893 1647 3932 cum
1684 3877 1802 3947 ipso
1855 3878 1954 3932 iter
2000 3877 2080 3930 fa-

505 3977 728 4039 cientes,
757 3987 880 4027 eum
938 3973 987 4025 in
1030 3971 1206 4026 medio
1228 3971 1586 4026 collocarunt.
1616 3970 1708 4023 Ille
1738 3985 1866 4023 vero
1902 3969 2079 4023 nulla-

507 4077 666 4120 tenus
696 4065 762 4118 iis
791 4063 1042 4130 adhaasit,
1079 4079 1166 4126 ne,
1201 4064 1344 4131 quod
1381 4062 1577 4116 melius
1608 4069 1745 4127 erat,
1785 4060 2078 4115 detrimen-

509 4167 624 4210 tum
666 4156 956 4223 aceiperet.
988 4154 1306 4208 Meminerat
1335 4154 1536 4224 quippe
1587 4151 1874 4222 apostolici
1933 4150 2078 4206 eﬁ'ati

509 4247 773 4300 dicentis:
806 4263 824 4294 ι
863 4243 972 4298 Nec
1002 4244 1200 4315 angeli,
1249 4260 1425 4313 neque
1481 4243 1838 4313 principatus,
1907 4255 2081 4311 neque

1973 238 2032 299 S.
2051 233 2216 293 NILI

3592 214 3734 281 1192

2748 332 3004 386 ΚΕΦΑΛ.
3043 332 3161 384 ΡΖ’.

2221 450 2474 505 Τοιοῦτον
2522 448 2767 517 ἔγνωμεν
2817 445 3120 514 γεγονέναι,
3154 443 3247 497 καὶ
3293 442 3384 495 τὸν
3439 443 3496 494 ἐν
3540 442 3730 512 λάκκῳ

2150 542 2500 613 ἡσυχάσαντα
2535 539 2787 607 Ἰωάννην
2817 537 2910 589 τὸν
2940 535 3172 605 Μικρὸν,
3211 536 3328 606 ἤτοι
3375 533 3730 602 ὀπερμεγέθη

2157 630 2411 702 μοναχδν,
2437 627 2495 691 ὃς
2529 628 2786 698 ἀκίνητος
2822 627 3039 695 ἔμεινεν
3082 625 3147 676 ὲκ
3174 623 3273 693 τῆς
3311 623 3405 675 τοῦ
3433 621 3570 674 Θεοῦ
3609 639 3732 673 συν-

2153 721 2364 782 ουσίας,
2389 717 2483 771 τοῦ
2510 717 2764 788 δαίμονος
2793 717 2849 768 ὲν
2872 716 3003 768 εἴδει
3025 715 3314 783 δράκοντος
3343 711 3735 782 περιειλιχθέν-

2152 831 2264 878 τος,
2327 812 2422 866 καὶ
2485 808 2831 880 μασσομένου
2892 807 3058 861 αὐτοῦ
3104 808 3204 874 τὰς
3233 807 3466 877 σάρκας,
3515 807 3611 857 καὶ
3655 805 3733 874 τῷ

2157 903 2436 976 προσώπῳ
2459 900 2626 955 αὐτοῦ
2653 884 3112 970 ὲπερευγομένου.

2751 1013 3004 1066 ΚΕΦΑΛ.
3039 1014 3164 1066 PII'.

2240 1123 2507 1198 Ἀνὲγνως
2531 1127 2750 1190 πάντως
2778 1129 2872 1180 καὶ
2896 1126 3024 1189 τοὺς
3055 1126 3201 1195 βίους
3231 1125 3339 1178 τῶν
3359 1124 3733 1194 Ταδεννησιω-

2158 1221 2265 1275 τῶν
2297 1221 2568 1290 μοναχῶν,
2601 1219 2742 1271 καθά
2770 1235 2954 1289 φησιν,
3001 1217 3084 1270 ὅτι
3114 1217 3417 1279 Λαλοῦντος
3457 1217 3550 1268 τοῦ
3575 1216 3735 1284 ξάδϐἇ

2157 1316 2316 1384 λόγον
2352 1318 2466 1378 τοῖς
2496 1315 2768 1382 ἀδελφοῖς,
2804 1309 2969 1383 ἦλθον
3002 1311 3095 1363 δύο
3117 1311 3323 1380 ἔχιδναι
3349 1309 3452 1362 ὑπὸ
3481 1310 3608 1372 τοὺς
3637 1311 3731 1362 πύ-

2159 1408 2257 1470 δας
2308 1405 2515 1461 αὐτοῦ·
2566 1408 2594 1459 ὁ
2659 1405 2715 1458 δὲ
2762 1404 3051 1474 ἀταράχως
3113 1404 3346 1470 ποιήσας
3401 1402 3572 1464 αὐτάς
3603 1402 3733 1453 ὡσεὶ

2161 1500 2440 1569 καμάραν,
2479 1497 2747 1550 ὑπέλαϐεν
2809 1496 2979 1558 αὐτάς
3030 1493 3262 1558 ἔνδοθεν,
3303 1495 3408 1555 ἕως
3459 1493 3734 1546 ἐπαύσατο

2162 1589 2338 1643 λαλῶν
2384 1589 2476 1642 τὸν
2526 1588 2704 1656 λόγον,
2755 1588 2851 1640 καὶ
2897 1587 3018 1638 τότε
3072 1586 3241 1649 αὑτάς
3283 1584 3574 1639 ὑπεδείκνυ
3625 1586 3733 1645 τοῖς

2085 1673 2132 1732 Β
2159 1679 2425 1747 ἀδελφοῖς,
2455 1677 2816 1749 ἐξηγούμενος
2840 1676 2902 1728 τὸ
2923 1678 3188 1746 πρᾶγμα.

2772 1787 3023 1841 ΚΕΦΑΛ.
3053 1787 3176 1840 PB’.

2233 1903 2368 1973 Περὶ
2409 1901 2596 1978 ἑτέρου
2642 1899 2802 1954 πάλιν
2857 1899 3172 1968 ἀνέγνωμεν
3221 1898 3616 1968 πνευματικοῦ,
3653 1901 3736 1952 ὅτι

2163 1995 2600 2065 προσευχομένου
2632 1990 2815 2057 αὑτοῦ,
2844 1990 3024 2060 ἔχιδνα
3055 1989 3302 2054 ἐλθοῦσα,
3336 1990 3622 2060 καθήψατο
3642 1991 3736 2042 τοῦ

2165 2089 2323 2150 ποδὸς
2350 2087 2537 2142 αὐτοῦ’
2568 2073 2597 2138 ὃ
2625 2086 2681 2139 δὲ
2728 2087 2790 2138 οὐ
2826 2086 3088 2156 πρότερον
3129 2084 3335 2154 καθῆκε
3383 2084 3482 2146 τὰς
3527 2085 3736 2152 χεῖρας,

2165 2179 2323 2250 ἄχρις
2376 2173 2434 2234 οῦ
2486 2178 2585 2248 τὴν
2626 2175 2828 2247 συνήθη
2883 2175 3191 2240 ἐξετέλεσεν
3235 2174 3423 2246 εὐχὴν,
3461 2174 3554 2228 καὶ
3588 2174 3738 2226 οὐδὲν

2166 2269 2369 2340 ἐϐλάϐη
2407 2271 2435 2322 ὁ
2472 2269 2766 2338 ἀγαπήσας
2794 2268 2884 2320 τὸν
2918 2267 3049 2320 Θεὸν
3073 2268 3213 2339 ὑπὲρ
3238 2267 3453 2320 ἑαυτόν.

2768 2468 3019 2522 ΚΕΦᾹΛ.
3067 2469 3170 2522 PI'.

2253 2586 2680 2657 ’Λμετεώριστον
2710 2585 2862 2655 ὄμμα
2891 2585 2980 2656 ἔχε
3022 2587 3078 2638 ἐν
3110 2587 3175 2655 τῇ
3206 2587 3480 2655 προσευχῇ
3515 2599 3607 2636 σου
3646 2583 3746 2636 καὶ

2169 2677 2552 2749 ἀρνησάμενός
2596 2693 2687 2730 σου
2725 2676 2826 2747 τὴν
2865 2678 3063 2745 σάρκα,
3097 2677 3188 2730 καὶ
3231 2675 3328 2745 τὴν
3368 2675 3568 2745 ψυχὴν,
3604 2671 3750 2727 κατά

2169 2769 2293 2824 νοῦν
2315 2769 2454 2838 ζῆθι.

2735 2877 2986 2933 ΚΕΦΑΛ.
3030 2875 3177 2929 PIA'.

2255 2991 2456 3062 Ἑτέρῳ
2508 2991 2612 3042 τινὶ
2665 2987 2892 3051 εὐτόνως
2942 2986 3217 3057 εὐχομὲνῳ
3263 2986 3400 3056 ἁγίῳ
3452 2987 3509 3036 ὲν
3554 2986 3754 3056 ἐρήμῳ

2173 3082 2520 3153 ἡσυχάζοντι,
2556 3080 2806 3149 δαίμονες
2833 3079 3152 3140 ἐπιστάντες
3176 3078 3266 3129 ἐπὶ
3297 3075 3390 3128 δύο
3423 3075 3751 3143 ἑϐδομάδας,

2173 3173 2364 3225 τοῦτον
2427 3170 2763 3242 ἐσφαίριζον,
2820 3171 2915 3222 καὶ
2964 3169 3242 3222 ἐτίνασσον
3298 3169 3378 3230 εἰς
3430 3167 3522 3219 τδν
3589 3167 3752 3237 ﬁt“,

2173 3267 2455 3334 δεχόμενοι
2514 3263 2678 3316 αὐτὸν
2723 3263 2782 3313 ὲν
2828 3261 2905 3332 τῷ
2947 3261 3169 3331 ψιαθίῳ,
3205 3261 3296 3314 καὶ
3343 3259 3574 3322 οῦδόλως
3609 3261 3754 3328 ἴσχυ-

2177 3373 2273 3409 σαν
2301 3357 2560 3423 κατάγειν
2593 3355 2683 3408 τὸν
2719 3354 2844 3406 νοῦν
2880 3354 3044 3406 αὐτοῦ
3077 3356 3140 3406 ἐκ
3165 3352 3266 3421 τῆς
3295 3351 3544 3422 ἐμπύρου
3577 3367 3753 3422 προσ-

2175 3449 2362 3520 ευχῆς.

2755 3561 3006 3615 ΚΕΦΑΛ.
3035 3560 3184 3614 PIB’.

2250 3678 2428 3747 Ἄλλῳ
2477 3677 2638 3730 πάλιν
2689 3677 2920 3748 φιλοΟέῳ
2997 3679 3090 3731 καὶ
3139 3678 3446 3748 προσευχῆς
3497 3677 3753 3747 πρόνοιαν

2179 3771 2506 3840 ποιουμένῳ,
2538 3771 2594 3822 ἐν
2625 3770 2816 3841 ἐρήμῳ
2849 3769 3139 3839 βαδίζοντι,
3190 3771 3406 3839 ἄγγελοι
3442 3771 3754 3840 ἐπέστησαν

2176 3864 2288 3928 δύο,
2319 3865 2412 3917 καὶ
2433 3863 2700 3932 ἐμέσαζον
2732 3864 2893 3917 αὐτὸν
2922 3863 3421 3934 συνοδοιποροῦντες
3443 3864 3616 3934 αὐτῷ’
3643 3867 3672 3916 ὁ
3698 3864 3755 3915 δὲ

2178 3955 2406 4018 οὐδόλως
2440 3954 2647 4017 τούτοις
2685 3958 2995 4024 προσεῖχεν,
3027 3955 3112 4007 ἴνα
3161 3954 3235 4024 μὴ
3275 3953 3333 4006 τὸ
3363 3956 3610 4024 κρεῖττον
3653 3955 3755 4022 ζη-

2182 4046 2382 4117 μιωθῇ.
2421 4046 2829 4116 Ἐμνημόνευσε
2879 4045 2986 4116 γὰρ
3034 4045 3129 4098 τοῦ
3180 4043 3542 4098 ἀποστολικοῦ
3589 4043 3756 4114 ῥητοῦ

2179 4137 2271 4188 τοῦ
2329 4137 2658 4204 φάσκοντος·
2701 4155 2719 4185 ‹
2749 4131 2885 4187 Οὔτε
2917 4135 3161 4202 ἄγγελοι,
3223 4133 3345 4186 οὔτε
3384 4135 3576 4205 ἀρχαὶ,
3630 4133 3755 4186 οὔτε

2180 4223 2438 4293 δυνάμεις
2464 4223 2780 4292 δυνήσονται
2816 4225 2961 4295 ἡμᾶς
3003 4225 3236 4295 χωρίσαι
3270 4223 3378 4277 ἀπὸ
3403 4225 3504 4294 τῆς
3533 4225 3756 4291 ἀγάπης

514 4343 806 4401 potestates
838 4313 1092 4403 poterunt
1142 4351 1241 4389 nos
1278 4349 1537 4405 separare
1567 4349 1597 4389 a
1627 4335 1895 4390 charitate
1917 4333 2069 4388 Citri-

2183 4313 2279 4368 τοῦ
2318 4317 2363 4368 Χ
2371 4314 2580 4386 ριστοῦ.
2611 4333 2630 4366 ν

514 4425 580 4480 sti
607 4425 672 4481 9°.
711 4444 730 4476 ι

1069 4537 1300 4593 CAPUT
1336 4537 1518 4600 CXIII.

586 4649 805 4721 Angelis
842 4651 1066 4721 aequalis
1103 4650 1160 4703 lit
1189 4652 1492 4706 monachus
1527 4666 1624 4721 per
1667 4665 1850 4706 veram
1882 4651 2085 4706 oratio-

515 4757 658 4797 nem.

989 4851 1151 4924 50:.
1175 4853 1404 4910 CAPUT
1461 4853 1645 4910 cxw.

586 4967 825 5036 Cupiens
865 4965 1048 5020 videre
1081 4955 1508 5031 faeiem'Patris,
1549 4970 1640 5038 qui
1676 4969 1727 5022 in
1789 4970 1941 5024 C(elis
1981 4977 2082 5031 est,

515 5057 670 5112 nullo
698 5057 860 5111 modo
890 5060 1112 5112 studeas
1151 5060 1390 5128 aliquam
1419 5061 1666 5130 excipere
1698 5061 1926 5114 formam
1951 5069 2085 5116 tem-

515 5162 650 5218 pore
687 5150 970 5202 orationis.

1087 5263 1312 5318 CAPUT
1342 5264 1502 5324 CXV.

588 5377 666 5432 Ne
701 5377 974 5432 desideres
1006 5379 1261 5448 Angelos,
1297 5390 1391 5434 aut
1435 5382 1756 5447 Potestates,
1791 5394 1882 5438 aut
1933 5385 2088 5438 Citri-

521 5485 660 5528 stum
695 5472 1025 5525 sensibiliter
1057 5473 1257 5539 ridere,
1286 5489 1351 5528 ne
1379 5490 1601 5544 prorsus
1636 5492 1822 5532 amens
1865 5477 2084 5542 evadas,

585 5647 632 5679 ’°
683 5647 837 5702 Ilotn.
873 5665 991 5710 \‘lll,
1031 5651 1118 5718 58,
1153 5651 1244 5706 59.

2761 4536 3012 4594 ΚΕΦΑΛ.
3044 4539 3191 4594 PII".

2270 4650 2577 4722 Ἷσάγγελος
2609 4653 2818 4722 γίνεται
2854 4653 3085 4723 μοναχὸς
3105 4652 3196 4705 διὰ
3223 4651 3321 4720 τῆς
3346 4650 3584 4721 ἀληθοῦς
3605 4667 3754 4720 προσ-

2187 4748 2374 4817 ευχῆς.

2765 4859 3018 4913 ΚΕΦΑΛ.
3054 4850 3196 4912 PIA’.

2279 4975 2588 5028 Ἐπιποθῶν
2647 4975 2777 5026 ἰδεῖν
2825 4975 2886 5026 τὸ
2932 4975 3226 5046 πρόσωπον
3279 4973 3373 5026 τοῦ
3415 4973 3626 5039 [ἰατρὸς
3665 4969 3756 5022 τοῦ

2194 5070 2251 5122 ἐν
2284 5069 2554 5136 οὐρανοῖς,
2591 5064 2666 5136 μὴ
2698 5065 2846 5136 ζήτει
2884 5065 3158 5128 παντελῶς
3210 5066 3449 5137 μορφὴν,
3495 5065 3529 5135 ἢ
3583 5067 3756 5134 σχῆμα

2194 5157 2444 5228 δέχεσθαι
2468 5159 2524 5209 ἐν
2552 5155 2630 5226 τῷ
2650 5155 2750 5224 τῆς
2773 5157 3077 5226 προσευχῆς
3107 5155 3284 5225 καιρῷ
3301 5173 3314 5186 ·

2766 5268 3019 5322 ΚΕΦΑΛ.
3055 5268 3203 5322 ΡΙΕ’.

2267 5382 2357 5452 Μὴ
2398 5383 2552 5437 πόθει
2599 5383 2864 5451 ἀγγέλους
2899 5382 3045 5444 ἰδεῖν,
3095 5382 3126 5452 ἢ
3158 5383 3437 5452 δυνάμεις,
3475 5383 3506 5452 ἣ
3542 5381 3759 5452 Χριστδν

2199 5472 2494 5543 αἰσθητῶς,
2522 5473 2607 5524 ἵνα
2643 5471 2719 5543 μὴ
2754 5472 2934 5525 τέλεον
2965 5471 3275 5541 φρενιτικὸς
3303 5471 3636 5541 γένῃ,λὺκον
3655 5473 3758 5524 ἀντὶ
