3994 6182
353 334 490 401 ιιω
1717 323 1814 382 DE
1840 320 1930 381 Oli

2031 319 2245 380 'IONE.
3473 309 3608 376 1194

348 447 609 521 ποιμένος
640 443 931 516 δεχόμενος
955 441 1051 496 καὶ
1081 440 1402 513 προσκυνῶν
1435 440 1545 503 τοῖς
1569 436 1781 509 ἐχθροῖς
1809 437 1925 490 δαί-

2035 434 2219 504 Iupum
2254 432 2369 488 vice
2401 431 2635 502 pastoris
2666 429 2962 500 excipiens,
2991 436 3045 484 ct
3102 428 3281 484 hostes
3334 428 3608 487 daemones

353 558 530 613 μασιν.

2035 524 2248 578 adores.

870 662 871 665 γ
916 647 1166 701 necari.
1200 642 1371 712 Ptq'.

2594 632 2823 690 CAPUT
2869 634 3051 689 CXVI.

430 762 604 832 Ἀρχὴ
641 759 875 829 πλάνης,
906 757 999 811 νοῦ
1034 756 1332 821 κενοδοξία,
1368 756 1428 819 ἐξ
1462 748 1529 826 ἦς
1551 752 1871 822 κινούμενος
1902 755 1930 805 ὀ

2103 744 2437 813 Principium
2460 744 2666 797 erroris
2699 743 2898 798 mentis
2923 752 3006 797 est
3031 758 3169 797 vana
3199 742 3392 812 gloria,
3427 757 3458 795 a
3501 756 3608 808 qua

348 857 494 921 νοῦς,
518 858 576 909 ὲν
600 856 840 925 σχήματι
871 853 967 905 καὶ
1001 853 1239 923 μορφαῖς
1275 850 1635 920 περιγράφειν
1671 848 1925 916 πειρᾶται

2032 837 2220 891 eadem
2258 853 2412 891 mens
2438 849 2732 901 commota,
2764 837 3212 892 circumscribere
3258 846 3428 890 tcutat
3471 837 3608 891 divi-

350 949 411 1001 τὸ
443 948 617 1002 Θείον.

2034 930 2256 984 nitatem
2307 930 2363 984 in
2403 930 2587 1000 specie
2615 939 2779 999 atque
2822 928 3032 983 formis.

925 1056 1177 1110 ΚΕΦΑΛ.
1210 1054 1355 1107 ΡΙΖ’.

2580 1041 2808 1098 CAPUT
2852 1041 3056 1097 CXVII.

434 1169 574 1238 Ἐγὼ
602 1170 662 1222 τὸ
687 1169 839 1240 ἐμὸν,
866 1167 1024 1221 τοῦτο
1058 1167 1166 1237 ἐρῶ
1194 1168 1225 1220 ὂ
1260 1167 1353 1221 καὶ
1385 1168 1666 1237 νεωτέροις
1707 1169 1925 1238 εἴρηκα·

2105 1155 2218 1227 Ego
2243 1172 2423 1211 meum
2456 1158 2557 1211 hoc
2589 1158 2783 1223 dicam,
2815 1157 2959 1227 quod
2992 1166 3046 1213 et
3092 1157 3401 1227 junioribus
3457 1156 3608 1212 dixi:

347 1264 634 1333 Μακάριος
655 1265 682 1315 ὁ
704 1262 845 1324 νοῦς,
875 1261 932 1324 ὃς
969 1260 1108 1313 κατὰ
1144 1261 1234 1314 τὸν
1258 1262 1448 1331 καιρὸν
1476 1261 1577 1331 τῆς
1620 1261 1924 1332 προσευχῆς

2036 1248 2197 1305 Beata
2228 1265 2405 1316 mens,
2457 1266 2578 1321 qua:
2610 1251 2875 1306 orationis
2918 1259 3161 1320 tempore
3184 1250 3477 1320 perfectam
3500 1248 3613 1306 for-

348 1353 563 1407 τελείαν
590 1353 873 1425 ἀμορφίαν
900 1352 1187 1422 ἐκτήσατο.

2033 1357 2247 1397 marum
2278 1344 2517 1414 possedit
2547 1345 2891 1400 vacuitatem.

915 1464 1166 1518 ΚΕΦΑΛ.
1200 1463 1357 1520 PIH'.

2580 1456 2808 1513 CAPUT
2831 1456 3061 1513 CXVIII.

418 1578 708 1649 Μακάριος
756 1578 905 1631 ἐστιν
950 1579 980 1631 ὁ
1026 1577 1171 1643 νοῦς,
1215 1578 1274 1642 ὃς
1318 1578 1745 1649 ἀπερισπάστως
1773 1580 1931 1650 εὐχόο

2103 1568 2269 1625 Beata
2314 1586 2488 1635 mens,
2546 1588 2669 1642 quae
2716 1574 2834 1627 sine
2888 1574 2995 1627 ulla
3046 1587 3211 1627 orans
3251 1571 3611 1628 distractione

352 1687 535 1741 μενος,
584 1670 803 1723 πλείονα
861 1670 1025 1723 πόθον
1072 1671 1158 1724 ἀεὶ
1205 1670 1343 1741 πρὸς
1387 1672 1520 1725 Θεὸν
1571 1672 1929 1745 προσλαμϐά-

1780 1672 1929 1745 ,μδά.
2034 1676 2249 1732 semper
2282 1662 2404 1731 plus
2431 1662 2691 1717 desiderii
2745 1663 2978 1733 percipit
3002 1678 3132 1733 erga
3165 1662 3357 1717 Deum.

351 1778 457 1817 νει.
1104 1802 1110 1809 .

923 1874 1173 1931 ΚΕΦΑΛ.
1213 1877 1362 1935 PIG’.
1959 1795 2005 1851 Β

1959 1795 2005 1851 Β
2592 1861 2823 1919 CAPUT
2856 1861 3042 1918 CXIX.

422 1985 705 2056 Μακάριος
756 1988 906 2041 ἐστιν
954 1990 983 2041 ὁ
1032 1989 1230 2053 νοῦς,ὁ
1268 1990 1409 2045 κατά
1453 1992 1544 2046 τὸν
1591 1992 1781 2065 καιρὸν
1827 1994 1930 2064 τῆς

2100 1978 2262 2034 Beata
2296 1994 2470 2045 mens,
2497 1995 2619 2049 quae
2657 1980 2804 2034 circa
2850 1988 3065 2048 tempus
3109 1977 3374 2032 orationis
3424 1976 3619 2031 imma-

353 2078 659 2148 προσευχῆς
689 2079 848 2141 ἄῦλος
879 2081 973 2133 καὶ
995 2084 1260 2152 ἀκτήμων
1301 2084 1533 2152 γίνεται.

1144 2100 1260 2152 μων
1301 2084 1533 2152 γίνεται.
2031 2071 2233 2125 terialis
2256 2079 2311 2127 et
2337 2071 2491 2140 inops
2520 2072 2718 2125 evadit.

924 2195 1175 2250 ΚΕΦΑΛ.
1217 2198 1351 2250 PK'.

2516 2182 2675 2253 505
2708 2181 2938 2237 CAPUT
2970 2181 3132 2237 cxx.

421 2307 706 2377 Μακάριος
750 2308 900 2360 ἐστιν
942 2307 973 2358 ὁ
1020 2307 1163 2371 νοῦς,
1205 2311 1233 2361 ὁ
1277 2308 1418 2362 κατὰ
1458 2309 1549 2362 τὸν
1596 2309 1788 2379 καιρὸν
1829 2309 1931 2380 τῆς

2100 2300 2263 2356 Beata
2307 2315 2491 2365 mens,
2546 2316 2670 2370 qua:
2724 2300 2992 2355 orationis
3036 2309 3279 2370 tempore
3324 2298 3618 2371 perfectam

354 2395 661 2465 προσευχῆς
682 2394 898 2447 τελείαν
932 2395 1294 2467 ἀναισθησίαν
1334 2398 1701 2469 κτησάμενος.

1223 2413 1294 2449 αν
1334 2398 1701 2469 κτησάμενος,
2031 2391 2273 2459 possidet
2304 2390 2800 2445 insensibilitatem.

901 2510 1153 2567 ΚΕΦΑΛ.
1194 2512 1371 2566 PKA'.

2599 2504 2826 2561 CAPUT
2861 2504 3047 2562 CXXI.

424 2622 711 2693 Μακάριος
745 2624 862 2677 ἔστι
892 2626 1144 2696 μοναχὸς,
1174 2628 1204 2680 ὁ
1230 2627 1447 2682 πάντων
1479 2625 1772 2699 περίψημα
1805 2627 1934 2681 ἑαυ-

2102 2620 2300 2676 Bealus
2316 2621 2635 2688 monachus,
2666 2620 2758 2690 qui
2780 2621 3022 2690 seipsum
3050 2620 3296 2676 omnium
3318 2634 3626 2692 penpsema

358 2714 448 2767 τὸν
473 2713 845 2786 λογιζόμενος.

685 2731 845 2779 ιενος.
2032 2721 2262 2783 reputat.

905 2833 1157 2889 ΚΕΦΑΔ.
1200 2834 1378 2891 PKB’.
1496 2894 1499 2897 .

1496 2894 1499 2897 _
2586 2823 2813 2883 CAPUT
2852 2825 3060 2883 cxxn.

426 2929 715 3017 Μακάριός
744 2945 861 3000 ἐστι
901 2948 1155 3018 μοναχὸς,
1190 2950 1218 3002 ὁ
1250 2949 1471 3003 πάντων
1503 2948 1601 3023 τὴν
1632 2951 1932 3023 σωτηρίαν,

2102 2940 2301 2995 Beatus
2350 2940 2676 3007 monachus,
2735 2940 2826 3009 qui
2886 2939 3117 2994 salutem
3160 2945 3215 2992 et
3267 2951 3619 3008 progressum

360 3032 457 3085 καὶ
494 3037 798 3109 προκοπὴν,
829 3037 905 3103 ὡς
935 3038 1142 3094 οἰκείαν
1181 3042 1323 3094 κατὰ
1353 3040 1537 3105 πάσης
1568 3044 1744 3114 χαρᾶς
1764 3042 1929 3116 ὁρῶν.

2048 3034 2276 3091 Mnnium
2307 3048 2432 3088 cum
2471 3033 2621 3089 omni
2670 3033 2890 3104 gaudio,
2921 3047 3017 3088 seu
3051 3032 3409 3088 libentissime
3458 3030 3625 3088 videt.

915 3153 1167 3207 ΚΕΦΑΛ.
1206 3153 1383 3210 PKI".
1966 3140 2008 3197 α

1966 3140 2008 3197 C
2581 3146 2812 3207 CAPUT
2844 3146 3078 3202 CXXIII.

432 3260 718 3330 Μαγάριός
750 3264 867 3318 ἐστι
909 3267 1161 3336 μοναχὸς,
1192 3269 1221 3321 ὁ
1258 3269 1466 3333 πάντας
1506 3268 1831 3339 ἀνθρώπους
1863 3270 1939 3336 ὼς

2111 3262 2311 3316 Beatus
2342 3263 2664 3324 monachus,
2695 3264 2787 3333 qui
2820 3273 2943 3334 post
2966 3263 3134 3319 Deum
3160 3278 3352 3321 omnes
3380 3263 3629 3320 homines

360 3351 495 3405 Θεὸν
527 3354 666 3423 μετὰ
689 3355 823 3409 Θεὸν
857 3356 1230 3428 λογιζόμενος.

1197 3377 1230 3423 ;.
2041 3364 2298 3425 tanquam
2339 3355 2504 3409 Deum
2538 3365 2774 3425 reputat.

914 3470 1167 3525 ΚΕΦΑΛ.
1211 3474 1386 3527 PKA'.

2593 3470 2822 3527 CAPUT
2850 3472 3081 3526 CXXIV.

433 3580 681 3649 Μοναχός
729 3584 900 3649 ἐστιν,
934 3587 962 3638 ὀ
1006 3587 1225 3641 πάντων
1273 3590 1600 3660 χωρισθεὶς,
1654 3592 1748 3643 καὶ
1808 3593 1941 3644 πᾶσι

2115 3583 2409 3637 Monachus
2437 3592 2538 3648 est,
2570 3585 2661 3652 qui
2691 3584 2758 3637 ab
2796 3585 3054 3640 omnibus
3076 3597 3358 3657 separatus
3383 3597 3486 3654 est,
3512 3603 3636 3646 om-

365 3674 835 3744 συνηρμοσμένος.

2042 3674 2314 3745 nibusque
2335 3685 2457 3746 apte
2487 3676 2950 3730 accommodatus.

794 3788 797 3789 ⁷
909 3793 1166 3848 ΚΕΦΛΔ.
1207 3795 1383 3849 PKE'.

2604 3784 2834 3842 CAPUT
2863 3787 3071 3844 CXXV.

437 3898 688 3971 Μοναχός
718 3903 889 3969 ἔστιν,
919 3904 947 3956 ὁ
980 3904 1173 3958 ἑαυτὸν
1204 3906 1346 3976 μετὰ
1381 3907 1599 3961 πάντων
1638 3906 1941 3979 ἡγούμενος

2110 3901 2410 3958 Monachus
2449 3912 2551 3968 est,
2603 3905 2697 3972 qui
2754 3904 2995 3974 seipsum
3040 3920 3166 3961 cum
3214 3908 3469 3963 omnibus
3510 3922 3633 3964 esse

366 3987 457 4041 διὰ
513 3989 576 4042 τὸ
638 3991 699 4042 ὲν
757 3992 976 4060 ἑκάστῳ
1026 3992 1222 4047 ἑαυτὸν
1279 3995 1708 4068 ἀπαραλείπτως
1767 3997 1943 4051 δοκεῖν

2056 3994 2342 4055 existimat,
2384 4009 2449 4047 eo
2498 3995 2642 4063 quod
2692 3995 2746 4049 in
2800 4001 3131 4067 unoquoque
3186 3998 3290 4055 sibi
3330 4014 3391 4055 se
3432 3999 3633 4071 jugiter

363 4078 522 4148 ὁρᾷν.
1108 4150 1124 4164 η

1108 4150 1124 4164 η
2044 4086 2229 4142 videre
2260 4084 2522 4141 videatur.

914 4198 1168 4252 KEMA.
1209 4199 1400 4266 Ρκςῖν.

2589 4199 2817 4259 CAPUT
2847 4202 3077 4258 CXXVI.

443 4299 615 4370 Οὗτος
644 4308 955 4383 προσευχὴν
992 4312 1266 4377 ἐπιτελεῖ,
1296 4313 1324 4365 ὁ
1351 4312 1439 4365 ἀεὶ
1476 4312 1575 4382 τὴν
1608 4313 1945 4385 πρωτὸνοιαν

2117 4312 2167 4368 Is
2213 4315 2516 4369 orationem
2575 4317 2813 4385 perﬁcit,
2862 4320 2953 4388 qui
3017 4335 3232 4392 semper
3283 4324 3481 4381 mentis
3522 4342 3636 4383 sua:

370 4397 573 4451 ἑαυτοῦ
606 4402 787 4453 πᾶσαν
809 4401 1180 4473 καρποφορῶν
1210 4400 1286 4472 τῷ
1320 4401 1459 4473 Θεῷ.

2046 4407 2317 4476 primitias
2352 4408 2526 4462 instar
2548 4408 2758 4467 fructus
2791 4411 2947 4468 offert
2972 4413 3099 4468 Deo.

922 4517 1173 4569 nam.
1216 4516 1387 4571 pxz'.
1979 4476 2026 4534 θ
2490 4520 2652 4593 sos
2683 4523 2915 4582 CAPUT
2944 4526 3204 4587 cxxvu.

445 4626 561 4680 Πᾶν
588 4626 783 4696 ψεῦδος
805 4668 820 4694 ,
853 4630 947 4683 καὶ
988 4629 1167 4683 πάντα
1192 4632 1356 4701 ὂρκον
1386 4631 1711 4702 περιίστασο
1740 4632 1818 4695 ὡς
1851 4648 1949 4702 μου

2123 4630 2297 4686 Omne
2353 4635 2717 4702 mendacium,
2754 4649 2806 4693 et
2854 4655 3014 4696 omne
3056 4642 3444 4713 jusjurandum
3492 4647 3634 4702 evita

370 4724 557 4796 ναχὸς,
589 4727 683 4779 κά
705 4727 1107 4799 προσεύξασθαι
1142 4729 1344 4792 ποθῶν,
1379 4730 1426 4782 εί
1453 4729 1509 4783 δὲ
1544 4730 1711 4800 μήτε,
1736 4731 1817 4793 είς
1842 4730 1947 4801 μά-

2055 4724 2210 4778 sicuti
2260 4727 2582 4791 monachus,
2617 4730 2822 4800 quique
2869 4746 3031 4788 orare
3066 4746 3352 4806 peroptas;
3392 4737 3632 4809 alioquin

371 4832 474 4889 την
495 4818 865 4889 σχηματίζεις
889 4820 948 4872 τὸ
973 4820 1263 4873 ἀνοίκειον.

1214 4838 1263 4873 ν,
2052 4813 2253 4870 frustra
2287 4817 2523 4871 alienum
2565 4820 2790 4891 efﬁngis.

923 4952 1175 5008 ΚΕΦΔΛ.
1216 4953 1398 5008 PKH’.

2576 4950 2806 5011 CAPUT
2833 4954 3106 5013 CXXVIII.

449 5064 515 5121 El
544 5068 817 5137 πνεύματι
843 5068 1247 5138 προσεύχεσθαι
1280 5068 1491 5138 βούλει,
1516 5067 1681 5138 μηδὲν
1712 5067 1950 5138 ἁνιμὴση

2126 5060 2181 5115 Si
2211 5061 2405 5131 spiritu
2432 5065 2565 5119 velis
2588 5082 2765 5133 orare,
2790 5068 2925 5125 nihil
2951 5071 3217 5128 hauriasa
3244 5090 3428 5141 carne,
3452 5076 3637 5147 sicque

375 5156 487 5213 ἀπὸ
533 5159 729 5228 σαρκὸς
780 5159 875 5211 καὶ
906 5160 1002 5228 οὐχ
1037 5157 1181 5222 ἕξεις
1222 5159 1382 5227 νέφος
1414 5156 1733 5212 ἀντικοτοῦν
1771 5172 1855 5210 σοι
1896 5158 1952 5208 ὲν

2060 5169 2162 5207 non
2192 5154 2416 5210 habebis
2446 5157 2698 5212 nebulam
2738 5160 2829 5214 tibi
2867 5170 3110 5232 tempore
3147 5167 3410 5222 orationis
3441 5169 3637 5225 adver-

374 5252 457 5325 τῷ
483 5251 660 5323 καιρῷ
685 5255 785 5323 τῆς
820 5252 1153 5322 προσευχῆς.

706 5255 785 5323 πῆς
820 5252 1153 5322 προσευχῆς.
2055 5255 2283 5302 santem.

924 5388 1175 5440 ΚΕΦΑΛ.
1220 5386 1393 5440 ΡΚΘ’.
2154 5380 2161 5385 ’

2154 5380 2161 5385 ’
2593 5385 2824 5441 CAPUT
2857 5389 3093 5445 CXXIX.

465 5499 863 5571 Ἔμπίστευσον
903 5500 981 5570 τῷ
1026 5500 1145 5571 Θεῷ
1178 5501 1277 5570 τὴν
1323 5499 1512 5569 χρείαν
1551 5498 1643 5552 τοῦ
1677 5496 1952 5567 σώματος,

2126 5499 2414 5555 Committe
2443 5501 2615 5556 ﬁdens
2648 5501 2757 5557 Deo
2798 5507 3045 5573 corporis
3091 5518 3405 5576 egesmtem,
3450 5510 3640 5579 sicque

382 5593 481 5647 καὶ
528 5592 684 5663 δῆλος
735 5592 833 5662 ἔσῃ
884 5594 977 5645 καὶ
1023 5592 1121 5662 τὴν
1167 5591 1261 5644 τοῦ
1326 5591 1635 5662 πνεύματος
1685 5589 1955 5644 πιστεύων

2063 5590 2378 5647 manifestus
2406 5593 2536 5659 eris,
2586 5594 2727 5662 quod
2762 5604 2815 5649 et
2844 5596 2988 5651 illam
3019 5599 3248 5668 spiritus
3277 5600 3382 5669 ipsi
3411 5614 3640 5657 concre-

384 5681 548 5753 αὐτῷ.
2058 5681 2164 5738 dis.

668 5802 943 5861 I’ATBOL.
985 5798 1101 5859 Gn.
1134 5796 1394 5858 LXXIX.

3227 5799 3303 5861 ‘38
3489 5788 3512 5837 ⁸
