3990 6204
426 284 559 351 Πθῖ

986 402 1234 456 ΚΕΦΑΛ.
1276 402 1411 456 PM‘.

492 516 586 587 Μὴ
624 513 892 587 παραιτοῦ
939 515 1063 578 τοὺς
1105 516 1361 582 κναφεϊς·
1390 515 1439 567 εί
1470 516 1578 585 γὰρ
1613 516 1704 568 καὶ
1736 514 1998 567 τύπτουσι

427 608 745 670 πατοῦντες,
779 607 871 661 καὶ
902 607 1169 670 τείνοντες
1204 605 1466 670 ξαίνουσι,
1499 605 1634 659 ἀλλά
1668 621 1731 673 γε
1758 604 1844 657 διὰ
1874 604 1999 657 τού-

425 718 534 755 των
559 700 788 771 λαμπρὰ
816 702 848 770 ἡ
884 698 1138 766 αἴσθησίς
1166 713 1259 749 σου
1287 698 1519 765 γίνεται.

974 836 1223 888 ΚΕΦΑΛ.
1268 835 1447 887 PMA’.

515 950 628 1018 Ἐφ’
658 951 779 1003 ὅσον
808 948 907 1000 οὐκ
940 948 1197 1011 ἀπετὰξω
1227 950 1341 1011 τοῖς
1378 947 1630 1013 πάθεσιν,
1668 948 1783 1002 ἀλλ’
1813 950 1841 1003 ὀ
1872 948 1999 1011 νοῦς

431 1058 526 1095 σου
560 1041 897 1094 ἐναντιοῦται
930 1043 995 1111 τῇ
1023 1041 1192 1111 ἀρετῇ
1212 1079 1226 1102 ,
1258 1042 1353 1093 καὶ
1382 1043 1449 1111 τῇ
1479 1040 1740 1111 ἀληθείᾳ,
1780 1042 1879 1112 οὐχ
1910 1042 2001 1095 εύ-

434 1133 620 1204 ρήσεις
646 1132 845 1194 εὑῶδες
874 1131 1123 1201 θυμίαμα
1155 1134 1212 1184 ὲν
1240 1131 1313 1200 τῷ
1344 1131 1529 1202 κόλπῳ
1566 1149 1680 1186 σου.

981 1263 1231 1316 ΚΕΦΑΛ.
1271 1264 1448 1317 PMB'.

502 1371 913 1444 Προσεύξασθαι
949 1373 1163 1437 ποθείς;
1200 1373 1475 1442 μεταστὰς
1515 1372 1629 1425 τῶν
1666 1372 1899 1437 ἐνθένδε,
1939 1374 2003 1428 τὸ

432 1466 756 1533 πολίτευμα,
810 1465 897 1534 ἔχε
941 1466 998 1515 ἐν
1040 1465 1290 1534 οὐρανοῖς
1329 1463 1416 1517 διὰ
1463 1463 1704 1529 παντὸς,
1751 1466 1813 1518 οὒ
1858 1464 2003 1535 λόγῳ

434 1556 617 1619 ἁπλῶς
673 1554 846 1626 ψιλῷ,
902 1555 1038 1608 ἀλλά
1098 1556 1298 1626 πράξει
1349 1554 1613 1628 ἀγγελικῇ
1668 1558 1762 1612 καὶ
1802 1556 2003 1627 γνώσει

434 1647 603 1704 θειοτέ
613 1668 700 1721 pq.

980 1756 1228 1836 ΚΕΦΑᾸ.
1270 1783 1450 1838 PMI".

505 1896 568 1947 El
616 1895 776 1964 μόνον
816 1894 1148 1965 δυσπραγῶν
1195 1894 1558 1963 μνημονεύεις
1607 1893 1702 1947 τοῦ
1756 1894 2003 1966 Κριτοῦ,

432 1984 510 2048 ὡς
539 1985 787 2056 φοϐερὸς,
818 1987 913 2038 καὶ
939 1984 1237 2048 ἀδέκαστος
1272 1986 1508 2055 ὑπάρχει
1527 2023 1542 2047 ,
1574 1984 1788 2037 οὐδέπω
1824 1986 2005 2055 μεμά-

435 2077 610 2148 Θηκας
639 2078 912 2132 δουλεύειν
958 2080 1148 2149 Κυρίῳ
1191 2079 1251 2131 ἐν
1289 2077 1470 2147 φόϐῳ,
1507 2076 1603 2129 καὶ
1647 2076 2007 2145 ἀταλλιᾶσθαι

436 2171 584 2239 αὐτῷ
615 2174 671 2225 ἐν
698 2170 909 2241 τρόμῳ.
945 2170 1084 2223 Ἰσθι
1110 2171 1256 2241 γὰρ,
1295 2170 1377 2222 ὃτι
1422 2170 1525 2223 κάν
1557 2170 1678 2231 ταῖς
1703 2184 2008 2235 πνευματι-

437 2266 563 2325 καῖς
590 2262 849 2325 ἀνέσεσι,
904 2263 999 2314 καὶ
1026 2263 1284 2331 εὐωχίαις
1329 2259 1535 2331 μᾶλλον
1575 2261 1691 2331 μετ’
1721 2260 2009 2322 εῦλαδείας

440 2353 538 2407 καὶ
568 2354 748 2417 αίδοῦς
777 2354 856 2406 δεῖ
885 2352 1170 2425 λατρεύειν
1199 2353 1366 2423 αὐτῷ.

981 2486 1212 2540 ΚΕΦΑΛ
1222 2525 1234 2538 .
1278 2486 1456 2541 PMA’.

523 2599 887 2670 Ἐπιγνὼμων
915 2599 1054 2669 ἀνὴρ
1078 2638 1093 2662 ,
1137 2601 1167 2651 ὀ
1212 2599 1289 2670 μὴ
1333 2599 1442 2670 πρὸ
1468 2600 1567 2670 τῆς
1598 2599 1813 2664 τελείας
1851 2617 2013 2671 μετα·

442 2693 591 2756 νοίας
618 2694 987 2763 ἀνασχόμενος
1019 2693 1117 2763 τῆς
1144 2691 1377 2745 ὲλλύπου
1426 2693 1617 2761 μνείας
1653 2693 1763 2747 τῶν
1795 2694 2013 2748 οίκείων

442 2784 886 2856 ἁμαρτημάτων,
919 2785 1010 2836 καὶ
1039 2784 1141 2853 τῆς
1172 2783 1229 2835 ὲν
1270 2783 1403 2852 πυρὶ
1438 2782 1641 2855 αίωνίῳ
1681 2782 1872 2856 δίκης,
1913 2787 2013 2856 τῆς

442 2877 650 2931 τούτων
688 2877 1054 2948 εἰσπράξεως.

991 3009 1242 3062 ΚΕΦΛΛ.
1282 3011 1465 3065 ΡΜΕ’.

1778 284 1874 343 DE
1908 281 2316 342 ORATIONE.

3539 282 3673 342 1198

2680 386 2909 449 CAPUT
2937 392 3092 451 CXL.

2166 504 2245 562 Ne
2278 519 2507 576 respuas
2537 503 2803 569 fullones;
2835 506 3033 560 etenim
3070 520 3112 561 st
3136 507 3521 564 conculcantes
3554 510 3676 578 pul-

2100 608 2240 664 sent,
2281 608 2335 653 et
2364 598 2752 653 contendentes
2806 599 3136 664 carminent;
3178 608 3413 653 attamen
3451 616 3547 670 per
3579 603 3680 657 ista

2102 705 2297 746 sensus
2335 699 2461 745 tuus
2484 690 2796 759 splendidus
2822 690 3019 744 evadit.

2670 820 2898 876 CAPUT
2927 821 3102 876 CXLI.

2171 935 2420 1001 Quandiu
2467 950 2573 989 non
2614 936 3016 990 renuntiaveris
3060 935 3427 1003 passionihus,
3465 937 3559 991 sed
3596 948 3682 991 tua

2103 1043 2255 1082 mens
2294 1029 2477 1082 virtuti
2524 1030 2875 1091 adversetur,
2930 1038 2984 1083 et
3036 1028 3283 1093 veritati,
3342 1043 3683 1099 nequaquam

2106 1120 2350 1176 invenies
2380 1120 2673 1176 beneolens
2704 1119 2757 1173 in
2798 1119 2920 1174 sinu
2958 1129 3049 1173 tuo
3087 1117 3479 1175 sufﬁmentum.

2561 1254 2725 1327 509
2758 1252 2987 1310 CAPUT
3026 1253 3230 1309 cxur.

2173 1373 2341 1442 (lupis
2391 1370 2580 1427 orare?
2613 1370 2991 1426 transferendo
3040 1380 3091 1423 te
3138 1369 3283 1432 hinc,
3320 1371 3690 1424 conversatio-

2105 1480 2226 1519 nem
2253 1466 2457 1536 jugiter
2482 1466 2537 1519 in
2570 1464 2725 1520 cmlis
2770 1463 2927 1528 habe,
2975 1475 3085 1516 non
3114 1460 3263 1516 nudo
3292 1462 3459 1516 verbo
3485 1462 3693 1532 simpli-

2105 1556 2261 1620 citer,
2290 1557 2385 1611 sed
2411 1564 2536 1610 actu
2577 1554 2839 1624 angelico,
2881 1565 2936 1609 et
2957 1554 3222 1610 diviuinre
3253 1553 3584 1622 cognitione.

2651 1777 2880 1835 CAPUT
2913 1778 3144 1834 CXLIII.

2182 1892 2239 1946 Si
2274 1900 2483 1945 tantum
2534 1890 2783 1946 adversis
2822 1890 2874 1944 in
2923 1891 3088 1944 rebus
3130 1889 3435 1945 recorderis
3466 1887 3693 1957 Iudicis,

2109 2000 2273 2055 quam
2300 1983 2584 2048 terribilis,
2627 1992 2682 2037 et
2709 1982 2869 2041 donis
2926 1981 3276 2046 incorruptus
3302 1982 3549 2045 exsistat,
3590 1998 3696 2038 non

2109 2078 2289 2131 adhuc
2338 2077 2575 2132 didicisti
2610 2077 2816 2131 servire
2864 2073 3100 2129 Domino
3153 2075 3206 2129 in
3264 2075 3493 2141 timore,
3538 2076 3701 2145 eique

2108 2170 2385 2225 exsultare
2416 2172 2469 2223 in
2505 2178 2743 2223 tremore
2764 2167 2831 2222 “.
2869 2165 3017 2221 Scite
3050 2168 3233 2236 igitur,
3266 2168 3411 2236 quod
3449 2168 3504 2221 in
3536 2168 3701 2237 spiri~

2111 2262 2347 2315 tualihus
2377 2260 2830 2324 recreationibns,
2860 2273 2923 2312 ac
2955 2258 3349 2327 epulis‘majori
3383 2274 3507 2313 eum
3537 2262 3702 2315 devo-

2115 2351 2262 2405 tione
2290 2359 2342 2404 et.
2371 2351 2674 2404 reverentia
2700 2359 2913 2420 oportet
2947 2351 3122 2419 ipsum
3161 2349 3338 2405 colere
3369 2360 3421 2403 et
3451 2350 3701 2404 adorare.

2667 2483 2894 2541 CAPUT
2928 2483 3157 2539 CXLIV.

2185 2598 2416 2668 Sapiens
2455 2599 2541 2652 vir
2584 2610 2667 2654 est
2716 2607 2770 2653 et
2814 2599 3212 2664 consideratus,
3273 2598 3364 2668 qui
3410 2604 3537 2653 ante
3582 2614 3705 2669 per-

2116 2692 2309 2747 fectam
2346 2692 2739 2763 paenitentiam
2768 2708 2875 2747 non
2916 2692 3131 2749 desistit
3164 2710 3194 2748 a
3228 2695 3489 2747 tnemoria
3520 2694 3708 2750 dolore

2115 2782 2309 2839 aﬂecta
2374 2801 2599 2839 suorum
2658 2795 3043 2854 peccatorum,
3118 2795 3171 2839 et
3230 2785 3596 2840 damnationis
3652 2788 3706 2841 in

2115 2884 2322 2931 aeterno
2354 2878 2479 2947 igne
2508 2891 2608 2947 pro
2638 2877 2863 2931 illorum;
2898 2878 3320 2947 perpetratione.

2682 3006 2913 3064 CAPUT
2937 3007 3144 3064 CXLV.

522 3121 585 3173 '0
611 3125 668 3174 ὲν
693 3121 993 3192 ἁμαρτίαις
1034 3121 1355 3191 ἐνεχόμενος
1377 3164 1393 3189 ,
1418 3124 1540 3177 οιαὶ
1572 3129 1976 3197 παροργισμοῖς
1995 3167 2010 3192 ,

2189 3118 2292 3184 Qui
2327 3121 2563 3188 peccatis
2607 3118 2881 3174 detinetur
2901 3131 2955 3174 et
2982 3123 3439 3180 concitationihus
3464 3126 3528 3180 ad
3548 3126 3706 3193 iram,

443 3215 538 3269 καὶ
566 3214 780 3284 τολμῶν
808 3213 1039 3276 ἀναιδῶς
1062 3213 1399 3267 ἑκτείνεσθαι
1422 3215 1557 3283 πρὸς
1586 3217 1789 3283 γνῶσιν
1816 3217 2015 3270 θειοτέ-

445 3323 555 3377 ρων
585 3304 947 3375 πραγμάτων,
979 3304 1010 3373 ἢ
1040 3304 1134 3357 καὶ
1156 3305 1321 3357 ἀΰλου
1352 3304 1817 3375 κατεπεμὸαίνων
1846 3324 2015 3378 προσ-

443 3396 628 3466 ευχῆς,
663 3389 817 3456 οὗτος
846 3394 1084 3466 δεχέσθω
1123 3394 1183 3448 τὸ
1216 3393 1572 3448 ἀποστολικδν
1601 3395 1899 3467 ἐπιτίμιον,
1936 3398 2013 3462 ὡς

442 3482 545 3540 οὐκ
572 3488 721 3539 ἔστιν
747 3485 1029 3539 ἀκίνδυνον
1061 3484 1230 3556 αὐτῷ,
1252 3484 1312 3537 τὸ
1332 3488 1513 3556 γυμνῇ
1536 3525 1551 3549 ,
1587 3486 1679 3537 καὶ
1708 3487 2013 3558 ἀκαλύπτῳ

444 3578 650 3649 κεφαλῇ
710 3576 1130 3649 προσεύχεσθαι.
1182 3595 1202 3628 ι
1249 3576 1482 3644 Ὀφείλει
1536 3576 1681 3648 γὰρ,
1734 3578 1920 3648 φησὶν,
1978 3582 2013 3650 ἡ

442 3671 669 3737 τοιαύτη
724 3670 867 3722 κατά
913 3667 1159 3737 κεφαλῆς
1208 3667 1461 3733 ἐξουσίαν
1523 3666 1709 3737 ἔχεενπ
1744 3669 1829 3723 διὰ
1888 3670 2016 3735 τοὺς

446 3759 758 3829 ἐφεστῶτας
804 3758 1091 3826 ἀγγέλους,
1114 3777 1132 3810 ι
1170 3757 1323 3823 αἰδῶ,
1370 3758 1467 3812 καὶ
1513 3760 2016 3834 ταπεινοφροσύνην

447 3851 833 3921 προσήκουσαν
865 3847 1325 3920 περιϐαλλομένη.

986 4001 1236 4057 ΚΕΦΔΛ.
1276 4007 1474 4076 Ptuq'.

516 4115 729 4187 Ὠσπερ
768 4114 1152 4188 ὀφθαλμιῶντα
1207 4119 1309 4173 οὐκ
1358 4120 1541 4193 ὀνήσει
1585 4124 1619 4193 ἡ
1669 4123 1737 4179 ιν-
1770 4124 2016 4198 σταθηρᾷ

450 4207 804 4280 μεσημϐρία,
854 4208 949 4261 καὶ
997 4210 1331 4283 σφοδροτάτῃ
1374 4216 1696 4287 φρυκτωρία
1737 4217 2014 4287 ἀκατάλη-

448 4316 582 4360 πτος
603 4338 618 4361 ,
650 4300 743 4352 καὶ
788 4300 1156 4371 ὲπιτεταμένη
1202 4302 1296 4355 τοῦ
1330 4303 1479 4374 ἡλίου
1511 4303 1642 4370 θέα,
1680 4305 1855 4372 οὕτως
1894 4310 2015 4363 οὐδὲ

447 4388 537 4441 τὸν
588 4387 810 4458 ἐμπαθῆ
836 4431 851 4455 ,
889 4390 982 4442 καὶ
1011 4391 1322 4462 ἀκάθαρτον
1365 4394 1512 4460 νοῦν,
1558 4397 1591 4466 ἠ
1622 4395 1723 4467 τῆς
1755 4398 1813 4451 ὲν
1852 4400 2014 4453 πνεύ-

452 4495 581 4547 ματι
607 4519 622 4543 ,
657 4479 750 4531 καὶ
793 4479 1027 4552 ἀληθεία
1069 4480 1337 4552 φοϐερᾶς,
1370 4484 1464 4537 καὶ
1492 4484 1806 4557 ὑπερφυοῦς
1836 4490 2015 4563 προσ-

447 4572 609 4639 ευχῆς
654 4570 1005 4635 ἀνατύπωσις
1054 4574 1333 4638 παντελῶς
1391 4576 1675 4647 ὀνήσειεν,
1737 4578 1893 4633 ἀλλά
1925 4581 2017 4634 καὶ

444 4659 755 4712 τούναντίον
810 4659 946 4731 πρὸς
993 4661 1370 4736 ἀγανάκτησιν
1418 4666 1542 4719 καθ’
1577 4668 1770 4722 ἑαυτοῦ
1815 4671 2018 4741 ἐγείρει

447 4750 507 4801 τὸ
545 4750 721 4804 Θείον.

990 4890 1243 4944 ΚΕΦΑΛ.
1285 4891 1463 4945 ΡΜΖ’.

515 4998 582 5053 EI
612 4998 701 5050 τὸν
734 4995 873 5066 μετά
904 4997 1078 5067 δώρου
1113 5000 1479 5070 προσελθόντα
1517 5002 1608 5053 ἐπὶ
1637 5002 1698 5055 τὸ
1727 5002 2007 5074 θυσιαστήο

451 5103 564 5157 ριον
589 5086 687 5138 οὐκ
721 5084 957 5151 ἐδέξατο,
983 5089 1011 5138 ὀ
1039 5087 1314 5158 ἀνενδεὴς,
1344 5089 1437 5142 καὶ
1464 5088 1759 5151 ἀδέκαστος
1790 5090 1895 5151 ἕως
1919 5089 2014 5141 τοῦ

448 5175 803 5244 διαλλαγῆναι
862 5176 941 5245 τῷ
1000 5176 1223 5243 πλησίον
1286 5178 1608 5250 λυπουμένῳ
1661 5178 1797 5254 πρὸς
1831 5181 2015 5247 αὑτὸν,

449 5265 638 5319 σκόπει
673 5266 844 5335 πόσης
884 5266 1129 5337 φυλακῆς
1178 5271 1273 5321 καὶ
1317 5270 1644 5338 διακρίσεως
1686 5271 1883 5341 χρεία,
1929 5273 2017 5325 ἵνα

447 5358 839 5429 εὐπρόσδεκτον
878 5360 1057 5431 δῶμεν
1098 5362 1174 5433 τῷ
1203 5362 1321 5433 Θεῴ
1351 5363 1606 5435 θυμίαμα
1650 5367 1707 5417 ὲν
1730 5364 1809 5436 τῷ
1840 5366 2015 5437 νοητῷ

447 5449 837 5522 θυσιαστηρίῳ.

2116 3211 2389 3279 audetque
2430 3211 2770 3281 impudenter
2809 3213 2873 3265 ad
2933 3227 3116 3267 rerum
3164 3215 3491 3271 diviniorunt
3525 3221 3711 3288 cogni-

2118 3301 2323 3356 tionem
2358 3318 2476 3363 sese
2533 3303 2845 3366 extendere,
2879 3312 2973 3357 aut
3000 3306 3161 3358 etiam
3200 3304 3264 3359 ad
3302 3305 3708 3364 immaterialem

2117 3394 2412 3448 ascendere
2459 3396 2799 3460 orationem,
2869 3396 3132 3464 suscipiat
3200 3396 3291 3450 ille
3355 3401 3708 3467 apostolicam

2116 3499 2428 3550 censuram,
2460 3487 2604 3553 quod
2638 3486 2897 3541 nimirum
2945 3501 3028 3540 res
3065 3504 3168 3540 non
3196 3490 3311 3542 sine
3340 3491 3578 3558 periculo
3607 3504 3707 3557 est,

2116 3576 2285 3641 nudo,
2311 3591 2410 3630 nec
2442 3589 2631 3646 operto
2650 3578 2825 3649 capite
2848 3593 3002 3632 orare
3035 3596 3049 3631 :
3082 3597 3099 3629 ι
3125 3578 3289 3633 Debet
3315 3581 3480 3643 enim,
3512 3582 3707 3651 inquit,

2119 3666 2225 3723 ista
2268 3662 2587 3737 potestatein
2628 3671 2826 3725 habere
2868 3686 3031 3740 super
3081 3683 3242 3741 caput
3293 3682 3511 3743 propter
3548 3691 3714 3743 ange-

2116 3758 2199 3817 Ios
2221 3760 2271 3791 ⁸⁸
2297 3772 2560 3827 astantes,
2600 3766 2857 3833 pudorem
2889 3774 3051 3833 atque
3087 3765 3441 3819 humilitatem
3472 3768 3704 3821 cirrum-

2119 3852 2309 3913 induta
2338 3856 2771 3910 convenientem.

2568 4007 2730 4079 διο
2767 4006 2997 4063 CAPUT
3031 4008 3259 4067 CXLVI.

2185 4119 2660 4187 Quemadmodum
2713 4124 3054 4193 lippientem.
3098 4127 3212 4180 sive
3249 4126 3423 4183 oculis
3459 4128 3707 4184 laboran-

2119 4218 2227 4266 tem
2272 4212 2496 4266 minime
2523 4212 2737 4282 juvabit
2766 4224 3017 4285 aspectus
3049 4218 3199 4282 solis,
3236 4220 3328 4289 qui
3370 4221 3567 4290 percipi
3599 4238 3703 4276 non

2118 4309 2315 4372 potest,
2350 4313 2402 4357 et
2430 4304 2669 4359 intentus
2706 4314 2809 4373 est,
2854 4322 2978 4362 eum
3026 4310 3080 4362 in
3124 4308 3329 4365 fervida
3362 4298 3613 4379 meridie,
3655 4325 3707 4368 et

2122 4396 2595 4452 vehementissima
2634 4398 3027 4454 illuminatione
3066 4402 3391 4470 resplendet,
3416 4405 3488 4457 ita
3534 4421 3707 4474 neque

2117 4486 2467 4555 passionihus
2518 4489 2885 4557 inquinatam,
2943 4490 3319 4561 impuramque
3368 4506 3601 4549 tuentem
3642 4500 3706 4549 li-

2115 4578 2643 4646 guratiotremendaz
2678 4594 2741 4632 ac
2770 4580 3083 4635 excellent-is
3125 4583 3389 4636 orationis
3415 4585 3467 4636 in
3510 4586 3702 4653 spiritu

2114 4673 2169 4720 et
2217 4668 2445 4721 Veritate
2490 4669 2761 4723 ullatenus
2806 4670 3046 4738 juvabit,
3110 4672 3200 4725 sed
3256 4680 3310 4725 et
3349 4687 3379 4727 e
3408 4683 3593 4727 contra
3648 4676 3700 4729 in

2116 4757 2348 4827 seipsam
2388 4760 2567 4827 potius
2619 4760 2863 4814 divinum
2899 4764 3098 4817 excitat
3131 4780 3351 4821 numen.

2643 4897 2872 4953 CAPUT
2923 4898 3172 4957 CXLVII.

2192 5004 2245 5059 Si
2281 5021 2402 5061 eum
2452 5009 2544 5078 qui
2599 5025 2722 5063 cum
2788 5013 2933 5065 dono
2972 5017 3235 5083 processit
3289 5016 3355 5069 ad
3389 5017 3557 5072 altare
3596 5033 3700 5072 non

2116 5099 2353 5167 suscepit
2402 5099 2449 5153 is
2495 5102 2586 5170 qui
2634 5101 2781 5155 nulla
2821 5117 2939 5173 eget
2975 5120 3051 5169 re,
3096 5106 3364 5176 donisque
3406 5120 3487 5164 est
3522 5110 3700 5165 incor-

2116 5203 2327 5261 ruptus,
2375 5192 2549 5249 donec
2579 5198 2961 5252 reconciliatus
2990 5197 3154 5253 fuerit
3189 5199 3338 5255 fratri
3369 5217 3471 5257 suo
3503 5207 3695 5259 adver-

2122 5299 2218 5338 sus
2278 5286 2455 5352 ipsum
2514 5287 2715 5341 dolenti
2750 5289 2833 5354 θ’,
2889 5292 3114 5357 dispice,
3171 5303 3374 5361 quanta
3421 5309 3560 5363 opus
3632 5298 3703 5350 sit

2121 5373 2469 5430 observantia
2504 5388 2556 5433 et
2595 5380 2943 5446 discretione,
2979 5394 3037 5435 ut
3068 5384 3118 5436 in
3165 5385 3513 5442 intellectuali
3545 5388 3703 5443 altari

2122 5463 2487 5522 sufﬁmentum
2533 5472 2643 5525 Deo
2667 5471 2803 5527 bene
2834 5473 3163 5543 aceeptabile
3179 5474 3493 5537 oﬂ‘eramus.

518 5630 563 5663 ’³
628 5630 773 5687 Psal.
812 5649 871 5699 ιι,
910 5631 991 5687 II.
1068 5631 1114 5663 ”
1145 5632 1165 5687 I
1201 5632 1324 5687 Cor.
1358 5633 1535 5699 ΠΛΟ.
1596 5632 1638 5667 ’⁵
1671 5635 1867 5693 Matth.
1924 5654 1976 5700 ν.
2005 5639 2097 5706 23,
2137 5636 2226 5694 94.
