3994 6182
1876 111 1930 122 ...-

479 217 607 282 1201

1496 219 1592 279 DE
1631 216 2004 278 MALIGNIS
2041 216 2706 284 COGITATIONIBUS.

3588 220 3726 284 1202

472 333 946 406 τιτρωσκομένους
975 335 1344 407 διαδέχονταιι
1361 336 1477 391 Οὐκ
1504 336 1622 390 ἔστι
1645 336 1756 406 γὰρ
1780 335 2046 405 ἐμπεσεῖν

2149 334 2202 388 in
2225 350 2419 392 manus
2448 337 2673 407 spiritus
2703 336 3111 406 fornicationis,
3140 337 3234 409 qui
3264 351 3373 393 non
3405 334 3663 392 ceciderit
3696 351 3724 387 a

474 428 558 492 είς
592 429 786 499 χεῖρας
813 427 908 481 τοῦ
932 428 1243 499 πνεύματος
1267 429 1367 499 τῆς
1393 429 1671 501 πορνείας,
1715 429 1790 505 μὴ
1815 429 1923 483 ὑπὸ
1947 430 2049 500 τῆς

472 519 924 589 γαστριμαργίας
953 520 1367 574 καταπεσόντα·
1399 521 1493 574 καὶ
1522 520 1623 574 οὐκ
1650 519 1768 574 ἐστι
1812 519 2050 591 ταράξαι

475 609 683 680 θυμὸν,
716 611 794 681 μὴ
822 610 975 681 ὑπὲρ
1020 609 1326 681 βρωμάτων
1369 612 1403 682 ἢ
1448 612 1790 683 χρημάτων.
1822 612 1857 683 ἢ
1887 611 2049 682 δόξης

476 701 692 769 ἀλόγων
716 701 1024 773 ὲπιθυμιιῖιν
1053 703 1362 774 μαχόμενον
1380 718 1395 732 ·
1442 704 1537 758 καὶ
1562 703 1662 757 οὐκ
1690 702 1805 757 ἐστι
1833 703 1926 757 τὸν
1951 704 2050 774 τῆς

476 796 657 867 λύπης
702 793 934 867 δαίμονα
977 796 1284 865 διαφυγεῖν,
1330 795 1536 850 τούτων
1585 797 1807 852 πάντων
1854 814 2051 868 στερη-

478 886 641 941 θέντα
666 926 682 950 ,
718 886 751 957 ἢ
786 885 864 958 μὴ
906 886 1203 958 δυνηθέντα
1245 888 1458 958 τυχεῖν*
1511 887 1634 942 οὐδὲ
1680 888 2050 958 ἀποφεύξεται

477 978 577 1048 τήν
610 977 993 1048 ὑπερηφανίαν
1022 995 1108 1039 τις
1127 1019 1143 1045 ,
1184 978 1247 1032 τὸ
1290 979 1508 1051 πρῶτον
1533 980 1783 1052 γέννημα
1810 979 1904 1035 τοῦ
1932 980 2050 1036 δια-

479 1068 636 1122 ϐόλου
661 1107 678 1135 ,
715 1068 792 1139 μὴ
822 1067 925 1141 τὴν
951 1069 1064 1123 τῶν
1093 1069 1283 1125 κακῶν
1332 1071 1548 1126 πάντων
1592 1072 1748 1143 ῥίζαν
1797 1072 2051 1145 ἐξορίσας

477 1157 868 1228 φιλαργυρίαν,
896 1157 1058 1230 εἴπερ
1078 1160 1178 1212 καὶ
1201 1158 1363 1213 πενία
1392 1159 1564 1231 ἄνδρα
1589 1164 1878 1228 ταπεινοῖ,
1908 1162 2049 1217 κατὰ

475 1249 568 1302 τὸν
610 1249 773 1316 σοφὸν
813 1249 1170 1319 Σολομῶνταο
1216 1251 1313 1305 καὶ
1357 1250 1659 1323 συλλήϐδην
1705 1253 1914 1317 είπεῖν,
1948 1254 2049 1309 οὐκ

474 1340 625 1392 εστιν
658 1338 946 1410 ἄνθρωπον
991 1343 1311 1412 περιπεσεῖν
1354 1340 1612 1413 δαίμονι,
1662 1344 1738 1415 μὴ
1782 1345 2049 1416 πρότερον

476 1430 568 1483 ὑπ’
608 1429 834 1485 ικείνων
878 1429 984 1484 τῶν
1020 1432 1421 1501 πρωτοστατῶν
1470 1434 1926 1505 κατατρωθέντα,
1966 1435 2048 1490 διδ

475 1522 725 1585 καὶτοὺς
751 1522 901 1592 τρεῖς
948 1520 1175 1585 τούτους
1214 1522 1510 1594 λογισμοὺς
1556 1525 1595 1576 6.
1629 1524 1878 1587 διάϐολος
1926 1524 2067 1579 τότε.

472 1614 553 1686 τῷ
602 1615 815 1685 Σωτῆρι
865 1616 1205 1687 προσήγαγε.
1252 1615 1475 1686 Πρῶτον
1527 1615 1628 1686 μὲν
1674 1617 1801 1679 τοὺς
1840 1615 2043 1682 λεθους,

2150 417 2344 486 spiritu
2390 420 2532 490 gulae
2580 421 2857 489 devictus;
2900 438 3001 478 nec
3044 421 3303 492 possibile
3347 427 3451 484 est,
3485 427 3546 473 ut
3590 417 3726 472 iram

2147 520 2515 575 commoveat,
2548 510 2642 583 qui
2671 528 2780 568 non
2811 513 3093 569 contendit
3132 512 3426 568 etrixatur
3460 522 3560 579 pro
3598 506 3730 562 edu~

2147 598 2255 662 liis.
2284 610 2378 655 aut
2407 603 2675 671 pecuniis,
2725 612 2820 659 aut
2852 605 3038 675 gloriaz
3075 601 3480 660 irrationalibus
3517 596 3729 668 cupidi-

2148 691 2385 757 tatibus;
2427 707 2528 748 nec
2574 694 2737 749 etiam
2784 694 2898 749 ﬁeri
2943 704 3140 765 potest,
3171 704 3229 748 ιιι
3253 694 3552 749 όαξιιιωιοιη
3592 687 3725 750 ellu-

2148 782 2258 852 giat
2281 782 2537 848 tristitiae,
2571 785 2663 854 qui
2688 785 2945 841 omnibus
2976 786 3127 841 hisce
3157 786 3319 841 fuerit
3342 786 3604 854 privatus,
3627 794 3723 836 aut

2149 869 2241 924 illa
2279 873 2497 941 assequi
2530 872 2862 942 nequiverit;
2895 887 2996 929 nec
3025 873 3150 943 quis
3177 873 3370 927 evadet
3396 873 3726 941 superbiam,

2148 972 2272 1028 quae
2319 960 2554 1029 primum
2605 960 2708 1016 fuit
2756 976 2977 1032 germen
3026 961 3249 1028 diaboli,
3296 960 3402 1014 nisi
3459 959 3727 1013 malorum

2148 1048 2393 1103 omnium
2431 1051 2664 1105 radicem
2695 1051 3162 1117 exterminaverit,
3193 1048 3500 1105 avaritiam.
3538 1046 3729 1117 Siqui-

2148 1139 2270 1195 dem
2328 1149 2383 1194 et
2411 1148 2703 1212 paupertas
2732 1141 2909 1196 virum
2966 1141 3246 1206 humiliat,
3304 1138 3602 1194 secundum
3644 1151 3731 1191 sa-

2149 1231 2382 1300 pientem
2452 1231 2837 1297 Salomonem;
2908 1240 3075 1302 utque
3148 1229 3461 1285 summatim
3527 1227 3726 1287 dicam,

2150 1322 2461 1378 nullatenus
2498 1323 2661 1377 homo
2708 1330 2887 1392 potest
2928 1323 2983 1377 in
3008 1320 3207 1377 diaboli
3250 1319 3459 1392 prolabi
3496 1316 3732 1388 potesta-

2150 1423 2280 1479 tem,
2327 1413 2431 1470 nisi
2485 1414 2635 1483 prius
2663 1414 2731 1470 ab
2759 1414 2868 1470 illis
2920 1414 3347 1485 primipilaribus
3404 1410 3567 1465 fuerit
3600 1423 3733 1464 sau-

2150 1506 2356 1571 ciatus;
2387 1514 2442 1583 et
2488 1506 2611 1560 ideo
2662 1505 2761 1561 has
2789 1515 2901 1560 tres
2937 1504 3291 1574 cogitationes
3325 1499 3576 1557 diabolus
3602 1506 3731 1551 tunc

2150 1598 2415 1653 Salvatori
2445 1598 2656 1653 induxit
2678 1599 2747 1656 θ’.
2778 1597 3021 1653 Primum
3054 1597 3273 1667 quidem
3314 1595 3640 1655 exhortans,
3672 1599 3733 1643 ut

474 1666 679 1779 ῗρτουξ
700 1666 1373 1779 gessissent;
1405 1666 1806 1762 .;..;;'..‘:.s;
1838 1666 2043 1779 an;

2150 1687 2358 1756 lapides
2387 1685 2632 1743 efﬁceret
2667 1687 2829 1759 513
2860 1703 3025 1758 panes
3044 1666 3429 1758 {postmodum
3458 1682 3732 1779 spondens

475 1797 597 1853 δλον
643 1796 1129 1869 ἐπαγγελλόμενος
1166 1799 1215 1853 εί
1260 1798 1443 1852 πεσὼν
1490 1800 1891 1870 προσκυνήσει·
1950 1800 2048 1852 καὶ

473 1887 656 1956 τρίτον
709 1889 758 1945 εί
801 1888 1026 1944 άκούσοι
1066 1887 1492 1960 δοξασθήσεσθαι
1544 1890 1739 1959 λέγων,
1775 1887 1944 1963 μηδὲν
1982 1892 2048 1944 ὲκ

473 1977 569 2032 τοῦ
618 1978 940 2050 τηλικούτου
971 1979 1267 2052 πτώματος
1298 1981 1608 2036 πεπονθότα
1629 2022 1645 2045 ,
1678 1974 1754 2035 ὧν
1779 1982 1808 2035 6
1837 1981 2048 2052 Κύριος

474 2069 633 2139 ήμῶν
684 2070 949 2141 κρείττων
1000 2074 1210 2140 φανεὶς,
1269 2074 1350 2131 είς
1390 2073 1634 2128 τούπίσω
1682 2072 1761 2144 τῷ
1810 2072 2046 2144 διαϐόλῳ

474 2161 674 2227 χωρεῖν
712 2160 1069 2228 προσέταττε,
1102 2160 1191 2215 διὰ
1218 2160 1425 2215 τούτων
1449 2160 1544 2215 καὶ
1573 2162 1721 2232 ἡμᾶς
1751 2160 2041 2228 διδάσκων,

473 2249 550 2310 ὡς
584 2248 685 2301 οὐκ
718 2247 863 2302 ἐστιν
889 2250 1214 2305 ἀπώσασθαι
1235 2252 1327 2307 τὸν
1355 2252 1623 2322 διάϐολον,
1655 2254 1732 2325 μὴ
1754 2253 1863 2308 τῶν
1880 2252 2050 2325 τριῶν

477 2341 683 2397 τούτων
706 2347 1227 2417 καταφρονήσαντας
1251 2347 1551 2419 λογισμῶν.

1076 2484 1332 2538 ΚΕΦΔΔ.
1371 2481 1449 2539 B’.

549 2592 761 2656 Πάντες
784 2594 832 2646 οί
861 2593 1235 2665 δαιμονιώδεις
1256 2594 1525 2667 λογισμοὶ,
1559 2597 1808 2668 νοήματα
1839 2598 1921 2662 είς
1948 2598 2047 2671 τὴν

476 2680 655 2752 ψυχήν
702 2681 976 2753 αἰσθητῶν
1003 2684 1345 2754 πραγμάτων
1366 2684 1731 2756 είσφέρουσιν,
1754 2687 1814 2741 ὲν
1850 2683 1931 2750 οἷς
1956 2705 2053 2742 τυ-

478 2773 747 2843 πούμενος
770 2775 798 2827 6
830 2775 953 2839 νοῦς
980 2775 1076 2838 τὰς
1098 2775 1311 2847 μορφὰς
1326 2777 1434 2831 τῶν
1462 2778 1802 2849 πραγμάτων
1829 2779 2051 2834 ἐκείνων

478 2864 536 2916 ἐν
566 2863 745 2934 ἑαυτῷ
777 2865 1084 2936 περιφέρει,
1117 2866 1210 2919 καὶ
1252 2866 1346 2920 ἀπ’
1376 2866 1543 2921 αὐτοῦ
1580 2865 1676 2921 τοῦ
1726 2868 2052 2938 πράγματος

477 2952 667 3009 λοιπὸν
727 2955 1082 3025 ἐπιγινώσκει
1137 2958 1230 3012 τὸν
1294 2958 1736 3032 προσεπίσαντα
1789 2958 2048 3029 δαίμονα·

2147 1779 2409 1832 mundum
2427 1779 2763 1844 universum,
2784 1778 2830 1833 si
2850 1779 3050 1834 cadens
3072 1777 3319 1832 adoraret
3334 1792 3350 1841 ;
3366 1774 3527 1830 tertio
3543 1772 3730 1826 dicens

2148 1869 2325 1940 ipsum
2349 1869 2731 1925 celebrandum
2765 1868 2883 1924 fore
2912 1883 2977 1924 ac
3003 1867 3443 1938 gloriilcandum,
3479 1864 3525 1919 si
3557 1863 3730 1917 obau-

2148 1961 2339 2029 disset,
2372 1961 2501 2017 dum
2563 1976 2629 2016 ex
2656 1961 2750 2016 illo
2800 1961 2893 2016 tali
2943 1976 3076 2020 casu
3112 1960 3249 2014 nihil
3279 1957 3442 2012 fuerit
3473 1970 3671 2026 passus
3712 1972 3725 2007 :

2148 2051 2351 2122 quibus
2416 2051 2681 2106 Dominus
2743 2059 2929 2106 noster
2988 2051 3243 2120 superior
3304 2061 3612 2121 apparens,
3670 2053 3730 2098 ut

2149 2140 2513 2196 retrocederet
2567 2142 2784 2197 diabolo
2840 2142 3152 2206 mandavit,
3208 2155 3418 2210 nosque
3477 2153 3574 2209 per
3623 2136 3725 2191 ista

2148 2230 2387 2295 edocuit,
2417 2233 2562 2302 quod
2615 2232 2945 2303 impossibile
2990 2243 3073 2290 est
3118 2233 3393 2292 diabolum
3434 2230 3725 2302 repellere,

2149 2322 2259 2379 nisi
2284 2332 2395 2380 tres
2416 2323 2548 2383 istas
2568 2324 2983 2395 despexerimus
3002 2326 3381 2398 cogitationes.

2766 2457 2993 2514 CAPUT
3045 2457 3125 2515 ΙΙ..

2222 2568 2429 2625 Omnes
2460 2568 2815 2627 daemoniaies
2845 2573 3206 2643 c0gitationes
3245 2570 3726 2626 intorunt‘ianimae

2152 2674 2338 2716 rerum
2387 2661 2734 2717 sensibilium
2788 2663 3063 2727 notiones,
3106 2660 3727 2733 quibusmensinfor-

2152 2759 2321 2815 mata,
2356 2749 2561 2807 formas
2601 2751 2837 2807 illarum
2860 2769 3042 2808 rerum
3088 2752 3142 2807 in
3174 2752 3352 2823 seipsa
3387 2751 3725 2814 circumfert.

2153 2840 2360 2911 sicque,
2389 2840 2731 2907 daemonem,
2784 2842 2878 2912 qui
2918 2844 3387 2913 appropinquarit,
3428 2858 3461 2897 e
3506 2858 3565 2899 re
3608 2843 3725 2913 ipsa

2155 2930 2459 2999 dignoscit;
2486 2933 2728 3002 exempli
2768 2934 2965 3003 gratia.
3016 2933 3063 2989 si
3097 2934 3392 2991 accesserit
3430 2933 3723 2990 intellectui

475 3037 609 3104 οἷον,
659 3044 709 3095 εί
760 3043 854 3097 τοῦ
889 3043 1268 3116 ζημιώσαντός
1301 3025 1393 3119 με,
1437 3025 1529 3103 καί
1574 3025 1945 3121 άτιμάσαντύς
1978 3067 2048 3122 με

2155 3036 2279 3077 meo
2304 3037 2574 3093 persona,
2622 3039 2745 3094 qua:
2772 3040 2858 3080 me
2896 3025 3248 3090 detrimento,
3282 3035 3377 3082 aut
3425 3025 3724 3094 ignominia

476 3132 536 3184 ὲν
573 3135 638 3201 τῇ
672 3131 880 3206 διανοίᾳ
915 3152 1017 3204 μου
1064 3137 1127 3190 τὸ
1168 3138 1462 3209 πρόσωπον
1494 3140 1724 3209 γένοιτο,
1765 3142 2049 3213 ἐλέγχεται

475 3222 504 3273 6
535 3222 636 3291 τῆς
677 3227 1045 3293 μνησικακίας
1073 3229 1407 3299 παραϐαλὼν
1435 3231 1717 3303 λογισμός.
1769 3233 1832 3287 Εί
1883 3233 2048 3287 πάλιν

476 3314 808 3390 χρημάτων.
866 3317 903 3387 ἢ
961 3317 1119 3389 δόξῃς
1169 3321 1486 3393 ,ἀνάμνησις
1540 3323 1786 3393 γένοιτο,
1841 3325 1907 3379 ἐκ
1950 3325 2045 3379 τοῦ

478 3405 802 3478 πράγματος
817 3406 975 3481 δῆλον
998 3410 1080 3462 ὃτι
1096 3411 1124 3462 6
1146 3409 1342 3465 θλίϐων
1360 3414 1507 3482 ἡμᾶς
1538 3415 2008 3485 ἐπιγνωσθήσεται
2028 3434 2043 3449 ·

478 3495 573 3548 καὶ
605 3496 707 3549 ἐπι
726 3497 835 3551 τῶν
880 3497 1139 3573 ἆλλωνδὲ
1170 3499 1449 3572 λογισμῶν
1485 3504 1768 3567 ὡσαύτως,
1807 3505 1915 3558 ἀπὸ
1951 3505 2046 3559 τοῦ

477 3582 806 3653 πράγματος
848 3586 1106 3658 εὑρήσεις
1151 3589 1243 3642 τὸν
1289 3592 1638 3662 παρεστῶτα,
1671 3594 1765 3646 καὶ
1811 3595 2048 3650 ὑποϐάλ-

473 3671 649 3727 λοντα
687 3674 788 3740 τὰς
825 3678 1127 3744 φαντασίας
1180 3679 1431 3751 δαίμονα.
1489 3684 1564 3736 Οὐ
1619 3684 1800 3747 πάσας
1850 3685 1907 3739 δὲ
1951 3686 2049 3751 τὰς

475 3766 698 3836 μνήμας
725 3768 833 3822 τῶν
862 3770 1121 3825 τοιούτων
1151 3772 1498 3843 πραγμάτων
1523 3776 1585 3827 ὲκ
1614 3775 1881 3844 δαιμόνων
1902 3776 2048 3847 λέγω

392 3850 395 3853 ’
477 3861 800 3930 συμϐαίνειν
820 3880 833 3895 ·
869 3865 1059 3937 ἐπειδὴ
1092 3867 1303 3937 πέφυκε
1336 3868 1433 3921 καὶ
1459 3868 1620 3933 αὐτὸς
1650 3871 1678 3923 ό
1702 3868 1828 3936 νοῦς
1861 3872 2047 3926 κινού-

383 3955 392 3961 “
476 3967 637 4021 μενος
674 3953 779 4008 ὑπὸ
806 3955 901 4009 τοῦ
946 3958 1249 4029 ἀνθρώπου
1275 3958 1384 4017 τῶν
1424 3961 1725 4029 γεγονότων
1750 3962 2049 4035 ἀναφέρειν

473 4044 571 4107 τάς
619 4046 940 4113 φαντασίας,
987 4049 1103 4103 ἀλλ’
1150 4049 1274 4104 ὅσαι
1318 4049 1443 4105 τῶν
1478 4051 1711 4122 μνημῶν
1769 4052 1963 4123 θυμὸν,
2011 4052 2046 4123 ἢ

474 4130 771 4204 ἐπιθυμίαν
798 4136 949 4206 παρὰ
977 4135 1139 4205 φύσιν
1168 4137 1626 4193 συνεπισπῶνται.
1677 4140 1779 4194 Διὰ
1805 4141 1913 4211 γὰρ
1937 4142 2038 4212 τὴν

471 4224 872 4295 ταραχήντῶν
920 4226 1017 4281 δύο
1058 4227 1345 4300 δυνάμεων
1386 4230 1592 4301 τούτων
1613 4272 1629 4299 ,
1658 4230 1689 4284 6
1729 4229 1856 4296 νοῦς
1902 4232 2047 4299 κατὰ

471 4315 1138 4418 διάνοιάνζμοιχεύειικαὶ
1168 4323 1422 4418 μάχεται,
1452 4323 1547 4418 τοῦ
1576 4324 2045 4418 νομοθετήσαντος
2077 4359 2123 4418 D

472 4406 636 4465 αὐτὸν
684 4409 785 4479 τήν
834 4411 1140 4479 φαντασίαν
1186 4412 1546 4478 ἀναδέξασθαι
1597 4414 1673 4485 μὴ
1720 4413 2040 4485 δυνάμενος.

471 4500 648 4571 Εἴπερ
676 4501 710 4571 ἠ
746 4500 1070 4573 λαμπρότης
1109 4502 1295 4575 ἐκείνη
1338 4504 1481 4558 κατὰ
1526 4505 1786 4577 στέρησιν
1824 4507 2043 4561 πάντων

470 4589 580 4644 τῶν
607 4592 668 4644 ὲν
694 4593 807 4655 τοῖς
836 4592 1128 4663 πράγμασι
1174 4593 1465 4665 νοημάτων
1493 4596 1551 4647 ὲν
1593 4594 1672 4666 τῷ
1721 4597 1899 4669 καιρῷ
1945 4600 2045 4668 τῆς

471 4682 781 4752 προσευχῆς
806 4681 883 4752 τῷ
897 4682 1211 4754 ἡγεμονικῷ
1229 4684 1653 4755 παραφαίνεται.
1674 4687 1789 4741 Οὐκ
1813 4687 1880 4741 ἂν
1903 4689 2041 4742 ἀπό-

472 4771 620 4826 θοιτο
645 4773 743 4835 τὰς
775 4773 1046 4844 ἐμπαθεῖς
1083 4776 1303 4847 μνήμας
1332 4775 1363 4829 6
1387 4775 1690 4846 ἄνθρωπος,
1739 4777 1816 4849 μὴ
1852 4778 2040 4837 ἐπιθυ-

473 4863 626 4932 μίας,
674 4864 770 4917 καὶ
798 4864 971 4935 θυμοῦ
1012 4865 1333 4936 ἐπιμέλειαν
1373 4866 1759 4937 ποιησάμενος,
1796 4867 1895 4937 τὴν
1939 4867 2040 4939 μὲν

470 4954 770 5023 νηστείαις,
799 4955 1150 5029 ἀγρυπνίαις,
1191 4957 1287 5010 καὶ
1326 4958 1678 5028 χαμευνείαις
1726 4956 2041 5020 καταναλὼ-

470 5061 593 5108 σας,
621 5045 714 5099 τὸν
758 5046 816 5099 δὲ
860 5047 1288 5119 μακροθυμίαις,
1324 5049 1419 5104 καὶ
1447 5049 1894 5120 ἀμνησικακίαις,
1943 5050 2041 5104 καὶ

468 5135 862 5207 ὲλεημοσύναις
892 5137 1314 5210 καθημερώσαςο
1345 5141 1539 5211 ἐκλγὰρ
1563 5141 1671 5194 τῶν
1709 5141 1803 5196 δύο
1834 5143 2039 5197 τούτων

468 5227 659 5281 παθῶν
700 5229 904 5294 πάντες
958 5232 1145 5301 σχεδὸν
1186 5232 1234 5286 oi
1268 5231 1639 5303 δαιμονιώδεις
1689 5234 2038 5295 συνίστανται

468 5319 722 5392 λογισμοὶ
757 5323 812 5376 οι
838 5322 930 5377 τὸν
959 5323 1085 5379 νοῦν
1127 5324 1487 5401 ἐμϐάλλοντες
1530 5328 1609 5392 είς
1655 5326 1895 5398 ὄλεθρον,
1945 5328 2038 5382 καὶ

469 5411 767 5471 ἀπώλειαν.

570 5577 617 5609 ’θ
641 5574 833 5635 Matth.
875 5596 953 5647 tv,
978 5581 1013 5636 5
1042 5598 1196 5655 seqq.

2151 3114 2352 3180 aﬂ'ecit,
2416 3115 2689 3186 arguitur,
2741 3118 2887 3187 quod
2950 3117 3278 3186 injuriarum
3329 3118 3723 3173 recordationis

2149 3206 2605 3279 appropinquavit
2660 3208 2943 3279 cogitatio.
2992 3209 3049 3265 Si
3111 3211 3311 3265 iterum
3369 3211 3724 3281 pecuniarum

2148 3310 2247 3356 aut
2290 3299 2475 3371 gloria:
2514 3301 2822 3357 recordatio
2868 3301 2980 3368 ﬁat,
3022 3301 3369 3358 manifestum
3409 3320 3591 3359 exuo.
3618 3312 3723 3367 est.

2148 3393 2294 3463 quod
2325 3393 2394 3458 is,
2437 3390 2532 3462 qui
2570 3406 2672 3447 nos
2708 3393 2951 3458 tribulat,
2991 3394 3540 3464 digmscctunouin
3573 3406 3628 3452 et
3668 3400 3720 3452 in

2148 3484 2273 3539 aliis
2292 3484 2716 3556 cogitationibus
2734 3484 2988 3540 similiter
3014 3501 3047 3539 e
3076 3502 3134 3541 re
3158 3488 3409 3543 invenies
3422 3489 3721 3545 daemonem

2148 3584 2441 3641 astantem,
2458 3585 2515 3629 et
2534 3574 2952 3646 imaginationes
2968 3587 3366 3646 suggerentem.
3389 3577 3506 3635 Non
3530 3595 3724 3636 omnes

2149 3674 2343 3720 autem
2386 3665 2799 3722 recordationes
2837 3666 3222 3737 hujuscemodi
3254 3684 3440 3723 rerum
3465 3685 3497 3724 a
3523 3672 3723 3725 daemo-

2149 3755 2315 3811 nibus
2357 3756 2671 3827 contingere
2718 3756 2873 3824 dico;
2934 3756 3376 3828 quandoquidem
3446 3767 3502 3813 et
3571 3774 3724 3814 mens

2149 3847 2267 3917 ipsa
2311 3847 2379 3901 ab
2435 3846 2663 3903 homine
2696 3860 3008 3915 commata,
3044 3848 3459 3919 imaginationes
3517 3865 3720 3913 rerum,

2150 3957 2273 4013 quae
2301 3940 2599 4007 evenerint,
2648 3942 2913 4012 proferre,
2956 3960 3053 3999 seu
3097 3945 3343 4000 emittere
3398 3946 3721 4011 consuevit;

2150 4031 2248 4087 sed
2275 4040 2542 4101 quotquot
2587 4034 2995 4089 recordationes
3041 4033 3202 4099 iram,
3237 4035 3317 4089 vel
3368 4034 3719 4104 cupiditatem

2150 4132 2347 4194 praeter
2384 4132 2637 4178 naturam
2685 4124 2968 4191 alliciunt,
3008 4126 3388 4197 (subintellige)
3419 4142 3514 4188 eas
3542 4127 3665 4181 dico
3691 4144 3719 4185 ει

2149 4214 2493 4270 άωιιιοηίὺυε
2532 4216 3039 4286 ριὀοοάετοίηιιω
3078 4217 3149 4272 ob
3179 4219 3549 4281 turbationem,
3584 4219 3722 4280 dua-

2151 4320 2270 4360 rum
2305 4306 2535 4363 istarum
2563 4297 2928 4379 potentiaruin
2956 4310 3185 4379 (scilicet
3216 4311 3329 4375 irae,
3363 4321 3418 4366 et
3449 4311 3719 4380 cupidila:

2148 4396 2240 4470 tis)
2280 4413 2433 4459 mens
2458 4399 2898 4475 intellectualiter
2916 4402 3211 4470 adulterat.
3237 4412 3290 4459 et
3317 4411 3537 4474 pugnat,
3563 4401 3725 4474 514

2146 4504 2272 4545 cum
2323 4488 2443 4555 Dei,
2489 4490 2589 4562 qui
2644 4492 2813 4564 legero
2874 4492 2977 4562 ipsi
3033 4494 3319 4563 imposuit.
3374 4492 3495 4553 Non
3548 4494 3723 4547 valeat

2146 4580 2595 4653 imaginationem
2638 4584 2955 4654 suscipere;
3013 4584 3297 4654 siquidem.
3334 4584 3561 4670 claritas
3594 4584 3718 4648 illa.

2142 4674 2322 4743 posita
2346 4672 2650 4744 privatione
2673 4675 2919 4735 omnium
2942 4676 3226 4732 notionum
3252 4675 3319 4731 de
3344 4675 3529 4739 rebus,
3552 4677 3717 4731 animi

2144 4764 2805 4835 principatuiopportune
2827 4769 3094 4824 orationis
3121 4778 3363 4837 tempore
3390 4769 3544 4838 quasi
3578 4784 3719 4838 prae:

2147 4853 2412 4909 tereundo
2440 4864 2686 4925 apparet.
2724 4855 2899 4912 Homo
2927 4873 3034 4913 non
3063 4859 3298 4929 deponet
3330 4875 3568 4929 unquam
3605 4875 3718 4917 mc-

2148 4943 2354 4998 Inorias
2405 4945 2757 5015 passionibus
2805 4949 3061 5018 parcitas,
3096 4949 3140 5003 si
3174 4948 3627 5018 concupiscentia:
3666 4959 3719 5003 ct

2148 5033 2447 5091 iracundia:
2479 5050 2669 5097 curam
2715 5051 2823 5095 non
2848 5038 3133 5107 gesserit;
3157 5038 3307 5098 illam
3339 5038 3555 5108 quidem
3583 5039 3719 5108 jeju-

2147 5128 2253 5182 niis
2281 5136 2333 5181 et
2358 5126 2580 5198 vigiliis,
2618 5128 2857 5188 ethumi
2892 5129 3144 5189 cubando
3188 5145 3542 5197 consumens,
3576 5132 3717 5185 hanc

2146 5236 2275 5278 vero
2319 5220 2750 5291 longanimitatis
2782 5221 3015 5287 actibus,
3038 5230 3110 5283 et
3149 5222 3441 5285 oblivionis
3482 5223 3715 5293 injuriae.

2145 5328 2211 5370 ac
2237 5311 2600 5384 eleemosynis
2627 5312 3062 5369 mansuefacicns
3098 5331 3111 5369 :
3142 5329 3209 5368 ex
3240 5314 3326 5369 his
3354 5300 3552 5384 quippe
3578 5315 3717 5370 dua»

2144 5406 2248 5462 bus
2295 5404 2643 5475 passionibus
2674 5419 2866 5460 omnes
2910 5404 3022 5460 fere
3066 5405 3417 5468 daamouiales
3463 5415 3717 5468 constant

2145 5498 2520 5567 cOgitationes,
2550 5512 2672 5567 qua:
2695 5506 2934 5553 mentem
2955 5499 3008 5554 in
3028 5497 3252 5553 exitium
3273 5513 3336 5554 ac
3358 5498 3717 5569 perditionem
3732 5544 3747 5553 ι

2148 5589 2433 5649 inducunt.
