3990 6204
344 284 485 349 1203

410 513 557 569 Fieri
613 525 796 568 autem
847 529 957 569 non
1012 524 1211 585 potest,
1264 526 1322 570 ut
1369 515 1492 586 quis
1536 516 1915 588 hujuscemodi

340 606 687 675 passionibus
719 607 970 677 superior
998 608 1209 672 evadat,
1248 609 1352 662 nisi
1385 608 1605 662 oinnino
1640 626 1814 675 escas,
1863 621 1918 665 ct

340 696 617 766 pecunias,
649 706 698 751 et
727 698 952 769 gloriam
978 700 1263 770 despiciat,
1291 702 1466 758 adhuc
1498 703 1683 765 etiam,
1712 713 1763 757 et
1791 719 1917 773 pro-

339 788 517 856 prium
568 804 790 861 corpus,
838 802 1060 863 propter
1107 809 1222 858 cos,
1276 794 1368 864 qui
1419 804 1687 850 conantur
1736 796 1914 865 ipsum

339 888 485 940 velut
523 888 767 956 colaphis
814 899 1101 957 perculere
1137 906 1149 943 :
1187 905 1474 944 necessum
1520 891 1685 960 igitur
1733 890 1913 961 plane,

339 981 542 1036 imitari
590 981 958 1051 periclitantes
1001 982 1054 1035 in
1102 984 1261 1041 mari.
1293 984 1408 1050 qui,
1451 990 1672 1051 propter
1710 983 1915 1037 violen-

340 1074 467 1128 tiam
508 1083 817 1138 ventorum,
870 1073 1250 1143 undarumque
1290 1074 1717 1142 insurgentium,
1760 1089 1918 1127 vaso-

339 1180 462 1219 rum
506 1166 667 1218 ctiam
699 1172 923 1217 utuntur
952 1164 1241 1232 ejectione.
1277 1162 1471 1218 Verum
1515 1164 1602 1219 hic
1632 1164 1917 1234 diligenter

338 1254 726 1311 attendendum
748 1292 767 1320 ,
799 1270 866 1309 ne
896 1255 1036 1308 forte
1058 1296 1074 1318 ,
1108 1255 1239 1308 dum
1278 1268 1538 1309 vasorum
1571 1254 1775 1308 utimur
1803 1254 1916 1324 eje—

338 1346 541 1411 ctione,
600 1345 652 1400 id
697 1344 983 1411 faciamus,
1026 1354 1084 1399 ut
1127 1346 1195 1399 ab
1247 1345 1564 1400 hominibus
1608 1344 1914 1410 videamur,

337 1436 783 1507 quandoquidem
858 1445 1103 1492 nostram
1169 1444 1514 1509 reportamus
1584 1436 1912 1501 mercedem,

335 1528 597 1599 aliudque
628 1543 728 1584 nos
755 1537 1121 1599 consequetur
1151 1527 1523 1597 naufragium,
1552 1526 1729 1596 primo
1755 1526 1915 1594 longe

340 1619 642 1685 molestius,
662 1634 786 1674 cum
815 1633 1009 1689 nempe
1033 1618 1246 1677 daemon
1267 1633 1297 1672 e
1321 1628 1510 1673 contra
1538 1617 1697 1673 nobis
1718 1631 1912 1671 vanam

1847 293 1909 356 S.
1930 291 2094 357 NILI

953 396 1182 454 carm
1219 399 1309 455 ιιι.
1946 411 1991 467 Α

3469 301 3604 363 1204

2622 410 2875 466 ΚΕΦΑΛ.
2914 409 2991 465 Γ.
3398 418 3399 421 “

2104 518 2389 573 Ἀδύνατον
2429 519 2483 571 δέ
2532 536 2650 573 τινα
2683 521 2790 573 τῶν
2830 521 3016 575 παθῶν
3062 522 3269 577 τούτων
3319 528 3604 593 περιγενέ-

2023 607 2166 673 σθαι,
2204 607 2276 677 μὴ
2327 608 2606 672 παντελῶς
2641 606 2968 679 βρωμάτων,
3012 610 3109 663 καὶ
3146 612 3473 682 χρημάτων,
3511 617 3602 668 καὶ

2019 695 2176 765 δόξης
2206 696 2551 767 ὑπεριδόντα,
2582 698 2661 750 ἔτι
2686 699 2743 751 δὲ
2774 699 2868 751 καὶ
2916 699 3009 752 τοῦ
3044 701 3177 753 ίδίου
3219 702 3473 772 σώματος
3515 705 3603 757 διὰ

2016 788 2144 850 τοὺς
2178 787 2429 858 ῥαπίζειν
2479 789 2611 841 αὐτὸ
2656 790 2914 854 πολλάκις
2954 792 3397 863 ἐπιχειροῦντας”
3449 797 3600 847 πᾶσα

2017 879 2111 935 οὖν
2155 880 2369 952 ἀνάγκη
2404 882 2689 952 μιμεῖσθαι
2729 884 2857 946 τοὺς
2907 882 3341 949 κινδυνεύοντας,
3391 887 3454 939 ὲν
3508 887 3602 939 θα-

2017 969 2220 1043 λάττῃ,
2267 971 2361 1023 καὶ
2412 971 2522 1024 τῶν
2568 971 2778 1025 σκευῶν
2826 972 3057 1044 ἐκϐολὴν
3104 975 3467 1045 ποιουμένους
3513 975 3602 1030 διὰ

2016 1061 2116 1131 τὴν
2145 1061 2267 1131 βίαν
2292 1060 2401 1114 τῶν
2432 1061 2645 1132 ἀνέμων
2681 1062 2776 1117 καὶ
2805 1063 2911 1115 τῶν
2930 1066 3387 1135 ’ἐπανισταμένων
3413 1068 3598 1137 κυμα-

2017 1170 2147 1207 των.
2218 1152 2362 1206 Ἀλλ’
2419 1154 2651 1208 ἐνταῦθα
2694 1155 3025 1228 προσεκτέον
3075 1158 3339 1229 ἀκριϐῶς,
3402 1162 3601 1231 μήπως

2018 1244 2245 1316 ἐκϐολὴν
2274 1243 2587 1316 ποιούμενα
2632 1247 2739 1300 τῶν
2775 1247 3007 1313 σκευῶν,
3046 1250 3178 1319 πρὸς
3210 1251 3271 1303 τὸ
3319 1250 3599 1305 θεαθεῖναι

2016 1338 2129 1399 τοῖς
2160 1335 2473 1407 ἀνθρώποις
2507 1339 2825 1410 ποιήσωμεν
2848 1357 2862 1371 ·
2908 1342 3030 1394 ἐπεὶ
3063 1340 3341 1413 ἀπέχομεν
3370 1343 3468 1398 τὸν
3509 1361 3601 1414 μι⁶

2021 1424 2145 1480 σθδν
2196 1427 2375 1497 ἡμῶν,
2425 1426 2521 1481 καὶ
2571 1427 2700 1481 ἄλλο
2746 1428 2842 1482 τοῦ
2891 1430 3159 1501 προτέρου
3215 1430 3599 1503 χαλεπώτερον

2015 1516 2318 1583 διαδέξεται
2349 1518 2498 1589 ἡμᾶς
2528 1518 2807 1587 ναυάγιον,
2838 1520 2934 1574 τοῦ
2977 1521 3077 1590 τῆς
3123 1522 3433 1588 κενοδοξίας
3466 1526 3601 1595 ἡμῖν

1998 1604 2475 1670 ἀντιπνεύσαντος
2506 1602 2781 1678 δαίμονος.
2823 1610 2915 1662 Διὸ
2944 1612 3038 1663 καὶ
3060 1612 3088 1664 ὁ
3111 1611 3315 1682 Κύριος
3340 1615 3372 1683 ἡ
3383 1613 3506 1683 μῶν
3542 1618 3598 1669 ἐν

339 1708 568 1777 gloriam
640 1708 947 1763 insulllarit.
1028 1709 1233 1765 Idcirco
1291 1706 1553 1761 Dominus
1613 1716 1802 1760 noster
1856 1704 1911 1760 in

2021 1698 2134 1760 τοῖς
2180 1698 2557 1766 Εὑαγγελίοις,
2607 1700 2699 1754 τὸν
2755 1702 3095 1773 κυϐερνήτην
3129 1704 3253 1757 νοῦν
3296 1704 3595 1769 παιδεύων,

341 1793 650 1864 Evangeliis
698 1797 1119 1851 moderatricem
1172 1797 1450 1852 instruens
1483 1803 1745 1858 mentem,
1786 1795 1912 1849 ait:

346 1901 365 1935 ‹
405 1884 701 1950 Attendite,
736 1902 803 1942 ne
850 1886 1065 1942 faciatis
1105 1887 1509 1961 eleemosynam
1535 1892 1772 1940 vestram
1819 1900 1916 1941 σου

339 1988 456 2029 ram
492 1974 824 2039 hominibus,
858 1987 917 2031 ut
948 1976 1017 2031 ab
1047 1975 1179 2045 ipsis
1206 1973 1641 2045 conspiciamiui,
1672 1975 1915 2045 alioquin

340 2066 647 2139 mercedem
675 2064 837 2141 515
872 2081 979 2121 non
1022 2066 1290 2122 habebitis
1321 2082 1351 2119 a
1385 2062 1545 2118 Patre
1573 2052 1775 2130 vestro,
1822 2064 1917 2136 qui

337 2165 420 2211 est
445 2156 497 2210 in
519 2156 672 2211 cmlis
702 2158 773 2222 ‘;i
808 2167 861 2211 et
890 2173 1081 2213 rursus
1110 2175 1123 2212 :
1160 2176 1177 2208 ι
1216 2154 1443 2222 Quando
1470 2154 1641 2210 oratis
1676 2155 1915 2233 (inquit),

340 2264 446 2301 non
479 2247 635 2303 eritis
659 2248 799 2302 sicut
832 2249 1151 2318 hypocritae,
1177 2249 1272 2319 qui
1295 2256 1480 2302 amant
1511 2246 1563 2299 in
1598 2247 1914 2319 synagogis,

337 2348 389 2392 tl
419 2340 470 2392 in
515 2340 735 2409 angulis
759 2341 1061 2410 platearum
1093 2352 1302 2397 stantes
1328 2354 1507 2401 orare,
1542 2348 1600 2392 ut
1633 2339 1919 2398 videantur

338 2431 407 2490 ab
446 2431 796 2499 hominibus;
836 2448 995 2487 amen
1036 2434 1159 2488 dico
1193 2433 1372 2498 vobis,
1406 2432 1551 2503 quod
1598 2443 1921 2501 receperunt

338 2524 642 2578 mercedem
675 2540 829 2579 suam
854 2526 894 2580 '.
926 2544 944 2577 ι
969 2524 1032 2579 Et
1056 2527 1253 2581 iterum
1292 2526 1456 2581 dicit:
1484 2546 1502 2579 ι
1523 2525 1755 2593 Quando
1777 2524 1920 2595 jeju-

336 2612 501 2671 natis.
526 2627 595 2669 ne
621 2613 746 2669 sitis
784 2615 931 2670 sicut
960 2614 1260 2685 hypocritae
1289 2616 1504 2682 tristes;
1547 2614 1920 2671 exterminant

335 2705 483 2760 enim
510 2705 681 2762 facies
702 2722 834 2765 suas
856 2746 872 2772 ,
911 2718 970 2763 ut
1011 2708 1298 2764 videantur
1321 2709 1641 2765 hominibus
1664 2709 1920 2779 ieiunan-

337 2807 422 2853 tes
439 2815 455 2863 ;
474 2813 635 2853 amen
650 2800 773 2855 dico
789 2801 964 2865 vobis,
986 2811 1312 2872 receperunt
1330 2803 1637 2859 mercedem
1650 2818 1805 2859 suam
1824 2802 1866 2857 ³.
1891 2819 1913 2855 ο

339 2894 543 2951 Verum
583 2898 673 2951 hic
716 2898 1102 2953 attendendum
1151 2899 1366 2954 medico
1410 2900 1745 2963 animarum,
1780 2913 1919 2967 quo-

336 2991 503 3045 modo
538 3005 634 3061 per
660 2990 1059 3059 eleemosynam
1087 2997 1245 3043 curat
1272 2989 1636 3055 iracundiam,
1662 3003 1763 3058 per
1786 3002 1912 3042 ora.

337 3082 543 3138 tionem
574 3091 757 3138 autem
790 3088 1055 3150 expurgat
1083 3090 1340 3145 mentem;
1374 3088 1431 3135 et
1450 3080 1632 3135 denuo
1658 3095 1757 3149 per
1779 3078 1951 3149 jeju—T

337 3174 491 3229 nium
540 3174 821 3229 tabescere
878 3171 1008 3227 facit
1050 3170 1575 3240 concupiscentiam,
1626 3186 1658 3225 e
1710 3171 1915 3240 quibus

336 3274 553 3322 constat
591 3279 767 3319 novus
792 3263 978 3326 homo,
1011 3269 1305 3315 renovatus
1339 3261 1407 3315 ad
1447 3260 1738 3330 imaginem
1771 3261 1912 3331 ejus,

338 3357 433 3426 qui
465 3356 642 3425 ipsum
675 3352 903 3417 ereavit,
946 3352 1002 3405 in
1040 3364 1172 3420 quo,
1200 3350 1271 3405 ob
1305 3358 1553 3405 sanctam
1593 3350 1913 3419 passionum

336 3449 688 3512 nouitatem,
730 3460 847 3500 non
894 3452 981 3499 est
1013 3458 1152 3509 mas,
1198 3451 1252 3497 et
1301 3442 1529 3506 femitm,
1576 3451 1648 3505 et,
1696 3451 1918 3511 propter

341 3553 503 3596 unam
535 3539 716 3599 tidem,
744 3544 802 3591 et
830 3534 1173 3597 charitatem,
1205 3546 1315 3587 non
1344 3542 1431 3588 est
1456 3532 1696 3601 gentilis,
1734 3542 1793 3586 et
1819 3529 1917 3589 Jus-

336 3632 512 3689 dmus.
543 3628 910 3690 circumcisio,
929 3634 983 3682 et
1006 3626 1356 3695 praeputium,
1374 3623 1668 3688 Barbarus,
1690 3624 1913 3695 Scytha.

338 3737 531 3787 servus
556 3732 610 3777 et
646 3721 804 3787 liber,
841 3720 934 3773 sed
979 3718 1165 3774 omnia
1194 3717 1251 3771 in
1295 3717 1556 3772 omnibus
1591 3715 1844 3771 Christus
1868 3720 1913 3769 ι.

939 3912 1173 3970 CAPUT
1225 3911 1315 3967 IV.

412 4028 802 4099 lnquirendum
827 4041 979 4093 vero,
1013 4027 1291 4097 quomodo
1322 4025 1375 4080 in
1415 4025 1914 4096 imaginationibus,

340 4135 461 4190 qua:
492 4133 587 4187 per
611 4131 866 4172 somnum
894 4118 1238 4187 contingunt,
1263 4115 1535 4170 daemones
1559 4116 1730 4169 nostri
1749 4115 1916 4169 animi

342 4210 700 4281 principatum
720 4207 1402 4278 imprimeudoeﬂ'orment;
1422 4207 1636 4261 videtur
1651 4207 1794 4262 enim
1814 4210 1918 4263 hoc

343 4302 450 4356 tale
475 4301 604 4371 quid
627 4301 790 4353 menti
810 4300 1075 4363 accidere,
1098 4310 1190 4353 aut
1210 4315 1305 4369 per
1328 4300 1516 4354 oculos
1537 4298 1787 4364 intuenti,
1822 4309 1917 4354 aut

340 4407 435 4464 per
462 4404 622 4444 aures
644 4389 908 4451 audienti,
930 4397 1023 4443 aut
1046 4403 1238 4442 rursus
1262 4404 1356 4459 per
1371 4404 1589 4442 sensum
1618 4398 1763 4445 certa
1784 4405 1919 4460 qua-

340 4486 464 4539 dam
486 4481 746 4552 qualitate
772 4482 1077 4549 praeditum,
1093 4491 1187 4536 aut
1204 4498 1269 4535 ex
1291 4483 1714 4551 memoria,quae
1736 4482 1923 4553 impri-

340 4578 436 4633 mit
464 4574 628 4630 animi
657 4576 1006 4651 principatui,
1031 4590 1137 4630 non
1163 4591 1260 4647 per
1276 4590 1495 4645 corpus,
1522 4583 1918 4645 verumtamen,

339 4681 461 4739 quae
482 4678 577 4735 per
595 4680 794 4736 corpus
812 4665 1021 4731 habuit,
1046 4665 1137 4719 illa
1158 4672 1483 4731 commovet;
1505 4662 1669 4734 igitur
1689 4664 1820 4719 mihi
1838 4666 1921 4721 vi-

341 4757 538 4812 dentur
566 4757 863 4822 dzemones,
920 4756 1236 4811 memoriam
1282 4755 1573 4822 movendo,
1608 4756 1919 4826 imprimere

339 4850 506 4905 animi
526 4849 873 4920 principatni;
894 4850 1315 4905 instrumentum
1338 4848 1535 4919 quippe
1548 4863 1741 4905 sensus
1758 4847 1920 4923 516

342 4957 373 4999 a
396 4955 592 4998 somno
616 4942 1165 4997 detineturotiosum.
1198 4939 1408 4996 Rursus
1430 4954 1581 5010 ergo,
1616 4954 1725 5008 quo
1759 4950 1919 5010 pacto

343 5034 660 5089 memoriam
694 5045 1093 5100 commoveant,
1130 5030 1639 5104 inquirendum.An
1668 5030 1920 5089 fortassis

344 5142 437 5197 per
458 5128 783 5197 passiones?
823 5138 876 5182 et
908 5129 1009 5182 hoc
1041 5126 1391 5182 manifestum
1434 5123 1557 5177 inde
1581 5166 1595 5190 ,
1636 5124 1786 5195 quia,
1824 5125 1920 5195 qui

345 5221 461 5287 puri
482 5220 968 5288 suut,minimeque
986 5221 1201 5273 obnoxii
1224 5215 1587 5288 passionibus,
1604 5216 1919 5286 neutiquam

345 5310 553 5377 aliquid
598 5310 907 5379 hlljllSlHOl“
952 5311 1251 5379 patiuntur.
1293 5306 1389 5361 Est
1433 5318 1615 5360 autem
1644 5316 1699 5361 et
1741 5318 1920 5365 motus

346 5401 567 5466 quidam
614 5409 889 5457 memoriae
944 5402 1194 5473 simplex,
1248 5402 1340 5471 qui
1386 5414 1414 5452 a
1460 5402 1618 5455 nobis
1647 5399 1739 5467 ﬁt,
1776 5410 1920 5457 auta

346 5496 549 5549 sanctis
600 5498 992 5567 potestatibus,
1039 5513 1133 5566 per
1154 5512 1316 5567 quem
1364 5510 1754 5550 conversamur
1795 5509 1917 5549 cum

1942 3032 1988 3095 C

2029 1804 2048 1841 ι
2114 1787 2450 1861 Προσέχετε,
2504 1794 2687 1861 φησιν,
2739 1791 2840 1863 τὴν
2889 1791 3260 1864 ἐλεημοσύνην
3312 1795 3474 1865 ἡμῶν
3522 1797 3595 1869 μὴ

2020 1882 2192 1932 ποιεῖν
2233 1880 2544 1950 ἔμπροσθεν
2573 1880 2680 1935 τῶν
2723 1880 3030 1953 ἀνθρώπων
3062 1885 3199 1953 πρδς
3224 1885 3285 1937 τὸ
3319 1885 3597 1940 θεαθεῖναι

2019 1971 2223 2037 αὐτοῖς,
2258 1971 2384 2025 εἰδὲ
2420 1973 2559 2043 μήγε
2585 1973 2775 2044 μισθὸν
2801 1973 2900 2027 οὐκ
2934 1973 3084 2046 ἔχετε
3125 1974 3276 2045 παρὰ
3303 1974 3382 2045 τῷ
3424 1976 3596 2046 Πατρὶ

2019 2063 2174 2133 ὑμῶν
2218 2063 2295 2132 τῷ
2333 2064 2391 2117 ὲν
2428 2067 2541 2128 τοῖς
2584 2065 2853 2136 οὐρανοῖς.
2908 2083 2927 2116 ι
2979 2065 3092 2118 Καὶ
3124 2060 3320 2119 πάλιν⁹
3371 2084 3392 2117 ι
3430 2067 3594 2119 Ὅταν

2020 2152 2419 2227 προσεύχησθε,
2451 2156 2638 2226 φησὶν,
2672 2156 2771 2210 οὐκ
2814 2156 3000 2209 ἔσεσθε
3038 2157 3228 2228 ὥσπερ
3268 2158 3316 2209 οἱ
3357 2157 3591 2229 ὐποκρι-

2018 2248 2129 2311 ταὶ,
2164 2247 2245 2299 ὅτι
2293 2246 2541 2317 φιλοῦσιν
2590 2249 2648 2302 ὲν
2692 2250 2814 2311 ταῖς
2854 2250 3214 2315 συναγωγαῖς,
3249 2248 3341 2300 καὶ
3370 2249 3431 2300 ὲν
3480 2249 3594 2310 ταῖς

2020 2339 2247 2407 γωνίαις
2284 2339 2401 2391 τῶν
2426 2339 2699 2391 πλατειῶν
2726 2339 2963 2402 ἑστῶτες
2996 2338 3418 2410 προσεύχεσθαι,
3450 2340 3594 2403 ὅπως

2022 2431 2233 2502 φανῶσι
2277 2433 2390 2495 τοῖς
2433 2429 2769 2500 ἀνθρώποις·
2808 2432 2954 2501 ἀμην
2988 2431 3131 2498 λέγω
3165 2430 3315 2501 ὑμῖν,
3356 2432 3441 2483 ὅτι
3490 2430 3591 2483 ἁπ-

2020 2526 2200 2596 έχουσι
2223 2523 2315 2577 τὸν
2347 2523 2536 2595 μισθὸν
2571 2524 2770 2583 αὐτῶν.
2797 2542 2817 2577 ι
2854 2526 2961 2579 Καὶ
2995 2525 3151 2578 πάλιν
3176 2525 3346 2593 λέγει·
3377 2543 3394 2576 ι
3431 2526 3593 2578 Ὅταν

2022 2618 2341 2688 νηστεύητε,
2394 2618 2471 2687 μὴ
2521 2616 2760 2684 γίνεσθε,
2806 2616 2993 2688 ῶσπερ
3038 2619 3086 2671 ot
3128 2617 3424 2686 ὑποκριταὶ
3472 2633 3590 2669 σκυ·

2021 2707 2249 2779 θρωποί·
2285 2706 2607 2776 ἀφανίζουσι
2655 2708 2764 2779 γὰρ
2799 2707 2865 2763 τὰ
2896 2710 3163 2779 πρόσωπα
3209 2708 3409 2771 αὐτῶν,
3448 2709 3589 2771 ὅπως

2020 2797 2231 2866 φανῶσι
2281 2800 2394 2862 τοῖς
2462 2798 2770 2868 ἀνθρώποις
2831 2799 3209 2868 νηστεύοντες·
3256 2798 3401 2869 ἀμὴν
3452 2797 3588 2865 λέγω

2021 2888 2168 2957 ύμῖν,
2209 2888 2502 2957 ἀπέχουσιν
2547 2889 2638 2942 τὸν
2678 2888 2868 2959 μισθὸν
2911 2889 3111 2941 αύτῶν.
3160 2908 3178 2939 ι
3230 2882 3385 2943 Ἀλλὰ
3426 2903 3589 2959 προσ-

2022 2984 2209 3037 εκτέον
2240 2983 2476 3038 ὲνταῦθα
2505 2983 2583 3054 τῷ
2620 2982 2789 3056 ἱατρῴ
2831 2983 2939 3037 τῶν
2964 2983 3169 3055 ψυχῶν,
3217 2983 3333 3046 πῶς
3362 2982 3453 3035 διὰ
3496 2981 3589 3052 μὲν

2017 3078 2117 3146 τῆς
2158 3074 2531 3148 ἐλεημοσύνης
2562 3075 2653 3130 τὸν
2694 3074 2863 3146 θυμὸν
2899 3074 3215 3146 θεραπεύει,
3256 3074 3345 3127 διὰ
3390 3073 3450 3126 δὲ
3498 3072 3590 3142 τῆς

2019 3168 2328 3239 προσευχῆς
2374 3169 2465 3222 τὸν
2496 3166 2621 3222 νοῦν
2670 3168 2980 3238 καθαρίζει,
3025 3169 3117 3220 καὶ
3158 3166 3319 3220 πάλιν
3366 3165 3461 3219 διὰ
3495 3167 3589 3235 τῆς

2018 3258 2271 3328 νηστείας
2302 3259 2400 3328 τὴν
2452 3259 2747 3329 ἐπιθυμίαν
2776 3260 3197 3329 καταμαραίνει,
3243 3257 3302 3324 ἐξ
3345 3250 3421 3310 ὧν
3467 3272 3588 3308 συν-

2019 3350 2236 3403 ίσταται
2271 3351 2300 3403 ὁ
2328 3348 2445 3414 νέος
2496 3350 2801 3421 ἄνθρωπος,
2830 3354 2858 3403 ὁ
2882 3351 3333 3421 ἁνακαινούμενος
3366 3347 3485 3403 κατ’
3515 3349 3588 3401 εί-

2018 3442 2151 3496 κόνα
2190 3441 2282 3495 τοῦ
2327 3442 2613 3506 κτίσαντος
2636 3443 2821 3507 αὑτὸν,
2865 3445 2922 3495 ὲν
2965 3435 3010 3511 ᾧ
3056 3443 3158 3495 ούκ
3198 3440 3311 3493 ἐστι
3354 3438 3443 3493 διὰ
3494 3435 3587 3508 τὴν

2019 3533 2181 3600 ἁγίαν
2210 3533 2479 3587 ἀπάθειαν
2518 3534 2706 3606 ἄρσεν,
2734 3536 2828 3589 καὶ
2869 3534 3025 3607 θῆλυ,
3066 3532 3188 3587 οῦδὲ
3218 3531 3307 3585 διὰ
3334 3530 3431 3602 τὴν
3465 3528 3587 3598 μίαν

2018 3626 2221 3691 πίστιν,
2244 3627 2338 3679 καὶ
2363 3626 2605 3696 ἀγάπην,
2637 3625 2858 3696 Ἕλλην,
2887 3627 2979 3680 καὶ
3011 3625 3280 3691 Ἰουδαῖος,
3298 3619 3584 3692 περιτομὴ,

2018 3718 2113 3772 καὶ
2175 3718 2532 3791 ἀκροϐυστία,
2592 3718 2892 3789 Βάρϐαρος,
2944 3716 3178 3787 Σκύθης,
3231 3714 3449 3780 δοῦλος,
3498 3711 3585 3766 καὶ

2018 3811 2328 3884 ἐλεύθερος,
2356 3811 2492 3865 ἀλλὰ
2516 3811 2583 3865 τὰ
2618 3812 2797 3865 πάντα
2830 3814 2889 3864 ὲν
2934 3812 3072 3865 πᾶσι
3093 3809 3349 3881 Χριστός.

2661 3921 2913 3977 ΚΕΦΔΔ.
2954 3923 3027 3974 Δ’.

2092 4036 2362 4106 Ζητητέον
2385 4034 2441 4088 δὲ
2480 4034 2597 4096 πῶς
2627 4036 2684 4087 ὲν
2722 4037 2847 4098 ταῖς
2898 4034 3021 4089 καθ’
3051 4033 3219 4087 ὕπνον
3267 4030 3585 4100 φαντασίαις

2016 4127 2281 4181 τυποῦσιν
2314 4125 2469 4197 ἡμῶν
2502 4126 2565 4178 τὸ
2593 4126 2918 4195 ἡγεμονικὸν
2950 4125 3043 4178 καὶ
3077 4123 3508 4196 σχηματίζουσιν
3540 4121 3587 4172 oi

2018 4217 2273 4289 δαίμονες
2295 4232 2310 4247 ⁶
2340 4218 2405 4269 τὸ
2430 4216 2542 4285 γὰρ
2569 4215 2813 4269 τοιοῦτον
2846 4216 2990 4268 ἔοικε
3032 4214 3350 4285 συμϐαίνειν
3386 4211 3468 4281 τῷ
3496 4208 3584 4279 νῷ,

2022 4311 2056 4382 ἢ
2108 4310 2176 4364 δι’
2210 4309 2514 4379 ὀφθαλμῶν
2555 4308 2774 4377 ὁρῶντι,
2823 4307 2857 4376 ἢ
2909 4308 2976 4360 δι’
3021 4306 3194 4376 ἀκοῆς
3242 4303 3515 4364 ἀκούοντι,
3554 4298 3585 4369 ἦ

1951 4364 1995 4427 D
2024 4364 2186 4456 πάλιν
2210 4364 2279 4453 δι”
2311 4364 2616 4470 αἰσθήσεως
2649 4364 2901 4469 magna
2934 4397 3045 4451 ἀπὸ
3224 4394 3444 4467 μνήμης
3474 4364 3587 4461 ﬁcti

2021 4493 2183 4545 τυποῖ
2208 4490 2307 4561 μὲν
2333 4488 2393 4541 τὸ
2414 4488 2765 4559 ἡγεμονικὸν,
2804 4488 2865 4542 ού
2894 4488 2981 4541 διὰ
3004 4487 3098 4541 τοῦ
3132 4486 3403 4555 σώματος,
3451 4482 3586 4550 πλὴν

2022 4584 2165 4654 ἅπερ
2210 4583 2299 4636 διὰ
2330 4581 2423 4636 τοῦ
2459 4581 2708 4649 σώματος
2752 4581 2897 4652 ἔσχε,
2950 4579 3124 4633 ταῦτα
3176 4579 3334 4631 κινεῖ.
3389 4577 3451 4628 Οί
3499 4566 3587 4625 οὖν

2018 4676 2272 4747 δαίμονες
2301 4674 2511 4727 ἐοίκασί
2546 4689 2633 4740 μοι
2660 4673 2759 4743 τὴν
2790 4674 3014 4743 μνήμην
3056 4669 3354 4731 κινοῦντες,
3388 4663 3587 4718 τυποῦν

2021 4767 2083 4821 τὸ
2111 4764 2439 4837 ἡγεμονικόν
2458 4779 2472 4795 ο
2505 4765 2566 4816 τδ
2591 4764 2700 4833 γὰρ
2726 4764 2962 4833 ὀργανον
2991 4762 3097 4814 ύπδ
3121 4759 3219 4813 τοῦ
3255 4760 3425 4812 ὕπνου
3465 4769 3588 4809 κατ-

2025 4857 2206 4928 έχεται
2254 4854 2639 4925 ἅνενέργητον.
2698 4854 2822 4916 Πῶς
2864 4849 2958 4907 οὖν
3009 4852 3172 4906 πάλιν
3216 4851 3317 4922 τὴν
3372 4849 3585 4919 μνήμην

2018 4943 2232 4999 κινοῦσι
2262 4943 2541 5013 ζητητέον,
2570 4944 2603 5014 ἦ
2628 4944 2766 5014 τάχα
2796 4943 2884 4997 διὰ
2910 4943 3022 4996 τῶν
3051 4941 3275 5009 παθῶν;
3308 4941 3404 4994 καὶ
3436 4936 3587 4991 τοῦτο

2024 5036 2182 5108 δῆλον
2230 5035 2295 5089 ὲκ
2333 5033 2429 5087 τοῦ
2480 5038 2675 5105 μηκέτι
2719 5035 2847 5098 τοὺς
2890 5033 3182 5104 καθαροὺς,
3225 5031 3324 5085 καὶ
3366 5029 3587 5088 ἀπαθεῖς

2027 5130 2253 5199 πάσχειν
2281 5144 2334 5180 τι
2362 5127 2620 5180 τοιοῦτον.
2654 5128 2808 5179 Ἔστι
2855 5127 2912 5179 δὲ
2943 5128 3037 5180 καὶ
3065 5124 3281 5195 κίνησίς
3324 5138 3408 5185 τις
3447 5117 3582 5183 ἁπλῆ

2022 5220 2114 5290 ὑφ’
2167 5218 2326 5290 ἡμῶν
2379 5220 2658 5291 γινομένη,
2686 5219 2722 5290 ἦ
2758 5220 2862 5273 ὑπὸ
2900 5220 3070 5288 ἁγίων
3115 5217 3421 5286 δυνάμεων,
3470 5208 3583 5265 καθ’

2019 5311 2090 5381 ἣν
2116 5311 2291 5379 ἁγίοις
2306 5327 2375 5362 ’τε
2406 5312 2842 5382 συντυγχάνομεν
2880 5314 2940 5364 ὲν
2978 5314 3096 5375 τοῖς
3134 5309 3323 5372 ὕπνοις
3350 5308 3443 5362 καὶ⁸
3466 5308 3579 5373 ὁμι-

2022 5402 2243 5471 λοῦμεν,
2292 5402 2387 5455 καὶ
2438 5402 2880 5473 συνεστιώμεθα,
2917 5402 3062 5473 Πλὴν
3112 5399 3460 5471 προσεκτέον,
3504 5396 3579 5448 ὅτι

2023 5493 2170 5566 ᾇπερ
2205 5494 2342 5565 μετὰ
2371 5494 2465 5549 τοῦ
2498 5495 2747 5568 σώματος
2794 5498 2827 5569 η
2858 5495 3005 5568 ψυχὴ
3047 5495 3345 5565 εἰσδέχεται
3375 5489 3576 5551 εἴδωλα-

424 5676 438 5711 ¹
475 5672 664 5734 Matth.
696 5690 767 5735 γι,
806 5676 852 5728 l.
932 5676 949 5705 ³
982 5675 1113 5730 ibid.
1146 5677 1196 5731 5.
1275 5676 1294 5707 ³
1336 5676 1468 5733 ibid.
1511 5676 1597 5732 16.
1675 5682 1696 5711 δ
1725 5677 1899 5735 Galat.
1935 5691 2017 5742 ut,
2049 5674 2138 5732 28.
