3994 6182
438 185 571 244 1205

1422 184 1519 243 DE
1568 182 1939 242 MALIGNIS
1977 142 2635 247 COGITATIONIB'US.

3554 181 3687 245 1:200

434 293 603 344 ταῦτα
661 290 790 344 ἄνευ
834 290 925 345 τοῦ
975 292 1287 362 σώματοςὴ
1323 292 1513 363 μνήμη
1558 294 1701 344 κινεῖ
1729 293 1825 345 καὶ
1854 290 2011 344 τοῦτο

2132 292 2315 348 sanctis
2350 294 2403 346 in
2431 295 2662 361 somnis,
2698 303 2749 349 et
2782 294 3166 364 colloquimur,
3200 301 3253 347 et
3285 291 3683 348 eonv‘escimur.

434 385 604 450 σαιρὲς
634 385 698 435 ὲκ
732 383 824 435 τοῦ
865 382 1140 446 πολλάκις,
1174 383 1267 437 καὶ
1296 384 1354 435 ὲν
1384 387 1491 447 τοῖς
1542 382 1729 446 ύιτνοις
1771 383 2002 454 πάσχειν
2034 376 2037 379 ⁵

434 479 578 545 ἡμεῖς
624 475 783 528 τοῦτο
815 475 1150 544 ἠρεμοῦντος
1180 474 1272 527 τοῦ
1324 475 1592 545 σώματος.
1628 464 1839 544 Ὥσπερ
1888 476 2001 527 ἔστι

434 568 541 635 γὰρ
577 565 948 636 μνημονεῦσαι
981 564 1193 628 ὕδατος,
1227 567 1318 619 καὶ
1361 567 1497 636 μετὰ
1544 564 1724 637 δίψης,
1757 566 1849 619 καὶ
1878 567 2004 619 ἄνευ

434 659 592 729 δίψης
613 678 624 690 ·
658 658 829 719 οὕτως
858 657 972 710 ἔστι
1005 656 1373 728 μνημονεῦσαι
1400 657 1622 729 χρυσίου
1655 658 1793 726 μετὰ
1821 658 2008 710 πλεον⁴

435 749 617 814 εξίας,
674 750 767 803 καὶ
826 747 958 800 ἄνευ
1020 746 1353 813 πλεονεξίας,
1398 748 1491 801 καὶ
1543 749 1636 801 ἐπὶ
1681 748 1789 803 τῶν
1834 750 2009 804 ἄλλων

438 837 779 907 πραγμάτων
810 836 1095 899 ὡσαύτως.
1136 836 1220 888 Τὸ
1270 836 1326 889 δὲ
1375 837 1586 891 τοιάσδε
1615 838 1647 907 ἦ
1678 837 1889 891 τοιάσδε
1921 838 2010 890 εὑ-

444 931 652 1000 ρίσκειν
706 929 1019 998 φαντασιῶν
1047 928 1309 1001 διαφορὰς
1354 928 1444 981 τὸν
1482 928 1628 985 νοῦν.
1661 928 1759 1000 τῆς
1787 927 2011 981 ἐκείνων

440 1022 799 1090 κακοτεχνίας
854 1021 971 1072 ἐστὶ
1022 1020 1327 1092 γνώρισμα.
1395 1020 1547 1092 ’Ἅμα
1600 1019 1655 1073 δὲ
1713 1022 1804 1073 καὶ
1857 1019 2014 1074 τοῦτο

443 1114 639 1176 ἰστέον,
663 1114 745 1166 ὅτι
776 1113 997 1176 καὶτοῖς
1018 1111 1215 1176 ἔξωθεν
1240 1113 1526 1183 πράγμασι
1557 1113 1847 1183 κέχρηνται
1882 1114 2014 1184 προς

440 1206 537 1270 τὰς
572 1205 873 1275 φαντασίας
901 1206 950 1257 oi
978 1205 1249 1274 δαίμονες,
1280 1205 1354 1268 ὡς
1389 1207 1481 1257 ἐπὶ
1512 1205 1618 1257 τῶν
1645 1206 1911 1258 πλεόντων
1939 1200 2017 1277 τῷ

442 1296 558 1367 ἤχῳ
584 1295 694 1348 τῶν
724 1297 1009 1363 κυμάτων.
1042 1295 1253 1363 Σφόδρα
1282 1294 1360 1365 τῷ
1392 1294 1580 1364 σκοπῷ
1610 1294 1716 1347 τῶν
1745 1296 2017 1366 δαιμόνων

441 1392 469 1441 ὁ
500 1387 669 1457 θυμὸς
696 1389 729 1454 ἠ
740 1386 859 1455 μῶν
888 1387 1255 1456 συμϐάλλεται
1291 1387 1445 1457 παρὰ
1475 1388 1636 1455 φύσιν
1677 1389 2017 1458 κινούμενος,

444 1477 539 1530 καὶ
582 1477 717 1547 πρὸς
750 1478 929 1534 πᾶσαν
972 1476 1154 1530 αὐτῶν
1192 1478 1609 1549 κακομηχανίαν
1640 1478 1846 1547 γίνεται
1882 1498 2022 1552 χρη-

446 1566 775 1638 σιμώτατος,
799 1567 921 1620 ὅθεν
949 1566 1185 1639 νύκτωρ,
1210 1568 1302 1621 καὶ
1329 1568 1446 1638 μεθ’
1475 1570 1693 1639 ἡμέραν
1722 1569 2022 1641 ταράσσειν

2105 380 2487 453 Verumtamen
2531 385 2938 450 attendendum,
2974 384 3142 453 quod,
3168 400 3289 452 qua:
3314 399 3436 437 eum
3461 398 3688 450 corpore

2106 470 2286 526 anima
2323 474 2552 542 suscipit
2583 476 2897 539 simulacra,
2928 491 2990 529 ea
3014 475 3220 544 absque
3244 488 3477 542 corpore
3509 485 3685 526 movet

2108 566 2390 629 memoria;
2432 577 2485 619 et
2514 568 2613 621 hoc
2648 567 2888 622 dilucide
2934 577 3083 637 patet
3115 584 3180 622 ex
3209 582 3275 621 eo
3306 567 3452 635 quod
3489 567 3686 633 szepius

2107 657 2161 711 iu
2192 657 2399 713 somnis
2435 659 2597 713 etiam
2639 676 2740 715 nos
2765 661 2907 715 istud
2959 662 3196 729 patimur
3220 702 3236 724 ,
3280 675 3509 729 corpore
3537 664 3689 730 quie-

2110 760 2315 808 scente.
2364 752 2837 817 Quemadmodum
2896 755 3043 809 enim
3096 754 3356 823 possibile
3404 762 3489 809 est
3542 768 3692 822 aqua:

2112 843 2449 908 meminisse,
2481 855 2534 898 et
2560 861 2684 900 cum
2712 846 2827 910 siti,
2849 853 2905 901 et
2925 845 3132 915 absque
3154 844 3265 910 siti,
3297 845 3377 899 sic
3398 861 3692 914 possumus

2114 935 2386 993 recordari
2416 937 2535 989 auri
2558 951 2683 992 cum
2714 938 3014 1008 cupiditate
3046 936 3275 992 habendi
3308 936 3466 1001 illud,
3501 947 3557 991 et
3576 938 3695 991 sine

2115 1027 2442 1096 cupiditate;
2496 1038 2660 1096 atque
2694 1029 2948 1084 similiter
2990 1027 3112 1081 aliis
3160 1026 3227 1081 de
3276 1026 3461 1081 rebus.
3495 1025 3692 1080 Verum

2116 1119 2260 1187 quod
2294 1136 2445 1175 mens
2499 1122 2635 1177 tales
2671 1129 2769 1174 ant
2802 1120 2935 1174 tales
2969 1119 3208 1174 inveniat
3248 1119 3693 1186 inmginationnm

2116 1210 2469 1279 differentias,
2494 1215 2709 1268 illarum
2737 1215 2998 1269 indicium
3019 1227 3100 1270 est
3123 1216 3392 1275 maleﬁcii,
3422 1229 3517 1267 seu
3538 1212 3693 1271 artis,

2120 1316 2240 1371 qua:
2260 1304 2326 1359 ad
2353 1315 2597 1361 nostram
2623 1306 2965 1361 convertitur
2996 1308 3316 1377 perniciem.
3348 1305 3521 1359 Simul
3545 1318 3697 1359 vero,

2122 1404 2177 1452 et
2223 1400 2326 1450 hoc
2375 1396 2683 1460 sciendum,
2730 1399 2875 1467 quod
2923 1399 3197 1454 daemones
3239 1398 3489 1452 externis
3535 1398 3698 1448 etiam

2125 1491 2288 1545 rebus
2321 1496 2550 1542 utuntur
2585 1487 2651 1540 ad
2699 1488 3117 1557 imaginationes
3149 1488 3492 1552 excitandas,
3535 1494 3615 1548 ut,
3649 1486 3701 1535 in

2125 1574 2527 1644 navigantibus,
2574 1574 2758 1627 sonitu
2800 1574 3086 1630 ﬂuctuum.
3123 1575 3489 1631 Vehementer
3521 1583 3700 1626 autem

444 1658 635 1713 τοῦτον
681 1659 859 1721 οὐδεὶς
903 1659 1085 1714 αὐτῶν
1114 1660 1634 1731 παραιτεῖται,λάλλ’
1663 1661 1792 1714 ὅταν
1830 1661 2019 1715 ἴδωσιν

2132 1667 2428 1722 memoriam
2454 1662 2724 1720 intentum
2745 1667 2902 1733 juvat
2925 1670 3006 1723 ira
3030 1679 3211 1724 nostra
3236 1679 3430 1739 praeter
3450 1676 3701 1721 naturam

446 1752 609 1804 αὐτὸν
652 1751 875 1806 δεθέντα
906 1751 1195 1823 πραότητι,
1231 1749 1292 1803 τὸ
1326 1750 1630 1819 τηνικαῦτα
1663 1751 1755 1804 ἐπὶ
1782 1751 2020 1817 δικαίαις

446 1844 783 1915 προφάσεσιν
827 1840 989 1907 εὐθὺς
1039 1843 1203 1897 αὐτὸν
1249 1842 1608 1908 ἀπολύουσιν,
1645 1842 1731 1897 ἵνα
1767 1841 2021 1914 ὀξύτερος

442 1934 705 2003 γεγονὼς,
738 1935 993 2006 καὶπρὸς
1027 1934 1154 1997 τοὺς
1189 1931 1475 2005 θηριώδεις
1508 1934 1803 2005 λογισμοὺς
1842 1935 2019 1988 αὐτῶν

444 2026 775 2097 χρησιμεύῃ,
807 2024 996 2096 διόπερ
1024 2025 1259 2094 ἀνάγκη,
1294 2025 1430 2093 μήτε
1460 2025 1711 2089 δικαίοις,
1748 2025 1885 2095 μήτε
1933 2026 2019 2077 ἐπ’

443 2116 650 2178 ἀδίκοις
674 2116 996 2186 πράγμασιν
1025 2115 1154 2169 αὐτὸ
1184 2114 1467 2180 ἐρεθίζειν,
1498 2117 1635 2185 μήτε
1668 2117 1837 2169 κακὸν
1869 2116 2019 2184 ξίφος

442 2207 641 2260 διδόναι
670 2212 782 2271 τοῖς
826 2207 1237 2261 ὑποϐάλλουσιν.
1282 2208 1460 2276 ’Ὅπερ
1503 2208 1764 2270 πολλάκις
1795 2208 2019 2272 πολλοὺς

445 2300 733 2363 ποιοῦντας
765 2302 1085 2372 ἐπίσταμαι,
1123 2302 1219 2354 καὶ
1249 2299 1411 2353 πλέον
1441 2300 1474 2369 ἢ
1509 2299 1634 2371 χρὴ,
1667 2301 1757 2353 ἐπὶ
1800 2302 2020 2371 μικραῖς

446 2392 858 2460 ἀναπτομένους
889 2393 1246 2464 προφάσεσιν.

2125 1760 2419 1821 commota,
2471 1764 2526 1810 et
2559 1761 2625 1815 ad
2660 1776 2876 1814 onmem
2925 1760 3166 1830 ipsorum
3226 1760 3422 1815 malam
3479 1757 3706 1812 fraudu-

2118 1849 2346 1906 lentiam
2394 1850 2573 1910 evadit
2622 1853 2926 1924 aptissima,
2973 1854 3114 1908 unde
3160 1863 3349 1919 noctu,
3386 1861 3441 1907 et
3471 1851 3702 1907 interdiu

2116 1941 2296 2011 ipsam
2332 1945 2555 2001 turbare
2604 1947 2789 2001 nullus
2842 1961 3031 2001 eorum
3072 1954 3307 2010 recusat,
3344 1944 3438 1999 sed
3488 1943 3707 2013 quando

2125 2031 2359 2087 viderint
2395 2050 2514 2091 eam
2559 2036 2983 2091 mansuetudine
3026 2034 3306 2105 illigatam,
3353 2043 3484 2088 tunc
3526 2033 3705 2103 iustos

2125 2124 2197 2178 ob
2228 2128 2522 2195 praetextas
2566 2128 2856 2183 confestim
2905 2129 3050 2182 illam
3088 2130 3402 2193 exsolvunt,
3433 2138 3491 2181 ut
3516 2125 3704 2181 eﬂ‘ectn

2120 2216 2298 2284 magis
2332 2227 2512 2281 acuta,
2546 2220 2611 2273 ad
2644 2218 2847 2275 ferinas
2876 2220 3043 2274 etiam
3074 2220 3314 2290 ipsorum
3346 2219 3706 2290 cogitationes

2124 2309 2589 2377 accommodetur;
2615 2302 2776 2382 517
2812 2312 2934 2365 ideo
2964 2325 3249 2366 necessum
3275 2319 3378 2377 est,
3413 2326 3514 2365 nec
3541 2308 3708 2380 jnstis

2120 2410 2227 2451 “nec
2256 2398 2477 2467 iniustis
2506 2400 2572 2457 de
2614 2404 2779 2458 rebus
2808 2410 2928 2457 eam
2984 2400 3219 2468 irritare,
3269 2418 3442 2473 neque
3483 2403 3707 2457 noxium

445 2503 632 2541 ensem
667 2488 907 2556 praebere
939 2487 1391 2559 suggerentibus;
1458 2487 1601 2560 quod
1655 2502 1894 2558 persaepe
1933 2486 2135 2544 multos
2174 2490 2370 2552 fecisse
2412 2496 2558 2565 novi,
2600 2506 2654 2552 et
2686 2496 2809 2569 pws
2850 2482 3014 2568 quam
3076 2496 3370 2568 oporteret,
3414 2512 3608 2567 parvos
3641 2494 3711 2550 ob

447 2588 760 2645 pra-textus,
794 2592 1108 2633 δυοοειιεοε.

1043 2697 1292 2754 ΚΕΦΑΛ.
1354 2699 1429 2753 E'.

534 2789 703 2862 ’Υπὲρ
720 2790 864 2852 τίνος
894 2790 1155 2862 γὰρ,εἰπέ
1188 2808 1300 2861 μοι,
1318 2790 1411 2844 καὶ
1434 2787 1795 2858 προσπίπτεις
1824 2787 2027 2858 ταχέως

2745 2704 2975 2762 CAPUT
3019 2703 3080 2760 ν.

2190 2785 2400 2845 Etenim
2438 2791 2526 2849 dic
2549 2794 2712 2848 etiam
2754 2793 2908 2858 mihi,
2952 2806 3123 2863 quare
3183 2791 3433 2846 celeriter
3470 2791 3707 2862 procidis

450 2887 531 2949 εἰς
562 2882 764 2955 μάχην,
797 2884 951 2953 εἴπερ
984 2882 1309 2954 βρωμάτων,
1340 2883 1433 2935 καὶ
1464 2881 1642 2952 δόξης,
1676 2882 1770 2934 καὶ
1807 2880 2026 2952 χρημά-

2132 2878 2185 2933 ἰιι
2218 2896 2417 2951 pugna,
2462 2884 2728 2954 siquidem
2769 2900 2950 2949 escas.
2984 2892 3038 2939 et
3068 2883 3321 2955 gloriam,
3358 2891 3415 2937 et
3456 2883 3713 2954 pecunias

452 2999 559 3035 των
589 2979 1117 3051 καταπεφρόνηκας;
1149 2979 1203 3031 τί
1240 2978 1297 3030 δὲ
1338 2978 1559 3049 τρέφεις
1598 2976 1691 3030 τὸν
1730 2975 1888 3036 κύνα,
1921 2991 2029 3047 μη-

450 3073 539 3126 δὲν
570 3072 712 3141 ἔχειν
742 3069 1208 3139 ἐπαγγελλόμενος
1235 3086 1249 3135 ;
1286 3069 1345 3121 Ei
1376 3069 1433 3121 δὲ
1463 3062 1612 3129 οὗτος
1645 3066 1886 3130 ὑλακτεῖ,
1935 3066 2028 3119 καὶ

451 3167 564 3228 τοῖς
594 3163 903 3235 ἀνθρώποις
934 3164 1249 3233 ἐπέρχεται,
1276 3160 1540 3233 πρόδηλος
1571 3154 1623 3212 εί
1649 3158 1795 3212 ἔνδον
1824 3174 2027 3228 κεκτη-

457 3255 614 3322 μένος
644 3255 786 3319 τινὰ,
825 3254 917 3307 καὶ
958 3252 1130 3307 ταῦτα
1164 3251 1459 3321 φυλάσσειν
1490 3249 1830 3322 βουλόμενος.
1884 3248 2028 3303 Ἀλλ’

456 3344 565 3413 ἐγὼ
609 3345 700 3397 τὸν
738 3346 976 3398 τοιοῦτον
1026 3344 1244 3414 μακρὰν
1284 3342 1531 3413 καθαρᾶς
1573 3342 1880 3415 προσευχῆς
1911 3341 2030 3396 πεί-

457 3436 621 3507 θομαι
666 3433 801 3490 εἶναι
834 3437 1090 3506 λυμεῶνα
1133 3438 1222 3491 τὸν
1256 3437 1426 3506 θυμὸν
1472 3438 1573 3506 τῆς
1615 3437 1875 3507 τοιαύτης
1907 3439 2028 3490 ἐπι-

462 3528 748 3595 στάμενος.
800 3526 944 3596 Πρὸς
977 3526 1034 3578 δὲ
1067 3524 1276 3585 τούτοις
1326 3524 1611 3593 θαυμάζω,
1658 3526 1735 3588 ὡς
1784 3525 1877 3579 καὶ
1920 3524 2031 3579 τῶν

459 3620 630 3688 ἁγίων
662 3617 1119 3688 ἑπιλελησμένων,
1143 3616 1232 3669 τοῦ
1253 3616 1349 3687 μὲν
1368 3616 1531 3670 Δαὸὶδ
1560 3615 1809 3686 βοῶντος,
1838 3634 1856 3667 ι
1882 3615 2027 3669 Παῦ-

354 3763 363 3774 ,
464 3728 551 3765 σαι
582 3710 689 3764 ἀπὸ
718 3710 912 3780 ὀργῆς,
946 3710 1040 3761 καὶ
1075 3696 1406 3774 ἐγκατάλιπε
1438 3705 1625 3777 θυμόν·
1662 3727 1680 3760 ι
1714 3707 1809 3760 τοῦ
1836 3707 1894 3759 δὲ
1910 3708 2031 3760 Ἑκ-

462 3800 791 3869 κλησιαστού
845 3799 1336 3869 παραγγέλλοντος,
1396 3817 1413 3849 ι
1477 3799 1809 3868 Ἀπόστησον
1860 3797 2031 3868 θυμὸν

461 3891 570 3944 ἀπὸ
599 3891 824 3960 καρδίας
855 3906 970 3954 σου,
1012 3890 1106 3944 καὶ
1133 3888 1350 3959 πάραγε
1378 3890 1643 3959 πονηρίαν
1674 3889 1782 3949 ἀπὸ
1832 3890 2032 3959 σαρκός

464 3998 591 4036 σουο
634 4003 651 4033 ι
686 3982 779 4035 τοῦ
817 3982 875 4034 δὲ
928 3980 1251 4034 Ἀποστόλου
1296 3980 1755 4050 προστάσσοντος,
1795 3997 1814 4031 ι
1848 3979 2031 4050 Χωρὶς

461 4075 665 4145 ὀργῆς,
718 4076 811 4127 καὶ
856 4072 1222 4143 διαλογισμῶν
1268 4074 1327 4125 ὲν
1375 4072 1539 4125 παντὶ
1591 4074 1741 4142 τόπῳ
1786 4072 2034 4142 ἐπαίρειν

462 4167 612 4228 ὁσίας
645 4170 833 4236 χεῖρας
862 4165 996 4235 πρὸς
1026 4165 1279 4233 Κύριον.)
1297 4164 1361 4216 Τί
1390 4163 1447 4217 δὲ
1467 4164 1529 4217 ού
1556 4163 1902 4235 μανθάνομεν
1928 4164 2035 4217 ἀπὸ

462 4259 561 4328 τῆς
588 4259 696 4311 τῶν
722 4256 1022 4327 ἀνθρώπων
1048 4257 1335 4326 μυστικῆς,
1369 4256 1466 4309 καὶ
1490 4257 1724 4319 παλαιᾶς
1750 4256 2037 4327 συνηθείας

461 4352 761 4421 διωκούσης
793 4352 857 4403 ὲκ
882 4349 991 4403 τῶν
1006 4351 1168 4403 οἴκων
1195 4351 1321 4413 τοὺς
1346 4348 1514 4412 κύνας
1542 4350 1599 4401 ὲν
1626 4348 1704 4419 τῷ
1733 4349 1909 4418 καιρῷ
1936 4349 2036 4419 τῆς
2080 4398 2084 4402 .

466 4445 792 4513 προσευχῆς,
825 4444 920 4495 καὶ
956 4442 1117 4495 τοῦτο
1164 4442 1564 4510 αίνιττομένης,
1597 4442 1671 4504 ὡς
1699 4440 1761 4494 ού
1789 4441 1872 4494 δεῖ
1901 4458 2038 4511 συμ-

466 4535 708 4604 παρῆναι
756 4537 869 4597 τοῖς
916 4532 1381 4602 προσευχομένοις
1428 4532 1630 4601 θυμόν;
1675 4533 1788 4585 Καὶ
1839 4531 2034 4585 πάλιν

470 4643 491 4675 ι
549 4624 731 4693 Θυμὺς
777 4623 1084 4693 δρακόντων
1126 4624 1158 4675 ὁ
1198 4617 1340 4685 οἶνος
1387 4621 1585 4674 αὐτῶν.
1626 4639 1644 4672 ι
1681 4623 1840 4676 οἴνου
1891 4622 1948 4676 δὲ
1989 4624 2038 4676 ei

466 4708 759 4786 Ναζιραῖοι
807 4715 1116 4784 ἀπείχοντο.
1162 4713 1339 4785 Χολὴν
1387 4713 1442 4766 δὲ
1488 4714 1581 4766 καὶ
1607 4713 1778 4783 ὀσφὺν
1817 4717 2039 4786 ἄϐρωτα

466 4810 577 4870 τοῖς
625 4807 766 4868 θεοῖς
792 4823 877 4868 τις
923 4805 1034 4858 τῶν
1074 4805 1273 4871 ἔξωθεν
1310 4805 1488 4872 σοφῶν
1526 4805 1843 4876 ἀπεφήνατο
1876 4805 2038 4871 εἶναι,

466 4900 568 4951 οὐκ
598 4897 772 4961 εἰδὼς,
814 4894 987 4968 οἶμαι,
1031 4897 1060 4950 ὃ
1088 4898 1294 4965 ἔλεγεν,
1325 4891 1402 4949 ὧν
1441 4897 1503 4949 τδ
1538 4899 1637 4968 μὲν
1665 4899 1853 4969 ὀργῆς,
1884 4901 1944 4953 τὸ
1983 4899 2040 4952 δὲ

468 4990 665 5056 ἀλόγου
716 4990 1014 5057 ἐπιθυμίας
1065 4989 1241 5058 ἔγωγε
1297 4988 1565 5059 σύμϐολον
1611 4985 1751 5043 εἶναι
1810 4991 2036 5059 νομίζω.

471 5082 607 5151 Περὶ⁵
635 5082 692 5135 δὲ
730 5080 825 5134 τοῦ
858 5081 933 5151 μὴ
960 5082 1072 5135 δεῖν
1103 5083 1376 5152 μεριμνᾷν
1421 5082 1734 5150 ἐνδυμάτων
1765 5082 1973 5149 ἕνεκεν,
2004 5083 2037 5153 ἢ

472 5172 800 5243 βρωμάτων,
844 5172 1096 5243 περιττὸν
1137 5170 1290 5241 οἶμαι
1336 5172 1397 5226 τὸ
1447 5174 1701 5244 γράφειν,
1731 5175 1899 5228 αὑτοῦ
1947 5175 2042 5229 τοῦ

473 5266 723 5335 Σωτῆρος
750 5269 782 5336 ὴ
793 5265 910 5334 μῶν
938 5267 997 5319 ὲν
1025 5268 1139 5326 τοῖς
1167 5263 1519 5333 Εύαγγελίοις
1547 5266 2044 5336 ἀπαγορεύσαντος,

481 5373 505 5408 ι
533 5356 627 5426 Μὴ
661 5359 1035 5427 μεριμνήσητε
1064 5356 1205 5425 γὰρ,
1226 5357 1377 5426 φησι,
1409 5359 1474 5427 τῇ
1502 5356 1648 5427 ψυχῇ
1680 5357 1833 5426 ὑμῶν
1860 5358 1912 5410 τί
1943 5358 2043 5427 φά-

470 5461 630 5518 γητε,
661 5448 694 5517 ἢ
726 5448 778 5501 τί
808 5447 968 5519 πίητε
1000 5448 1033 5519 ἢ
1064 5448 1117 5501 τί
1143 5447 1543 5519 περιϐαλεῑσθε.
1586 5468 1604 5501 ι
1654 5448 1910 5502 Ἐθνικῶν
1939 5450 2045 5521 γὰρ

2134 2973 2467 3043 despexisti?
2497 2977 2687 3046 ecquid
2719 2986 2903 3032 autem
2946 2978 3122 3032 nutris
3154 2991 3370 3043 canem,
3421 2992 3545 3030 eum
3581 2975 3711 3028 nihil

2135 3066 2414 3134 possidere
2463 3069 2809 3137 profitearis?
2841 3069 2898 3123 Si
2944 3082 3073 3123 vero
3100 3068 3146 3123 is
3172 3067 3416 3130 allatret.
3449 3076 3504 3122 et
3537 3066 3589 3120 in
3614 3066 3714 3120 bo-

2135 3158 2309 3214 mines
2333 3158 2556 3225 insiliat,
2586 3158 2939 3216 manifestum
2970 3169 3075 3225 est,
3112 3158 3256 3230 quod
3284 3157 3715 3228 intuspossides

2136 3250 2339 3321 aliqua,
2362 3267 2535 3323 eaque
2580 3251 2716 3309 velis
2748 3253 3044 3309 custodire.
3076 3251 3188 3324 Ego
3215 3266 3342 3308 vero
3370 3252 3519 3308 hunc
3552 3250 3713 3306 talem

2136 3343 2326 3414 procul
2379 3359 2411 3399 a
2475 3360 2613 3415 pura
2654 3347 2899 3401 oratione
2950 3346 3143 3402 abesse
3184 3344 3316 3400 mihi
3376 3344 3712 3414 persuadeo,

2137 3450 2261 3491 cum
2303 3437 2472 3506 probe
2503 3437 2697 3501 sciam,
2723 3436 2871 3506 quod
2898 3435 3183 3492 iracundia
3216 3437 3485 3493 orationis
3524 3436 3717 3504 hujus-

2137 3527 2351 3581 cemodi
2388 3528 2457 3582 sit
2496 3528 2631 3582 lues.
2680 3527 2905 3597 Insuper
2948 3528 3214 3591 admiror,
3268 3528 3414 3597 quod
3456 3536 3509 3581 et
3541 3528 3712 3581 sancti

2138 3617 2395 3672 oblivioni
2424 3617 2629 3676 fuerint
2659 3618 2922 3684 mandati,
2961 3629 3074 3674 tum
3112 3617 3302 3682 David,
3339 3618 3431 3687 qui
3479 3619 3712 3671 clamat:

2145 3709 2371 3764 «Desine
2390 3709 2460 3765 ab
2485 3709 2588 3774 ira,
2611 3720 2666 3765 et
2685 3710 3002 3780 derelinque
3022 3710 3258 3763 furorem
3280 3709 3355 3775 ⁵;ι
3394 3718 3504 3761 ιιιιιι
3532 3708 3718 3762 Eccle-

2139 3796 2337 3852 siastes
2387 3795 2478 3867 qui
2522 3798 2785 3868 praecipit:
2825 3815 2843 3849 ι
2867 3798 3038 3851 Aufer
3082 3798 3222 3851 iram
3256 3812 3285 3849 a
3312 3795 3477 3850 corde
3516 3803 3629 3859 tuo,
3664 3806 3717 3848 et

2139 3904 2329 3945 amove
2370 3888 2631 3945 malitiam
2663 3905 2693 3945 a
2744 3905 2909 3945 carne
2942 3903 3032 3945 tua
3071 3890 3120 3956 ⁶;
3155 3910 3172 3941 ι
3235 3896 3348 3942 tum
3402 3888 3714 3957 Apostolus,

2138 3984 2234 4055 qui
2285 3983 2526 4040 mandat:
2582 4003 2601 4037 ι
2634 3985 2855 4054 Absque
2907 3982 3216 4047 iracundia,
3260 3989 3314 4036 et
3367 3980 3710 4051 disceptatio-

2141 4078 2301 4134 nibus
2332 4079 2385 4132 in
2416 4080 2562 4133 omni
2595 4079 2716 4134 loco
2744 4078 3005 4133 extollere
3043 4086 3261 4131 sanctas
3296 4091 3489 4130 manus
3515 4073 3581 4128 ad
3616 4072 3719 4126 Do-

2142 4172 2349 4226 minuat
2369 4173 2408 4227 ⁷.
2435 4192 2453 4224 ι
2487 4172 2689 4241 Ecquid
2721 4186 2852 4226 vero
2883 4187 2990 4225 non
3016 4169 3308 4225 ediscimus
3343 4170 3409 4222 ab
3440 4165 3719 4220 hominum

2144 4266 2393 4335 mystica,
2439 4273 2494 4319 et
2533 4274 2743 4319 vetusta
2789 4263 3178 4319 consuetudine
3226 4260 3524 4331 depellendi
3557 4276 3721 4315 canus

2142 4374 2208 4413 ex
2233 4359 2442 4415 aedibus
2465 4356 2706 4428 tempore
2729 4358 3027 4421 orationis;
3066 4371 3187 4424 qua:
3216 4354 3555 4408 consuetudo
3591 4352 3717 4406 illud

2145 4451 2480 4506 subobscure
2515 4450 2809 4514 indicabat,
2842 4448 2987 4518 quod
3031 4445 3288 4499 nimirum
3315 4460 3419 4495 non
3451 4451 3717 4510 oporteat.

2144 4545 2307 4600 simul
2342 4545 2532 4600 adesse
2562 4543 2851 4599 orantibus
2874 4538 3234 4595 iracundiam:
3266 4544 3318 4589 et
3342 4548 3554 4587 rursus:
3598 4551 3614 4581 ι
3638 4530 3717 4583 1ι·;ι

2144 4638 2442 4692 draconum
2493 4636 2678 4688 vinum
2732 4633 2966 4687 eorum“.
3016 4650 3033 4682 ι
3064 4626 3203 4682 Vino
3257 4634 3437 4679 autem
3478 4623 3717 4677 abstine—

2146 4725 2278 4780 bant
2299 4724 2537 4779 Nazaraei
2561 4742 2573 4778 :
2594 4722 2687 4778 sed
2711 4730 2763 4776 et
2786 4722 3007 4792 quidam
3032 4734 3094 4774 ex
3114 4714 3386 4788 profanis,
3417 4729 3510 4768 seu
3542 4713 3719 4768 ethni~

2146 4818 2225 4872 eis
2266 4817 2601 4887 sapientibus
2641 4815 2949 4878 afﬁrmavit,
2998 4812 3090 4879 fel,
3120 4822 3282 4882 atque
3330 4811 3421 4865 ilia
3471 4805 3577 4861 diis
3613 4822 3718 4860 non

2146 4920 2265 4959 esse
2300 4902 2683 4967 comestibilia,
2725 4901 2974 4955 nesciens
3008 4898 3192 4970 518,
3239 4908 3370 4969 pulo
3401 4899 3547 4970 quod
3576 4898 3721 4953 diee-

2149 4991 2257 5055 bat;
2302 5005 2534 5059 quorum
2574 4988 2705 5042 illud
2751 4985 2968 5057 quidem
3027 4987 3343 5053 iracundiae,
3398 4987 3503 5043 ista
3543 4996 3719 5039 autem

2149 5079 2399 5134 belluinae
2416 5076 2729 5147 cupiditatis
2751 5083 2907 5129 notas
2930 5088 3051 5128 esse
3073 5074 3329 5129 arbitror.
3362 5074 3517 5141 Quod
3542 5084 3729 5127 autem

2150 5188 2255 5229 non
2305 5180 2554 5242 oporteat
2598 5169 2888 5225 sollicitum
2957 5182 3077 5223 esse
3122 5168 3187 5224 de
3230 5167 3593 5231 indumentis,
3628 5177 3721 5219 aut

2148 5265 2366 5330 eduliis,
2405 5277 2868 5332 supervacaneum
2902 5262 3097 5331 opinor
3134 5260 3409 5327 scribere;
3441 5276 3564 5315 eum
3606 5259 3722 5327 ipsc

2152 5357 2399 5413 Salvator
2441 5366 2625 5411 noster
2665 5356 2716 5409 in
2760 5352 3065 5424 Evangeliis
3105 5352 3506 5422 prohibuisset;
3548 5351 3725 5420 inquit

2150 5450 2293 5505 enim
2329 5467 2342 5503 :
2384 5466 2403 5499 ι
2442 5447 2617 5502 Nolite
2662 5445 2876 5501 solliciti
2909 5459 3028 5502 esse
3075 5444 3271 5501 anima:
3324 5452 3543 5511 vestrm,
3596 5442 3725 5511 quid

551 5610 574 5642 ⁸
607 5607 752 5664 l‘sal.
791 5625 982 5674 XXXVI,
1012 5612 1065 5666 8.
1143 5608 1162 5639 ⁸
1209 5606 1386 5664 Eccle.
1430 5624 1505 5673 xi,
1545 5606 1626 5659 l0.
1703 5609 1720 5639 ⁷
1757 5606 1949 5662 l'l‘im.
1988 5626 2022 5664 ιι

2200 5609 2221 5637 ⁸
2254 5605 2414 5663 Deut.
2444 5620 2619 5669 xxxn,
2650 5602 2753 5657 55..
