3990 6204
295 212 429 276 1207

1842 217 1907 278 S.
1926 217 2092 279 NILI

3435 209 3568 286 1209

290 324 655 390 manducetis,
681 333 775 379 aut
794 322 1011 390 bibatis,
1038 334 1135 380 aut
1165 323 1502 393 induamini;
1536 343 1556 378 ι
1580 325 1686 381 hoc
1727 327 1873 382 enim

2005 328 2242 398 ἱντικρυς
2285 324 2468 392 τοῦτο,
2513 322 2610 377 καὶ
2640 323 2889 379 ἀπίστων
2918 322 3259 379 ἀθετοῦντων
3288 320 3388 395 τὴν
3432 323 3566 394 πρὸ-

291 421 469 490 palam
502 428 585 474 est
616 420 881 487 gentium,
926 432 992 473 ac
1022 416 1347 485 inﬁdelium,
1391 420 1483 488 qui
1506 421 1791 492 abrogant,
1824 432 1881 477 et

290 515 647 562 contemnunt
711 503 1112 561 Providentiam
1176 506 1477 576 mundique
1528 505 1876 562 Conditorem

292 598 623 661 inﬁciantur;
658 595 898 657 atistud
934 612 962 650 a
1004 596 1333 653 Christianis
1370 598 1598 652 omnino
1633 608 1717 653 est
1749 598 1879 653 alie-

293 704 447 754 num,
492 688 586 758 qui
634 688 802 742 semel
850 687 1221 750 crediderunt,
1252 690 1397 758 quod
1422 701 1476 743 et
1508 690 1619 745 duo
1652 704 1872 759 passer-

291 782 424 845 culi,
466 779 558 850 qui
598 788 847 835 vaeneunt
880 780 1161 849 dipondio,
1200 790 1328 835 sunt
1381 781 1483 836 sub
1522 782 1880 837 administra-

292 874 443 930 tione
494 882 807 928 sanctorum
867 874 1214 945 angelorum.
1262 875 1650 932 Verumtamen
1703 885 1788 932 est
1826 887 1881 934 et

295 962 409 1017 hac
449 962 759 1017 daemonum
805 962 1166 1026 consuetudo,
1216 973 1275 1017 ut
1301 964 1576 1029 {nimirum
1616 973 1738 1034 post
1779 966 1882 1019 im-

292 1065 458 1121 puras
480 1049 858 1121 cegitationcs,
901 1060 1196 1121 suggerant
1243 1052 1403 1105 etiam
1441 1067 1556 1115 eas,
1584 1067 1707 1121 qua:
1752 1060 1880 1108 sunt

293 1138 680 1194 sollicitudinis
699 1180 714 1204 ,
744 1145 804 1191 ut
819 1136 998 1205 Iesus,
1022 1147 1289 1207 prasente
1310 1139 1703 1209 cogitationum
1722 1140 1880 1194 turba

293 1229 347 1285 in
382 1230 504 1283 loco
531 1229 903 1294 intellectuali,
935 1230 1111 1299 capite
1131 1230 1404 1285 declinato
1421 1230 1664 1300 ell'ugiat,
1690 1232 1880 1301 sicque

300 1321 672 1377 infructuosus
732 1321 929 1377 evadat
975 1337 1160 1378 sermo
1201 1337 1233 1377 a
1281 1323 1454 1393 spinis
1496 1322 1881 1379 sollicitudinis

295 1414 615 1471 suffocatus.

896 1523 1128 1581 CAPUT
1187 1523 1275 1582 VI.

370 1637 540 1710 Igitur
590 1640 951 1712 cogitationes
1004 1641 1205 1707 etiam,
1257 1654 1379 1710 quae
1436 1654 1469 1696 e
1515 1640 1883 1698 sollicitudine
1912 1677 1956 1734 Β

299 1736 621 1812 procedunt,
654 1735 1012 1806 deponentes,
1057 1747 1303 1795 nostram
1341 1736 1396 1790 in
1455 1735 1746 1792 Dominum
1775 1736 1885 1794 sol-

299 1827 637 1885 licitudinem
688 1827 995 1899 jactemus,
1058 1828 1420 1900 praesentibus
1484 1829 1767 1895 contenti,
1834 1838 1889 1885 et

301 1934 542 1997 paupere
589 1920 725 1985 vita,
763 1935 828 1975 ac
873 1930 1022 1976 veste
1071 1929 1308 1985 utentes,
1353 1918 1663 1986 eﬂ'ectores,
1697 1931 1751 1977 et
1792 1934 1891 1976 au-

302 2021 484 2067 ctores
509 2026 661 2068 vana:
683 2011 870 2082 gloria:
896 2021 1018 2082 post
1041 2012 1183 2067 diem
1207 2028 1495 2068 exuamus.
1525 2011 1581 2068 Si
1612 2027 1739 2068 vero
1764 2013 1890 2084 quis

302 2112 459 2179 putat
498 2104 552 2162 in
601 2112 750 2163 veste
792 2104 1147 2176 paupercula,
1198 2104 1620 2175 incompositam
1666 2120 1732 2161 ac
1792 2105 1890 2162 de-

304 2196 536 2253 lbrmem
568 2196 803 2267 speciem
833 2197 1113 2262 exhibere,
1166 2196 1426 2268 respiciat
1462 2206 1716 2253 sanctum
1746 2199 1891 2253 Pau-

304 2286 454 2350 lum,
497 2286 592 2362 qui
621 2286 673 2341 in
718 2286 919 2357 frigore
962 2301 1029 2343 ac
1077 2287 1327 2343 nuditate
1368 2301 1627 2344 coronam
1664 2287 1893 2359 justitia‘.

304 2380 702 2450 exspectabat’.
745 2378 853 2435 Sed
902 2381 1164 2451 quoniam
1217 2381 1513 2449 theatrum,
1557 2391 1612 2437 et
1653 2382 1891 2440 stadium

307 2474 605 2544 Apostolus
669 2473 832 2528 istum
886 2476 1193 2535 nominavit
1244 2479 1535 2546 mundum,
1583 2479 1891 2544 videamus,

306 2578 377 2617 an
407 2563 667 2632 possibile
700 2562 793 2627 sit,
825 2562 998 2633 quod,
1019 2563 1113 2634 qui
1158 2566 1587 2637 cogitationibus
1624 2567 1893 2625 sollicitu-

306 2649 451 2705 dinis
474 2650 696 2706 indutus
720 2659 823 2714 est,
856 2660 1045 2707 currat
1082 2652 1148 2707 ad
1177 2653 1422 2709 bravium
1453 2670 1704 2725 supernae
1732 2653 1896 2726 519

306 2745 686 2813 vocationis",
733 2755 827 2801 aut
855 2746 1091 2802 luctetur
1134 2747 1401 2806 adversus
1443 2750 1805 2820 principatus,
1842 2759 1896 2806 et

308 2846 626 2909 potestates,
684 2840 948 2896 adversus
1004 2841 1196 2896 mundi
1250 2851 1493 2899 rectores
1544 2844 1893 2898 tenebrarum

308 2930 474 3002 hujus
501 2930 686 2987 saeculi
711 2931 777 2987 “.
827 2932 942 3002 Ego
977 2934 1199 3002 quidem
1245 2935 1451 3001 nescio,
1489 2950 1614 2991 cum
1670 2936 1738 2990 ab
1778 2936 1895 3006 ipsa

1982 436 2131 473 νοιαν
2162 417 2255 473 τοῦ
2301 416 2594 479 Δεσπότου,
2634 416 2851 470 καὶτὸν
2902 415 3255 487 Δημιουργδν
3300 416 3565 488 ἀρνουμέ-

1980 528 2107 566 νωψ
2135 508 2481 581 Χριστιανῶν
2512 509 2569 562 δὲ
2594 508 2656 563 τὸ
2680 508 2922 563 τοιοῦτον
2950 508 3233 574 παντελῶς
3261 506 3575 579 ἀλλότριον,

1980 602 2129 666 ἀπαξ
2180 600 2650 667 πεπιστευκότων,
2700 600 2779 654 δτι
2830 600 2922 653 καὶ
2968 599 3039 653 τὰ
3084 601 3447 671 πρασσόμενα
3478 598 3577 652 δύο

1982 694 2241 766 στρουθία
2260 693 2356 747 τοῦ
2374 692 2641 762 ἀσσαρίου
2665 692 2770 745 ὑπὸ
2793 690 2891 763 τὴν
2915 692 3232 762 οἰκονομίαν
3256 691 3366 745 τῶν
3393 692 3574 761 ἁγίων

1980 785 2231 853 ἀγγέλων
2277 784 2413 837 ἔστί.
2477 782 2624 853 Πλήν
2662 783 2778 836 ἐστι
2828 784 2927 837 καὶ
2960 781 3102 853 αῦτη
3155 780 3415 855 συνήθεια
3461 783 3578 836 τῶν

1981 875 2279 945 δαιμόνων,
2314 876 2453 946 μετά
2480 876 2604 938 τοὺς
2635 873 2985 946 ἀκαθάρτους
3015 876 3314 947 λογισμοὺς
3360 876 3576 948 έμδάλ-

1980 967 2093 1021 λειν
2123 968 2368 1030 καὶτοὺς
2407 966 2508 1037 τῆς
2548 968 2839 1038 μερίμνης,
2874 967 2961 1021 ἵνα
3007 965 3243 1039 ὲκνεύσῃ
3289 969 3319 1021 ό
3362 965 3579 1038 Ἰησοῦς

1980 1059 2139 1130 δχλου
2163 1058 2316 1122 ὄντος
2331 1059 2621 1129 νοημάτων
2646 1052 2703 1111 ἓν
2732 1056 2808 1128 τῷ
2834 1058 2974 1115 κατά
3004 1058 3248 1113 διάνοιαν
3274 1058 3447 1131 τόπῳ,
3475 1061 3579 1114 καὶ

1980 1151 2230 1223 ἄκαρπος
2262 1150 2488 1220 γένηται
2532 1153 2560 1203 6
2591 1150 2748 1219 λόγος
2777 1148 2885 1203 ὑπὸ
2915 1150 3017 1222 τῆς
3063 1149 3337 1222 μερίμνης
3379 1149 3580 1220 πνιγό-

1985 1260 2145 1314 μενος
2174 1240 2282 1296 τῶν
2311 1241 2587 1298 ἀκανθῶν.

2582 1527 2835 1583 ΚΕΦΑᾹ.
2878 1529 2971 1597 q'.

2056 1641 2268 1699 οὐκοῦν
2299 1640 2425 1704 τοὺς
2460 1639 2526 1693 ἐκ
2570 1638 2839 1711 μερίμνης
2866 1638 3202 1711 ἀποθέμενοι
3247 1640 3577 1710 λογισμοὺς.

1989 1733 2373 1807 ἑπιρρίψωμεν
2421 1731 2517 1785 ἐπὶ
2551 1732 2756 1802 Κύριον
2787 1731 2887 1803 τὴν
2938 1733 3209 1803 μέριμναν
3257 1732 3417 1803 ἡμῶν
3458 1735 3582 1797 τοῖς

1989 1824 2258 1897 παροῦσιν
2284 1822 2638 1894 ἀρκούμενοι,
2674 1823 2769 1877 καὶ¹
2798 1823 3037 1893 πενιχρᾷ
3067 1822 3179 1894 ζωῇ
3209 1823 3578 1895 χρησάμενοι,

1990 1919 2086 1973 καὶ
2114 1916 2276 1988 στολῇ
2313 1917 2438 1979 τοὺς
2468 1914 2714 1987 πατέρας
2744 1915 2843 1985 τῆς
2874 1914 3180 1980 κενοδοξίας
3216 1916 3338 1986 μεθ’
3361 1916 3582 1987 ἡμέραν

1992 2007 2413 2079 ἀποδυσώμεθα.
2448 2009 2515 2062 Εί
2535 2008 2592 2062 δέ
2620 2024 2707 2071 τις
2734 2009 3067 2078 ἀσχημονεῖν
3098 2007 3192 2061 ἐπὶ
3222 2008 3454 2077 πενιχρᾷ
3484 2024 3580 2060 νο·-

1995 2102 2144 2175 μίζει
2192 2101 2376 2171 στολῇ,
2412 2099 2657 2170 βλεπέτω
2707 2099 2800 2154 τὸν
2848 2100 3003 2167 ἆγιον
3046 2098 3259 2152 Παῦλον
3302 2102 3360 2152 ὲν
3391 2098 3577 2168 ψύχει,

1993 2195 2088 2249 καὶ
2127 2193 2450 2264 γυμνότητι,
2476 2191 2569 2244 τὸν
2610 2191 2711 2260 τῆς
2743 2191 3093 2263 δικαιοσύνης
3128 2192 3579 2261 προσδοκήσαντα

1995 2287 2282 2356 στέφανον.
2348 2283 2490 2339 Ἀλλ’
2548 2283 2738 2352 ἐπειδὴ
2807 2282 3038 2352 θέατρον
3066 2320 3082 2344 ,
3131 2281 3227 2335 καὶ
3281 2279 3498 2333 στάδιον
3549 2280 3582 2331 ὁ

2007 2376 2329 2439 Ἀπόστολος
2360 2376 2451 2429 τὸν
2485 2374 2689 2444 κόσμον
2720 2372 2911 2426 τοῦτον
2941 2372 3241 2443 ὠνόμασεν,
3275 2372 3499 2439 ἴδωμεν,
3529 2371 3581 2423 εί

1995 2466 2112 2520 ἔστι
2170 2464 2429 2528 δυνατὸν,
2491 2462 2767 2534 μερίμνης
2826 2460 3193 2531 ὲνδυσὰμενον
3260 2459 3580 2531 λογισμοῦςν

1996 2557 2228 2627 δραμεῖν
2258 2554 2352 2608 ἐπὶ
2402 2552 2464 2606 τὸ
2499 2550 2751 2624 βραϐεῖον
2782 2549 2885 2617 τῆς
2930 2548 3043 2603 ἀνω
3074 2549 3341 2619 κλήσεως,
3389 2548 3422 2619 ἢ
3470 2565 3583 2601 πα-

1996 2646 2178 2699 λαῖσαι
2212 2645 2345 2716 πρὸς
2388 2643 2485 2707 τὰς
2516 2644 2690 2714 ἀρχὰς
2722 2641 2817 2696 καὶ
2855 2641 2952 2704 τὰς
2999 2639 3267 2706 ἐξουσίας,
3314 2639 3410 2691 καὶ
3442 2638 3585 2710 πρὸς

1995 2740 2121 2801 τοὺς
2148 2736 2601 2807 κοσμοκράτορας
2624 2734 2718 2787 τοῦ
2750 2733 2978 2795 σκότους
3008 2732 3103 2783 τοῦ
3133 2730 3329 2791 αἰῶνος
3351 2729 3543 2781 τούτου
3563 2746 3578 2759 ·

1998 2827 2109 2900 ἐγὼ
2144 2829 2242 2901 μὲν
2271 2829 2370 2880 οὐκ
2403 2821 2540 2888 οῖδα,
2576 2827 2671 2879 καὶ
2695 2826 2789 2877 ἀπ’
2820 2823 2997 2892 αὐτῆς
3028 2823 3124 2889 τῆς
3154 2821 3419 2892 αἰσθητῆς
3452 2839 3586 2874 παι-

1999 2918 2289 2987 δευόμενος
2324 2916 2587 2985 ἱστορίας.
2646 2910 3141 2983 Ἒμποδισθῄσεται
3180 2908 3288 2980 γὰρ
3316 2910 3523 2969 ἐκεῖνος
3558 2908 3588 2960 6

307 2996 528 3092 quoque
587 3022 832 3079 sensibili
876 2996 1113 3079 historia
1155 3027 1401 3094 erudiar;
1439 2996 1589 3097 'quia
1638 2996 1893 3083 videlicet

2005 3011 2177 3065 ἁθλῶν
2208 3009 2312 3061 ὑπὸ
2348 3007 2443 3060 τοῦ
2476 3004 2704 3076 χιτῶνος
2732 3001 2997 3073 δηλονότι,
3032 3000 3125 3053 καὶ
3161 2996 3399 3060 εὐκόλως
3428 3015 3587 3068 περι-

308 3114 422 3179 ille,
456 3115 556 3185 qui
591 3124 784 3183 certat,
818 3115 1151 3186 impediatur
1183 3132 1213 3171 a
1249 3118 1454 3186 tunica,
1499 3118 1767 3189 facileque
1794 3119 1906 3175 cir-

307 3207 708 3275 cumtrahetur,
760 3208 1224 3278 quemadmodum
1257 3219 1310 3265 et
1357 3227 1514 3267 meus
1546 3226 1574 3266 a
1621 3212 1907 3284 cogitatio-

308 3294 475 3351 nibus
503 3295 912 3364 sollicitudinis;
940 3296 987 3352 si
1024 3311 1191 3352 verax
1222 3298 1440 3368 quidem
1474 3299 1544 3354 sit
1581 3315 1785 3366 sermo,
1813 3301 1907 3370 qui

309 3382 463 3446 dicit,
512 3391 749 3438 mentem
785 3384 1009 3454 proprio
1051 3384 1315 3441 thesauro
1361 3386 1641 3442 assiduam
1684 3387 1905 3444 incum-

313 3470 461 3536 bere;
502 3488 521 3521 ι
554 3469 656 3526 Ubi
681 3485 919 3543 namque
957 3472 1253 3531 thesaurus
1295 3482 1422 3531 tuus
1454 3482 1559 3542 est,
1590 3476 1666 3531 ibi
1723 3478 1829 3532 erit
1856 3482 1909 3531 et

312 3572 409 3612 cor
438 3565 591 3613 tuum
615 3559 699 3618 ³⁸⁸.
717 3578 735 3613 ι

906 3668 1138 3726 CAPUT
1180 3670 1293 3726 γη·

389 3783 437 3848 Ε,
464 3780 917 3851 cogitationibus,
947 3783 1031 3838 hae
1072 3782 1298 3854 quidem
1329 3790 1537 3848 secant,
1574 3784 1696 3839 aliae
1724 3792 1907 3840 autem

317 3887 603 3942 secantur;
636 3886 691 3931 et
740 3884 929 3933 secant
967 3875 1190 3946 quidem
1230 3876 1388 3931 malae
1424 3877 1619 3941 bonas,
1658 3891 1690 3932 e
1718 3886 1909 3932 contra

318 3987 448 4029 vero
474 3969 629 4024 mala:
654 3979 910 4025 secantur
937 3984 965 4026 a
994 3970 1152 4024 bonis
1176 3986 1191 4035 ;
1232 3984 1357 4023 nam
1406 3968 1645 4040 Spiritus
1682 3979 1909 4026 sanctus

320 4059 552 4119 attettdit
598 4058 917 4129 cogitationi
950 4058 1003 4112 in
1042 4058 1235 4127 primis
1267 4058 1479 4127 positae,
1521 4066 1575 4112 et
1605 4059 1907 4113 secundum

321 4152 471 4214 illam
527 4150 741 4221 iudicat
790 4164 913 4212 nos,
960 4156 1056 4202 aut
1105 4148 1317 4218 recipit.
1367 4147 1523 4214 Quod
1547 4158 1727 4204 autem
1763 4149 1906 4215 dico,

322 4240 702 4315 hujuscemodi
753 4248 855 4294 est.
912 4238 1099 4293 Habeo
1161 4240 1458 4310 quamdam
1523 4242 1907 4311 cogitationem

324 4330 739 4403 hospitalitatis,
767 4344 997 4399 eamque
1015 4330 1190 4385 habeo
1214 4341 1435 4401 propter
1465 4331 1778 4396 Dominum,
1814 4333 1909 4388 sed

326 4428 437 4483 ista
478 4423 749 4481 scinditur
792 4424 1121 4479 adventante
1167 4424 1270 4477 alia
1320 4434 1581 4490 tentante,
1621 4436 1674 4479 et
1713 4442 1912 4497 sugge-

328 4529 507 4583 rente,
548 4529 609 4571 ut
652 4518 834 4587 gloria:
875 4531 1041 4571 causa
1093 4515 1328 4586 hospitio
1387 4516 1677 4586 excipiam.
1714 4518 1755 4572 E
1786 4532 1919 4573 con-

326 4625 443 4675 tra:
484 4612 657 4667 habeo
687 4612 1072 4682 cogitationem
1118 4608 1524 4678 hospitalitatis,
1558 4617 1617 4663 ut
1644 4609 1711 4663 ab
1743 4607 1917 4663 homi-

326 4707 493 4768 nibus
553 4703 773 4768 videar,
840 4702 931 4758 sed
988 4709 1044 4756 et
1104 4701 1205 4760 ista
1264 4702 1592 4766 dissecatur,
1647 4701 1919 4756 subeunte

328 4797 555 4859 meliore
627 4795 1002 4865 cogitatione,
1085 4807 1208 4866 qua:
1231 4791 1296 4847 ad
1380 4792 1666 4847 Dominum
1736 4794 1917 4863 potius

327 4892 588 4947 virtutem
638 4895 887 4948 nostram
938 4884 1160 4955 dirigit,
1216 4900 1426 4955 nosque
1479 4894 1655 4955 urget,
1697 4893 1756 4939 ut
1802 4900 1910 4939 non

331 4990 554 5053 propter
590 4979 839 5043 homines
880 4978 985 5038 ista
1032 4977 1317 5034 faciamus.
1359 4977 1416 5031 Si
1454 4990 1588 5047 ergo
1629 4992 1724 5047 per
1747 4991 1910 5045 opera

333 5074 549 5129 tandem
584 5072 637 5133 in
687 5071 879 5141 primis
928 5085 1281 5135 maneamus,
1327 5069 1429 5123 etsi
1465 5068 1730 5123 fuerimus
1756 5082 1786 5129 a
1825 5082 1913 5122 se-

335 5164 529 5223 cundis
575 5164 787 5228 tentati,
833 5171 1013 5215 tamen
1054 5175 1152 5229 pro
1182 5160 1314 5215 solis
1359 5160 1553 5229 primis
1601 5159 1794 5229 positis
1818 5174 1912 5213 co-

338 5254 700 5326 gitationibus
743 5253 1020 5307 mercedes
1072 5251 1426 5305 habebimus:
1474 5250 1915 5320 quandoquidem

338 5364 462 5402 cum
490 5346 737 5402 homines
768 5344 963 5409 simus,
1000 5357 1234 5411 cumque
1263 5342 1599 5397 dazmouibus
1627 5342 1916 5405 luctemur,

343 5440 567 5497 minime
593 5439 860 5502 valemus,
894 5444 1098 5495 rectam
1134 5434 1515 5505 cegitationcm
1549 5435 1916 5505 incorruptam

2007 3100 2422 3170 ελκυσθήσεται,
2451 3097 2704 3165 καθάπερ
2734 3095 2828 3147 καὶ
2847 3095 2875 3147 6
2894 3091 3019 3155 νοῦς
3044 3092 3149 3145 ὑπὸ
3182 3090 3287 3142 τῶν
3309 3087 3591 3158 λογισμῶν

2004 3192 2105 3261 τῆς
2148 3191 2440 3261 μερίμνης,
2478 3188 2633 3259 είπερ
2665 3185 2915 3258 ἀληθινὸς
2962 3186 2992 3238 6
3030 3183 3203 3252 λέγων
3237 3180 3316 3251 τῷ
3348 3179 3459 3251 ἰδίῳ
3493 3180 3591 3232 τὸν

2007 3284 2131 3338 νοῦν
2160 3282 2592 3355 προσκαρτερεῖν
2630 3278 2909 3350 θησαυρῷ,
2953 3296 2972 3328 ι
3012 3278 3186 3331 Ὅπου
3226 3275 3337 3344 γάρ
3364 3275 3514 3325 ἐστιν
3560 3270 3592 3322 6

2008 3373 2276 3448 θησαυρός
2306 3389 2421 3439 σου,
2442 3373 2626 3444 φησὶν,
2659 3372 2777 3425 ἐκεῖ
2800 3369 2972 3434 ἔσται,
3004 3369 3101 3423 καὶ
3135 3369 3167 3437 ἡ
3200 3366 3396 3437 καρδία
3430 3380 3582 3417 σου..

2608 3676 2860 3732 ΚΕΦΔΔ.
2900 3678 2973 3730 Z'.

2079 3793 2201 3847 Τῶν
2233 3790 2508 3863 λογισμῶν
2558 3790 2738 3861 οἱμὲν
2760 3790 3072 3861 τέμνουσιν,
3109 3790 3159 3841 oi
3189 3789 3245 3841 δὲ
3276 3788 3589 3859 τέμνονται·

2009 3883 2102 3936 καὶ
2132 3881 2389 3952 τέμνουσι
2420 3880 2519 3952 μὲν
2540 3880 2592 3933 οί
2613 3880 2839 3950 πονηροὶ
2859 3879 2987 3941 τοὺς
3018 3877 3281 3946 ἀγαθοὺς,
3302 3877 3595 3946 τέμνονται
3639 3918 3647 3931 .

2007 3973 2067 4027 δὲ.
2114 3972 2276 4028 πάλιν
2326 3970 2431 4025 ὑπὸ
2480 3969 2592 4024 τῶν
2639 3969 2867 4038 ἀγαθῶν
2913 3969 2962 4022 οί
3015 3967 3242 4038 πονηροὶ
3297 3966 3359 4020 τὸ
3408 3964 3596 4018 τοίνυν

2010 4063 2236 4135 Πνεῦμα
2290 4062 2352 4115 τὸ
2398 4063 2553 4130 ἅγιον
2589 4059 2823 4131 πρώτως
2870 4059 3083 4113 τεθέντι
3135 4057 3394 4130 προσέχει
3438 4056 3596 4123 λογι-

2012 4152 2156 4224 σμῷ,
2198 4153 2295 4207 καὶ
2339 4151 2477 4223 πρὸς
2521 4152 2728 4204 ἐκεῖνον
2757 4151 2933 4221 κρίνει
2960 4150 3131 4221 ἡμᾶς,
3170 4148 3204 4220 ἢ
3240 4146 3593 4216 ἀποδέχεται.

2017 4246 2083 4299 Ὃ
2128 4244 2185 4298 δὲ
2228 4244 2372 4313 λέγω
2420 4241 2659 4296 τοιοῦτόν
2692 4242 2862 4298 ἐστιν.
2919 4242 3069 4312 Ἔχω
3116 4239 3239 4294 τινὰ
3285 4236 3597 4307 φιλοξενίας

2013 4338 2294 4408 λογισμὸν.
2322 4336 2417 4391 καὶ
2444 4333 2635 4389 τοῦτον
2661 4333 2772 4405 έχω
2794 4334 2882 4389 διά
2909 4334 3001 4387 τὸν
3030 4334 3256 4403 Κύριον,
3288 4331 3402 4386 ἀλλ’
3435 4324 3598 4390 οὗτος

2020 4428 2339 4492 ἐπελθόντος
2378 4428 2472 4482 τοῦ
2507 4426 2859 4498 πειράζοντος
2887 4428 3143 4498 τέμνεται
3181 4427 3276 4480 καὶ
3303 4425 3462 4496 δόξης
3490 4422 3600 4493 χά-

2025 4541 2109 4595 ριν
2139 4521 2436 4591 φιλοξενεῖν
2471 4521 2887 4584 ὑποδάλλοντος.
2921 4519 3121 4574 Πάλιν·
3149 4519 3258 4590 έχω
3294 4516 3603 4588 φιλοξενίας

2019 4614 2278 4685 λογισμὸν
2311 4614 2450 4687 πρὸς
2496 4614 2557 4667 τὸ
2578 4617 2689 4677 τοῖς
2713 4613 3024 4685 ἀνθρώποις
3046 4612 3306 4682 φανῆναι,
3336 4610 3474 4664 ἀλλά
3501 4610 3603 4664 καὶ

2018 4702 2175 4771 οὗτος
2219 4707 2540 4771 ἐπελθόντος
2595 4706 2905 4778 κρείττονος
2939 4703 3202 4776 λογισμοῦ
3229 4702 3600 4773 διατέμνεται,

2019 4798 2112 4853 τοῦ
2146 4799 2284 4869 πρὸς
2317 4798 2408 4851 τὸν
2427 4797 2636 4869 Κύριον
2662 4797 2865 4868 μᾶλλον
2894 4795 3052 4867 ἡμῶν
3081 4795 3181 4868 τὴν
3213 4794 3415 4867 ἀρετὴν
3430 4796 3605 4849 ἁπευο

2023 4889 2296 4954 θύνοντος,
2324 4889 2419 4942 καὶ
2454 4888 2528 4959 μὴ
2556 4888 2624 4942 δι’
2646 4887 2967 4959 ἀνθρώπους
2982 4885 3159 4942 ταῦτα
3176 4887 3437 4958 πράττειν
3453 4885 3605 4956 ἡμᾶς

2019 4980 2441 5050 ἀναγκάζοντος.
2459 4980 2557 5032 Ἂν
2580 4979 2674 5033 οὖν
2696 4979 2787 5033 νδιά
2800 4979 2908 5033 τῶν
2934 4977 3110 5049 ἔργων
3125 4976 3311 5030 λοιπὸν
3330 4977 3443 5039 τοῖς
3462 4989 3604 5043 προ-

2019 5076 2197 5145 τέροις
2256 5072 2605 5144 ἐμμείνωμεν
2638 5071 2745 5125 ὑπὸ
2771 5071 2880 5125 τῶν
2897 5070 3164 5139 δευτέρων
3182 5066 3598 5139 πειραζόμενοι,

2022 5168 2199 5235 μόνων
2213 5166 2323 5218 τῶν
2348 5165 2631 5234 προτέρων
2656 5163 2919 5216 τεθέντων
2948 5161 3223 5231 λογισμῶν
3258 5159 3452 5230 ἕξομεν
3472 5156 3605 5219 τοὺς

2023 5255 2404 5325 μισθοὺς,διότι
2416 5253 2512 5308 ἄνθ
2522 5269 2690 5323 ρωποι
2702 5253 2874 5315 ὅντες,
2890 5253 2983 5305 καὶ
2995 5252 3316 5314 παλαίοντες
3333 5250 3600 5319 δαίμοσιν,

2020 5348 2105 5412 ἀεὶ
2121 5348 2373 5416 κατέχειν
2410 5346 2503 5399 τὸν
2528 5345 2686 5415 ὀρθὸν
2717 5344 2975 5414 λογισμὸν
2998 5344 3277 5413 ἄφθαρτον
3295 5342 3396 5395 οὐκ
3420 5338 3601 5408 ίσχύο-

2025 5456 2146 5508 μεν,
2161 5438 2279 5491 οὐδὲ
2297 5438 2459 5491 πάλιν
2471 5436 2561 5490 τὸν
2576 5435 2811 5506 πονηρὸν
2820 5433 3080 5506 λογισμὸν
3093 5433 3238 5504 ἔχειν
3247 5430 3598 5502 ἀπείραστον,

419 5642 439 5673 θ
470 5637 661 5703 Matth.
700 5654 770 5698 τι.
802 5638 893 5691 '23.
971 5639 1011 5671 "
1046 5637 1089 5691 ll
1119 5637 1247 5693 Cor.
1278 5655 1354 5705 ιι,
1398 5639 1488 5692 27.
1570 5638 1609 5669 ¹⁰
1643 5637 1875 5709 Philipp.

2006 5673 2021 5701 ,
2086 5635 2170 5701 15,
2204 5634 2287 5688 14.
2370 5634 2406 5665 ιι
2437 5632 2737 5718 Εριιοεηνι,
2773 5628 2855 5684 12.
2933 5627 2997 5659 ““
3024 5620 3215 5688 Matth.
3248 5635 3324 5689 vi,
3352 5618 3445 5681 21.
