3994 6182
350 201 488 267 1209

1376 212 1477 273 DE
1505 212 1882 278 MALIGNIS
1923 214 2596 289 COGITATIONIBUS.

3482 236 3622 306 1210

343 318 558 422 ἀρετῶν
588 318 881 422 σπέρματα
910 326 1257 399 κεκτημένοι.
1305 330 1454 403 Πλὴν
1484 332 1581 388 ὲάν
1599 350 1679 395 τις
1700 334 1927 407 χρονίσῃ

2042 352 2246 411 semper
2289 344 2553 412 retinere;
2584 345 2727 402 sicut
2764 361 2794 402 e
2831 358 3045 416 contra,
3082 348 3245 422 520
3286 366 3409 408 cum
3445 355 3617 410 virtu-

343 410 456 465 τῶν
471 412 779 483 τεμνόντων
800 414 1075 489 λογισμῶν
1094 421 1153 473 ὲν
1167 423 1234 493 τῇ
1257 420 1410 496 χώρᾳ
1428 425 1521 479 τοῦ
1538 428 1933 500 πειραζομένου

347 504 698 570 καθίσταται,
732 508 828 561 καὶ
877 511 1000 563 κατ’
1029 514 1235 566 ἐκεῖνον
1264 514 1451 571 λοιπὸν
1479 518 1571 573 τὸν
1616 518 1877 592 λογισμὸν
1904 525 1934 577 ό

345 594 637 667 ἄνθρωπος
686 598 1005 668 κινούμενος
1072 604 1381 675 ἐνεργήσει.
1441 609 1562 664 Τῶν
1624 612 1934 681 ἀΠελικῶν

347 683 647 756 λογισμῶν,
676 691 769 742 καὶ
795 690 903 742 τῶν
924 691 1284 764 ἀνθρωπίνων
1308 698 1403 752 καὶ
1432 700 1542 753 τῶν
1565 703 1630 757 ἐκ
1659 703 1935 775 δαιμόνων

344 776 554 847 ταύτην
593 781 694 849 τὴν
738 781 1005 869 διαφοράν
1050 789 1190 856 μετά
1219 788 1422 861 πολλῆς
1463 792 1565 863 τῆς
1610 799 1934 869 παρατηρή-

350 881 487 931 σεως
515 868 840 941 ἐγνώκαμεν
868 868 1029 940 εἶναι,
1073 876 1157 931 ὅτι
1189 878 1406 950 πρῶτον
1436 882 1536 952 μὲν
1564 884 1613 936 oi.
1649 886 1935 954 ἀγγελικοὶ

347 959 447 1023 τὰς
495 960 687 1029 φύσεις
736 964 845 1018 τῶν
901 971 1249 1039 πραγμάτιον
1302 975 1792 1046 περιεργάζονται,
1839 980 1935 1035 καὶ

348 1050 478 1115 τοὺς
524 1056 934 1124 πνευματικοὺς
984 1060 1166 1114 αὐτῶν
1205 1062 1571 1134 ὲξιχνιάζουσι
1614 1067 1932 1141 λογισμούς.

350 1136 496 1205 Οἷον,
552 1144 699 1208 τίνος
748 1147 912 1218 χάριν
962 1152 1253 1224 γεγένηται
1283 1157 1312 1208 6
1364 1160 1591 1227 χρυσὸς.
1622 1136 1717 1216 καὶ
1762 1136 1934 1218 διὰτί

351 1233 685 1306 ψαμμώδης,
729 1240 823 1293 καὶ
854 1242 1003 1296 κάτω
1037 1262 1137 1298 που
1168 1249 1283 1311 τοῖς
1315 1249 1525 1319 μορίοις
1571 1253 1670 1324 τῆς
1695 1255 1800 1325 γῆς
1841 1258 1934 1325 ἐγ-

357 1326 753 1398 κατέσπαρται,
791 1333 883 1386 καὶ
925 1336 1062 1405 μετά
1094 1337 1290 1393 πολλοῦ
1341 1344 1614 1410 καμάτου,
1648 1349 1741 1400 καὶ
1770 1349 1932 1402 πόνου

355 1415 699 1486 εὑρίσκεται;
731 1422 879 1487 ὅπως
927 1443 983 1478 τε
1022 1428 1267 1500 εὑρεθεὶς
1312 1430 1467 1487 ὕδατι
1508 1435 1787 1505 πλύνεται,
1838 1441 1934 1494 καὶ

353 1508 489 1577 πυρὶ
513 1512 884 1582 παραδίδοται,
909 1518 1002 1571 καὶ
1026 1518 1195 1584 οὕτως
1220 1523 1300 1586 είς
1324 1526 1583 1595 τεχνιτῶν
1609 1528 1933 1599 ἐμϐάλλεται

350 1602 562 1669 χεῖρας,
597 1603 706 1657 τῶν
737 1608 1034 1663 ποιούντων
1064 1612 1162 1683 τῆς
1203 1616 1408 1687 σκηνῆς
1438 1617 1532 1689 τὴν
1563 1619 1804 1689 λυχνίαν,
1839 1625 1934 1677 καὶ

2038 440 2152 487 tum
2210 435 2588 503 possideamns
2660 438 2904 505 semina,
2964 440 3160 495 malam
3232 445 3615 513 cogitationem

2036 523 2237 580 habere
2272 540 2381 580 non
2423 540 2720 596 possumus
2762 528 3117 585 intentatam:
3154 542 3529 589 verumtamen
3570 538 3614 591 si

2036 631 2157 686 quae
2186 619 2576 687 cogitationum
2619 621 2920 675 secantium
2945 621 3152 678 diutius
3186 624 3470 680 immorata
3502 628 3618 681 fue-

2038 709 2129 771 rit.
2177 711 2436 765 tentantis
2481 712 2691 767 obtinet
2724 722 2929 782 partes.
2974 722 3023 769 et
3077 726 3262 784 postea
3312 721 3613 774 secundum

2037 800 2183 855 illam
2238 801 2623 872 cogitationem
2676 803 2842 857 homo
2900 816 3214 862 commotus
3272 812 3611 878 operabitur.

2034 889 2171 945 Cum
2230 891 2400 946 multa
2441 892 2825 948 observatione
2862 894 3243 963 cognovimus,
3289 899 3435 966 quod
3475 901 3618 954 inter

2035 982 2390 1053 cogitationes
2451 985 2748 1055 angelicas,
2778 993 2833 1039 et
2868 984 3158 1048 humanas,
3204 1001 3269 1041 ac
3302 1002 3396 1042 eas
3427 1004 3551 1059 quae
3584 1007 3616 1045 a

2033 1075 2374 1131 daemonibus
2424 1079 2773 1145 proveniunt,
2807 1079 2923 1134 haec
2967 1080 3036 1134 sit
3076 1078 3405 1146 dilierentia,
3451 1082 3616 1136 nimi-

2035 1182 2178 1232 rum,
2201 1167 2345 1238 quod
2376 1168 2614 1238 primum
2637 1170 2856 1238 quidem
2887 1170 3145 1241 angelica:
3178 1182 3403 1229 naturas
3432 1187 3616 1226 rerum

2033 1259 2253 1313 curiose
2302 1272 2367 1312 ac
2398 1257 2686 1329 diligenter
2716 1259 3021 1329 inquirunt,
3053 1276 3329 1330 sensuque
3356 1261 3618 1330 spiritua-

2034 1351 2127 1415 lia,
2158 1365 2254 1405 seu
2283 1350 2643 1421 cogitationes
2683 1348 2926 1418 ipsarum
2971 1349 3322 1418 investigarit.
3374 1349 3617 1420 Exempli

2034 1444 2236 1515 gratia,
2266 1457 2438 1513 quare
2493 1441 2697 1497 factum
2754 1440 2920 1495 fuerit
2962 1456 3182 1507 aurum,
3229 1457 3505 1512 quamque
3547 1443 3617 1497 ob

2035 1550 2255 1590 causam
2309 1548 2601 1588 arenosum
2648 1532 2758 1596 sit,
2816 1532 2981 1601 inque
3056 1531 3412 1588 inferioribus
3464 1542 3621 1588 terra:

2038 1629 2282 1693 partibus
2330 1627 2496 1682 fuerit
2543 1626 2997 1689 disseminatum,
3043 1641 3280 1694 cumque
3312 1642 3509 1696 magno
3544 1628 3621 1681 la-

350 1690 413 1785 τὸ
445 1691 831 1785 θυμιατήριον,
865 1700 959 1755 καὶ
992 1702 1092 1767 τὰς
1145 1704 1397 1773 θυΐσκας,
1444 1687 1538 1764 καὶ
1710 1714 1929 1783 φιάλας,

2042 1687 2168 1771 bore
2202 1732 2266 1771 ac
2299 1730 2465 1785 opere
2489 1714 2839 1768 inveniatur?
2861 1720 2935 1779 et,
2969 1728 3093 1767 cum
3127 1715 3404 1769 inventum
3436 1714 3620 1778 fuerit,

352 1784 411 1836 ἐν
446 1784 535 1849 αἷς
562 1788 750 1844 οὐκέτι
780 1791 874 1873 νῦν
920 1795 1064 1850 πίνει
1114 1798 1205 1851 διὰ
1231 1798 1330 1872 τὴν
1368 1802 1527 1872 χάριν
1556 1803 1649 1857 τοῦ
1680 1806 1933 1878 Σωτῆρος

352 1878 513 1970 ημῶν
540 1881 569 1933 6
598 1882 933 1950 Βαϐυλώνιος
965 1888 1241 1957 βασιλεύς,
1275 1892 1493 1950 Κλεό-πα
1522 1896 1579 1948 δὲ
1612 1898 1766 1968 φέρει
1796 1917 1930 1970 καρ-

351 1966 469 2021 δίαν
498 1972 793 2046 καιομένην
823 1977 926 2029 ὑπὸ
956 1978 1160 2034 τούτων
1194 1983 1530 2054 μυστηρίων.
1573 1987 1630 2040 Ὀ
1747 1966 1933 2058 δαιμοο

354 2058 548 2130 νιώδης
574 2062 855 2135 λογισμὸς,
886 2068 1059 2122 ταῦτα
1091 2072 1189 2141 μὲν
1218 2072 1340 2127 οὔτε
1366 2072 1524 2139 οἶδεν,
1557 2078 1680 2131 οὔτε
1712 2081 1934 2134 ἐπίστα-

351 2168 479 2204 ται·
535 2154 703 2224 μόνην
752 2158 807 2209 δὲ
854 2160 955 2229 τὴν
1010 2163 1204 2233 κτῆσιν
1255 2164 1349 2219 τοῦ
1397 2167 1659 2237 αἰσθητοῦ
1696 2150 1933 2240 ’χρυσίου

354 2244 668 2311 ὑποϐάλλει,
702 2251 813 2302 νκαὶ
848 2250 946 2321 τὴν
975 2254 1040 2306 ὲκ
1084 2254 1273 2309 τούτου
1307 2261 1519 2331 τρυφήν
1556 2279 1616 2313 τε
1658 2264 1935 2329 καὶδόξαν

353 2333 620 2405 ἐσομένην
660 2338 913 2407 προλέγει
938 2357 951 2370 ’
983 2342 1011 2393 6
1040 2343 1097 2397 δὲ
1125 2344 1464 2416 ἀνθρώπινος
1495 2348 1771 2422 λογισμὸς,
1814 2355 1936 2409 οὐδὲ

352 2426 450 2500 τὴν
468 2430 658 2499 κτῆσιν
676 2434 1067 2505 ὲπιζητεί,ούτε
1079 2439 1223 2503 τίνος
1240 2443 1657 2513 περιεργάζεται
1670 2448 1733 2501 σύ
1741 2449 1935 2517 μὸολον

352 2520 385 2572 6
408 2522 624 2591 χρυσὸς,
659 2524 793 2578 ἀλλὰ
822 2526 982 2596 μόνον
1007 2530 1087 2592 είς
1108 2530 1203 2602 τὴν
1226 2532 1466 2588 διάνοιαν
1490 2537 1583 2591 τοῦ
1609 2540 1809 2609 χρυσοῦ
1838 2543 1938 2614 τὴν

357 2614 575 2685 μορφὴν
628 2617 873 2690 εἰσφέρει
903 2619 1086 2692 ψιλὴν,
1120 2623 1323 2690 πάθους
1359 2627 1668 2694 πλεονεξίας
1708 2650 1939 2704 κεχωρι-

357 2708 596 2777 σμένηνο
654 2709 683 2760 6
727 2710 784 2763 δὲ
847 2712 1009 2775 αὐτὸς
1066 2714 1256 2783 λόγος.
1304 2720 1397 2772 καὶ
1462 2723 1554 2775 ἐπὶ
1597 2724 1706 2778 τῶν
1761 2726 1937 2780 ἄλλων

354 2800 697 2868 πραγμάτων
744 2803 1068 2874 ῥηθήσεται,
1126 2812 1269 2863 κατά
1320 2812 1411 2865 τὸν
1463 2816 1668 2870 κακόνα
1748 2820 1937 2875 τοῦτον

357 2891 635 2959 μυστικῶς
676 2894 1106 2966 γυμναζόμενος.

2037 1823 2147 1876 quo
2178 1816 2339 1877 pacto
2382 1821 2525 1876 aqua
2568 1804 2856 1875 perluitur,
2885 1812 2939 1859 et
2982 1805 3091 1875 igni
3137 1805 3390 1870 traditur,
3435 1807 3623 1876 sicque

2037 1901 2089 1954 in
2123 1899 2396 1953 artificum
2430 1897 2675 1967 injicitur
2711 1912 2926 1963 manus,
2970 1897 3064 1967 qui
3111 1898 3320 1953 faciunt
3363 1898 3622 1953 taberna-

2039 1993 2147 2047 culi
2171 1992 2586 2053 candelabrum,
2614 1998 2669 2045 et
2702 1989 3066 2055 thuribulum,
3093 2000 3146 2044 et
3165 1989 3478 2044 mortariola
3504 1989 3623 2044 sive

2038 2084 2344 2148 acetabula,
2376 2091 2430 2136 et
2464 2082 2750 2150 phialas“,
2784 2083 2837 2134 in
2868 2082 3071 2149 quibus
3098 2096 3193 2150 per
3224 2080 3453 2151 gratiam
3501 2080 3623 2135 Sal-

2039 2176 2241 2231 vatoris
2286 2173 2459 2231 nostri
2500 2188 2612 2226 non
2656 2172 2890 2241 amplius
2933 2186 3080 2227 nunc
3120 2170 3258 2225 bibit
3292 2170 3623 2241 Babylonius

2038 2282 2169 2332 rex;
2221 2264 2316 2319 sed
2370 2263 2439 2317 ab
2468 2262 2588 2316 istis
2627 2259 2986 2316 sacramentis
3028 2259 3231 2329 Cleopa
3278 2258 3381 2315 fert
3403 2275 3500 2316 cor
3531 2276 3622 2315 ar-

2038 2356 2246 2412 dens“.
2285 2352 2483 2409 Verum
2518 2351 2851 2407 daemoniaca
2880 2350 3145 2420 cogitatio
3186 2365 3289 2406 nec
3312 2350 3467 2405 novit
3493 2350 3621 2417 ista,

2042 2464 2143 2505 nec
2189 2447 2327 2513 scit;
2355 2446 2448 2502 sed
2496 2445 2666 2500 solam
2715 2443 2837 2498 auri
2890 2442 3169 2500 sensibilis
3215 2445 3621 2514 possessionem

2040 2540 2387 2612 impudenter
2421 2537 2684 2608 suggerit,
2727 2544 2781 2590 et
2810 2534 3056 2601 delicias,
3102 2549 3226 2605 qua:
3255 2535 3384 2591 inde
3427 2550 3625 2605 prove-

2042 2636 2218 2701 niunt,
2273 2642 2437 2702 atque
2479 2630 2719 2686 futuram
2769 2628 3002 2698 gloriam
3054 2628 3332 2698 praedicit;
3381 2628 3623 2683 humana

2042 2744 2172 2785 vero
2216 2727 2474 2797 cogitatio
2564 2739 2666 2780 nec
2716 2723 3121 2794 possessionem
3179 2722 3395 2792 quaerit,
3448 2735 3625 2789 neque

2042 2821 2206 2891 cujus
2233 2820 2309 2874 rei
2344 2833 2543 2875 aurum
2575 2817 2648 2873 sit
2679 2815 3011 2886 symbolum,
3036 2828 3134 2869 seu
3163 2813 3379 2883 signum
3408 2812 3625 2868 curiose

2043 2914 2323 2985 disquirit,
2355 2911 2450 2967 sed
2471 2908 2814 2965 solummodo
2840 2906 2893 2960 in
2922 2913 3159 2959 mentem
3187 2902 3486 2958 introducit
3505 2903 3623 2958 auri

356 2981 586 3036 formam
633 2996 937 3054 separatam
970 2991 1038 3044 ab
1079 2994 1322 3051 avaritiae
1365 3001 1658 3066 passione:
1707 3004 1891 3078 itaque
1942 3010 2085 3067 idem
2151 2981 2355 3072 sermo,
2382 3012 2437 3059 et
2495 3002 2564 3057 de
2623 2998 2834 3055 caeteris
2860 2996 2984 3052 aliis
3013 2996 3298 3063 dicendus,
3326 2994 3621 3051 secundum

355 3075 499 3129 hanc
525 3078 764 3146 regulam
799 3083 1025 3152 mystice
1057 3087 1407 3145 exercitatus.

959 3202 1182 3257 ΚΕΦΛΛ
1193 3244 1206 3257 .
1248 3207 1329 3259 Η’.

430 3307 586 3401 ΙΪΕστι
619 3308 848 3380 δαίμων,
882 3314 1082 3379 πλάνος
1113 3318 1427 3390 λεγόμενος,
1462 3327 1556 3379 καὶ
1589 3327 1695 3383 ὑπὸ
1727 3330 1826 3401 τὴν
1864 3331 1942 3385 ἕω

359 3398 596 3469 μάλιστα
638 3405 752 3465 τοῖς
795 3404 1045 3475 ἀδελφοῖς
1079 3412 1433 3481 παρίσταται,
1482 3418 1634 3481 ὅστις
1683 3398 1943 3490 περιάγει

355 3490 452 3544 τοῦ
481 3493 838 3564 ἀναχωρητοῦ
867 3499 959 3550 τὸν
988 3501 1112 3554 νοῦν
1143 3503 1251 3556 ἀπὸ
1279 3505 1492 3569 πόλεως
1518 3510 1599 3571 είς
1639 3510 1813 3573 πόλιν,
1847 3514 1943 3565 καὶ

356 3583 467 3673 ἀπὸ
515 3585 694 3649 οίκίας
728 3588 808 3650 είς
839 3590 1040 3657 οίκίαν,
1094 3594 1192 3645 καὶ
1223 3595 1331 3648 ἀπὸ
1374 3595 1570 3669 κώμης
1601 3601 1682 3663 εἰς
1723 3601 1940 3673 κώμην,

356 3671 518 3741 ψιλὰς
546 3676 710 3746 δῆθεν
745 3679 961 3749 πρῶτον
1000 3682 1103 3746 τὰς
1132 3686 1421 3757 συντυχίας
1465 3692 1810 3762 ποιούμενον,
1848 3671 1944 3747 καὶ

356 3770 657 3840 γνωρίμοις
675 3770 789 3823 τισὶ
814 3772 1172 3841 τυγχάνοντα,
1195 3776 1291 3829 καὶ
1313 3775 1575 3832 λαλοῦντα
1604 3781 1841 3851 μακρότε
1851 3799 1941 3853 pa,

358 3862 456 3916 καὶ
482 3863 580 3932 τὴν
612 3862 822 3916 οίκείαν
856 3864 991 3935 πρὸς
1019 3867 1147 3943 τοὺς
1195 3867 1559 3935 ἀπαντῶντας
1610 3873 1943 3928 κατάστασιν

358 3953 760 4036 διαφθείροντα,
792 3957 888 4009 καὶ
916 3957 1133 4028 μακρὰν
1159 3958 1465 4028 γινόμενον,
1490 3962 1612 4015 κατ’
1642 3964 1823 4033 ὀλίγον
1846 3966 1942 4036 τῆς

357 4027 614 4114 γνώσεως
642 4047 737 4100 τοῦ
763 4048 920 4115 Θεοῦ,
969 4027 1065 4102 καὶ
1094 4050 1195 4119 τῆς
1227 4052 1452 4123 ἀρετῆς,
1500 4056 1597 4108 καὶ
1625 4056 1719 4109 τοῦ
1738 4027 1749 4033 ⁷
1768 4027 1940 4125 ἑπαγ-

357 4137 632 4208 τέλματος
657 4138 826 4209 λήθην
855 4139 1226 4210 λαμϐάνοντα.
1253 4146 1347 4196 Δεῖ
1368 4141 1460 4199 οὖν
1484 4146 1576 4200 τὸν
1593 4128 1947 4217 ’ἀναχωροῦν-

360 4247 448 4293 τα,
481 4227 672 4282 τοῦτον
703 4233 913 4299 τηρεῖν,
947 4232 1110 4285 πόθεν
1136 4250 1194 4286 τε
1221 4235 1475 4306 ἄρχεται,
1522 4240 1616 4292 καὶ
1641 4239 1743 4292 ποῦ
1775 4257 1944 4294 κατα-

358 4322 536 4400 λήγειο
581 4322 642 4374 ού
678 4321 788 4389 γάρ
821 4323 966 4391 είκῆ.
999 4325 1119 4377 οὐδὲ
1150 4325 1225 4389 ὡς
1261 4327 1421 4399 ἔτυχε
1471 4330 1683 4400 μακρὸν
1735 4334 1943 4385 ἐκεῖνον

358 4399 560 4471 κύκλον
606 4420 916 4489 ἐργάζεται,
969 4419 1103 4473 ἀλλά
1145 4421 1246 4491 τὴν
1294 4399 1627 4475 κατάστασιν
1672 4422 1766 4475 τοῦ
1814 4425 1943 4477 ἀναο

2533 3205 2691 3277 521
2734 3200 2965 3258 CAPUT
3003 3199 3143 3254 Vill.

2117 3323 2406 3395 Reperitur
2438 3320 2673 3381 daemon,
2707 3316 2803 3385 qui
2833 3313 3035 3369 dicitur
3061 3311 3339 3382 deceptor,
3394 3317 3449 3365 et
3489 3324 3628 3378 prm-

2043 3419 2230 3473 sertim
2262 3417 2367 3471 sub
2398 3427 2650 3469 auroram
2693 3409 2960 3463 fratribus
2994 3416 3154 3473 astat,
3184 3406 3280 3476 qui
3319 3405 3626 3461 secedentis

2044 3509 2392 3564 anachoreta:
2421 3511 2657 3557 mentem
2686 3498 3012 3567 circumagit
3043 3513 3074 3551 e
3101 3498 3321 3552 civitate
3350 3496 3404 3550 in
3434 3497 3627 3551 civita-

2045 3610 2178 3665 tem,
2213 3607 2269 3654 et
2304 3613 2335 3652 e
2367 3596 2532 3650 domo
2565 3596 2617 3648 in
2647 3593 2894 3655 domum,
2928 3598 2983 3644 et
3011 3604 3042 3643 e
3076 3589 3196 3643 vico
3230 3588 3287 3642 in
3333 3588 3537 3652 vicum,
3572 3591 3624 3641 in

2044 3688 2242 3760 primis
2274 3683 2528 3741 videlicet
2558 3679 2832 3751 simplicia
2880 3679 3172 3733 habentem
3217 3677 3526 3746 colloquia,
3571 3684 3626 3731 et

2046 3796 2173 3836 cum
2207 3775 2537 3849 quibusdam
2568 3771 2804 3844 cognitis
2834 3780 3277 3834 conversantem,
3307 3779 3470 3839 atque
3500 3785 3625 3839 pro-

2047 3872 2217 3927 lixius
2246 3869 2670 3937 colloquentem,
2694 3861 3088 3934 propriumque
3118 3871 3320 3917 statum
3342 3861 3408 3915 ad
3433 3861 3625 3916 obvios

2046 3981 2155 4019 non
2181 3969 2515 4025 servantem,
2550 3967 2606 4013 et
2636 3955 2895 4027 paulatim
2939 3968 3062 4009 sese
3099 3954 3286 4023 procul
3327 3968 3358 4007 a
3391 3952 3487 4006 Dei
3530 3968 3625 4007 co-

2046 4057 2284 4127 gnitione
2315 4052 2681 4119 elongantem,
2717 4049 3085 4116 virtutemque
3117 4061 3182 4101 ac
3222 4044 3618 4115 professionem

2045 4148 2307 4205 oblivioni
2340 4144 2713 4202 mandantem.
2749 4141 2973 4211 Oportet
3016 4140 3236 4209 itaque,
3282 4139 3426 4209 quod
3472 4154 3626 4194 sece-

2044 4241 2178 4296 dens
2216 4238 2546 4294 anachoreta
2590 4244 2750 4290 caute
2797 4233 3049 4288 observet
3084 4232 3386 4287 daemonem
3433 4233 3622 4295 istum,

2047 4330 2192 4385 unde
2226 4328 2473 4398 incipiat,
2503 4335 2558 4381 et
2595 4340 2705 4395 quo
2735 4324 2982 4389 desinat;
3013 4322 3215 4377 etenim
3251 4314 3375 4376 non
3399 4330 3623 4386 temere,

2046 4438 2225 4494 neque
2247 4437 2379 4478 casu
2411 4421 2632 4491 longum
2674 4419 2825 4474 illum
2876 4416 3143 4471 circulum
3191 4429 3419 4485 operose
3447 4414 3624 4481 ducit;

358 4509 610 4579 χωρητοῦ
650 4510 983 4582 διαφθείρειν
1031 4511 1375 4584 βουλόμενος,
1417 4513 1589 4566 ταῦτα
1641 4518 1805 4577 ποιεῖ,
1856 4516 1937 4568 ἵνα

2047 4530 2240 4571 verum
2271 4513 2377 4569 ista
2416 4510 2568 4576 facit,
2603 4526 2669 4565 eo
2697 4508 2842 4579 quod
2886 4507 3016 4560 velit
3042 4507 3386 4560 anachoreta:
3421 4514 3624 4558 statum

358 4600 649 4661 ἑκκαυθεὶς
679 4604 740 4655 ἐκ
766 4602 970 4656 τούτων
989 4606 1017 4657 6
1039 4603 1186 4670 νοῦς,
1213 4606 1306 4658 καὶ
1332 4608 1396 4657 ὲκ
1428 4605 1535 4657 τῶν
1569 4606 1780 4661 πολλῶν
1816 4625 1943 4661 συν-

357 4691 559 4763 τυχιῶν
596 4692 887 4761 μεθυσθεὶς
930 4693 1131 4757 εὐθέως
1173 4694 1252 4764 τῷ
1294 4694 1394 4764 τῆς
1440 4697 1719 4765 πορνείας,
1758 4699 1791 4769 ἢ
1842 4700 1941 4770 τῆς

357 4784 551 4855 ὀργῆς,
586 4783 618 4852 ἦ
670 4783 746 4853 τῷ
803 4785 902 4853 τῆς
933 4784 1111 4855 λύπης
1155 4786 1367 4857 δαίμονι
1419 4789 1713 4861 περιπέσῃ,
1748 4791 1940 4855 οἵτινες

363 4874 601 4928 μάλιστα
640 4875 994 4946 λυμαίνονται
1043 4880 1145 4948 τῆς
1190 4878 1580 4943 καταστάσεως
1624 4882 1790 4934 αὐτοῦ
1839 4883 1938 4954 τὴν

358 4967 743 5038 λαμπρότητα.
797 4968 937 5021 Ἀλλ’
968 4971 1150 5040 ἡμεῖς,
1183 4970 1342 5041 εἴπερ
1382 4971 1577 5042 ἔχομεν
1608 4973 1811 5026 σκοπὸν
1843 4973 1937 5027 τοῦ

359 5059 564 5129 γνῶναι
610 5060 798 5128 σαφῶς
828 5061 928 5130 τὴν
959 5045 1150 5115 τούτου
1194 5065 1553 5133 πανουργίαν,
1610 5064 1685 5135 μὴ
1731 5065 1942 5136 ταχέως

364 5151 728 5223 φθεγξώμεθα
767 5154 901 5224 πρὸς
933 5154 1117 5218 αὐτὸν,
1166 5154 1299 5225 μηδὲ
1326 5156 1663 5225 δεικνύωμεν
1694 5156 1764 5209 τὰ
1795 5157 1944 5224 γινό-

293 5224 304 5233 .
368 5261 527 5314 μενα,
578 5245 696 5309 πῶς
741 5247 883 5300 κατά
909 5246 1007 5317 τὴν
1039 5224 1277 5303 διάνοιαν
1321 5248 1421 5310 τὰς
1450 5224 1741 5318 συντυχίας
1774 5250 1940 5319 ἐργά-

364 5334 539 5403 ζεται,
586 5336 681 5388 καὶ
724 5337 845 5390 τίνα
887 5338 1088 5408 τρόπον
1132 5337 1251 5391 κατ’
1284 5338 1463 5406 ὀλίγον
1508 5339 1818 5393 συνελαύνει
1850 5341 1940 5394 τὸν

360 5423 486 5487 νοῦν
535 5428 671 5498 πρὸς
718 5428 810 5482 τὸν
860 5429 1108 5497 θάνατον,
1160 5431 1282 5483 ἐπεὶ
1312 5431 1568 5499 φεύξεται
1615 5433 1710 5501 ἀφ’
1758 5433 1936 5503 ἡμῶν·

2047 4607 2383 4677 disperdere,
2409 4619 2474 4659 ac
2500 4615 2872 4671 corrumpere,
2899 4608 2956 4653 ut
2989 4612 3144 4653 mens
3164 4612 3230 4651 ex
3261 4596 3379 4651 istis
3406 4594 3625 4648 inﬂam-

2049 4708 2216 4759 mata,
2267 4704 2321 4751 et
2368 4710 2400 4750 θ
2452 4692 2641 4748 multis
2679 4691 2970 4760 colloquiis
3001 4687 3302 4752 inebriata,
3334 4685 3620 4742 confestim

2049 4786 2258 4842 incidat
2290 4785 2345 4838 in
2376 4783 2679 4839 daemonem
2718 4778 3121 4842 fornicationis,
3176 4776 3258 4831 vel
3306 4775 3622 4837 iracundiae,

2046 4877 2129 4932 vel
2161 4874 2415 4939 tristitiae,
2441 4872 2535 4943 qui
2570 4872 2810 4926 maxime
2841 4870 3034 4924 vitiant
3080 4883 3146 4924 ac
3193 4868 3396 4922 laedunt
3444 4874 3624 4921 status

2047 4970 2168 5038 ejus
2193 4966 2526 5023 claritatem.
2561 4962 2673 5019 Nos
2708 4976 2857 5028 vero,
2895 4964 2940 5017 si
2974 4961 3329 5015 intentionem
3363 4958 3625 5013 habemus

2046 5060 2350 5117 luculenter
2397 5054 2746 5129 dignoscendi
2808 5055 2969 5124 hujus
3024 5054 3360 5119 versutiam,
3408 5067 3477 5107 ne
3515 5051 3625 5106 cito

2045 5153 2175 5224 quid
2197 5152 2300 5223 ipsi
2326 5149 2692 5222 proferamus,
2719 5164 2853 5202 neve
2882 5144 3297 5216 patefaciamus,
3321 5158 3444 5214 qua:
3466 5143 3621 5206 fiunt,

2047 5246 2322 5319 quomodo
2372 5244 2630 5299 nimirum
2686 5238 3072 5294 intellectualia
3121 5236 3417 5291 fabricetur
3454 5235 3625 5291 collo-

2046 5340 2195 5409 quia,
2264 5352 2483 5408 quoque
2546 5343 2704 5404 pacto
2771 5330 3029 5403 paulatim
3086 5339 3321 5385 utentem
3387 5326 3625 5397 compel-

2038 5433 2122 5507 lat
2167 5431 2232 5487 ad
2285 5439 2552 5496 mouent,
2603 5428 2728 5497 quia
2788 5427 2955 5497 fugiet
2995 5441 3026 5482 a
3083 5424 3281 5490 nobis,
3333 5438 3434 5479 nec
3476 5421 3623 5477 enim

1045 5610 1084 5641 "
1118 5612 1289 5671 Exod.
1320 5629 1445 5676 xxv,
1470 5612 1539 5669 29
1569 5632 1582 5676 ;
1634 5611 1652 5667 ι
1688 5610 1860 5669 Much.
1896 5629 1931 5676 ι,

2062 5611 2308 5680 plorent.
2343 5628 2438 5676 ιιι,
2494 5609 2577 5676 18,
2645 5609 2731 5664 l9.
2813 5608 2857 5640 ¹³
2921 5603 3333 5671 Luc.xx1v,18,
3364 5598 3471 5657 ὅτε)...
