3990 6204
376 236 510 299 1211
1878 236 1943 298 S.

2072 240 2130 298 LI
2370 264 2377 267 -
3504 232 3650 296 Ῑῗίὲ

367 348 601 403 sustinet
632 343 824 407 videri,
852 346 983 398 dum
1016 342 1132 398 luce
1167 341 1336 409 facit;
1384 358 1449 398 ac
1492 352 1770 414 postremo
1811 345 1947 401 nihil

2072 347 2283 421 ιρᾶσθαι
2332 348 2441 419 γὰρ
2490 346 2663 401 ταῦτα
2708 345 2962 417 πράττων
3004 345 3069 399 οὐ
3100 346 3492 415 καταδέχεταιο
3543 351 3646 401 καὶ

370 442 606 496 sciemus
636 453 849 497 eorum,
882 450 1003 504 quae
1044 435 1227 489 dicere
1276 436 1612 499 studuimus.
1642 453 1830 495 verum
1857 438 1957 493 ad-

2072 444 2207 498 ιὺδὲν
2262 442 2450 497 λοιπὸν
2510 442 2769 511 εἰσόμεθα
2820 434 2900 495 ὧν
2965 440 3158 510 μαθεῖν
3200 440 3647 511 ἐσπουδάκαμεν.

370 539 475 589 huc
503 548 665 586 uuam
699 532 867 594 diem,
922 531 1037 584 sive
1071 540 1125 584 et
1164 531 1326 584 aliam
1391 533 1760 587 concedamus
1804 532 1909 601 ipsi
1938 570 1959 596 ι

2072 534 2231 589 Ἀλλά
2261 534 2356 588 καὶ
2392 533 2558 603 ἄλλην
2594 534 2723 603 μίαν
2752 531 2994 602 ἡμέραν,
3031 531 3065 601 ἦ
3099 532 3193 585 καὶ
3218 532 3475 602 δευτέραν
3511 550 3653 599 συγ-

370 633 427 676 ιιι
454 633 630 691 actum
683 619 946 689 perficiat,
985 635 1126 688 quo,
1173 619 1460 689 diligenter
1495 619 1668 689 ipsius
1712 620 1955 690 ineptum

2072 626 2399 697 ίωρήσωμεν
2425 624 2575 694 αὑτῷ
2602 624 2891 677 τελειῶσαι
2916 622 2977 674 τὸ
3012 622 3257 692 δρᾶγμα,
3286 622 3373 675 ἵνα
3399 624 3649 692 ἀκριϐῶς,

372 713 761 781 διιιρὶιιιιιιεψιε
794 710 1070 778 ingenium
1122 710 1537 778 dignoscentcs.
1572 710 1810 779 posthaec
1839 726 1957 766 ser-

2072 715 2326 785 μαθόντες
2374 714 2540 768 αὑτοῦ
2590 714 2652 767 τὸ
2708 713 3060 783 σκαιώρημα,
3106 712 3249 783 λόγῳ
3294 712 3429 781 μετὰ
3467 713 3651 765 ταῦτα

370 820 529 856 moue
564 804 739 873 ipsum
770 803 1054 869 arguendo
1086 811 1363 856 vertamus
1395 803 1447 856 ιιι
1478 802 1683 873 fugam.

874 888 1035 986 5'23
1076 916 1308 972 CAPUT
1350 918 1443 971 nt.

446 1029 547 1082 Sed
586 1028 847 1097 quoniam
883 1029 1183 1096 contingit,
1232 1029 1377 1097 quod
1400 1072 1413 1094 ,
1448 1030 1767 1086 tentationis
1815 1040 1955 1086 tem-

373 1136 522 1187 pore,
561 1136 735 1182 mens,
785 1135 909 1173 cum
946 1121 1017 1174 sit
1043 1120 1315 1174 infuscata
1341 1160 1356 1184 ,
1407 1138 1470 1175 ac
1512 1123 1676 1175 veluti
1716 1126 1955 1177 excitato

374 1213 659 1265 faeculento
689 1227 850 1266 cusuc
880 1212 1186 1281 inquinata,
1222 1228 1329 1265 non
1365 1214 1623 1282 perspicit
1667 1215 1957 1284 diligenter

372 1317 433 1354 ea
465 1319 587 1370 qttze
634 1304 789 1368 fiunt,
841 1313 964 1372 post
1009 1318 1285 1358 secessum
1321 1304 1584 1359 daemonis
1632 1306 1777 1359 istud
1824 1307 1952 1359 fiat:

375 1391 666 1444 consideus
700 1390 841 1459 apud
886 1392 1120 1460 teipsum
1165 1402 1441 1446 memento
1477 1409 1679 1459 rerum,
1708 1410 1829 1464 qua:
1858 1395 1954 1450 tibi

373 1492 675 1537 evenerunt
727 1485 999 1537 undeuam
1049 1485 1305 1553 eti-peris,
1341 1494 1395 1538 et
1441 1501 1549 1554 quo
1599 1488 1953 1555 processeris,

372 1588 552 1641 quove
578 1574 630 1625 in
668 1574 789 1627 loco
834 1576 1265 1643 comprehensus
1292 1575 1465 1630 fueris
1494 1593 1522 1630 a
1555 1578 1749 1646 Spiritu
1782 1578 1953 1632 forni-

2057 806 2375 874 ὲλέγξαντες
2413 807 2576 860 αὑτὸν
2608 804 3058 874 φυγαδεύσωμεν.

2667 918 2709 971 Ι(
2723 919 2919 971 ΕΦΑΛ.
2961 918 3041 972 θ’.

2142 1028 2285 1083 Ἀλλ’
2312 1027 2502 1097 ἐπειδὴ
2537 1026 2679 1081 κατὰ
2710 1026 2801 1080 τὸν
2828 1026 3022 1097 καιρὸν
3050 1025 3145 1079 τοῦ
3174 1027 3487 1097 πειρασμοῦ
3518 1044 3649 1095 συμ-

2059 1122 2258 1183 ϐαίνει,
2292 1120 2661 1191 τεθολωμὲνον
2689 1120 2821 1173 ὄντα
2848 1120 2951 1171 τὸν
2976 1118 3099 1171 νοῦν
3132 1119 3204 1189 μὴ
3239 1120 3485 1190 άκριόὦς
3521 1120 3649 1171 ἰδεὶν

2055 1213 2125 1267 τὰ
2149 1214 2428 1283 γινόμενα,
2450 1213 2588 1283 μετᾶ
2604 1212 2702 1281 τὴν
2733 1209 3084 1281 ἀναχώρησιν
3100 1211 3191 1262 τοῦ
3210 1209 3462 1279 δαίμονος
3490 1211 3650 1263 τοῦτο

2056 1305 2307 1373 γινέσθω·
2327 1303 2608 1367 καθεσθεὶς
2624 1304 2745 1357 καθ’
2760 1301 2971 1364 ἑαυτὸν,
2994 1303 3363 1372 μνημόνευσον
3386 1301 3497 1353 τῶν
3518 1318 3652 1371 συμα

2057 1396 2368 1464 ϐεϐηκότων
2396 1413 2477 1449 σοι
2496 1395 2857 1467 πραγμάτων,
2880 1395 3112 1448 πόθεντε
3126 1394 3273 1465 ἧρξω
3291 1393 3501 1446 καὶποῦ
3521 1394 3650 1447 ὲπο-

2058 1487 2279 1559 ρεύθης,
2299 1489 2393 1541 καὶ
2410 1489 2467 1540 ὲν
2487 1487 2625 1557 ποίῳ
2644 1488 2792 1557 τόπῳ
2811 1484 3151 1556 συνελήφθης
3172 1485 3276 1538 ὑπὸ
3289 1484 3383 1537 τοῦ
3407 1484 3652 1553 πνεύμα-

2057 1599 2148 1645 τος
2183 1582 2281 1651 τῆς
2324 1579 2604 1651 πορνείας,
2652 1577 2817 1648 ῆτῆς
2862 1577 3057 1648 ὀργῆς,
3098 1577 3131 1647 ἢ
3166 1576 3266 1647 τῆς
3310 1577 3511 1648 λύπης,
3558 1578 3652 1630 καὶ

374 1665 627 1726 cationis,
661 1665 746 1719 vel
789 1666 1107 1727 iracundiae,
1160 1667 1238 1719 vel
1284 1668 1535 1728 tristitize.
1582 1678 1637 1722 et
1682 1673 1957 1737 quomodo

2072 1675 2178 1739 πῶς
2221 1676 2396 1727 πάντα
2446 1672 2636 1741 γέγονε
2674 1671 2742 1725 τὰ
2783 1672 3068 1743 γινόμενα,
3107 1671 3203 1725 καὶ
3239 1671 3426 1740 capio;
3471 1671 3651 1724 ταῦτα

376 1754 520 1808 facta
555 1754 762 1807 fuerint
800 1756 1009 1819 omnia,
1041 1772 1163 1825 qua:
1191 1767 1310 1811 alta
1356 1768 1503 1823 sunt,
1549 1775 1612 1813 ac
1656 1760 1961 1815 luculenter

2072 1763 2375 1832 κατάμαθε,
2408 1763 2499 1814 καὶ
2525 1761 2768 1831 παράδος
2796 1764 2861 1832 τῇ
2898 1762 3088 1833 μνήμη
3118 1762 3205 1814 ἵνα
3233 1761 3363 1832 ἔχῃς
3402 1762 3650 1830 ἐλέγχειν

379 1845 486 1901 ista
514 1847 712 1912 edisce,
757 1854 813 1900 et
842 1849 1035 1900 matula
1070 1850 1383 1915 memoriae,
1436 1858 1492 1903 ut
1538 1852 1713 1919 ipsum
1758 1853 1961 1907 adven-

378 1945 582 1991 tantem
612 1936 796 1991 valeas
833 1952 1090 2005 arguere,
1125 1940 1417 2009 locumque
1460 1940 1530 1993 ab
1562 1941 1683 2009 ipso
1722 1942 1962 1996 abscon-

380 2041 502 2082 sum
552 2025 752 2091 indica,
804 2043 938 2082 neve
978 2028 1237 2098 deinceps
1286 2047 1410 2085 cum
1456 2033 1703 2085 secteris.
1746 2032 1801 2087 Si
1831 2050 1962 2089 vero

380 2118 654 2171 interdum
684 2120 820 2173 velis
845 2120 896 2172 in
928 2118 1167 2174 [nitorem
1197 2138 1414 2190 quoque
1440 2122 1616 2189 ipsum
1642 2138 1962 2193 provocare,

378 2222 506 2261 eum
539 2216 809 2261 astantem
838 2209 1021 2262 subito
1050 2223 1253 2277 argue,
1296 2211 1662 2280 primumque,
1699 2214 1751 2266 in
1796 2228 1962 2283 quem

380 2298 612 2364 prodiit,
650 2298 828 2351 locum
858 2298 1167 2366 manifema,
1197 2309 1253 2355 et
1278 2302 1605 2368 secundum,
1631 2314 1683 2358 et
1715 2307 1963 2373 tertium;

385 2389 541 2443 valde
577 2402 813 2459 namque
856 2388 966 2443 fert
1000 2405 1173 2461 aegre,
1215 2392 1439 2445 minime
1485 2394 1723 2449 tolerans
1762 2410 1964 2465 oppro-

384 2483 562 2537 brium
586 2500 599 2548 ;
628 2482 1031 2537 demonstratio
1057 2499 1204 2547 vero,
1236 2484 1386 2553 quod
1410 2487 1728 2553 tempestive
1750 2488 1816 2541 ad
1840 2503 1965 2542 eum

386 2572 556 2629 fueris
594 2574 827 2639 locutus,
861 2578 987 2638 erit,
1031 2575 1157 2644 quia
1193 2576 1361 2645 fugiet
1388 2590 1418 2629 a
1454 2585 1506 2630 te
1532 2579 1829 2647 cogitatio:
1857 2594 1966 2634 non

384 2674 471 2720 est
498 2667 698 2734 quippe
724 2667 1012 2735 possibile,
1039 2666 1186 2735 quod
1214 2668 1479 2737 deinceps
1504 2678 1667 2734 astet,
1695 2672 1824 2725 dum
1848 2688 1968 2726 ma-

394 2754 592 2809 nifeste
622 2756 987 2825 redarguitut'.
1042 2759 1183 2811 Huic
1213 2773 1346 2813 vero
1379 2759 1615 2815 daemoni
1647 2763 1851 2817 erroris
1875 2779 1970 2818 su-

387 2856 575 2914 perato
606 2848 867 2912 succedit,
902 2863 996 2900 seu
1039 2848 1394 2918 subsequitur
1436 2852 1794 2919 gravissimus
1822 2868 1969 2908 sont-

389 2952 513 3001 nus,
538 2947 593 2990 et
618 2939 966 2992 niortiiicatio
987 2953 1111 2991 eum
1140 2942 1315 2994 multo
1338 2941 1719 3009 palpebrarum
1744 2943 1963 3013 frigore,

2064 1855 2225 1907 αὑτὸν
2268 1854 2586 1923 προσιόντα,
2634 1853 2727 1906 καὶ
2774 1853 2866 1906 τὸν
2916 1853 3297 1923 κρυπτόμενον
3345 1853 3436 1905 ὑπ’
3477 1852 3650 1905 αὐτοῦ

2062 1946 2227 1997 τόπον
2272 1946 2616 2015 καταμήνυε,
2654 1946 2749 1997 καὶ
2779 1946 2880 1997 οὐκ
2926 1945 3311 2015 ἀκολουθήσεις
3349 1946 3502 2016 αὐτῷ
3539 1945 3651 1998 λοι-

2064 2041 2184 2094 πόν.
2258 2041 2319 2092 Εί
2368 2039 2424 2092 δὲ
2479 2038 2658 2108 βούλει
2707 2040 2835 2091 ποτὲ
2881 2040 2976 2093 καὶ
3014 2042 3093 2103 είς
3129 2040 3327 2110 μανίαν
3374 2042 3651 2111 προκαλέ-

2066 2132 2303 2195 σασθαι,
2350 2131 2567 2199 ἔλεγξον
2618 2130 2782 2183 αύτδν
2831 2130 2991 2194 εὐθὺς
3034 2132 3365 2196 ἐπιστάντα,
3416 2132 3516 2185 καὶ
3558 2133 3647 2186 τὸν

2066 2222 2283 2294 πρῶτον
2336 2222 2497 2275 τόπον
2550 2223 2628 2285 είς
2680 2221 2738 2275 ὃν
2771 2222 2987 2291 εἰσῆλθε
3031 2224 3374 2295 φανέρωσον,
3428 2226 3526 2277 καὶ
3557 2225 3647 2275 τόν

2063 2313 2337 2383 δεύτερον.
2374 2314 2466 2366 καὶ
2518 2313 2611 2366 τὸν
2654 2314 2858 2385 τρίτον,
2908 2312 3049 2365 πάνυ
3083 2314 3190 2384 γὰρ
3218 2314 3543 2383 χαλεπαίνει
3574 2315 3646 2383 μὴ

2067 2405 2249 2471 φέρων
2279 2405 2379 2473 τὴν
2414 2405 2675 2476 αἰσχύνην
2702 2421 2717 2436 ⁶
2770 2407 3046 2471 ἀπόδειξις
3097 2408 3154 2460 δὲ
3198 2407 3351 2461 ἔσται
3387 2408 3485 2461 τοῦ
3527 2428 3649 2461 και-

2070 2494 2202 2564 ρίως
2229 2512 2288 2547 σε
2319 2495 2654 2563 φθέγξασθαι
2686 2496 2822 2565 πρὸς
2860 2498 3043 2559 αὐτὸν,
3081 2499 3143 2550 τὸ
3188 2499 3528 2567 πεφευγέναι
3559 2500 3649 2552 τὸν

2065 2586 2325 2655 λογισμὸν
2358 2588 2464 2640 ἀπὸ
2498 2588 2592 2640 σοῦ
2616 2605 2630 2619 ’
2676 2588 2937 2643 ἀδύνατον
2971 2588 3082 2659 γάρ
3106 2589 3289 2642 λοιπὸν
3328 2590 3520 2659 στῆναι
3550 2590 3649 2641 αύ-

2060 2672 2159 2725 τδν
2188 2674 2440 2743 φανερῶς
2469 2672 2846 2747 ἐλεγχόμενον.
2892 2677 3093 2730 Τοῦτον
3130 2677 3189 2730 δὲ
3222 2678 3533 2747 ἡττηθέντα
3558 2679 3649 2731 τὸν

2064 2764 2165 2834 τῆς
2194 2764 2400 2831 πλάνης
2430 2765 2659 2835 δαίμονα
2680 2748 2985 2837 διαδέχεται
3012 2768 3177 2831 ὕπνος
3207 2767 3532 2838 βαρύτατος.
3555 2769 3647 2822 καὶ

2066 2858 2338 2929 νέκρωσις
2378 2861 2516 2928 μετὰ
2547 2860 2885 2930 ψυχρότητος
2931 2859 3133 2929 πολλῆς
3183 2859 3290 2912 τῶν
3338 2860 3646 2932 βλεφάρων,

2067 2950 2163 3003 καὶ
2192 2951 2395 3020 χασμοὶ
2427 2951 2664 3022 ἄπειροι,
2697 2952 2790 3003 καὶ
2832 2946 2973 3019 ὦμοι
3011 2950 3357 3021 βαρούμενοι,
3389 2951 3484 3002 καὶ
3516 2968 3647 3020 vap-

387 3042 452 3082 ιο
486 3027 712 3083 ἱιιίίηἱιω
761 3029 1162 3094 oscitationes,
1221 3031 1538 3101 gravatique
1594 3033 1851 3101 humeri,
1903 3051 1964 3092 ac

2072 3040 2312 3107 κῶντες,
2359 3041 2505 3113 ἅπερ
2552 3044 2619 3111 τῇ
2671 3041 2909 3107 συντόνῳ
2964 3044 3239 3112 προσευχῇ
3294 3040 3537 3095 διαλύσει
3586 3042 3651 3095 τὰ

388 3126 695 3188 torpentes;
733 3138 855 3191 quae
892 3121 1105 3177 intensa
1155 3123 1403 3179 oratione
1440 3123 1700 3183 dissolvet
1725 3126 1969 3198 Spiritus

388 3223 637 3269 83110108.

1010 3325 1241 3381 CAPUT
1280 3328 1350 3384 Χ.

461 3435 682 3501 Odium,
711 3437 857 3506 quod
886 3437 1149 3493 adversus
1187 3440 1467 3496 daemones
1501 3444 1786 3509 habemus,
1808 3447 1969 3503 nobis

388 3530 456 3584 ad
484 3530 715 3584 salutem
746 3530 975 3595 confert,
1010 3540 1064 3585 et
1101 3533 1168 3585 ad
1217 3533 1432 3589 virtutis
1473 3538 1843 3605 operationem
1884 3550 1971 3595 est

386 3620 542 3674 valde
590 3621 1006 3675 aceommodum
1048 3632 1103 3676 et
1150 3636 1361 3693 aptum.
1418 3626 1523 3681 Sed
1569 3628 1670 3683 hoc
1711 3629 1764 3683 in
1810 3630 1969 3684 nobis

388 3707 547 3775 ipsis,
575 3708 725 3762 velut
750 3709 1024 3777 quoddam
1060 3709 1262 3763 bonum
1290 3710 1449 3782 523
1484 3730 1705 3783 germen
1727 3719 1970 3772 enutrirc

391 3806 499 3853 nun
541 3798 808 3864 valemus,
843 3815 969 3854 eum
1008 3800 1238 3869 spiritus
1268 3803 1603 3871 voluptatum
1640 3816 1887 3863 amantes
1916 3809 1967 3863 id

388 3899 784 3958 corrumpant,
838 3892 1015 3960 adque
1053 3893 1374 3957 amicitiam,
1425 3904 1476 3950 et
1515 3899 1965 3954 consuetudinem

395 3993 590 4034 rursus
628 3980 865 4036 animam
900 3993 1159 4047 evocent;
1207 4000 1395 4039 verum
1453 3987 1594 4041 hanc
1635 3990 1966 4056 atuicitiam,

386 4085 485 4125 seu
536 4072 719 4139 potius
781 4089 1124 4144 gangraena!»
1184 4085 1377 4132 curalu
1410 4078 1678 4133 difﬁcilem
1728 4082 1969 4138 medicus

391 4163 703 4217 animarum
738 4175 895 4219 sanat
920 4182 1014 4233 per
1043 4167 1481 4237 derelictionem;
1509 4172 1775 4240 permittit
1799 4175 1966 4240 enim,

390 4268 493 4308 nos
527 4255 731 4322 aliquid
768 4258 1008 4311 terribile
1038 4261 1146 4327 pati
1195 4264 1264 4316 ab
1306 4263 1441 4331 ipsis
1486 4273 1683 4329 noctu,
1727 4280 1825 4319 seu
1875 4281 1969 4334 per

2073 3129 2297 3202 Πνεῦμα
2330 3130 2390 3185 τὸ
2425 3132 2602 3201 ἅγιόν.

2686 3329 2937 3383 ΚΕΦΑΛ.
2976 3330 3033 3384 l'.

2141 3438 2291 3493 Πάνυ
2321 3437 2383 3492 τὸ
2418 3440 2576 3508 μῖσος
2608 3440 2670 3493 τὸ
2700 3440 2843 3494 κατὰ
2889 3439 2999 3493 τῶν
3031 3441 3307 3510 δαιμόνων
3345 3443 3479 3512 ἡμῖν
3509 3444 3642 3515 πρὶς

2072 3529 2346 3598 σωτηρίαν
2378 3529 2771 3599 συμϐάλλεται,
2808 3530 2904 3581 καὶ
2937 3529 3073 3597 πρὸς
3121 3528 3222 3597 τὴν
3262 3529 3520 3598 ἐργασίαν
3548 3531 3643 3595 τῆς

2071 3620 2274 3689 ἀρετῆς
2311 3622 2460 3673 ἐστιν
2505 3621 2830 3689 ἐπιτήδειον·
2885 3621 3025 3674 ἀλλὰ
3066 3619 3225 3676 τοῦτο
3265 3621 3555 3692 ἐκτρέφειν
3587 3622 3641 3671 ὲν

2071 3715 2305 3775 ἑαυτοῖς,
2338 3712 2530 3781 ὥσπερ
2558 3730 2612 3765 τι
2657 3711 2905 3780 γέννημα
2950 3709 3162 3779 ἀγαθὸν
3210 3711 3311 3764 οὐκ
3361 3710 3638 3780 ἰσχύομεν,

2070 3805 2180 3859 τῶν
2210 3803 2511 3873 φιληδόνων
2556 3802 2886 3871 πνευμάτων
2912 3800 3328 3872 διαφθειρόντων
3359 3803 3511 3865 αὐτὸ,
3554 3802 3642 3854 καὶ

2070 3898 2207 3968 πρὸς
2236 3894 2439 3963 φιλίαν,
2482 3894 2577 3947 καὶ
2612 3894 2903 3961 συνήθειαν
2934 3893 3097 3945 πάλιν
3141 3892 3240 3962 τὴν
3270 3892 3451 3961 ψυχὴν
3480 3894 3639 3945 ἑκκα-

2069 3988 2343 4057 λουμένων
2368 4000 2382 4013 ⁸
2436 3985 2573 4038 ἀλλὰ
2607 3983 2811 4053 ταύτην
2839 3983 2938 4055 τὴν
2971 3984 3174 4049 φιλίαν,
3226 3984 3427 4052 μᾶλλον
3457 3984 3514 4035 δὲ
3548 3983 3639 4052 τὴν

2070 4080 2323 4134 δυσίατον
2350 4077 2660 4147 γάγραιναν
2691 4077 2719 4128 ὁ
2755 4076 2936 4144 ἰατρὸς
2970 4075 3078 4128 τῶν
3101 4074 3288 4144 ψυχῶν
3319 4074 3388 4126 δι’
3414 4077 3640 4142 ἐγκατα-

2069 4169 2293 4234 λείψεως
2316 4165 2609 4236 θεραπεύει
2638 4182 2649 4194 ·
2688 4166 2961 4235 συγχωρεῖ
2985 4165 3094 4233 γάρ
3122 4181 3173 4216 τι
3196 4163 3428 4233 φοϐερὸν
3454 4163 3639 4215 παθεῖν

2071 4261 2213 4330 ἡμᾶς
2249 4248 2340 4312 ύ¹π’
2373 4257 2551 4311 αὐτῶν
2580 4257 2795 4327 νύκτωρ
2842 4256 2874 4325 ἢ
2912 4256 3031 4326 μεθ’
3065 4256 3298 4326 ἡμέραν,
3350 4256 3447 4309 καὶ
3484 4256 3638 4308 πάλιν
3694 4332 3697 4335 Ι

388 4344 557 4409 diem,
587 4353 825 4415 tuncque
856 4349 1037 4402 denuo
1064 4352 1246 4405 anima
1275 4355 1340 4407 ad
1372 4354 1554 4408 odium
1582 4356 1964 4426 primigenium

2072 4353 2103 4421 ἡ
2134 4350 2281 4420 ψυχὴ
2316 4348 2452 4419 πρὸς
2486 4348 2545 4400 τὸ
2573 4348 2883 4419 ἀρχέτυπον
2914 4349 3070 4416 μῖσος
3106 4347 3471 4418 ἐπανατρέχει
3499 4348 3635 4400 8:6;-

392 4438 662 4501 recurrit,
716 4440 908 4493 edocto
947 4442 1127 4495 dicere
1182 4445 1248 4497 ad
1290 4443 1605 4510 Dominum,
1665 4450 1965 4505 secundum

390 4529 561 4583 David
597 4549 609 4585 :
652 4548 671 4581 ι
713 4529 961 4587 Perfecto
993 4533 1141 4601 ipsos
1172 4536 1399 4589 oderam
1434 4537 1583 4603 odio,
1626 4540 1680 4593 in
1717 4540 1968 4598 inimicos

393 4624 520 4678 furti
572 4636 701 4679 sunt
741 4627 963 4680 mihi“.
1007 4646 1024 4677 ι
1076 4626 1126 4680 ls
1170 4629 1370 4697 quippe
1421 4630 1663 4698 perfecto
1717 4632 1966 4689 inimicos

390 4717 519 4768 odio
555 4718 733 4782 habet,
771 4719 860 4786 qui
901 4733 999 4772 nec
1034 4719 1343 4783 actualiter,
1377 4736 1480 4775 nec
1526 4722 1967 4780 intellectualiter

392 4815 610 4875 peccat;
648 4809 796 4876 quod
835 4808 1054 4877 quidem
1099 4812 1312 4879 primae,
1355 4814 1715 4885 maximaeque
1761 4818 1972 4887 passio-

392 4910 521 4949 num
558 4896 845 4951 vacuitatis
882 4906 969 4952 est
1001 4911 1408 4969 argumentum.

1019 5008 1249 5066 CAPUT
1288 5011 1379 5065 XI.

462 5115 539 5170 De
567 5117 814 5171 daemone
844 5127 1050 5183 autem,
1084 5121 1178 5189 qui
1211 5122 1389 5189 edicit,
1429 5135 1486 5180 ut
1514 5128 1697 5183 anima
1734 5129 1969 5198 stupide,

394 5206 696 5275 stolideque
749 5223 870 5263 sese
931 5218 1101 5277 gerat,
1148 5212 1276 5281 quid
1325 5226 1542 5283 oportet
1591 5217 1819 5273 dicere?
1871 5234 1972 5288 ego

393 5296 539 5351 enim
598 5297 761 5350 timeo
818 5299 885 5353 de
954 5301 1073 5367 ipso
1139 5302 1269 5369 quid
1318 5305 1596 5372 scribere;
1646 5322 1756 5377 quo
1811 5317 1968 5378 pacto

395 5387 577 5441 anima
608 5388 826 5456 pr0prio
861 5390 1023 5453 labat,
1060 5399 1113 5444 et
1144 5392 1411 5447 alienatur
1445 5412 1475 5451 e
1509 5405 1675 5451 statu.
1703 5396 1970 5467 Tempore

401 5493 639 5549 namque
666 5480 930 5536 adventus
963 5483 1085 5551 ejus
1121 5485 1367 5554 (scilicet
1395 5488 1693 5560 dremonis)
1733 5499 1845 5544 tum
1876 5488 1969 5545 Dei

476 5594 520 5624 “
548 5592 694 5650 Psal.
722 5611 993 5660 cxxxvttt,
1028 5596 1120 5653 22.

2074 4442 2310 4511 σκομένη
2362 4440 2497 4511 πρὸς
2540 4440 2631 4492 τὸν
2667 4439 2868 4509 Κύριον
2898 4438 3098 4505 λέγειν,
3135 4439 3273 4492 κατὰ
3320 4439 3411 4492 τὸν
3458 4440 3636 4501 Δαϐιδ,

2070 4532 2132 4583 τὸ
2150 4571 2165 4595 ,
2198 4550 2216 4582 ι
2240 4530 2453 4583 Τέλειον
2487 4531 2640 4599 μῖσος
2669 4530 2896 4598 ἑμίσουν
2925 4529 3143 4590 αὐτοὺς,
3169 4532 3248 4591 εἰς
3270 4530 3497 4600 ἐχθροὺς
3524 4531 3638 4596 ὲγέ-

2070 4620 2222 4672 νοντό
2274 4636 2385 4689 μοι.
2416 4638 2435 4670 ›
2489 4612 2657 4681 Οὗτος
2706 4617 2816 4688 γὰρ
2864 4617 3071 4670 τέλειον
3128 4621 3284 4687 μῖσος
3337 4620 3488 4688 μισεί
3524 4620 3640 4680 τοὺς

2071 4713 2320 4786 ἐχθροὺς,
2349 4712 2377 4763 ό
2409 4715 2545 4782 μήτε
2577 4712 2695 4765 κατ’
2725 4710 3030 4781 ἐνέργειαν,
3067 4713 3206 4782 μήτε
3242 4712 3383 4765 κατά
3409 4712 3639 4765 διάνοιαν

2074 4807 2443 4876 ἁμαρτάνων·
2492 4805 2631 4875 ὅπερ
2662 4804 2762 4874 τῆς
2813 4802 3059 4874 πρώτης,
3113 4804 3208 4856 καὶ
3252 4804 3349 4875 τῆς
3383 4805 3641 4873 μεγίστης

2073 4898 2221 4951 ἐστὶν
2251 4897 2521 4960 ἀπαθείας
2552 4898 2868 4967 τεκμήριον.

2662 5008 2917 5062 ΚΕΦΑΛ.
2960 5009 3061 5060 IA'.

2141 5121 2277 5192 Περὶ
2315 5120 2369 5173 δὲ
2401 5117 2495 5173 τοῦ
2531 5118 2806 5189 δαίμονος,
2838 5115 2933 5171 τοῦ
2964 5116 3063 5186 τῆν
3093 5118 3273 5187 ψυχὴν
3302 5119 3639 5189 ἀναισθητεῖν

2073 5213 2375 5274 ποιοῦντος,
2403 5211 2456 5262 τί
2479 5210 2559 5262 δεῖ
2590 5209 2807 5277 ).έγειν;
2852 5207 2992 5272 Ἐγὼ
3019 5210 3127 5279 γάρ
3156 5209 3369 5262 δέδοικα
3392 5211 3486 5261 καὶ
3507 5209 3637 5277 γρά-

2078 5320 2199 5372 φειν
2232 5301 2360 5370 περὶ
2385 5299 2572 5364 αὑτοῦ,
2610 5299 2728 5360 πῶς
2758 5300 2790 5367 ἡ
2821 5299 2967 5367 ψυχὴ
3008 5298 3111 5366 τῆς
3135 5300 3343 5363 οἰκείας
3371 5299 3637 5365 ἐξίσταωι

2077 5393 2498 5455 καταστάσεωςο
2546 5391 2698 5458 παρὰ
2735 5391 2842 5460 γὰρ
2871 5390 2961 5442 τὸν
3000 5391 3190 5460 καιρδν
3225 5392 3325 5459 τῆς
3355 5389 3637 5457 ἐπιδημίας

2076 5483 2263 5551 αὐτοῦ,
2299 5483 2391 5537 καὶ
2428 5482 2521 5535 τὸν
2564 5479 2729 5551 φόόον
2773 5478 2867 5534 τοῦ
2896 5478 3051 5544 Θεοῦ,
3101 5480 3193 5533 καὶ
3227 5477 3325 5550 τὴν
3357 5479 3641 5534 εὐλάϐειαν
