3994 6182
1465 88 1505 109 -ιν

325 237 465 304 1213

1320 239 1419 298 DE
1483 236 1855 297 MALIGNIS
1918 234 2581 299 COGl'I‘ATIONIBUS.

3437 226 3571 290 12L4

312 352 631 419 ἀποδύεται,
664 352 759 407 καὶ
804 352 905 424 τὴν
939 352 1237 426 ἁμαρτίαν,
1289 355 1387 424 οὐχ
1437 352 1713 424 ἁμαρτίαν
1748 348 1892 405 εἷναι

2008 363 2167 415 metu,
2216 370 2277 409 ac
2328 356 2621 410 devotione
2653 354 2887 415 exuitur,
2937 362 3049 405 tum
3095 360 3373 419 peccatum
3419 355 3574 418 putat

313 447 609 515 λογίζεται,
663 446 902 517 καὶ’τὴν
950 449 1299 518 παρανομίαν
1330 447 1408 500 δού
1451 444 1665 516 νομίζει
1716 463 1893 516 παραυ

315 539 532 609 νομίαν,
568 538 847 601 κολάσεως
880 536 935 591 δὲ
968 540 1060 592 καὶ
1094 539 1328 607 κρίσεως
1360 534 1601 601 αἰωνίου,
1632 537 1708 600 ὡς
1739 536 1894 605 ψιλοῦ

320 632 565 700 ῥήματος
598 629 891 699 μέμνηται,
925 620 1282 698 καταγελᾷίϐὲ
1308 628 1480 691 ὅντως
1506 628 1730 698 σεισμοῦ
1766 644 1897 698 πυρα

318 723 510 788 φόρου,
560 719 654 771 καὶ
682 718 812 771 Θεὸν
852 719 949 788 μὲν
981 717 1143 789 δῆθεν
1198 720 1469 788 ὁμολογεῖ,
1514 719 1567 771 τί
1619 719 1675 771 δὲ
1727 733 1898 787 προσ-

318 810 508 874 έταξεν
539 811 639 862 οὐκ
666 809 953 863 ἐπίσταται
976 826 990 841 ⁸
1032 809 1260 874 τύπτεις
1287 811 1366 873 είς
1396 811 1462 863 τὰ
1494 810 1687 881 στήσοη,
1719 826 1900 862 κινου-

324 901 489 970 μένης
539 900 712 970 αὐτῆς
758 899 903 971 πρὸς
948 900 1050 972 τὴν
1104 902 1411 971 ἁμαρτίαν,
1463 902 1556 955 καὶ
1608 900 1749 971 α’ύτη
1799 903 1901 955 οὐκ

268 978 661 1045 λαὶσθάνεται.
681 991 815 1044 ’Λπὸ
847 992 1080 1063 Γραφῶν
1109 994 1353 1066 διαλέγῃ.
1384 994 1478 1046 καὶ
1506 994 1601 1063 ὅλη
1630 994 1901 1063 πεπωρω-

320 1098 431 1146 ται,
469 1085 560 1135 καὶ
587 1083 689 1135 οὐκ
729 1083 938 1137 ἀκούει·
982 1083 1185 1147 δνειδος
1214 1086 1347 1153 αὐτῇ
1381 1085 1441 1136 τὸ
1476 1087 1627 1155 παρὰ
1667 1084 1773 1135 τῶν
1804 1084 1900 1137 ἀν-

324 1169 557 1240 θρώπων
592 1174 949 1243 προσφέρεις,
979 1173 1076 1226 καὶ
1101 1174 1160 1225 οὐ
1192 1173 1465 1241 λογίζεται
1493 1171 1595 1243 τὴν
1616 1172 1769 1243 παρὰ
1794 1175 1904 1235 τοῖς

320 1262 632 1332 ἀνθρώποις
666 1265 952 1335 αἰσχύνην,
994 1267 1089 1319 καὶ
1123 1265 1260 1334 αῦτη
1287 1266 1425 1327 ὅλως
1456 1266 1518 1318 οὐ
1548 1267 1782 1334 συνίησι,
1814 1267 1899 1320 δί-

322 1373 426 1422 κην
469 1356 652 1425 χοίρου
690 1355 1086 1426 καμμύσαντος
1119 1357 1451 1427 ὀφθαλμοὺς,
1479 1359 1574 1410 καὶ
1616 1358 1706 1411 τὸν
1728 1375 1905 1428 φραγ-

232 1484 237 1489 .
328 1445 430 1513 μὲν
453 1447 839 1511 διακόπτοντος
860 1464 876 1480 ’
910 1448 1096 1501 τοῦτον
1124 1449 1180 1501 δὲ
1220 1448 1311 1502 τὸν
1347 1448 1576 1518 δαίμονα
1599 1450 1905 1516 κενοδοξίας

320 1537 669 1607 χρονίσαντες
704 1539 967 1606 ἐπάγουσι
1016 1539 1289 1607 λογισμοὶ,
1336 1536 1396 1594 οῦ
1440 1542 1487 1591 εί
1532 1540 1606 1607 μὴ
1639 1540 1894 1593 ὲκολοϐώ·

321 1627 496 1695 θησαν
526 1629 581 1679 αἱ
607 1628 835 1698 ἡμέραι,
864 1629 963 1682 οὐκ
988 1629 1051 1682 ἂν
1079 1628 1256 1699 ἐσώθη
1288 1630 1437 1682 πᾶσα
1466 1629 1622 1696 σάρξ.
1660 1629 1767 1683 Καὶ
1796 1632 1903 1701 γὰρ

320 1687 431 1770 siin
460 1687 700 1781 σπανίως
726 1687 1190 1789 ’παραϐαλλόντων
1223 1687 1334 1779 τοῖς
1364 1687 1632 1787 ἀδελφοῖς,
1659 1720 1775 1772 ἐστὶ
1935 1687 1975 1741 Β

321 1808 356 1877 ἡ
390 1810 537 1861 αίτία
566 1809 833 1880 πρόδηλος
855 1828 868 1841 ο
912 1811 1010 1864 ἐπὶ
1044 1812 1353 1880 συμφοραῖς
1386 1810 1494 1882 γὰρ
1534 1811 1739 1880 ἐτέρων
1771 1810 1804 1881 ἢ
1840 1813 1898 1863 ἐν

319 1898 499 1961 νόσοις
526 1901 880 1971 πιεζομένων,
929 1901 961 1971 ἢ
1012 1904 1070 1954 ὲν
1106 1902 1377 1970 φυλακαῖς
1404 1902 1830 1972 δυστυχούντων,
1862 1901 1895 1973 ἢ

320 1991 611 2057 αἱφνιδίοις
669 1992 1110 2062 περιπιπτόντων
1167 1993 1459 2056 θανάτοις,
1532 1992 1897 2062 φυγαδεύεται

319 2075 491 2145 οὗτος,
522 2084 620 2150 τῆς
649 2082 826 2152 ψυχῆς
853 2084 995 2136 κατὰ
1030 2083 1226 2153 μικρὸν
1268 2084 1774 2153 κατανυσσομένης,
1803 2084 1899 2136 καὶ

319 2175 397 2235 et;
430 2174 774 2241 συμπάθειαν
801 2175 1128 2244 ἐρχομένης,
1158 2177 1253 2227 καὶ
1280 2174 1629 2242 διαλυομένου
1658 2175 1753 2227 τοῦ
1786 2175 1900 2228 δαι-

300 2261 511 2341 μονίου
563 2263 930 2334 πωρώματος,
982 2258 1058 2316 ὧν
1102 2266 1265 2333 ἡμεῖς
1313 2264 1629 2333 ἀποροῦμεν
1680 2264 1767 2315 διὰ
1800 2263 1899 2332 τὴν

319 2354 556 2425 ἔρημον,
618 2358 716 2411 ιιιαῖ⁵
760 2357 860 2427 τὴν
919 2356 1115 2409 σπάνιν
1168 2356 1277 2411 τῶν
1346 2358 1476 2427 παρ’
1535 2357 1669 2428 ἡμῖν
1734 2355 1898 2408 ἀσθε-

327 2445 581 2502 νούντων.

916 2754 1169 2808 ΚΕΦΔΛ.
1210 2755 1309 2809 1Β’.

397 2865 601 2919 Τοῦτον
633 2864 723 2919 τὸν
754 2865 987 2936 δαίμονα
1023 2866 1260 2936 μάλιστα
1291 2865 1610 2936 φυγαδεύων
1638 2869 1665 2920 ὁ
1696 2868 1900 2939 Κύριος

323 2959 382 3011 ἐν
418 2961 526 3022 τοῖς
573 2956 922 3025 Εύαγγελίοις
966 2955 1297 3025 προσέταξεν
1342 2957 1701 3021 ἀσθενοῦντας
1742 2961 1894 3031 ὁρᾷν,

321 3052 417 3104 καὶ
443 3049 569 3113 τοὺς
601 3051 657 3101 ὲν
689 3046 1353 3117 φυλακῇ’ὲπισκὲπτεσθαι
1377 3063 1391 3078 ⁸
1447 3066 1465 3098 ι
1502 3047 1759 3120 Ἀσθενὴς
1788 3051 1899 3124 γὰρ

322 3141 491 3208 1ἥμην,
523 3138 677 3208 φησὶ,
706 3137 798 3191 καὶ
830 3136 1207 3202 ἐπεσκέψασθέ
1241 3154 1330 3208 με,
1362 3139 1455 3191 καὶ
1480 3140 1536 3192 ὲν
1570 3140 1782 3213 φυλακῇ
1808 3145 1901 3195 καὶ

324 3228 512 3299 ἧλθετε
544 3230 678 3300 πρός
712 3247 797 3299 με.
839 3247 857 3279 ›
894 3228 1040 3299 Πλὴν
1072 3228 1230 3281 τοῦτο
1259 3230 1523 3295 ίστέον,εί
1542 3248 1624 3294 τις
1650 3232 1756 3286 τῶν
1774 3236 1901 3286 ἀνα-

322 3321 605 3391 χωρητῶν,
658 3319 969 3391 περιπεσὼν
1002 3320 1173 3390 τούτῳ
1205 3319 1281 3391 τῷ
1325 3320 1560 3391 δαίμονι,
1611 3322 1903 3394 λογισμοὺς

322 3412 426 3465 οὐκ
469 3412 627 3466 ἔλαϐε
675 3412 984 3483 πορνικοὺς,
1029 3411 1183 3482 ἢτὸν
1226 3406 1374 3464 οἷκον
1406 3412 1635 3482 ἀκηδίας
1678 3414 1739 3467 οὐ
1769 3433 1903 3468 κατ-

323 3503 531 3567 έλιπεν,
548 3496 701 3565 οῦτος
731 3501 1107 3572 σωφροσύνην,
1133 3502 1227 3554 καὶ
1244 3502 1525 3573 ὑπομονὴν
1543 3503 1636 3556 ἀπ’
1658 3504 1903 3575 οὐρανῶν

323 3593 540 3659 ἐδέξατο
587 3592 972 3658 κατελθούσας,
1008 3593 1102 3645 καὶ
1136 3592 1406 3663 μακάριός
1441 3594 1556 3645 ἐστι
1582 3594 1681 3664 τῆς
1719 3594 1903 3647 τοιαύ-

324 3702 422 3755 της
451 3683 803 3751 καταξιωθεὶς
834 3683 1122 3746 ἀπαθείας.
1162 3683 1315 3736 Ὅσοι
1346 3683 1403 3736 δὲ
1434 3684 1541 3737 τῶν
1576 3686 1905 3754 ἐπαγγελλο-

328 3778 506 3847 μένων
531 3775 862 3839 θεοσέϐειαν,
892 3775 988 3829 καὶ
1014 3777 1295 3846 κοσμικοῖς
1328 3774 1741 3838 συναυλίζεσθαι
1773 3793 1905 3847 προ⁴

325 3868 628 3940 αιροῦνται,
657 3866 1110 3937 φυλαττέσθωσαν
1132 3866 1323 3920 τούτου
1344 3866 1437 3920 τοῦ
1456 3867 1727 3938 δαίμονος.
1766 3868 1906 3937 Ἐγὼ

326 3961 436 4030 γὰρ
471 3961 596 4030 περὶ
624 3958 791 4012 αὐτοῦ
822 3958 982 4013 πλέον
1013 3975 1065 4011 τι
1093 3957 1351 4029 λέγεινπῆ
1378 3959 1632 4029 γράφειν,
1662 3960 1904 4023 καὶτοὺς

327 4049 648 4121 ἀνθρώπους
681 4048 1033 4120 αἰσχύνομαι.

538 4476 541 4477 ν
925 4396 1178 4451 ΚΕΦΑΛ.
1221 4397 1320 4452 II".

399 4511 608 4573 Πάντες
633 4512 681 4563 οί
713 4509 966 4578 δαίμονες
1002 4510 1283 4581 φιλήδονον
1329 4510 1637 4564 διδάσκουσι
1670 4512 1769 4585 τὴν
1796 4513 1903 4583 ψυ-

326 4604 452 4674 χήν·
500 4602 656 4672 μόνος
693 4601 748 4655 δὲ
779 4604 807 4654 ὁ
837 4604 936 4670 τῆς
969 4600 1145 4671 λύπης
1190 4599 1419 4670 δαίμων,
1448 4601 1602 4654 τοῦτο
1646 4605 1904 4674 πράττειν

328 4693 393 4747 ού
428 4694 808 4764 καταδέχεται,
856 4691 990 4745 ἀλλὰ
1017 4695 1110 4745 καὶ
1136 4692 1244 4747 τῶν
1274 4678 1633 4747 εἰσελθόντων
1653 4697 1779 4757 τοὺς
1814 4696 1905 4749 λο-

329 4784 563 4854 γισμοὺς
592 4783 917 4855 διαφθείρει,
973 4783 1151 4836 πᾶσαν
1200 4783 1391 4855 ἡδονὴν
1422 4768 1769 4855 περικόπτων
1813 4787 1908 4840 καὶ

331 4874 605 4945 ξηραίνων
633 4877 802 4944 αὐτὴν
835 4875 923 4928 διὰ
959 4875 1054 4945 τῆς
1081 4875 1277 4946 λύπης.
1311 4875 1483 4946 Εἴπερ
1517 4876 1707 4946 ἀνδρὸς
1739 4877 1911 4945 λυπη-

337 4964 431 5037 ροῦ
459 4965 771 5036 ξηραίνεται
809 4965 962 5025 ὀστᾶ,
1001 4967 1094 5018 καὶ
1138 4967 1372 5038 μετρίως
1405 4967 1504 5035 μὲν
1536 4966 1789 5036 πολεμῶν
1821 4968 1910 5020 δό-

333 5073 493 5125 κιμον
536 5058 626 5109 τὸν
681 5057 1039 5128 ἀναχωρητὴν
1092 5056 1502 5128 ἀπεργάζεταιο
1568 5058 1744 5111 πείθει
1804 5059 1913 5126 γὰρ

330 5145 495 5200 αὐτὸν
572 5148 739 5218 μηδὲν
811 5149 918 5201 τῶν
1008 5147 1216 5215 κόσμου
1295 5150 1486 5203 τούτου
1557 5150 1912 5221 προσίεσθαι,

331 5238 429 5291 καὶ
479 5240 661 5292 πᾶσαν
708 5240 901 5311 ἡδονὴν
966 5241 1373 5314 περιίστασθαι,
1422 5242 1603 5295 πλεῖον
1641 5242 1699 5294 δὲ
1745 5258 1916 5311 προσ·

334 5329 653 5400 καρτερῶν.
738 5334 902 5402 γεννᾷ
975 5334 1268 5403 λογισμοὺς
1347 5332 1642 5401 ὑπεξάγειν
1710 5332 1901 5386 ἑαυτὸν

333 5421 397 5489 τῇ
432 5419 576 5490 ψυχῇ
612 5421 1103 5493 συμϐουλεύοντας,
1138 5424 1170 5494 ἢ
1203 5424 1424 5492 φεύγειν
1450 5424 1557 5478 τῶν
1583 5425 1766 5478 τόπων
1798 5442 1903 5495 μα-

412 5594 451 5625 ”
486 5591 673 5649 Matth.
709 5612 852 5657 xxw,
883 5596 953 5650 “2'2
978 5615 992 5663 ;
1018 5600 1185 5652 Marc.
1220 5615 1334 5661 Mli,
1370 5599 1456 5652 ‘20.

1929 3016 1969 3074 C

1944 4396 1982 4446 Il

1538 5588 1578 5630 ¹⁸
1628 5597 1812 5652 Matth.
1850 5614 1973 5661 xxv,
2003 5599 2089 5652 56.

1997 460 2102 499 non
2136 460 2258 501 esse
2288 457 2593 516 peceatum,
2643 455 2757 499 tum
2795 445 3134 514 iniquitatem
3180 454 3288 494 non
3318 441 3572 509 opinatur

1996 555 2115 593 esse
2149 541 2517 610 iniquitatem,
2551 548 2665 594 tum
2709 541 3043 609 punitioncm
3078 546 3357 602 περι-ηοω,
3389 550 3454 590 ac
3482 536 3574 604 jn-

1997 632 2195 686 dicium
2250 641 2507 701 tanquam
2583 632 2813 701 simplex
2867 632 3085 684 citatum
3140 635 3568 691 commemorat,

1999 734 2111 779 tum
2149 725 2357 779 deridet
2407 735 2590 778 motus
2643 724 3037 776 concussioncs
3092 736 3221 774 vere
3268 719 3567 789 igniferas,

2001 824 2113 872 tunl
2152 818 2316 871 Deum
2354 817 2606 871 videlicet
2636 816 2943 879 confitetur,
2981 823 3055 875 at,
3103 813 3231 881 quid
3280 812 3569 868 mandarit.

2001 910 2247 979 ignorat;
2306 910 2547 979 percutis
2599 907 2653 961 in
2705 920 2945 978 pectora,
2981 904 3199 974 quando
3240 918 3302 956 ea
3337 903 3573 971 (scilicet

2001 1000 2218 1069 anima)
2256 1008 2503 1053 movetur
2539 998 2603 1052 ad
2639 1008 2923 1067 peccatum
2949 1037 2962 1058 ,
2997 1004 3051 1049 et
3093 995 3209 1063 ipsa
3244 1008 3350 1047 non
3385 994 3569 1047 sentit.

2001 1086 2077 1143 Er
2115 1088 2413 1157 Scripturis
2446 1103 2751 1143 sermonem
2783 1087 2982 1149 habes,
3015 1085 3214 1154 illaque
3255 1094 3364 1136 tota
3394 1098 3571 1136 exme-

2001 1190 2121 1233 cala
2156 1189 2358 1241 manet,
2392 1194 2490 1233 nec
2516 1179 2701 1243 ntulit;
2733 1177 2959 1231 adducis
2992 1175 3091 1243 ipsi
3120 1176 3261 1243 quod
3295 1174 3360 1225 ab
3396 1174 3573 1226 homi-

2004 1270 2163 1324 nibus
2218 1269 2380 1341 524
2430 1268 2664 1323 infertur
2713 1266 2971 1327 dedecus,
3025 1273 3077 1319 et
3132 1281 3236 1317 non
3296 1271 3572 1331 computat

2002 1360 2377 1429 upproln-ium,
2416 1359 2560 1429 quod
2596 1371 2679 1413 est
2706 1357 2845 1424 apud
2887 1354 3174 1420 homines;
3214 1356 3439 1422 ipsaque
3483 1368 3574 1421 pe-

2006 1452 2152 1506 nitus
2185 1466 2290 1505 non
2314 1450 2587 1518 intelligit,
2625 1448 2689 1501 ad
2722 1448 2895 1501 instar
2930 1447 3076 1515 porci
3113 1445 3414 1499 claudentis
3443 1458 3574 1497 ocu-

2006 1544 2126 1603 los,
2201 1557 2493 1610 scpemque
2541 1537 2898 1593 discindentis
2943 1554 2956 1588 :
3000 1535 3358 1605 cogitationes
3391 1541 3571 1585 autem

2003 1651 2158 1688 vanae
2196 1636 2381 1704 glorias
2422 1631 2629 1686 diutius
2685 1630 3044 1681 immanemes
3101 1626 3247 1678 hunc
3305 1623 3576 1677 inducunt

2002 1727 2325 1788 dtl'llmnelll,
2360 1721 2518 1791 cujus
2554 1721 2655 1774 nisi
2687 1716 2986 1772 abbreviati
3020 1714 3251 1769 fuissent
3285 1714 3426 1775 dies,
3462 1729 3571 1766 non

2002 1815 2151 1870 salva
2188 1811 2326 1865 foret
2353 1810 2536 1865 omnis
2569 1823 2699 1861 caro
2723 1806 2787 1859 ".
2832 1806 3043 1859 Etenim
3078 1803 3223 1873 quod
3258 1817 3337 1856 ea:
3366 1802 3575 1871 cogita-

2003 1905 2177 1959 tiones
2212 1918 2337 1957 raro
2367 1899 2627 1955 accedant
2663 1899 2728 1952 ad
2782 1896 3015 1961 fratres,
3063 1909 3230 1949 causa
3283 1893 3572 1946 manifesta

2001 2006 2103 2050 est.
2142 1993 2279 2047 Dum
2308 2006 2501 2061 nempe
2526 1991 2616 2043 alii
2666 1998 2762 2043 aut
2791 1986 3213 2049 calamitatibus,
3247 1995 3343 2038 aut
3368 1983 3574 2037 morbis

2002 2089 2398 2159 Opprimantur,
2435 2094 2530 2139 aut
2565 2083 2763 2138 misere
2795 2082 2993 2152 degant
3024 2079 3117 2133 alii
3157 2079 3211 2132 in
3234 2076 3571 2141 carceribus,

2002 2190 2097 2232 aut
2152 2178 2206 2230 in
2264 2184 2469 2231 mortes
2529 2173 2770 2229 incidant
2816 2171 3160 2243 repentinas,
3211 2169 3313 2223 iste
3359 2169 3575 2223 daemon

2001 2269 2289 2337 eﬂ'ugatur,
2317 2282 2440 2322 cum
2471 2266 2652 2319 anima
2685 2263 2941 2335 paulatim
2973 2268 3390 2331 compungatur,
3423 2265 3478 2313 et
3507 2258 3573 2311 ad

2003 2360 2437 2429 compa-sionem
2482 2357 2700 2419 veniat,
2750 2355 2939 2425 sicque
2988 2353 3492 2420 excaecatio,quie
3544 2363 3575 2403 ι

2002 2453 2249 2507 daemone
2310 2450 2485 2504 fuerat
2532 2444 2813 2519 compacta
2847 2486 2863 2513 ,
2918 2446 3251 2502 dissolvatur
3301 2462 3316 2498 :
3379 2442 3577 2510 quibus

2004 2545 2245 2613 (scilicet
2292 2530 2519 2611 mediis)
2557 2556 2657 2595 nos
2686 2538 2929 2594 destituti
2963 2550 3157 2593 sumus
3193 2544 3413 2605 propter
3441 2519 3578 2588 soli-

2004 2636 2272 2698 tudinem,
2310 2642 2364 2687 et
2401 2630 2779 2701 aegrotantium
2816 2628 3103 2698 penuriam
3143 2624 3287 2695 apud
3321 2637 3446 2677 nos.

2598 2758 2825 2817 CAPUT
2865 2758 2978 2813 XII.

2075 2875 2389 2933 Istiusmodi
2431 2874 2733 2929 daemonem
2772 2871 3007 2926 maxime
3041 2870 3094 2924 in
3132 2868 3318 2940 fugam
3351 2881 3581 2922 cenver-

2006 2981 2126 3025 teus
2161 2967 2423 3021 Dominus
2469 2967 2522 3019 in
2570 2963 2876 3033 Evangeliis
2928 2962 3205 3030 praecepit,
3243 2960 3459 3013 visitare
3495 2959 3579 3010 iu-

2006 3063 2217 3125 tirmos,
2251 3068 2304 3113 et
2336 3056 2574 3111 invisere
2610 3070 2738 3119 eos,
2771 3053 2864 3124 qui
2903 3059 3033 3108 sunt
3077 3048 3129 3104 in
3162 3065 3396 3103 carcere.
3437 3066 3455 3099 ι
3495 3048 3583 3101 Ιη-

2007 3157 2197 3211 firmus
2248 3153 2393 3209 enim
2445 3150 2521 3205 fui
2584 3149 2871 3222 (inquit),
2926 3157 2980 3203 et
3034 3147 3297 3203 visitastis
3344 3159 3475 3209 me;
3528 3149 3583 3197 et

2004 3249 2059 3305 in
2093 3263 2313 3304 carcere
2350 3246 2451 3307 fui,
2487 3254 2540 3299 et
2570 3243 2796 3297 venistis
2829 3242 2893 3295 ad
2929 3256 3013 3295 me
3038 3240 3101 3294 ".
3129 3260 3147 3291 ι
3189 3236 3579 3293 Verumtamen

2005 3340 2110 3394 hoc
2158 3338 2439 3394 sciendum
2487 3335 2651 3403 quod,
2709 3334 2883 3404 siquis
2924 3333 3399 3395 anachoretarum,
3457 3344 3579 3381 cum

2005 3431 2061 3485 itt
2089 3432 2232 3485 hunc
2267 3429 2568 3484 daemonem
2608 3426 2897 3490 inciderit,
2949 3425 3305 3494 cogitationes
3347 3438 3449 3474 non
3483 3421 3585 3473 ha-

2003 3521 2125 3578 buit
2158 3518 2518 3580 meretricias,
2566 3526 2661 3570 attt
2710 3515 2967 3577 domum,
3021 3516 3133 3567 sive
3178 3514 3428 3567 cellu‘am
3474 3526 3579 3563 non

2006 3612 2295 3681 dereliquit
2326 3624 2440 3679 prae
2490 3607 2719 3672 desidia,
2773 3607 2875 3660 iste
2931 3606 3371 3674 temperantiam,
3422 3614 3584 3671 atque

2005 3702 2325 3775 patientiam
2356 3715 2385 3754 e
2415 3697 2568 3752 ccelis
2604 3696 2997 3751 descendentes
3041 3703 3120 3746 est
3167 3701 3486 3753 τιδευιςιιιιιδ,
3521 3706 3584 3742 ac

2006 3796 2198 3851 beatus
2227 3794 2458 3856 exsistit,
2503 3790 2597 3861 qui
2631 3789 2725 3843 tali
2757 3786 3028 3856 paSsionis
3060 3787 3331 3839 vacuitate
3378 3784 3579 3851 dignus

2007 3898 2091 3946 est
2149 3889 2387 3945 habitus.
2423 3884 2699 3953 Quotquot
2746 3893 2925 3936 autem
2974 3881 3216 3935 divinum
3262 3879 3585 3950 proﬁtentur

2012 3982 2244 4044 cultum,
2282 3989 2335 4032 et
2369 3975 2683 4039 mundanis,
2717 3990 2809 4028 seu
2847 3974 3204 4027 saecularibus
3250 3970 3457 4040 eligunt
3492 3985 3587 4024 co-

2009 4073 2285 4133 habitare,
2317 4078 2543 4123 caveant
2573 4063 2732 4136 525
2765 4065 2833 4117 ab
2865 4065 2970 4119 isto
2996 4064 3241 4118 darntoue
3269 4080 3282 4116 :
3311 4077 3412 4129 ego
3438 4061 3582 4113 enim

2008 4164 2075 4219 de
2115 4164 2232 4230 ipso
2279 4160 2511 4230 amplius
2551 4159 2754 4226 aliquid
2797 4156 2976 4210 dicere
3019 4165 3113 4209 aut
3155 4155 3395 4209 scribere
3423 4153 3585 4206 etiam

2013 4256 2162 4324 ipsos
2190 4251 2437 4306 homines
2465 4248 2823 4303 verecundor.

2591 4399 2822 4455 CAPUT
2861 4399 3000 4455 XIII.

2082 4519 2284 4572 Omnes
2318 4516 2593 4570 dtemones
2622 4514 2851 4568 edocent
2880 4514 3140 4575 animam,
3192 4522 3247 4565 ut
3278 4527 3468 4566 amans
3516 4514 3582 4565 sit

2012 4612 2375 4677 voluptatum;
2416 4607 2565 4661 solus
2600 4616 2779 4658 autem
2808 4606 3018 4657 themou
3050 4603 3288 4656 tristitia:
3323 4602 3371 4654 id
3407 4601 3587 4654 facere

2012 4709 2273 4762 recusat,
2333 4697 2425 4750 sed
2470 4695 2861 4749 introeuntium
2908 4693 3261 4764 cogitationes
3303 4693 3581 4760 dispertiit,

2014 4790 2343 4858 voluptatem
2386 4803 2601 4841 omnem
2636 4788 2830 4839 anima:
2863 4786 3191 4839 imminuens
3216 4825 3230 4850 ,
3277 4799 3341 4837 ac
3387 4782 3584 4835 infrin-

2013 4897 2165 4953 gens,
2202 4881 2486 4949 ipsamque
2515 4876 2822 4931 arcfaciens
2852 4893 2948 4946 per
2979 4878 3245 4930 dolorem.
3301 4874 3582 4943 Siquidem

2016 4969 2253 5024 hominis
2300 4984 2409 5038 pra:
2439 4968 2655 5023 tristitia
2689 4967 2921 5021 dolentis
2964 4968 3308 5020 exsiccantnr
3347 4977 3470 5017 ossa
3503 4964 3581 5028 ";

2014 5074 2069 5115 et
2116 5061 2459 5116 mediocriter
2483 5061 2700 5131 quidem
2741 5059 3065 5128 belligerans
3096 5058 3379 5127 probatum
3427 5055 3586 5109 ιιίιίεοίι

2018 5152 2446 5215 anachoretatn;
2496 5151 2787 5220 persuadet
2829 5148 3030 5218 quippe
3066 5148 3169 5216 ipsi
3212 5148 3281 5201 ab
3328 5147 3583 5200 omnibus

2022 5242 2249 5310 hujusce
2291 5243 2475 5296 tnundi
2530 5242 2695 5295 rebus
2746 5241 3060 5303 ablmrrerc,
3111 5253 3440 5307 omnemque
3487 5223 3583 5291 vo-

2011 5334 2268 5402 lnptatem
2320 5342 2562 5398 evttare;
2620 5332 2741 5401 plus
2790 5347 2921 5386 vero
2967 5344 3321 5399 perseverans
3360 5333 3585 5395 generat

2012 5425 2368 5495 cogitationes
2425 5422 2774 5480 consulentes
2829 5423 3024 5477 animae
3073 5436 3195 5477 sese
3242 5421 3585 5482 subducere,

2172 5601 2211 5630 "’
2248 5598 2407 5653 Prov.
2436 5614 2566 5657 xvn.
2606 5600 2695 5653 ‘22.
