3990 6204
492 259 634 326 1215

1962 262 2024 323 S.
2065 263 2229 325 NI‘LI

3587 286 3703 352 1216

489 385 586 441 aut
616 382 871 443 cogentes
900 371 1087 441 procul
1144 387 1173 424 a
1223 371 1358 426 locis
1406 369 1670 442 auhtgere
1700 390 1713 426 :
1745 372 1896 438 quod
1919 374 2071 444 cogi-

2174 375 2315 446 κράν
2341 376 2753 447 ἀναγκάζοντας
2776 399 2790 415 ο
2843 385 2982 458 ὅπερ
3013 387 3318 459 λελόγισται
3348 409 3490 456 ποτε,
3520 397 3603 449 καὶ

488 468 627 523 tavit
647 464 952 535 quondam,
980 472 1038 516 et
1067 478 1260 532 passus
1289 476 1374 518 est
1402 478 1622 532 quoque
1665 472 1891 519 sanctus
1935 463 2067 530 Job,

486 560 617 614 dum
648 556 717 609 ab
753 554 859 609 isto
889 554 1135 610 dmmone
1182 553 1617 622 perturbaretur,
1647 568 1713 609 ac
1743 564 2068 623 vexaretur;

488 650 565 702 ait
598 647 796 702 enim:
843 664 863 697 ι
911 646 1129 701 Utinam
1189 660 1404 714 possem
1454 645 1724 714 meipsum
1773 646 2068 713 edomare,

488 747 586 793 aut
622 737 832 807 precari
866 737 1124 800 alterum,
1156 747 1212 792 et
1242 736 1401 791 faciet
1436 736 1569 789 mihi
1602 736 1707 791 hoc
1739 735 1804 788 υ.
1844 754 1865 787 ι
1897 734 2072 806 Hujus

488 828 753 882 daemonis
797 827 969 896 figura
1018 836 1102 881 est
1147 826 1367 896 vipera,
1416 825 1588 882 bestia
1640 825 1731 879 illa
1776 824 1931 894 cujus
1976 840 2073 880 na-

490 930 654 984 tura,
708 919 755 973 si
815 918 1079 973 benevole
1146 928 1201 972 et
1252 918 1562 972 humaniter
1608 915 1786 981 detur,
1837 916 2067 970 aliarum

494 1011 734 1066 ferarum
785 1026 993 1064 venena
1039 1008 1349 1069 labefactat,
1381 1026 1444 1061 ac
1470 1007 1768 1076 disperdit,
1815 1007 2073 1075 intempe-

496 1111 679 1155 rauter
721 1115 849 1155 vero
897 1110 1182 1168 suscepta,
1240 1100 1415 1168 ipsqu
1464 1099 1626 1155 etiam
1693 1097 1896 1152 animal
1947 1112 2073 1151 cor-

496 1197 722 1260 rumpit.
784 1191 921 1246 Huic
964 1192 1197 1245 dzemoni
1247 1189 1471 1245 tradidit
1527 1189 1728 1243 Paulus
1762 1204 1887 1243 eum
1914 1228 1931 1252 ,
1975 1189 2070 1258 qui

496 1279 744 1351 patrarat
787 1282 1050 1350 ﬂagitium
1079 1280 1349 1344 Corinthi,
1388 1282 1593 1336 idcirco
1624 1281 1805 1334 denuo
1830 1280 2072 1336 studiose

496 1373 692 1427 scribit
726 1371 1051 1437 Corinthiis,
1095 1370 1284 1426 dicens
1319 1388 1332 1424 :
1368 1389 1385 1422 ι
1435 1370 1768 1425 Conﬁrmate
1811 1368 1863 1421 in
1913 1368 2069 1421 illum

496 1465 818 1519 charitatem
841 1504 855 1525 .
905 1480 972 1518 ne
1019 1462 1159 1518 forte
1193 1478 1259 1517 ex
1289 1461 1675 1517 abundantiori
1706 1461 1931 1516 tristitia
1976 1460 2073 1513 ab-

497 1556 786 1611 sorbeatur
828 1555 930 1612 iste
961 1555 1083 1610 talis
1110 1556 1173 1608 ¹⁹.
1219 1573 1237 1605 ι
1274 1552 1475 1607 Verum
1511 1553 1600 1607 hic
1639 1551 1866 1622 spiritus
1898 1551 2071 1605 homi-

498 1663 598 1701 nes
621 1647 887 1701 aillietans
909 1646 1060 1702 novit
1080 1646 1213 1715 ipsis
1237 1644 1555 1699 conciliator
1576 1643 1740 1698 etiam
1773 1642 1886 1697 ﬁeri
1916 1642 2070 1695 bona:

498 1736 860 1806 pmuiteutiae;
892 1739 1033 1789 unde
1065 1745 1119 1788 et
1169 1743 1393 1788 sanctus
1423 1730 1660 1787 Joannes
1691 1730 1929 1799 Baptista
1952 1746 2069 1795 eos,
2103 1726 2143 1780 Β

500 1829 595 1897 qui
643 1829 713 1882 ab
772 1829 878 1882 isto
936 1827 1183 1882 daemone
1234 1825 1653 1895 pungebantur,
1692 1834 1746 1879 et
1800 1822 1963 1893 526
2002 1822 2069 1876 ad

500 1919 670 1973 Deum
702 1917 1111 1986 confugiebant,
1141 1919 1449 1972 admonens
1475 1916 1651 1984 inquit
1682 1932 1695 1968 :
1738 1932 1756 1965 ι
1787 1915 2070 1968 Genimina

501 2011 832 2078 viperarum,
867 2007 993 2077 quis
1032 2009 1186 2063 vobis
1227 2006 1463 2062 ostendit
1493 2005 1679 2076 fugere
1714 2006 1785 2059 ab
1831 2005 1910 2058 ira
1949 2018 2074 2057 ven-

500 2106 665 2160 tura?
710 2103 894 2160 Facite
946 2103 1113 2173 igitur
1155 2102 1391 2157 fructum
1432 2101 1653 2171 dignum
1704 2097 2069 2169 pwnitentiae;

499 2204 556 2250 et
609 2211 677 2250 ne
724 2193 925 2263 putetis
972 2192 1153 2248 dicere
1202 2192 1348 2247 intra
1394 2190 1754 2260 vosmetipsos
1804 2207 1818 2244 :
1855 2188 2069 2243 Patrem

504 2286 769 2341 habemus
807 2285 1124 2351 Abraham;
1173 2284 1298 2342 dico
1338 2285 1482 2339 enim
1514 2284 1690 2350 vobis,
1718 2282 1863 2353 quod
1895 2291 2074 2353 potest

505 2377 646 2432 Deus
679 2391 742 2429 ex
774 2376 1045 2445 lapidibus
1087 2375 1208 2431 istis
1252 2376 1520 2432 suscitare
1567 2376 1703 2429 filios
1747 2373 1979 2429 Abrahae
2002 2376 2069 2429 “.

502 2464 891 2521 Verumtamen
915 2466 1249 2536 quicunque,
1272 2466 1546 2520 Abraham
1576 2465 1838 2528 imitatus,
1870 2481 1901 2519 e
1928 2472 2072 2519 terra

499 2555 672 2612 exivit
697 2572 817 2623 sua,
846 2566 902 2612 et
926 2572 958 2613 e
979 2558 1329 2629 cognatione,
1356 2558 1470 2629 ipse
1496 2558 1604 2613 isto
1632 2560 1793 2613 etiam
1825 2558 2073 2613 daemone

502 2647 696 2707 fortior
729 2648 917 2703 evasit.

1081 2761 1311 2818 CAPUT
1349 2739 1489 2816 xiv.

575 2868 633 2923 Si
671 2872 798 2939 quis
833 2872 1129 2928 iracundia:
1162 2874 1476 2929 dominatus
1506 2881 1610 2937 est,
1652 2872 1767 2942 ipse
1795 2870 2073 2927 daemones

503 2963 703 3029 evicit;
734 2962 779 3017 si
813 2979 939 3018 vero
972 2966 1098 3033 quis
1134 2965 1201 3017 ab
1232 2966 1330 3018 ista
1380 2963 1633 3035 passione
1682 2962 1847 3017 fuerit
1882 2962 2074 3031 subju-

2177 465 2339 517 πονθε
2373 467 2468 521 καὶ
2492 470 2521 522 6
2551 470 2706 539 ἅγιος
2738 471 2859 527 Ἰὼϐ
2892 475 2998 529 ὑπὸ
3027 476 3217 532 τούτου
3249 482 3699 553 παρενοχλούμινος

2170 557 2267 610 τοῦ
2295 556 2585 629 δαίμονος·
2626 582 2645 615 ι
2670 563 2799 618 Εἴθε
2826 566 2938 637 γάρ
2968 568 3255 641 δυναίμην,
3291 574 3472 642 φησὶν,
3499 576 3699 644 ἐμαυτὸν

2173 647 2566 718 χειρώσασθαι,
2610 653 2643 723 ἢ
2678 654 2891 726 δεηθείς
2937 674 3001 726 γε
3029 660 3241 731 ἑτέρου,
3282 665 3376 715 καὶ
3401 665 3598 734 ποιήσει
3627 687 3697 737 μοι

2171 738 2350 795 τοῦτο.
2384 759 2403 792 ι
2448 742 2652 797 Τούτου
2682 745 2775 800 τοῦ
2803 747 3059 818 δαίμονος
3089 751 3356 821 σύμϐολόν
3383 756 3520 806 ἐστιν
3549 759 3577 826 ὴ
3606 759 3696 829 ἔχι-

2171 829 2297 897 δνα,
2319 832 2380 884 τὸ
2417 832 2626 905 θηρίον,
2662 832 2731 909 ἧς
2762 840 2796 909 ἡ
2830 840 2993 910 φύσις
3019 841 3417 912 φιλανθρώπως
3462 847 3695 921 διδομένη,

2170 924 2297 986 τοὺς
2324 924 2433 978 τῶν
2461 926 2636 983 ἄλλων
2662 929 2866 1003 θηρίων
2900 934 3012 998 ίοὺς
3037 934 3359 1004 διαφθείρει,
3404 941 3630 1009 ἀκρατῶς
3654 945 3695 997 δὲ

2171 1015 2554 1090 λαμϐανομένη
2585 1020 2689 1077 καὶ
2709 1023 2842 1076 αὐτὸ
2864 1024 3163 1097 διαφθείρει
3189 1028 3252 1081 τὸ
3272 1028 3426 1093 ζῶον.
3460 1032 3623 1103 Τούτῳ
3638 1036 3695 1106 τῷ

2170 1109 2385 1179 δαίμονι
2417 1113 2735 1182 παρέδωκεν
2760 1117 2790 1169 6
2826 1117 3039 1181 Παῦλος
3084 1119 3175 1173 τὸν
3212 1122 3271 1172 ὲν
3298 1122 3534 1194 Κορίνθῳ
3558 1143 3696 1196 παρα-

2171 1203 2507 1271 νομήσαντα,
2539 1205 2620 1258 διὸ
2648 1206 2745 1261 καὶ
2773 1209 2977 1279 γράφει
3008 1211 3172 1264 πάλιν
3205 1214 3503 1278 σπουδαίως
3526 1232 3538 1245 ·
3579 1238 3594 1268 ι
3617 1221 3697 1272 Ku-

2173 1292 2407 1360 ρὼσατε,
2448 1294 2622 1364 λέγων
2656 1300 2771 1361 τοῖς
2814 1299 3145 1370 Κορινθίοις.
3186 1304 3270 1366 είς
3298 1305 3456 1357 αὐτὸν
3491 1307 3695 1380 ἀγάπην,

2174 1382 2261 1434 ἵνα
2284 1385 2358 1453 μή
2556 1388 3020 1477 τῇῗπερισσοτέρα
3040 1390 3186 1462 λύπῃ
3216 1394 3489 1465 καταποθῇ
3511 1398 3537 1448 ό
3554 1398 3696 1452 τοιοῦ-
3737 1451 3764 1477 ἢ,

2170 1488 2280 1532 τος.
2318 1490 2349 1527 ι,
2394 1473 2531 1527 Ἀλλ’
2577 1471 2684 1529 οἶδε
2721 1478 2879 1532 τοῦτο
2926 1479 3110 1535 θλίϐον
3149 1484 3279 1545 τοὺς
3323 1485 3618 1554 ἀνθρώπους
3652 1490 3697 1542 τδ
3737 1470 3741 1475 θ

2172 1564 2391 1634 πνεῦμα
2456 1568 2552 1622 καὶ
2611 1571 2905 1639 μετανοίας
2973 1575 3157 1638 αὐτοῖς
3219 1576 3428 1646 ἀγαθῆς
3481 1581 3697 1650 πρόξενον

2171 1653 2419 1721 γίνεσθαι
2444 1673 2458 1687 ⁸
2515 1656 2636 1710 ὃθεν
2681 1661 2775 1714 καὶ
2804 1663 2832 1714 6
2866 1662 3019 1731 ἅγιος
3070 1664 3325 1737 Ἰωάννης
3355 1670 3383 1721 6
3416 1670 3696 1742 Βαπτιστὴς.

2173 1746 2299 1810 τοὺς
2350 1748 2455 1803 ὑπὸ
2502 1750 2693 1805 τούτου
2741 1757 3136 1826 κεντουμένους
3184 1758 3280 1812 τοῦ
3326 1760 3584 1830 δαίμονος,
3626 1766 3698 1818 καὶ

2174 1839 2619 1908 προσφεύγοντας
2643 1845 2721 1914 τῷ
2748 1845 2895 1916 Θεῴο
2930 1866 2949 1899 ι
2977 1849 3299 1920 Γεννήματα
3324 1853 3548 1922 ἐχιδνῶν,
3573 1858 3696 1924 φησι,

2171 1927 2253 1990 τίς
2287 1928 2416 1999 ὑμῖν
2444 1930 2692 1998 ὑπέδειξε
2722 1940 2912 2004 φυγεῖν
2943 1939 3051 1992 ἀπὸ
3082 1942 3178 2010 τῆς
3219 1941 3513 2012 μελλούσης
3533 1944 3696 2014 69Υῆςὶ

2174 2018 2437 2088 ποιήσατε
2468 2016 2562 2074 οὖν
2595 2024 2807 2094 καρπὸν
2838 2025 2985 2091 ἄξιον
3031 2032 3129 2100 τῆς
3179 2031 3490 2098 μετανοίας,
3532 2035 3613 2086 καὶ
3639 2035 3697 2104 μὴ

2171 2108 2357 2180 δόξητε
2381 2110 2561 2180 λέγειν
2580 2114 2637 2166 ὲν
2657 2116 2891 2184 ἑαυτοῖς,
2908 2119 3126 2189 Πατέρα
3152 2120 3354 2191 ἔχομεν
3372 2122 3458 2176 τδν
3472 2123 3695 2195 ’Δϐραάμο

2172 2199 2317 2269 λέγω
2351 2202 2460 2273 γάρ
2509 2204 2637 2272 ὑμῖν
2684 2207 2763 2260 ὅτι
2812 2207 3036 2263 δύναται
3083 2212 3112 2264 6
3154 2210 3294 2276 Θεὸς
3326 2215 3389 2266 ὲκ
3430 2214 3531 2267 τῶν
3569 2214 3696 2267 λίθων

2172 2291 2378 2347 τούτων
2429 2298 2641 2368 ἐγεῖραι
2672 2298 2837 2353 τέκνα
2863 2301 2942 2372 τῷ
3000 2302 3273 2374 Ἀϐραάμ.
3316 2323 3343 2357 ιι
3388 2305 3525 2377 Πλὴν
3560 2306 3696 2370 πᾶςδ

2170 2384 2261 2438 τὸν
2295 2387 2544 2460 Ἀϐραάμ
2577 2393 2978 2464 μιμησάμενος,
3019 2397 3113 2450 καὶ
3163 2397 3395 2462 ἐξελθὼν
3418 2400 3478 2452 ἐκ
3506 2399 3593 2468 τῆς
3621 2399 3705 2467 γῆς.

2173 2477 2360 2543 αὑτοῦ,
2397 2482 2491 2534 καὶ
2516 2482 2581 2536 ὲκ
2608 2483 2711 2553 τῆς
2736 2488 3080 2555 συγγενείας,
3115 2488 3282 2554 αὐτὸς
3314 2491 3407 2544 καὶ
3432 2490 3599 2544 τούτου
3625 2487 3699 2545 τοῦ

2172 2568 2421 2640 δαίμονος
2451 2571 2671 2642 γέγονεν
2701 2575 3064 2648 ἰσχυρότερος.

2763 2775 3015 2830 ΚΕΦΑΛ.
3056 2779 3151 2830 IA'.

2243 2880 2313 2935 Εῐ
2329 2899 2414 2945 τις
2447 2882 2619 2955 θυμοῦ
2661 2888 3024 2958 κεκράτηκεν,
3068 2883 3222 2952 οὗτος
3250 2888 3503 2962 δαιμόνων
3536 2892 3699 2961 κεκρά-

2175 2987 2363 3042 τηκεν,
2411 2974 2459 3025 εί
2491 2973 2545 3025 δέ
2573 2992 2660 3039 τις
2686 2976 2860 3048 τούτῳ
2887 2979 2965 3049 τῷ
3000 2981 3160 3034 πάθει
3208 2982 3539 3045 δεδούλωται,
3577 2976 3700 3043 οὗτος

504 3063 692 3123 gatus,
734 3054 780 3107 is
829 3068 860 3106 a
893 3053 1001 3106 vita
1049 3053 1349 3108 monastica
1380 3053 1603 3107 omnino
1637 3060 1723 3106 est
1751 3051 1980 3114 alienus,
2011 3065 2074 3105 ac

2180 3063 2467 3134 μοναδικοῦ
2498 3065 2621 3135 βίου
2652 3066 2771 3119 ἐστὶ
2814 3070 3094 3133 παντελῶς
3127 3072 3427 3142 ἀλλότριος,
3473 3072 3557 3126 καὶ
3584 3072 3702 3138 ξένος

504 3144 668 3198 veluti
720 3144 1040 3214 peregrinus
1096 3144 1255 3214 longe
1305 3144 1473 3198 distat
1530 3158 1561 3198 a
1623 3143 1724 3196 viis
1778 3141 2078 3197 Salvatoris

506 3237 703 3289 nostri.
745 3235 1028 3303 Siquidem
1078 3237 1193 3304 ipse
1242 3233 1508 3289 Dominus
1540 3243 1727 3288 noster
1752 3234 1954 3288 dicitur
1982 3234 2080 3287 do-

503 3342 630 3380 cere
690 3328 848 3379 mites
898 3325 1013 3378 vias
1074 3341 1204 3381 suas
1245 3326 1313 3393 ",
1365 3326 1569 3380 idcirco
1628 3326 2078 3381 anachoretarum

511 3429 665 3467 mens
698 3413 931 3468 ιιίίίιι·ἰ1ἰε
983 3424 1065 3468 est
1112 3424 1306 3484 captu,
1361 3431 1486 3469 cum
1540 3413 1595 3467 in
1642 3416 2081 3470 mansuetudinis

507 3503 787 3573 confugiat
825 3520 1100 3574 campum,
1133 3506 1260 3574 quia
1288 3506 1492 3559 nullam
1526 3503 1637 3559 fere
1667 3506 1917 3561 virtutem
1944 3507 2080 3562 adeo

507 3607 758 3653 metuunt
778 3598 1071 3662 daemones,
1100 3608 1158 3651 ut
1180 3599 1678 3654 mansuetudinem.
1708 3597 1859 3653 Hanc
1877 3600 2079 3654 etenim

515 3689 829 3759 possidebat
892 3698 947 3744 et
1007 3689 1217 3759 Moyses
1278 3690 1386 3756 ille,
1455 3691 1602 3747 mitis
1662 3707 1825 3761 supra
1889 3707 2079 3749 omnes

508 3779 759 3833 homines
801 3789 1024 3832 vocatus
1054 3780 1120 3833 ¹².
1169 3778 1311 3844 Quin
1356 3788 1410 3833 et
1452 3779 1871 3835 sanctus~David
1919 3781 2078 3835 istam

507 3869 769 3923 memoria
800 3868 889 3923 Dei
920 3869 1136 3940 dignam
1160 3884 1281 3924 esse
1307 3870 1660 3935 arclamavit,
1691 3870 1845 3925 aiens
1872 3888 1885 3924 :
1918 3890 1936 3923 ι
1970 3872 2079 3925 Me-

509 3970 713 4025 mento,
764 3961 1013 4029 Domino,
1066 3963 1267 4028 David,
1321 3973 1376 4017 et
1423 3964 1600 4019 omnis
1648 3965 2077 4019 mansuetudinis

510 4054 629 4123 ejus
653 4054 720 4107 ³³.
762 4074 779 4105 ι
824 4053 927 4108 Sed
964 4064 1017 4108 et
1051 4055 1165 4123 ipse
1194 4054 1441 4109 Salvator
1486 4056 1792 4111 imitatores
1824 4070 1925 4109 nos
1959 4071 2079 4110 esse

502 4145 667 4213 jussit
706 4160 819 4198 sua:
852 4146 1312 4212 mansuetmiiuis,
1348 4146 1579 4202 dicens:
1615 4164 1635 4197 ι
1678 4145 1876 4200 Discite
1902 4161 1931 4199 a
1968 4161 2074 4209 me,

506 4236 635 4303 quia
668 4236 815 4288 mitis
848 4252 991 4298 sum,
1026 4246 1079 4289 et
1109 4236 1332 4292 humilis
1361 4238 1544 4302 corde,
1587 4244 1639 4291 et
1679 4237 1961 4292 invenietis
1990 4252 2078 4290 rc-

507 4324 689 4391 quiem
738 4325 1027 4378 animabus
1071 4326 1265 4379 vestris
1295 4326 1361 4378 “.
1405 4344 1425 4377 ι
1484 4324 1639 4391 Quod
1691 4328 1737 4382 si
1780 4327 1903 4396 quis
1937 4326 2077 4382 escis

507 4413 727 4483 quidem
773 4426 935 4483 atque
970 4418 1188 4483 potibus
1217 4418 1561 4482 abstinuerit,
1588 4418 1925 4472 iracundiam
1949 4435 2076 4474 vero

508 4507 761 4577 malignis
812 4518 1067 4576 provocet
1124 4509 1580 4579 cogitationibus,
1624 4510 1711 4564 hic
1748 4511 1944 4565 similis
1996 4521 2078 4566 est

510 4600 632 4652 navi
670 4615 765 4668 per
810 4615 959 4653 mare
1004 4601 1256 4670 vaganti,
1305 4616 1531 4670 quaeque
1571 4600 1870 4655 diemonem
1922 4604 2082 4657 habet

507 4690 667 4761 527
698 4693 1153 4762 gubernatorem:
1186 4694 1303 4745 ideo
1323 4692 1728 4756 attendendum,
1753 4694 1928 4761 quoad
1964 4695 2077 4748 lieri

509 4790 705 4852 potest,
744 4784 864 4837 caui
899 4792 1110 4847 nostro,
1142 4783 1392 4853 idemque
1415 4783 1694 4838 docendus
1721 4793 1822 4849 est,
1850 4795 1907 4839 ut
1931 4785 2075 4840 solos

506 4874 780 4943 disperdat
821 4876 1014 4944 lupos,
1054 4884 1107 4929 et
1153 4891 1260 4929 non
1309 4877 1557 4931 comedat
1591 4892 1752 4938 oves.
1857 4893 2074 4931 onmem

506 4981 634 5036 erga
663 4981 854 5022 omnes
885 4966 1135 5022 homines
1168 4967 1434 5024 exhibens
1472 4968 1943 5022 mansuetudinem
1969 4970 2037 5024 ".

1096 5078 1324 5136 CAPUT
1360 5078 1480 5133 XV.

576 5189 620 5244 E
651 5191 1075 5262 cogitationibus
1109 5193 1222 5247 sola
1252 5193 1339 5245 illa
1373 5207 1525 5245 vana:
1560 5188 1748 5259 gloria:
1788 5189 2072 5260 multiplici

506 5280 752 5337 abundat
785 5283 1032 5345 materie,
1064 5298 1186 5351 qua:
1217 5291 1327 5335 tum
1375 5283 1690 5335 universum
1743 5280 1853 5334 fere
1903 5292 2075 5334 terra-

505 5389 627 5432 rum
648 5376 835 5432 orbem
857 5374 1287 5444 comprehendit,
1315 5383 1428 5428 tum
1457 5372 1711 5427 omnibus
1734 5374 2073 5429 daunonilsus

2178 3153 2283 3206 τῶν
2316 3155 2451 3208 ὁδῶν
2475 3155 2570 3209 τοῦ
2602 3157 2852 3228 Σωτῆρος
2883 3161 3040 3230 ἡμῶν
3066 3176 3080 3191 ⁸
3117 3163 3282 3234 είπερ
3312 3164 3467 3227 αὐτὸς
3491 3166 3516 3217 6
3537 3163 3702 3233 Κύριος

2179 3243 2334 3315 ήμῶν
2373 3246 2591 3313 λέγεται
2628 3246 2898 3303 διδάσκειν
2939 3252 3067 3316 τοὺς
3102 3257 3301 3324 πραεῖς
3332 3255 3427 3318 τὰς
3461 3254 3596 3316 ὁδοὺς
3627 3240 3702 3304 αὖ.

2177 3336 2272 3389 τοῦ
2294 3354 2307 3367 ο
2350 3337 2431 3391 διὸ
2463 3339 2558 3417 καὶ
2588 3338 2754 3410 δυσθή
2766 3358 2924 3410 ρατος
2952 3330 3159 3410 γίνεται
3187 3346 3301 3399 τῶν
3332 3344 3702 3417 ἀναχωρούντων

2176 3434 2207 3485 6
2235 3433 2382 3500 νοῦς,
2416 3435 2493 3498 είς
2522 3434 2582 3488 τὸ
2614 3435 2714 3505 τῆς
2754 3438 3059 3508 πραότητος
3107 3442 3330 3511 φεύγων
3360 3443 3548 3497 πεδίον
3579 3441 3699 3494 066e-

2181 3524 2312 3593 μίαν
2355 3524 2463 3596 γάρ
2510 3525 2619 3581 τῶν
2664 3527 2877 3597 ἀρετῶν
2922 3530 3108 3600 σχεδὸν
3163 3532 3310 3587 οὕτω
3356 3534 3625 3588 δεδοίκασιν
3660 3529 3713 3583 οί·

2179 3612 2451 3683 δαίμονες,
2488 3615 2563 3677 ὡς
2610 3617 2922 3687 πραΰτητα·
2975 3619 3181 3691 ταύτην
3222 3624 3333 3694 γάρ
3376 3624 3465 3677 καὶ
3507 3623 3700 3688 Μωΰσῆς

2180 3704 2383 3767 ἐκεῖνος
2416 3705 2699 3776 ἐκέκτητο,
2740 3707 2920 3779 πραῢς
2954 3710 3108 3781 παρὰ
3137 3711 3348 3777 πάντας
3384 3714 3504 3776 τοὺς
3529 3709 3698 3781 ἀνθρώς

2180 3812 2317 3857 πους
2347 3795 2589 3865 κληθείς.
2630 3799 2742 3852 Καὶ
2774 3800 2804 3853 6
2844 3800 2999 3868 ἆγιος
3043 3800 3100 3855 δὲ
3142 3804 3311 3857 Δαϐὶδ
3361 3803 3507 3869 ἀξίαν
3537 3802 3713 3871 ταύτην.

2179 3885 2277 3954 τῆς
2294 3885 2387 3938 τοῦ
2410 3885 2546 3939 Θεοῦ
2571 3889 2794 3958 μνήμης
2817 3890 3197 3961 ἀπεφθέγξατο
3223 3891 3365 3948 εἶναι
3388 3911 3400 3924 ·
3430 3914 3447 3946 ι
3465 3893 3697 3963 Μνήσθητι

2179 3976 2370 4047 Κύριε,
2405 3976 2600 4044 λέγων,
2629 3978 2724 4031 τοῦ
2753 3979 2939 4043 Δαϐὶδ,
2972 3981 3068 4035 καὶ
3111 3982 3295 4055 πάσης
3325 3986 3421 4053 τῆς
3448 3983 3697 4055 πραότητος

2178 4066 2364 4119 αὐτοῦ.
2420 4086 2438 4117 ι
2506 4068 2666 4123 Ἀλλὰ
2714 4070 2809 4123 καὶ
2837 4070 3002 4132 αὐτὸς
3032 4074 3061 4126 6
3092 4074 3283 4146 Σωτὴρ
3316 4077 3543 4146 μιμητάς
3584 4074 3699 4144 ἡμᾶς

2178 4156 2431 4209 ἐκέλευσε
2453 4158 2705 4225 γενέσθαι
2731 4159 2832 4229 τῆς
2862 4162 3070 4216 ἐκείνου
3103 4166 3408 4236 πραότητος
3431 4184 3445 4197 ·
3484 4184 3501 4215 ι
3523 4164 3697 4219 Μάθετε

2178 4247 2272 4299 ἀπ’
2294 4248 2449 4317 ἐμοῦ,
2467 4247 2659 4316 λέγων,
2689 4251 2792 4314 δτι,
2811 4251 2984 4323 πρᾶός
3004 4253 3141 4324 είμι,
3166 4255 3263 4308 καὶ
3280 4254 3520 4317 ταπεινὸς
3531 4257 3587 4324 τῇ
3603 4267 3698 4321 καρ-

2178 4337 2285 4409 δίᾳ,
2332 4340 2425 4392 καὶ
2469 4340 2729 4410 εὑρήσετε
2784 4341 3089 4397 ἀνάπαυσιν
3121 4347 3243 4409 ταῖς
3286 4346 3479 4417 ψυχαῖς
3504 4344 3648 4415 ὑμῶν.
3677 4358 3705 4390 ιτ

2179 4429 2239 4481 Ei
2271 4429 2328 4482 δέ
2370 4447 2451 4493 τις
2490 4429 2793 4500 βρωμάτων
2828 4434 2949 4504 μὲν,
3002 4435 3099 4489 καὶ
3142 4437 3423 4507 πομάτων,
3467 4436 3701 4505 ἀπέχοιτο,

2177 4517 2344 4589 θυμὸν
2376 4519 2431 4572 δὲ
2470 4519 2751 4590 λογισμοῖς
2796 4526 3050 4594 πονηροῖς
3098 4526 3357 4595 ὲρεθίζει,
3402 4520 3545 4587 οὗτος
3582 4523 3695 4575 ἔοικε

2174 4610 2583 4683 ποντοπορούσῃ
2617 4611 2725 4683 νηῒ,
2769 4614 2863 4667 καὶ
2894 4615 3095 4690 ἐχούσῃ
3127 4616 3355 4688 δαίμονα
3387 4616 3691 4687 κυϐερνήτην.

2174 4700 2255 4753 6:6
2284 4703 2633 4771 προσεκτέον,
2661 4703 2760 4773 ὅση
2788 4703 3039 4776 δύναμις,
3071 4706 3148 4778 τῷ
3181 4708 3433 4779 ήμετέρῳ
3465 4706 3593 4767 κυνὶ,
3625 4701 3703 4755 καὶ

2172 4793 2449 4846 διδακτέον
2477 4795 2659 4860 αὑτὸν,
2680 4798 2805 4860 τοὺς
2835 4796 3031 4862 λύκους
3063 4799 3257 4869 μόνους
3279 4799 3603 4870 διαφθείρειν,
3622 4792 3699 4847 καὶ

2178 4884 2255 4954 μὴ
2297 4884 2367 4937 τά
2419 4885 2666 4955 πρόϐατα
2720 4887 3061 4953 κατεσθίειν,
3115 4891 3293 4944 πᾶσαν
3340 4887 3705 4958 ἐνδεικνύμενοι

2178 4975 2461 5047 πραότητα
2497 4975 2634 5047 πρὸς
2674 4976 2882 5041 πάντας
2912 4977 3253 5050 ἀνθρώπους.

2758 5090 3008 5145 ΚΕΦΑΛ.
3050 5092 3147 5146 IE'.

2246 5199 2422 5261 Μόνος
2461 5197 2573 5251 τῶν
2602 5199 2877 5270 λογισμῶν
2912 5202 2941 5254 6
2965 5200 3064 5271 τῆς
3096 5201 3397 5266 κενοδοξίας
3429 5198 3536 5253 ἐστὶ
3559 5191 3691 5248 πολύ⁸

2178 5285 2321 5350 υλος,
2354 5287 2445 5341 καὶ
2472 5288 2600 5356 ὃλην
2628 5290 2812 5359 σχεδὸν
2842 5290 3262 5361 περιλαμϐάνων
3282 5290 3375 5360 τὴν
3396 5284 3689 5357 οἰκουμένηνι

2180 5378 2270 5429 καὶ
2296 5378 2429 5429 πᾶσι
2454 5380 2562 5441 τοῖς
2593 5378 2840 5450 δαίμοσιν
2870 5381 3175 5451 ὑπανοίγων
3200 5380 3293 5444 τὰς
3323 5379 3503 5451 θύρας,
3538 5375 3691 5443 ὥσπερ

581 5553 1017 5631 "_Jobuat_vr,_6.
1095 5560 1137 5591 "
1180 5558 1222 5612 11
1256 5559 1379 5615 Cor.
1419 5576 1479 5631 tl,
1510 5559 1563 5613 7.
1641 5562 1686 5592 '°
1720 5560 2039 5631 Malunt",

2202 5581 2217 5629 ;
2288 5562 2418 5617 Luc.
2478 5580 2560 5629 ιιι,
2631 5565 2680 5631 7,
2713 5565 2777 5619 8,
2842 5563 2884 5595 ²¹
2935 5561 3078 5619 Psal.
3128 5575 3279 5623 sxw,
3336 5558 3389 5612 9.
3459 5553 3502 5587 “
3550 5550 3692 5608 Numt

490 5640 593 5693 ιιι,
621 5626 678 5681 3.
752 5627 799 5659 "
830 5628 974 5683 Psal.
1010 5646 1193 5693 eam,
1235 5633 1279 5684 ι.
1358 5632 1402 5662 ³⁸
1433 5629 1621 5685 Matth.
1656 5648 1730 5695 ιιι,
1758 5632 1847 5685 29.
1926 5629 1970 5663 ¹⁵
2014 5630 2053 5684 ΙΙ

2178 5626 2231 5686 η’.
2271 5650 2329 5699 ιι,
2366 5633 2452 5687 24.
