3994 6182
331 220 461 282 19217

1322 222 1420 286 DE
1478 224 1852 287 MALIGNIS
1921 226 2586 289 'COGITATIONIBUS.

3443 227 3580 293 1218

322 348 405 393 τις
439 329 706 412 προδότης
736 333 971 404 πονηρὸς
1000 334 1210 406 ἀγαθῆς
1243 338 1533 408 γενόμενος
1563 337 1794 401 πόλεως.
1822 337 1911 390 Διδ

2016 336 2324 392 clanculum
2356 341 2534 408 aperit
2561 347 2765 409 portas,
2821 349 3013 409 estque
3043 340 3186 395 velut
3215 343 3437 411 quidam
3465 359 3582 400 ma-

324 422 416 476 καὶ
446 423 588 475 πάνυ
618 426 866 477 ταπεινοί
897 425 991 478 τοῦ
1021 426 1436 498 ἀναχωροῦντος
1465 428 1556 481 τὸν
1596 427 1743 490 νοῦν,
1775 428 1905 480 πολ-

325 513 432 565 λῶν
475 513 650 582 λόγων
677 515 839 569 αὑτὸν
877 517 972 570 καὶ
1003 519 1354 588 πραγμάτων
1395 519 1641 590 πληρῶν,
1684 520 1905 584 καὶτὰς

324 607 632 676 προσευχὰς
658 608 824 660 αὐτοῦ
859 608 1256 678 λυμαινόμενος
1303 611 1370 664 δι’
1398 606 1473 666 ὧν
1501 612 1678 666 πάντα
1710 612 1778 666 τά
1806 613 1906 683 τῆς

322 695 504 764 ψυχῆς
533 697 698 749 αὑτοῦ
733 697 1022 766 τραύματα
1054 699 1381 771 θεραπεύειν
1409 703 1723 767 σπουδάζει.
1767 705 1906 757 Τοῦ-

323 803 413 836 τον
442 787 534 837 τὸν
566 787 827 857 λογισμὸν
876 789 1198 854 συναύξουσι
1239 793 1448 857 πάντες
1495 795 1818 864 ἡττηθέντες
1856 795 1906 848 οἱ

322 875 597 944 δαίμονες,
631 879 726 931 καὶ
753 879 914 932 πάλιν
944 882 1013 934 δι’
1044 883 1210 936 αὑτοῦ
1241 887 1442 949 πάντες
1488 887 1569 949 είς
1596 888 1695 949 τὰς
1732 887 1906 956 ψυχὰς

323 971 693 1040 λαμϐάνουσιν
746 973 971 1042 εἴσοδον,
1023 977 1304 1042 ποιοῦντες
1354 979 1521 1043 ὅντως
1569 980 1636 1032 τὰ
1680 982 1905 1050 ἔσχατα,

323 1065 542 1135 χείρονα
586 1067 694 1120 τῶν
739 1069 991 1139 πρώτων.
1040 1072 1133 1124 Ἐκ
1176 1072 1366 1125 τούτου
1414 1073 1470 1126 δὲ
1509 1077 1770 1141 γεννᾶται
1812 1075 1907 1128 τοῦ

323 1157 610 1229 λογισμοῦ,
644 1161 741 1215 καὶ
774 1164 802 1215 6
837 1163 934 1233 τῆς
969 1165 1347 1234 ὑπερηφανίας
1380 1168 1605 1230 ἐκεῖνος,
1633 1170 1662 1220 6
1693 1167 1752 1219 τὸ
1780 1169 1909 1222 ἀπο-

327 1254 651 1324 σφράγισμα
703 1257 801 1326 τῆς
854 1257 1189 1327 ὁμοιώσεως,
1238 1261 1334 1312 καὶ
1385 1261 1477 1313 τὸν
1519 1260 1784 1328 στέφανον
1812 1262 1907 1315 τοῦ

326 1344 555 1408 κάλλους
583 1348 678 1399 ἀπ’
705 1349 949 1417 οὐρανῶν
981 1352 1060 1414 είς
1089 1352 1193 1420 γῆν
1225 1353 1577 1415 κατασείσας.
1617 1354 1757 1405 Ἀλλ’
1779 1355 1910 1408 ἀπο-

325 1438 566 1507 πήδησον
596 1439 807 1506 τούτου,
835 1445 928 1495 καὶ
964 1444 1037 1513 μὴ
1069 1445 1347 1516 χρονίσῃς,
1384 1446 1470 1498 ῖνα
1505 1447 1578 1515 μὴ
1620 1447 1910 1516 προδῶμεν

325 1529 507 1593 ἄλλοις
534 1532 634 1602 τὴν
664 1531 808 1602 ζωὴν
833 1534 1012 1603 ἡμῶν,
1038 1537 1132 1588 καὶ
1154 1537 1245 1589 τὸν
1269 1537 1536 1608 ἡμέτερον
1561 1537 1675 1608 βίον
1696 1540 1911 1607 ἀνελεή-

331 1639 476 1688 μοσι.
497 1622 695 1675 Τοῦτον
722 1624 778 1676 δὲ
803 1625 893 1677 τὸν
921 1625 1148 1695 δαίμονα
1180 1628 1472 1696 φυγαδεύει
1502 1629 1726 1696 ἐκτενὴς
1749 1643 1910 1695 προσ-

329 1711 486 1782 ευχὴ,
532 1713 718 1767 καὶτὸ
765 1716 931 1785 μηδὲν
980 1718 1172 1770 ἑκόντα
1216 1721 1410 1784 ποιεῖν,
1444 1719 1555 1772 τῶν
1587 1717 1908 1772 συντελούν-

326 1820 434 1856 των
458 1804 592 1874 πρὸς
616 1807 712 1874 τὴν
734 1807 1006 1876 ἐπάρατον
1031 1809 1211 1875 δόξαν.
1239 1810 1408 1864 Ὅταν
1427 1809 1618 1879 ὀλίγης
1637 1809 1906 1873 ἀπαθείας

327 1895 436 1947 τῶν
474 1896 899 1968 ἀναχωρούντων
939 1901 966 1952 ὁ
1001 1900 1123 1964 νοῦς
1172 1902 1537 1971 ἐπιλάϐηται,
1588 1903 1709 1955 τότε
1756 1919 1910 1954 κενο-

325 1981 506 2048 δοξίας
555 1984 719 2038 ἵππον
754 1988 1116 2058 κτησάμενος,
1151 1989 1351 2052 εὐθέως
1379 1990 1594 2043 ἐλαύνει
1631 1991 1770 2044 κατά
1815 1991 1911 2056 τὰς

327 2075 530 2138 πόλεις,
559 2077 797 2148 ἄκρατον
826 2081 891 2133 ἐκ
917 2081 1014 2150 τῆς
1040 2081 1198 2149 δόξης
1228 2083 1638 2152 ἐμφορούμενος
1669 2082 1910 2145 ἔπαινον,

325 2161 389 2234 ᾧ,
421 2168 542 2220 κατ’
569 2171 900 2240 οἰκονομίαν,
944 2172 1002 2224 τὸ
1038 2171 1255 2240 πνεῦμα
1297 2173 1398 2242 τῆς
1427 2173 1684 2242 πορνείας
1739 2175 1913 2226 ἀπαν-

327 2259 519 2328 τῆσαν,
559 2261 654 2312 καὶ
687 2263 764 2324 εἰς
793 2261 889 2313 ἐνα
932 2262 1041 2315 τῶν
1093 2262 1307 2330 συφεῶν
1339 2262 1670 2316 ἀποκλεῖσαν
1703 2263 1909 2323 τοῦτον,

331 2353 577 2405 παιδεύει
607 2353 768 2405 αὐτὸν
805 2355 1000 2425 μηκέτι
1038 2354 1142 2425 πρὸ
1169 2355 1269 2424 τῆς
1299 2355 1510 2418 τελείας
1540 2356 1726 2424 ὑγείας
1754 2374 1914 2410 καταο

328 2445 618 2513 λιμπάνειν
662 2444 760 2514 τὴν
794 2446 1003 2514 κλίνην,
1039 2447 1173 2516 μηδέ
1206 2448 1333 2509 τοὺς
1373 2448 1638 2510 ἀτάκτους
1677 2448 1786 2502 τῶν
1814 2449 1913 2519 ἀρ·

331 2537 553 2606 ρώστων
579 2537 886 2606 μιμεῖσθαι,
910 2537 1125 2602 οἵτινες,
1151 2538 1228 2590 ἐτι
1257 2537 1486 2607 λείψανα
1512 2541 1610 2609 τῆς
1633 2537 1914 2601 ἀσθενείας

331 2627 390 2678 ἐν
425 2626 636 2687 ἑαυτοῖς
667 2627 1075 2695 περιφέροντες,
1106 2627 1242 2690 όδοῖς
1268 2628 1516 2690 ἑαυτοὺς,
1551 2628 1646 2680 καὶ
1668 2627 1914 2699 λουτροῖς

331 2715 582 2784 ἀκαίροις
634 2715 954 2779 ἐπιδιδόασι,
991 2718 1084 2769 καὶ
1129 2720 1240 2779 τοῖς
1275 2717 1334 2781 ἐξ
1377 2718 1725 2788 ὑποστροφῆς
1755 2720 1914 2789 νοσή-

334 2826 468 2880 μασι
491 2810 900 2879 περιπίπτουσι.
929 2812 1127 2881 Διόπερ
1150 2813 1503 2883 καθεζόμενοι
1530 2814 1732 2883 μᾶλλον
1755 2831 1915 2885 προσ-

331 2902 543 2970 έχωμεν
593 2903 828 2964 ἑαυτοῖς,
877 2902 974 2966 ὡς,
1025 2905 1427 2972 προκόπτοντες
1465 2906 1564 2974 μὲν
1615 2905 1675 2958 ἐν
1717 2906 1910 2976 ἀρετῇ,

2008 428 2094 483 lus
2125 431 2367 499 proditor
2402 433 2557 487 bona:
2587 433 2767 496 urbis;
2812 433 2930 486 ideo
2963 433 3304 487 anachoreta:
3329 474 3344 496 ,
3382 450 3476 488 seu
3527 437 3582 488 in

2008 536 2225 576 recessu
2283 524 2531 593 degentis
2569 523 2725 578 valde
2772 531 3009 577 mentem
3064 524 3348 587 humiliat,
3395 525 3582 580 multis

2006 623 2132 663 eum
2167 611 2386 679 replens
2433 613 2740 666 intellectus
2779 613 3131 681 coneeptibus
3155 655 3168 677 ,
3221 625 3382 684 atque
3416 630 3584 684 nego-

2009 699 2134 763 tiis,
2175 701 2534 771 inficiensque
2583 704 2670 756 lue
2723 703 2896 770 ipsius
2950 705 3247 766 orationes,
3303 721 3400 773 per
3447 721 3584 773 quas

2007 793 2205 844 anima:
2237 807 2351 846 sua:
2381 798 2608 847 vulnera
2639 796 2818 848 studet
2848 796 2965 863 ipse
2999 811 3212 850 curare.
3247 798 3448 851 Omnes
3476 800 3584 850 dae-

2009 899 2218 948 menes,
2251 887 2341 956 qui
2372 887 2566 940 devicti
2601 895 2764 948 sunt,
2813 887 2958 940 hanc
3005 888 3388 956 cogitationem
3422 890 3585 943 simul

2008 987 2239 1048 augent;
2273 988 2326 1033 et
2358 994 2551 1033 rursus
2582 979 2762 1033 cuncti
2787 994 2882 1047 per
2904 995 3023 1033 eam
3052 980 3103 1032 in
3127 980 3340 1034 animas
3369 981 3575 1034 aditum

2009 1078 2318 1134 assumunt,
2355 1070 2642 1125 reddentes
2674 1086 2799 1125 vere
2831 1072 3128 1125 novissima
3170 1072 3352 1140 pejora
3385 1074 3586 1140 priori-

2010 1163 2111 1216 bus
2135 1165 2202 1215 ".
2243 1161 2321 1216 Ex
2372 1163 2473 1217 hac
2523 1171 2704 1217 autem
2740 1163 3068 1232 cogitatione
3121 1165 3356 1234 gignitur
3387 1175 3439 1219 et
3493 1166 3585 1218 illa

2009 1255 2280 1322 superbia:
2304 1295 2319 1317 ,
2373 1270 2496 1323 quae
2531 1255 2872 1324 signaculum
2907 1255 3313 1318 similitudinis,
3351 1271 3415 1309 ae
3460 1257 3584 1324 pul-

2010 1346 2337 1400 chritudinis
2370 1361 2632 1399 coronam
2673 1363 2703 1400 ε
2735 1347 2889 1401 cmlis
2921 1347 2972 1399 in
3009 1357 3206 1400 terram
3239 1348 3498 1413 decussit,
3523 1363 3588 1402 ac

2010 1436 2223 1505 prolabi
2265 1436 2436 1490 fecit:
2477 1452 2664 1490 verum
2703 1436 2771 1490 ab
2802 1437 2902 1490 ista
2953 1439 3122 1498 rcsili.
3177 1454 3277 1492 nec
3305 1439 3395 1492 diu
3431 1455 3586 1493 eom-

2012 1529 2263 1592 moreris,
2301 1543 2400 1582 nec
2431 1529 2557 1582 aliis
2603 1529 2769 1582 vitam
2812 1537 3093 1593 nostram,
3145 1539 3470 1599 nostrasque
3511 1529 3590 1583 fa-

2013 1621 2264 1684 cultates,
2325 1636 2389 1674 ac
2450 1621 2594 1674 bona
2650 1621 3182 1674 immisericordibus
3245 1622 3584 1689 prodamus:

2011 1713 2174 1766 istum
2203 1727 2331 1766 vero
2357 1712 2660 1766 daemonem
2685 1712 2903 1767 assidua
2936 1711 3086 1783 fugat
3118 1714 3312 1778 oratio,
3346 1714 3590 1784 nihilque

2011 1805 2245 1859 libenter
2273 1803 2473 1868 facere,
2510 1812 2605 1857 aut
2631 1804 2813 1858 dicere
2847 1804 3085 1869 illorum,
3117 1820 3236 1873 qua:
3280 1805 3346 1859 ad
3391 1806 3589 1859 elatam

2011 1899 2239 1966 gloriam
2277 1899 2615 1954 conducunt.
2649 1897 2878 1965 Quando
2907 1899 3238 1968 aliquantam
3270 1900 3588 1968 passionum

2011 1990 2340 2041 vacuitatem
2374 2003 2531 2042 mens
2559 1989 3018 2043 anachoretarum
3052 1999 3210 2044 nacta
3243 1989 3426 2053 fuerit,
3462 2000 3591 2044 tunc

2011 2095 2214 2149 equum
2245 2095 2398 2133 vanae
2421 2079 2609 2147 gloria
2637 2081 2948 2149 possidens,
2980 2081 3135 2135 ocius
3165 2080 3374 2150 equitat
3403 2081 3469 2136 ad
3499 2097 3590 2134 ur-

2012 2173 2148 2237 bes,
2199 2172 2558 2240 intemperata
2597 2171 2760 2225 laude
2811 2187 2840 2225 e
2892 2171 3063 2241 gloria
3119 2171 3469 2242 ingurgitata,
3525 2188 3591 2228 ac

2013 2263 2240 2332 repleta,
2283 2262 2393 2325 cui,
2440 2262 2596 2332 juxta
2646 2263 3062 2331 providentiam,
3095 2265 3324 2333 spiritus
3352 2264 3590 2320 fornica-

2016 2355 2178 2408 tionis
2202 2354 2367 2424 528
2389 2369 2707 2418 occurrens,
2739 2363 2902 2423 atque
2929 2354 2982 2407 in
3008 2369 3114 2408 una
3139 2371 3425 2424 porcorum
3458 2357 3588 2411 hara

2015 2445 2190 2516 ipsam
2229 2446 2538 2506 recludens.
2579 2445 2771 2500 edocet
2816 2459 2937 2499 eam
2987 2445 3302 2514 neutiquam
3356 2447 3592 2500 derelin-

2014 2553 2183 2607 quere
2237 2538 2437 2591 lectum
2493 2548 2620 2591 ante
2679 2535 2975 2606 perfectam
3035 2539 3434 2602 valetudinem,
3491 2553 3592 2593 nec

2016 2630 2406 2704 immoderatos
2440 2629 2688 2683 inlirmos
2731 2628 2954 2692 imitari,
3004 2630 3118 2698 qui,
3150 2630 3276 2683 dum
3326 2630 3486 2684 etiam
3532 2631 3590 2684 in

2015 2721 2210 2789 seipsis
2243 2720 2499 2790 reliquias
2528 2719 2929 2776 circumferunt
2960 2720 3314 2784 inﬁrmitatis.
3345 2737 3464 2776 sese
3495 2721 3592 2776 de-

2015 2812 2150 2866 dunt
2210 2812 2612 2882 intempestivis
2660 2812 2967 2876 itineribus,
3019 2824 3075 2866 et
3131 2813 3374 2877 balneis,
3427 2814 3592 2882 inque

2016 2903 2238 2957 morbos
2271 2903 2522 2957 incidunt
2573 2903 2831 2958 recidive.
2879 2903 3243 2970 Quamobrem
3287 2904 3592 2959 secedendo

325 2993 641 3063 δυσκίνητοι
676 2993 810 3064 πρὸς
836 2994 1032 3047 κακίαν
1066 2997 1347 3066 γινόμεθα,
1381 2999 1830 3069 ἀνακαινούμενοι
1855 2998 1910 3051 δὲ

2016 2994 2194 3062 potius
2223 2994 2380 3048 nobis
2414 2994 2546 3062 ipsis
2578 2993 2949 3059 attendamus,
2974 2995 3121 3065 quod
3157 2995 3435 3059 nimirum,
3458 2997 3587 3050 dum

332 3086 393 3136 ὲν
445 3085 508 3154 τῇ
560 3083 786 3151 γνώσει,
851 3086 1108 3140 ποικίλων
1165 3090 1658 3159 προσλαμϐάνομεν
1708 3089 1911 3161 πλῆθος

337 3177 729 3246 θεωρημάτων,
772 3176 1064 3248 ύψούμενοι
1117 3179 1170 3230 δὲ
1221 3179 1384 3232 πάλιν
1431 3182 1570 3234 κατὰ
1607 3183 1705 3251 τὴν
1741 3199 1910 3253 προσ-

335 3264 498 3335 ευχὴν
528 3264 905 3336 φανερώτερον
934 3266 994 3319 τὸ
1022 3265 1116 3320 τοῦ
1159 3267 1409 3339 Σωτῆρος
1446 3270 1605 3341 ἡμῶν
1640 3269 1912 3324 ἐποπτεύ-

338 3373 504 3428 σομεν
534 3375 669 3427 φως.

921 3577 1172 3631 ΚΕΦΑΛ.
1214 3579 1330 3643 Ιςἰ

407 3689 594 3752 Πάσας
626 3690 722 3760 μὲν
743 3688 844 3752 τὰς
880 3687 1217 3759 κακουργίας
1246 3685 1356 3740 τῶν
1385 3687 1654 3757 δαιμόνων
1681 3687 1914 3758 γράφειν

338 3783 398 3836 οὐ
425 3782 684 3852 δύναμαι,
725 3783 822 3833 καὶ
853 3779 951 3842 τὰς
984 3777 1341 3849 κακοτεχνίας
1384 3779 1564 3832 αὐτῶν
1595 3778 1915 3847 καταλέγειν

339 3874 686 3944 αἰσχύνομαι,
718 3869 972 3933 δεδοικὼς
1002 3870 1111 3923 τῶν
1139 3869 1541 3940 ἐντευξομένων
1564 3872 1693 3936 τοὺς
1718 3872 1917 3926 ἁπλου-

341 3967 581 4037 στέρους.
647 3965 794 4035 Πλὴν
852 3961 909 4014 δὲ
960 3960 1052 4014 τοῦ
1107 3960 1417 4031 πνεύματος
1469 3961 1568 4032 τῆς
1625 3952 1912 4033 πορνείας,

337 4057 502 4109 ἄκουε
540 4052 896 4124 πανουργίαν.
927 4051 1097 4104 Ὅταν
1129 4065 1214 4113 τις
1243 4050 1338 4102 τοῦ
1372 4051 1772 4121 ἐπιθυμητικοῦ
1817 4053 1916 4123 μέ-

341 4164 466 4216 ρους
515 4146 784 4215 κτήσηται
834 4141 1126 4206 ἀπάθειαν,
1174 4142 1266 4195 καὶ
1310 4143 1358 4195 οἱ
1411 4143 1627 4213 αἰσχροὶ
1667 4143 1914 4215 λογισμοὶ

336 4233 525 4286 λοιπὸν
571 4231 872 4303 ὑπόψυχροι
917 4231 1207 4300 γένωνται,
1258 4231 1320 4284 τὸ
1357 4233 1660 4302 τηνικαῦτα
1706 4233 1916 4301 εἰσάγει

2014 3087 2400 3155 progredimur
2430 3087 2652 3156 quidem
2689 3087 2743 3140 in
2773 3087 2998 3151 virtute,
3033 3102 3175 3157 aegre
3205 3102 3490 3143 movemur
3521 3087 3589 3141 ad

2013 3179 2301 3244 malitiam,
2334 3188 2391 3235 et
2427 3181 2556 3234 dum
2593 3181 2645 3234 in
2683 3179 2994 3250 cognitione
3029 3195 3376 3245 renovamur,
3409 3181 3590 3234 varia-

2015 3289 2137 3328 rum
2173 3273 2474 3344 accipimus
2516 3274 2917 3330 multitudinem
2949 3273 3415 3343 speculationum;
3463 3289 3588 3328 rur-

2014 3379 2238 3433 susque,
2269 3365 2399 3417 dum
2431 3364 2496 3416 ad
2525 3363 2830 3417 orationem
2862 3363 3160 3430 elevamur,
3190 3363 3370 3419 lumen
3401 3363 3591 3418 Salva-

2017 3453 2151 3508 toris
2183 3453 2356 3508 nostri
2381 3452 2585 3508 clarius
2619 3451 2996 3520 inspieiemus.

2591 3561 2822 3619 CAPUT
2863 3562 3006 3618 XVI.

2084 3675 2281 3733 Omnia
2319 3676 2539 3747 quidem
2572 3677 2880 3731 daemonum
2918 3675 3180 3732 maleﬁcia
3213 3675 3451 3733 scribere
3481 3693 3590 3732 non

2016 3784 2268 3840 possum,
2315 3769 2671 3839 ipsorumque
2713 3768 2984 3839 malignas
3033 3777 3177 3824 artes
3216 3769 3380 3838 pudet
3427 3767 3591 3823 dinu-

2016 3876 2266 3926 merare,
2316 3862 2524 3916 veritus
2571 3876 2640 3915 ne
2687 3859 3028 3915 olfendantur
3069 3860 3448 3930 simpliciores,
3497 3863 3589 3930 qui

2018 3952 2265 4024 legerint.
2320 3952 2423 4016 At,
2482 3959 2678 4021 praeter
2710 3951 3090 4006 fornicationis
3142 3953 3415 4022 spiritum,
3466 3953 3591 4006 audi

2019 4045 2312 4100 vafritiem.
2368 4043 2600 4111 Quando
2663 4043 2858 4113 aliquis
2909 4043 3226 4112 passionum
3279 4044 3590 4113 acquisierit

2017 4137 2348 4192 vacuitatem
2409 4136 2462 4189 in
2523 4146 2678 4204 parte
2735 4134 3168 4204 eonenpiscibill,
3232 4145 3593 4204 eaeterumque

2019 4239 2204 4298 turpes
2234 4227 2591 4298 cogitationes
2628 4224 2946 4297 subfrigidae
2978 4226 3288 4292 evaserint,
3341 4236 3468 4282 tunc
3510 4228 3592 4282 in-

335 4323 540 4393 ἇνδρας
584 4338 668 4387 τε,
719 4322 813 4375 ttat
860 4322 1124 4389 γυναῖκας
1158 4318 1452 4384 παίζοντας
1485 4320 1604 4389 μετ’
1650 4321 1911 4392 ἀλλήλων,

2020 4321 2258 4376 trodncit
2311 4321 2482 4382 viros,
2537 4329 2700 4389 atque
2752 4319 3008 4374 mulieres
3056 4329 3249 4375 mutuo
3303 4321 3591 4389 ludentes,

338 4416 434 4469 καὶ
465 4413 708 4485 αἰσχρῶν
761 4412 1130 4484 πραγμάτων,
1179 4414 1274 4465 καὶ
1319 4413 1616 4483 σχημάτων
1659 4413 1752 4465 τὸν
1786 4415 1918 4468 ἀναο

338 4507 594 4578 χωρητὴν
625 4505 914 4576 καθίστησι
942 4505 1160 4574 θεατήν.
1209 4503 1347 4556 Ἀλλ’
1373 4499 1530 4568 οὗτος
1552 4507 1579 4558 6
1610 4505 1916 4575 πειρασμὸς

339 4597 440 4650 ούκ
469 4597 585 4650 ἐστι
619 4595 728 4649 τῶν
759 4595 1134 4666 χρονιζόντων·
1172 4596 1453 4666 προσευχὴ
1500 4597 1608 4667 γὰρ
1639 4597 1912 4662 σύντονος,

280 4689 291 4704 ‘
339 4686 436 4740 καῖ⁵
467 4686 643 4739 δίαιτα
683 4686 988 4756 στενωτάτη
1037 4689 1173 4754 μετά
1209 4685 1538 4756 ἀγρυπνίας,
1581 4686 1675 4739 καὶ
1704 4703 1914 4757 γυμνα-

339 4775 465 4838 σίας
506 4776 879 4847 θεωρημάτων
924 4776 1308 4846 πνευματικῶν
1341 4776 1530 4847 ῶσπερ
1565 4777 1723 4846 νέφος
1750 4779 1912 4831 αὑτὸν

338 4868 567 4940 ἄνυδρον
618 4867 926 4921 ἐπελαύνει.
981 4869 1138 4922 Ἔστι
1178 4868 1232 4920 δὲ
1278 4869 1366 4920 ὅτε
1413 4870 1505 4920 καὶ
1542 4867 1650 4921 τῶν
1698 4869 1917 4939 σαρκῶν

339 4959 665 5028 ἐφάπτεται,
722 4959 860 5028 πρὸς
916 4959 1012 5030 τὴν
1063 4960 1258 5028 ἄλογον
1315 4959 1562 5030 πύρωσιν
1609 4959 1780 5022 αύτάς
1821 4961 1916 5012 ὲκ-

341 5049 641 5120 μοχλεύων,
672 5051 765 5103 καὶ
797 5050 928 5105 ἄλλα
960 5052 1015 5104 δέ
1047 5069 1166 5104 τινα
1201 5051 1374 5121 μυρία
1403 5053 1858 5122 προσμηχανᾶται
1889 5051 1918 5102 6

337 5147 699 5216 παμπόνηρος
728 5141 900 5209 οὗτος,
928 5146 1070 5216 άπερ
1094 5147 1192 5199 οὐκ
1215 5146 1512 5214 ἀναγκαῖον
1535 5144 1910 5216 δημοσιεῦσαι,

337 5236 435 5290 καὶ
459 5240 646 5307 γραφῇ
677 5237 1033 5307 παραδοῦναι.
1063 5236 1439 5307 Συμϐάλλεται
1465 5238 1520 5290 δὲ
1551 5237 1756 5308 σφόδρα
1784 5235 1916 5305 πρὸς

335 5327 463 5390 τοὺς
498 5328 793 5399 λογισμοὺς
824 5329 920 5381 κα)⁹
950 5327 1098 5391 ζέσις
1124 5326 1296 5397 θυμοῦ
1331 5326 1472 5381 κατά
1522 5327 1616 5380 τοῦ
1662 5327 1915 5397 δαίμονος

339 5419 642 5490 κινηθεῖσα,
692 5421 860 5489 ὅνπερ
895 5418 1064 5488 θυμὸν
1104 5419 1337 5489 μάλιστα
1381 5418 1617 5472 δέδοικεν
1661 5419 1756 5470 ἐπὶ
1803 5420 1915 5482 τοῖς

339 5509 618 5579 λογισμοῖς
645 5509 1071 5579 ταρασσόμενον,
1106 5511 1198 5560 καὶ
1227 5508 1625 5580 διαφθείροντα,
1657 5508 1818 5562 αὑτοῦ
1851 5508 1917 5562 τὰ

409 5649 457 5679 ’³
491 5645 679 5702 Matth.
707 5646 913 5715 xn,45;
945 5645 1074 5701 Luc.
1123 5662 1194 5710 x1,
1219 5644 1306 5700 26.

2021 4415 2374 4484 turpiumque
2404 4428 2610 4475 rerum,
2643 4427 2707 4467 ac
2739 4422 2992 4481 gestuum
3027 4412 3410 4468 auachoretam
3463 4429 3584 4467 ceu-

2018 4504 2196 4559 stituit
2245 4512 2628 4571 spectatorem.
2690 4500 2797 4556 Sed
2839 4502 2953 4557 haec
3001 4503 3226 4557 tentatio
3264 4517 3369 4556 non
3414 4511 3498 4555 est
3527 4513 3589 4555 ex

2016 4597 2126 4659 his,
2159 4609 2281 4665 quae
2328 4596 2490 4664 longo
2523 4603 2767 4662 tempore
2815 4594 3048 4659 durent;
3097 4593 3307 4647 intensa
3359 4606 3592 4660 namque

2014 4687 2213 4750 oratio,
2253 4684 2710 4751 arctissimusque
2742 4682 2918 4738 vietus
2944 4697 3066 4737 cum
3110 4682 3312 4752 vigilia,
3348 4690 3400 4735 et
3433 4682 3591 4749 spiri-

2022 4775 2250 4828 tualium
2281 4773 2799 4842 contemplationum
2848 4773 3143 4835 exercitio,
3193 4773 3362 4841 ipsam
3408 4773 3589 4840 procul

2022 4863 2253 4933 repellit,
2308 4862 2473 4916 veluti
2524 4862 2723 4917 nubem
2773 4877 2914 4932 aqua
2965 4870 3258 4916 carentem.
3315 4860 3590 4914 Interdum

2021 4969 2152 5009 vero
2194 4954 2426 5017 accidit,
2477 4964 2538 5008 ut
2599 4963 2655 5008 et
2717 4968 2910 5008 carnes
2970 4961 3173 5022 tangat,
3206 4952 3273 5007 ad
3303 4951 3594 5005 irrationa-

2023 5047 2126 5102 lem
2186 5047 2331 5114 ipsas
2392 5062 2726 5115 promovens
2791 5044 3308 5106 inﬂammationem;
3379 5042 3593 5110 aliaque

2021 5140 2189 5193 millia
2221 5139 2497 5208 excogitat
2522 5139 2644 5192 talis
2670 5138 2917 5202 tentatio,
2941 5135 3104 5207 529
3135 5135 3284 5189 omni
3309 5134 3592 5188 abundans

2024 5232 2264 5296 malitia,
2311 5247 2431 5300 quae
2491 5231 2544 5283 in
2599 5229 2870 5299 publicum
2937 5227 3200 5297 proferre,
3266 5226 3593 5295 scriptisque

2024 5323 2238 5377 tradere
2274 5338 2380 5376 non
2415 5332 2496 5377 est
2523 5337 2831 5378 necessum.
2865 5320 3063 5374 Verum
3107 5319 3172 5372 ad
3215 5314 3591 5386 hujuscemodi

2023 5415 2379 5484 cogitationes
2426 5416 2719 5482 plurimum
2771 5412 2932 5466 etiam
2990 5409 3202 5464 confert
3245 5409 3426 5464 fervor
3483 5406 3593 5458 ira-

2024 5509 2231 5563 cundizc
2257 5517 2440 5561 contra
2471 5507 2769 5562 (temonem
2800 5511 3129 5567 commotus,
3153 5515 3316 5571 quam
3339 5497 3604 5568 equidem
