3990 6204
421 243 557 307 1223

1904 236 1967 295 S.
2019 236 2185 297 NILI

3558 246 3705 314 122‘

422 358 650 423 mundo,
681 364 739 412 at
761 370 862 411 nos
889 355 1132 427 ipsorum
1163 368 1274 410 non
1296 351 1621 409 accedamus
1642 351 1883 417 mundis,
1904 366 1982 407 net

2106 351 2258 405 λουσι
2287 348 2500 422 κόσμῳ,
2530 351 2693 421 ἡμεῖς
2719 349 2777 405 δὲ
2800 354 2914 417 τοῖς
2943 352 3121 409 αὐτῶν
3148 354 3376 428 κόσμοις
3407 358 3475 414 οὐκ
3508 379 3700 435 παρα-

420 450 564 504 enim
594 463 886 518 possumus
915 447 1140 519 angelos
1194 444 1371 515 magis
1410 445 1703 516 adiungere
1727 444 1859 509 Deo,
1900 459 2001 499 nec

420 540 698 594 daemones
728 537 942 594 eﬂicere
977 539 1152 609 magis
1203 538 1450 605 impuros
1483 538 1539 591 in
1565 538 1809 592 animum
1843 536 2002 592 indu-

419 629 596 683 cimus
626 645 640 683 :
666 644 887 699 quoque
910 639 1069 700 pacto
1096 627 1342 693 Lucifer,
1375 629 1470 699 qui
1515 642 1676 683 mane
1696 627 1999 695 oriebatur,

417 721 471 775 in
512 729 714 777 terram
765 736 1004 792 praeceps
1032 720 1191 792 533
1243 721 1598 790 dejectussit
1633 721 1706 788 ³³,
1754 730 1810 775 et
1848 736 2002 777 mare

420 813 645 881 quidem
672 815 954 869 existimat
984 815 1063 868 uti
1087 828 1182 869 vas
1218 814 1661 883 unguentarium,
1708 812 1997 868 Tartarum

413 914 596 960 autem
628 898 809 978 abyssi
841 906 1064 975 perinde
1089 915 1255 976 atque
1288 906 1584 975 captivum,
1616 905 1711 961 sed
1739 914 1795 960 et
1823 906 1996 975 ipsam

412 997 674 1068 abyssum
721 999 889 1054 veluti
922 1007 1279 1053 aeramentum
1316 996 1621 1063 fervefacit,
1662 1013 1855 1054 omnes
1896 1014 1997 1055 sua

411 1091 744 1158 perturbans
775 1090 1004 1152 malitia,
1048 1090 1414 1158 omnibusque
1466 1089 1653 1145 volens
1704 1083 1994 1161 imperare.

415 1178 619 1234 Harum
658 1181 859 1249 quippe
908 1196 1092 1234 rerum
1147 1180 1536 1249 contemplatio
1597 1180 1749 1235 valde
1784 1182 1997 1237 sauciat

407 1271 734 1336 daemonem,
758 1287 1088 1341 omnemque
1105 1272 1226 1340 ejus
1253 1271 1405 1341 fugat
1421 1272 1991 1340 castrametationem;

406 1360 504 1415 sed
530 1362 647 1417 haec
674 1362 895 1431 quidem
925 1364 1251 1431 contingunt
1281 1364 1416 1419 solis
1450 1364 1633 1433 quiete
1666 1364 1994 1434 placideque

407 1454 678 1522 purgatis,
732 1461 787 1507 et
840 1454 1238 1522 aliquantulum
1287 1454 1710 1524 dispicientibus
1750 1457 1992 1511 rationes

405 1556 621 1604 eorum,
652 1557 778 1611 quae
806 1541 949 1597 facta
980 1552 1128 1597 sunt.
1167 1542 1457 1612 Atimpuri
1489 1545 1738 1598 nesciunt
1761 1544 1988 1599 istarum

406 1646 592 1686 rerum
625 1632 1042 1701 dispectionem,
1078 1650 1180 1688 nec
1224 1636 1472 1697 audiunt,
1528 1636 1599 1691 ab
1627 1636 1753 1692 aliis
1784 1638 1987 1703 edocti,

404 1723 452 1778 si
485 1722 563 1776 illi
611 1723 974 1791 demulceant,
1020 1737 1075 1780 et
1104 1726 1427 1792 incantent;
1468 1742 1594 1781 cum
1630 1726 1757 1782 belli
1791 1726 2007 1782 multus

403 1815 677 1870 excitatus
729 1817 951 1887 pulvis,
1002 1816 1273 1873 multusve
1320 1818 1585 1874 tumultus
1646 1818 1720 1873 sit
1770 1825 1993 1888 propter

402 1910 688 1978 passiones
713 1909 1008 1965 conﬂatus.
1062 1907 1290 1979 Oportet
1313 1910 1459 1966 enim
1483 1910 1731 1977 omnino,
1784 1917 1991 1966 castra-

402 2001 791 2056 luctationem'
826 2000 1261 2072 alienigenarum
1330 2002 1610 2072 paululum
1684 2003 1990 2073 quiescere,

402 2101 463 2145 ut
525 2092 678 2148 solus
740 2092 959 2148 Goliath
1028 2095 1224 2149 obvius
1285 2104 1375 2150 eat
1449 2103 1640 2150 nostro
1691 2094 1861 2151 David
1921 2093 1987 2150 “.

403 2184 666 2239 Similiter
690 2185 743 2239 in
783 2186 1040 2241 omnibus
1085 2186 1318 2256 impuris
1358 2187 1783 2256 cogitationibus
1823 2187 1991 2243 haece

402 2275 689 2341 divisione,
725 2278 938 2348 istaque
961 2278 1084 2333 belli
1113 2279 1293 2349 specie
1322 2287 1562 2333 utamur.

994 2392 1230 2450 CAPUT
1263 2392 1406 2447 XXI.

470 2505 537 2560 Et
561 2506 780 2575 quidem
806 2506 975 2576 aliqui
999 2507 1334 2576 impnrornm
1365 2506 1678 2562 daemonum
1709 2506 1985 2562 hominem

403 2606 741 2668 pertentant,
790 2606 849 2652 ut
880 2599 1193 2665 hominem;
1228 2600 1394 2669 aliqui
1428 2614 1559 2654 vero
1599 2599 1900 2663 hominem,
1928 2608 1986 2655 ut

399 2688 601 2742 animal
625 2689 941 2745 irrationale
964 2690 1285 2761 perturbant
1310 2708 1327 2757 ;
1353 2698 1409 2746 et
1444 2689 1604 2761 primi
1634 2690 1857 2762 quidem
1888 2705 1986 2746 ac—

397 2777 677 2843 cedentes,
713 2786 807 2832 aut
831 2793 981 2833 vana:
1010 2779 1220 2847 gloriae,
1243 2788 1339 2833 aut
1385 2767 1677 2849 superbiae,
1708 2789 1803 2835 aut
1844 2780 1987 2835 invi-

397 2866 521 2931 diae,
558 2876 653 2921 aut
676 2868 1072 2923 criminationis
1102 2870 1257 2925 nobis
1298 2869 1550 2938 injiciunt
1575 2872 1830 2940 cogitata,
1863 2887 1985 2941 quae

396 2958 609 3013 nullum
634 2959 1098 3015 irrationabilium
1123 2969 1391 3032 tangunt;
1422 2961 1649 3017 secundi
1673 2974 1856 3018 autem
1885 2978 1984 3033 ap-

2105 440 2395 513 ϐάλλομεν
2432 438 2559 493 οὔτε
2597 440 2707 511 γάρ
2738 441 3004 510 ἀγγέλους
3028 443 3149 515 Θεῷ
3190 448 3486 505 συνάπτειν
3534 454 3702 508 πλέον

2100 532 2402 603 δυνάμεθα,
2460 531 2588 586 οὕτε
2614 532 2877 600 δαίμονας
2909 535 3256 610 ἀκαθάρτους
3284 541 3489 612 μᾶλλον
3517 552 3702 603 ποιεῖν

2101 623 2539 695 προαιρούμεθα.
2565 624 2677 679 Καὶ
2700 623 2815 687 πῶς
2837 626 2865 677 ὁ
2899 625 3210 699 Ἐωσφόρος
3239 634 3267 684 ό
3288 632 3434 703 πρωῒ
3464 636 3699 691 ἀνατί)-

2100 712 2208 768 λων
2272 716 2354 779 είς
2404 716 2505 787 τὴν
2558 715 2660 786 γῆν
2715 718 3050 788 κατερῤίφη,
3092 722 3188 781 καὶ
3235 723 3437 795 ἥγηται
3463 729 3563 798 μὲν
3594 733 3699 802 τὴν

2101 807 2378 862 θάλασσαν
2398 808 2473 874 ὡς
2496 809 2868 880 ὲξάλειπτρον,
2894 810 2988 865 τὸν
3015 812 3072 865 δὲ
3097 815 3382 887 Τάρταρον
3398 820 3497 890 τῆς
3519 823 3699 878 ἀδύτ-

2100 915 2195 953 σου
2254 899 2446 970 ῶσπερ
2503 900 2872 969 αἰχμάλωτον,
2954 903 3146 968 ἀναζεί
3209 909 3267 961 δὲ
3306 910 3405 981 τὴν
3450 914 3695 970 ἄϐυσσον

2098 988 2287 1059 ῶσπερ
2333 990 2580 1061 χαλκίον,
2631 993 2840 1057 πάντας
2870 995 3230 1067 ἐκταράσσων
3249 1000 3341 1053 διὰ
3368 1003 3467 1074 τῆς
3489 1007 3696 1072 κακίας

2096 1079 2286 1146 αὑτοῦ,
2317 1082 2411 1135 καὶ
2442 1082 2664 1137 πάντων
2699 1084 2891 1155 άρχειν
2918 1087 3242 1159 βουλόμενος
3267 1110 3282 1158 ;
3334 1096 3554 1151 Τούτων
3582 1103 3694 1172 γάρ

2096 1172 2206 1225 τῶν
2247 1175 2589 1244 πραγμάτων
2620 1177 2653 1246 ἡ
2700 1175 2906 1247 θεωρία
2941 1180 3082 1233 πάνυ
3121 1185 3418 1254 τιτρώσκει
3449 1189 3540 1243 τὸν
3571 1193 3693 1247 δαί-

2099 1281 2258 1335 μονα,
2313 1267 2409 1319 καὶ
2454 1268 2635 1320 πᾶσαν
2671 1256 2835 1322 αὑτοῦ
2860 1271 2962 1342 τὴν
2985 1276 3338 1348 παρεμϐολὴν
3371 1284 3689 1351 φυγαδεύει.

2108 1355 2269 1409 ’Δλλά
2308 1355 2481 1410 ταῦτα
2534 1361 2633 1427 μὲν
2682 1359 2791 1412 τῶν
2813 1360 2999 1433 ἠρέμα
3032 1365 3465 1438 κεκαθαρμένων
3505 1374 3690 1443 μόνων

2095 1445 2423 1517 συμϐαίνει,
2475 1450 2569 1501 καὶ
2638 1448 2967 1519 βλεπόντων,
3044 1458 3227 1523 ποσῶς
3296 1463 3425 1525 τοὺς
3490 1465 3690 1533 λόγους

2070 1538 2202 1592 τῶν
2228 1541 2551 1609 γεγονότων.
2604 1544 2665 1597 Oi
2711 1544 2770 1597 δὲ
2793 1545 3099 1618 ἀκάθαρτοι
3144 1552 3246 1621 τὴν
3298 1552 3533 1623 θεωρίαν
3559 1562 3692 1615 τού-

2092 1648 2203 1685 των
2226 1632 2327 1686 οὐκ
2368 1633 2569 1700 ἴσασιν,
2603 1636 2724 1690 οὐδὲ
2754 1639 2804 1690 εί
2844 1639 3111 1708 μαθόντες
3156 1645 3286 1714 παρ’
3315 1647 3520 1721 ἑτέρων
3553 1671 3688 1707 κατ-

2094 1725 2347 1796 ιπᾴδοιεν
2371 1727 2821 1799 ἀκουσθήσονται,
2848 1731 3379 1807 πολλούκονιορτού,
3406 1743 3502 1794 καὶ
3529 1743 3690 1816 θορύ-

2094 1816 2193 1870 ϐου
2245 1816 2337 1871 διά
2376 1816 2447 1871 τά
2500 1818 2648 1888 πάθη
2707 1823 3101 1893 συνισταμένου
3131 1826 3273 1880 κατά
3295 1830 3387 1882 τὸν
3422 1832 3681 1904 πόλεμον.

2092 1908 2187 1959 Δεῖ
2227 1907 2337 1977 γὰρ
2360 1908 2605 1982 ’πάντως
2652 1909 2751 1982 τὴν
2805 1913 3157 1986 παρεμϐολὴν
3210 1919 3318 1973 τῶν
3370 1922 3693 1994 ἀλλοφύλων

2095 1999 2295 2072 μικρὸν
2329 2003 2633 2072 ἠρεμῆσαι.
2686 2004 2772 2058 ινα
2808 2007 2970 2076 μόνον
2996 2011 3025 2062 ὁ
3062 2009 3255 2065 Γολιάθ
3287 2015 3577 2091 ἀπαντήσῃ
3605 2022 3684 2091 τῷ

2091 2091 2350 2162 ἡμετέρῳ
2389 2092 2574 2148 Δαϐίδ.
2617 2093 2898 2160 Ὡσαύτως
2934 2096 2993 2150 δὲ
3032 2101 3128 2153 καὶ
3156 2104 3223 2172 τῇ
3254 2103 3536 2175 διαιρέσει,
3588 2112 3683 2165 καὶ

2090 2181 2167 2251 τῷ
2222 2183 2353 2236 εῖδει
2410 2184 2587 2254 τούτῳ
2642 2186 2739 2239 τοῦ
2800 2188 3040 2259 πολέμου
3095 2193 3431 2265 χρησώμεθα
3464 2203 3556 2254 καὶ
3584 2204 3679 2257 ἐπὶ

2092 2273 2313 2326 πάντων
2339 2272 2666 2344 ἀκαθάρτων
2688 2274 2986 2345 λογισμῶν.

2666 2384 2917 2442 ΚΕΦΑΛ.
2955 2388 3084 2444 KA'.

2161 2489 2282 2578 Τῶν
2302 2492 2626 2564 ἀκαθάρτων
2644 2495 2940 2563 δαιμόνων,
2953 2501 3001 2553 οί
3033 2502 3134 2570 μὲν
3150 2505 3241 2557 τὸν
3260 2505 3358 2559 ἀνθ
3367 2524 3564 2578 ρωπον,
3601 2511 3680 2575 ὡς

2090 2576 2187 2632 άνθ
2198 2595 2380 2650 ρωπον
2404 2580 2847 2652 ὲκπειράζουσιν,
2865 2586 2916 2639 oi
2931 2586 2985 2639 δὲ
3005 2588 3097 2641 τὸν
3122 2576 3426 2662 ἄνθρωπον,
3444 2596 3518 2659 ὡς
3538 2597 3681 2660 ζῶον

2089 2671 2279 2741 ἄλογον
2291 2673 2805 2744 ἐκταράσσουσι,καὶ
2819 2680 2868 2731 οι
2884 2679 2984 2749 μὲν
2996 2682 3201 2751 πρῶτοι
3218 2701 3295 2738 πα
3302 2687 3680 2758 ραϐάλλοντες,

2088 2763 2450 2836 κενοδοξίας,ἢ
2468 2766 2906 2842 ύπερηφανίας,ἢ
2930 2771 3184 2844 φθόνου,ῆ
3200 2793 3431 2847 κατηγοι
3445 2778 3527 2841 ίας
3542 2783 3680 2851 ἡμῖν

2088 2853 2418 2924 ἐμϐάλλουσι
2440 2858 2711 2927 νοήματα,
2745 2859 2849 2912 ἀπε
2860 2877 2890 2930 ρ
2919 2861 3129 2926 οὐδενὸς
3158 2864 3387 2920 ἅπτεται
3411 2869 3522 2921 τῶν
3554 2870 3683 2925 ἁλός

2087 2964 2200 3015 γων
2224 2961 2236 2974 ·
2271 2949 2321 3001 ol
2366 2948 2420 3001 δὲ
2451 2948 2719 3021 δεύτεροι,
2772 2953 3249 3022 προσεγγίζοντες,
3277 2956 3466 3027 θυμὸν,
3497 2961 3679 3031 ium-

394 3048 770 3119 proximantes
791 3056 1011 3103 movent
1030 3049 1189 3114 iram,
1214 3057 1310 3103 aut
1328 3050 1830 3119 concupiscentiam
1852 3066 1982 3122 pne-

2089 3038 2292 3108 θυμίαν
2345 3040 2499 3110 παρὰ
2547 3043 2712 3112 φύσιν
2742 3042 2975 3098 κινοῦσι.
3047 3045 3233 3101 Ταῦτα
3280 3049 3391 3119 γάρ
3430 3053 3498 3105 τά
3528 3051 3675 3125 πάθη

396 3148 481 3194 ter
512 3147 785 3194 naturam.
834 3136 930 3193 Hae
974 3139 1176 3209 quippe
1214 3138 1494 3207 passiones
1527 3154 1847 3196 communes
1883 3156 1983 3196 no-

396 3233 482 3295 nis
510 3243 564 3288 et
596 3234 1006 3288 irrationalibus
1034 3234 1407 3289 animantibus
1433 3235 1728 3299 exsistunt,
1754 3235 1859 3290 sub
1891 3250 1981 3290 ra-

396 3325 584 3380 tionali
614 3335 810 3380 natura
841 3325 1102 3389 latentes,
1127 3324 1306 3397 534,
1335 3324 1459 3380 ideo
1486 3324 1720 3395 Spiritus
1757 3335 1980 3383 sanctus

393 3417 462 3472 ad
501 3415 807 3470 incidentes
837 3414 1060 3484 quidem
1110 3417 1164 3468 in
1196 3415 1470 3471 humanas
1511 3417 1867 3486 cogitationes
1891 3416 1978 3473 di-

394 3509 508 3565 cit:
538 3528 558 3561 ι
600 3507 712 3577 Ego
749 3507 858 3562 dixi
889 3525 903 3561 :
936 3505 1017 3560 Dii
1053 3505 1210 3570 estis,
1247 3517 1303 3562 et
1333 3506 1429 3561 lilii
1451 3506 1720 3562 Altissimi
1751 3524 1973 3577 omnes;

391 3615 492 3656 vos
523 3608 707 3654 autem
741 3598 883 3654 sicut
932 3598 1187 3653 homines
1214 3599 1546 3663 moriemini,
1574 3610 1627 3655 et
1656 3600 1802 3655 sicut
1836 3617 1977 3658 unus

391 3692 460 3747 de
486 3688 826 3761 principibus
857 3689 1065 3746 cadetis
1090 3689 1157 3743 ".
1200 3708 1220 3741 ι
1269 3689 1349 3743 Ad
1380 3704 1476 3746 eos
1518 3699 1722 3757 autem,
1766 3691 1859 3760 qui
1898 3692 1975 3746 ir-

391 3780 736 3836 rationaliter
763 3788 1072 3845 moventur,
1105 3780 1236 3849 quid
1277 3780 1398 3836 ait?
1436 3800 1456 3834 ι
1485 3779 1661 3837 Nolite
1685 3784 1799 3838 lteri
1834 3784 1977 3840 sicut

394 3887 572 3943 equus
615 3880 670 3925 et
692 3871 897 3936 mulus,
925 3872 1126 3941 quibus
1154 3887 1264 3927 non
1301 3880 1385 3929 est
1425 3872 1750 3929 intellectus.
1786 3874 1844 3929 ln
1871 3891 1975 3943 ,ca-

389 3981 519 4031 mo,
558 3975 613 4019 et
652 3963 810 4019 freno
838 3963 1091 4023 maxillas
1130 3978 1323 4019 eorum
1365 3964 1698 4034 constringe,
1738 3965 1830 4034 qui
1863 3982 1974 4021 non

388 4055 774 4126 approximant
792 4054 860 4110 ad
886 4061 937 4109 te
962 4054 1028 4108 ³⁸.
1054 4073 1073 4106 ι
1098 4056 1294 4110 Anima
1324 4069 1474 4118 vero,
1499 4071 1620 4125 quae
1647 4057 1969 4125 peccaverit,

389 4147 511 4214 ipsa
546 4145 831 4207 morietur.
874 4143 1223 4200 Manifestum
1246 4152 1352 4209 est,
1383 4144 1531 4214 quod
1562 4143 1810 4200 homines
1831 4144 1974 4202 sicut

389 4238 645 4292 homines
687 4237 1003 4303 morientes,
1039 4237 1109 4308 ab
1142 4237 1458 4293 hominibus
1506 4236 1874 4307 sepelieotur,
1917 4248 1972 4294 at

387 4325 505 4395 qui,
548 4334 609 4379 ut
632 4325 978 4380 irrationales
1014 4336 1194 4380 morte
1223 4326 1552 4389 alliciuntur,
1588 4326 1706 4382 sive
1736 4327 1964 4393 cadunt,

387 4433 420 4472 a
449 4416 760 4473 vulturibus
779 4426 834 4472 et
857 4415 1039 4472 corvis
1066 4416 1494 4483 devorabuntur,
1525 4433 1557 4472 e
1584 4433 1822 4487 quorum
1849 4420 1970 4490 pul-

385 4507 475 4575 lis,
509 4507 562 4561 lii
585 4506 806 4577 quidem
837 4505 1095 4562 invocant
1136 4505 1451 4572 Dominum,
1480 4506 1575 4562 alii
1602 4522 1733 4562 vero
1759 4506 1972 4563 foedan-

384 4608 477 4655 tur
509 4596 567 4652 in
589 4597 972 4669 sanguinibus.
1021 4595 1124 4663 Qui
1158 4597 1325 4654 habet
1358 4612 1521 4655 aures
1564 4597 1839 4664 audiendi,
1871 4614 1970 4655 au-

385 4692 521 4748 dial.

951 4805 1187 4863 CAPUT
1226 4805 1390 4863 XXII.

453 4922 684 4992 Quando
708 4922 937 4995 impura:
971 4924 1219 4994 quaedam
1266 4923 1625 4996 cogitationes
1654 4924 1811 4982 ocius
1849 4925 1969 4981 lue-

383 5014 497 5072 rint
527 5015 797 5087 eﬁ‘ugatae,
841 5015 1183 5086 inquiramus
1226 5031 1474 5082 causam,
1514 5016 1659 5071 unde
1700 5015 1754 5071 id
1798 5016 1969 5072 conti-

384 5107 525 5180 gerit
553 5127 567 5163 :
593 5117 779 5164 utrum
812 5119 1036 5178 propter
1064 5108 1141 5163 rei
1171 5108 1481 5177 penuriam,
1520 5121 1587 5161 eo
1616 5105 1761 5177 quod
1795 5117 1969 5165 mate-

383 5203 497 5257 ries
524 5215 665 5271 aegre
692 5201 764 5255 sit
786 5201 1076 5271 parabilis;
1118 5209 1213 5252 aut
1262 5209 1488 5269 propter
1526 5214 1668 5266 eam,
1721 5215 1842 5269 qua:
1865 5214 1964 5255 no.

383 5293 472 5349 bis
494 5293 651 5359 inest,
686 5292 1003 5363 passionum
1030 5293 1383 5357 vacuitatem,
1424 5292 1962 5362 non‘praavaluerunt

386 5384 650 5440 adversus
681 5399 783 5439 nos
807 5384 1057 5440 inimici?
1088 5384 1335 5453 Exempli
1372 5399 1575 5440 causa:
1600 5382 1657 5439 Si
1683 5384 1807 5454 quis
1836 5399 1961 5439 ana-

334 5520 337 5521 γ
386 5476 753 5544 choretarum,
803 5486 1062 5547 suggestu
1091 5476 1377 5541 daemonis,
1422 5476 1739 5532 recordatus
1769 5475 1954 5543 fuerit,

2086 3130 2242 3184 κοινά
2279 3132 2455 3199 ἡμῶν,
2481 3134 2574 3186 καὶ
2600 3133 2707 3186 τῶν
2729 3134 2939 3203 ἀλόγων
2972 3135 3127 3201 ζώων
3153 3141 3535 3210 τυγχάνουσιν,
3566 3147 3673 3199 ὑπὸ

2084 3221 2182 3291 τῆς
2233 3220 2454 3291 λογικῆς
2510 3224 2896 3296 καλυπτόμενα
2955 3227 3188 3296 φύσεως.
3242 3232 3335 3286 Διὸ
3379 3234 3530 3302 λέγει
3581 3238 3677 3290 καὶ

2081 3308 2144 3363 τὸ
2171 3312 2395 3384 Πνεῦμα
2416 3313 2478 3367 τὸ
2500 3315 2676 3383 ἅγιον,
2709 3318 2846 3387 πρὸς
2875 3319 2973 3388 μὲν
3000 3322 3483 3393 τοῐςάνθρωπίνοις
3521 3343 3677 3399 περι-

2083 3401 2382 3467 πίπτοντας
2409 3403 2708 3476 λογισμοῖς,
2743 3427 2762 3458 (
2787 3407 2928 3476 Ἐγὼ
2956 3404 3107 3463 εῑπω
3131 3411 3255 3464 Θεοί
3283 3414 3426 3480 ὲστε,
3447 3418 3545 3467 καὶ
3569 3419 3675 3470 υἱοὶ

2091 3492 2349 3562 Ὑψίστου
2366 3496 2564 3559 πάντες
2584 3510 2599 3526 °
2625 3497 2779 3568 ὑμεῖς
2793 3499 2851 3553 δὲ
2865 3500 2941 3564 ὡς
2965 3499 3241 3571 ἄνθρωποι
3269 3504 3666 3576 άποθνήσκετε,

2079 3586 2175 3639 καὶ
2224 3586 2301 3648 ὼς
2346 3581 2428 3650 εἷς
2479 3588 2587 3642 τῶν
2627 3589 2907 3659 ἀρχόντων
2930 3592 3224 3646 «(manu
3268 3589 3413 3665 Πρὸς
3451 3597 3510 3650 δὲ
3545 3601 3670 3663 τοὺς

2079 3677 2428 3747 κινουμένους
2452 3678 2683 3747 ἀλόγως,
2699 3681 2752 3734 τί
2786 3698 2953 3753 φησι;
2984 3700 3003 3733 ι
3028 3683 3120 3754 Μὴ
3145 3684 3358 3751 γίνεσθε
3376 3683 3452 3751 ὡς
3481 3687 3668 3752 ἵππος,

2078 3770 2173 3822 καὶ
2203 3769 2447 3839 ἡμίονος,
2491 3766 2574 3835 οἷς
2609 3773 2710 3826 οὐκ
2750 3773 2866 3827 ἔστι
2894 3774 3106 3837 σύνεσις
3126 3816 3142 3841 ,
3169 3777 3227 3828 ὲν
3254 3776 3420 3849 κημῷ
3448 3781 3542 3832 καὶ
3566 3799 3669 3849 χα-

2076 3858 2204 3928 λινῷ
2236 3861 2333 3923 τάς
2367 3862 2621 3929 σιαγόνας
2647 3864 2827 3918 αὐτῶν
2868 3864 3049 3934 ἀγξαι,
3077 3866 3185 3919 τῶν
3230 3870 3305 3939 μὴ
3337 3870 3668 3938 ἐγγιζόντων

2075 3950 2212 4021 πρὸς
2246 3951 2325 4007 σέ.
2355 3971 2373 4003 ι
2449 3953 2512 4005 Ἠ
2557 3955 2614 4008 δὲ
2655 3954 2801 4027 ψυχὴ
2829 3959 2863 4026 ὴ
2908 3958 3313 4029 ἁμαρτάνουσα,
3348 3961 3488 4031 αὕτη
3528 3962 3669 4015 ἀπο-

2076 4037 2339 4095 θανεῖται.
2402 4042 2695 4114 Πρόδηλον,
2716 4046 2798 4099 ὄτι
2822 4047 2871 4098 oi
2902 4047 3002 4112 μὲν
3027 4048 3301 4118 ἄνθρωποι
3339 4051 3413 4114 ὡς
3454 4052 3671 4122 ἀνθρω-

2075 4148 2164 4185 ποι
2207 4132 2676 4204 ἀποθνήσκοντες,
2730 4137 2834 4190 ὑπὸ
2879 4139 3182 4210 ἀνθρώπων
3220 4142 3574 4211 ταφήσονται,
3614 4145 3666 4195 οἱ

2072 4219 2130 4274 δὲ
2167 4221 2242 4285 ὡς
2297 4221 2482 4291 άλογοι
2538 4224 2962 4296 θανατούμενοι,
3018 4228 3137 4300 ἦτοι
3178 4229 3499 4294 πίπτοντες,
3557 4232 3669 4284 ὑπὸ

2073 4312 2285 4381 γυπῶν,
2333 4314 2368 4384 ἢ
2413 4314 2662 4385 κοράκων
2710 4316 3103 4389 βρωθήσονται,
3147 4313 3223 4374 ὧν
3255 4323 3303 4373 oi
3351 4324 3585 4385 νεοσσοὶ,
3614 4325 3664 4376 οἱ

1998 4381 2050 4441 D
2078 4406 2177 4475 μὲν
2233 4381 2614 4460 ἐπικαλούνται
2650 4381 2758 4461 τὸν.
2800 4381 3028 4480 Κύριον,
3086 4381 3135 4464 οι
3178 4411 3235 4464 δὲ
3304 4381 3665 4485 φύρονται-ὲν

2074 4498 2323 4577 αἴμασιν.
2379 4500 2436 4553 Ὀ
2457 4499 2594 4570 ἔχων
2620 4495 2734 4554 ὦτα
2759 4502 3000 4567 ἀκούειν,
3030 4503 3291 4558 ἀκουέτω.

2673 4812 2924 4866 ΚΕΦΔΔ.
2954 4813 3081 4866 KB’.

2149 4919 2316 4973 Ὅταν
2384 4919 2526 4984 τινὲς
2573 4919 2682 4976 τῶν
2731 4921 3060 4994 ἀκαθάρτων
3123 4923 3401 4995 λογισμῶν
3447 4925 3662 4997 ταχέως

2074 5010 2515 5081 φυγαδευθῶσιν,
2580 5012 2907 5085 ζητήσωμεν
2940 5016 3039 5085 τὴν
3077 5017 3257 5070 αίτίαν
3299 5015 3466 5070 πόθεν
3502 5016 3663 5070 τοῦτο

2075 5102 2389 5174 συμϐέϐηκε
2415 5121 2429 5135 ο
2468 5105 2696 5177 πότερον
2730 5107 2818 5160 διά
2849 5107 2946 5178 τὴν
2974 5107 3279 5162 σπάνιντοῦ
3311 5110 3661 5179 πράγματος,

2072 5193 2166 5247 τοῦ
2187 5195 2542 5267 δυσπόριστον
2571 5192 2713 5250 εἶναι
2735 5198 2832 5270 τὴν
2857 5197 3009 5271 ὕλην,
3039 5200 3071 5269 ἢ
3102 5198 3190 5252 διὰ
3222 5198 3319 5270 τὴν
3350 5198 3663 5269 προσοῦσαν

2073 5288 2207 5357 ἡμῖν
2260 5290 2528 5343 ἀπάθειαν
2566 5291 2677 5342 οὐκ,
2703 5290 2928 5361 ἴσχυσαν
2967 5293 3090 5345 καθ’
3158 5292 3313 5361 ἡμῶν
3349 5293 3397 5344 ol
3442 5291 3660 5360 ἐχθροίς

2068 5378 2217 5450 Οἷον,
2257 5385 2310 5437 ετ
2336 5401 2421 5448 τις
2439 5382 2548 5437 τῶν
2585 5385 3010 5455 ἀναχωρούντων
3037 5384 3364 5455 ἐνθυμηθείη
3408 5384 3511 5436 ὑπὸ
3544 5382 3664 5435 δαί-

2067 5494 2248 5548 μονος,
2277 5478 2375 5549 τῆς
2399 5475 2622 5549 πρώτης
2665 5477 2870 5541 πόλεως
2911 5478 3284 5550 πνευματικὴν
3328 5475 3661 5546 κυϐέρνησιν

459 5651 507 5683 ³³
540 5650 643 5705 lsa.
670 5666 781 5720 xw,
814 5652 902 5707 12.
980 5653 1025 5686 "
1059 5653 1081 5708 ι
1130 5654 1266 5725 Reg.
1301 5670 1437 5721 xvn,
1475 5653 1566 5711 48.
1647 5654 1691 5687 ³⁵
1719 5652 1868 5711 Psal.
1899 5667 2085 5720 um,
2110 5651 2169 5722 6,
2194 5652 2247 5708 7.
2325 5653 2371 5687 “
2408 5652 2554 5711 Psal.
2593 5669 2745 5721 xm,
2774 5655 2825 5712 9.
