3990 6204
363 293 494 357 I235

1371 293 1467 351 DE
1534 290 1904 350 MALIGN‘IS
1930 291 2585 351 COGITATIONIBUS.

3465 290 3597 355 1226

354 410 741 478 πιστευθῆναι,
782 401 934 468 οὗτος
973 406 1159 475 δῆλον,
1202 407 1284 458 ὅτι
1321 406 1380 457 ού
1417 405 1767 475 χρονίσειτὺν
1793 406 1937 473 λογι-

2061 406 2179 474 luod
2207 405 2391 474 prima
2409 405 2557 458 urbis
2571 403 2672 459 sibi
2687 403 2995 459 concredita
3014 403 3168 457 fuerit
3189 404 3485 472 spiritualis
3503 421 3604 475 gu-

358 502 492 570 σμὺν
520 499 707 552 τοῦτον
739 496 1160 566 φανταζόμενος,
1196 498 1286 548 καὶ
1317 499 1348 565 ἡ
1379 498 1524 548 αἰτία
1552 499 1615 549 ὲκ
1644 497 1751 549 τῶν
1785 497 1938 565 λεγο-

361 590 534 658 μένων
562 587 770 656 γίνεται
807 585 1080 654 γνώριμος
1103 599 1118 613 ·
1169 587 1215 636 εξ
1237 584 1292 636 δέ
1327 602 1410 646 τις
1435 583 1662 647 πόλεως,
1709 587 1799 637 καὶ
1839 585 1936 654 τῆς

355 681 625 748 τυχούσης
665 677 890 744 γίνεται,
933 677 1026 728 καί
1067 675 1264 744 ὁμοίως
1304 673 1599 741 λογίζεται,
1637 671 1789 738 οὗτος
1837 694 1933 744 μα-

359 770 552 839 κάριος
575 772 674 838 τῆς
704 767 971 828 ἀπαθείας
1001 767 1165 820 ἐστίν.
1215 767 1451 835 Ὁμοίως
1485 769 1542 820 δὲ
1587 768 1680 821 καὶ
1715 769 1804 821 ἐπὶ
1832 769 1938 821 τῶν

359 863 536 915 ἄλλων
562 861 839 931 λογισμῶν
869 860 1220 930 εὑρεθήσεται
1270 861 1299 911 ὁ
1335 860 1572 925 τοιοῦτος
1606 862 1806 932 τρόπος
1851 861 1938 924 ἐξ·

357 952 705 1019 εταζόμενος.
764 950 951 1003 Ταῦτα
994 950 1050 1002 δὲ
1083 952 1378 1017 ἀναγκαῖον
1428 951 1626 1004 εἰδέναι
1669 952 1805 1021 πρὸς
1843 952 1940 1021 τήν

362 1040 640 1107 ἡμετέραν
696 1037 1035 1107 προθυμίαν,
1100 1038 1194 1089 καὶ
1242 1037 1506 1107 δύναμιν,
1554 1039 1641 1090 ἴνα
1689 1038 1937 1107 εῖδωμεν,

364 1128 638 1200 πότερονῆ
662 1127 754 1180 τὸν
778 1127 1048 1196 Ἰορδάνην
1067 1127 1440 1198 παρήλθομεν,
1469 1129 1560 1181 καὶ
1577 1128 1744 1196 ἐγγύς
1776 1131 1941 1198 ἐσμεν

364 1215 462 1283 τῆς
497 1214 705 1272 πόλεως
754 1213 861 1265 τῶν
899 1212 1182 1278 Φοινίκων,
1216 1213 1247 1283 ἢ
1289 1215 1370 1265 ἔτι
1405 1215 1462 1268 ἐν
1506 1218 1572 1285 τῇ
1621 1217 1813 1286 ἐρήμῳ
1861 1217 1941 1268 δι-

367 1306 593 1374 άγομεν,
627 1306 722 1356 καὶ
765 1305 869 1358 ὑπὸ
905 1304 1013 1356 τῶν
1062 1305 1374 1374 ἀλλοφύλων
1411 1307 1744 1375 τυπτόμεθα.
1797 1307 1942 1360 Πάνυ

366 1395 474 1463 γὰρ
500 1394 742 1456 ποικίλος
773 1411 863 1462 μοι
881 1393 1126 1461 φαίνεται
1155 1395 1254 1464 τῆς
1278 1394 1638 1464 φιλαργυρίας
1661 1396 1688 1447 ὁ
1713 1396 1941 1465 δαίμων,

369 1489 464 1540 καὶ
502 1486 635 1558 πρὸς
659 1488 872 1556 ἀπάτην
903 1487 1226 1556 εὐμήχανος,
1270 1486 1330 1549 ὃς
1362 1487 1619 1550 πολλάκις
1661 1489 1945 1549 στενωθεὶς

371 1578 476 1632 ὑπὸ
505 1579 602 1647 τῆς
637 1579 812 1646 ἄκρας
857 1579 1156 1646 άποταγῆς,
1192 1577 1282 1630 τὸν
1313 1578 1594 1647 οἰκονόμον
1639 1577 1820 1642 εὐθὺς,
1854 1577 1947 1629 καὶ

371 1670 711 1738 φιλόπτωχον
739 1669 1110 1740 ὑποκρίνεται,
1138 1669 1381 1731 καὶτοὺς
1411 1670 1636 1738 μηδέπω
1675 1670 1948 1739 παρρντας

2040 498 2301 557 bet-natio,
2344 495 2692 549 manilestum
2717 507 2818 558 est,
2844 496 2987 564 quod
3014 495 3059 548 is
3091 510 3197 548 non
3228 495 3605 549 imtnorabitur

2041 590 2196 642 istam
2218 589 2597 656 cogitationem
2616 588 3009 657 contemplans,
3027 597 3080 641 et
3095 602 3259 640 causa
3277 603 3338 641 ex
3359 589 3464 650 his,
3487 606 3607 658 quae

2039 680 2312 742 dicuntur,
2340 681 2553 747 cognita
2584 678 2720 733 fuit:
2755 677 2808 731 Si
2847 679 2972 748 quis
3004 690 3180 732 autem
3200 681 3341 748 quod
3362 680 3430 735 sit
3457 682 3608 734 urbis

2038 779 2091 823 et
2119 770 2534 839 qualiscunque,
2575 786 2638 823 ac
2682 771 2935 824 similiter
2966 772 3186 839 cogitet,
3221 772 3265 825 is
3297 773 3488 826 beatus
3525 780 3610 824 cst

2040 861 2107 913 ob
2133 861 2444 930 passionum
2478 861 2776 914 carentium
2805 879 2819 914 :
2845 860 2924 913 sic
2954 861 3114 913 etiam
3150 862 3354 929 pariter
3400 865 3452 916 in
3487 865 3608 919 aliis

2043 951 2467 1020 cogitationibus
2493 951 2869 1018 hujuscemodi
2910 952 3124 1014 modus,
3170 954 3214 1006 si
3249 954 3609 1016 examinetur,

2041 1044 2424 1112 comperietur.
2459 1043 2583 1096 liter:
2627 1052 2805 1097 autem
2849 1047 3217 1100 necessarium
3247 1056 3328 1100 est
3371 1049 3509 1100 scire
3547 1050 3612 1102 ad

2045 1146 2287 1189 nostram
2355 1133 2514 1204 535
2562 1137 2728 1188 animi
2782 1136 3156 1202 alacritatem;
3209 1154 3271 1193 ac
3329 1141 3512 1203 robur,
3559 1151 3620 1194 ut

2043 1241 2354 1288 noscamus,
2403 1237 2604 1289 utrtnn,
2662 1237 2756 1280 aut
2800 1227 3087 1282 Iordanem
3143 1232 3614 1298 pertransivimus,

2046 1317 2331 1385 simusque
2375 1332 2542 1385 prope
2589 1317 2906 1370 Pho‘nicum
2955 1321 3173 1383 urbem,
3212 1329 3301 1372 ant
3349 1320 3526 1374 adhuc
3562 1323 3617 1374 in

2047 1407 2343 1461 solitudine
2395 1409 2694 1476 degamus,
2749 1419 2801 1462 et
2844 1410 3117 1463 caedamur
3158 1411 3225 1464 ab
3273 1412 3614 1481 alienigenis.

2047 1499 2216 1554 Valde
2239 1499 2437 1568 quippe
2463 1510 2712 1554 versutus
2741 1511 2793 1554 et
2825 1502 3052 1555 callidus
3083 1503 3213 1555 mihi
3247 1503 3458 1556 videtur
3492 1519 3619 1556 ava-

2050 1591 2186 1644 ritia:
2216 1591 2450 1653 daemon,
2479 1593 2653 1660 adque
2684 1592 3056 1660 decipiendum
3103 1593 3407 1648 industrius
3437 1610 3497 1648 ac
3530 1611 3621 1649 so-

2049 1682 2176 1742 lers,
2212 1683 2302 1748 qui
2333 1682 2532 1750 stepins
2577 1694 2726 1735 arcte
2768 1698 2987 1749 pressus
3019 1699 3046 1735 a
3089 1699 3301 1737 summa
3337 1685 3618 1738 renuntia-

373 1763 692 1830 ὑποδέχεται
729 1760 913 1826 ξένους
940 1760 1324 1830 γνησιώτερον.
1370 1763 1462 1814 καὶ
1485 1761 1661 1823 ἄλλοις
1689 1761 1947 1828 λειπομέ-

2061 1773 2194 1824 lione
2227 1773 2436 1836 mundi,
2469 1772 2754 1826 confestim
2790 1776 3074 1842 providum
3102 1775 3617 1840 administratorem,

371 1871 480 1917 νοις
514 1852 827 1908 ἀποστέλλει
876 1854 1174 1913 διακονίαν,
1216 1853 1311 1906 καὶ
1355 1853 1705 1922 δεσμωτήρια
1743 1851 1948 1911 πόλεως

371 1947 784 2008 ἐπισκέπτεται,
821 1947 915 1998 καὶ
953 1945 1078 2007 τοὺς
1117 1945 1596 2014 πιπρασκομένους
1643 1943 1804 2013 δῆθεν
1857 1941 1946 2005 ἐξ·

371 2036 652 2104 αγοράςει,
685 2031 896 2101 γυναιξί
921 2049 980 2084 τε
1007 2033 1262 2086 κολλᾶται
1289 2032 1590 2094 πλουσίαις,
1617 2029 1857 2090 καὶτοὺς
1889 2023 1946 2080 εὖ

374 2125 566 2177 παθεῖν
607 2124 922 2193 ὀφείλοντας
970 2124 1348 2183 ὑποδείκνυσι,
1399 2125 1492 2175 καὶ
1534 2122 1728 2182 ἄλλους
1788 2118 1950 2172 πάλιν

377 2215 745 2278 ἀποτάξασθαι
778 2215 1016 2268 νουθετεῖ
1045 2217 1326 2284 βαλάντιον
1355 2215 1515 2284 ἁδρὸν
1555 2210 1951 2278 κεκτημένους,

377 2309 472 2359 καὶ
499 2305 668 2366 οὕτως
708 2308 1049 2376 ἐξαπατήσας
1083 2305 1221 2358 κατὰ
1259 2304 1452 2374 μικρδν
1487 2303 1584 2374 τὴν
1617 2301 1818 2371 ψυχὴν,
1853 2301 1953 2369 τῆς

383 2399 502 2464 (ξιλσ
516 2401 741 2468 ργυρίας
770 2399 938 2466 αὐτὴν
967 2397 1244 2464 λογισμοῖς
1271 2393 1584 2459 ὑποϐάλλει,
1623 2391 1720 2445 καὶ
1752 2390 1830 2460 τῷ
1854 2391 1952 2458 τῆς

381 2491 685 2555 κενοδοξίας
709 2489 1041 2560 παραδίδωσι
1077 2489 1288 2558 δαίμονι

954 2795 1204 2850 ΚΕΦΛᾹ.
1240 2791 1366 2848 K1".

464 2910 553 2974 Ὧς
590 2910 790 2978 πλῆθος
829 2909 1041 2976 εἰσάγει
1075 2907 1181 2961 τῶν
1219 2906 1547 2974 δοξαζόντων
1583 2906 1674 2958 ἐπὶ
1699 2908 1817 2967 ταῖς
1880 2905 1956 2955 oi-

386 3005 664 3076 zovo‘piat;
695 3003 918 3066 ταύταις
955 3003 1046 3054 τὸν
1074 3000 1298 3071 Κύριον,
1335 2999 1428 3052 καί
1457 3015 1608 3060 τινας
1630 2998 1750 3050 κατ’
1779 2995 1957 3061 ὀλίγον

2049 1872 2431 1930 atnantemque
2452 1877 2750 1931 pauperum
2781 1866 3017 1929 simulat,
3047 1876 3100 1919 et
3131 1882 3243 1929 eos,
3263 1867 3354 1934 qui
3379 1869 3619 1920 nondum

2049 1953 2266 2014 adsunt,
2302 1954 2498 2021 hospes
2537 1956 2855 2022 generosius
2898 1956 3119 2024 excipit,
3152 1969 3206 2011 et
3237 1957 3360 2012 aliis
3387 1959 3623 2012 absenti-

2050 2044 2153 2098 bus
2185 2045 2350 2097 miltit
2374 2044 2763 2109 ministerium,
2801 2057 2852 2101 et
2882 2048 3064 2102 visitat
3091 2063 3338 2102 carceres
3367 2049 3535 2114 urbis,
3571 2058 3626 2102 et

2058 2134 2362 2187 direnditos
2395 2135 2643 2188 videlicet
2687 2137 2932 2198 redimit,
2982 2147 3032 2190 et
3085 2138 3346 2190 divitibus
3391 2139 3627 2192 adhaere-

2053 2221 2158 2274 scit
2191 2221 2534 2302 mulieribus,
2557 2232 2608 2275 et
2635 2239 2749 2284 eos,
2796 2225 2888 2292 qui
2946 2227 3207 2280 benelicio
3241 2226 3378 2281 aﬂici
3407 2229 3622 2292 debent,

2054 2311 2385 2378 subindicat,
2426 2323 2479 2366 et
2513 2329 2542 2367 e
2572 2314 2787 2369 diverso
2818 2315 2972 2382 alios,
3003 2317 3094 2386 qui
3123 2320 3455 2388 tnarsupium
3496 2336 3626 2388 pos-

2055 2403 2235 2456 sident
2259 2403 2597 2472 opulentum,
2653 2404 2927 2470 admonet,
2957 2416 3016 2460 ut
3048 2409 3247 2462 mundo
3273 2411 3578 2464 renuntient
3609 2425 3624 2463 :

2051 2494 2262 2563 sicque,
2285 2511 2406 2547 eum
2438 2496 2698 2564 paulatim
2727 2497 2964 2551 animam
2989 2498 3278 2568 deceperit,
3304 2501 3474 2570 ipsam
3503 2517 3630 2556 ava-

2057 2588 2196 2642 ritiae
2227 2587 2447 2657 subjicit
2477 2588 2918 2660 cogitationibus,
2969 2593 3238 2664 traditque
3275 2594 3507 2649 tltemoni
3535 2611 3628 2650 va-

2061 2693 2144 2734 nae
2183 2679 2388 2750 gloriae.

2618 2795 2846 2852 CAPUT
2879 2795 3064 2851 XXIII.

2131 2902 2246 2956 Tali
2275 2912 2434 2972 pacto
2471 2904 2735 2972 (avaritia:
2772 2905 3004 2972 daamon)
3045 2906 3446 2962 multitudinem
3473 2909 3632 2964 indu-

2056 2996 2127 3048 cit
2153 2995 2544 3050 celebrantium
2579 2994 2867 3050 Dominum
2894 2997 2964 3052 ob
2987 2996 3150 3054 hasce
3175 3000 3428 3070 proridas
3459 3003 3632 3057 admi-

387 3068 528 3167 περὶ,
567 3100 866 3166 ἱερωσύνης
940 3068 1330 3156 συλλαλούντας
1391 3089 1705 3160 προϐάλλων
1772 3087 1958 3140 λοιπὸν

2067 3084 2450 3150 nistrationes,
2504 3085 2874 3156 paulatimque
2925 3068 3250 3156 proferendo
3293 3091 3504 3160 aliquos
3564 3094 3632 3148 de

388 3187 823 3256 προμαντεύεται
882 3185 1051 3254 ταχὴν
1093 3185 1318 3236 θάνατον
1369 3181 1462 3234 τοῦ
1523 3180 1675 3241 ὄντος
1752 3178 1959 3248 ἱερέως,

387 3280 481 3331 καὶ
519 3278 594 3339 ὡς
626 3277 725 3329 οὐκ
777 3276 844 3328 ἃν
892 3275 1106 3346 ἐκφύγῃ
1155 3273 1323 3342 μυρία
1355 3272 1585 3341 ποιήσας
1615 3267 1958 3337 προστίθησι,

387 3372 481 3423 καὶ
509 3369 680 3431 οὕτως
714 3370 741 3420 ὁ
786 3350 1128 3434 ταλαίπωρος
1169 3363 1291 3424 νοῦς
1331 3363 1562 3423 ἐνδεθεὶς
1602 3361 1814 3422 τούτοις
1852 3362 1964 3422 τοῖς

387 3463 681 3530 λογισμοῖς,
707 3461 818 3520 τοῖς
861 3459 958 3528 μὲν
999 3457 1072 3527 μὴ
1113 3454 1567 3522 καταδεξαμένοις
1610 3453 1718 3504 τῶν
1763 3450 1965 3520 ἀνθρώ-

389 3569 504 3604 πων
558 3550 880 3619 διαμάχεται
911 3587 926 3610 ,
1000 3549 1110 3608 τοῖς
1163 3546 1220 3598 δὲ
1263 3544 1420 3596 τοῦτο
1471 3540 1959 3610 καταδεξαμὲνοις,

390 3644 617 3712 ἑτοίμως
649 3641 797 3710 δῶρα
826 3639 1129 3708 χαρίζεται,
1151 3637 1242 3688 καὶ
1275 3636 1370 3703 τῆς
1407 3633 1822 3703 εὐγνωμοσύνης
1869 3633 1964 3683 αύ-

391 3736 514 3796 τοῦς
536 3733 889 3800 ἀποδέχεται·
929 3730 1078 3791 τινὰς
1111 3727 1165 3779 δὲ
1197 3727 1656 3787 διστασιάξοντας,
1684 3726 1792 3785 τοῖς
1815 3724 1966 3776 δικα-

395 3829 546 3887 σταῖς
605 3821 974 3893 παραδίδωσι,
1022 3822 1115 3872 καὶ
1168 3820 1266 3888 τῆς
1337 3818 1546 3880 πόλεως
1627 3816 1965 3883 ὲξορίξεσθαι

393 3914 796 3986 παραγγέλλει·
863 3910 1068 3964 τούτων
1114 3910 1169 3962 δὲ
1212 3910 1396 3962 λοιπὸν
1433 3909 1580 3960 ἔνδον
1626 3908 1831 3968 ὄντων,
1875 3906 1966 3957 καὶ

395 4007 774 4078 στρεφομένων
809 4004 918 4056 τῶν
947 4003 1242 4072 λογισμῶν,
1276 4001 1436 4063 εὐθὺς
1465 3999 1558 4052 καὶ
1585 4001 1612 4051 ὁ
1637 4001 1732 4069 τῆς
1764 3999 1966 4066 ὑπερη-

394 4099 590 4168 φανίας
625 4097 911 4163 ἐφίσταται
945 4094 1171 4162 δαίμων,
1218 4091 1504 4160 ἀστραπάς
1549 4092 1791 4159 συνεχεῖς
1819 4088 1968 4144 ,κατὰ

392 4191 483 4242 τὸν
497 4189 636 4258 ἀέρα
663 4189 757 4258 τῆς
791 4187 985 4255 κέλλης
1001 4184 1208 4246 τυπῶν,
1223 4187 1316 4238 καὶ
1337 4183 1634 4252 δράκοντας
1659 4181 1968 4250 πτερωτοὺς

394 4281 750 4348 ἐπιπέμπων,
803 4277 920 4341 καὶ,
969 4277 1030 4329 τὸ
1083 4277 1390 4328 τελευταῖον
1440 4275 1645 4338 κακὸν,
1711 4273 1968 4340 στέρησιν

395 4369 608 4440 φρενῶν
655 4365 1051 4436 ἐργαζόμενον,
1128 4363 1242 4416 ἀλλ’
1281 4365 1440 4433 ἡμεῖς
1485 4363 1694 4422 τούτοις
1727 4363 1838 4421 τοῖς
1881 4359 1969 4410 λο-

395 4462 611 4528 γισμοῖς
651 4457 924 4509 ἀπώλειαν
953 4454 1330 4524 ἐπευξάμενοι,
1371 4452 1486 4522 μετ’
1517 4451 1863 4522 εὐχαριστίας
1907 4453 1973 4520 τῇ

398 4552 557 4620 πενίᾳ
590 4549 936 4617 συζήσωμεν,
993 4565 1011 4598 t
1034 4546 1198 4600 υίιδὲν
1219 4547 1328 4616 γὰρ
1356 4545 1754 4614 εἰσηνέγκαμεν
1777 4544 1854 4604 εἰς
1884 4541 1974 4594 τὸν

396 4644 616 4712 κόσμον,
659 4640 777 4693 οὐδὲ
807 4639 1112 4706 ἐξενεγκεῖν
1143 4655 1193 4690 τι
1213 4637 1369 4706 δῆλον
1389 4638 1470 4688 ὅτι
1487 4634 1762 4704 δυνάμεθα
1782 4650 1795 4663 ·
1827 4633 1976 4701 ἕχον-

394 4746 485 4791 τες
525 4729 581 4781 δὲ
609 4725 847 4798 τροφάς,
893 4727 989 4779 καὶ
1028 4725 1420 4792 σκεπάσματα,
1461 4721 1668 4781 τούτοις
1705 4721 1976 4791 ἀρκεσθη-

396 4817 619 4887 σόμεθα,
640 4837 658 4867 ι
685 4816 1021 4886 μεμνημένοι
1060 4813 1405 4874 καὶΠαύλου,
1444 4810 1598 4882 ῥίζαν
1624 4810 1842 4863 πάντων
1865 4810 1973 4860 τῶν

394 4907 580 4960 κακῶν
619 4907 718 4974 τὴν
758 4903 1121 4975 φιλαργυρίαν
1163 4903 1428 4964 εἰπόντος.
1477 4901 1683 4962 Πάντες
1740 4899 1789 4950 οί
1835 4899 1972 4952 ἀκά-

397 4998 584 5066 θαρτοι
645 4995 897 5064 λογισμοὶ
947 4993 1034 5046 διὰ
1078 4993 1145 5046 τά
1177 4992 1323 5062 πάθη
1359 4991 1696 5061 χρονίζοντες
1733 4990 1791 5042 ἐν
1819 4991 1970 5058 ἡμῖν,

397 5089 693 5154 κατάγουσι
732 5087 822 5138 τὸν
870 5085 996 5140 νοῦν
1051 5087 1130 5147 εἰς
1184 5085 1438 5155 ὄλεθρον,
1498 5083 1592 5136 καὶ
1659 5082 1968 5135 ἀπώλειανο

398 5178 588 5246 ὧσπερ
619 5180 726 5246 γὰρ
755 5177 814 5228 τὸ
850 5177 1026 5245 νόημα
1050 5177 1144 5229 τοῦ
1175 5179 1340 5247 ἄρτου
1377 5177 1614 5247 χρονίζει
1655 5179 1713 5228 ἐν
1748 5177 1826 5244 τῷ
1856 5191 1976 5227 πει-

397 5269 558 5321 νῶντι
603 5268 689 5321 διὰ
719 5266 816 5336 τὴν
853 5272 1061 5331 πεῖναν,
1118 5269 1214 5320 καὶ
1255 5270 1315 5321 τὸ
1355 5270 1530 5338 νόημα
1571 5268 1665 5321 τοῦ
1702 5268 1892 5330 ὓδατος
1921 5269 1977 5320 ἐν

396 5358 478 5429 τῷ
515 5357 739 5426 διψῶντι
791 5358 880 5411 διὰ
943 5358 1039 5428 τὴν
1083 5359 1260 5427 δίψαν,
1306 5359 1448 5413 οὕτω
1491 5361 1583 5412 καὶ
1626 5362 1693 5412 τὰ
1732 5360 1979 5427 νοήματα

397 5447 509 5501 τῶν
538 5447 859 5515 κτημάτων,
895 5448 987 5500 καὶ
1027 5448 1134 5498 τῶν
1164 5448 1483 5517 χρημάτων,
1511 5445 1750 5517 χρονίζει
1771 5447 1859 5500 διὰ
1882 5447 1979 5516 τὴν

400 5535 732 5602 πλεονεξίαν,
765 5539 859 5590 καὶ
888 5538 954 5590 τὰ
980 5540 1226 5609 νοήματα
1254 5539 1362 5591 τῶν
1397 5539 1717 5609 βρωμάτων,
1750 5539 1842 5592 καὶ
1872 5539 1980 5589 τῶν

481 5680 524 5713 ³⁷
554 5681 571 5734 I
607 5680 747 5736 Titn.
781 5696 855 5741 VI,
887 5681 940 5744 '7,
975 5682 1027 5734 8.
1104 5680 1148 5710 ³⁸
1187 5680 1314 5732 ibid.
1349 5679 1432 5732 10.

768 5775 1040 5834 PATROL.
1075 5774 1189 5833 Gn.
1229 5771 1494 5834 LXXIX.

2065 3175 2368 3230 sacerdotio
2396 3175 2462 3228 ad
2497 3176 2728 3232 invicem
2765 3178 3159 3246 colloquentes,
3202 3181 3432 3236 celerem
3478 3183 3634 3238 dein-

2065 3265 2132 3320 de
2155 3275 2380 3319 mortem
2406 3268 2707 3324 sacerdotis
2731 3270 3049 3326 exsistantis
3071 3272 3418 3336 vaticinatur,
3467 3284 3635 3344 utque

2066 3371 2174 3409 non
2222 3356 2461 3425 elTugiat,
2508 3358 2674 3412 millia
2713 3359 2974 3428 ellingens
3005 3361 3210 3431 adjicit,
3260 3364 3448 3434 sicque
3481 3381 3635 3421 mens

2066 3445 2255 3500 infelix
2287 3447 2436 3502 hisce
2470 3447 2670 3518 illigata
2715 3450 3154 3520 cogitationibus,
3186 3466 3386 3524 pugnat
3415 3457 3633 3525 quidem

2069 3540 2271 3594 acriter
2299 3539 2568 3594 adversus
2601 3540 2848 3596 homines
2882 3552 3217 3607 recusantes,
3263 3545 3314 3598 id
3363 3563 3492 3602 vero
3521 3565 3637 3603 am-

2067 3629 2412 3698 plexantihus
2437 3630 2580 3684 dum
2607 3641 2852 3700 prompte
2881 3633 3127 3702 largitur,
3165 3635 3516 3706 ipsorumque
3546 3640 3637 3693 bo-

2068 3731 2194 3770 nam
2243 3728 2500 3782 ntentem,
2529 3733 2622 3770 seu
2650 3719 2923 3786 virtutem,
2949 3737 3070 3789 qua:
3099 3723 3416 3778 beneﬁcium
3457 3729 3638 3782 Iidem-

2069 3823 2175 3876 que
2201 3809 2394 3860 bonam
2424 3811 2692 3878 agnoscit,
2722 3812 3006 3879 approbat.
3046 3822 3100 3868 et
3128 3819 3466 3871 cenimendat
3501 3838 3513 3872 :
3542 3824 3637 3874 sed

2069 3911 2118 3952 et
2155 3897 2319 3972 536
2357 3899 2400 3952 si
2433 3899 2653 3968 quidam
2708 3901 2940 3971 litigent.
2994 3904 3154 3957 tradit
3195 3919 3290 3959 eos
3339 3906 3634 3976 judicibus,

2069 3996 2397 4062 mandatque
2432 4003 2489 4048 ut
2518 4010 2582 4048 ex
2622 3995 2758 4048 urbe
2809 3995 3107 4048 multentur
3133 3997 3358 4051 exsilio:
3382 4009 3637 4056 caeterum

2071 4085 2220 4140 hisce
2249 4086 2669 4156 cogitationibus
2700 4087 2929 4142 interius
2962 4087 3368 4155 exsistentibus,
3412 4107 3475 4146 ac
3517 4108 3639 4148 ver-

2072 4176 2336 4239 santibus,
2366 4177 2549 4230 statim
2587 4177 2855 4245 superbia:
2880 4193 3096 4248 quoque
3125 4179 3358 4243 ἀωιιιοιι,
3385 4185 3543 4251 quasi
3573 4201 3641 4240 ex

2071 4264 2287 4318 insidiis
2341 4275 2562 4333 repente
2601 4266 2796 4333 prodit,
2847 4266 3062 4335 fulgura
3111 4269 3367 4324 continua
3400 4273 3453 4326 in
3495 4275 3642 4328 cellae

2007 4390 2045 4442 ι)
2077 4369 2200 4408 aere
2233 4356 2571 4423 imprimens,
2624 4357 2902 4427 alatosque
2947 4360 3214 4418 dracones
3268 4363 3488 4432 insuper
3520 4367 3645 4420 mit-

2078 4455 2215 4510 tens,
2252 4445 2506 4514 quodque
2535 4456 2836 4500 extremum
2895 4459 2976 4502 est
3007 4451 3231 4514 malum,
3269 4455 3467 4507 mentis
3513 4469 3644 4507 cau-

2075 4551 2203 4590 sans
2255 4538 2636 4604 privationem.
2671 4538 2782 4594 Nos
2813 4555 2964 4605 vero,
2999 4552 3182 4610 utpote
3234 4544 3322 4610 qui
3357 4545 3643 4611 cogitatio—

2074 4628 2236 4682 nibus
2271 4630 2390 4684 istis
2423 4631 2564 4683 luem
2596 4640 2916 4704 ex0ptamus
2939 4641 2993 4686 et
3029 4633 3326 4696 interitum,
3363 4649 3488 4688 cum
3516 4650 3643 4702 gra-

2073 4721 2270 4773 tiarum
2300 4721 2511 4776 actione
2536 4724 2836 4791 paupertati
2870 4726 3243 4779 convivatnus.
3282 4744 3300 4775 ι
3323 4723 3466 4779 Nihil
3496 4727 3641 4779 enim

2078 4814 2130 4864 in
2176 4814 2322 4868 hunc
2379 4816 2641 4868 mundum
2696 4803 3001 4883 intulimus,
3059 4830 3112 4873 et
3166 4819 3510 4875 manifestum
3560 4827 3645 4873 est

2079 4903 2220 4972 quod
2256 4920 2355 4958 nec
2377 4905 2580 4974 aliquid
2610 4906 2820 4961 deferre
2865 4909 3186 4976 poterimus.
3226 4911 3494 4964 llabentes
3517 4926 3646 4964 vero

2079 4995 2334 5049 alimenta
2362 5005 2416 5049 et
2441 4999 2776 5062 vestimenta,
2799 4999 2882 5052 his
2901 5001 3136 5054 contenti
3162 5002 3334 5055 simus
3351 4998 3427 5066 ";
3452 5017 3648 5056 memo-

2083 5099 2168 5138 res
2189 5095 2240 5136 et
2267 5082 2442 5146 Pauli,
2473 5085 2566 5153 qui
2615 5086 2850 5138 radicem
2892 5086 3142 5140 vitiorum
3191 5091 3429 5142 omnium
3465 5091 3648 5144 avari-

2081 5175 2210 5230 tiam
2269 5175 2692 5242 nuncupavit“.
2747 5175 2950 5232 Omnes
3011 5178 3238 5246 impura:
3293 5181 3648 5249 cogitationes

2080 5268 2289 5321 diutino
2321 5278 2563 5336 tempore
2592 5267 2644 5321 in
2690 5271 2868 5332 nobis,
2900 5271 2970 5323 ob
3004 5271 3304 5338 passiones,
3346 5283 3648 5333 manentes,

2083 5359 2360 5411 deducunt
2415 5367 2646 5411 mentem
2712 5360 2765 5412 in
2823 5360 3178 5427 perditionem
3245 5371 3300 5414 et
3350 5363 3576 5416 exitium
3631 5382 3644 5416 :

2083 5449 2540 5520 quemadmodum
2576 5451 2719 5504 enim
2769 5451 3026 5520 cogitatio
3060 5439 3217 5520 panis
3247 5453 3339 5506 diu
3375 5462 3555 5507 manet
3595 5455 3649 5508 in

2083 5542 2358 5599 esuriente
2399 5550 2615 5611 propter
2661 5542 2882 5609 fantem,
2914 5553 2967 5598 et
3001 5543 3253 5610 cogitatio
3286 5559 3441 5614 aquae
3475 5543 3526 5604 in
3576 5544 3651 5599 si-

3215 5773 3290 5835 39
