3990 6204
369 275 503 340 1227

365 391 530 445 tientc
561 396 777 454 propter
809 384 953 436 silim
999 399 1010 434 :

363 479 718 547 pecuniarum
753 476 1054 542 perdurant
1088 482 1304 543 propter
1331 475 1682 542 cupiditatem
1726 475 1928 529 haben-

361 571 450 634 di;
486 578 539 621 et
579 566 829 619 notiones
883 579 1158 627 escarum,
1209 575 1258 618 et
1293 580 1504 629 earum],
1541 581 1660 634 qua:
1687 580 1749 618 ex
1795 567 1935 620 escis

363 660 668 727 pariuntur,
703 657 942 722 turpium
975 656 1386 726 cogitationum,
1433 658 1796 708 immorantur
1841 657 1933 710 diu

360 757 581 818 propter
612 748 916 817 passiones.
952 747 1151 800 Verum
1183 748 1308 801 etin
1333 747 1754 816 cogitationibus
1787 764 1938 802 vana:

360 841 566 910 glorise,
607 850 769 910 atque
802 841 852 892 in
908 840 1026 893 aliis
1063 839 1312 908 cogitatis
1339 839 1589 892 similiter
1619 840 1721 892 ista
1765 841 1936 892 clare-

362 941 536 986 scent.
585 932 722 986 Fieri
759 941 936 985 autem
973 946 1078 984 non
1118 940 1312 999 potest,
1344 931 1488 998 quod
1524 945 1678 985 mens
1726 931 1937 985 abistis

363 1021 528 1072 rebus
558 1019 844 1082 suﬂ‘ocata,
894 1018 1002 1070 Deo
1044 1025 1204 1081 astet,
1261 1015 1593 1086 justitimque
1645 1032 1843 1072 corona
1880 1034 1937 1072 se

361 1110 634 1165 redimiat.
668 1108 733 1162 Et
773 1125 836 1162 ex
870 1108 954 1163 his
1002 1123 1194 1177 nempe
1236 1109 1654 1176 cogitationibus
1683 1110 1934 1164 deorsum

363 1210 541 1255 tracta
582 1201 886 1255 miserrima
917 1199 1005 1253 illa
1038 1213 1191 1253 mens
1235 1200 1288 1252 in
1316 1199 1619 1268 Evangeliis
1646 1199 1710 1264 ³³,
1738 1199 1936 1254 Christi

363 1292 692 1361 cognitionis
761 1292 1048 1361 prandium
1102 1291 1423 1345 recusavit:
1470 1306 1768 1360 rursusque
1813 1291 1935 1355 ille,

361 1386 453 1453 qui
489 1385 774 1438 devinctus
815 1382 918 1436 fuit
950 1397 1147 1437 manus
1186 1390 1240 1436 et
1269 1381 1454 1451 pedes,
1488 1391 1649 1452 atque
1686 1383 1737 1434 i-n
1784 1392 1938 1436 tene-

363 1475 492 1528 bras
526 1474 824 1529 exteriores
872 1475 1164 1543 projectus,
1198 1473 1355 1542 537
1392 1488 1457 1528 ex
1503 1474 1620 1528 istis
1653 1474 1938 1544 cogitatio-

360 1563 526 1618 nibus
572 1564 886 1618 subtextum
924 1563 1154 1616 habebat
1191 1564 1589 1626 indumentum,
1619 1579 1802 1633 quem,
1844 1563 1936 1633 qui

359 1663 668 1718 vocaverat,
696 1655 920 1707 minime
946 1654 1168 1718 dignum
1197 1653 1570 1722 hujuscemodi
1595 1655 1797 1723 nuptiis
1817 1669 1938 1709 esse

1830 276 1886 334 S.
1915 277 2080 336 NILI

1062 383 1131 435 ita
1179 393 1228 435 et
1264 383 1493 450 ('0gilaln
1544 383 1854 453 passionum
1879 395 1920 438 el

2033 388 2368 456 τικτομένων
2418 387 2658 458 αἰσχρῶν
2711 386 2984 457 λογισμῶν
3029 389 3092 442 ἐκ
3135 390 3244 443 τῶν
3295 391 3625 462 βρωμάτων,

3493 282 3628 347 1228

2039 478 2272 548 χρονίζει
2304 478 2392 530 διὰ
2420 478 2485 529 τὰ
2521 478 2688 545 πάθη.
2749 478 2909 530 Ἀλλὰ
2942 481 3036 531 καὶ
3082 482 3173 532 ἐπὶ
3203 481 3313 533 τῶν
3341 483 3438 551 τῆς
3468 501 3625 536 κενο-

2037 569 2214 634 δοξίας
2240 568 2534 637 λογισμῶν,
2568 570 2660 620 καὶ
2679 569 2771 621 ἐπὶ
2798 569 2906 620 τῶν
2932 569 3107 622 ἄλλων
3127 570 3406 641 λογισμῶν
3425 575 3628 642 ὁμοίως

2039 659 2506 728 φανερωθήσεται.
2576 658 2691 711 Ούκ
2731 661 2847 710 ἐστι
2882 659 2938 712 δὲ
2973 660 3099 713 νοῦν
3161 662 3489 732 πνιγόμενον
3517 665 3629 717 ὑπὸ

2035 752 2292 804 τοιούτων
2334 753 2679 821 παραστῆναι
2727 749 2866 820 Θεῷ,
2905 751 2998 804 καὶ
3043 753 3131 804 τῦν
3156 753 3255 821 τῆς
3279 753 3630 823 δικαιοσύνης

2039 828 2408 912 ἀναδήσασθαι
2457 843 2738 909 στέφανον.
2816 843 2910 894 Ἐκ
2940 843 3147 896 τούτων
3174 845 3285 914 γάρ
3325 845 3434 898 τῶν
3471 847 3628 913 λογι-

2041 933 2190 1001 σμῶν
2222 932 2651 1000 κατασπώμενος
2675 932 2768 983 καὶ
2796 933 3002 994 ἐκεῖνος
3021 935 3050 984 ὁ
3065 935 3120 986 ὲν
3143 936 3253 993 τοῖς
3273 935 3629 1002 Εῦαγγελίοις

2037 1021 2344 1091 τρισάθλιος
2385 1019 2529 1084 νοῦς,
2573 1020 2634 1072 τὸ
2672 1019 2770 1088 τῆς
2815 1019 3052 1090 Χριστοῦ
3097 1023 3350 1088 γνώσεως
3404 1024 3627 1093 ἄριστον

2040 1112 2428 1181 παρῃτήσατο·
2461 1110 2556 1163 καὶ
2596 1110 2757 1162 πάλιν
2806 1111 2834 1162 ὁ
2857 1110 3226 1180 δεσμούμενος
3271 1115 3479 1182 χεῖρας,
3528 1117 3626 1167 καὶ

2040 1203 2226 1266 πόδας,
2283 1203 2375 1254 καὶ
2426 1205 2508 1264 είς
2549 1201 2610 1254 τὸ
2665 1201 2926 1272 ἐξώτερον
2961 1204 3151 1265 σκότος
3191 1203 3512 1274 βαλλόμενος
3559 1209 3626 1260 ἐκ

2039 1292 2244 1344 τούτων
2270 1292 2374 1345 τῶν
2401 1291 2680 1362 λογισμῶν
2701 1292 3119 1361 καθυφασμένον
3167 1289 3277 1363 εἶχε
3307 1295 3368 1348 τὸ
3395 1296 3621 1365 ἔνδυμα,

2039 1383 2207 1453 ὅνπερ
2259 1383 2361 1435 οὐκ
2408 1382 2560 1446 ἀξιον
2617 1383 2724 1435 τῶν
2775 1381 3032 1435 τοιούτων
3079 1385 3276 1454 γάμων
3307 1387 3335 1438 ὁ
3381 1384 3623 1450 καλέσας

2040 1473 2356 1542 ἀπεφήνατο
2379 1467 2516 1524 εἶναι
2535 1487 2547 1500 '
2590 1470 2669 1523 διὸ
2693 1470 2900 1541 ἐνδυμά
2931 1473 3050 1526 ἐστι
3100 1475 3356 1544 γαμικὸν,
3379 1475 3621 1528 ἀπάθεια

2038 1565 2216 1634 ψυχῆς
2265 1563 2487 1632 λογικῆς
2529 1562 2803 1633 κοσμικὰς
2853 1564 3242 1634 ἀρνησαμένης
3299 1564 3619 1636 ἐπιθυμίας.

2041 1654 2136 1716 Τίς
2167 1653 2224 1706 δὲ
2273 1655 2305 1723 ἡ
2340 1651 2490 1706 αἰτία
2517 1651 2612 1705 τοῦ
2639 1653 2706 1705 τὰ
2727 1653 2976 1722 νοήματα
3000 1653 3109 1705 τῶν
3137 1653 3410 1724 αίσθητῶν
3435 1672 3619 1726 πραγ-

362 1744 643 1812 rcspondit
673 1762 686 1798 :
715 1744 835 1798 ideo
859 1745 1115 1812 nuptialis
1143 1753 1225 1798 est
1255 1745 1423 1798 vestis
1451 1746 1687 1800 vacuitas
1719 1747 1920 1816 passio-

2035 1747 2241 1816 μάτων,
2276 1744 2594 1815 χρονίζοντα.
2637 1743 2975 1814 διαφθείρειν
3011 1743 3112 1815 τὴν
3157 1745 3365 1814 γνῶσιν
3397 1747 3617 1818 εἴρηται

361 1853 491 1890 num
517 1838 712 1892 animae
747 1837 1051 1901 rationalis,
1085 1839 1388 1894 mundanas
1427 1840 1764 1909 repudiaritis
1794 1855 1928 1894 con-

2034 1841 2092 1891 ὲν
2109 1842 2221 1901 τοῖς
2243 1855 2312 1891 πε
2322 1839 2374 1910 pi.
2405 1839 2717 1909 προσευχῆς
2753 1837 3094 1906 κεφαλαίοις.

367 1933 758 2002 cupisreutias.
809 1932 940 1999 Qua:
963 1948 1094 1987 vero
1139 1949 1302 1989 causa
1347 1935 1436 1999 sit,
1487 1935 1630 2005 quod
1669 1937 1901 2006 cogitata
1961 1934 2320 2000 sensibilium,
2371 1933 2578 1987 diutius
2622 1932 2967 1986 immorantia
2999 1931 3333 2002 disperdant,
3383 1951 3445 1991 ac
3475 1939 3615 2006 peri.

359 2036 512 2083 mant
535 2027 896 2098 cognitionem
939 2044 1032 2084 seu
1061 2029 1330 2098 judicium
1368 2030 1422 2084 in
1458 2030 1707 2099 capitulis
1733 2031 1799 2086 de
1843 2032 2086 2087 oratione
2111 2031 2314 2086 dictum
2343 2028 2442 2084 fuit
2473 2043 2671 2084 rerum.

920 2157 1149 2216 CAPUT
1178 2158 1372 2214 XXIV.

364 2257 370 2269 ’
426 2268 810 2340 Oppositorum
875 2270 1065 2326 activae
1107 2271 1228 2326 vita:
1285 2273 1590 2329 daemonum
1652 2284 1763 2331 tres
1808 2286 1935 2331 sunt

355 2360 632 2429 principes
655 2361 706 2414 in
736 2362 908 2430 prima
939 2363 1086 2417 velut
1113 2363 1164 2416 in
1201 2364 1317 2420 acie
1360 2375 1583 2432 stantes,
1625 2383 1765 2436 quos
1801 2369 1930 2422 sub-

356 2452 606 2520 sequitur
627 2452 805 2506 omuis
843 2453 1269 2525 alienigenarum
1306 2459 1732 2523 castrametatio,
1771 2459 1932 2528 quive

356 2541 408 2595 in
442 2542 580 2596 bello
622 2544 778 2612 primi
816 2554 982 2610 stant,
1001 2555 1054 2601 et
1084 2547 1294 2600 animas
1317 2562 1412 2617 per
1446 2549 1685 2618 impuras
1725 2550 1928 2621 c0gita-

355 2631 530 2684 tiones
561 2640 878 2699 provocant,
926 2641 979 2685 et
1025 2634 1304 2702 pelliciunt
1345 2634 1410 2689 ad
1457 2636 1720 2690 malitiam
1776 2637 1928 2690 nimi-

353 2737 472 2774 rum
509 2723 541 2774 ii
577 2724 667 2791 qui
709 2723 846 2793 gula:
880 2725 1268 2793 cupiditatibus
1307 2735 1548 2796 praesunt
1581 2729 1659 2797 (ut
1694 2728 1932 2782 diximus

352 2813 527 2881 capite
554 2813 770 2881 primo),
803 2823 856 2867 et
895 2814 930 2867 ii
959 2815 1050 2884 qui
1081 2817 1237 2872 nobis
1277 2817 1558 2872 avaritiam
1612 2828 1926 2889 suggerunt,

350 2913 402 2956 et
436 2904 469 2956 ii
504 2905 595 2972 qui
639 2903 705 2957 ad
737 2906 1029 2959 humanam
1072 2908 1298 2976 gloriam
1336 2924 1437 2964 nos
1479 2911 1739 2964 excitant.
1777 2911 1926 2964 Desi-

350 2997 549 3050 derans
596 2994 760 3064 igitur
795 3009 990 3064 puram
1039 2995 1264 3051 fundere
1310 2999 1638 3063 orationem,
1691 3015 1821 3054 cave
1859 3001 1928 3055 ab

351 3086 648 3152 iracundia,
687 3094 740 3140 et
787 3085 1015 3156 diligens
1057 3089 1470 3157 temperantiam
1527 3092 1743 3145 contine
1795 3107 1926 3146 ven-

349 3191 507 3241 trem,
549 3192 653 3231 non
703 3178 797 3232 des
839 3192 1034 3247 panem
1067 3178 1189 3232 alvo
1232 3189 1434 3243 tuamet
1484 3180 1536 3234 in
1575 3196 1713 3250 aqua
1749 3183 1924 3250 ipsum

348 3278 545 3334 atterc,
575 3276 628 3322 et
658 3267 854 3338 afﬂige,
879 3268 1042 3338 vigila
1066 3269 1120 3323 in
1143 3270 1412 3336 oratione,
1443 3287 1505 3326 ac
1528 3266 1786 3326 ultionem
1811 3274 1924 3328 sive

2598 2140 2855 2196 ΚΕΦΛΛ.
2895 2141 3020 2194 ΚΔν.

2107 2257 2227 2309 Τῶν
2259 2255 2654 2324 ἀντικειμένων
2683 2253 2958 2323 δαιμόνων
3005 2254 3073 2323 τῇ
3111 2257 3420 2325 πρακτικῇ,
3461 2261 3608 2327 τρεῖς

2036 2350 2171 2401 εἰσιν
2221 2348 2486 2417 ἄρχοντες
2545 2345 2946 2414 πρωτοστάται,
2997 2339 3081 2407 οἷς
3126 2345 3317 2399 ἕπεται
3373 2349 3520 2401 πᾶσα
3572 2352 3602 2419 ἡ

2037 2441 2358 2513 παρεμϐολὴ
2393 2440 2502 2494 τῶν
2555 2438 2910 2509 ἀλλοφύλων,
2963 2439 3161 2502 οἵτινες
3209 2439 3418 2510 πρῶτοι
3466 2444 3605 2495 κατά

2034 2534 2124 2586 τὸν
2159 2532 2394 2600 πόλεμον
2423 2533 2668 2584 ἵστανται
2696 2571 2709 2594 ,
2743 2529 2839 2582 καὶ
2883 2529 2981 2594 τὰς
3015 2530 3191 2600 ψυχὰς
3215 2531 3302 2584 διὰ
3342 2531 3448 2586 τῶν
3471 2535 3604 2588 ἀκα-

2037 2624 2250 2694 θάρτων
2294 2621 2574 2692 λογισμῶν
2607 2619 2965 2673 ἐκκαλοῦνται
2997 2621 3134 2692 πρὸς
3162 2622 3261 2692 τὴν
3290 2625 3517 2678 κακίαν’
3553 2627 3602 2678 οε

2033 2717 2131 2780 τὰς
2170 2714 2268 2785 τῆς
2315 2715 2762 2785 γαστριμαργίας
2801 2712 3011 2783 ὀρέξεις
3053 2716 3517 2784 πεπιστευμένοι,
3551 2717 3601 2768 οἱ

2035 2809 2133 2879 τὴν
2190 2808 2558 2878 φιλαργυρίαν
2607 2809 2738 2878 ἡμῖν
2782 2805 3211 2872 ὑποϐάλλοντες,
3257 2809 3354 2860 καὶ
3383 2810 3429 2860 al
3467 2809 3601 2878 πρὸς

2032 2899 2132 2969 τὴν
2160 2900 2268 2951 τῶν
2301 2898 2605 2969 ἀνθρώπων
2630 2897 2788 2964 δόξαν
2815 2899 2963 2969 ἡμᾶς
2994 2897 3407 2968 ἐκκαλούμενοι.
3449 2901 3602 2952 Ἑπι-

2035 2991 2222 3061 θυμῶν
2252 2987 2346 3044 οῦν
2378 2990 2630 3062 καθαρᾶς
2655 2990 2999 3060 προσευχῆς,
3047 2990 3373 3060 διατήρησον
3407 2991 3602 3060 θυμόν,

2033 3082 2127 3134 καὶ
2161 3081 2389 3150 ἀγαπῶν
2419 3080 2798 3155 σωφροσύνην,
2835 3081 3028 3150 κράτει
3065 3081 3305 3149 γαστρὸς
3329 3123 3342 3146 ,
3389 3082 3461 3151 μὴ
3495 3081 3602 3149 δῷς

2031 3173 2194 3242 ἄρτον
2259 3176 2324 3243 σῇ
2372 3172 2582 3243 κοιλίᾳ,
2653 3172 2748 3224 καὶ
2805 3173 2863 3223 ὲν
2924 3169 3078 3223 ὕδατι
3135 3169 3349 3223 ἔκθλιϐε
3406 3172 3599 3238 αὐτὴν,

2031 3261 2300 3332 ἀγρύπνει
2350 3263 2408 3313 ἐν
2454 3263 2771 3332 προσευχῇ,
2824 3260 2920 3313 καὶ
2971 3261 3340 3330 μνησικακίαν
3383 3261 3602 3329 μακρὰν

347 3361 664 3414 memoriam
717 3361 1040 3430 injuriarum
1088 3361 1277 3430 procul
1327 3377 1356 3415 a
1404 3369 1462 3416 te
1511 3364 1730 3433 repelle,
1763 3365 1920 3420 verba

2033 3351 2256 3421 ποίησον
2288 3349 2395 3403 ἀπὸ
2428 3351 2523 3403 σοῦ
2553 3390 2567 3414 ,
2603 3348 2751 3417 λόγοι
2783 3348 3099 3418 Πνεύματος
3129 3347 3286 3415 ἁγίου
3320 3347 3394 3418 μὴ
3423 3348 3602 3401 ἐκλει-

348 3451 584 3521 Spiritus
617 3451 790 3506 sancti
821 3465 929 3505 non
952 3451 1206 3507 deﬁciant
1235 3467 1264 3506 a
1292 3462 1359 3519 te,
1387 3452 1640 3524 foresque
1670 3453 1924 3526 Scriptu-

347 3558 530 3598 rarum
571 3545 726 3614 pulsa
759 3543 1011 3599 manibus
1048 3543 1332 3609 virtutum,
1385 3554 1516 3601 tunc
1569 3547 1774 3602 orietur
1829 3549 1923 3603 tibi

343 3635 524 3691 cordis
586 3634 877 3689 aﬂectuum
932 3635 1210 3700 vacuitas,
1280 3645 1629 3707 mentemque
1685 3639 1919 3694 similem

341 3728 505 3782 astris
531 3727 582 3780 in
610 3726 856 3780 oratione
881 3726 1190 3796 perspicies.
1240 3725 1294 3778 Ἐ
1317 3727 1632 3783 notionibus
1671 3732 1916 3800 quaedam

342 3825 490 3879 sunt,
527 3830 648 3885 qua:
685 3815 856 3868 nostri
903 3813 1068 3868 animi
1101 3814 1461 3884 principatum
1511 3817 1828 3887 imprimunt
1855 3833 1919 3874 ac

339 3907 594 3971 fortnam,
652 3915 705 3960 et
746 3907 1007 3976 ﬁgurant,
1069 3907 1315 3977 quaedam
1369 3923 1499 3963 vero
1548 3911 1916 3979 cognitionem

337 3997 681 4051 solummodo
717 3997 976 4066 przebent,
1010 3997 1178 4050 menti
1203 3998 1417 4067 signum
1442 4014 1548 4052 non
1581 3999 1913 4068 imprimen-

339 4096 440 4141 tes.
473 4086 701 4152 Etenim,
741 4107 758 4138 ε
798 4088 853 4140 lu
901 4086 1166 4156 principio
1229 4097 1347 4142 erat
1404 4089 1654 4153 Verbum,
1689 4099 1741 4142 et
1781 4088 1913 4144 Ver-

335 4181 464 4232 bum
498 4189 615 4232 erat
642 4179 780 4246 apud
826 4177 1078 4237 Deum“,
1113 4197 1130 4228 ι
1157 4178 1380 4247 deponit
1405 4179 1624 4248 quidem
1653 4179 1705 4232 in
1747 4181 1910 4234 corde

250 4309 256 4324 ε
337 4268 632 4331 notionem,
664 4281 768 4320 non
802 4275 979 4318 tamen
1009 4264 1172 4340 538
1199 4267 1372 4335 ipsum
1402 4267 1807 4336 ﬁgurat,neque
1835 4267 1912 4321 si-

333 4368 458 4429 gnat
484 4355 858 4424 impressione.
896 4353 986 4408 Sic
1021 4374 1038 4405 ι
1082 4355 1352 4423 accipiens
1376 4357 1686 4423 paucm“,n
1717 4356 1912 4425 figurat

332 4449 588 4511 mentem,
625 4454 679 4501 et
720 4466 736 4496 ι
769 4444 995 4515 fregisse
1015 4447 1060 4476 "
1085 4485 1098 4508 ,
1128 4463 1145 4494 ›
1179 4445 1442 4512 imprimit
1471 4447 1636 4498 menti
1668 4447 1904 4515 signum.

331 4537 556 4602 Verum,
586 4556 603 4586 ‹
645 4535 763 4590 Vidi
793 4535 1079 4588 Dominum
1127 4533 1403 4587 sedentem
1435 4550 1598 4603 super
1645 4537 1903 4590 thronum

331 4630 602 4682 excelsum
637 4635 691 4680 et
741 4620 1091 4686 elevatum“,
1127 4643 1144 4673 ι
1189 4624 1450 4692 imprimit
1487 4625 1652 4678 menti
1689 4625 1902 4695 signum

2029 3439 2280 3492 πέτωσάν
2315 3456 2398 3502 σε,
2440 3439 2533 3494 καὶ
2566 3437 2734 3510 θύρας
2778 3437 2945 3508 κροῦε
2975 3436 3160 3506 χερσὶν
3201 3436 3430 3507 ἀρετῶν.
3463 3438 3600 3489 Τότε

2027 3531 2279 3583 ἀνατελεῖ
2306 3547 2389 3582 σοι
2413 3529 2643 3600 καρδίας
2673 3528 2912 3582 ἀπάθεια
2941 3570 2955 3592 ,
2988 3526 3084 3581 καὶ
3119 3526 3247 3580 νοῦν
3276 3527 3598 3597 ἀστεροειδῆ

2025 3621 2144 3691 ὄψει
2178 3622 2237 3676 ἐν
2270 3623 2570 3692 προσευχῇ.
2613 3620 2735 3673 Τῶν
2769 3619 3080 3690 νοημάτων,
3112 3617 3181 3670 τά
3222 3618 3321 3686 μὲν
3351 3620 3512 3671 τνποί
3537 3619 3599 3678 τὸ

2024 3713 2352 3784 ἡγεμονικὸν
2381 3713 2575 3783 ήμῶν,
2617 3711 2712 3766 καὶ
2763 3707 3128 3780 σχηματίζει,
3183 3710 3251 3764 τὰ
3292 3709 3348 3762 δὲ
3390 3709 3596 3776 γνῶσιν

2026 3806 2186 3876 μόνον
2213 3804 2446 3876 παρέχει
2480 3804 2554 3874 μὴ
2581 3803 2854 3856 τυποῦντα
2899 3803 2989 3855 τὸν
3017 3801 3140 3856 νοῦν
3159 3843 3173 3867 ,
3211 3801 3342 3872 μηδὲ
3381 3818 3594 3870 σχημα-

2020 3895 2256 3958 τίζοντα.
2288 3895 2361 3948 Τὸ
2390 3893 2518 3962 γὰρ,
2561 3912 2578 3943 ι
2625 3894 2712 3946 Ἐν
2744 3895 2886 3964 ἀρχῇ
2921 3889 2989 3964 ἦν
3019 3894 3046 3946 ὁ
3076 3892 3281 3961 Λόγος,
3313 3894 3407 3946 καὶ
3431 3896 3460 3945 ὁ
3486 3894 3593 3945 Λό-

2019 4003 2113 4055 γος
2135 3983 2202 4055 ἦν
2239 3987 2373 4056 πρὸς
2397 3986 2488 4040 τὸν
2521 3986 2676 4048 Θεὸν,
2722 4004 2740 4036 ι
2784 3984 3161 4038 ἐναποτίθεται
3195 3985 3294 4054 μέν
3326 4001 3379 4037 τι
3409 3986 3590 4054 νόημα

2017 4080 2081 4148 τῇ
2118 4078 2317 4148 καρδία
2339 4119 2352 4140 ,
2395 4079 2457 4130 οὺ
2498 4079 2604 4146 μὴν
2635 4076 2962 4146 σχηματίζει
2991 4077 3164 4146 αὐτὴν
3187 4117 3201 4141 ,
3251 4077 3371 4129 οὐδὲ
3402 4079 3586 4128 τυποῖ.

2017 4171 2088 4223 Τὸ
2117 4171 2239 4238 μὲν,
2276 4188 2294 4219 ι
2331 4168 2522 4222 Λαϐὼν
2572 4167 2758 4239 ἄρτον,
2795 4188 2812 4220 ι
2852 4170 3181 4239 σχηματίζει
3212 4169 3302 4221 τὸν
3329 4167 3485 4231 νοῦν,
3523 4169 3591 4220 τὸ

2015 4261 2094 4324 δὲ,
2125 4279 2144 4308 ι
2174 4261 2394 4326 κλάσαι,
2427 4279 2445 4311 ι
2476 4260 2639 4313 πάλιν
2669 4261 2829 4312 τυποῖ
2856 4259 2947 4312 τὸν
2978 4259 3126 4314 νοῦν.
3157 4259 3231 4311 Τδ
3255 4261 3333 4324 δὲ,
3373 4281 3390 4311 ι
3430 4255 3588 4312 Εἶδον

2012 4350 2108 4402 τὸν
2138 4350 2342 4420 Κύριον
2385 4348 2692 4418 καθήμενον
2719 4349 2812 4402 ἐπὶ
2847 4349 3035 4418 θρόνου
3081 4351 3287 4419 ὑψηλοῦ
3314 4391 3328 4413 ,
3361 4352 3459 4403 καὶ
3489 4353 3590 4402 ἐπ-

2011 4443 2274 4512 ηρμένου,
2311 4461 2329 4492 ι
2365 4444 2527 4494 τυποῖ
2556 4441 2646 4494 τὸν
2686 4441 2810 4494 νοῦν
2853 4441 3023 4512 χωρὶς
3070 4442 3163 4495 τοῦ
3193 4483 3206 4506 ,
3245 4463 3262 4494 ι
3299 4440 3455 4496 Εἶδον
3491 4443 3587 4496 τὸν

2011 4533 2235 4604 Κύριον,
2275 4553 2292 4584 ι
2334 4535 2426 4586 καὶ
2457 4533 2519 4586 τὺ
2554 4534 2652 4602 μὲν
2689 4533 2851 4602 ῥητὸν
2881 4533 3026 4586 δοκεῖ
3059 4533 3269 4588 τυποῦν
3299 4535 3391 4586 τὸν
3431 4535 3584 4600 νοῦν,

2008 4627 2068 4678 τὸ
2095 4627 2150 4678 δὲ
2188 4629 2474 4695 σημαῖνον,
2502 4627 2561 4678 ού
2599 4629 2782 4678 τυποῖ.
2828 4625 3072 4695 Ἑώρακε
3105 4626 3213 4696 γὰρ
3255 4627 3586 4698 προφητικῷ

328 4721 446 4772 sine
493 4735 513 4768 c
551 4718 656 4772 vidi
687 4716 998 4778 Dominum,
1035 4734 1052 4766 ι
1100 4725 1154 4768 et
1200 4715 1406 4769 dictum
1437 4715 1656 4784 quidem
1690 4717 1904 4772 videtur

2026 4717 2274 4786 ἰφθαλμῷ
2325 4718 2424 4783 τὴν
2488 4719 2650 4786 φύσιν
2703 4719 2798 4788 τὴν
2859 4719 3082 4787 λογικὴν
3130 4718 3437 4787 ὑψωθεῖσαν
3493 4719 3586 4773 διὰ

327 4806 638 4875 imprimere
685 4805 901 4873 aliquod
947 4803 1161 4872 signum
1200 4803 1386 4866 n'tenti,
1421 4804 1564 4872 quod
1601 4813 1781 4859 autem
1826 4807 1900 4860 si-

326 4894 563 4964 gniﬁcat,
592 4907 695 4945 non
739 4891 1036 4960 imprimit;
1069 4892 1201 4944 vidit
1232 4891 1430 4960 quippe
1464 4892 1623 4944 oculo
1670 4893 1900 4961 prophe-

326 4988 433 5039 tico
466 4993 713 5036 naturam
755 4982 1074 5035 rationalem
1106 4983 1396 5046 elevatam,
1458 4997 1580 5050 qtae
1637 4983 1894 5052 practice.

322 5091 417 5135 seu
449 5075 733 5129 actualiter
754 5072 987 5139 suscepit
1025 5073 1075 5125 in
1117 5087 1176 5125 se
1205 5072 1318 5140 ipsa
1364 5073 1732 5140 cognitionem
1769 5071 1889 5135 Dei;

321 5167 392 5219 ibi
427 5179 660 5232 namque
706 5163 903 5218 dicitur
957 5161 1148 5215 sedere
1188 5161 1348 5226 Deus,
1390 5163 1480 5214 ubi
1517 5161 1887 5231 dignoscitur;

321 5257 441 5312 ideo
469 5270 602 5325 pura
626 5269 778 5308 mens
811 5254 1008 5306 dicitur
1049 5253 1140 5305 Dei
1183 5253 1432 5306 thronus.
1479 5252 1683 5307 Dicitur
1709 5264 1888 5308 autem

315 5356 372 5399 et
405 5346 618 5411 mulier,
662 5346 890 5398 tlu'ouus
923 5343 1220 5406 dedecoris,
1246 5344 1365 5396 loco
1387 5344 1621 5408 dicendi,
1645 5345 1788 5413 quod
1819 5345 1890 5398 sit

322 5439 498 5490 anima
517 5437 692 5506 justas
721 5450 804 5488 res
830 5433 954 5487 odio
982 5433 1216 5497 habens;
1250 5433 1484 5487 dedecus
1511 5450 1636 5488 vero
1664 5435 1880 5505 animae,

400 5615 443 5647 δ’
475 5611 663 5666 Matth.
707 5626 840 5676 xxu,
868 5611 1017 5666 2-H.
1099 5612 1143 5644 ⁸ο
1165 5611 1321 5666 Joan.
1357 5627 1394 5674 ι,
1440 5611 1489 5665 l.

1566 5611 1609 5644 “
1654 5610 1844 5666 Matth.
1885 5628 2033 5678 xxvi,
2065 5611 2154 5668 26.

2007 4810 2314 4876 πρακτικῆς
2345 4808 2645 4876 δεξαμένην
2679 4810 2734 4860 ἐν
2764 4809 2930 4876 ἑαυτῇ
2974 4809 3073 4877 τὴν
3117 4809 3317 4876 γνῶσιν
3341 4808 3442 4879 τὴν
3481 4809 3580 4862 τοῦ

2003 4897 2158 4950 Θεοῦ.
2206 4898 2350 4948 Ἐκεῖ
2382 4897 2490 4967 γάρ
2538 4899 2754 4963 λέγεται
2783 4896 3114 4960 καθέζεσθαι
3146 4897 3298 4960 Θεὸς,
3323 4899 3452 4951 ἔνθα
3495 4916 3584 4964 γι-

2003 4986 2298 5048 νώσκεται,
2323 4986 2459 5056 διότι
2490 4987 2581 5038 καὶ
2619 4986 2805 5056 θρόνος
2835 4985 3054 5052 λέγεται
3079 4987 3214 5040 Θεοῦ
3245 4988 3370 5050 νοῦς
3399 4988 3578 5042 καθα-

2002 5077 2112 5144 ρός.
2143 5076 2373 5140 Λέγεται
2397 5075 2452 5127 δὲ
2483 5078 2576 5128 καὶ
2605 5076 2787 5145 θρόνος
2823 5077 3046 5146 ἀτιμίας
3091 5078 3268 5147 γυνὴ,
3299 5080 3419 5130 ἀντὶ
3445 5079 3570 5142 τοῦ,

1999 5165 2145 5235 ψυχὴ
2173 5165 2428 5234 ,μισοῦσα
2459 5165 2660 5228 δίκαια,
2705 5165 2901 5234 ἀτιμία
2949 5166 3003 5218 δὲ
3045 5165 3219 5236 ψυχῆς
3249 5169 3436 5232 κακία,
3479 5170 3576 5221 καὶ

1998 5254 2256 5320 ἀγνωσία.
2301 5255 2372 5307 Τὸ
2409 5255 2588 5307 τοίνυν
2644 5256 2820 5325 νόημα
2865 5256 2958 5308 τοῦ
3007 5256 3164 5323 Θεοῦ,
3207 5259 3306 5310 οὐκ
3359 5262 3418 5311 ὲν
3457 5262 3576 5321 τοῖς

1995 5343 2224 5397 τυποῦσι
2270 5345 2363 5397 τὸν
2393 5344 2540 5408 νοῦν,
2591 5344 2728 5398 ἀλλὰ
2772 5347 2886 5408 τοῖς
2923 5348 3158 5416 νοήμασι
3203 5351 3316 5412 τοῖς
3360 5349 3434 5418 μὴ
3471 5365 3568 5401 τυ-

1996 5433 2154 5486 ποῦσι
2195 5435 2284 5487 τὸν
2311 5433 2455 5489 νοῦν.
2492 5434 2637 5487 Διότι
2663 5435 2752 5488 τδν
2791 5438 3224 5508 προσευχόμενον
3250 5439 3330 5492 δεῖ
3357 5439 3569 5492 παντά-

2233 5615 2276 5646 ⁶²
2307 5612 2438 5667 ibid.
2518 5613 2564 5646 ⁸³
2601 5613 2705 5672 lsa.
2747 5630 2818 5680 vn,
2858 5616 2906 5672 l.
