3994 6182
413 216 546 277 L229

1431 207 1529 277 DE
1586 219 1957 279 MALIGNIS
1990 218 2647 283 COGITATIONIBUS.

3523 219 3654 281 19230

407 349 543 386 πασι
601 332 932 401 χωρίζεσθαι
963 333 1069 386 τῶν
1095 333 1408 387 τυπούντων
1436 335 1524 387 τὸν
1557 335 1707 388 νοῦν.
1746 338 1854 388 Καὶ
1893 335 1985 405 ζη-

2094 338 2296 390 malitia
2319 348 2421 401 est,
2449 349 2502 392 et
2538 337 2862 408 ignorantia.
2907 337 3068 390 Notio
3097 335 3259 406 igitur
3306 334 3395 388 Dei
3438 349 3539 387 non
3572 334 3658 386 in-

406 425 611 492 τήσεις,
642 425 821 492 εἴπερ,
876 425 951 487 ὡς
979 424 1089 494 ἔχει
1142 427 1234 477 ἐπὶ
1263 427 1370 477 τῶν
1429 427 1723 494 σωμάτων,
1753 428 1848 478 καὶ
1876 427 1988 477 τῶν

407 513 684 582 λογισμῶν
711 514 921 578 αὐτῶν,
960 514 1130 578 οὕτως
1173 515 1312 585 ἔχει,
1365 519 1456 569 καὶ
1487 518 1577 568 ἐπὶ
1617 517 1726 569 τῶν
1759 517 1985 586 άσωμάυ

408 623 534 669 των,
573 605 802 656 καὶτῶν
837 604 1009 672 λόγων
1037 606 1237 667 αὐτῶν,
1291 608 1383 658 καὶ
1425 608 1598 670 ἄλλως
1629 608 1728 674 μὲν
1777 608 1803 658 6
1862 607 1986 669 νοῦς

407 696 788 766 τυπωοήσεται
841 696 984 766 ὁρῶν
1035 697 1180 760 νοῦν,
1238 701 1333 750 καὶ
1376 698 1551 761 ἄλλως
1605 699 1988 768 διατεθήσεται

407 787 548 858 ὁρῶν
594 787 686 839 τὸν
730 786 888 854 λόγον
928 787 1128 853 αύτοῦ;
1189 787 1469 842 Ἐντεῦθεν
1517 790 1574 842 δὲ
1620 789 1986 857 γινώσκομεν,

408 880 525 944 πῶς
619 880 820 948 γνῶσις
853 883 884 950 ἡ
914 881 1260 950 πνευματικὴ
1310 882 1572 951 ἀφίστησι
1602 881 1694 932 τὸν
1726 877 1850 933 νοῦν
1881 879 1986 932 τῶν

407 972 695 1040 νοημάτων
726 971 834 1023 τῶν
868 972 1185 1024 τυπούντων
1213 971 1394 1034 αὐτὸν,
1423 970 1708 1024 ἀτύπωτον
1737 969 1794 1022 δὲ
1825 971 1986 1024 αὐτὸν

407 1062 708 1133 παρίστησι
745 1061 822 1132 τῷ
853 1061 1005 1131 Θεῷ,
1039 1061 1172 1114 διότι
1203 1061 1264 1114 τὸ
1288 1061 1380 1114 τοῦ
1411 1059 1546 1113 Θεοῦ
1583 1061 1768 1131 νόημα
1797 1062 1897 1114 οὐκ
1927 1064 1986 1114 ὲν

406 1158 520 1218 τοῖς
553 1154 819 1207 τυποῦσίν
846 1155 994 1206 ἐστιν
1021 1170 1033 1182 ·
1062 1154 1124 1206 οὐ
1155 1154 1264 1224 γάρ
1291 1154 1408 1206 ἐστι
1433 1153 1590 1223 σῶμα
1629 1156 1656 1206 6
1685 1153 1838 1220 Θεδς,
1869 1154 1986 1208 ἀλλ’

409 1246 466 1296 ὲν
492 1247 606 1306 τοῖς
637 1243 712 1315 μὴ
744 1244 974 1297 τυποῦσι
1013 1244 1234 1314 μᾶλλον.
1271 1245 1443 1298 Πάλιν
1465 1247 1576 1297 τῶν
1611 1245 1987 1317 θεωρημάτων

407 1335 516 1386 τῶν
547 1336 622 1404 μὴ
651 1335 963 1388 τυπούντων
992 1336 1080 1387 τὸν
1110 1335 1256 1399 νοῦν,
1286 1335 1353 1389 τά
1382 1335 1480 1404 μὲν
1504 1336 1692 1390 οὐσίαν
1725 1338 1985 1406 σημαίνει

410 1426 738 1494 ἀσωμάτων,
773 1428 841 1480 τά
878 1426 935 1478 δὲ
983 1427 1109 1490 τοὺς
1147 1426 1340 1494 λόγους
1375 1426 1590 1480 αὐτῶν
1640 1430 1736 1481 καὶ
1767 1429 1865 1498 οὐχ
1911 1429 1986 1490 ὡς

409 1517 632 1568 ἐπὶτῶν
663 1517 931 1586 σωμάτων
964 1516 1274 1587 συμϐαίνει,
1303 1515 1446 1569 οὕτω
1469 1517 1566 1570 καὶ¹
1593 1518 1816 1571 ἐπὶτῶν
1843 1522 1986 1572 ἀσω-

412 1608 632 1676 μάτων·
678 1610 770 1662 ὲπὶ
819 1610 916 1678 μὲν
948 1608 1056 1678 γὰρ
1090 1609 1198 1662 τῶν
1228 1607 1496 1678 σωμάτων
1532 1609 1600 1662 τά
1650 1610 1747 1678 μὲν
1782 1608 1982 1662 ἐτύπου

410 1698 500 1750 τὸν
529 1698 652 1752 νοῦν
679 1740 693 1766 ,
726 1700 795 1753 τά
825 1701 880 1752 δὲ
910 1701 1011 1753 οὐκ
1050 1699 1250 1753 ὲτύπου
1272 1715 1286 1729 ·
1329 1697 1567 1752 ἐνταῦθα
1614 1699 1672 1752 δὲ
1703 1697 1983 1768 οὐδέτερον

410 1788 588 1860 νόημα
620 1793 709 1843 τὸν
745 1791 866 1844 νοῦν
889 1793 1071 1844 τυποῖ.

2091 429 2340 482 venietur
2380 429 2518 482 inter
2545 431 2816 493 notiones,
2847 444 2968 498 quae
3002 429 3165 482 menti
3207 427 3420 498 signum
3465 427 3655 494 impri-

2091 526 2264 583 munt,
2299 534 2484 572 verum
2516 519 2656 574 inter
2705 519 2972 578 notiones,
3013 533 3135 587 qua:
3175 532 3283 570 non
3343 515 3660 584 imprimunt

2089 607 2306 674 aliquod
2339 608 2552 677 signum
2589 609 2776 662 menti.
2831 607 3054 676 Oportet
3100 606 3244 660 enim
3295 605 3442 676 quod
3477 605 3522 658 is
3562 605 3657 672 qui

2089 706 2209 750 orat
2236 711 2360 751 sese
2389 699 2628 752 totalitcr
2681 715 2709 751 τι
2763 697 3076 752 notionibus
3123 706 3355 766 separet,
3403 711 3525 766 qum
3553 699 3660 748 lm-

2088 789 2330 857 primunt
2374 789 2587 859 signum
2635 790 2822 843 menti.
2864 789 2928 842 Et
2970 788 3211 857 inquires
3266 803 3356 852 an,
3395 797 3454 841 ut
3480 802 3537 841 se
3575 802 3662 839 res

2091 879 2251 934 habet
2298 880 2352 933 in
2418 880 2759 950 corporibus.
2809 879 3166 948 ipsorumque
3212 876 3658 944 cogitationibus.

2089 969 2168 1023 sic
2209 984 2268 1023 se
2334 968 2532 1025 haheat
2585 971 2748 1024 etiam
2809 970 2862 1022 in
2913 967 3267 1037 incorporeis,
3313 967 3662 1035 ipsorumque

2088 1063 2357 1134 cogitatis,
2411 1079 2506 1117 seu
2544 1061 2922 1132 conceptibus,
2973 1069 3026 1114 et
3071 1061 3208 1114 alias
3235 1057 3454 1129 quidem
3507 1070 3662 1110 mens

2089 1155 2276 1210 videns
2328 1165 2562 1210 mentem
2628 1154 2973 1217 informetur,
3031 1167 3125 1207 seu
3199 1151 3568 1220 imprimatur,
3610 1155 3666 1202 et

2087 1247 2222 1301 alias
2262 1245 2583 1312 disponatur
2631 1245 2821 1300 videns
2861 1246 3033 1315 ipsius
3066 1240 3666 1313 conceptum?Exindc

2087 1354 2213 1393 vero
2269 1339 2673 1408 cognoscimus,
2735 1338 3013 1408 quomodo
3077 1335 3318 1405 COgnitio
3365 1331 3666 1403 spiritualis

2087 1439 2319 1483 mentem
2367 1440 2579 1498 separet
2647 1446 2676 1482 a
2732 1429 3068 1494 notionibus,
3117 1444 3238 1497 quae
3297 1425 3400 1494 ipsi
3445 1424 3666 1494 signum

2086 1517 2426 1586 imprimunt,
2457 1531 2690 1584 eamque
2736 1516 2898 1571 sistat
2939 1515 3048 1570 Deo
3103 1515 3252 1570 onmi
3305 1511 3668 1581 impressione

2085 1618 2394 1671 carentem;
2429 1610 2555 1676 quia
2601 1608 2854 1662 nimirum
2879 1609 3030 1661 notio
3047 1607 3112 1661 de
3145 1607 3251 1659 Deo
3278 1616 3387 1659 non
3413 1614 3497 1658 est
3525 1603 3668 1656 inter

2092 1699 2344 1753 notiones
2377 1699 2752 1767 imprimentes
2795 1695 3010 1768 aliquod
3059 1699 3274 1767 signum
3327 1694 3515 1760 menti,
3567 1707 3670 1746 nec

2011 1783 2058 1843 Β
2089 1790 2237 1844 enim
2282 1789 2426 1846 Deus
2479 1798 2564 1845 est
2606 1806 2824 1860 corpus,
2858 1789 2952 1844 sed
2995 1789 3168 1861 magis
3201 1789 3340 1843 inter
3399 1800 3514 1849 eas,
3544 1797 3670 1854 qua:

412 1898 520 1937 non
545 1885 882 1954 imprimunt.
914 1885 1124 1940 Rursus
1155 1899 1185 1939 e
1223 1880 1800 1952 contemplationibus,
1825 1895 1947 1950 qua:
1984 1882 2151 1936 menti
2182 1897 2290 1938 non
2323 1883 2900 1958 imprimuntsignum,
2928 1887 3123 1956 aliqua!
3145 1883 3364 1954 quidem
3394 1881 3556 1951 539
3577 1893 3670 1934 es-

410 1977 640 2031 sentiam
699 1971 1002 2046 significant
1078 1975 1547 2044 incorporcorum,
1595 1973 1792 2042 aliqua
1845 1988 1976 2027 vero
2012 1971 2253 2030 rationes
2295 1977 2576 2045 ipsorum;
2643 1995 2820 2048 neque
2883 1979 3042 2033 sicuti
3073 1977 3338 2046 contingit
3371 1975 3425 2028 in
3468 1989 3669 2043 corpo-

412 2068 586 2132 ribus,
619 2070 764 2123 itaet
791 2070 842 2123 in
875 2069 1288 2139 incorporeistit
1313 2088 1327 2123 :
1356 2069 1408 2122 in
1437 2067 1760 2137 corporibus
1819 2069 2016 2123 ctenim
2056 2064 2162 2124 alia
2205 2069 2426 2140 quidem
2504 2073 2668 2126 tuenti
2708 2076 2922 2143 signum
2967 2073 3349 2142 imprimebant
3397 2071 3498 2143 (ut
3523 2069 3668 2123 dixi-

412 2169 578 2233 mus),
611 2166 714 2218 alia
750 2179 880 2219 vero
909 2179 1020 2218 non
1061 2163 1442 2232 imprimebant
1467 2183 1482 2232 ;
1511 2165 1600 2219 hic
1631 2172 1813 2220 autem
1851 2174 2041 2220 neutra
2075 2167 2227 2221 notio
2251 2165 2467 2236 signum
2503 2168 2765 2236 imprimit
2797 2169 2989 2223 menti.

975 2279 1224 2333 ΚΕΦΑΛ.
1263 2280 1391 2333 KE’.

483 2391 654 2444 Ὅταν
691 2391 720 2442 6
749 2391 848 2460 τῆς
880 2392 1324 2464 γαστριμαργίας
1372 2392 1542 2447 πολλὰ
1588 2393 1682 2445 καὶ
1718 2392 1980 2456 πολλάκις

410 2481 822 2551 ἀγωνισάμενος
849 2483 1060 2551 δαίμων
1093 2485 1166 2554 μὴ
1199 2485 1392 2555 ἰσχύσῃ
1423 2485 1732 2554 διαφθεῖραι
1765 2485 1862 2550 τὴν
1901 2502 1985 2536 τε-

410 2574 740 2643 τυπωμένην
771 2575 1124 2643 ἐγκράτειαν,
1145 2577 1262 2629 τότε
1287 2579 1366 2639 είς
1389 2576 1680 2645 ἐπιθυμίαν
1703 2577 1987 2644 ἀσκήσεως

411 2666 721 2735 ἀκροτάτης
755 2665 1016 2735 ἐμϐάλλει
1051 2667 1140 2718 τὸν
1179 2667 1326 2732 νοῦν,
1379 2665 1438 2732 ἐξ
1485 2661 1559 2721 ὧν
1607 2671 1702 2721 καὶ
1745 2668 1813 2720 τα
1861 2667 1987 2738 περὶ

409 2757 500 2810 τὸν
549 2755 752 2826 Δανιὴλ
781 2759 862 2819 εἰς
899 2757 1067 2827 μέσον
1104 2758 1294 2829 φέρει,
1342 2759 1438 2829 τὴν
1477 2759 1738 2829 πενιχρὰν
1772 2759 1986 2826 ἐκείνην

410 2847 582 2919 ζωὴν,
615 2848 709 2901 καὶ
742 2847 810 2900 τά
844 2849 1132 2918 σπέρματα
1157 2889 1170 2910 ,
1205 2851 1296 2902 καί
1344 2867 1508 2902 τινων
1551 2850 1729 2902 ἄλλων
1768 2851 1981 2920 ἀναχωι

414 2939 592 3010 ρητῶν
622 2939 953 3010 μνημονεύει
987 2939 1332 3010 βεϐιωκότων
1368 2941 1456 2995 διὰ
1486 2940 1688 3003 παντὸς
1721 2941 1914 3005 οὓτως,
1945 2943 1978 3012 ἢ

2632 2280 2860 2336 CAPUT
2910 2280 3073 2334 XXV.

2157 2394 2388 2460 Quando
2444 2396 2581 2466 gulae
2625 2395 2974 2462 daemonium,
3014 2411 3137 2450 cum
3185 2410 3280 2464 per
3311 2396 3502 2460 multa,
3536 2396 3668 2448 mul-

2083 2486 2353 2554 totiesque
2443 2487 2773 2550 dccertarit,
2850 2501 2958 2540 non
3041 2485 3272 2540 valuerit
3345 2486 3666 2554 impressam

2084 2578 2368 2634 destruere
2406 2579 2819 2644 continentiam,
2865 2589 2994 2633 tunc
3044 2578 3110 2631 ad
3147 2593 3377 2632 summa:
3404 2577 3667 2632 exercita-

2093 2670 2257 2724 tionis
2302 2671 2632 2725 desiderium
2698 2681 2931 2725 mentem
2989 2669 3249 2738 impellit;
3308 2668 3667 2738 quamobrem

2091 2770 2298 2816 tumea
2345 2762 2412 2816 de
2469 2760 2685 2816 Daniele
2743 2763 2797 2814 in
2843 2763 3080 2814 medium
3125 2748 3358 2829 profert,
3402 2759 3665 2814 nimirum

2090 2867 2380 2920 pauperem
2421 2851 2565 2905 illam
2603 2852 2788 2912 vitam,
2841 2861 2893 2904 et
2937 2849 3191 2904 semina:
3229 2858 3341 2904 tum
3398 2849 3661 2918 quosdam

2090 2937 2224 2992 alios
2273 2939 2630 2992 anacltoretas
2689 2947 3103 3002 commemorat,
3160 2938 3253 3008 qui
3305 2953 3521 3008 semper
3581 2938 3662 2991 sic

411 3030 770 3100 ἀρξαμένων,
819 3033 912 3084 καί
968 3031 1172 3085 τούτων
1231 3033 1474 3102 μιμητὴν
1536 3032 1783 3102 γενέσθαι
1851 3049 1977 3085 κατ-

2095 3029 2382 3091 vixerunt,
2434 3039 2526 3082 aut
2579 3030 2932 3099 inceperunt,
2991 3031 3296 3098 horumque
3351 3040 3503 3094 urget
3549 3029 3663 3082 fieri

408 3123 706 3190 αναγκάζει
727 3140 738 3151 ·
759 3123 845 3176 ἵνα
865 3123 962 3192 τὴν
985 3123 1223 3194 ἄμετρον
1248 3123 1459 3176 διώκων
1480 3124 1827 3195 ἐγκράτειαν,
1845 3126 1983 3177 ἁπο-

410 3212 545 3281 τύχῃ
576 3216 671 3265 καὶ
699 3213 800 3282 τῆς
833 3216 1177 3284 συμμετρίας
1208 3214 1302 3266 τοῦ
1335 3215 1585 3284 σώματος
1637 3215 1712 3284 μὴ
1745 3215 1984 3285 ἐπαρκέ-

412 3319 601 3365 σαντος
634 3304 720 3356 διὰ
751 3306 848 3374 τὴν
879 3306 1086 3358 οἰκείαν
1116 3305 1425 3370 ἀσθένειαν,
1451 3308 1619 3369 ὅντως
1647 3307 1884 3372 εὐλογῶν
1907 3305 1984 3375 τῷ

413 3393 647 3462 σώματι.
686 3396 1201 3467 καὶοκαταρώμενος
1239 3400 1306 3467 τῇ
1337 3397 1572 3467 καρδίᾳσ
1603 3392 1646 3462 ᾧ
1684 3398 1758 3466 μὴ
1795 3397 1982 3449 πείθε-

413 3478 535 3532 σθαι
564 3481 770 3533 δίκαιον
797 3482 1022 3546 τούτους
1052 3485 1260 3551 νομίζω
1281 3523 1296 3548 ,
1355 3485 1491 3554 μηδὲ
1528 3485 1833 3553 ἀπέχεσθαι
1878 3485 1980 3555 ἄρ-

407 3587 524 3636 του,
550 3573 640 3624 καὶ
668 3573 872 3640 ἐλαίου,
891 3576 984 3626 καὶ
1019 3574 1232 3636 ὓδατος.
1259 3576 1302 3626 Τ
1305 3575 1475 3645 αύτην
1505 3574 1614 3644 γὰρ
1640 3573 1740 3644 τὴν
1771 3574 1981 3628 δίαιταν

410 3663 550 3715 πάνυ
581 3662 874 3733 καλλίστην
901 3667 950 3717 ot
985 3664 1206 3732 ἀδελφοὶ
1254 3666 1626 3736 πεπειράκασι
1649 3705 1664 3730 ,
1707 3666 1800 3718 καὶ
1829 3665 1982 3718 τοῦτο

409 3753 469 3806 ού
507 3754 645 3822 πρὸς
673 3754 855 3826 κόρον,
896 3757 989 3809 καὶ
1020 3755 1167 3819 ἅπαξ
1195 3759 1274 3820 είς
1305 3757 1404 3827 τὴν
1433 3756 1672 3828 ἡμέραν.
1705 3757 1981 3828 Θαυμάζω

409 3846 518 3914 γὰρ
544 3846 598 3897 εἴ
623 3864 726 3910 τις,
755 3848 921 3916 ἄρτου
952 3847 1046 3901 καὶ
1076 3846 1268 3912 ὓδατος
1306 3851 1720 3919 κορεννύμενος,
1754 3849 1980 3919 δυνήσε-

410 3952 498 3988 ται
527 3935 617 3988 τὸν
642 3935 743 4004 τῆς
773 3935 1043 3998 ἀπαθείας
1085 3937 1449 4004 ὑποδέξασθαι
1478 3939 1762 4006 στέφανον.
1811 3939 1979 3992 Ἀπά-

412 4027 562 4078 θειαν
589 4026 646 4078 δὲ
674 4025 816 4094 λέγω
834 4066 848 4089 ,
881 4028 942 4080 ού
969 4027 1066 4098 τὴν
1092 4029 1387 4082 κατάλυσιν
1417 4029 1514 4098 τῆς
1546 4029 1666 4082 κατ’
1694 4029 1980 4099 ἐνέργειαν

410 4117 686 4188 ἁμαρτίας
711 4159 726 4184 ,
765 4117 900 4188 αῦτη
932 4118 1040 4191 γὰρ
1089 4121 1384 4189 ἐγκράτεια
1414 4120 1667 4187 λέγεται,
1711 4121 1847 4173 ἀλλὰ
1884 4121 1982 4192 τὴν

410 4207 553 4259 κατὰ
579 4206 822 4260 διάνοιαν
847 4211 974 4270 τοὺς
1000 4210 1270 4279 ἐμπαθεῖς
1292 4209 1586 4280 λογισμοὺς
1616 4211 1980 4280 περικόπτου-

413 4314 535 4362 σαν,
580 4299 772 4366 ἥντινα
813 4301 908 4354 καὶ
942 4300 1318 4370 πνευματικὴν
1364 4302 1666 4372 περιτομὴν
1707 4301 1802 4354 τοῦ
1850 4319 1982 4374 κρυ-

2085 3119 2338 3172 ωιιιιιιιιηι
2375 3135 2438 3172 ac
2476 3119 2802 3172 imitatorem
2841 3128 2921 3183 ut,
2963 3122 3090 3174 dum
3136 3119 3480 3173 immodicam
3533 3135 3666 3174 cou-

2085 3221 2325 3266 sectatur
2365 3211 2782 3272 continentiam,
2829 3208 3123 3266 frustretur
3169 3213 3330 3266 etiam
3383 3213 3664 3266 moderato

2083 3304 2332 3371 corporis
2369 3313 2538 3367 statu,
2587 3320 2693 3357 non
2743 3304 2810 3358 iis
2850 3306 3086 3357 contenti
3131 3313 3351 3373 propter
3385 3303 3664 3373 propriam

2083 3394 2496 3458 infirmitatem;
2547 3409 2673 3446 vere
2737 3396 2952 3462 corpori
3005 3395 3376 3448 benedicendo
3426 3395 3664 3464 (daemon

2084 3484 2196 3552 ille)
2235 3493 2288 3538 et
2319 3484 2469 3537 cordi
2521 3485 2936 3538 maledicendu:
2970 3485 3058 3538 cui
3097 3486 3242 3552 ipsos
3283 3500 3391 3538 non
3439 3486 3665 3540 obedire

2081 3573 2291 3643 justum
2325 3589 2554 3636 censeo,
2604 3590 2779 3644 neque
2821 3575 3096 3630 abstinere
3145 3565 3306 3646 pane,
3349 3584 3400 3630 et
3429 3577 3576 3641 oleo,
3610 3586 3666 3632 et

2084 3680 2260 3735 aqua;
2296 3665 2436 3719 hanc
2474 3669 2619 3720 enim
2650 3667 2862 3720 vivendi
2897 3667 3126 3720 formam
3161 3682 3375 3721 summe
3399 3668 3664 3736 optimam

2091 3755 2288 3808 fratres
2348 3755 2556 3822 experti
2608 3764 2775 3822 sunt;
2829 3755 3042 3825 hocque
3077 3771 3183 3810 non
3228 3758 3294 3812 ad
3333 3758 3662 3824 satietatem,

2083 3857 2138 3900 et
2164 3847 2332 3901 semel
2384 3855 2590 3900 tantum
2638 3846 2692 3900 in
2759 3848 2926 3902 diem.
2964 3847 3224 3902 Admiror
3281 3848 3481 3917 quippe
3518 3847 3667 3918 quod

2084 3938 2229 4006 quis,
2263 3936 2306 3991 si
2333 3952 2470 4006 pane
2492 3945 2546 3991 et
2567 3951 2709 4007 aqua
2732 3939 2962 3992 satiatus
2997 3937 3182 4004 fuerit,
3210 3940 3380 4009 possit
3401 3954 3666 3994 coronam

2085 4029 2299 4100 assequi
2330 4029 2579 4083 carentia:
2609 4029 2943 4098 passionum.
2981 4029 3317 4086 Vacuitatem
3345 4032 3664 4101 passionum

2085 4135 2240 4184 voco,
2266 4135 2373 4174 non
2405 4121 2742 4176 eversionem
2786 4121 3013 4175 actualis
3069 4122 3296 4191 peccati,
3331 4123 3443 4178 tunc
3473 4139 3669 4193 nempe

2085 4194 2284 4264 dicitur
2303 4209 2654 4276 continentia,
2673 4211 2765 4264 sed
2784 4224 2925 4274 eam,
2949 4225 3069 4280 quae
3091 4209 3528 4267 intellectualiter
3549 4227 3670 4283 pas-

2087 4301 2336 4358 sionibus
2361 4301 2581 4357 adfectas
2615 4303 2971 4372 cogitationes
3002 4303 3382 4368 circumsecat,
3416 4321 3580 4374 quam
3613 4312 3670 4358 et

413 4389 550 4456 πτοῦ
603 4390 860 4444 Ἰουδαίου
909 4393 942 4444 6
986 4391 1142 4458 ἅγιος
1197 4392 1410 4455 Παῦλος
1462 4392 1764 4462 ὠνόμασεν.
1813 4395 1876 4446 Εί
1925 4394 1978 4446 δὲ

2089 4393 2424 4462 spiritualem
2446 4393 2923 4451 circumcisionem
2966 4396 3164 4450 occulti
3220 4393 3393 4450 Judaei
3443 4405 3667 4450 sanctus

412 4479 618 4548 ἀθυμεῖ
665 4497 750 4544 τις
807 4479 900 4534 ἐπὶ
947 4484 1062 4543 τοῖς
1107 4481 1367 4550 λεχθεῖσι,
1418 4483 1848 4551 μνημονευσάτω
1888 4482 1983 4535 τοῦ

413 4574 644 4637 σκεύους
674 4574 778 4642 τῆς
808 4571 1064 4641 ἐκλογῆς,
1109 4572 1456 4637 Ἀποστὸλου,
1492 4574 1550 4624 ἐν
1584 4571 1728 4642 λιμῷ
1765 4574 1858 4625 καὶ
1904 4572 1984 4626 δί-

331 4709 334 4712 ,
410 4667 504 4732 ψει
535 4664 629 4718 τὸν
677 4663 879 4734 δρόμον
909 4663 1250 4727 τελέσαντος.
1290 4664 1554 4733 Μιμεῖται
1586 4662 1644 4716 δὲ
1676 4663 1768 4716 καὶ
1812 4664 1841 4715 6
1885 4660 1985 4731 τῆς

413 4752 672 4822 ἀληθείας
697 4753 993 4816 ἀντίπαλος
1021 4754 1049 4805 6
1078 4755 1176 4824 τῆς
1205 4752 1434 4822 ἀκηδίας
1457 4750 1664 4821 δαίμων
1685 4750 1874 4804 τοῦτον
1893 4751 1985 4804 τὸν

411 4846 678 4915 δαίμονα,
741 4845 1050 4914 ἀκροτάτην
1113 4845 1466 4914 ἀναχώρησιν
1526 4843 1604 4914 τῷ
1669 4842 1985 4913 καρτερικῷ

413 4937 754 4999 ύποῦάλλων,
792 4938 870 4998 είς
903 4935 1068 5005 ζῆλον
1101 4934 1581 5006 προσκαλούμενος
1615 4932 1860 4986 Ἰωάννου
1888 4933 1981 4986 τοῦ

413 5028 745 5092 Βαπτιστοῦ,
783 5029 877 5080 καὶ
902 5029 1001 5097 τῆς
1030 5029 1284 5099 ἀπαρχῆς
1319 5026 1428 5078 τῶν
1453 5024 1822 5095 ἀναχωρητῶν
1865 5026 1984 5076 Ἀνρ

411 5121 629 5184 τωνίου,
647 5120 752 5184 ίνα,
783 5121 856 5189 μὴ
883 5119 1158 5190 βαστάσας
1187 5119 1284 5187 τὴν
1309 5118 1551 5187 χρονίαν,
1578 5118 1671 5168 καὶ
1695 5115 1986 5186 ἁπάνθρω-
2029 5139 2034 5150 ·

415 5229 516 5264 πον
563 5209 932 5282 ἀναχώρησιν,
987 5210 1137 5282 φύγῃ
1184 5211 1304 5279 μετ’
1351 5209 1637 5280 αἰσχύνης,
1685 5209 1774 5262 τὸν
1825 5208 1988 5262 τόπον

415 5303 750 5365 καταλιπὼν,
819 5303 912 5355 καὶ
979 5303 1140 5364 αὐτὸς
1187 5301 1371 5354 λοιπὸν
1424 5299 1779 5372 καυχώμενος
1833 5301 1986 5374 είπῃ,

424 5411 441 5443 ι
456 5392 678 5462 Ἰσχυσα
712 5393 850 5463 πρὸς
885 5393 1071 5447 αὐτόν.
1087 5411 1104 5439 ι

489 5600 536 5630 ⁸⁵
564 5597 721 5655 Rom.
753 5617 813 5665 ιι,
846 5601 934 5656 29.
1014 5602 1058 5633 ⁸⁵
1086 5601 1230 5656 Psal.
1263 5617 1359 5667 xu,
1390 5601 1442 5654 5.

2089 4479 2293 4538 Paulus
2325 4483 2628 4538 nominavit
2648 4484 2694 4517 δ’
2720 4501 2734 4550 ;
2779 4485 2821 4538 si
2853 4499 2983 4538 vero
3011 4485 3138 4554 quis
3160 4485 3402 4538 animum
3433 4485 3668 4553 despon-

2088 4575 2214 4638 deat
2269 4575 2540 4645 superbis
2591 4591 2713 4643 quae
2761 4575 2906 4630 dicta
2949 4585 3101 4638 sunt,
3160 4575 3476 4630 recordetur
3522 4575 3667 4630 vasis

2087 4666 2370 4720 electionis
2419 4665 2685 4735 Apostoli,
2729 4667 2822 4736 qui
2868 4667 2922 4720 in
2976 4667 3120 4722 fame
3167 4681 3232 4721 ac
3292 4663 3380 4721 siti
3441 4681 3664 4720 cursum

2090 4755 2254 4827 5&0
2291 4757 2708 4810 consummavit.
2747 4757 2887 4822 Quin
2927 4766 2982 4810 et
3029 4757 3272 4812 veritatis
3321 4755 3667 4812 adversarius

2093 4849 2302 4902 daemon
2350 4847 2440 4901 ille
2497 4847 2738 4909 desidiae,
2802 4847 2968 4902 istum
3018 4847 3268 4904 imitatur
3321 4848 3662 4911 daemonem,

2093 4954 2362 4993 summam
2395 4940 2760 4994 secessionem
2791 4939 3078 4994 tolerantia
3110 4939 3336 5008 praedito
3370 4952 3666 5007 suggerens
3709 4926 3712 4928 ’

2092 5029 2161 5082 ad
2208 5028 2605 5083 aemulationem
2681 5027 3024 5096 provocando
3083 5025 3310 5081 Joannis
3372 5026 3664 5095 Baptistae,

2093 5128 2252 5186 atque
2279 5117 2642 5188 primitiarum
2673 5117 3134 5170 auachoretaru‘m
3166 5115 3411 5175 Antonii.
3441 5123 3520 5176 ut,
3555 5129 3666 5167 non

2093 5217 2318 5278 portans
2358 5209 2676 5262 diuturnum
2700 5216 2753 5260 et
2775 5206 3137 5260 inhumanum
3165 5221 3466 5269 secessum,
3498 5205 3668 5272 fugiat

2094 5314 2217 5353 cum
2265 5298 2493 5368 pudore,
2549 5283 2728 5352 locum
2777 5296 3184 5364 derelinquens,
3231 5302 3285 5348 et
3323 5295 3437 5364 ipse
3480 5302 3665 5362 postea

2092 5389 2485 5460 gloriabundus
2512 5389 2658 5445 dicat
2684 5407 2696 5443 :
2742 5407 2760 5440 ι
2792 5387 3057 5442 Praevalui
3089 5385 3352 5442 adversus
3379 5397 3506 5440 eum
3536 5381 3606 5438 “.
3640 5396 3665 5436 ι
