3990 6204
885 427 1109 483 CAPle
1150 428 1355 486 XXVI.

410 545 636 613 Impune
679 541 1031 611 cegitationcs
1073 543 1275 596 multas
1320 541 1577 595 materias
1617 540 1683 593 ad
1736 542 1911 595 incre-

335 646 578 692 mentum
631 633 940 702 excipiunt,
997 640 1161 702 atque
1229 631 1418 687 multis
1468 631 1911 686 coextenduntur

337 728 542 791 rebus;
604 726 806 780 etenim
876 724 1316 778 intellectualitcr
1370 738 1568 792 magna
1630 721 1912 791 trajiciunt

338 815 511 868 maria
544 824 598 868 et
642 814 939 884 longinqua
979 812 1249 867 conficere
1280 826 1385 865 non
1426 820 1678 867 recusant
1718 811 1909 867 itinera

336 909 406 962 ob
436 907 733 978 plurimum
774 905 1043 975 passionis
1074 904 1373 970 fervorem;
1416 920 1537 974 qua:
1569 914 1749 959 autem
1783 915 1912 961 sunt

335 1008 617 1068 utcunque
680 995 1018 1065 purificatre,
1076 994 1375 1057 exsistunt,
1428 993 1718 1063 plusquam
1785 993 1907 1060 illae,

336 1090 624 1152 arctiores,
682 1102 804 1140 cum
860 1085 1048 1139 multis
1105 1100 1223 1140 sese
1302 1084 1467 1138 rebus
1524 1099 1633 1137 non
1694 1085 1910 1139 valeant

335 1177 714 1240 coextendere,
739 1182 959 1245 propter
987 1174 1258 1242 passionis
1284 1173 1732 1240 imbecillitatem,
1765 1175 1910 1229 unde

335 1279 387 1323 ct
422 1269 599 1337 potius
629 1277 824 1336 praeter
863 1274 1112 1319 naturam
1153 1274 1472 1331 moventur;
1510 1273 1563 1320 et
1606 1266 1905 1319 secundum

336 1363 631 1432 sapientem
688 1359 1033 1413 Salomonem
1070 1358 1151 1420 “,
1210 1366 1455 1428 tempore
1519 1359 1704 1428 aliquo
1752 1368 1906 1412 extra

335 1455 582 1526 vagando
638 1454 979 1523 spatiantur,
1036 1451 1406 1521 stipulamque
1462 1459 1796 1521 congregant
1840 1451 1905 1504 ad

335 1546 593 1616 injustam
656 1544 884 1598 laterum
957 1541 1412 1606 fabricationem,
1503 1549 1563 1593 ut
1630 1541 1907 1594 salventur

334 1634 792 1706 quemadmodum
826 1648 1021 1702 caprea
1063 1647 1093 1685 e
1126 1630 1355 1700 laqueis,
1388 1639 1441 1685 et
1484 1630 1651 1684 veluti
1692 1631 1902 1684 avicula

331 1746 360 1784 e
389 1730 616 1784 retibus.
735 1724 975 1779 Facilius
1025 1723 1169 1777 enim
1213 1732 1297 1776 est
1355 1722 1624 1790 impuram
1672 1738 1905 1792 purgare

332 1820 591 1881 animam,
615 1829 775 1884 quam
809 1821 1117 1883 purgatam,
1156 1812 1447 1881 deuuoque
1480 1812 1802 1876 sauciatam,
1835 1814 1899 1866 ad

332 1909 619 1963 sanitatem
661 1922 851 1960 rursus
886 1920 1159 1968 revocare,
1207 1920 1331 1959 cum
1373 1903 1643 1959 maestitiae
1692 1905 1900 1958 dunuon

332 2011 675 2066 nequaquam
717 1994 1014 2065 permittat,
1055 1993 1145 2047 sed
1185 1993 1404 2062 pupillis
1432 1993 1713 2047 oculorum
1760 2007 1904 2045 sem-

331 2104 428 2158 per
469 2086 691 2152 insiliat,
719 2094 771 2140 et
802 2084 1068 2139 orationis
1113 2092 1353 2152 tempore
1394 2083 1602 2152 peccati
1650 2081 1900 2151 prrel'erat

332 2181 710 2233 simulacrum.

783 2289 938 2360 ξω
967 2287 1193 2345 CAPUT
1225 2287 1437 2343 xxvu.

404 2396 521 2458 Non
562 2414 765 2458 norunt
796 2403 962 2458 corda
1004 2412 1190 2459 nostra
1239 2404 1511 2459 daemones
1536 2442 1551 2466 ,
1588 2404 1751 2459 sicuti
1783 2405 1904 2474 qui-

330 2499 450 2550 dam
488 2497 768 2550 hominum
808 2488 1054 2560 censent,
1110 2496 1309 2551 etenim
1349 2497 1498 2551 solus
1539 2503 1622 2551 est
1655 2498 1903 2565 cognitor

331 2588 599 2651 cordium,
632 2588 725 2657 qui
777 2599 1013 2642 mentem
1062 2587 1345 2644 hominum
1397 2587 1661 2652 noscit”,
1701 2592 1903 2657 quique

330 2682 478 2735 solus
502 2681 666 2735 corda
697 2681 937 2751 ipsorum
964 2682 1167 2735 creavit
1192 2698 1207 2746 ;
1236 2695 1265 2734 e
1289 2694 1542 2735 sermone
1572 2687 1774 2743 autem,
1808 2680 1901 2748 qui

328 2772 605 2840 profertur
634 2813 648 2834 ,
694 2783 748 2827 et
811 2788 840 2826 c
891 2772 1310 2842 talibuscunque
1372 2772 1619 2840 cerporis
1667 2772 1904 2826 motibus

331 2864 533 2917 multas
576 2864 866 2928 motiones,
902 2878 1024 2932 qua:
1062 2864 1115 2917 in
1157 2864 1321 2918 corde
1356 2865 1511 2927 fiunt,
1542 2863 1901 2932 dignoscant;

329 2969 468 3023 quas
492 2953 708 3023 quidem
737 2967 836 3023 ego
864 2967 1011 3007 nunc
1054 2952 1347 3007 voluissem
1379 2953 1688 3007 luculenter
1713 2962 1902 3008 osten-

328 3050 476 3110 dere,
504 3046 594 3101 sed
634 3061 719 3100 me
762 3045 986 3100 retinuit
1029 3045 1282 3100 sacerdos
1334 3055 1587 3109 sanctus,
1622 3044 1898 3116 indignum

328 3139 523 3194 ellatus
561 3140 688 3193 talia
718 3138 1027 3208 publicare,
1064 3147 1118 3191 et
1150 3136 1217 3193 ad
1252 3135 1602 3207 profanorum
1636 3151 1793 3191 aures
1823 3136 1839 3190 i
1883 3166 1909 3178 -

322 3234 528 3301 jiccre;
569 3231 835 3300 siquidem
872 3272 885 3295 ,
925 3229 1017 3291 ait,
1050 3228 1191 3299 quod
1236 3237 1289 3281 et
1321 3228 1428 3290 ille,
1469 3228 1561 3297 qui
1589 3242 1717 3282 cum
1768 3225 1906 3280 insi-

328 3324 541 3377 diatore
604 3329 989 3384 conversatur,
1038 3314 1340 3373 secundum
1406 3318 1622 3388 legem,
1687 3314 1906 3372 crimini

326 3412 600 3466 obnoxius
644 3416 762 3475 est;
816 3419 1228 3472 verumtamen,
1285 3408 1430 3477 quod
1480 3421 1548 3461 ex
1596 3405 1904 3461 istiusmodi

325 3502 497 3572 signis
549 3507 869 3570 agnoscant,
913 3514 1032 3568 quae
1083 3499 1251 3553 latent
1306 3498 1358 3551 in
1400 3497 1585 3563 corde,
1627 3505 1679 3552 et
1708 3513 1772 3552 ex
1820 3497 1905 3553 his

324 3592 643 3648 occasiones
688 3597 878 3645 contra
908 3603 1009 3643 nos
1050 3600 1357 3655 assumant,
1403 3589 1602 3657 sapius
1635 3599 1782 3643 certe
1812 3590 1906 3643 ali-

328 3698 468 3752 quos
505 3682 647 3736 male
673 3680 886 3734 locutos
915 3679 1225 3748 arguimus,
1259 3692 1359 3732 nos
1382 3694 1509 3748 erga
1530 3694 1625 3733 eos
1650 3694 1755 3733 non
1776 3694 1902 3733 cum

324 3775 589 3830 charitate
624 3780 902 3844 gerentes;
961 3770 1164 3825 idcirco
1202 3770 1257 3823 in
1302 3769 1601 3824 daemonem
1653 3770 1902 3825 vindictae

325 3865 659 3927 incidimus,
726 3863 1020 3930 statimque
1101 3861 1365 3929 malignas
1425 3862 1684 3917 adversus
1754 3862 1900 3931 ipsos

325 3957 593 4026 cmpimus
656 3954 1033 4023 cogitationes,
1082 3965 1217 4021 quas
1263 3951 1415 4020 prius
1458 3952 1711 4006 novimus
1742 3952 1899 4006 nobis

306 4045 776 4115 ‘superaccidisse.
825 4042 1192 4109 Quamobrem
1235 4042 1493 4111 prmelare
1531 4056 1632 4096 nos
1661 4041 1897 4111 Spiritus

327 4145 547 4191 sanctus
590 4144 850 4189 accusat:
893 4153 910 4183 ι
956 4133 1163 4188 Sedens
1190 4133 1447 4188 adversus
1484 4132 1701 4188 fratrem
1738 4141 1891 4187 tuum

325 4224 658 4291 loquebaris,
704 4233 757 4275 et
785 4223 1043 4276 adversus
1085 4222 1253 4275 lilium
1283 4221 1471 4275 matris
1520 4230 1623 4276 tua:
1655 4223 1895 4292 ponebas

326 4311 642 4365 scandalum
676 4310 741 4372 ⁸⁸,
777 4329 795 4360 ι
832 4320 884 4362 et
908 4310 1296 4378 cogitationum
1336 4309 1566 4363 ultionis
1613 4310 1893 4377 aperiebas

1848 319 1906 377 S.
1946 318 2103 377 NILI

3453 320 3594 389 1232

2581 436 2829 490 κιεψΑΑ.
2872 436 3015 505 κεῖν.
3560 448 3565 451 ·

2083 544 2146 594 Οἱ
2181 543 2278 613 μὲν
2312 544 2615 615 ἀκάθαρτοι
2651 547 2905 619 λογισμοὶ
2939 552 3016 614 εἰς
3046 551 3274 623 αὔξησιν
3315 553 3447 617 ὕλας
3476 558 3590 607 εἰσι

2012 633 2278 702 δέχονται,
2307 636 2400 687 καὶ
2431 634 2642 699 πολλοῖς
2675 643 3236 709 συμπαρεκτείνονται
3272 645 3590 714 πράγμασισ

2014 726 2108 777 καὶ
2134 725 2239 795 γὰρ
2272 726 2481 796 πελάγη
2516 727 2659 779 κατὰ
2689 728 2929 784 διάνοιαν
2957 734 3165 803 περῶσι
3198 737 3411 804 μεγάλα
3436 778 3448 796 ,
3490 740 3593 790 καὶ

2016 818 2234 887 μακρὰς
2263 817 2415 879 ὁδοὺς
2444 818 2648 871 ὁδεύειν
2704 822 2764 874 οὺ
2812 824 3207 893 παραιτοῦνται
3251 827 3337 882 διὰ
3387 830 3591 900 πολλὴν

2011 906 2105 960 τοῦ
2139 908 2342 970 πάθους
2372 906 2717 979 θερμότηταο
2762 913 2811 963 οἱ
2841 913 2895 964 δὲ
2946 915 3196 968 όπωσοῦν
3232 920 3586 991 κεκαθαρμέ-

2012 1014 2091 1049 νοι
2115 1039 2129 1062 ,
2165 997 2481 1069 στενώτεροι
2515 1001 2720 1055 τούτων
2756 1004 2953 1071 μᾶλλόν
2984 1008 3089 1057 εἰσι
3114 1047 3128 1069 ,
3181 1017 3591 1081 συμπαρεκτεί-

2011 1087 2197 1141 νεσθαι
2228 1091 2520 1160 πράγμασι
2555 1093 2631 1161 μὴ
2663 1093 2949 1163 δυνάμενοι
2993 1095 3079 1149 διὰ
3124 1097 3221 1167 τὴν
3251 1099 3344 1151 τοῦ
3379 1102 3587 1165 πάθους

2010 1177 2311 1243 ἀσθένειαν,
2346 1179 2468 1232 ὅθεν
2510 1183 2600 1233 καὶ
2627 1183 2779 1251 παρὰ
2827 1182 2988 1250 φύσιν
3043 1185 3242 1253 μᾶλλον
3276 1187 3582 1249 κινοῦνται.

2011 1270 2103 1321 καὶ
2130 1311 2143 1337 ,
2179 1271 2317 1323 κατά
2360 1272 2451 1324 τὸν
2498 1274 2661 1339 σοφὸν
2695 1274 3019 1344 Σολομῶντα
3046 1317 3059 1341 ,
3092 1278 3285 1347 χρόνον
3313 1279 3434 1333 τινὰ
3474 1280 3585 1344 ἔξω

2013 1361 2305 1431 ρἑϐοντες
2329 1403 2342 1425 ,
2376 1366 2469 1417 καὶ
2510 1365 2763 1435 καλάμην
2798 1368 3127 1437 συνάγουσιν
3158 1372 3236 1433 εἰς
3264 1372 3362 1442 τὴν
3401 1375 3584 1444 παρά-

2008 1472 2171 1524 νομον
2206 1455 2611 1526 πλινθουργίαν,
2644 1458 2731 1511 ἵνα
2761 1458 3041 1523 σώζωνται
3069 1459 3257 1531 ὥσπερ
3290 1461 3487 1529 δορκάς
3513 1465 3584 1516 ἐκ

2012 1534 2241 1616 βρόχων,
2283 1547 2375 1599 καὶ
2420 1547 2607 1618 ὥσπερ
2650 1548 2834 1619 ὄρνεον
2882 1552 2947 1602 ὲκ
2982 1551 3227 1618 παγίδος.
3271 1553 3429 1622 Ῥᾷον
3468 1553 3582 1624 γὰρ
3636 1556 3639 1557 ⁷

2010 1634 2316 1706 ἀκάθαρτον
2344 1636 2581 1706 καθάρσιε
2615 1637 2810 1707 ψυχὴν,
2843 1636 2874 1705 ἢ
2916 1637 3305 1707 καθαρθεῖσαν,
3336 1639 3427 1691 καὶ
3468 1643 3580 1701 πά-

2007 1726 2090 1778 λιν
2126 1726 2625 1797 θραυματισθεῖσαν
2677 1732 2755 1790 εἰς
2803 1728 2991 1795 ὑγείαν
3030 1726 3186 1792 αὖθις
3235 1730 3580 1782 ἀνακαλέσα-

2008 1817 2167 1882 σθαι,
2214 1818 2307 1870 τοῦ
2344 1818 2601 1888 δαίμονος
2644 1818 2745 1887 τῆς
2783 1818 2960 1889 λύπης
3010 1820 3083 1889 μὴ
3138 1820 3579 1888 συγχωροῦντος,

2004 1908 2117 1959 ἀλλ’
2170 1911 2257 1961 ἀεὶ
2305 1911 2424 1970 ταῖς
2472 1894 2661 1982 κόραις
2717 1910 2859 1962 κατὰ
2901 1909 2993 1962 τὸν
3034 1910 3223 1979 καιρὸν
3258 1911 3355 1979 τῆς
3406 1927 3581 1980 προσ-

2005 1998 2167 2068 ευχῆς
2199 1997 2259 2050 τὸ
2294 1998 2391 2067 τῆς
2421 2000 2698 2069 ἁμαρτίας
2731 1999 3134 2071 προσφέροντος
3160 2000 3398 2054 εἴδωλον.

2573 2275 2826 2335 ΚΕΦΑΛ.
2870 2285 2991 2335 ΚΖθ.

2074 2394 2185 2447 Ούκ
2212 2395 2528 2449 ἐπίστανται
2557 2396 2654 2460 τὰς
2683 2398 2912 2467 καρδίας
2942 2398 3098 2468 ἡμῶν
3129 2402 3178 2454 οἱ
3201 2401 3472 2472 δαίμονες,
3496 2404 3576 2466 ὣς

2004 2502 2147 2547 τινες
2172 2486 2280 2537 τῶν
2310 2485 2614 2557 ἀνθρώπων
2641 2489 2953 2558 νομίζουσι’
2993 2491 3087 2543 καὶ
3128 2492 3236 2561 γὰρ
3267 2494 3425 2561 μόνος
3452 2497 3572 2547 ἐστὶ

2004 2577 2474 2647 καρδιογνώστης,
2504 2581 2531 2630 ὁ
2558 2580 2923 2649 ἐπιστάμενος
2949 2580 3038 2632 τὸν
3069 2580 3197 2633 νοῦν
3222 2583 3330 2635 τῶν
3361 2584 3573 2654 ἀνθρώ-

2003 2683 2141 2729 πων,
2167 2668 2260 2719 καὶ
2291 2667 2502 2730 πλάσας
2521 2670 2662 2720 κατὰ
2681 2669 2849 2738 μόνας
2881 2670 2980 2732 τὰς
3009 2671 3236 2741 καρδίας
3270 2674 3446 2727 αὐτῶν
3466 2691 3480 2705 ο
3507 2677 3574 2729 ἐκ

2003 2758 2060 2810 δὲ
2105 2758 2200 2809 τοῦ
2262 2760 2596 2829 προφορικοῦ
2643 2760 2823 2827 λόγου,
2876 2762 2968 2814 καὶ
3013 2762 3121 2815 τῶν
3165 2765 3384 2818 τοιῶνδε
3419 2782 3573 2835 κινη-

2008 2847 2191 2916 μάτων
2236 2847 2330 2900 τοῦ
2368 2849 2619 2917 σώματος
2648 2889 2661 2913 ,
2698 2850 2763 2903 τὰ
2796 2852 2965 2905 πολλὰ
2994 2853 3101 2904 τῶν
3152 2856 3211 2907 ὲν
3257 2860 3323 2926 τῇ
3378 2858 3574 2929 καρδίᾳ

2005 2939 2321 3006 κινημάτων
2364 2938 2742 3005 γινώσκουσιν.
2776 2942 2957 3012 Ἀπερ
2995 2943 3107 3010 ἐγὼ
3140 2944 3234 2997 νῦν
3277 2946 3574 3017 ἐϐουλόμην

2007 3028 2247 3098 δηλῶσαι
2300 3029 2509 3098 σαφῶς,
2557 3032 2756 3101 ἐπέσχε
2803 3032 2858 3085 δέ
2894 3051 2959 3102 με
2985 3035 3012 3086 ό
3039 3035 3194 3103 ἅγιος
3228 3038 3404 3107 ἱερεὺς
3428 3076 3442 3101 ,
3478 3039 3575 3091 άν-

1931 3088 1974 3147 c
2011 3088 2157 3186 ἀξιον
2207 3088 2395 3189 φήσας.
2563 3088 2788 3175 τοιαῦτα
2834 3088 3253 3193 δηιμοσιεύεσθαι
3279 3088 3293 3191 Ξ
3320 3088 3327 3089 7
3352 3088 3449 3182 καί
3482 3088 3574 3192 *εἰς

2008 3211 2177 3272 ἀκοὰς
2210 3212 2450 3284 βεϐήλων
2477 3213 2875 3283 ἐμϐάλλεσθαι·
2909 3217 3084 3286 εἴπερ,
3124 3221 3273 3287 φησὶ,
3310 3222 3404 3273 καὶ
3434 3223 3462 3273 ό
3497 3217 3576 3293 τῷ

2008 3305 2219 3374 ὲφέδρῳ
2264 3306 2692 3374 συγγινόμενος,
2730 3306 2871 3360 κατὰ
2916 3308 3008 3361 τὸν
3049 3310 3229 3379 νόμον,
3273 3312 3577 3379 ὑπεύθυνος

2006 3396 2237 3465 γίνεται.
2287 3396 2434 3465 Πλὴν
2463 3397 2545 3449 ὅτι
2585 3399 2648 3450 ὲκ
2686 3398 2795 3450 τῶν
2838 3400 3097 3454 τοιούτων
3132 3402 3412 3470 συμϐόλων
3448 3404 3576 3457 ἑπι-

2006 3488 2337 3554 γινὼσκουσι
2374 3488 2442 3541 τὰ
2473 3490 2531 3543 ὲν
2564 3493 2629 3560 τῇ
2675 3491 2869 3561 καρδίᾳ
2913 3494 3267 3564 κρυπτόμενα
3291 3534 3304 3556 ,
3335 3496 3429 3547 καὶ
3472 3497 3577 3560 τὰς

2006 3580 2258 3650 ἀφορμὰς
2291 3581 2355 3632 ὲκ
2389 3580 2595 3633 τούτων
2630 3581 2965 3650 λαμϐάνουσι
2997 3583 3121 3636 καθ’
3167 3585 3344 3653 ἡμῶν,
3375 3586 3577 3641 πολλά-

2006 3687 2092 3733 κις
2123 3670 2253 3738 γοῦν
2276 3687 2429 3733 τινας
2456 3672 2933 3743 κακολογήσαντας
2963 3674 3291 3743 ἡλέγξαμεν,
3315 3676 3414 3729 οὐκ
3443 3678 3577 3742 ἀγα-

2005 3762 2252 3830 πητικῶς
2285 3762 2500 3831 ἔχοντες
2528 3763 2662 3831 πρὸς
2696 3764 2917 3827 αὐτοὺς,
2953 3764 3032 3817 διὸ
3061 3766 3156 3816 καὶ
3184 3766 3260 3834 τῷ
3289 3766 3392 3836 τῆς
3432 3785 3572 3837 μνη·

2005 3852 2256 3915 σικακίας
2296 3852 2797 3923 περιπεπτώκαμεν
2841 3855 3084 3924 δαίμονι,
3139 3856 3234 3909 καὶ
3279 3856 3575 3927 λογισμοὺς

2003 3945 2271 4012 πονηροὺς
2299 3942 2458 4005 εὐθὺς
2483 3944 2787 4013 εἰλήφαμεν
2813 3946 2936 3997 κατ’
2981 3945 3183 4010 αὐτῶν,
3218 3946 3311 4009 οὓς
3336 3963 3392 3999 τε
3433 3948 3570 4016 πρός

2000 4051 2156 4104 τερον
2193 4035 2440 4103 ἔγνωμεν
2487 4036 2617 4103 ἡμῖν
2664 4036 3098 4105 ὲπισυμϐάντας.
3146 4038 3349 4107 Διόπερ
3386 4038 3571 4102 καλῶς

1999 4126 2129 4195 ἡμῖν
2157 4123 2381 4191 ἐγκαλεῖ
2414 4125 2507 4175 καὶ
2538 4124 2598 4175 τὸ
2630 4125 2854 4195 Πνεῦμα
2881 4126 2942 4177 τὸ
2973 4127 3129 4194 ἅγιον
3149 4145 3162 4158 ο
3196 4146 3213 4177 ι
3240 4129 3395 4196 Καθή
3406 4145 3569 4196 μενος

2000 4216 2139 4269 κατὰ
2162 4216 2255 4268 τοῦ
2282 4215 2513 4285 ἀδελφοῦ
2546 4233 2638 4268 σου
2664 4216 2999 4280 κατελάλεις,
3026 4217 3120 4269 καὶ
3148 4218 3290 4270 κατὰ
3319 4218 3413 4271 τοῦ
3449 4219 3569 4273 υἱοῦ

1996 4311 2093 4378 τῆς
2144 4306 2348 4377 μητρός
2398 4324 2491 4359 σου
2540 4308 2736 4371 ἐτίθεις
2779 4309 3095 4373 σκάνδαλον,
3138 4328 3156 4359 ι
3189 4311 3283 4363 καὶ
3319 4311 3425 4362 τῶν
3470 4311 3572 4382 τῆς

321 4408 561 4470 portam,
585 4409 929 4467 mentemque
960 4409 1199 4466 tempore
1224 4399 1487 4454 orationis
1513 4400 1891 4468 Perturbabas,

2005 4400 2368 4469 μνησικακίας
2402 4398 2675 4467 λογισμῶν
2703 4400 2919 4470 ἤνοιγες
2952 4399 3145 4469 θύραν,
3197 4401 3289 4453 καὶ
3320 4401 3412 4453 τὸν
3442 4401 3567 4455 νοῦν

322 4490 531 4545 inimici
562 4490 640 4543 tui
682 4488 872 4543 faciem
904 4502 1117 4556 semper
1158 4489 1226 4541 ob
1262 4488 1502 4541 animum
1532 4490 1893 4555 obversando,

321 4590 374 4635 et
407 4579 566 4635 istam
611 4578 703 4634 Dei
738 4579 857 4635 loco
899 4578 1189 4646 habendo;
1222 4579 1365 4649 quod
1413 4580 1557 4633 enim
1606 4595 1759 4635 mens
1786 4597 1895 4635 om-

321 4672 454 4727 nino
503 4673 766 4737 intuetur,
804 4675 930 4727 dum
972 4681 1112 4735 orat,
1158 4671 1383 4741 dignum
1433 4680 1515 4726 cst
1561 4670 1737 4736 fateri,
1792 4674 1892 4727 hoc

322 4779 441 4818 esse
470 4761 657 4817 Deum.
696 4762 889 4816 Verum
928 4762 1198 4832 fugiamus
1237 4762 1464 4831 (dilecti)
1502 4764 1891 4819 maledicentiae

322 4857 597 4921 morbum,
642 4855 956 4923 nullumque
1002 4870 1239 4923 unquam
1275 4855 1510 4924 maligne
1559 4871 1891 4910 commemo-

320 4961 524 5010 remus,
555 4959 729 5017 neque
776 4944 1216 5015 detorqueamus,
1263 4962 1355 5001 seu
1405 4947 1759 5001 obscuremus
1792 4947 1888 5001 ob-

321 5048 507 5098 tutus,
562 5037 689 5089 dum
738 5037 968 5105 proximi
1020 5038 1338 5092 memoriam
1396 5038 1643 5107 agimus;
1696 5054 1887 5095 omnes

320 5130 517 5198 quippe
542 5135 760 5181 nostros
802 5136 983 5196 gestus
1024 5125 1183 5199 542
1226 5128 1448 5199 maligni
1477 5129 1749 5184 daemones
1789 5147 1886 5185 cu-

321 5221 466 5275 riose
497 5220 804 5289 inquirunt,
839 5227 892 5273 et
918 5217 1056 5270 nihil
1092 5232 1306 5283 eorum,
1336 5234 1457 5288 quae
1489 5219 1557 5272 ad
1595 5235 1695 5273 nos
1724 5222 1889 5289 perti-

322 5320 453 5364 nent
493 5311 919 5364 inexamiuatum
969 5309 1373 5378 derelinquunt,
1406 5325 1513 5363 non
1557 5310 1885 5379 recubitum,

320 5417 430 5456 non
474 5403 678 5468 sedem,
729 5417 837 5456 non
886 5400 1197 5466 stationem,
1251 5416 1358 5455 non
1397 5416 1728 5467 sermonem,
1778 5418 1883 5456 non

318 5506 688 5562 progressum,
728 5506 834 5546 non
862 5493 1140 5554 intuitum,
1185 5499 1379 5545 cuncta
1418 5490 1708 5559 diligenter
1732 5508 1885 5547 scru-

386 5668 433 5704 “
466 5672 639 5728 Eccli.
675 5690 749 5739 ιι,
781 5677 889 5740 '52;
923 5691 1089 5737 xxvtt,
1121 5673 1211 5726 22.

1287 5672 1332 5703 ⁸⁷
1356 5669 1375 5722 l
1401 5670 1532 5741 Reg.
1562 5687 1670 5736 xvt,
1703 5671 1772 5736 7;
1808 5669 1951 5724 l’sal.
1978 5683 2073 5732 vn,
2100 5667 2198 5735 l0;
2230 5667 2359 5739 Sap.
2386 5684 2422 5734 ι,
2449 5668 2503 5725 6.

2000 4488 2140 4541 κατὰ
2162 4487 2354 4559 καιρὸν
2382 4487 2482 4556 τῆς
2514 4489 2823 4558 προσευχῆς
2850 4490 3233 4560 ἐξετάρασσες,
3250 4489 3342 4543 τοῦ
3366 4491 3566 4562 ἐχθροῦ

1999 4596 2090 4631 σου
2137 4578 2197 4630 τὸ
2249 4579 2542 4649 πρόσωπον
2591 4581 2678 4631 ἀεὶ
2733 4580 3173 4649 φανταζόμενος,
3233 4582 3326 4634 καὶ
3373 4582 3568 4636 τοῦτον

1998 4669 2261 4722 θεοποιῶν
2282 4687 2295 4700 ο
2330 4671 2358 4721 ὃ
2385 4670 2493 4739 γὰρ
2523 4670 2713 4738 βλέπει
2749 4672 2965 4733 πάντως
2988 4673 3015 4723 ό
3042 4671 3165 4735 νοῦς
3196 4674 3568 4741 προσευχόμε.

1994 4778 2103 4822 νος,
2150 4758 2308 4813 τοῦτο
2353 4761 2447 4812 καὶ
2495 4761 2627 4813 Θεὸν
2660 4761 2808 4825 ἄξιον
2840 4761 3142 4831 ὁμολογεῖν.
3192 4758 3350 4815 Ἀλλὰ
3388 4764 3568 4830 φύγωι-

1999 4869 2118 4921 μεν,
2152 4852 2460 4921 ἀγαπητοὶ,
2497 4856 2595 4923 τῆς
2626 4853 2963 4922 κακηγορίας
2995 4852 3092 4923 τὴν
3128 4852 3299 4915 νόσον,
3336 4855 3568 4923 μηδενός

1998 4960 2126 4997 ποτε
2159 4944 2343 5008 κακῶς
2381 4944 2847 5014 μνημονεύσωμεν
2874 4985 2887 5008 ,
2935 4945 3067 5014 μηδὲ
3109 4945 3209 5009 τὰς
3258 4945 3410 5013 ὄψεις
3449 4947 3567 4999 δια-

1998 5036 2317 5105 στρέφωμεν
2371 5037 2463 5088 ἐπὶ
2519 5037 2708 5107 μνήμῃ
2769 5035 2864 5089 τοῦ
2919 5036 3167 5107 πλησίον.
3226 5038 3411 5091 Πάντα
3453 5042 3564 5110 γὰρ

1990 5129 2059 5179 τὰ
2101 5128 2359 5198 σχήματα
2400 5128 2449 5181 οἱ
2497 5129 2726 5198 πονηροὶ
2774 5129 3231 5198 περιεργάζονται
3283 5129 3559 5198 δαίμονες,

1990 5221 2084 5272 καὶ
2111 5221 2263 5273 οὐδὲν
2292 5218 2400 5271 τῶν
2420 5220 2543 5272 καθ’
2573 5222 2605 5290 ἡ
2616 5220 2731 5288 μῶν
2773 5219 3277 5290 καταλιμπάνουσιν
3301 5222 3560 5287 ἀνεξέτα-

1992 5328 2136 5375 στον,
2170 5311 2267 5364 ούκ
2300 5311 2600 5369 ἀνάκλισιν,
2636 5311 2697 5363 ού
2727 5310 3017 5382 καθέδραν,
3053 5312 3115 5363 οὐ
3144 5313 3354 5374 στάσιν,
3381 5314 3439 5364 οὐ
3467 5311 3558 5364 λό-

1991 5420 2106 5469 γον,
2132 5404 2193 5455 ob
2220 5402 2473 5471 πάροδον,
2501 5403 2561 5452 οὗ
2594 5401 2833 5471 βλέμμα,
2871 5404 3047 5455 πάντα
3075 5403 3556 5471 περιεργάζονται,

1989 5494 2165 5547 πάντα
2201 5493 2462 5556 κινοῦσιν,
2492 5492 2619 5561 ὅλην
2648 5493 2748 5561 τὴν
2774 5493 2992 5561 ἡμέραν
3037 5493 3159 5546 καθ’
3196 5494 3355 5564 ἡμῶν
3383 5493 3555 5547 δολιόε

2581 5669 2790 5726 “Psal.
2826 5686 2971 5735 xm,
3004 5670 3091 5724 ΞΟ.
3583 5685 3601 5731 ξ»
