3990 6204
290 310 429 374 1235

1775 320 1835 376 S.
1877 318 2036 376 NIU

3393 314 3530 377 1236

282 454 3528 498 mw

1253 595 1390 648 ΤΟΥ
1418 594 1651 647 ΑΥΤυΥ
1677 596 1766 648 ΕΝ
1807 596 2032 650 ΛΙΊΟΙΣ
2068 596 2338 650 ΠΑΤΡΟΣ
2393 598 2589 651 ΗΜΩΝ

1607 753 2177 873 ΝΕΙΛΟΥ
2261 882 2271 899 ,

1092 977 1738 1064 ΠΑΡΑΙΝΕΣΙΣ
1795 979 2081 1064 ΠΡΟΣ
2158 979 2793 1111 ΜΟΝΑΧΟΥΣ.

1278 1307 1619 1369 EIUSDEM
1649 1310 1914 1371 SANCTI
1951 1314 2231 1375 PATRIS
2258 1315 2536 1376 NOSTRI

1326 1618 1335 1623 -
1763 1474 2052 1588 NILI

1105 1706 1811 1799 INSTITUTIO
1864 1710 2010 1797 AD
2063 1709 2736 1843 MONACHOS.

362 2049 840 2117 Intemperantiam
894 2051 1198 2106 eduliorum
1266 2053 1509 2121 praecidit
1574 2050 1865 2121 jejunium,
1901 2060 1944 2116 Α

293 2149 347 2193 et
376 2140 746 2195 fornicationis
776 2141 1051 2197 lasciviam
1085 2152 1330 2212 amputat
1358 2143 1690 2199 continentia
1737 2160 1859 2200 cum

294 2232 555 2286 oratione.

362 2321 656 2375 Avaritiam
699 2322 1014 2377 idololatria:
1036 2333 1259 2380 matrem
1294 2326 1518 2380 cohibet
1552 2336 1862 2396 paupertas,

295 2428 609 2481 corpoream
644 2427 771 2468 vero
801 2414 1217 2471 sollicitudinem
1238 2417 1549 2488 praescindit
1577 2434 1722 2487 spes,
1746 2433 1865 2488 quae

296 2504 352 2557 in
382 2503 549 2559 Deum
583 2504 838 2574 jactatur.

367 2597 597 2651 Mentem
628 2609 898 2653 errantem
932 2610 1145 2656 coercet
1185 2601 1344 2655 lectio
1380 2600 1686 2655 divinorum
1744 2617 1863 2656 ora-

296 2690 567 2753 culorum,
600 2700 651 2745 et
678 2692 855 2761 vigilia
884 2708 1006 2745 cum
1043 2694 1309 2748 oratione.

365 2780 435 2832 At
461 2780 553 2832 irae
593 2780 928 2836 invasionem
963 2784 1171 2852 mitigat
1201 2784 1610 2853 longanimitas,
1644 2794 1698 2838 et
1722 2785 1867 2855 psal-

298 2884 513 2923 morum
543 2871 869 2925 decantatio.

368 2960 643 3031 Pigritiam
671 2964 981 3033 comprimit
1007 2966 1331 3027 constantia,
1362 2974 1415 3020 et
1451 2968 1737 3036 lacrymaa;
1772 2968 1869 3020 tri-

298 3051 501 3105 stitiam
535 3062 711 3106 autem
782 3053 1116 3107 mundanam
1175 3055 1349 3119 sedat,
1409 3070 1473 3110 ac
1532 3057 1692 3110 silere
1742 3056 1870 3111 facit

296 3145 480 3198 odium
522 3146 781 3200 adversus
810 3146 1133 3214 voluptates.

368 3235 661 3291 Humilitas
717 3245 771 3290 et
828 3236 1041 3290 aversio
1097 3237 1167 3290 ab
1200 3251 1384 3290 amore.
1434 3236 1766 3307 principatus
1819 3247 1871 3291 et

296 3327 604 3381 eminentia:
665 3334 981 3395 comparant
1039 3327 1491 3395 hospitalitatem:
1561 3329 1867 3397 superbiam

2055 2058 2348 2127 Ἀκρασίαν
2378 2058 2679 2128 βρωμάτων
2710 2060 3030 2130 περικόπτει
3064 2057 3306 2132 νηστεία,
3340 2061 3535 2115 ἀκολα-

1971 2151 2091 2201 σίαν
2134 2149 2190 2201 δὲ
2221 2149 2474 2221 πορνείας
2521 2153 2797 2221 περιαιρεῖ
2830 2152 3124 2223 ἐγκράτεια
3176 2152 3315 2221 μετὰ
3364 2170 3531 2223 προσ-

1970 2241 2151 2309 ευχῆς.

2038 2330 2406 2400 Φιλαργυρίαν
2453 2328 2549 2399 τὴν
2600 2330 2697 2399 τῆς
2740 2329 3148 2401 εἰδωλολατρίας
3188 2332 3399 2402 μητέρα
3445 2349 3535 2385 συ-

1974 2424 2178 2477 στέλλει
2211 2424 2585 2494 ἀκτημοσύνη,
2633 2422 2901 2493 μέριμναν
2932 2422 2986 2474 δὲ
3017 2424 3336 2495 σωματικὴν
3381 2442 3534 2497 περι-

1972 2514 2157 2567 κόπτει
2188 2514 2339 2575 ἐλπὶς
2366 2515 2397 2582 ἡ
2424 2515 2502 2577 εἰς
2534 2513 2682 2565 Θεὸν.

2043 2603 2398 2673 Πλανώμενον
2451 2603 2574 2657 νοῦν
2642 2603 2919 2656 συστέλλει
2977 2605 3284 2673 ἀνάγνωσις
3340 2606 3533 2672 λογίων

1972 2695 2127 2759 Θεοῦ,
2166 2697 2258 2747 καὶ
2288 2695 2566 2767 ἀγρυπνία
2601 2695 2737 2764 μετὰ
2788 2699 3115 2765 προσευχῆς,

2042 2787 2226 2855 Θυμοῦ
2263 2786 2319 2839 δὲ
2353 2786 2721 2856 καταδρομὴν,
2758 2788 3129 2858 καταπραΰνει
3167 2787 3531 2858 μακροθυμία,

1974 2881 2067 2932 καὶ
2097 2879 2407 2948 ψαλμῳδία.

2057 2968 2308 3037 ’Λκηδίαν
2360 2967 2709 3031 καταστέλλει
2750 2968 3012 3038 ὑπομονὴ,
3047 2969 3141 3021 καὶ
3188 2969 3414 3039 δάκρυα,
3444 2968 3536 3019 λύ-

1975 3074 2083 3128 πην
2116 3057 2170 3109 δὲ
2223 3059 2491 3128 κοσμικὴν
2555 3058 2909 3127 κατασιγάζει
2939 3058 2997 3111 τὸ
3039 3059 3174 3128 πρὸς
3212 3058 3309 3120 τὰς
3351 3057 3537 3128 ἡδονὰς

1979 3151 2155 3219 μῖσος.
2845 3214 2849 3218 ι

2044 3241 2352 3305 Φιλοξενίαν
2381 3242 2577 3293 κτᾶται
2598 3239 3084 3310 ταπεινοφροσύνῃ,
3116 3240 3210 3292 καὶ
3232 3238 3537 3310 φιλαρχξαζ,

1978 3336 2071 3390 καὶ
2126 3334 2397 3403 ὑπεροχῆς
2439 3333 2778 3402 ἀποστροφὴ,
2825 3333 3205 3401 ὑπερηφανίαν
3233 3333 3313 3395 δὲ,
3345 3333 3405 3384 τὸ
3440 3333 3542 3401 ἀρ-

298 3431 427 3471 vcro
458 3420 632 3487 (vetus
658 3419 883 3483 malum,
905 3420 956 3472 in
984 3430 1277 3487 conspectu
1307 3417 1520 3473 Domini
1552 3420 1873 3473 abominan-
1908 3414 1912 3466 1

1983 3428 2126 3496 χαῖον
2160 3422 2349 3485 κακὸν,
2378 3423 2437 3475 τὸ
2477 3420 2764 3491 βδελυκτὸν
2794 3420 3024 3473 ἐνώπιον
3071 3421 3299 3491 Κυρίου,
3419 3421 3544 3473 ἀνθ-

297 3511 452 3574 dum,
500 3511 585 3563 cui
620 3511 827 3565 resistit
854 3511 1016 3564 etiam
1048 3509 1208 3578 Deus)
1232 3510 1613 3589 cessare‘facit
1638 3512 1875 3566 immen-

298 3620 359 3659 sa
384 3603 683 3668 humilitas,
726 3614 846 3673 qua:
902 3604 1067 3658 dicit:
1112 3623 1130 3654 ‹
1172 3605 1283 3674 Ego
1332 3620 1453 3658 sum
1515 3614 1660 3659 terra
1704 3613 1757 3659 et
1800 3606 1875 3660 ci-

234 3692 235 3697 “
304 3698 390 3752 nis
422 3698 500 3760 5’;
544 3716 561 3747 ι
613 3705 666 3748 et
718 3711 947 3751 rursus:
1015 3716 1033 3748 ι
1072 3695 1185 3751 Nisi
1228 3695 1490 3751 Dominus
1533 3696 1878 3752 aediﬁcaverit

299 3788 543 3852 domum,
580 3788 633 3840 in
669 3803 868 3840 vanum
906 3788 1193 3854 laboravit,
1226 3789 1318 3857 qui
1346 3787 1576 3843 azdiﬂcat
1604 3805 1724 3845 eam
1749 3790 1817 3856 ⁸³,
1853 3808 1871 3839 ›

308 3887 362 3931 et
392 3879 481 3945 qui
515 3886 744 3930 conatur
775 3877 1070 3931 custodire.
1500 3940 1513 3953 _

372 3969 524 4037 Sicut
558 3985 697 4039 aqua
736 3970 865 4024 fasce
911 3970 1193 4039 inquinata
1239 3970 1489 4039 depurari
1524 3969 1880 4043 543-555

300 4074 408 4113 non
462 4067 638 4128 potest
669 4059 775 4112 nisi
819 4060 1077 4113 manserit
1108 4058 1353 4125 immota,
1382 4060 1453 4112 ita
1483 4073 1657 4128 neque
1705 4069 1878 4115 status

301 4150 553 4205 monachi
595 4150 815 4219 agnosci
847 4151 988 4204 valet
1012 4151 1129 4205 sine
1150 4152 1351 4220 quiete.

377 4238 531 4293 Sicut
563 4239 899 4307 impossibile
934 4250 1018 4294 est
1063 4247 1390 4294 certatorem
1424 4240 1711 4301 coronari,
1774 4238 1877 4293 nisi

304 4333 501 4385 luctam
534 4329 857 4393 exercuerit,
891 4331 963 4383 ita
996 4345 1097 4383 nec
1129 4340 1311 4399 potest
1333 4345 1453 4384 esse
1471 4331 1594 4400 quis
1618 4330 1881 4385 Christia-

304 4436 408 4476 nus
448 4420 655 4491 absque
681 4420 1095 4475 certaminibus.

374 4510 844 4577 Quemadmodum
881 4526 991 4563 non
1033 4518 1116 4563 est
1145 4509 1373 4577 aequalis
1405 4508 1562 4572 libra,
1598 4523 1704 4562 una
1739 4523 1879 4576 prae-

303 4603 638 4672 ponderante
675 4611 845 4670 parte,
878 4602 956 4655 sic
990 4601 1102 4654 ticri
1126 4616 1229 4653 non
1264 4608 1438 4669 potest
1478 4610 1535 4654 ut
1567 4599 1877 4653 mandatum

306 4695 398 4747 Dei
452 4710 707 4766 prospere
755 4695 1082 4763 perﬁciatur,
1141 4708 1339 4748 carneo
1374 4709 1535 4749 sensu
1591 4694 1877 4764 przedomi-

307 4799 488 4841 nantc.
638 4767 663 4784 .

378 4876 531 4929 Sicut
567 4890 672 4927 non
709 4881 883 4944 potest
916 4872 1199 4929 addiscere
1230 4885 1424 4938 artem,
1458 4875 1549 4943 qui
1586 4875 1872 4944 diligenter

306 4970 353 5021 ei
401 4982 504 5020 non
544 4965 750 5019 dederit
788 4980 1030 5034 operam,
1061 4966 1133 5018 ita
1173 4983 1278 5020 non
1348 4975 1526 5034 potest
1574 4967 1874 5019 orationem

307 5059 608 5126 acquirere,
642 5056 734 5125 qui
765 5055 876 5111 Deo
904 5064 1052 5110 recto
1084 5072 1191 5110 non
1239 5056 1525 5110 adlueserit
1554 5055 1733 5109 corde.

371 5242 631 5312 Quisquis
674 5256 862 5310 puram
891 5256 994 5294 non
1032 5240 1365 5309 comparavit
1411 5238 1732 5301 orationem,
1771 5253 1877 5291 non

312 5335 472 5389 habet
499 5343 830 5389 armaturam
862 5332 926 5387 ad
952 5332 1172 5392 bellum.

380 5423 483 5489 Qui
529 5434 751 5479 ornatus
792 5432 895 5489 est,
934 5435 985 5477 et
1002 5422 1149 5478 velut
1178 5421 1357 5491 scopis
1382 5420 1700 5484 mundatus,
1726 5431 1880 5474 ever-

314 5511 389 5568 sis
454 5512 540 5566 ι)ρί
573 5514 879 5579 virtutibus,
911 5513 1215 5567 daunonum
1267 5512 1369 5565 erit
1395 5510 1784 5564 habitacuium.

387 5688 437 5724 ⁸⁵
470 5689 591 5737 'Zen.
635 5690 892 5751 χιίιι,ῗὶ“7.
972 5689 1014 5719 ³³
1040 5688 1181 5740 Psal.
1215 5702 1399 5747 cum,
1440 5686 1483 5735 Ι.

1980 3520 2193 3571 ίσταται
2221 3516 2313 3568 καὶ
2339 3515 2366 3566 6
2390 3514 2541 3576 Θεὸς,
2574 3512 2883 3567 καταπαύει
2910 3512 3376 3583 ταπεινοφροσύνη
3408 3513 3547 3583 ἁμέ-

1974 3610 2255 3682 τρητος,ἡ
2304 3608 2572 3676 λέγουσα·
2613 3624 2630 3656 ι
2681 3604 2821 3672 Ἐγὼ
2863 3606 2980 3673 εἰμὶ
3030 3605 3099 3673 γῆ
3139 3606 3231 3657 καὶ
3274 3605 3485 3666 σποδός.
3524 3626 3543 3656 ι

1976 3703 2087 3762 Καὶ
2118 3700 2279 3755 πάλιν
2315 3716 2326 3726 '
2368 3718 2386 3749 ε
2411 3698 2533 3750 Ἐὰν
2568 3697 2643 3767 μὴ
2676 3696 2883 3766 Κύριος
2912 3694 3240 3767 οἶκοδομήσῃ
3268 3689 3435 3757 οἷκον,
3469 3696 3545 3757 εἰς

1982 3796 2155 3864 μάτην
2181 3791 2471 3845 ἐκοπίασεν
2503 3791 2530 3842 6
2559 3787 2875 3859 οἰκοδομῶν,
2909 3787 3003 3841 καὶ
3033 3786 3319 3856 φυλάττειν
3350 3784 3549 3855 πειρώ-

1982 3900 2161 3955 μενος.

2060 3974 2144 4036 Ὠς
2193 3972 2292 4024 οὐκ
2345 3970 2459 4023 ἐστι
2508 3967 2874 4038 τεθολωμένον
2907 3965 3050 4035 ὕδωρ
3100 3963 3435 4034 καθαρεῦσαι
3472 3964 3546 4033 μὴ

1984 4060 2170 4129 μεῖναν
2214 4056 2527 4120 ἀσάλευτον,
2558 4055 2731 4117 οὓτως
2779 4055 2878 4106 οὐκ
2932 4053 3045 4106 ἔστι
3100 4054 3337 4123 μοναχοῦ
3383 4053 3547 4105 κατά-

1982 4166 2169 4203 στασιν
2200 4147 2515 4214 ἐπιγνῶναι,
2548 4147 2674 4201 ἄνευ
2703 4145 2952 4216 ἡσυχίας.

2064 4240 2150 4303 Ὧς
2202 4239 2463 4292 ἀδύνατόν
2520 4240 2663 4290 ἐστιν
2721 4236 2959 4306 ἀθλητὴν
3014 4234 3425 4303 στεφανωθῆναι
3473 4234 3546 4302 μὴ

1982 4327 2346 4391 παλαίσαντα,
2401 4327 2572 4389 οὕτως
2616 4328 2714 4379 οὐκ
2760 4325 2877 4377 ἔστι
2927 4325 3178 4392 γενέσθαι
3224 4322 3549 4393 Χριστιανὸν

1982 4420 2108 4479 ἄνευ
2142 4418 2384 4487 ἀγώνων.

2064 4511 2150 4573 Ὠς
2195 4511 2294 4562 οὐκ
2344 4509 2490 4563 ἔστιν
2537 4510 2647 4572 ἴσος
2690 4509 2718 4561 6
2747 4508 2928 4575 ζυγὸς,
2968 4505 3259 4576 βαροῦντος
3307 4501 3398 4557 τοῦ
3434 4504 3552 4564 ἑνὸς

1988 4606 2208 4674 μέρους,
2259 4602 2429 4661 οὕτως
2458 4604 2557 4654 οὐκ
2605 4600 2719 4652 ἔστι
2768 4598 3111 4669 κατορθῶσαι
3141 4596 3358 4666 ἐντολὴν
3392 4593 3548 4655 Θεοῦ,

1939 4742 1949 4758 ,
1986 4692 2453 4764 κατακρατοῦντος
2479 4691 2569 4744 τοῦ
2606 4688 2865 4760 σαρκικοῦ
2899 4690 3246 4757 φρονήματος

2058 4871 2267 4940 Ὥσπερ
2318 4869 2416 4921 οὐκ
2451 4868 2566 4920 ἔστι
2606 4868 2795 4936 μαθεῖν
2845 4867 3062 4936 τέχνην,
3100 4866 3172 4935 μὴ
3217 4864 3552 4934 σχολάσαντα

1985 4960 2281 5030 ἐπιμελῶς,
2315 4960 2486 5023 οὕτως
2517 4961 2615 5012 οὐκ
2645 4959 2758 5011 ἐστι
2789 4958 3094 5026 κτήσασθαι
3138 4956 3444 5026 προσευχὴν
3478 4955 3551 5023 μὴ

1988 5052 2545 5123 προσκαρτερήσαντα
2586 5048 2663 5119 τῷ
2714 5048 2832 5118 Θεῷ
2878 5050 2937 5100 ὲν
2990 5046 3173 5117 εὐθείᾳ
3204 5046 3419 5115 καρδία.

2069 5232 2125 5285 '0
2168 5233 2240 5302 μὴ
2287 5231 2623 5301 κεκτημένος
2666 5227 2977 5299 προσευχὴν
3001 5226 3265 5296 καθαρὰν,
3304 5225 3403 5277 οῦκ
3441 5224 3551 5291 ἔχει

1986 5323 2076 5376 ὄπ)
2089 5339 2147 5375 ον
2182 5325 2259 5385 εἰς
2290 5322 2542 5390 πόλεμον.

2068 5416 2125 5470 Ὀ
2169 5416 2599 5485 κεκοσμημένος,
2643 5416 2736 5466 καὶ
2780 5411 3159 5483 σεσαρωμένος
3201 5409 3306 5463 ἀπο
3348 5408 3548 5478 ἀρετιῗρδ

1985 5509 2143 5573 Θεοῦ,
2178 5508 2590 5578 κατοικητήριον
2623 5506 2770 5558 ἔσται
2806 5505 3090 5575 δαιμόνων.
