3994 6182
357 212 487 276 1227
1441 215 1886 277 INSTI’l‘UTIO
1918 221 2016 280 AD
2083 219 2507 279 MUNACHOS.
3461 215 3594 277 1333

427 330 518 392 Ὠς
546 329 644 380 οὐκ
673 327 786 380 ἔστι
817 328 1138 398 κατοικῆσαι
1171 329 1392 398 βασιλέα
1423 329 1478 382 ἐν
1505 331 1641 402 οἴκῳ
1672 334 1920 399 πένητος,
1957 342 1994 394 Α

2112 334 2202 389 Uti
2235 349 2342 388 non
2375 334 2503 388 licet
2533 347 2711 404 regem
2745 333 2797 385 in
2829 331 2990 386 domo
3046 329 3297 398 pauperis
3333 327 3592 391 habitare,

349 421 520 484 οὕτως
564 421 624 473 οὐ
665 422 978 490 κατοικήσει
1008 421 1242 490 Χριστος
1281 423 1337 474 ἐν
1377 421 1520 493 ψυχῇ
1557 426 1922 500 ρερυπωμένῃ

2030 424 2100 478 ita
2138 441 2314 494 neque
2344 424 2598 479 Christus
2647 422 2910 476 habitabit
2945 421 2996 473 in
3035 420 3236 485 anima,
3265 435 3384 488 qua:
3417 418 3595 486 inqut-

351 517 460 569 ἀπὸ
491 515 780 584 ἁμαρτίας.

2028 524 2151 568 nata
2180 523 2260 570 est
2292 531 2321 569 a
2363 524 2601 584 peccato.

425 607 635 677 ’Ὥσπερ
679 607 952 676 ἀνήμερος
999 605 1160 667 τόπος
1189 602 1490 674 ἡμεροῦται
1536 605 1602 658 δι’
1633 605 1924 675 ἐπιμελοῦς

2101 605 2269 659 Sicuti
2306 606 2458 660 locus
2489 605 2724 659 incultus
2762 620 2856 674 per
2902 609 3210 656 accuratam
3275 599 3599 654 elaboratio—

355 697 662 768 φιλεργίας,
693 696 867 759 οὕτως
915 695 1060 766 ψυχὴ
1092 695 1430 764 ἀγριωθεῖσα
1463 699 1584 760 ταῖς
1630 697 1925 768 ἁμαρτίαις

2029 713 2150 752 nem
2206 697 2498 758 excolitur.
2547 697 2624 750 sic
2653 696 2831 748 anima
2874 694 2945 746 ob
2997 702 3214 761 peccata
3281 692 3597 750 silvesccus,

355 783 675 857 ἡμεροῦται,
707 789 754 838 εί
783 785 931 855 νόμῳ
957 786 1091 839 Θεοῦ
1124 786 1527 840 πολιτεύσεται.

1522 829 1527 840 .
2031 789 2327 857 mitigatur,
2365 787 2408 842 si
2445 787 2560 857 lege
2601 785 2693 840 Dei
2737 785 3099 854 gubernetur.

427 879 636 947 Ὥσπερ
668 877 843 946 πέτρα
877 873 1012 930 οὖσα
1042 880 1098 930 ὲν
1129 878 1374 947 θαλάσσῃ
1405 877 1593 946 ὲδραία
1629 879 1801 947 μένει,
1833 880 1928 930 καὶ

2100 879 2568 946 Quemadmodum
2599 877 2857 946 scopulus
2887 875 2940 927 in
2975 874 3110 926 mari
3145 873 3353 942 positus
3414 872 3601 924 li-rtnns

355 968 646 1028 ἀσάλευτος
671 968 1116 1038 κατακρουομένη
1151 969 1254 1021 ὑπὸ
1280 970 1560 1037 κυμάτων,
1595 969 1737 1021 οῦτω
1770 971 1861 1022 καὶ
1903 972 1931 1022 ὁ

2031 970 2496 1036 inconcussusque
2529 975 2811 1036 permanet
2862 965 2930 1018 ab
2992 961 3166 1017 undis
3219 961 3475 1026 eollisns;
3533 963 3601 1013 ita

353 1059 452 1122 τὰς
484 1058 684 1128 ἀρετὰς
712 1059 1085 1128 κατορθώσας,
1118 1065 1212 1112 καὶ
1241 1059 1467 1122 ταύταις
1518 1060 1652 1123 ὅλως
1683 1061 1928 1129 ἀνακρα-

2031 1069 2084 1114 et
2117 1059 2496 1129 qui'prospere
2533 1059 2762 1112 virtutes
2825 1057 3180 1124 compararit,
3233 1054 3477 1124 ipsisque
3537 1053 3607 1106 sit

355 1150 486 1214 θεὶς,
521 1149 582 1201 οὐ
621 1150 694 1220 μὴ
727 1149 960 1221 σαλευθῇ
993 1151 1094 1203 ὑπὸ
1122 1151 1214 1204 τοῦ
1238 1151 1506 1204 διαϐόλου.

2032 1151 2257 1206 omnino
2320 1159 2730 1217 attemperatus,
2792 1163 3066 1217 nunquam
3108 1162 3138 1200 a
3201 1145 3416 1202 diabolo
3473 1160 3605 1198 con-

2034 1243 2291 1297 cutietur.

432 1324 640 1394 Ὥσπερ
690 1325 876 1395 ἰατρὸς
908 1325 1044 1396 πρὸς
1095 1327 1194 1395 τὴν
1237 1327 1332 1379 τοῦ
1383 1328 1588 1390 πάθους
1633 1327 1931 1398 θεραπείαν

2105 1335 2258 1390 Sicut
2284 1334 2528 1389 medicus
2599 1334 2896 1388 remedium
2975 1332 3246 1403 excogitat
3307 1330 3373 1384 ad
3431 1328 3608 1383 morbi

358 1417 565 1469 ἐπινοεῖ
591 1416 650 1468 τὸ
677 1417 988 1487 φάρμακον,
1020 1417 1191 1481 οὕτως
1225 1420 1316 1471 καὶ
1359 1421 1391 1488 ἡ
1435 1420 1634 1487 γνῶσις
1672 1419 1765 1472 τοῦ
1796 1417 1932 1471 Θεοῦ

2034 1427 2391 1493 curationem,
2427 1426 2503 1480 ita
2553 1425 2648 1478 Dei
2688 1426 2927 1495 cognitio
2983 1424 3256 1480 custodita
3302 1423 3459 1477 docet
3483 1436 3606 1475 cum

361 1506 770 1576 συντηρουμένη
801 1506 1043 1560 διδάσκει
1087 1509 1176 1560 τὸν
1213 1509 1509 1578 μετέχοντα
1560 1510 1749 1578 αὐτῆς,
1787 1511 1934 1573 ὅπως

2035 1520 2128 1590 qui
2160 1519 2434 1589 particeps
2455 1520 2600 1573 illius
2627 1526 2729 1582 est,
2753 1517 3028 1587 quomodo
3056 1531 3176 1570 sese
3204 1521 3410 1578 servet,
3435 1513 3611 1582 adque

359 1597 424 1650 ἂν
453 1595 812 1666 διαφυλαχθῇ,
852 1597 947 1649 καὶ
976 1599 1065 1648 ἐπὶ
1097 1597 1316 1666 μείζονα
1347 1597 1617 1667 προέλθοι.
2036 1610 2242 1680 majora
2271 1609 2568 1678 pervenial.

435 1689 647 1758 Ὠσπερ
709 1687 956 1759 χαράδρα
1019 1686 1222 1758 ἑαυτῆς
1269 1691 1556 1758 ὲμποεῖται
1611 1690 1710 1760 τὴν
1763 1691 1934 1744 διόδον
1966 1712 2008 1766 Β

2107 1699 2576 1767 Quemadmodum
2605 1687 2842 1754 'torrens
2891 1713 2921 1753 θ
2972 1696 3231 1766 praecipiti
3287 1693 3446 1764 555
3492 1692 3613 1746 loco

364 1779 506 1833 οὕτω
535 1781 630 1832 καὶ
675 1780 918 1851 ἁμαρτία
967 1779 1367 1850 παραδεχθεῖσα
1412 1782 1814 1852 κατεργάζεται
1843 1782 1939 1836 τοῦ

2039 1791 2340 1846 decurrens
2379 1789 2520 1843 viam
2554 1789 2656 1843 sibi
2689 1788 2900 1852 sternit,
2953 1789 3028 1840 ita
3082 1794 3358 1854 peccatum
3407 1781 3611 1835 admis-

367 1869 701 1940 κεκτημένου
733 1871 902 1944 αὐτῇς
931 1870 1028 1940 τὴν
1052 1870 1350 1926 ἀπώλειαν.

2041 1898 2161 1938 sum
2190 1889 2442 1954 procreat
2468 1880 2702 1934 exitium.
2729 1878 3022 1948 illius,.qni
3053 1879 3232 1948 ipsum
3277 1873 3541 1945 possedit.

451 1963 535 2024 Ὠς
564 1963 662 2015 οὐκ
690 1961 837 2016 ἔστιν
868 1963 947 2024 εἰς
983 1963 1102 2016 λίνα
1143 1962 1452 2034 ἐμπεσόντα
1481 1964 1678 2032 ἔλαφον
1700 1966 1940 2036 εὐχερῶς

2113 1973 2198 2030 Uti
2231 1989 2446 2038 cervus,
2487 1973 2580 2042 qui
2609 1973 2803 2026 incidit
2849 1971 2902 2026 in
2932 1971 3090 2036 retia,
3116 1969 3355 2039 eﬂ‘ugere
3385 1982 3494 2020 non
3518 1981 3615 2035 po-

369 2055 646 2122 ἐκφυγεῖν,
679 2055 851 2118 οὕτως
892 2057 954 2108 οὐ
1003 2056 1076 2126 μὴ
1109 2056 1253 2126 φύγῃ
1314 2058 1586 2128 ἁμαρτίαν
1629 2061 1658 2110 6
1694 2059 1792 2121 τὰς
1824 2061 1942 2111 ἐπι-

2044 2076 2165 2131 test,
2199 2067 2271 2121 ita
2293 2081 2401 2119 non
2435 2063 2622 2135 effugit
2651 2071 2935 2133 peccatum
2981 2061 3075 2131 qui
3125 2074 3254 2114 suas
3285 2057 3493 2128 perlicit
3518 2072 3615 2110 cu-

369 2143 565 2213 θυμίας
607 2145 866 2208 ἐκτελῶν,
906 2146 996 2198 καὶ
1041 2148 1097 2197 ἐν
1129 2146 1207 2216 τῷ
1237 2147 1424 2217 κόσμῳ
1470 2149 1645 2218 τούτῳ
1677 2151 1941 2219 ἀναστρε-

2045 2157 2315 2228 piditates,
2375 2156 2538 2225 inque
2573 2155 2677 2209 hoc
2726 2153 2932 2208 mundo
2964 2158 3352 2216 conversatur;
3409 2147 3616 2217 cupidi-

371 2237 634 2305 φόμενος·
667 2236 953 2307 ἐπιθυμίαι
983 2236 1088 2308 γὰρ
1121 2239 1376 2309 πονηραὶ,
1406 2239 1498 2293 καὶ
1527 2240 1732 2310 ἡδοναὶ,
1767 2241 1943 2310 σειραὶ

2047 2254 2186 2299 tates
2206 2244 2406 2314 quippe
2435 2257 2726 2312 perversae,
2753 2250 2818 2320 et.
2853 2241 3174 2310 voluptates,
3217 2247 3420 2293 eatena:
3466 2247 3612 2302 sunt,

367 2326 636 2381 6632u10L

2045 2351 2166 2405 quae
2204 2333 2489 2389 dilIieulter
2522 2333 2657 2388 solvi
2704 2342 2949 2402 possunt.

445 2420 656 2490 Ὥσπερ
705 2420 967 2490 ἄμπελος,
1023 2423 1096 2492 μὴ
1146 2421 1374 2474 ποιοῦσα
1425 2423 1671 2493 καρποὺς
1721 2423 1942 2486 καλοὺς,

2117 2429 2269 2483 Sicut
2299 2426 2420 2481 vitis
2460 2442 2567 2481 non
2599 2425 2776 2480 ferens
2808 2424 3029 2480 fructus.
3053 2423 3224 2478 bonos
3262 2418 3613 2482 exscinditur,

371 2510 694 2562 ἐκκόπτεται
727 2512 812 2562 ἵνα
845 2512 918 2582 μὴ
951 2513 1042 2564 τὸν
1091 2512 1258 2564 τόπον
1307 2517 1578 2585 καταργῇ,
1629 2514 1801 2578 οὕτως
1852 2519 1944 2570 καὶ

2049 2539 2116 2578 ne
2159 2523 2337 2576 locum
2368 2520 2569 2574 frustra
2623 2526 2873 2588 occupet,
2911 2517 2986 2571 ita
3023 2525 3077 2570 et
3103 2531 3132 2569 ο
3158 2513 3388 2568 Domino
3420 2511 3619 2566 exstir-

373 2603 480 2655 ἀπὸ
533 2603 622 2654 τοῦ
676 2602 881 2672 Κυρίου
941 2604 1372 2673 ἐκριζωθήσεται
1423 2607 1529 2667 πᾶς
1579 2607 1605 2658 ὁ
1651 2606 1725 2675 μὴ
1779 2606 1945 2659 ποιῶν

2046 2614 2263 2686 pabitur
2307 2613 2486 2668 omnis
2559 2610 2653 2682 qui
2711 2609 2944 2680 Spiritus
3008 2605 3182 2662 sancti
3245 2603 3454 2658 fructus
3511 2615 3618 2656 non

375 2696 618 2765 καρποὺς
651 2695 962 2763 Πνεῦματος
992 2697 1170 2763 ἁγίου.
2051 2708 2204 2764 feret.

456 2785 540 2849 Ὠς
570 2787 870 2856 ἀμήχανον,
913 2786 986 2856 μὴ
1017 2787 1277 2856 βλαϐῆναι
1307 2788 1592 2859 ἄνθρωπον
1615 2789 1947 2859 κρουσθέντα

2123 2800 2191 2855 Ut
2220 2797 2556 2868 impossibile
2587 2805 2669 2852 est
2696 2795 2840 2866 quod
2877 2793 3044 2848 homo
3091 2806 3119 2844 a
3150 2789 3333 2860 jaeulo
3373 2785 3621 2841 conﬁxus

376 2878 478 2930 ὑπὸ
509 2877 717 2947 βέλους,
738 2878 908 2942 οὕτως
933 2879 1190 2932 ἀδύνατόν
1220 2881 1356 2942 ἐστι,
1393 2879 1624 2950 μοναχὸν
1654 2879 1946 2944 καταδεξά-

2049 2909 2154 2948 ιιοη
2207 2893 2453 2956 laedatur,
2488 2891 2567 2945 sic
2595 2904 2700 2944 non
2729 2899 2809 2942 est
2846 2885 3110 2957 possibile
3144 2883 3493 2944 monachum,
3527 2881 3619 2950 qui

377 2985 534 3040 μενον
562 2970 824 3038 λογισμὸν
852 2971 1089 3041 πονηρὸν
1122 2971 1197 3042 μὴ
1226 2972 1521 3041 τρωθῆναι.

2051 2985 2246 3040 malam
2278 2983 2516 3037 admittit
2541 2979 2947 3051 cogitationem,
2976 2992 3084 3030 non
3114 2974 3408 3034 vulnerari.

446 3064 656 3132 Ὥσπερ
698 3065 725 3114 6
751 3061 982 3128 ἐξελθὼν
1013 3062 1132 3116 ὀδοῦ
1169 3063 1409 3128 εὐθείας,
1465 3064 1733 3122 πλανᾶται
1763 3067 1820 3118 ἐν
1852 3064 1946 3117 ἀλ·
1973 3093 2019 3152 c

2122 3073 2590 3142 Quemadmodum
2657 3071 2750 3140 qni
2815 3085 2842 3122 a
2893 3078 3040 3122 recta
3099 3066 3207 3120 exit
3257 3065 3342 3118 via
3395 3070 3622 3132 vagatur

375 3149 578 3222 λοδαπῇ
609 3150 782 3222 χώρᾳ,
821 3153 894 3221 μὴ
929 3153 1294 3223 ἐπιστάμενος
1328 3152 1429 3206 ποῦ
1459 3153 1772 3223 πορεύεται,
1803 3152 1947 3207 οὕτω

2049 3183 2236 3225 errans
2268 3167 2319 3220 in
2346 3165 2522 3220 aliena
2553 3164 2793 3233 regione,
2818 3160 3063 3216 nesciens
3096 3173 3206 3228 quo
3227 3155 3620 3228 progrediatur,

377 3242 466 3294 καὶ
499 3243 781 3313 ἄνθρωπος
818 3243 1084 3296 πλανᾶται
1123 3247 1196 3315 μὴ
1249 3243 1522 3299 πιστεύων
1556 3245 1636 3307 είς
1665 3245 1946 3315 ὀμοοῦσιον

2053 3263 2120 3316 ita
2153 3269 2207 3314 et
2230 3261 2393 3313 homo
2425 3257 2662 3321 aberrat,
2696 3255 2790 3324 qui
2816 3269 2922 3308 non
2973 3251 3147 3308 credit
3201 3249 3254 3303 in
3302 3245 3622 3302 Trinitatem

377 3335 419 3386 Τ
426 3334 604 3403 ριάδα.
1285 3349 1289 3352 ·

1285 3349 1289 3352 ’
2051 3350 2588 3407 consubstantialem.

448 3425 657 3496 ’Ὠσπερ
713 3443 798 3488 τις
853 3427 933 3489 είς
983 3426 1153 3480 πολλὰ
1203 3426 1584 3497 διαιρούμενος
1628 3426 1687 3480 ’ἐν
1725 3426 1840 3478 ἐστι
1882 3428 1946 3497 τῇ

2125 3442 2277 3496 Sicut
2310 3439 2528 3508 aliquis,
2560 3439 2612 3491 in
2641 3437 2794 3506 plura
2825 3437 3054 3499 divisus,
3082 3445 3166 3490 est
3208 3451 3376 3490 unum
3408 3445 3620 3492 natura,

378 3515 558 3585 φύσει,
591 3517 764 3580 οὕτως
792 3517 888 3570 καὶ
915 3520 947 3586 ὴ
989 3517 1120 3585 ἁγία
1153 3517 1343 3588 Τριὰς,
1383 3519 1429 3569 εἰ
1461 3519 1557 3569 καὶ
1585 3519 1696 3579 τοῖς
1722 3518 1950 3586 ὀνόμασι

2053 3540 2130 3592 sic
2154 3546 2208 3592 et
2235 3544 2422 3591 sancta
2466 3532 2725 3596 Trinitas,
2757 3531 2858 3586 etsi
2889 3531 3256 3600 distinguatur
3304 3527 3623 3584 nominibus

377 3609 470 3660 καί
516 3609 636 3670 ταῖς
667 3609 997 3662 ὑποστάσεσι
1027 3607 1300 3680 διῄρηται,
1356 3610 1419 3677 τῇ
1473 3608 1631 3676 φύσει
1683 3606 1780 3677 μία
1810 3606 1946 3660 ἐστί.

2055 3640 2108 3684 et
2155 3625 2544 3689 subsistentiis,
2581 3638 2690 3678 una
2734 3632 2818 3678 est
2846 3631 3058 3677 natura.
3093 3621 3184 3676 Dei
3231 3630 3483 3675 naturam
3519 3619 3623 3672 mi-

377 3697 510 3750 Θεοῦ
556 3697 717 3766 φύσιν
751 3700 812 3752 οὐ
850 3697 1202 3763 καταλάϐοις,
1237 3697 1346 3750 οὐδ’
1381 3699 1430 3750 εί
1468 3701 1685 3768 πτεροῖς
1717 3699 1951 3767 πετόμε-

2057 3719 2202 3773 nime
2251 3713 2702 3784 comprehendes,
2756 3727 2934 3781 neque
2963 3713 3008 3766 si
3053 3727 3176 3766 cum
3249 3711 3352 3765 alis
3414 3709 3624 3764 volites.

378 3805 486 3853 νος,
511 3792 538 3843 6
565 3789 698 3853 Θεὸς
724 3789 1107 3860 ἀκατάληπτός
1137 3791 1277 3856 ἐστι,
1311 3788 1391 3842 διὸ
1422 3790 1514 3842 καὶ
1546 3788 1768 3860 κτίστης
1796 3788 1952 3859 ἡμῶν

2059 3810 2202 3865 Deus
2235 3806 2802 3875 incomprehensibilis
2849 3814 2954 3870 est,
3024 3803 3252 3876 ideoque
3310 3811 3495 3859 noster
3546 3809 3628 3855 est

379 3885 542 3936 ἐστιν.
1063 3889 1070 3894 ’

1063 3889 1070 3894 ¹
2057 3902 2324 3956 conditor.

453 3997 664 4066 Ὠσπερ
703 3996 762 4048 τὸ
805 3996 1348 4065 κατασκευαζόμενον
1381 3995 1572 4058 σκεῦος
1633 3995 1821 4062 ἀγνοεῖ
1859 3991 1952 4045 τοῦ

2131 4012 2202 4068 Ut
2234 4030 2328 4068 vas
2374 4013 2606 4068 edictum
2667 4012 2882 4080 ignorat
2935 4009 3286 4078 principium,
3335 4017 3498 4076 atque
3535 4021 3633 4059 na-

383 4083 896 4146 κατασκευάσαντος
937 4084 1034 4154 τὴν
1086 4083 1259 4154 ἀρχὴν
1305 4086 1400 4137 καὶ
1447 4087 1544 4155 τὴν
1589 4083 1772 4153 φύσιν,
1813 4082 1957 4136 οὕτω

2065 4115 2240 4160 turam
2277 4106 2549 4176 ﬁguli,sic
2573 4114 2627 4160 et
2659 4104 2842 4166 homo,
2898 4101 2992 4157 Dei
3045 4109 3317 4162 naturam,
3371 4107 3426 4153 et
3479 4097 3636 4167 prin-

382 4173 473 4224 καὶ
509 4172 796 4244 ἄνθρωπος
829 4174 891 4227 οὐ
925 4175 1213 4246 δυνήσεται
1248 4175 1488 4248 ἐξευρεῖν
1533 4176 1668 4228 Θεοῦ
1706 4173 1866 4244 φύσιν
1921 4172 1954 4242 ἦ

383 4261 577 4313 ἀονήν.
1256 4301 1269 4309 ,ι
1391 4269 1396 4274 ’

1666 4203 1668 4218 ’
1706 4173 1866 4244 φύσιν
1921 4172 1954 4242 ἦ
2061 4199 2258 4268 cipium
2295 4213 2637 4269 nequaquam
2671 4195 2870 4267 poterit
2907 4193 3243 4248 adinvenire.

422 4278 577 4332 ρχην-

454 4375 658 4444 Τριὰδα
690 4375 764 4446 μὴ
795 4377 1182 4446 περιεργάζου,
1218 4376 1353 4430 ἀλλὰ
1397 4377 1554 4447 μόνον
1591 4375 1832 4439 πίστευε,
1862 4376 1955 4430 καὶ
1988 4425 2031 4447 n

2133 4375 2454 4430 Trinitatem
2515 4389 2581 4428 ne
2625 4370 2898 4429 curiosius
2944 4369 3222 4439 exquiras,
3283 4366 3376 4421 sed
3427 4375 3635 4420 tantum

1987 4425 2032 4482 D

383 4467 698 4536 προσκῦνεγ
730 4472 757 4522 6
787 4468 894 4539 γὰρ
927 4469 1422 4539 περιεργαζόμενος
1453 4470 1512 4522 οῦ
1544 4468 1812 4524 πιστεύει.

2063 4469 2242 4534 crede,
2267 4477 2430 4538 atque
2471 4467 2661 4532 adora,
2693 4479 2820 4521 nam
2851 4463 3068 4520 curiose
3123 4467 3496 4532 perscrutans,
3531 4471 3630 4510 nox

2061 4560 2251 4615 credit.

454 4669 745 4738 Κτήσασθε
778 4667 971 4734 σοφίαν
1002 4667 1092 4719 καὶ
1129 4667 1202 4736 μὴ
1239 4664 1522 4735 ἀργύριον,
1557 4665 1816 4734 ποιήσατε
1850 4680 1961 4731 (pw-

2129 4671 2408 4739 Acquirite
2454 4668 2801 4738 sapientiam,
2834 4677 2888 4722 et
2940 4681 3046 4721 non
3109 4668 3413 4732 argentum,
3479 4655 3639 4710 facile

383 4759 558 4812 τεινὸν
585 4760 794 4828 ἔνδυμα
838 4756 1076 4828 Χριστοῦ
1109 4755 1202 4808 τοῦ
1235 4754 1444 4824 Κυρίου
1473 4755 1651 4824 ἡμῶν,
1686 4755 1826 4823 ὑπὲρ
1858 4754 1958 4805 πᾶ-

2064 4759 2305 4814 lucidum
2360 4759 2737 4812 indumentum
2789 4756 2994 4810 Christi
3027 4753 3239 4808 Domini
3269 4749 3440 4805 nostri
3480 4746 3641 4816 556

388 4870 488 4906 σαν
519 4852 712 4922 στολὴν
755 4850 1034 4919 βυσσίνην,
1070 4849 1152 4900 ὅτι
1193 4848 1292 4901 οῦκ
1337 4846 1607 4917 ὠφελήσει
1644 4847 1960 4916 ὑπάρχοντα

2065 4849 2352 4920 plusquam
2384 4863 2600 4902 omnem
2651 4856 2854 4902 vestem
2885 4846 3182 4911 byssinam,
3245 4841 3370 4913 quia
3403 4853 3534 4908 Opes
3585 4837 3640 4890 in

388 4948 445 4999 ὲν
471 4946 659 5015 ἡμέρᾳ
693 4943 946 4996 θανάτου.

2067 4940 2155 4995 die
2202 4940 2393 4994 mortis
2425 4938 2629 4992 nullius
2662 4945 2824 4992 erunt
2860 4935 3183 5004 juvamenti.

458 5061 670 5128 Ὠσπερ
703 5057 812 5130 πῦρ
856 5056 1240 5109 καταναλίσκει
1273 5053 1494 5124 δρυμδν,
1538 5052 1679 5104 οὕτω
1723 5068 1961 5105 κατανα-

2139 5051 2608 5120 Quemadmodum
2657 5051 2797 5121 ignis
2835 5049 3106 5104 consumit
3156 5046 3517 5107 senticetum,
3570 5043 3640 5095 ita

387 5150 690 5219 λωθήσεται
721 5149 826 5210 πᾶς
869 5145 1192 5216 ἁμαρτωλὸς
1224 5145 1328 5197 ὑπὸ
1374 5143 1466 5196 τοῦ
1514 5143 1729 5196 αἰωνίου
1763 5141 1954 5211 πυρὸς,

2070 5147 2251 5201 omnis
2278 5154 2532 5215 peccator
2580 5143 2648 5197 ab
2700 5151 2903 5196 aeterno
2939 5149 3294 5194 consumetur
3353 5138 3493 5206 igne,
3547 5151 3643 5187 nrt:

389 5244 482 5296 καὶ
507 5243 565 5294 οὐ
601 5240 820 5294 δύναται
845 5237 1194 5308 τελευτῆσαι·-
1223 5236 1464 5290 ἀθάνατα
1497 5235 1604 5306 γὰρ
1633 5233 1964 5304 βασανισθή-

1870 5233 1964 5304 θή-
2074 5245 2247 5304 potest
2283 5234 2442 5298 mori,
2511 5247 2635 5286 nam
2673 5229 3053 5286 immortaliter
3086 5227 3447 5296 torquebitur.

392 5348 566 5384 σεται.

466 5445 630 5498 Οὐδὲν
663 5444 822 5515 μέγα,
853 5445 898 5496 εἰ
928 5442 1186 5513 γινόμεθα
1213 5441 1428 5503 δίκαιοι,
1450 5439 1476 5491 ὃ
1500 5439 1607 5510 γὰρ
1635 5437 1964 5506 ἐκτίσθημεν

2141 5427 2282 5480 Nihil
2316 5441 2594 5493 magnum,
2651 5424 2694 5476 si
2726 5423 2859 5492 justi
2898 5421 3184 5484 fuerimus,
3243 5418 3385 5487 quod
3432 5417 3576 5470 enim
3622 5431 3650 5468 ιι

396 5535 498 5588 ὐπδ
550 5534 642 5586 τοῦ
691 5534 822 5586 Θεοῦ
878 5533 1109 5602 πρῶτον,
1151 5531 1302 5584 καλοὶ
1356 5529 1496 5594 λίαν,
1550 5528 1706 5581 τοῦτο
1746 5526 1968 5596 γενησό-

2087 5525 2188 5575 Deo
2239 5519 2472 5588 primum
2516 5517 2718 5572 conditi
2753 5531 2968 5580 sumus,
3008 5513 3286 5574 nimirum,
3323 5509 3461 5564 boni
3507 5505 3664 5556 valde

399 5626 538 5694 μεθα

2078 5615 2131 5672 id
2181 5610 2491 5667 evademus.
