3990 6204
277 339 290 344 -
371 278 505 345 1Ξ43

1831 269 1890 326 S.
1933 266 2096 327 ΝΠ]

3485 245 3620 309 1'2“

368 399 648 456 laboribus
669 437 683 458 ,
719 410 814 450 cur
842 392 1002 462 igitur
1056 389 1300 446 coelestia
1327 397 1547 459 propter
1567 387 1812 443 laborem
1837 386 1930 440 de-
1961 433 1963 441 .

2114 396 2143 439 ι.
2200 376 2422 430 ἀνθότου
2471 373 2538 426 τὰ
2595 370 2843 440 οὐράνια,
2891 367 2978 420 διὰ
3011 365 3100 419 τὸν
3160 362 3379 434 μόχθον,
3435 359 3622 414 ἐκκλξρ

367 486 676 546 clinamns?
1787 562 1790 564 _

437 581 527 634 29.
560 576 652 630 Vis
684 575 892 643 absque
923 573 1105 627 labore
1132 572 1342 641 operari
1375 570 1676 626 virtutem?
1741 571 1940 638 cogita,

369 667 510 734 quod
556 663 710 718 labor
739 661 1099 731 temporarius
1131 670 1234 724 est,
1281 669 1336 714 et
1380 676 1588 716 merces
1610 670 1834 715 aeterna.

442 843 531 900 '50.
563 842 884 912 Quicunque
913 841 981 896 ad
1041 843 1356 898 inhonestus
1416 843 1726 911 voluptates
1790 844 1937 897 tabe~

375 937 522 1002 facti,
552 951 648 992 seu
679 937 994 1003 consumpti
1021 946 1168 1000 sunt,
1220 935 1536 990 brevitatem
1568 933 1846 990 fruitionis
1895 945 1949 990 et

373 1027 736 1098 prolixitatem
765 1026 1011 1094 supplicii
1045 1034 1379 1094 computent.

445 1119 535 1173 3|.
567 1117 739 1183 Quam
790 1117 1034 1181 sordida,
1080 1119 1344 1185 bestialis,
1380 1133 1444 1174 ac
1474 1119 1672 1174 stolida
1697 1120 1814 1176 haec
1839 1119 1948 1173 vita

378 1210 468 1272 sit,
491 1208 614 1278 jure
644 1209 860 1274 merito,
899 1220 1010 1264 tum
1039 1210 1243 1272 anima,
1296 1220 1408 1264 tum
1447 1211 1730 1266 rationalis
1771 1227 1946 1277 meus,

362 1299 495 1355 ‘tum
527 1302 562 1354 ii
593 1301 685 1370 qui
713 1317 743 1355 a
775 1301 1082 1371 semetipsis
1112 1302 1499 1357 detrimentum
1531 1302 1772 1372 perpessi
1800 1312 1948 1370 sunt,

380 1395 567 1464 lugere
595 1393 815 1448 debent.

451 1485 540 1539 ⁸52.
589 1483 784 1538 Omnia
808 1485 1061 1540 existima
1112 1487 1510 1556 corruptibilia,
1539 1488 1792 1543 virtutem
1822 1503 1950 1543 vero

379 1592 501 1631 esse
534 1578 1018 1646 incorruptibilem.

455 1666 542 1720 55.
599 1663 816 1736 Neglige
837 1667 961 1732 alia,
993 1684 1333 1740 quaecunque
1373 1671 1595 1740 pecudis
1630 1671 1803 1726 instar
1827 1686 1952 1726 eva-

386 1755 515 1836 dere
544 1755 748 1809 faciunt
783 1757 1056 1812 hominem
1085 1776 1100 1824 ;
1141 1774 1204 1814 ea
1234 1775 1364 1814 vero
1395 1775 1593 1830 perage
1613 1777 1734 1831 quae
1761 1771 1812 1816 te
1842 1775 1954 1816 cce—

387 1847 576 1901 lestem
630 1847 834 1902 habere
869 1849 1135 1919 originem
1163 1852 1452 1907 ostendere
1489 1862 1740 1921 possunt.

455 1939 542 1993 54.
576 1939 776 1994 Curam
821 1940 1016 1996 habeto
1065 1942 1298 2008 virtutis,
1329 1945 1441 2014 ipsa
1467 1946 1663 2014 quippe
1686 1945 1952 2016 Adamum

386 2032 607 2087 exhibet
635 2032 801 2086 Deum
838 2049 933 2102 per
963 2034 1309 2104 sapientiam.

455 2121 546 2176 55.
580 2121 842 2177 Contines
872 2124 1160 2180 ventrem?
1216 2127 1438 2180 contine
1486 2137 1538 2180 et
1571 2127 1834 2196 linguam,
1893 2142 1958 2181 ue

387 2229 484 2282 per
541 2213 688 2269 hunc
718 2213 820 2269 tias
859 2228 1067 2279 servus,
1094 2232 1189 2286 per
1222 2217 1369 2271 illam
1410 2233 1538 2272 vero
1569 2219 1702 2273 liber
1760 2219 1960 2274 evadas

387 2305 617 2360 inutilis.

456 2391 548 2446 ⁸56.
586 2391 757 2463 Dilige
805 2391 999 2458 Deum,
1053 2409 1216 2464 supra
1286 2395 1462 2465 ipsum
1505 2405 1710 2458 autem,
1765 2412 1832 2451 ne
1885 2397 1960 2452 sis

387 2483 654 2549 addictus,
707 2499 800 2540 seu
850 2485 1137 2541 affectione
1193 2487 1472 2543 adhmreas
1504 2488 1839 2552 domesticis;
1893 2504 1963 2544 ne

389 2575 526 2631 forte
558 2576 719 2647 560
748 2579 1045 2633 secundum
1081 2579 1202 2649 ejus
1241 2595 1449 2644 vocem,
1483 2595 1568 2643 eo,
1605 2581 1680 2634 uti
1723 2599 1828 2636 twn
1857 2583 1960 2646 vis,

389 2667 648 2737 indignus
681 2669 1060 2738 comperiar-is.

463 2759 552 2814 ⁸57.
589 2759 915 2816 Constanter
945 2761 1124 2831 perfer
1153 2764 1530 2819 tribulationes
1563 2780 1626 2820 ac
1651 2780 1960 2831 aerumnas;

392 2853 446 2906 in
498 2851 628 2920 ipsis
667 2854 866 2921 quippe
899 2855 1232 2909 certantibus
1259 2856 1516 2924 plectitur
1539 2871 1760 2910 corona.

462 2944 551 2998 58.
587 2942 750 2998 Beata
781 2959 868 2999 res
902 2953 988 3000 est
1016 2946 1156 3000 male
1202 2948 1339 3015 pati.
1388 2957 1445 3001 at
1484 2949 1622 3002 male
1653 2948 1831 3002 facere
1863 2949 1965 3002 mi-

391 3037 679 3092 serrimum
711 3045 828 3104 est;
860 3037 954 3108 qui
987 3053 1222 3106 namque
1253 3040 1476 3108 patitur,
1509 3039 1566 3093 ﬁt
1593 3039 1798 3104 Christi
1851 3041 1962 3094 haz-

391 3143 521 3192 res;
554 3128 646 3198 qui
697 3145 823 3184 vero
862 3131 1003 3184 male
1035 3129 1180 3194 facit,
1216 3131 1416 3186 diaboli
1472 3133 1652 3186 evadit
1699 3133 1960 3187 eohaeres.

462 3219 551 3273 59.
585 3221 768 3276 Bonus
791 3221 1087 3291 estjejunii
1121 3223 1310 3292 panis;
1359 3224 1798 3294 quandoquidem
1831 3225 1966 3278 liber

393 3318 476 3364 est
503 3326 534 3363 a
561 3310 899 3379 voluptatum
931 3310 1225 3366 fermento.

464 3398 552 3453 40.
592 3400 792 3456 Sancta
817 3410 901 3458 est
925 3418 1020 3457 ara
1047 3403 1338 3470 orationis,
1384 3403 1509 3473 quia
1546 3403 1710 3458 trahit
1740 3407 1806 3458 ad
1869 3421 1968 3460 nos

397 3493 658 3548 Sanctum
692 3503 1029 3551 sanctorum.

461 3586 550 3640 Μ.
583 3585 661 3642 Ne
694 3603 920 3644 censeas
945 3589 1220 3658 justitiam
1275 3607 1399 3646 esse
1434 3593 1652 3647 virtutis
1711 3592 1970 3662 appendi-

396 3694 512 3734 cem
541 3696 556 3745 ;
613 3695 737 3734 nam
768 3681 974 3752 absque
1006 3682 1092 3736 illa
1121 3683 1303 3738 omnis
1350 3684 1499 3738 actio
1520 3695 1602 3740 est
1627 3685 1860 3755 impura.

467 3863 557 3917 42.
592 3864 649 3918 Si
700 3864 1026 3921 dissemines
1083 3867 1440 3936 pauperibus,
1497 3876 1588 3922 tua
1649 3867 1966 3932 dissemina,

398 3955 574 4009 aliena
604 3955 804 4024 quippe
864 3964 991 4010 sunt
1021 3955 1249 4013 zizaniis
1289 3959 1580 4012 amariora.

467 4045 558 4099 45.
588 4044 900 4104 Misericors
934 4062 1109 4103 czrcus
1157 4058 1258 4114 est,
1294 4049 1395 4104 nisi
1427 4047 1810 4119 fueritjustus,
1843 4049 1971 4104 dum

397 4153 592 4208 agrum
631 4139 850 4203 excolit,
906 4155 1068 4209 quem
1113 4150 1315 4196 metere
1343 4140 1571 4195 minime
1597 4149 1795 4210 potest.

470 4227 561 4280 44.
598 4225 825 4296 Semper
850 4228 1068 4296 quidem
1103 4239 1362 4300 exspecta
1409 4241 1660 4296 mortem,
1706 4240 1762 4283 at
1805 4246 1870 4286 ne
1905 4231 1988 4284 ti-'

400 4332 591 4385 meas;
655 4325 947 4387 utrumque
997 4319 1142 4373 enim
1216 4335 1343 4374 vera
1400 4328 1484 4374 est
1544 4331 1672 4374 nota
1729 4319 1973 4390 philoso-

399 4413 562 4484 phiae.

471 4505 562 4560 45.
595 4503 826 4558 Virtutis
857 4503 1086 4574 figuram
1126 4503 1308 4568 indue,
1343 4517 1448 4556 non
1482 4513 1540 4558 ut
1569 4503 1829 4572 deeipias,
1883 4502 1978 4557 sed

401 4604 461 4650 ut
489 4595 714 4665 adjuves
741 4593 1090 4664 aspicientes.

473 4687 561 4742 46.
589 4686 776 4743 Dicere
808 4694 1020 4756 Oportet
1044 4685 1274 4740 honesta
1307 4699 1428 4739 eum
1449 4686 1634 4749 etiam,
1661 4685 1753 4754 qui
1785 4683 1974 4738 eadem

402 4797 511 4834 non
541 4779 668 4834 facit
709 4779 956 4844 honesta,
1005 4787 1062 4832 ut
1096 4777 1320 4847 incipiat
1356 4791 1542 4846 Opera,
1574 4775 1840 4831 reveritus
1865 4790 1979 4828 ser.

403 4885 608 4926 mones.

473 4963 562 5018 47.
598 4961 653 5017 Si
693 4962 890 5016 malum
919 4961 1216 5026 desideras,
1247 4960 1380 5014 nihil
1411 4958 1526 5023 tibi,
1560 4968 1612 5013 et
1643 4967 1818 5020 terrae,
1879 4971 1977 5011 nec

403 5057 544 5110 enim
574 5055 677 5110 ista
713 5054 844 5109 sinit
874 5053 940 5107 ad
977 5052 1106 5107 illud
1130 5052 1368 5108 evolare.

473 5145 562 5200 48.
600 5143 678 5198 Ne
706 5145 966 5199 ditescere
996 5143 1127 5197 velis
1167 5157 1330 5196 causa
1357 5140 1618 5195 mendicis
1653 5131 1975 5194 c'ltaritative

405 5235 742 5306 epitulandi;
781 5234 922 5290 Deus
951 5235 1094 5288 enim
1127 5235 1243 5302 lege
1294 5233 1545 5299 saneivit,
1595 5232 1738 5301 quod
1790 5230 1978 5285 Justus

407 5346 438 5383 e
464 5328 701 5400 propriis
732 5327 826 5400 [οι.
857 5343 886 5382 e
906 5328 1054 5396 juste
1073 5323 1262 5397 partis]
1300 5325 1643 5379 misereatur.
1681 5381 1690 5391 .

478 5419 567 5473 49.
601 5417 656 5472 Si
695 5417 946 5488 poculum
981 5431 1134 5486 aqua:
1183 5414 1390 5484 frigidm
1451 5415 1714 5484 justilicat
1763 5412 1977 5467 miseri-

410 5510 649 5573 cordem,
680 5518 879 5578 quanta
910 5506 1162 5562 succedet
1203 5504 1489 5560 retributio
1513 5505 1561 5558 ei
1593 5505 1682 5573 qui
1719 5503 1980 5556 mendicis

412 5599 592 5651 omnia
623 5599 926 5667 dispergit?

483 5688 567 5740 50.
604 5688 757 5756 561
789 5689 974 5743 Patres
1010 5691 1266 5744 virtutum
1308 5697 1430 5744 sunt
1465 5690 1704 5752 castitas,
1749 5696 1798 5741 et
1831 5702 1978 5740 ibunt~

2002 4403 2052 4462 D

2043 487 2204 533 νομεν
2225 486 2238 533 ;

2106 489 2441 612 ἒδῖθῖἸΜύλει
2485 553 2582 622 τὴν
2613 549 2810 619 ἀρετὴν
2845 548 3010 601 κόπου
3050 546 3218 616 χωρὶς
3249 541 3580 612 ἐργάζεσθαι
3606 579 3621 596 ,

2043 649 2258 718 λογίζου
2289 648 2380 700 τὸν
2419 645 2612 707 κόπον,
2646 644 2726 695 ὃτι
2767 639 3121 711 πρόσκαιρος,
3168 636 3261 689 καὶ
3295 635 3386 687 τὸν
3430 632 3623 702 μισθδν

2043 741 2119 804 ὡς
2151 739 2385 793 αἰώνιον.

2097 831 2186 885 .λ’.
2229 831 2384 882 Ὅσοι
2420 829 2554 898 πρὸς
2585 826 2681 888 τὰς
2706 822 2902 893 ἡδονὰς
2926 821 3024 883 τὰς
3067 819 3300 880 ἀτόπους
3339 817 3624 884 τετήκασι,

2049 923 2148 992 τῆς
2175 919 2526 981 ἀπολαύσεως
2555 917 2614 969 τὸ
2645 915 2839 986 βραχὺ,
2871 914 2967 966 καὶ
2995 910 3096 978 τῆς
3127 908 3397 980 τιμωρίας
3426 907 3489 958 τὸ
3521 923 3632 974 μα-

2050 1011 2178 1080 κρὸν
2212 1007 2638 1076 λογιζέσθωσαν.

2119 1101 2221 1154 λα’.
2265 1100 2434 1152 Ὅσον
2480 1098 2508 1150 ὁ
2541 1095 2653 1165 βίος
2687 1093 2950 1166 ῥυπαρὸς,
2987 1089 3288 1160 κτηνὼδης,
3324 1092 3550 1146 εικοτως
3599 1086 3633 1150 ἡ

2049 1192 2218 1262 ψυχὴ,
2269 1191 2364 1244 καὶ
2407 1187 2599 1241 παθεῖν
2627 1225 2642 1248 ,
2688 1185 2762 1248 ὡς
2790 1185 2850 1236 τὸ
2895 1182 3132 1251 λογικὸν,
3167 1181 3257 1233 καὶ
3298 1179 3386 1248 ὑφ’
3418 1175 3636 1230 ἑαυτῶν

2055 1282 2427 1354 ζημιωθέντες
2452 1278 2746 1348 ὀφείλουσι.

2124 1476 2225 1548 λβ’.
2267 1477 2450 1530 Πάντα
2491 1475 2680 1546 νόμιζε
2729 1469 2972 1544 φθαρτὰ,
3022 1469 3116 1522 καὶ
3147 1445 3260 1537 ’τὴν
3288 1443 3485 1535 ἀρετὴν
3526 1462 3642 1530 ἄφ-

2056 1568 2274 1638 θαρτον.

2126 1661 2228 1728 λγ’.
2282 1656 2501 1728 Ἀμέλει
2549 1654 2656 1709 τῶν
2703 1653 2878 1707 ἄλλων
2923 1653 3023 1706 ὅσα
3053 1648 3301 1721 κτηνὼδη
3334 1645 3650 1700 κατασκευ-

1986 1732 2028 1788 B
2059 1752 2179 1817 ἀζει
2209 1751 2318 1804 τῶν
2346 1748 2632 1820 ἄνθρωπον
2652 1765 2666 1779 ·
2695 1744 2932 1816 ἐργάζου
2951 1743 3008 1797 δὲ
3033 1741 3208 1796 ταῦτα
3238 1742 3338 1794 ὅσα
3385 1756 3443 1791 σε
3473 1738 3650 1807 οὐρά-

2055 1863 2166 1899 νιον
2192 1841 2467 1906 ἀναδεῖξαι
2504 1839 2848 1908 δυνήσονται.

2127 1935 2218 1990 λδ¹.
2271 1931 2566 2003 Ἐπιμελοῦ
2610 1930 2711 1999 τῆς
2759 1929 2997 2001 ἀρετῆς,
3041 1925 3176 1995 αὕτη
3225 1925 3332 1994 γὰρ
3375 1922 3505 1975 Θεὸν
3550 1922 3652 1974 διὰ

2059 2025 2395 2097 φιλοσοφία-ς,
2429 2023 2520 2075 τὸν
2571 2022 2741 2090 Ἀδὰμ
2769 2018 3141 2075 ἀποδείκνυσι.

2129 2117 2220 2171 λε’.
2263 2117 2498 2187 Κρατείς
2530 2111 2804 2182 γαστρός;
2857 2111 3048 2180 κράτει
3091 2109 3186 2159 καὶ
3234 2105 3499 2174 γλώττης,
3550 2105 3650 2155 ἵνα

2063 2209 2138 2279 μὴ
2168 2207 2243 2277 τῷ
2277 2207 2374 2276 μὲν
2409 2205 2659 2276 ὑπάρχῃς
2689 2202 2891 2264 δοῦλος,
2923 2200 3001 2271 τῷ
3030 2200 3086 2252 δὲ
3117 2197 3394 2268 τυγχάνῃς
3443 2196 3648 2265 (ir/45w;-

2059 2319 2151 2365 τος
2181 2299 2485 2369 ἐλεύθερος.

2132 2394 2239 2458 λς’.
2293 2392 2508 2459 Ἀγάπα
2530 2389 2620 2442 τὸν
2655 2385 2808 2447 Θεὸν,
2838 2383 2978 2452 ὑπὲρ
3008 2381 3166 2433 αὑτὸν
3198 2379 3254 2432 δὲ
3286 2380 3399 2441 τοῖς
3426 2375 3651 2438 οἰκείοις

2067 2486 2142 2558 μὴ
2175 2487 2519 2556 πρόσπασχε,
2546 2483 2739 2552 μήπως
2766 2477 2952 2537 αὑτοῦ,
2981 2473 3122 2528 κατᾶ
3150 2472 3246 2541 τὴν
3275 2469 3437 2524 αὐτοῦ
3460 2469 3650 2538 φωνὴν

2065 2574 2314 2646 εὑρεθῇς,
2346 2573 2420 2636 ὡς
2447 2573 2510 2645 ,οὐ
2548 2569 2742 2631 θέλεις,
2773 2564 3010 2630 ἀνάξιος.

2134 2744 2230 2807 λζ’.
2283 2742 2553 2814 Καρτέρει
2597 2741 2693 2802 τὰς
2739 2738 2984 2808 θλίψεις·
3037 2739 3094 2789 ἐν
3138 2735 3329 2797 αὐταῖς
3375 2732 3481 2804 γὰρ
3529 2734 3652 2796 τοῖς

2065 2838 2320 2893 ἀθλοῦσιν
2349 2839 2375 2888 ὁ
2417 2836 2700 2901 στέφανος.

2137 2931 2239 3000 λη’.
2280 2928 2565 2996 Μακάρων
2604 2925 2834 2994 πάσχειν
2878 2920 3081 2984 κακῶς,
3119 2919 3180 2970 τὸ
3209 2920 3382 2970 ποιεῖν
3410 2915 3465 2968 δὲ
3489 2931 3650 2984 τρισο

2069 3023 2281 3084 ἄθλιον,
2335 3018 2427 3071 τοῦ
2477 3015 2715 3087 Χριστοῦ
2771 3014 2880 3084 γὰρ
2943 3011 3280 3082 κληρόνομος
3328 3011 3356 3062 ὁ
3399 3007 3654 3076 πάσχων,

2069 3115 2234 3168 ποιῶν
2255 3113 2311 3166 δὲ
2333 3111 2428 3164 τοῦ
2458 3109 2704 3164 διαϐόλου
2734 3104 3193 3175 συγκληρόνομος.

2135 3205 2233 3258 λθ’.
2276 3202 2454 3264 Καλὸς
2485 3203 2512 3252 ὁ
2538 3201 2635 3268 τῆς
2684 3197 2938 3267 νηστείας
2977 3194 3158 3264 ἄρτος,
3199 3190 3387 3260 ἐπειδὴ
3425 3191 3520 3258 τῆς
3553 3189 3652 3251 ζύ-

2073 3311 2178 3367 μης
2211 3296 2328 3347 ἐστὶ
2370 3292 2482 3346 τῶν
2513 3290 2716 3361 ήδονῶν
2749 3287 3050 3350 ἐλεύθερος.

2139 3393 2211 3457 μ’.
2252 3387 2437 3452 Ἀγιος
2466 3383 2494 3433 ὁ
2523 3382 2622 3451 τῆς
2651 3379 2956 3450 προσευχῆς
2978 3377 3179 3447 βωμὸς,
3211 3376 3357 3427 ἕλκει
3388 3373 3489 3444 γὰρ
3516 3373 3661 3442 πρὶς

2069 3479 2218 3547 ἡμᾶς
2253 3476 2344 3529 τὸν
2370 3474 2481 3527 τῶν
2521 3473 2691 3541 ἁγίων
2727 3473 2939 3539 Ἀγιον.

2144 3568 2254 3639 μα’.
2313 3566 2404 3636 Μὴ
2465 3566 2610 3619 δόκει
2665 3564 2761 3633 τὴν
2825 3549 3172 3628 δι’καιοσὺνην
3236 3559 3436 3627 ἀρετῆς
3501 3552 3650 3608 εἶναι

2073 3662 2367 3731 πάρεργον,
2423 3659 2594 3728 αὐτῆς
2642 3656 2750 3728 γὰρ
2801 3656 3006 3726 χωρὶς,
3049 3653 3197 3704 πᾶσα
3250 3649 3449 3718 πρᾶξις
3515 3649 3665 3702 ἀκά-

1990 3772 1993 3774 ·
2075 3755 2295 3822 θαρτος.

2147 3845 2254 3915 μβ’.
2300 3842 2360 3895 Εἰ
2395 3841 2642 3910 σπείρεις
2683 3839 2940 3908 πτωχοῖς,
2968 3834 3037 3887 τὰ
3071 3831 3270 3886 σαυτοῦ
3321 3832 3566 3901 σπεῖρον,
3594 3829 3662 3895 τᾲ

2074 3938 2182 4008 γὰρ
2212 3935 2487 4005 ἀλλότρια,
2516 3931 2771 3997 ζιζανίων
2799 3929 3126 3999 πικρότερα.

2147 4026 2257 4098 μγ’.
2313 4025 2526 4096 Τυφλὺς
2578 4022 2860 4092 ἐλεήμων,
2913 4021 2961 4072 εἰ
3018 4018 3092 4089 μὴ
3141 4017 3378 4087 ὑπάρχει
3427 4013 3659 4074 δίκαιος,

2074 4118 2339 4190 γεωργῶν
2372 4117 2562 4187 ἀγρὸν,
2599 4115 2657 4166 ὃν
2687 4113 2922 4183 θερίζειν
2959 4113 3019 4164 οὗ
3052 4109 3301 4164 δύναται.

2149 4211 2250 4283 μδ’.
2295 4207 2575 4280 Προσδόκα
2636 4205 2732 4274 μὲν
2783 4205 2869 4256 ἀεὶ
2914 4202 3004 4255 τὸν
3055 4201 3309 4262 θάνατον,
3359 4195 3435 4266 μὴ
3487 4193 3658 4263 φοϐοῦ

2075 4305 2154 4369 δὲ,
2188 4301 2390 4374 ἀληθὴς
2421 4301 2531 4371 γὰρ
2562 4294 2851 4368 χαρακτὴρ
2882 4293 3202 4365 φιλοσοφίας
3237 4289 3516 4357 ἑκίτερον.

2142 4487 2240 4551 με’.
2288 4477 2640 4548 Σχηματίζου
2680 4476 2780 4544 τὴν
2829 4473 3049 4544 ἀρετὴν,
3093 4472 3192 4540 οὐχ
3235 4471 3384 4530 ὅπως
3424 4465 3662 4534 ἁπατᾷς,

2082 4572 2196 4625 ἀλλ’
2223 4572 2371 4630 ὅπως
2399 4569 2616 4639 ὼνρελῇς
2653 4567 2778 4629 τοὺς
2809 4565 3128 4635 βλέποντας.

2158 4661 2274 4733 μς’.
2324 4660 2516 4727 Λέγειν
2565 4659 2671 4728 χρὴ
2720 4656 2859 4709 καλὰ
2906 4654 3127 4706 καὶτὸν
3172 4653 3246 4723 μὴ
3300 4648 3440 4703 καλὰ
3487 4646 3665 4716 πράτ-

2084 4771 2264 4816 τοντα,
2293 4754 2438 4815 ὅπως
2463 4750 2691 4822 ἄρξηται
2718 4749 2824 4801 τῶν
2855 4747 3051 4815 ἔργων,
3082 4745 3208 4806 τοὺς
3241 4743 3434 4810 λόγους
3469 4742 3667 4808 αἰσχυ-

2087 4848 2330 4918 νόμενος.

2158 4939 2264 5009 μιῖό
2306 4938 2368 4990 El
2397 4935 2486 4991 τδν
2519 4935 2746 5006 οὐρανὸν
2779 4931 2985 4996 ποθεῖς,
3028 4929 3195 4999 μηδὲν
3228 4944 3308 4980 σοι
3347 4925 3443 4978 καὶ
3462 4927 3526 4993 τῇ
3565 4924 3661 4991 Υῇ’

1983 5069 1988 5074 -
2083 5034 2181 5087 οὐκ
2213 5032 2276 5102 ἐᾷ
2302 5031 2413 5102 γὰρ
2445 5028 2627 5098 ἐκείνη
2661 5026 3030 5096 πρὸς’ἐκεῖνον
3061 5018 3414 5074 ἀνίπτασθαι.

2159 5142 2268 5195 μη.
2330 5120 2424 5191 Μὴ
2481 5119 2672 5188 βούλου
2733 5116 3003 5178 πλουτεῖν,
3061 5109 3432 5180 φιλοπτωχίας
3481 5107 3662 5168 ἕνεκα,

2088 5216 2196 5270 ἀπὸ
2231 5215 2338 5284 γὰρ
2377 5212 2486 5264 τῶν
2510 5212 2700 5272 ὄντων,
2737 5208 2905 5260 ἐλεεῖν
2937 5207 2964 5258 ὀ
2996 5203 3126 5265 Θεὸς
3147 5201 3440 5270 νομοθετεῖ
3472 5198 3559 5250 τὸν
3585 5197 3664 5249 δέ-

2089 5323 2264 5360 καιον.

2165 5399 2267 5469 μθ’.
2293 5399 2353 5450 Et
2383 5395 2638 5464 ποτήριον
2667 5390 2912 5462 ψυχροῦν
2966 5390 3166 5443 δικαιοί
3193 5386 3285 5440 τὸν
3317 5383 3660 5454 οἰκτίρμονα,

2090 5495 2229 5559 πόση
2255 5507 2335 5551 τις
2358 5487 2558 5556 ἀμοιϐὴ
2581 5487 2668 5537 τὸν
2702 5485 2874 5537 πάντα
2901 5481 3263 5552 σκορπίζοντα
3294 5480 3404 5538 τοῖς
3432 5475 3666 5541 πτωχοῖς

2091 5584 2428 5652 διαᾶἐχετακ

2166 5683 2224 5730 ν’.
2265 5664 2502 5741 Πατὲρὲς
2535 5671 2642 5723 τῶν
2680 5667 2885 5738 ἀρετῶν
2926 5665 3138 5734 ἁγνεία,
3182 5663 3276 5714 7.1".
3327 5656 3667 5729 συμπάθεια,
