3994 6182
340 203 480 269 1245

1734 222 2193 288 SENTENTMS.

3450 233 3584 296 124-6

334 325 396 376 οὐ
422 323 598 377 τιίνυν
621 323 699 378 ἔνι
730 326 806 396 τῷ
826 328 1047 399 Χριστῷ
1078 329 1199 400 δίχα
1225 331 1424 403 ταύτης
1450 333 1717 407 ἢὲκείνης
1751 355 1907 410 στρα-

2045 338 2236 408 ιςιεείος
2301 340 2462 412 igitur
2523 341 2640 396 sine
2699 341 2822 404 liae,
2881 342 2965 397 vel
3009 343 3098 398 illa
3153 359 3260 399 non
3304 343 3426 400 licet
3480 345 3584 400 sub

333 413 610 469 τεὺεσθαι.

407 511 510 559 va’.
549 507 640 574 Μὴ
679 505 870 576 ἀμέλει
902 509 998 579 τῆς
1029 513 1398 579 συμπαθείας,
1429 511 1492 567 τὸ
1513 516 1626 587 γὰρ
1655 518 1712 583 ἐξ
1745 520 1914 592 αὐτῆς

336 597 590 668 ὄργανον,
631 596 723 649 τὸν
761 597 831 650 δι’
865 601 1012 669 ἡμᾶς
1042 603 1395 672 σαρκωθέντα
1449 609 1558 670 τοῖς
1606 608 1914 680 ἀνθρώποις

337 687 684 759 παρέστησεν
716 690 811 760 (1).

407 783 628 850 νβ’ῼΜὴ
680 783 862 854 εἴπῃς·
899 785 1132 855 Τίσομαι
1171 787 1262 840 τὸν
1302 789 1518 860 ἐχθρὸν,
1573 793 1766 865 κριτὴν
1803 795 1912 866 γὰρ

335 872 547 926 δίκαιον
580 876 640 925 ὲν
673 874 888 944 οὐρανῷ
917 879 1262 948 κεκτήμεθα.

405 970 502 1031 νγ⁹.
529 965 619 1025 Μὴ
643 964 835 1034 βούλου
863 965 958 1038 [αἱ.
989 968 1118 1022 add.
1145 975 1378 1042 τρυφᾷν,
1406 973 1506 1046 μὴ]
1539 975 1808 1040 πλουτεῖν,
1835 977 1911 1048 μὴ

332 1053 674 1118 δοξάζεσθαι,
709 1056 888 1128 φθορά
921 1058 1030 1125 γὰρ
1068 1061 1239 1114 ταῦτα
1261 1063 1354 1115 τοῦ
1385 1064 1523 1134 βίου,
1548 1068 1712 1136 ἡμεῖς
1733 1067 1788 1121 δὲ
1811 1069 1912 1123 οὔκ

334 1147 499 1216 ἐσμεν
522 1145 598 1208 ὡς
626 1148 676 1199 οἱ
715 1149 1084 1220 φθειρόμενοι.

405 1239 497 1292 ιδ’.
545 1241 668 1293 Ἐπὶ
699 1242 880 1314 νεκρῷ
909 1245 984 1314 μὴ
1005 1243 1215 1317 θρήνει,
1244 1249 1400 1319 κοινὴ
1431 1250 1540 1322 γὰρ
1569 1253 1600 1322 ἡ
1643 1253 1779 1318 ὁδὸς,
1802 1256 1828 1308 ὀ
1853 1255 1911 1308 δὲ

333 1329 552 1400 φθάνων
575 1335 867 1404 μακάριος.

404 1430 498 1478 νε’.
527 1424 630 1478 Τὸν
659 1427 1046 1498 ἁμαρτάνοντα
1075 1431 1366 1501 πένθησον,
1407 1433 1531 1504 οὐχὶ
1552 1436 1608 1489 δὲ
1638 1438 1730 1491 τὸν
1757 1455 1908 1492 πτω-

334 1515 582 1587 χεύοντα,
603 1519 960 1586 στεφανοῦται
978 1522 1087 1592 γάρ
1110 1523 1290 1586 αὐτὸς,
1312 1527 1517 1588 ἐκεῖνος
1529 1526 1583 1579 δὲ
1600 1529 1904 1592 κολάζεται.

407 1607 516 1673 νς·’.
549 1609 685 1662 Γέλα
715 1611 817 1680 μὲν
850 1615 944 1664 τοῦ
968 1613 1085 1682 βίον
1111 1615 1201 1667 τὸν
1223 1618 1418 1686 τροχὸν
1444 1619 1699 1682 ἀτάκτως
1730 1621 1909 1674 κυλιό-

2015 430 2114 486 Clu
2129 433 2232 487 isto
2271 433 2522 488 militare.

2084 523 2172 577 5|.
2213 522 2288 578 Ne
2315 527 2746 594 compassionem
2781 525 3040 596 negligas,
3082 539 3219 596 opus
3248 527 3417 590 enim,
3439 525 3586 596 quod

2014 629 2078 668 ex
2114 613 2244 684 'ipsa
2297 618 2584 686 processit,
2638 617 2886 672 exhibuit
2941 618 3254 672 hominibus
3297 632 3446 684 eum,
3489 617 3582 687 qui

2013 716 2237 775 propter
2269 722 2368 760 nos
2401 722 2622 761 carnem
2653 708 2912 777 suscepit.

2083 795 2169 847 5:2.
2210 793 2287 849 Ne
2316 796 2466 850 dicas
2495 813 2510 854 :
2540 795 2809 850 Ultionem
2834 811 3044 851 sumam
3072 797 3138 850 de
3169 797 3420 862 inimico;
3445 795 3561 864 judi

2013 902 2128 941 cem
2157 888 2300 940 enim
2319 887 2527 956 justum
2555 887 2898 942 obtinuimus
2926 887 2979 940 in
3013 888 3171 942 cmlo.
3301 947 3324 966 κ

2082 977 2170 1032 55.
2211 977 2290 1033 Ne
2321 979 2454 1034 velis
2488 979 2829 1048 locupletari,
2858 993 2992 1033 neve
3025 978 3209 1047 gloriae
3247 993 3411 1031 causa
3439 976 3585 1030 aesti-

2013 1069 2184 1134 mari;
2223 1079 2350 1124 sunt
2378 1070 2578 1140 quippe
2618 1070 2722 1123 ista
2771 1069 2953 1122 sarculi
3006 1067 3305 1137 corruptio,
3341 1081 3442 1120 uos
3482 1081 3580 1118 au-

2011 1163 2119 1208 tem
2156 1171 2263 1209 non
2297 1171 2489 1211 sumus
2515 1165 2572 1208 ut
2595 1155 2989 1224 corruptibiles.

2081 1247 2170 1302 54.
2217 1245 2391 1316 Super
2419 1247 2704 1301 demortuo
2746 1260 2813 1300 ne
2849 1245 3056 1315 lugeas,
3092 1241 3402 1298 communis
3432 1255 3584 1294 nam-

2010 1354 2117 1409 que
2149 1348 2231 1393 est
2253 1339 2361 1402 via,
2395 1347 2450 1393 et
2483 1339 2576 1407 qui
2611 1338 2875 1406 pervenit,
2907 1344 2991 1390 est
3023 1337 3233 1390 beatus.

2079 1430 2166 1484 55.
2209 1429 2526 1484 Peccantem
2567 1428 2723 1493 deﬂe,
2766 1445 2876 1482 non
2920 1435 3100 1482 autem
3149 1425 3580 1490 mendicantem;

2014 1521 2118 1574 iste
2151 1519 2353 1590 quippe
2384 1525 2702 1580 coronatur,
2733 1517 2822 1570 ille
2854 1531 2984 1570 vero
3013 1515 3254 1583 punitur.

2081 1611 2168 1666 56.
2211 1609 2344 1664 Ride
2371 1608 2592 1678 quidem
2618 1608 2741 1660 vitaz
2763 1617 2936 1659 rotam
2969 1603 3276 1658 inordinate
3301 1602 3537 1656 volutant
3562 1619 3580 1658 ι

340 1717 523 1770 μενον,
550 1701 818 1771 φυλάττου
844 1704 900 1756 δὲ
939 1704 1029 1757 τὸν
1052 1707 1244 1776 τροχὸν
1277 1710 1356 1770 είς
1380 1709 1439 1762 ὃν
1467 1710 1663 1776 κυλίει,
1695 1713 1821 1776 τοὺς
1852 1716 1907 1768 ἐν

2047 1712 2066 1756 ι
2110 1717 2227 1755 eam
2279 1715 2408 1754 cave
2455 1707 2654 1764 rotam,
2702 1698 2754 1750 in
2792 1713 2954 1766 quam
2998 1694 3360 1750 devolvuntur
3407 1692 3442 1744 ii
3490 1691 3581 1760 qui

339 1793 488 1863 αὐτῷ
511 1795 897 1860 νυστάζοντας.

411 1883 506 1948 νζ’.
554 1887 719 1940 Λάλει
783 1888 862 1958 τῷ
920 1890 1039 1960 Θεῷ
1069 1891 1286 1955 πολλὰ,
1320 1893 1415 1946 καὶ
1460 1896 1573 1956 τοῖς
1599 1895 1909 1966 ἀνθρώποις

338 1978 616 2046 ἐλάχιστα,
651 1981 715 2050 τῇ
756 1980 954 2052 μελέτῃ
988 1982 1044 2035 δὲ
1071 1983 1164 2036 τοῦ
1189 1985 1354 2053 νόμου
1389 1987 1757 2057 κατορθώσεις
1784 1990 1912 2042 ἐκά-

337 2086 488 2123 τεοα.

407 2172 508 2235 νη’.
540 2166 756 2236 Λουτὴρ
777 2167 980 2235 ἀγαθὸς
1007 2172 1073 2240 τῇ
1096 2169 1240 2240 ψυχῇ
1264 2170 1326 2222 τὸ
1360 2170 1461 2238 τῆς
1484 2173 1792 2242 προσευχῆς
1819 2173 1912 2229 δά-

338 2271 526 2322 κρυον,
555 2254 692 2307 ἀλλὰ
723 2257 860 2325 μετὰ
894 2259 994 2327 τὴν
1026 2261 1336 2331 προσευχὴν
1359 2261 1608 2331 μέμνησο
1645 2263 1788 2325 τίνος
1811 2264 1908 2333 χά-

339 2364 426 2416 ριν
465 2347 795 2417 ἐδάκρυσας.

409 2433 506 2488 νθθ.
531 2427 671 2498 Τοὺς
701 2436 960 2501 δυνατοὺς
989 2437 1082 2492 τοῦ
1109 2437 1224 2508 βίου
1259 2439 1334 2510 μὴ
1384 2441 1912 2513 μακάριζε,δυνατοὶ

336 2526 446 2596 γὰρ
484 2525 726 2591 δυνατῶς
771 2531 1192 2601 ξτασθήσονται,
1234 2532 1358 2585 ὅθεν
1401 2535 1554 2588 αὐτοὶ
1582 2535 1674 2588 τὸν
1719 2537 1910 2608 κριτὴν

325 2618 734 2690 αὐστηρότερον
771 2621 1006 2685 ἕξουσιν.

407 2711 471 2777 ξ’.
510 2715 603 2764 ¹Δεῖ
628 2715 812 2766 πονεῖν
844 2715 934 2767 τὸν
979 2715 1170 2785 Ἀδὰμ,
1224 2718 1387 2788 ἡμεῖς
1419 2719 1477 2772 δὲ
1525 2720 1823 2787 πονοῦντες
1851 2726 1908 2776 ὲν

334 2804 412 2874 τῷ
439 2805 608 2876 νόμῳ,
640 2806 738 2877 τὴν
775 2808 1011 2878 ἀμοιϐὴν
1037 2809 1414 2880 κερδαίνομεν.

403 2895 507 2963 ξα’.
558 2899 795 2971 Ἀνάγκη
844 2901 944 2972 τῆς
986 2899 1132 2964 Εὔας
1188 2905 1315 2967 τοὺς
1375 2905 1749 2976 κληρονόμους
1794 2906 1908 2960 θλί-

335 2989 547 3054 ϐεσθαι,
607 2990 725 3044 ἀλλ’
767 2992 896 3044 ὅταν
947 2992 1286 3063 εὐχαρίστως
1333 2996 1431 3059 τὰς
1484 2995 1692 3066 θλίψεις
1751 2999 1906 3051 ὑπο-

337 3082 606 3156 μένωμεν,
647 3087 727 3148 εἰς
758 3076 1009 3153 εὔλογίαν
1047 3087 1180 3156 ἡμῖν
1213 3089 1245 3156 ἡ
1290 3088 1504 3158 κατάρα
1551 3089 1899 3160 μετέρχεται.

405 3172 717 3244 ξβ’.Λύχνῳ
762 3175 895 3245 πρὸς
950 3173 1050 3238 τὰς
1091 3175 1322 3246 πράξεις
1373 3177 1451 3247 τῷ
1511 3180 1774 3232 συνειδότι
1824 3181 1897 3232 κέ-

331 3284 538 3339 χρησο·
577 3266 736 3320 τοῦτο
782 3267 890 3337 γάρ
943 3283 1024 3319 σοι
1073 3269 1132 3321 ἐν
1181 3268 1280 3338 βίῳ
1324 3270 1485 3333 ποίας
1539 3271 1750 3339 ἀγαθὰς
1801 3273 1909 3326 δεε-

333 3378 431 3414 κνυ
441 3377 547 3415 σιν.

404 3451 504 3520 ξγ’.
549 3451 808 3514 Ἑαυτοὺς
848 3453 1148 3523 κρίνωμεν,
1199 3455 1293 3505 καὶ
1323 3455 1350 3506 ὁ
1398 3454 1605 3524 Κριτὴς
1636 3453 1908 3524 κατήλλα-

333 3557 456 3594 κται
480 3556 494 3569 ⁸
528 3540 707 3611 χαίρει
760 3539 866 3611 γὰρ
920 3540 996 3603 ὼς
1026 3539 1255 3608 ἀγαθὸς,
1291 3540 1383 3593 τὸν
1410 3541 1734 3611 ἁμαρτωλὸν
1773 3541 1907 3596 θεω-

337 3633 465 3704 ρῶν,
501 3633 562 3686 τὸ
583 3633 804 3704 φορτίον
837 3630 1224 3700 σκορπίζοντα.

403 3725 494 3791 ξδ’.
530 3725 598 3778 Εἴ
616 3743 668 3778 τι
686 3725 930 3796 ῥυπαρὸν
955 3726 1291 3796 πέπρακται,
1318 3727 1382 3795 τῇ
1407 3725 1664 3796 μετανοίᾳ
1695 3726 1906 3779 πλύνω-

337 3833 458 3887 μεν,
496 3817 764 3888 μέλλομεν
809 3817 922 3888 γὰρ
963 3815 1059 3888 τὴν
1100 3817 1285 3870 εἰκόνα
1325 3815 1572 3886 καθαράν
1621 3815 1906 3887 μεθοδεύε-

335 3909 482 3964 σθαι.

405 4003 496 4069 ξε’.
533 4003 668 4074 Πρὶν
699 4002 1078 4073 γυμνωθῆναι,
1103 3985 1232 4072 ἕλκη
1257 4003 1358 4072 τῆς
1395 4003 1570 4074 ψυχῆς
1600 4001 1906 4072 θεραπεύωο

337 4096 565 4166 μεν,ἴνα
611 4094 960 4166 κερδάνωμεν
987 4096 1098 4156 τοῖς
1143 4095 1455 4164 φαρμάκοις
1487 4092 1586 4156 τὰς
1611 4094 1901 4163 μάστιγας.

404 4267 510 4332 ξς’.
546 4267 756 4338 Ὥσπερ
785 4266 1064 4338 δυσχερῶς
1079 4267 1131 4318 οἱ
1151 4266 1427 4336 δεσμῶται
1460 4267 1786 4337 βαδίζουσιν,
1815 4267 1904 4320 οὖ-

333 4376 440 4421 τως
469 4358 559 4411 τὸν
585 4359 787 4429 δρόμον
815 4360 915 4426 τῆς
945 4357 1147 4428 ἀρετῆς
1167 4360 1214 4409 οἰ
1252 4358 1666 4428 συμπλακέντες
1697 4357 1775 4428 τῷ
1803 4358 1903 4428 βίῳ

332 4450 574 4520 καθαρὸν
613 4450 714 4503 οὐκ
758 4448 1032 4501 ἀνύουσιν.
1265 4502 1268 4504 _

403 4539 498 4604 εἴ.
533 4541 653 4609 Χρὴ
703 4539 801 4610 τὴν
849 4539 1122 4610 ἁμαρτίαν
1153 4541 1354 4608 μισεῖν,
1379 4538 1553 4602 οὕτως
1584 4539 1690 4610 γὰρ
1713 4541 1776 4592 ὲκ
1804 4541 1899 4608 τῆς

331 4631 502 4702 αὐτῆς
529 4630 754 4698 παγίδος
801 4630 1017 4694 θᾶττον,
1067 4629 1168 4683 κᾶν
1207 4629 1467 4699 ὁλισθήσῃ
1528 4647 1610 4694 τις
1647 4633 1780 4702 πρὸς
1803 4634 1902 4685 αὑ-

329 4725 454 4793 τὴν,
481 4722 842 4787 ἐξελεύσεται.

405 4813 505 4883 ξη’.
541 4815 638 4876 Ὃς
688 4815 747 4866 οὐ
813 4816 963 4883 μισεῖ
1019 4813 1117 4883 τὴν
1163 4813 1460 4882 ἁμαρτίαν,
1523 4815 1581 4866 ἐν
1639 4816 1898 4886 ἁμαρτω-

329 4905 464 4971 λοίς,
506 4907 556 4956 εί
591 4906 687 4958 καὶ
743 4905 818 4975 μὴ
874 4904 1102 4976 πράττει
1135 4904 1235 4972 τὴν
1282 4904 1578 4974 ἁμαρτίαν,
1632 4907 1896 4976 κρίνεται.

404 5135 482 5203 (1)
511 5135 666 5200 Apud
707 5135 958 5189 Dur-anum
1000 5136 1087 5191 hic
1129 5152 1386 5190 numerus
1433 5136 1698 5204 duplicem
1747 5104 1938 5189 (‘ﬂil'll'

333 5207 656 5259 sententiam
709 5225 722 5260 :

332 5288 400 5342 τη
457 5275 566 5360 γάρ
611 5276 715 5360 τὸν.
744 5276 945 5343 ἀγαθὸν
987 5276 1262 5341 Δεσπότην
1295 5277 1353 5338 ἐξ
1381 5276 1613 5356 οὐρανοῆ
1663 5277 1903 5342 κατήγα-

333 5358 450 5415 reu.
486 5343 566 5415 Ne
599 5347 832 5415 negligas
880 5348 1328 5412 compassionrm;
1367 5343 1480 5413 ipso
1529 5346 1667 5399 enim
1713 5349 1900 5399 bonum

339 5410 616 5466 hominum
652 5410 681 5468 ἑ
722 5410 845 5467 ὁίῑιό
889 5410 1141 5470 detraxit.
1176 5445 1242 5455 -
1283 5410 1396 5470 l88.
1443 5416 1534 5488 Μὴ
1575 5416 1902 5485 καταφρόνει

777 5207 902 5290 18ἶ.
935 5208 1022 5275 Μὴ
1060 5207 1252 5290 ἀμέλει
1276 5206 1374 5290 τῆς
1405 5205 1905 5290 συμπαθείας·ἀῦ-

405 5589 449 5620 ⁵³
478 5592 599 5663 Sap.
637 5609 702 5654 ·ι,
743 5592 792 5643 7.
831 5646 845 5654 ,

2013 1791 2311 1846 domitant
2336 1791 2390 1843 in
2424 1789 2559 1858 ipsa.

2082 1881 2171 1935 57.
2212 1878 2377 1934 Multa
2423 1895 2548 1932 cum
2592 1877 2702 1932 Deo
2744 1877 2985 1947 loquere,
3014 1885 3068 1930 et
3096 1874 3421 1945 paucissima
3461 1885 3582 1924 cum

2012 1972 2366 2038 hominibus;
2408 1968 2544 2040 legis
2585 1979 2764 2025 autem
2813 1967 3162 2023 meditatione
3209 1976 3434 2033 utraque
3461 1974 3584 2032 pro-

2012 2079 2171 2132 spere
2201 2062 2442 2132 patrabis

2083 2178 2170 2233 58.
2237 2177 2503 2247 Lacrwna
2572 2175 2838 2230 orationis
2910 2174 3184 2228 lavacrum
3243 2170 3444 2224 bonum
3498 2176 3582 2223 est

2012 2271 2226 2334 animae,
2257 2269 2350 2323 sed
2399 2277 2523 2337 post
2560 2267 2862 2322 orationem
2907 2272 3180 2320 memento
3211 2263 3368 2332 cujus
3409 2261 3581 2331 gratia

2010 2360 2340 2431 lacrymatus
2379 2374 2458 2413 es.

2081 2450 2170 2504 59.
2211 2450 2471 2506 Potentes
2513 2451 2696 2506 saeculi
2731 2465 2799 2505 ne
2835 2448 3095 2519 praedices
3129 2447 3345 2509 beatos;
3398 2450 3583 2512 poten-

2013 2551 2094 2596 tes
2137 2555 2374 2611 namque
2422 2549 2674 2611 potenter
2718 2549 2985 2594 tormenta
3027 2533 3393 2607 patientur“;
3441 2532 3582 2586 unde

2012 2635 2112 2704 ipsi
2149 2634 2390 2703 judicem
2422 2633 2702 2688 habebunt
2732 2631 3138 2686 austeriorem-

2082 2725 2169 2780 60.
2212 2725 2433 2794 Oportet
2481 2723 2750 2778 Adamum
2785 2722 3061 2786 laborare;
3092 2732 3192 2772 nos
3225 2729 3353 2770 vero
3382 2714 3436 2769 in
3468 2713 3583 2782 lege

2013 2817 2324 2872 laborantes
2345 2814 2682 2870 lucrabimur
2703 2812 3138 2868 retributionem.

2081 2907 2170 2962 6i.
2213 2904 2446 2960 Necesse
2482 2913 2567 2960 est
2601 2912 2661 2959 ut
2701 2903 2943 2958 heredes
2977 2898 3100 2954 Evae
3127 2898 3489 2960 alllictentur;
3526 2905 3582 2948 at

2009 2996 2226 3066 quando
2247 2994 2567 3050 aﬂlictiones
2587 3010 2711 3048 cum
2729 2992 3024 3063 gratiarum
3050 2989 3264 3044 actione
3285 2987 3580 3040 toleramus

2009 3087 2062 3140 in
2103 3086 2534 3141 benedictionem
2566 3084 2726 3138 nobis
2754 3089 3120 3137 commutatur
3147 3075 3475 3132 maledicAo.

2077 3176 2165 3230 62.
2206 3176 2365 3247 562
2413 3173 2755 3230 Conscientia
2817 3183 2968 3227 utere
3022 3169 3184 3225 veluti
3238 3167 3456 3222 lucerna
3511 3165 3576 3218 ad

2007 3271 2250 3326 actiones
2300 3280 2446 3338 tuas;
2511 3271 2847 3324 demonstrat
2901 3267 3044 3322 enim
3105 3265 3212 3319 ista
3269 3261 3458 3333 quales
3524 3260 3578 3312 in

2007 3363 2115 3416 vita
2154 3362 2311 3415 bona:
2340 3369 2487 3414 sunt.

2076 3452 2164 3506 65.
2208 3456 2317 3505 Nos
2349 3451 2498 3519 ipsos
2527 3449 2856 3518 iudicemus,
2904 3455 2958 3502 et
2989 3445 3160 3500 Judex
3195 3441 3579 3499 reconciliatus

2006 3553 2123 3609 est;
2155 3543 2354 3613 gaudet
2394 3542 2536 3595 enim
2569 3548 2629 3594 ut
2672 3539 2869 3602 bonus,
2899 3537 3029 3591 dum
3066 3535 3209 3590 videt
3240 3542 3576 3603 peccatorem

2007 3648 2145 3688 onus
2174 3633 2592 3702 dispergentem.

2077 3720 2166 3776 64.
2211 3721 2267 3776 Si
2316 3721 2447 3792 quid
2483 3720 2758 3776 sordidum
2809 3716 3009 3772 factum
3057 3716 3221 3770 fuerit
3267 3711 3578 3784 poenitentia

2007 3816 2358 3886 perluamus;
2414 3815 2675 3870 debemus
2730 3826 2967 3881 namque
3038 3823 3230 3879 puram
3287 3807 3576 3876 imaginem

2007 3907 2373 3961 arcliitectari.

2078 3998 2168 4052 65.
2209 3999 2512 4067 Antequam
2562 3995 2923 4057 denudemur,
2966 3992 3162 4046 animae
3205 3991 3384 4045 ulcera
3422 4003 3579 4043 cure-

2007 4105 2152 4151 mus,
2210 4097 2272 4142 ut
2313 4086 2559 4158 ﬂagella,
2610 4099 2705 4140 seu
2754 4082 2991 4139 divinam
3048 4081 3307 4136 ultionem
3357 4078 3579 4132 vitando

2008 4179 2302 4233 lucremur.

2079 4269 2167 4323 66.
2210 4268 2676 4335 Quemadmodum
2707 4267 2872 4320 vincti
2918 4262 3205 4320 dilliculter
3234 4259 3576 4330 gradiuntur,

2009 4361 2081 4416 ita
2112 4361 2312 4416 sarculo
2339 4360 2608 4429 impliciti,
2636 4373 2831 4428 purum
2860 4356 3076 4411 virtutis
3107 4352 3438 4409 curriculum
3472 4363 3576 4402 noo

2006 4453 2315 4524 perﬁciunt.

2075 4545 2163 4598 67.
2208 4545 2430 4615 Oportet
2461 4543 2642 4598 odisse
2684 4549 2987 4610 peceatum,
3017 4539 3098 4593 sic
3125 4537 3267 4591 enim
3313 4551 3375 4587 ex
3408 4531 3578 4599 ipsius

2004 4637 2104 4690 reti
2152 4636 2386 4691 celerius
2415 4635 2539 4704 quis
2588 4634 2799 4698 exibit,
2847 4632 2948 4687 etsi
2997 4635 3049 4684 in
3096 4627 3224 4684 illud
3273 4623 3436 4680 fuerit
3483 4621 3580 4674 dc-

2003 4729 2206 4798 lapsus.

2079 4821 2166 4874 (38.
2204 4817 2306 4884 Qui
2340 4832 2447 4873 non
2493 4817 2608 4872 odit
2655 4823 2957 4884 peccatum,
2999 4810 3100 4866 etsi
3148 4807 3369 4863 minime
3413 4800 3578 4856 faciat

2012 4919 2315 4981 peccatum,
2353 4911 2490 4962 inter
2521 4915 2834 4977 peccatores
2856 4903 3154 4973 iudicatur.

2008 5139 2106 5205 τῆς
2138 5138 2357 5204 ἁγνείας
2379 5155 2392 5168 -
2425 5137 2484 5188 τὸ
2509 5135 2614 5206 γὰρ
2649 5130 2910 5206 εἰῇ-αὐτῆς
2941 5127 3170 5206 ὄργανον
3200 5121 3290 5173 τὸν
3429 5116 3574 5206 ﬁgo};

2411 5186 2530 5266 τὰς·
2574 5186 2904 5277 ἄνθρωποι-ξ’
2933 5186 3262 5264 παρέστησε.
3323 5186 3574 5277 Βία-ευτ’

2009 5265 2208 5331 Ieiunas
2247 5265 2582 5333 castitatem;
2616 5265 2736 5325 na'm
2779 5268 2920 5320 illius
2948 5277 3200 5335 organum
3242 5265 3448 5329 propter
3479 5269 3570 5307 nos

2008 5349 2340 5401 im‘rtrnatum
2381 5345 2648 5401 Christum
2685 5337 2938 5393 ωτΙηιιιιὶι.
