  <div class='ocr_page' id='page_1' title='image "/cluster/home/n/w/nwhite01/storage/ocr_20150623/79/hvd.32044073502056/629.png"; bbox 0 0 3990 6204; ppageno 0'>
   <div class='ocr_carea' id='block_1_1' title="bbox 457 248 587 334">
    <p class='ocr_par' dir='ltr' id='par_1_1' title="bbox 457 248 587 334">
     <span class='ocr_line' id='line_1_1' title="bbox 457 248 587 334; baseline 0.015 -22"><span class='ocrx_word' id='word_1_1' title='bbox 457 248 587 334; x_wconf 63' lang='grc' dir='ltr'>ιιιγ</span> 
     </span>
    </p>
   </div>
   <div class='ocr_carea' id='block_1_2' title="bbox 1955 238 2218 301">
    <p class='ocr_par' dir='ltr' id='par_1_2' title="bbox 1955 238 2218 301">
     <span class='ocr_line' id='line_1_2' title="bbox 1955 238 2218 301; baseline -0.015 -2"><span class='ocrx_word' id='word_1_2' title='bbox 1955 239 2016 301; x_wconf 88' lang='lat' dir='ltr'><strong>S.</strong></span> <span class='ocrx_word' id='word_1_3' title='bbox 2055 238 2218 298; x_wconf 81' lang='lat' dir='ltr'><strong>NILI</strong></span> 
     </span>
    </p>
   </div>
   <div class='ocr_carea' id='block_1_3' title="bbox 3601 232 3736 296">
    <p class='ocr_par' dir='ltr' id='par_1_3' title="bbox 3601 232 3736 296">
     <span class='ocr_line' id='line_1_3' title="bbox 3601 232 3736 296; baseline 0.015 -2"><span class='ocrx_word' id='word_1_4' title='bbox 3601 232 3736 296; x_wconf 70' lang='lat'><strong>1258</strong></span> 
     </span>
    </p>
   </div>
   <div class='ocr_carea' id='block_1_4' title="bbox 525 343 2046 426">
    <p class='ocr_par' dir='ltr' id='par_1_4' title="bbox 525 353 2025 426">
     <span class='ocr_line' id='line_1_4' title="bbox 525 353 2025 426; baseline -0.009 -11"><span class='ocrx_word' id='word_1_5' title='bbox 525 363 613 415; x_wconf 79' lang='lat'><strong>69.</strong></span> <span class='ocrx_word' id='word_1_6' title='bbox 659 358 830 426; x_wconf 85' lang='lat' dir='ltr'><strong>Super</strong></span> <span class='ocrx_word' id='word_1_7' title='bbox 873 353 1121 424; x_wconf 75' lang='lat' dir='ltr'><strong>proximo</strong></span> <span class='ocrx_word' id='word_1_8' title='bbox 1169 360 1428 422; x_wconf 88' lang='lat' dir='ltr'><strong>peccante</strong></span> <span class='ocrx_word' id='word_1_9' title='bbox 1459 364 1634 420; x_wconf 85' lang='lat' dir='ltr'><strong>geme,</strong></span> <span class='ocrx_word' id='word_1_10' title='bbox 1671 358 1731 404; x_wconf 93' lang='lat' dir='ltr'><strong>ut</strong></span> <span class='ocrx_word' id='word_1_11' title='bbox 1779 359 1831 404; x_wconf 89' lang='lat' dir='ltr'><strong>et</strong></span> <span class='ocrx_word' id='word_1_12' title='bbox 1862 364 2025 418; x_wconf 86' lang='lat' dir='ltr'><strong>super</strong></span> 
     </span>
    </p>
   </div>
   <div class='ocr_carea' id='block_1_5' title="bbox 2197 343 3734 426">
    <p class='ocr_par' dir='ltr' id='par_1_5' title="bbox 2197 343 3734 414">
     <span class='ocr_line' id='line_1_5' title="bbox 2197 343 3734 414; baseline -0.002 -16"><span class='ocrx_word' id='word_1_13' title='bbox 2197 345 2293 410; x_wconf 61' lang='lat'><strong>50&#39;.</strong></span> <span class='ocrx_word' id='word_1_14' title='bbox 2351 344 2476 398; x_wconf 73' lang='grc' dir='ltr'><strong>Ἐπὶ</strong></span> <span class='ocrx_word' id='word_1_15' title='bbox 2533 343 2612 414; x_wconf 79' lang='grc' dir='ltr'>τῷ</span> <span class='ocrx_word' id='word_1_16' title='bbox 2670 345 2899 413; x_wconf 79' lang='grc' dir='ltr'>πλησίον</span> <span class='ocrx_word' id='word_1_17' title='bbox 2931 344 3305 414; x_wconf 67' lang='grc' dir='ltr'><strong>ἁμαρτάνοντι</strong></span> <span class='ocrx_word' id='word_1_18' title='bbox 3347 345 3624 410; x_wconf 78' lang='grc' dir='ltr'>στέναξε,</span> <span class='ocrx_word' id='word_1_19' title='bbox 3654 346 3734 399; x_wconf 70' lang='grc' dir='ltr'>ἕνα</span> 
     </span>
    </p>
   </div>
   <div class='ocr_carea' id='block_1_6' title="bbox 456 438 2021 518">
    <p class='ocr_par' dir='ltr' id='par_1_6' title="bbox 456 438 2021 518">
     <span class='ocr_line' id='line_1_6' title="bbox 456 438 2021 518; baseline -0.008 -15"><span class='ocrx_word' id='word_1_20' title='bbox 456 449 628 518; x_wconf 89' lang='lat' dir='ltr'><strong>teipso</strong></span> <span class='ocrx_word' id='word_1_21' title='bbox 656 460 861 516; x_wconf 87' lang='lat' dir='ltr'><strong>gemas,</strong></span> <span class='ocrx_word' id='word_1_22' title='bbox 889 457 1077 498; x_wconf 79' lang='lat' dir='ltr'><strong>omnes</strong></span> <span class='ocrx_word' id='word_1_23' title='bbox 1105 442 1249 496; x_wconf 91' lang='lat' dir='ltr'><strong>enim</strong></span> <span class='ocrx_word' id='word_1_24' title='bbox 1288 456 1480 497; x_wconf 90' lang='lat' dir='ltr'><strong>sumus</strong></span> <span class='ocrx_word' id='word_1_25' title='bbox 1509 439 1747 510; x_wconf 87' lang='lat' dir='ltr'><strong>peccatis</strong></span> <span class='ocrx_word' id='word_1_26' title='bbox 1780 438 2021 494; x_wconf 84' lang='lat' dir='ltr'><strong>obnoxii.</strong></span> 
     </span>
    </p>
   </div>
   <div class='ocr_carea' id='block_1_7' title="bbox 527 613 2025 691">
    <p class='ocr_par' dir='ltr' id='par_1_7' title="bbox 527 613 2025 691">
     <span class='ocr_line' id='line_1_7' title="bbox 527 613 2025 691; baseline -0.001 -16"><span class='ocrx_word' id='word_1_27' title='bbox 527 623 614 675; x_wconf 80' lang='lat'><strong>70.</strong></span> <span class='ocrx_word' id='word_1_28' title='bbox 654 623 1035 677; x_wconf 86' lang='lat' dir='ltr'><strong>Commemora</strong></span> <span class='ocrx_word' id='word_1_29' title='bbox 1061 621 1269 678; x_wconf 74' lang='lat' dir='ltr'><strong>Iudicis</strong></span> <span class='ocrx_word' id='word_1_30' title='bbox 1297 623 1557 684; x_wconf 89' lang='lat' dir='ltr'><strong>amicum,</strong></span> <span class='ocrx_word' id='word_1_31' title='bbox 1586 622 1679 691; x_wconf 88' lang='lat' dir='ltr'><strong>qui</strong></span> <span class='ocrx_word' id='word_1_32' title='bbox 1705 622 1892 691; x_wconf 87' lang='lat' dir='ltr'><strong>lapsus</strong></span> <span class='ocrx_word' id='word_1_33' title='bbox 1916 613 2025 683; x_wconf 80' lang='lat' dir='ltr'><strong>est,</strong></span> 
     </span>
    </p>
   </div>
   <div class='ocr_carea' id='block_1_8' title="bbox 459 714 2028 785">
    <p class='ocr_par' dir='ltr' id='par_1_8' title="bbox 459 714 2028 785">
     <span class='ocr_line' id='line_1_8' title="bbox 459 714 2028 785; baseline 0.001 -18"><span class='ocrx_word' id='word_1_34' title='bbox 459 723 722 783; x_wconf 91' lang='lat' dir='ltr'><strong>tuumque</strong></span> <span class='ocrx_word' id='word_1_35' title='bbox 751 714 951 770; x_wconf 86' lang='lat' dir='ltr'><strong>illinies</strong></span> <span class='ocrx_word' id='word_1_36' title='bbox 984 715 1214 781; x_wconf 82' lang='lat' dir='ltr'><strong>vulnus;</strong></span> <span class='ocrx_word' id='word_1_37' title='bbox 1255 716 1557 770; x_wconf 85' lang='lat' dir='ltr'><strong>remedium</strong></span> <span class='ocrx_word' id='word_1_38' title='bbox 1588 717 1789 785; x_wconf 87' lang='lat' dir='ltr'><strong>quippe</strong></span> <span class='ocrx_word' id='word_1_39' title='bbox 1816 715 2028 769; x_wconf 87' lang='lat' dir='ltr'><strong>consilii</strong></span> 
     </span>
    </p>
   </div>
   <div class='ocr_carea' id='block_1_9' title="bbox 458 814 880 860">
    <p class='ocr_par' dir='ltr' id='par_1_9' title="bbox 458 814 880 860">
     <span class='ocr_line' id='line_1_9' title="bbox 458 814 880 860; baseline 0.002 -2"><span class='ocrx_word' id='word_1_40' title='bbox 458 819 750 859; x_wconf 75' lang='lat' dir='ltr'><strong>commune</strong></span> <span class='ocrx_word' id='word_1_41' title='bbox 777 814 880 860; x_wconf 73' lang='grc' dir='ltr'>εει.</span> 
     </span>
    </p>
   </div>
   <div class='ocr_carea' id='block_1_10' title="bbox 526 893 2031 963">
    <p class='ocr_par' dir='ltr' id='par_1_10' title="bbox 526 893 2031 963">
     <span class='ocr_line' id='line_1_10' title="bbox 526 893 2031 963; baseline -0.001 -16"><span class='ocrx_word' id='word_1_42' title='bbox 526 896 616 948; x_wconf 83' lang='lat' dir='ltr'><strong>7i.</strong></span> <span class='ocrx_word' id='word_1_43' title='bbox 656 894 794 950; x_wconf 85' lang='lat' dir='ltr'><strong>Cum</strong></span> <span class='ocrx_word' id='word_1_44' title='bbox 843 895 1090 950; x_wconf 89' lang='lat' dir='ltr'><strong>dicturus</strong></span> <span class='ocrx_word' id='word_1_45' title='bbox 1140 905 1233 949; x_wconf 87' lang='lat' dir='ltr'><strong>aut</strong></span> <span class='ocrx_word' id='word_1_46' title='bbox 1281 896 1526 950; x_wconf 88' lang='lat' dir='ltr'><strong>facturus</strong></span> <span class='ocrx_word' id='word_1_47' title='bbox 1567 911 1624 950; x_wconf 90' lang='lat' dir='ltr'><strong>es</strong></span> <span class='ocrx_word' id='word_1_48' title='bbox 1659 893 1883 963; x_wconf 78' lang='lat' dir='ltr'><strong>aliquid,</strong></span> <span class='ocrx_word' id='word_1_49' title='bbox 1932 910 2031 948; x_wconf 86' lang='lat' dir='ltr'><strong>eu-</strong></span> 
     </span>
    </p>
   </div>
   <div class='ocr_carea' id='block_1_11' title="bbox 459 983 2033 1054">
    <p class='ocr_par' dir='ltr' id='par_1_11' title="bbox 459 983 2033 1054">
     <span class='ocr_line' id='line_1_11' title="bbox 459 983 2033 1054; baseline 0.001 -18"><span class='ocrx_word' id='word_1_50' title='bbox 459 998 576 1036; x_wconf 92' lang='lat' dir='ltr'><strong>ram</strong></span> <span class='ocrx_word' id='word_1_51' title='bbox 609 999 734 1052; x_wconf 87' lang='lat' dir='ltr'><strong>gere</strong></span> <span class='ocrx_word' id='word_1_52' title='bbox 771 983 1102 1038; x_wconf 89' lang='lat' dir='ltr'><strong>defensionis</strong></span> <span class='ocrx_word' id='word_1_53' title='bbox 1132 985 1294 1054; x_wconf 86' lang='lat' dir='ltr'><strong>paulo</strong></span> <span class='ocrx_word' id='word_1_54' title='bbox 1322 994 1438 1053; x_wconf 83' lang='lat' dir='ltr'><strong>post</strong></span> <span class='ocrx_word' id='word_1_55' title='bbox 1482 983 1802 1037; x_wconf 69' lang='lat' dir='ltr'><strong>adhibendae</strong></span> <span class='ocrx_word' id='word_1_56' title='bbox 1842 983 2033 1053; x_wconf 83' lang='lat' dir='ltr'><strong>sicque</strong></span> 
     </span>
    </p>
   </div>
   <div class='ocr_carea' id='block_1_12' title="bbox 462 1078 1538 1146">
    <p class='ocr_par' dir='ltr' id='par_1_12' title="bbox 462 1078 1538 1146">
     <span class='ocr_line' id='line_1_12' title="bbox 462 1078 1538 1146; baseline -0.002 -14"><span class='ocrx_word' id='word_1_57' title='bbox 462 1094 492 1132; x_wconf 90' lang='lat' dir='ltr'><strong>a</strong></span> <span class='ocrx_word' id='word_1_58' title='bbox 521 1078 714 1130; x_wconf 90' lang='lat' dir='ltr'><strong>timore</strong></span> <span class='ocrx_word' id='word_1_59' title='bbox 734 1087 1038 1140; x_wconf 87' lang='lat' dir='ltr'><strong>correctus,</strong></span> <span class='ocrx_word' id='word_1_60' title='bbox 1065 1078 1174 1130; x_wconf 88' lang='lat' dir='ltr'><strong>eris</strong></span> <span class='ocrx_word' id='word_1_61' title='bbox 1204 1087 1538 1146; x_wconf 73' lang='lat' dir='ltr'><strong>temperans.</strong></span> 
     </span>
    </p>
   </div>
   <div class='ocr_carea' id='block_1_13' title="bbox 534 1168 2032 1238">
    <p class='ocr_par' dir='ltr' id='par_1_13' title="bbox 534 1168 2032 1238">
     <span class='ocr_line' id='line_1_13' title="bbox 534 1168 2032 1238; baseline -0.001 -16"><span class='ocrx_word' id='word_1_62' title='bbox 534 1170 621 1222; x_wconf 74' lang='lat'><strong>72.</strong></span> <span class='ocrx_word' id='word_1_63' title='bbox 677 1168 830 1223; x_wconf 88' lang='lat' dir='ltr'><strong>Time</strong></span> <span class='ocrx_word' id='word_1_64' title='bbox 882 1170 1086 1238; x_wconf 85' lang='lat' dir='ltr'><strong>peccati</strong></span> <span class='ocrx_word' id='word_1_65' title='bbox 1129 1170 1480 1238; x_wconf 87' lang='lat' dir='ltr'><strong>supplicium,</strong></span> <span class='ocrx_word' id='word_1_66' title='bbox 1530 1178 1584 1222; x_wconf 91' lang='lat' dir='ltr'><strong>et</strong></span> <span class='ocrx_word' id='word_1_67' title='bbox 1641 1168 1877 1221; x_wconf 89' lang='lat' dir='ltr'><strong>dedecus</strong></span> <span class='ocrx_word' id='word_1_68' title='bbox 1923 1182 2032 1221; x_wconf 90' lang='lat' dir='ltr'><strong>non</strong></span> 
     </span>
    </p>
   </div>
   <div class='ocr_carea' id='block_1_14' title="bbox 465 1260 1934 1330">
    <p class='ocr_par' dir='ltr' id='par_1_14' title="bbox 465 1260 1934 1330">
     <span class='ocr_line' id='line_1_14' title="bbox 465 1260 1934 1330; baseline 0.001 -18"><span class='ocrx_word' id='word_1_69' title='bbox 465 1260 764 1325; x_wconf 86' lang='lat' dir='ltr'><strong>sustineas;</strong></span> <span class='ocrx_word' id='word_1_70' title='bbox 797 1262 1046 1315; x_wconf 77' lang='lat' dir='ltr'><strong>molestia</strong></span> <span class='ocrx_word' id='word_1_71' title='bbox 1075 1277 1310 1330; x_wconf 86' lang='lat' dir='ltr'><strong>namque</strong></span> <span class='ocrx_word' id='word_1_72' title='bbox 1339 1264 1622 1328; x_wconf 88' lang='lat' dir='ltr'><strong>utriusque</strong></span> <span class='ocrx_word' id='word_1_73' title='bbox 1651 1261 1934 1314; x_wconf 87' lang='lat' dir='ltr'><strong>immensa.</strong></span> 
     </span>
    </p>
   </div>
   <div class='ocr_carea' id='block_1_15' title="bbox 535 1348 2036 1420">
    <p class='ocr_par' dir='ltr' id='par_1_15' title="bbox 535 1348 2036 1420">
     <span class='ocr_line' id='line_1_15' title="bbox 535 1348 2036 1420; baseline 0 -18"><span class='ocrx_word' id='word_1_74' title='bbox 535 1351 622 1404; x_wconf 81' lang='lat'><strong>7&#39;5.</strong></span> <span class='ocrx_word' id='word_1_75' title='bbox 662 1348 990 1406; x_wconf 86' lang='lat' dir='ltr'><strong>Futurorum</strong></span> <span class='ocrx_word' id='word_1_76' title='bbox 1025 1355 1314 1415; x_wconf 85' lang='lat' dir='ltr'><strong>bonorum,</strong></span> <span class='ocrx_word' id='word_1_77' title='bbox 1339 1360 1391 1406; x_wconf 88' lang='lat' dir='ltr'><strong>et</strong></span> <span class='ocrx_word' id='word_1_78' title='bbox 1419 1350 1784 1420; x_wconf 85' lang='lat' dir='ltr'><strong>pulchritudo,</strong></span> <span class='ocrx_word' id='word_1_79' title='bbox 1811 1359 1864 1403; x_wconf 89' lang='lat' dir='ltr'><strong>et</strong></span> <span class='ocrx_word' id='word_1_80' title='bbox 1895 1349 2036 1402; x_wconf 91' lang='lat' dir='ltr'><strong>mul-</strong></span> 
     </span>
    </p>
   </div>
   <div class='ocr_carea' id='block_1_16' title="bbox 467 1441 2040 1511">
    <p class='ocr_par' dir='ltr' id='par_1_16' title="bbox 467 1441 2040 1511">
     <span class='ocr_line' id='line_1_16' title="bbox 467 1441 2040 1511; baseline 0.002 -18"><span class='ocrx_word' id='word_1_81' title='bbox 467 1441 640 1496; x_wconf 90' lang='lat' dir='ltr'><strong>titudo</strong></span> <span class='ocrx_word' id='word_1_82' title='bbox 675 1442 922 1511; x_wconf 83' lang='lat' dir='ltr'><strong>infinita;</strong></span> <span class='ocrx_word' id='word_1_83' title='bbox 955 1444 1057 1500; x_wconf 90' lang='lat' dir='ltr'><strong>ista</strong></span> <span class='ocrx_word' id='word_1_84' title='bbox 1097 1459 1224 1498; x_wconf 90' lang='lat' dir='ltr'><strong>vero</strong></span> <span class='ocrx_word' id='word_1_85' title='bbox 1261 1452 1388 1498; x_wconf 91' lang='lat' dir='ltr'><strong>sunt</strong></span> <span class='ocrx_word' id='word_1_86' title='bbox 1417 1443 1631 1508; x_wconf 84' lang='lat' dir='ltr'><strong>umbra,</strong></span> <span class='ocrx_word' id='word_1_87' title='bbox 1658 1453 1712 1497; x_wconf 87' lang='lat' dir='ltr'><strong>et</strong></span> <span class='ocrx_word' id='word_1_88' title='bbox 1745 1441 1950 1506; x_wconf 88' lang='lat' dir='ltr'><strong>fumus,</strong></span> <span class='ocrx_word' id='word_1_89' title='bbox 1985 1449 2040 1496; x_wconf 91' lang='lat' dir='ltr'><strong>et</strong></span> 
     </span>
    </p>
   </div>
   <div class='ocr_carea' id='block_1_17' title="bbox 468 1534 647 1590">
    <p class='ocr_par' dir='ltr' id='par_1_17' title="bbox 468 1534 647 1590">
     <span class='ocr_line' id='line_1_17' title="bbox 468 1534 647 1590; baseline 0.011 -2"><span class='ocrx_word' id='word_1_90' title='bbox 468 1534 647 1590; x_wconf 69' lang='lat' dir='ltr'><strong>bullae.</strong></span> 
     </span>
    </p>
   </div>
   <div class='ocr_carea' id='block_1_18' title="bbox 540 1622 2036 1695">
    <p class='ocr_par' dir='ltr' id='par_1_18' title="bbox 540 1622 2036 1695">
     <span class='ocr_line' id='line_1_18' title="bbox 540 1622 2036 1695; baseline 0 -18"><span class='ocrx_word' id='word_1_91' title='bbox 540 1625 626 1678; x_wconf 71' lang='lat'><strong>74.</strong></span> <span class='ocrx_word' id='word_1_92' title='bbox 671 1622 748 1678; x_wconf 83' lang='lat' dir='ltr'><strong>Ne</strong></span> <span class='ocrx_word' id='word_1_93' title='bbox 773 1625 1006 1679; x_wconf 88' lang='lat' dir='ltr'><strong>semines</strong></span> <span class='ocrx_word' id='word_1_94' title='bbox 1037 1626 1198 1688; x_wconf 85' lang='lat' dir='ltr'><strong>male,</strong></span> <span class='ocrx_word' id='word_1_95' title='bbox 1232 1626 1359 1694; x_wconf 88' lang='lat' dir='ltr'><strong>quia</strong></span> <span class='ocrx_word' id='word_1_96' title='bbox 1383 1641 1549 1695; x_wconf 82' lang='lat' dir='ltr'><strong>prope</strong></span> <span class='ocrx_word' id='word_1_97' title='bbox 1579 1624 1824 1678; x_wconf 86' lang='lat' dir='ltr'><strong>imminet</strong></span> <span class='ocrx_word' id='word_1_98' title='bbox 1855 1631 2036 1686; x_wconf 77' lang='lat' dir='ltr'><strong>aestas,</strong></span> 
     </span>
    </p>
   </div>
   <div class='ocr_carea' id='block_1_19' title="bbox 468 1714 1841 1785">
    <p class='ocr_par' dir='ltr' id='par_1_19' title="bbox 468 1714 1841 1785">
     <span class='ocr_line' id='line_1_19' title="bbox 468 1714 1841 1785; baseline 0.001 -19"><span class='ocrx_word' id='word_1_99' title='bbox 468 1722 523 1766; x_wconf 89' lang='lat' dir='ltr'><strong>et</strong></span> <span class='ocrx_word' id='word_1_100' title='bbox 553 1714 832 1780; x_wconf 89' lang='lat' dir='ltr'><strong>spinarum</strong></span> <span class='ocrx_word' id='word_1_101' title='bbox 871 1714 1028 1785; x_wconf 78' lang='lat'><strong>563</strong></span> <span class='ocrx_word' id='word_1_102' title='bbox 1059 1715 1348 1784; x_wconf 82' lang='lat' dir='ltr'><strong>agricolam</strong></span> <span class='ocrx_word' id='word_1_103' title='bbox 1387 1716 1526 1785; x_wconf 83' lang='lat' dir='ltr'><strong>ignis</strong></span> <span class='ocrx_word' id='word_1_104' title='bbox 1548 1724 1841 1784; x_wconf 78' lang='lat' dir='ltr'><strong>exspectat.</strong></span> 
     </span>
    </p>
   </div>
   <div class='ocr_carea' id='block_1_20' title="bbox 543 1803 2040 1876">
    <p class='ocr_par' dir='ltr' id='par_1_20' title="bbox 543 1803 2040 1876">
     <span class='ocr_line' id='line_1_20' title="bbox 543 1803 2040 1876; baseline 0.004 -20"><span class='ocrx_word' id='word_1_105' title='bbox 543 1804 629 1858; x_wconf 88' lang='lat'><strong>75.</strong></span> <span class='ocrx_word' id='word_1_106' title='bbox 673 1803 996 1876; x_wconf 68' lang='lat' dir='ltr'><strong>Hypocritae,</strong></span> <span class='ocrx_word' id='word_1_107' title='bbox 1038 1822 1133 1860; x_wconf 91' lang='lat' dir='ltr'><strong>seu</strong></span> <span class='ocrx_word' id='word_1_108' title='bbox 1173 1807 1543 1872; x_wconf 89' lang='lat' dir='ltr'><strong>simulatores,</strong></span> <span class='ocrx_word' id='word_1_109' title='bbox 1581 1807 1723 1861; x_wconf 83' lang='lat' dir='ltr'><strong>avidi</strong></span> <span class='ocrx_word' id='word_1_110' title='bbox 1769 1808 1890 1876; x_wconf 93' lang='lat' dir='ltr'><strong>plus</strong></span> <span class='ocrx_word' id='word_1_111' title='bbox 1923 1809 2040 1862; x_wconf 79' lang='lat' dir='ltr'><strong>ba-</strong></span> 
     </span>
    </p>
   </div>
   <div class='ocr_carea' id='block_1_21' title="bbox 469 1894 2038 1966">
    <p class='ocr_par' dir='ltr' id='par_1_21' title="bbox 469 1894 2038 1966">
     <span class='ocr_line' id='line_1_21' title="bbox 469 1894 2038 1966; baseline 0.002 -17"><span class='ocrx_word' id='word_1_112' title='bbox 469 1894 672 1959; x_wconf 88' lang='lat' dir='ltr'><strong>bendi,</strong></span> <span class='ocrx_word' id='word_1_113' title='bbox 731 1896 1105 1966; x_wconf 77' lang='lat' dir='ltr'><strong>voluptatibus</strong></span> <span class='ocrx_word' id='word_1_114' title='bbox 1168 1896 1380 1961; x_wconf 88' lang='lat' dir='ltr'><strong>dediti,</strong></span> <span class='ocrx_word' id='word_1_115' title='bbox 1442 1913 1585 1952; x_wconf 68' lang='lat' dir='ltr'><strong>rosae</strong></span> <span class='ocrx_word' id='word_1_116' title='bbox 1641 1907 1770 1952; x_wconf 90' lang='lat' dir='ltr'><strong>sunt</strong></span> <span class='ocrx_word' id='word_1_117' title='bbox 1817 1900 2038 1964; x_wconf 77' lang='lat' dir='ltr'><strong>szeculi;</strong></span> 
     </span>
    </p>
   </div>
   <div class='ocr_carea' id='block_1_22' title="bbox 470 1988 2042 2060">
    <p class='ocr_par' dir='ltr' id='par_1_22' title="bbox 470 1988 2042 2060">
     <span class='ocr_line' id='line_1_22' title="bbox 470 1988 2042 2060; baseline 0.004 -21"><span class='ocrx_word' id='word_1_118' title='bbox 470 1988 564 2040; x_wconf 88' lang='lat' dir='ltr'><strong>sed</strong></span> <span class='ocrx_word' id='word_1_119' title='bbox 613 1989 886 2042; x_wconf 84' lang='lat' dir='ltr'><strong>tantillum</strong></span> <span class='ocrx_word' id='word_1_120' title='bbox 940 1999 1215 2058; x_wconf 80' lang='lat' dir='ltr'><strong>exspecta,</strong></span> <span class='ocrx_word' id='word_1_121' title='bbox 1259 1989 1628 2060; x_wconf 84' lang='lat' dir='ltr'><strong>inspicicsque</strong></span> <span class='ocrx_word' id='word_1_122' title='bbox 1665 1991 2042 2046; x_wconf 87' lang='lat' dir='ltr'><strong>conculcalam</strong></span> 
     </span>
    </p>
   </div>
   <div class='ocr_carea' id='block_1_23' title="bbox 471 2075 717 2132">
    <p class='ocr_par' dir='ltr' id='par_1_23' title="bbox 471 2075 717 2132">
     <span class='ocr_line' id='line_1_23' title="bbox 471 2075 717 2132; baseline 0.004 -1"><span class='ocrx_word' id='word_1_123' title='bbox 471 2075 717 2132; x_wconf 80' lang='lat' dir='ltr'><strong>herbam.</strong></span> 
     </span>
    </p>
   </div>
   <div class='ocr_carea' id='block_1_24' title="bbox 544 2157 2044 2237">
    <p class='ocr_par' dir='ltr' id='par_1_24' title="bbox 544 2157 2044 2237">
     <span class='ocr_line' id='line_1_24' title="bbox 544 2157 2044 2237; baseline 0.002 -17"><span class='ocrx_word' id='word_1_124' title='bbox 544 2169 630 2224; x_wconf 88' lang='lat'><strong>76.</strong></span> <span class='ocrx_word' id='word_1_125' title='bbox 672 2157 860 2223; x_wconf 86' lang='lat' dir='ltr'><strong>omnis</strong></span> <span class='ocrx_word' id='word_1_126' title='bbox 897 2171 1041 2225; x_wconf 86' lang='lat' dir='ltr'><strong>actio</strong></span> <span class='ocrx_word' id='word_1_127' title='bbox 1083 2171 1224 2224; x_wconf 86' lang='lat' dir='ltr'><strong>mala</strong></span> <span class='ocrx_word' id='word_1_128' title='bbox 1261 2170 1532 2225; x_wconf 90' lang='lat' dir='ltr'><strong>diabolum</strong></span> <span class='ocrx_word' id='word_1_129' title='bbox 1574 2171 1842 2237; x_wconf 83' lang='lat' dir='ltr'><strong>obarmat,</strong></span> <span class='ocrx_word' id='word_1_130' title='bbox 1871 2169 2044 2236; x_wconf 84' lang='lat' dir='ltr'><strong>obar—</strong></span> 
     </span>
    </p>
   </div>
   <div class='ocr_carea' id='block_1_25' title="bbox 473 2264 2041 2336">
    <p class='ocr_par' dir='ltr' id='par_1_25' title="bbox 473 2264 2041 2336">
     <span class='ocr_line' id='line_1_25' title="bbox 473 2264 2041 2336; baseline 0.001 -18"><span class='ocrx_word' id='word_1_131' title='bbox 473 2273 655 2321; x_wconf 82' lang='lat' dir='ltr'><strong>matus</strong></span> <span class='ocrx_word' id='word_1_132' title='bbox 683 2273 863 2320; x_wconf 87' lang='lat' dir='ltr'><strong>autem</strong></span> <span class='ocrx_word' id='word_1_133' title='bbox 909 2266 1180 2322; x_wconf 90' lang='lat' dir='ltr'><strong>molestiis</strong></span> <span class='ocrx_word' id='word_1_134' title='bbox 1209 2264 1380 2320; x_wconf 82' lang='lat' dir='ltr'><strong>allicit</strong></span> <span class='ocrx_word' id='word_1_135' title='bbox 1403 2280 1498 2321; x_wconf 89' lang='lat' dir='ltr'><strong>eos</strong></span> <span class='ocrx_word' id='word_1_136' title='bbox 1522 2269 1615 2336; x_wconf 86' lang='lat' dir='ltr'><strong>qui</strong></span> <span class='ocrx_word' id='word_1_137' title='bbox 1650 2266 1824 2336; x_wconf 90' lang='lat' dir='ltr'><strong>ipsum</strong></span> <span class='ocrx_word' id='word_1_138' title='bbox 1855 2281 2041 2321; x_wconf 79' lang='lat' dir='ltr'><strong>arma-</strong></span> 
     </span>
    </p>
   </div>
   <div class='ocr_carea' id='block_1_26' title="bbox 472 2362 619 2410">
    <p class='ocr_par' dir='ltr' id='par_1_26' title="bbox 472 2362 619 2410">
     <span class='ocr_line' id='line_1_26' title="bbox 472 2362 619 2410; baseline 0.014 -2"><span class='ocrx_word' id='word_1_139' title='bbox 472 2362 619 2410; x_wconf 82' lang='lat' dir='ltr'><strong>runt.</strong></span> 
     </span>
    </p>
   </div>
   <div class='ocr_carea' id='block_1_27' title="bbox 543 2445 2043 2518">
    <p class='ocr_par' dir='ltr' id='par_1_27' title="bbox 543 2445 2043 2518">
     <span class='ocr_line' id='line_1_27' title="bbox 543 2445 2043 2518; baseline 0 -18"><span class='ocrx_word' id='word_1_140' title='bbox 543 2447 631 2502; x_wconf 87' lang='lat'><strong>77.</strong></span> <span class='ocrx_word' id='word_1_141' title='bbox 675 2445 768 2502; x_wconf 91' lang='lat' dir='ltr'><strong>Vis</strong></span> <span class='ocrx_word' id='word_1_142' title='bbox 800 2455 860 2502; x_wconf 91' lang='lat' dir='ltr'><strong>ut</strong></span> <span class='ocrx_word' id='word_1_143' title='bbox 891 2447 1148 2504; x_wconf 90' lang='lat' dir='ltr'><strong>inimicus</strong></span> <span class='ocrx_word' id='word_1_144' title='bbox 1195 2449 1544 2503; x_wconf 86' lang='lat' dir='ltr'><strong>debilitetur?</strong></span> <span class='ocrx_word' id='word_1_145' title='bbox 1595 2458 1874 2518; x_wconf 78' lang='lat' dir='ltr'><strong>peccatum</strong></span> <span class='ocrx_word' id='word_1_146' title='bbox 1908 2462 2043 2518; x_wconf 73' lang='lat' dir='ltr'><strong>pra:-</strong></span> 
     </span>
    </p>
   </div>
   <div class='ocr_carea' id='block_1_28' title="bbox 463 2535 2042 2609">
    <p class='ocr_par' dir='ltr' id='par_1_28' title="bbox 463 2535 2042 2609">
     <span class='ocr_line' id='line_1_28' title="bbox 463 2535 2042 2609; baseline 0.003 -22"><span class='ocrx_word' id='word_1_147' title='bbox 463 2537 678 2602; x_wconf 57' lang='lat' dir='ltr'><strong>grinde,</strong></span> <span class='ocrx_word' id='word_1_148' title='bbox 717 2537 904 2608; x_wconf 87' lang='lat' dir='ltr'><strong>sicque</strong></span> <span class='ocrx_word' id='word_1_149' title='bbox 935 2539 1057 2594; x_wconf 84' lang='lat' dir='ltr'><strong>aliis</strong></span> <span class='ocrx_word' id='word_1_150' title='bbox 1083 2539 1389 2595; x_wconf 86' lang='lat' dir='ltr'><strong>denudatus</strong></span> <span class='ocrx_word' id='word_1_151' title='bbox 1419 2538 1531 2604; x_wconf 91' lang='lat' dir='ltr'><strong>ille,</strong></span> <span class='ocrx_word' id='word_1_152' title='bbox 1557 2540 1721 2595; x_wconf 86' lang='lat' dir='ltr'><strong>veluti</strong></span> <span class='ocrx_word' id='word_1_153' title='bbox 1755 2535 2042 2609; x_wconf 79' lang='lat' dir='ltr'><strong>passercu-</strong></span> 
     </span>
    </p>
   </div>
   <div class='ocr_carea' id='block_1_29' title="bbox 472 2628 906 2692">
    <p class='ocr_par' dir='ltr' id='par_1_29' title="bbox 472 2628 906 2692">
     <span class='ocr_line' id='line_1_29' title="bbox 472 2628 906 2692; baseline 0.005 -12"><span class='ocrx_word' id='word_1_154' title='bbox 472 2629 578 2692; x_wconf 89' lang='lat' dir='ltr'><strong>lus,</strong></span> <span class='ocrx_word' id='word_1_155' title='bbox 611 2628 906 2686; x_wconf 84' lang='lat' dir='ltr'><strong>deluditur.</strong></span> 
     </span>
    </p>
   </div>
   <div class='ocr_carea' id='block_1_30' title="bbox 539 2718 2041 2790">
    <p class='ocr_par' dir='ltr' id='par_1_30' title="bbox 539 2718 2041 2790">
     <span class='ocr_line' id='line_1_30' title="bbox 539 2718 2041 2790; baseline 0 -18"><span class='ocrx_word' id='word_1_156' title='bbox 539 2721 629 2774; x_wconf 89' lang='lat'><strong>78.</strong></span> <span class='ocrx_word' id='word_1_157' title='bbox 675 2718 764 2774; x_wconf 73' lang='lat' dir='ltr'><strong>Va:</strong></span> <span class='ocrx_word' id='word_1_158' title='bbox 794 2720 980 2788; x_wconf 88' lang='lat' dir='ltr'><strong>impio,</strong></span> <span class='ocrx_word' id='word_1_159' title='bbox 1007 2719 1158 2790; x_wconf 89' lang='lat' dir='ltr'><strong>quia,</strong></span> <span class='ocrx_word' id='word_1_160' title='bbox 1183 2719 1403 2790; x_wconf 88' lang='lat' dir='ltr'><strong>quando</strong></span> <span class='ocrx_word' id='word_1_161' title='bbox 1427 2719 1805 2774; x_wconf 87' lang='lat' dir='ltr'><strong>illuminantur</strong></span> <span class='ocrx_word' id='word_1_162' title='bbox 1826 2733 2041 2784; x_wconf 88' lang='lat' dir='ltr'><strong>omnes,</strong></span> 
     </span>
    </p>
   </div>
   <div class='ocr_carea' id='block_1_31' title="bbox 473 2811 1147 2867">
    <p class='ocr_par' dir='ltr' id='par_1_31' title="bbox 473 2811 1147 2867">
     <span class='ocr_line' id='line_1_31' title="bbox 473 2811 1147 2867; baseline 0.003 -2"><span class='ocrx_word' id='word_1_163' title='bbox 473 2821 602 2866; x_wconf 83' lang='lat' dir='ltr'><strong>tunc</strong></span> <span class='ocrx_word' id='word_1_164' title='bbox 633 2811 720 2865; x_wconf 87' lang='lat' dir='ltr'><strong>ille</strong></span> <span class='ocrx_word' id='word_1_165' title='bbox 741 2812 1147 2867; x_wconf 86' lang='lat' dir='ltr'><strong>obtenebratur.</strong></span> 
     </span>
    </p>
   </div>
   <div class='ocr_carea' id='block_1_32' title="bbox 547 2901 2042 2972">
    <p class='ocr_par' dir='ltr' id='par_1_32' title="bbox 547 2901 2042 2972">
     <span class='ocr_line' id='line_1_32' title="bbox 547 2901 2042 2972; baseline -0.001 -18"><span class='ocrx_word' id='word_1_166' title='bbox 547 2902 632 2958; x_wconf 88' lang='lat'><strong>79.</strong></span> <span class='ocrx_word' id='word_1_167' title='bbox 677 2901 769 2957; x_wconf 72' lang='lat' dir='ltr'><strong>Va:</strong></span> <span class='ocrx_word' id='word_1_168' title='bbox 798 2902 1139 2971; x_wconf 86' lang='lat' dir='ltr'><strong>blasphemo,</strong></span> <span class='ocrx_word' id='word_1_169' title='bbox 1189 2904 1439 2972; x_wconf 81' lang='lat' dir='ltr'><strong>alligatur</strong></span> <span class='ocrx_word' id='word_1_170' title='bbox 1470 2918 1662 2970; x_wconf 87' lang='lat' dir='ltr'><strong>nempe</strong></span> <span class='ocrx_word' id='word_1_171' title='bbox 1693 2902 1796 2972; x_wconf 90' lang='lat' dir='ltr'><strong>ipsi</strong></span> <span class='ocrx_word' id='word_1_172' title='bbox 1837 2902 2042 2971; x_wconf 83' lang='lat' dir='ltr'><strong>lingua,</strong></span> 
     </span>
    </p>
   </div>
   <div class='ocr_carea' id='block_1_33' title="bbox 2127 435 3730 508">
    <p class='ocr_par' dir='ltr' id='par_1_33' title="bbox 2127 435 3730 508">
     <span class='ocr_line' id='line_1_33' title="bbox 2127 435 3730 508; baseline -0.001 -18"><span class='ocrx_word' id='word_1_173' title='bbox 2127 437 2224 490; x_wconf 73' lang='grc' dir='ltr'>καὶ</span> <span class='ocrx_word' id='word_1_174' title='bbox 2259 435 2483 488; x_wconf 79' lang='grc' dir='ltr'>σεαυτὸν</span> <span class='ocrx_word' id='word_1_175' title='bbox 2532 435 2815 508; x_wconf 78' lang='grc' dir='ltr'><strong>στενάξῃς,</strong></span> <span class='ocrx_word' id='word_1_176' title='bbox 2854 437 3053 499; x_wconf 87' lang='grc' dir='ltr'>πάντες</span> <span class='ocrx_word' id='word_1_177' title='bbox 3083 437 3189 508; x_wconf 82' lang='grc' dir='ltr'>γάρ</span> <span class='ocrx_word' id='word_1_178' title='bbox 3215 439 3383 506; x_wconf 80' lang='grc' dir='ltr'>ἐσμεν</span> <span class='ocrx_word' id='word_1_179' title='bbox 3421 437 3730 506; x_wconf 72' lang='grc' dir='ltr'>ἁμαρτίαις</span> 
     </span>
    </p>
   </div>
   <div class='ocr_carea' id='block_1_34' title="bbox 2129 526 2445 582">
    <p class='ocr_par' dir='ltr' id='par_1_34' title="bbox 2129 526 2445 582">
     <span class='ocr_line' id='line_1_34' title="bbox 2129 526 2445 582; baseline -0.006 0"><span class='ocrx_word' id='word_1_180' title='bbox 2129 526 2445 582; x_wconf 79' lang='grc' dir='ltr'>ὑπεύθυνοι.</span> 
     </span>
    </p>
   </div>
   <div class='ocr_carea' id='block_1_35' title="bbox 2197 617 3734 689">
    <p class='ocr_par' dir='ltr' id='par_1_35' title="bbox 2197 617 3734 689">
     <span class='ocr_line' id='line_1_35' title="bbox 2197 617 3734 689; baseline -0.001 -19"><span class='ocrx_word' id='word_1_181' title='bbox 2197 625 2258 671; x_wconf 88' lang='lat' dir='ltr'><strong>o&#39;.</strong></span> <span class='ocrx_word' id='word_1_182' title='bbox 2305 617 2716 686; x_wconf 80' lang='grc' dir='ltr'>Ἀναμίμνησκε</span> <span class='ocrx_word' id='word_1_183' title='bbox 2747 617 2842 670; x_wconf 78' lang='grc' dir='ltr'>τοῦ</span> <span class='ocrx_word' id='word_1_184' title='bbox 2887 619 3094 689; x_wconf 80' lang='grc' dir='ltr'>Κριτοῦ</span> <span class='ocrx_word' id='word_1_185' title='bbox 3154 619 3248 672; x_wconf 74' lang='grc' dir='ltr'>τὸν</span> <span class='ocrx_word' id='word_1_186' title='bbox 3292 619 3461 686; x_wconf 76' lang='grc' dir='ltr'>φίλον</span> <span class='ocrx_word' id='word_1_187' title='bbox 3512 618 3734 686; x_wconf 75' lang='grc' dir='ltr'><strong>ὀλιςϐήο</strong></span> 
     </span>
    </p>
   </div>
   <div class='ocr_carea' id='block_1_36' title="bbox 2131 708 3730 782">
    <p class='ocr_par' dir='ltr' id='par_1_36' title="bbox 2131 708 3730 782">
     <span class='ocr_line' id='line_1_36' title="bbox 2131 708 3730 782; baseline 0 -20"><span class='ocrx_word' id='word_1_188' title='bbox 2131 727 2320 774; x_wconf 73' lang='grc' dir='ltr'>σαντα,</span> <span class='ocrx_word' id='word_1_189' title='bbox 2347 710 2443 761; x_wconf 73' lang='grc' dir='ltr'>καὶ</span> <span class='ocrx_word' id='word_1_190' title='bbox 2472 708 2534 761; x_wconf 77' lang='grc' dir='ltr'>τὸ</span> <span class='ocrx_word' id='word_1_191' title='bbox 2569 709 2662 762; x_wconf 83' lang='grc' dir='ltr'><strong>σὺν</strong></span> <span class='ocrx_word' id='word_1_192' title='bbox 2693 710 3041 778; x_wconf 80' lang='grc' dir='ltr'>ὲμπλάττεις·</span> <span class='ocrx_word' id='word_1_193' title='bbox 3074 710 3325 782; x_wconf 82' lang='grc' dir='ltr'>τραῦμα,</span> <span class='ocrx_word' id='word_1_194' title='bbox 3383 712 3588 764; x_wconf 77' lang='grc' dir='ltr'>κοινὸν</span> <span class='ocrx_word' id='word_1_195' title='bbox 3630 712 3730 776; x_wconf 67' lang='grc' dir='ltr'><strong>γὰρ</strong></span> 
     </span>
    </p>
   </div>
   <div class='ocr_carea' id='block_1_37' title="bbox 2129 800 2985 870">
    <p class='ocr_par' dir='ltr' id='par_1_37' title="bbox 2129 800 2985 870">
     <span class='ocr_line' id='line_1_37' title="bbox 2129 800 2985 870; baseline 0.001 -18"><span class='ocrx_word' id='word_1_196' title='bbox 2129 801 2225 870; x_wconf 86' lang='grc' dir='ltr'>τῆς</span> <span class='ocrx_word' id='word_1_197' title='bbox 2249 818 2312 854; x_wconf 91' lang='grc' dir='ltr'><strong>συ</strong></span> <span class='ocrx_word' id='word_1_198' title='bbox 2324 800 2564 870; x_wconf 78' lang='grc' dir='ltr'>μϐουλῆς</span> <span class='ocrx_word' id='word_1_199' title='bbox 2581 800 2642 853; x_wconf 77' lang='grc' dir='ltr'>τὸ</span> <span class='ocrx_word' id='word_1_200' title='bbox 2671 801 2985 870; x_wconf 82' lang='grc' dir='ltr'>φάρμακον.</span> 
     </span>
    </p>
   </div>
   <div class='ocr_carea' id='block_1_38' title="bbox 2201 892 3733 962">
    <p class='ocr_par' dir='ltr' id='par_1_38' title="bbox 2201 892 3733 962">
     <span class='ocr_line' id='line_1_38' title="bbox 2201 892 3733 962; baseline 0 -18"><span class='ocrx_word' id='word_1_201' title='bbox 2201 898 2301 945; x_wconf 87' lang='grc' dir='ltr'>οα’.</span> <span class='ocrx_word' id='word_1_202' title='bbox 2337 892 2534 959; x_wconf 76' lang='grc' dir='ltr'>Λέγειν</span> <span class='ocrx_word' id='word_1_203' title='bbox 2563 892 2616 944; x_wconf 74' lang='grc' dir='ltr'><strong>τί</strong></span> <span class='ocrx_word' id='word_1_204' title='bbox 2650 892 2880 962; x_wconf 84' lang='grc' dir='ltr'>μέλλων,</span> <span class='ocrx_word' id='word_1_205' title='bbox 2917 892 2950 962; x_wconf 84' lang='grc' dir='ltr'>ἢ</span> <span class='ocrx_word' id='word_1_206' title='bbox 2983 892 3264 962; x_wconf 84' lang='grc' dir='ltr'>πράττειν,</span> <span class='ocrx_word' id='word_1_207' title='bbox 3313 893 3420 961; x_wconf 78' lang='grc' dir='ltr'>τῆς</span> <span class='ocrx_word' id='word_1_208' title='bbox 3457 893 3616 962; x_wconf 79' lang='grc' dir='ltr'>μετὰ</span> <span class='ocrx_word' id='word_1_209' title='bbox 3651 911 3733 960; x_wconf 84' lang='grc' dir='ltr'>μι-</span> 
     </span>
    </p>
   </div>
   <div class='ocr_carea' id='block_1_39' title="bbox 2131 983 3733 1055">
    <p class='ocr_par' dir='ltr' id='par_1_39' title="bbox 2131 983 3733 1055">
     <span class='ocr_line' id='line_1_39' title="bbox 2131 983 3733 1055; baseline -0.002 -18"><span class='ocrx_word' id='word_1_210' title='bbox 2131 983 2264 1054; x_wconf 71' lang='grc' dir='ltr'>κρὸν</span> <span class='ocrx_word' id='word_1_211' title='bbox 2325 984 2626 1050; x_wconf 77' lang='grc' dir='ltr'><strong>ἀπολογίας</strong></span> <span class='ocrx_word' id='word_1_212' title='bbox 2675 983 2955 1053; x_wconf 74' lang='grc' dir='ltr'><strong>φρόντιζε,</strong></span> <span class='ocrx_word' id='word_1_213' title='bbox 3005 984 3100 1037; x_wconf 77' lang='grc' dir='ltr'>καὶ</span> <span class='ocrx_word' id='word_1_214' title='bbox 3131 987 3430 1055; x_wconf 65' lang='grc' dir='ltr'>σωφρονεῖς</span> <span class='ocrx_word' id='word_1_215' title='bbox 3469 984 3550 1054; x_wconf 78' lang='grc' dir='ltr'><strong>τῷ</strong></span> <span class='ocrx_word' id='word_1_216' title='bbox 3579 986 3733 1052; x_wconf 59' lang='grc' dir='ltr'><strong>ςιὸεῳ</strong></span> 
     </span>
    </p>
   </div>
   <div class='ocr_carea' id='block_1_40' title="bbox 2132 1076 2532 1146">
    <p class='ocr_par' dir='ltr' id='par_1_40' title="bbox 2132 1076 2532 1146">
     <span class='ocr_line' id='line_1_40' title="bbox 2132 1076 2532 1146; baseline 0 -16"><span class='ocrx_word' id='word_1_217' title='bbox 2132 1076 2532 1146; x_wconf 84' lang='grc' dir='ltr'>διορθούμενος.</span> 
     </span>
    </p>
   </div>
   <div class='ocr_carea' id='block_1_41' title="bbox 2204 1166 3734 1240">
    <p class='ocr_par' dir='ltr' id='par_1_41' title="bbox 2204 1166 3734 1240">
     <span class='ocr_line' id='line_1_41' title="bbox 2204 1166 3734 1240; baseline 0.001 -21"><span class='ocrx_word' id='word_1_218' title='bbox 2204 1168 2302 1237; x_wconf 76' lang='grc' dir='ltr'>οβ’.</span> <span class='ocrx_word' id='word_1_219' title='bbox 2329 1167 2440 1236; x_wconf 78' lang='grc' dir='ltr'><strong>Τῆς</strong></span> <span class='ocrx_word' id='word_1_220' title='bbox 2471 1166 2747 1238; x_wconf 84' lang='grc' dir='ltr'>ἁμαρτίας</span> <span class='ocrx_word' id='word_1_221' title='bbox 2769 1168 2869 1236; x_wconf 74' lang='grc' dir='ltr'>τὴν</span> <span class='ocrx_word' id='word_1_222' title='bbox 2889 1167 3157 1237; x_wconf 81' lang='grc' dir='ltr'><strong>τιμωρίαν</strong></span> <span class='ocrx_word' id='word_1_223' title='bbox 3187 1169 3379 1236; x_wconf 70' lang='grc' dir='ltr'>φοϐοῦ,</span> <span class='ocrx_word' id='word_1_224' title='bbox 3397 1170 3510 1240; x_wconf 74' lang='grc' dir='ltr'>τὴν</span> <span class='ocrx_word' id='word_1_225' title='bbox 3533 1170 3734 1237; x_wconf 60' lang='grc' dir='ltr'><strong>αέα-[3-</strong></span> 
     </span>
    </p>
   </div>
   <div class='ocr_carea' id='block_1_42' title="bbox 2136 1259 3728 1334">
    <p class='ocr_par' dir='ltr' id='par_1_42' title="bbox 2136 1259 3728 1334">
     <span class='ocr_line' id='line_1_42' title="bbox 2136 1259 3728 1334; baseline 0.001 -21"><span class='ocrx_word' id='word_1_226' title='bbox 2136 1278 2234 1330; x_wconf 78' lang='grc' dir='ltr'><strong>νην</strong></span> <span class='ocrx_word' id='word_1_227' title='bbox 2263 1261 2319 1313; x_wconf 79' lang='grc' dir='ltr'><strong>δὲ</strong></span> <span class='ocrx_word' id='word_1_228' title='bbox 2345 1260 2542 1329; x_wconf 82' lang='grc' dir='ltr'>νάρκα,</span> <span class='ocrx_word' id='word_1_229' title='bbox 2577 1259 2638 1312; x_wconf 80' lang='grc' dir='ltr'>τὸ</span> <span class='ocrx_word' id='word_1_230' title='bbox 2679 1259 2917 1328; x_wconf 75' lang='grc' dir='ltr'>χαλεπὸν</span> <span class='ocrx_word' id='word_1_231' title='bbox 2963 1259 3070 1330; x_wconf 77' lang='grc' dir='ltr'>γὰρ</span> <span class='ocrx_word' id='word_1_232' title='bbox 3115 1262 3398 1332; x_wconf 79' lang='grc' dir='ltr'><strong>ἑκατέρων</strong></span> <span class='ocrx_word' id='word_1_233' title='bbox 3446 1264 3728 1334; x_wconf 77' lang='grc' dir='ltr'>ἄμετρον.</span> 
     </span>
    </p>
   </div>
   <div class='ocr_carea' id='block_1_43' title="bbox 2206 1349 3734 1421">
    <p class='ocr_par' dir='ltr' id='par_1_43' title="bbox 2206 1349 3734 1421">
     <span class='ocr_line' id='line_1_43' title="bbox 2206 1349 3734 1421; baseline 0 -17"><span class='ocrx_word' id='word_1_234' title='bbox 2206 1359 2308 1419; x_wconf 88' lang='grc' dir='ltr'>ογ’.</span> <span class='ocrx_word' id='word_1_235' title='bbox 2347 1352 2468 1403; x_wconf 85' lang='grc' dir='ltr'><strong>Τῶν</strong></span> <span class='ocrx_word' id='word_1_236' title='bbox 2495 1351 2798 1421; x_wconf 83' lang='grc' dir='ltr'>μελλόντων</span> <span class='ocrx_word' id='word_1_237' title='bbox 2821 1349 3066 1417; x_wconf 83' lang='grc' dir='ltr'>ἀγαθῶν,</span> <span class='ocrx_word' id='word_1_238' title='bbox 3116 1354 3210 1405; x_wconf 79' lang='grc' dir='ltr'><strong>καὶ</strong></span> <span class='ocrx_word' id='word_1_239' title='bbox 3258 1354 3318 1406; x_wconf 83' lang='grc' dir='ltr'>τὸ</span> <span class='ocrx_word' id='word_1_240' title='bbox 3365 1354 3596 1416; x_wconf 75' lang='grc' dir='ltr'>κάλλος,</span> <span class='ocrx_word' id='word_1_241' title='bbox 3641 1357 3734 1406; x_wconf 74' lang='grc' dir='ltr'><strong>καὶ</strong></span> 
     </span>
    </p>
   </div>
   <div class='ocr_carea' id='block_1_44' title="bbox 2138 1441 3736 1512">
    <p class='ocr_par' dir='ltr' id='par_1_44' title="bbox 2138 1441 3736 1512">
     <span class='ocr_line' id='line_1_44' title="bbox 2138 1441 3736 1512; baseline 0.001 -18"><span class='ocrx_word' id='word_1_242' title='bbox 2138 1442 2343 1512; x_wconf 84' lang='grc' dir='ltr'>πλῆθος</span> <span class='ocrx_word' id='word_1_243' title='bbox 2371 1443 2597 1510; x_wconf 78' lang='grc' dir='ltr'>ἄπειρον</span> <span class='ocrx_word' id='word_1_244' title='bbox 2627 1458 2643 1471; x_wconf 74' lang='grc' dir='ltr'><strong>ο</strong></span> <span class='ocrx_word' id='word_1_245' title='bbox 2685 1441 2861 1494; x_wconf 81' lang='grc' dir='ltr'>ταῦτα</span> <span class='ocrx_word' id='word_1_246' title='bbox 2899 1441 2956 1493; x_wconf 79' lang='grc' dir='ltr'><strong>δὲ</strong></span> <span class='ocrx_word' id='word_1_247' title='bbox 3008 1443 3156 1507; x_wconf 84' lang='grc' dir='ltr'>σκιά,</span> <span class='ocrx_word' id='word_1_248' title='bbox 3205 1447 3301 1497; x_wconf 78' lang='grc' dir='ltr'>καὶ</span> <span class='ocrx_word' id='word_1_249' title='bbox 3349 1445 3590 1512; x_wconf 84' lang='grc' dir='ltr'>καπνὸς,</span> <span class='ocrx_word' id='word_1_250' title='bbox 3641 1449 3736 1497; x_wconf 69' lang='grc' dir='ltr'>καὶ</span> 
     </span>
    </p>
   </div>
   <div class='ocr_carea' id='block_1_45' title="bbox 2140 1533 2621 1603">
    <p class='ocr_par' dir='ltr' id='par_1_45' title="bbox 2140 1533 2621 1603">
     <span class='ocr_line' id='line_1_45' title="bbox 2140 1533 2621 1603; baseline 0 -16"><span class='ocrx_word' id='word_1_251' title='bbox 2140 1534 2491 1603; x_wconf 78' lang='grc' dir='ltr'>πομφόλυγες</span> <span class='ocrx_word' id='word_1_252' title='bbox 2521 1533 2621 1603; x_wconf 75' lang='grc' dir='ltr'><strong>(Ι).</strong></span> 
     </span>
    </p>
   </div>
   <div class='ocr_carea' id='block_1_46' title="bbox 2210 1623 3732 1698">
    <p class='ocr_par' dir='ltr' id='par_1_46' title="bbox 2210 1623 3732 1698">
     <span class='ocr_line' id='line_1_46' title="bbox 2210 1623 3732 1698; baseline 0.001 -20"><span class='ocrx_word' id='word_1_253' title='bbox 2210 1623 2300 1678; x_wconf 85' lang='grc' dir='ltr'>οδ¹.</span> <span class='ocrx_word' id='word_1_254' title='bbox 2333 1626 2424 1694; x_wconf 81' lang='grc' dir='ltr'>Μὴ</span> <span class='ocrx_word' id='word_1_255' title='bbox 2457 1627 2648 1696; x_wconf 84' lang='grc' dir='ltr'>σπεῖρε</span> <span class='ocrx_word' id='word_1_256' title='bbox 2680 1624 2912 1694; x_wconf 82' lang='grc' dir='ltr'>πονηρὰ,</span> <span class='ocrx_word' id='word_1_257' title='bbox 2951 1623 3011 1676; x_wconf 80' lang='grc' dir='ltr'>τὸ</span> <span class='ocrx_word' id='word_1_258' title='bbox 3041 1623 3148 1695; x_wconf 76' lang='grc' dir='ltr'>γάρ</span> <span class='ocrx_word' id='word_1_259' title='bbox 3195 1626 3352 1698; x_wconf 73' lang='grc' dir='ltr'>θέρος</span> <span class='ocrx_word' id='word_1_260' title='bbox 3400 1631 3602 1697; x_wconf 75' lang='grc' dir='ltr'>ἐγγὺς,</span> <span class='ocrx_word' id='word_1_261' title='bbox 3637 1631 3732 1684; x_wconf 72' lang='grc' dir='ltr'>καὶ</span> 
     </span>
    </p>
   </div>
   <div class='ocr_carea' id='block_1_47' title="bbox 2071 1693 3542 1788">
    <p class='ocr_par' dir='ltr' id='par_1_47' title="bbox 2071 1693 3542 1788">
     <span class='ocr_line' id='line_1_47' title="bbox 2071 1693 3542 1788; baseline 0.005 -21"><span class='ocrx_word' id='word_1_262' title='bbox 2071 1693 2114 1749; x_wconf 73' lang='grc' dir='ltr'>Β</span> <span class='ocrx_word' id='word_1_263' title='bbox 2141 1716 2202 1768; x_wconf 84' lang='grc' dir='ltr'><strong>τὺ</strong></span> <span class='ocrx_word' id='word_1_264' title='bbox 2231 1715 2342 1786; x_wconf 84' lang='grc' dir='ltr'>πῦρ</span> <span class='ocrx_word' id='word_1_265' title='bbox 2379 1693 2469 1768; x_wconf 69' lang='grc' dir='ltr'><strong>τον</strong></span> <span class='ocrx_word' id='word_1_266' title='bbox 2513 1693 2759 1786; x_wconf 81' lang='grc' dir='ltr'>γεωργὸν</span> <span class='ocrx_word' id='word_1_267' title='bbox 2798 1693 2908 1767; x_wconf 85' lang='grc' dir='ltr'><strong>τῶν</strong></span> <span class='ocrx_word' id='word_1_268' title='bbox 2934 1693 3188 1768; x_wconf 86' lang='grc' dir='ltr'>ἀκανθῶν</span> <span class='ocrx_word' id='word_1_269' title='bbox 3232 1693 3542 1788; x_wconf 76' lang='grc' dir='ltr'>ἐκδέχεται.</span> 
     </span>
    </p>
   </div>
   <div class='ocr_carea' id='block_1_48' title="bbox 2211 1806 3732 1882">
    <p class='ocr_par' dir='ltr' id='par_1_48' title="bbox 2211 1806 3732 1882">
     <span class='ocr_line' id='line_1_48' title="bbox 2211 1806 3732 1882; baseline 0.003 -23"><span class='ocrx_word' id='word_1_270' title='bbox 2211 1815 2303 1862; x_wconf 82' lang='grc' dir='ltr'>σε’.</span> <span class='ocrx_word' id='word_1_271' title='bbox 2353 1807 2510 1861; x_wconf 72' lang='grc' dir='ltr'>Ῥόδα</span> <span class='ocrx_word' id='word_1_272' title='bbox 2535 1807 2629 1861; x_wconf 76' lang='grc' dir='ltr'>τοῦ</span> <span class='ocrx_word' id='word_1_273' title='bbox 2667 1806 2783 1876; x_wconf 80' lang='grc' dir='ltr'>βίου</span> <span class='ocrx_word' id='word_1_274' title='bbox 2824 1807 3146 1875; x_wconf 81' lang='grc' dir='ltr'>ὑποκριταὶ,</span> <span class='ocrx_word' id='word_1_275' title='bbox 3199 1809 3550 1876; x_wconf 75' lang='grc' dir='ltr'>πλεονέκται,</span> <span class='ocrx_word' id='word_1_276' title='bbox 3601 1814 3732 1882; x_wconf 69' lang='grc' dir='ltr'>φιλ-</span> 
     </span>
    </p>
   </div>
   <div class='ocr_carea' id='block_1_49' title="bbox 2143 1894 3732 1971">
    <p class='ocr_par' dir='ltr' id='par_1_49' title="bbox 2143 1894 3732 1971">
     <span class='ocr_line' id='line_1_49' title="bbox 2143 1894 3732 1971; baseline 0.006 -24"><span class='ocrx_word' id='word_1_277' title='bbox 2143 1895 2348 1964; x_wconf 79' lang='grc' dir='ltr'>ήδονοι,</span> <span class='ocrx_word' id='word_1_278' title='bbox 2383 1894 2519 1948; x_wconf 84' lang='grc' dir='ltr'>ἀλλὰ</span> <span class='ocrx_word' id='word_1_279' title='bbox 2553 1896 2751 1967; x_wconf 81' lang='grc' dir='ltr'>μικρὺν</span> <span class='ocrx_word' id='word_1_280' title='bbox 2781 1896 3094 1966; x_wconf 84' lang='grc' dir='ltr'>καρτερεῖς,</span> <span class='ocrx_word' id='word_1_281' title='bbox 3129 1900 3333 1952; x_wconf 76' lang='grc' dir='ltr'>καὶτὸν</span> <span class='ocrx_word' id='word_1_282' title='bbox 3354 1901 3557 1971; x_wconf 79' lang='grc' dir='ltr'>χόρτον</span> <span class='ocrx_word' id='word_1_283' title='bbox 3586 1903 3732 1957; x_wconf 81' lang='grc' dir='ltr'>θεω-</span> 
     </span>
    </p>
   </div>
   <div class='ocr_carea' id='block_1_50' title="bbox 2147 1984 2660 2056">
    <p class='ocr_par' dir='ltr' id='par_1_50' title="bbox 2147 1984 2660 2056">
     <span class='ocr_line' id='line_1_50' title="bbox 2147 1984 2660 2056; baseline 0.004 -20"><span class='ocrx_word' id='word_1_284' title='bbox 2147 1987 2257 2054; x_wconf 87' lang='grc' dir='ltr'>ρεῖς</span> <span class='ocrx_word' id='word_1_285' title='bbox 2289 1984 2660 2056; x_wconf 82' lang='grc' dir='ltr'>πατούμενον.</span> 
     </span>
    </p>
   </div>
   <div class='ocr_carea' id='block_1_51' title="bbox 2213 2165 3730 2240">
    <p class='ocr_par' dir='ltr' id='par_1_51' title="bbox 2213 2165 3730 2240">
     <span class='ocr_line' id='line_1_51' title="bbox 2213 2165 3730 2240; baseline 0.004 -21"><span class='ocrx_word' id='word_1_286' title='bbox 2213 2165 2320 2232; x_wconf 78' lang='grc' dir='ltr'>ος⁹.</span> <span class='ocrx_word' id='word_1_287' title='bbox 2364 2168 2521 2220; x_wconf 81' lang='grc' dir='ltr'>Πᾶσα</span> <span class='ocrx_word' id='word_1_288' title='bbox 2575 2168 2790 2239; x_wconf 75' lang='grc' dir='ltr'>πονηρὰ</span> <span class='ocrx_word' id='word_1_289' title='bbox 2844 2169 3062 2240; x_wconf 78' lang='grc' dir='ltr'>πρᾶξις,</span> <span class='ocrx_word' id='word_1_290' title='bbox 3128 2169 3338 2234; x_wconf 73' lang='grc' dir='ltr'>ὁπλίζει</span> <span class='ocrx_word' id='word_1_291' title='bbox 3387 2170 3480 2223; x_wconf 74' lang='grc' dir='ltr'><strong>τὸν</strong></span> <span class='ocrx_word' id='word_1_292' title='bbox 3541 2171 3730 2224; x_wconf 71' lang='grc' dir='ltr'>διάϐο-</span> 
     </span>
    </p>
   </div>
   <div class='ocr_carea' id='block_1_52' title="bbox 2143 2257 3736 2334">
    <p class='ocr_par' dir='ltr' id='par_1_52' title="bbox 2143 2257 3736 2334">
     <span class='ocr_line' id='line_1_52' title="bbox 2143 2257 3736 2334; baseline 0.004 -25"><span class='ocrx_word' id='word_1_293' title='bbox 2143 2257 2267 2324; x_wconf 91' lang='grc' dir='ltr'>λον,</span> <span class='ocrx_word' id='word_1_294' title='bbox 2312 2257 2595 2324; x_wconf 78' lang='grc' dir='ltr'>ὀπλισθεὶς</span> <span class='ocrx_word' id='word_1_295' title='bbox 2646 2260 2704 2313; x_wconf 82' lang='grc' dir='ltr'><strong>δὲ</strong></span> <span class='ocrx_word' id='word_1_296' title='bbox 2757 2261 3013 2331; x_wconf 79' lang='grc' dir='ltr'>χαλεπῶς</span> <span class='ocrx_word' id='word_1_297' title='bbox 3065 2264 3178 2326; x_wconf 83' lang='grc' dir='ltr'>τοῖς</span> <span class='ocrx_word' id='word_1_298' title='bbox 3224 2263 3480 2316; x_wconf 78' lang='grc' dir='ltr'>ὁπλίσασι</span> <span class='ocrx_word' id='word_1_299' title='bbox 3524 2264 3736 2334; x_wconf 78' lang='grc' dir='ltr'>κέχρη-</span> 
     </span>
    </p>
   </div>
   <div class='ocr_carea' id='block_1_53' title="bbox 2143 2366 2255 2402">
    <p class='ocr_par' dir='ltr' id='par_1_53' title="bbox 2143 2366 2255 2402">
     <span class='ocr_line' id='line_1_53' title="bbox 2143 2366 2255 2402; baseline 0.018 -2"><span class='ocrx_word' id='word_1_300' title='bbox 2143 2366 2255 2402; x_wconf 88' lang='grc' dir='ltr'>ται.</span> 
     </span>
    </p>
   </div>
   <div class='ocr_carea' id='block_1_54' title="bbox 2215 2440 3736 2519">
    <p class='ocr_par' dir='ltr' id='par_1_54' title="bbox 2215 2440 3736 2519">
     <span class='ocr_line' id='line_1_54' title="bbox 2215 2440 3736 2519; baseline 0.005 -24"><span class='ocrx_word' id='word_1_301' title='bbox 2215 2440 2313 2504; x_wconf 71' lang='lat' dir='ltr'><strong>oC&#39;.</strong></span> <span class='ocrx_word' id='word_1_302' title='bbox 2347 2441 2537 2496; x_wconf 79' lang='grc' dir='ltr'>Βούλει</span> <span class='ocrx_word' id='word_1_303' title='bbox 2580 2443 2672 2496; x_wconf 74' lang='grc' dir='ltr'>τὸν</span> <span class='ocrx_word' id='word_1_304' title='bbox 2730 2443 2933 2516; x_wconf 82' lang='grc' dir='ltr'>ὲχθρδν</span> <span class='ocrx_word' id='word_1_305' title='bbox 2961 2446 3245 2511; x_wconf 83' lang='grc' dir='ltr'>ἀσθενεῖν,</span> <span class='ocrx_word' id='word_1_306' title='bbox 3291 2447 3390 2518; x_wconf 78' lang='grc' dir='ltr'>τὴν</span> <span class='ocrx_word' id='word_1_307' title='bbox 3443 2448 3736 2519; x_wconf 74' lang='grc' dir='ltr'>ἁμαρτίαν</span> 
     </span>
    </p>
   </div>
   <div class='ocr_carea' id='block_1_55' title="bbox 2146 2533 3738 2610">
    <p class='ocr_par' dir='ltr' id='par_1_55' title="bbox 2146 2533 3738 2610">
     <span class='ocr_line' id='line_1_55' title="bbox 2146 2533 3738 2610; baseline 0.006 -24"><span class='ocrx_word' id='word_1_308' title='bbox 2146 2533 2473 2602; x_wconf 51' lang='grc' dir='ltr'>περικοπτε,</span> <span class='ocrx_word' id='word_1_309' title='bbox 2527 2534 2621 2586; x_wconf 80' lang='grc' dir='ltr'>καὶ</span> <span class='ocrx_word' id='word_1_310' title='bbox 2659 2535 2970 2604; x_wconf 77' lang='grc' dir='ltr'><strong>γυμνωθεὶς</strong></span> <span class='ocrx_word' id='word_1_311' title='bbox 3010 2536 3120 2590; x_wconf 83' lang='grc' dir='ltr'><strong>τῶν</strong></span> <span class='ocrx_word' id='word_1_312' title='bbox 3155 2538 3392 2609; x_wconf 78' lang='grc' dir='ltr'>πτερῶν,</span> <span class='ocrx_word' id='word_1_313' title='bbox 3421 2539 3496 2602; x_wconf 83' lang='grc' dir='ltr'>ὡς</span> <span class='ocrx_word' id='word_1_314' title='bbox 3537 2557 3738 2610; x_wconf 79' lang='grc' dir='ltr'>στρου-</span> 
     </span>
    </p>
   </div>
   <div class='ocr_carea' id='block_1_56' title="bbox 2146 2621 2662 2693">
    <p class='ocr_par' dir='ltr' id='par_1_56' title="bbox 2146 2621 2662 2693">
     <span class='ocr_line' id='line_1_56' title="bbox 2146 2621 2662 2693; baseline 0.01 -20"><span class='ocrx_word' id='word_1_315' title='bbox 2146 2621 2280 2686; x_wconf 78' lang='grc' dir='ltr'>θίον,</span> <span class='ocrx_word' id='word_1_316' title='bbox 2297 2625 2662 2693; x_wconf 70' lang='grc' dir='ltr'>ἐμπαίζεται.</span> 
     </span>
    </p>
   </div>
   <div class='ocr_carea' id='block_1_57' title="bbox 2213 2715 3738 2788">
    <p class='ocr_par' dir='ltr' id='par_1_57' title="bbox 2213 2715 3738 2788">
     <span class='ocr_line' id='line_1_57' title="bbox 2213 2715 3738 2788; baseline 0.004 -22"><span class='ocrx_word' id='word_1_317' title='bbox 2213 2722 2315 2784; x_wconf 69' lang='grc' dir='ltr'>οην.</span> <span class='ocrx_word' id='word_1_318' title='bbox 2334 2715 2470 2769; x_wconf 77' lang='grc' dir='ltr'>Οὐαὶ</span> <span class='ocrx_word' id='word_1_319' title='bbox 2487 2715 2565 2785; x_wconf 83' lang='grc' dir='ltr'>τῷ</span> <span class='ocrx_word' id='word_1_320' title='bbox 2595 2717 2802 2780; x_wconf 78' lang='grc' dir='ltr'>ἀσεϐεῖ,</span> <span class='ocrx_word' id='word_1_321' title='bbox 2832 2717 2936 2780; x_wconf 87' lang='grc' dir='ltr'>ὄτι,</span> <span class='ocrx_word' id='word_1_322' title='bbox 2964 2717 3091 2770; x_wconf 80' lang='grc' dir='ltr'>ὅταν</span> <span class='ocrx_word' id='word_1_323' title='bbox 3115 2717 3326 2786; x_wconf 81' lang='grc' dir='ltr'>πάντες</span> <span class='ocrx_word' id='word_1_324' title='bbox 3357 2720 3738 2788; x_wconf 76' lang='grc' dir='ltr'>φωτίζωνται,</span> 
     </span>
    </p>
   </div>
   <div class='ocr_carea' id='block_1_58' title="bbox 2146 2806 2864 2871">
    <p class='ocr_par' dir='ltr' id='par_1_58' title="bbox 2146 2806 2864 2871">
     <span class='ocr_line' id='line_1_58' title="bbox 2146 2806 2864 2871; baseline 0.007 -14"><span class='ocrx_word' id='word_1_325' title='bbox 2146 2806 2266 2858; x_wconf 82' lang='grc' dir='ltr'>τότε</span> <span class='ocrx_word' id='word_1_326' title='bbox 2295 2807 2503 2869; x_wconf 82' lang='grc' dir='ltr'>ἐκεῖνος</span> <span class='ocrx_word' id='word_1_327' title='bbox 2535 2807 2864 2871; x_wconf 75' lang='grc' dir='ltr'>σκοτίζεται.</span> 
     </span>
    </p>
   </div>
   <div class='ocr_carea' id='block_1_59' title="bbox 2216 2896 3744 2974">
    <p class='ocr_par' dir='ltr' id='par_1_59' title="bbox 2216 2896 3744 2974">
     <span class='ocr_line' id='line_1_59' title="bbox 2216 2896 3744 2974; baseline 0.004 -25"><span class='ocrx_word' id='word_1_328' title='bbox 2216 2896 2312 2950; x_wconf 79' lang='grc' dir='ltr'>οϐ’.</span> <span class='ocrx_word' id='word_1_329' title='bbox 2345 2897 2481 2950; x_wconf 81' lang='grc' dir='ltr'><strong>Οὐαὶ</strong></span> <span class='ocrx_word' id='word_1_330' title='bbox 2510 2898 2587 2969; x_wconf 83' lang='grc' dir='ltr'>τῷ</span> <span class='ocrx_word' id='word_1_331' title='bbox 2627 2898 2953 2971; x_wconf 84' lang='grc' dir='ltr'>βλασφήμῳ,</span> <span class='ocrx_word' id='word_1_332' title='bbox 2985 2903 3267 2972; x_wconf 84' lang='grc' dir='ltr'>δεσμείται</span> <span class='ocrx_word' id='word_1_333' title='bbox 3292 2903 3401 2972; x_wconf 79' lang='grc' dir='ltr'>γὰρ</span> <span class='ocrx_word' id='word_1_334' title='bbox 3421 2903 3523 2974; x_wconf 77' lang='grc' dir='ltr'>τὴν</span> <span class='ocrx_word' id='word_1_335' title='bbox 3557 2903 3744 2969; x_wconf 73' lang='grc' dir='ltr'>γλῶτ-</span> 
     </span>
    </p>
   </div>
   <div class='ocr_carea' id='block_1_60' title="bbox 472 2989 2046 3086">
    <p class='ocr_par' dir='ltr' id='par_1_60' title="bbox 472 2991 2042 3064">
     <span class='ocr_line' id='line_1_60' title="bbox 472 2991 2042 3064; baseline -0.003 -13"><span class='ocrx_word' id='word_1_336' title='bbox 472 3005 528 3051; x_wconf 90' lang='lat' dir='ltr'><strong>et</strong></span> <span class='ocrx_word' id='word_1_337' title='bbox 553 2995 663 3051; x_wconf 92' lang='lat' dir='ltr'><strong>ullo</strong></span> <span class='ocrx_word' id='word_1_338' title='bbox 687 2997 849 3050; x_wconf 87' lang='lat' dir='ltr'><strong>modo</strong></span> <span class='ocrx_word' id='word_1_339' title='bbox 872 3009 930 3050; x_wconf 90' lang='lat' dir='ltr'><strong>se</strong></span> <span class='ocrx_word' id='word_1_340' title='bbox 956 2993 1246 3049; x_wconf 79' lang='lat' dir='ltr'><strong>defendere</strong></span> <span class='ocrx_word' id='word_1_341' title='bbox 1273 2993 1416 3064; x_wconf 89' lang='lat' dir='ltr'><strong>apud</strong></span> <span class='ocrx_word' id='word_1_342' title='bbox 1443 2991 1689 3046; x_wconf 80' lang='lat' dir='ltr'><strong>Judicem</strong></span> <span class='ocrx_word' id='word_1_343' title='bbox 1713 3009 1821 3048; x_wconf 91' lang='lat' dir='ltr'><strong>non</strong></span> <span class='ocrx_word' id='word_1_344' title='bbox 1847 3001 2042 3061; x_wconf 87' lang='lat' dir='ltr'><strong>potest.</strong></span> 
     </span>
    </p>
   </div>
   <div class='ocr_carea' id='block_1_61' title="bbox 2197 2989 3740 3086">
    <p class='ocr_par' dir='ltr' id='par_1_61' title="bbox 2197 2989 3740 3068">
     <span class='ocr_line' id='line_1_61' title="bbox 2197 2989 3740 3068; baseline 0.008 -30"><span class='ocrx_word' id='word_1_345' title='bbox 2197 3005 2264 3050; x_wconf 86' lang='grc' dir='ltr'><strong>ιν,</strong></span> <span class='ocrx_word' id='word_1_346' title='bbox 2296 2989 2390 3040; x_wconf 73' lang='grc' dir='ltr'>καὶ</span> <span class='ocrx_word' id='word_1_347' title='bbox 2421 2989 2538 3054; x_wconf 90' lang='grc' dir='ltr'><strong>πῶς</strong></span> <span class='ocrx_word' id='word_1_348' title='bbox 2583 2991 2966 3061; x_wconf 81' lang='grc' dir='ltr'>ἀπολογεῖσθαι</span> <span class='ocrx_word' id='word_1_349' title='bbox 3010 2995 3145 3067; x_wconf 83' lang='grc' dir='ltr'>πρὸς</span> <span class='ocrx_word' id='word_1_350' title='bbox 3173 2995 3263 3048; x_wconf 75' lang='grc' dir='ltr'>τὸν</span> <span class='ocrx_word' id='word_1_351' title='bbox 3303 2997 3348 3050; x_wconf 85' lang='grc' dir='ltr'><strong>Κ</strong></span> <span class='ocrx_word' id='word_1_352' title='bbox 3358 2997 3516 3068; x_wconf 80' lang='grc' dir='ltr'>ριτὴν</span> <span class='ocrx_word' id='word_1_353' title='bbox 3548 2999 3618 3050; x_wconf 78' lang='grc' dir='ltr'>οὐ</span> <span class='ocrx_word' id='word_1_354' title='bbox 3645 2997 3740 3050; x_wconf 69' lang='grc' dir='ltr'>δύο</span> 
     </span>
    </p>
   </div>
   <div class='ocr_carea' id='block_1_62' title="bbox 549 3171 2047 3244">
    <p class='ocr_par' dir='ltr' id='par_1_62' title="bbox 549 3171 2047 3244">
     <span class='ocr_line' id='line_1_62' title="bbox 549 3171 2047 3244; baseline -0.005 -11"><span class='ocrx_word' id='word_1_355' title='bbox 549 3177 636 3233; x_wconf 87' lang='grc'><strong>80.</strong></span> <span class='ocrx_word' id='word_1_356' title='bbox 681 3175 773 3231; x_wconf 71' lang='lat' dir='ltr'><strong>Va:</strong></span> <span class='ocrx_word' id='word_1_357' title='bbox 816 3175 1041 3244; x_wconf 74' lang='lat' dir='ltr'><strong>iniusto,</strong></span> <span class='ocrx_word' id='word_1_358' title='bbox 1097 3173 1162 3228; x_wconf 88' lang='lat' dir='ltr'><strong>ad</strong></span> <span class='ocrx_word' id='word_1_359' title='bbox 1196 3171 1442 3227; x_wconf 78' lang='lat' dir='ltr'><strong>Iudicem</strong></span> <span class='ocrx_word' id='word_1_360' title='bbox 1498 3171 1698 3242; x_wconf 81' lang='lat' dir='ltr'><strong>quippe</strong></span> <span class='ocrx_word' id='word_1_361' title='bbox 1743 3179 2047 3236; x_wconf 85' lang='lat' dir='ltr'><strong>austerum,</strong></span> 
     </span>
    </p>
   </div>
   <div class='ocr_carea' id='block_1_63' title="bbox 475 3247 1352 3338">
    <p class='ocr_par' dir='ltr' id='par_1_63' title="bbox 475 3247 1352 3338">
     <span class='ocr_line' id='line_1_63' title="bbox 475 3247 1352 3338; baseline -0.008 -14"><span class='ocrx_word' id='word_1_362' title='bbox 475 3269 797 3338; x_wconf 80' lang='lat' dir='ltr'><strong>iustumque</strong></span> <span class='ocrx_word' id='word_1_363' title='bbox 825 3267 938 3320; x_wconf 86' lang='lat' dir='ltr'><strong>abit</strong></span> <span class='ocrx_word' id='word_1_364' title='bbox 963 3247 1352 3336; x_wconf 79' lang='lat' dir='ltr'><strong>legislaturem.</strong></span> 
     </span>
    </p>
   </div>
   <div class='ocr_carea' id='block_1_64' title="bbox 552 3352 2049 3426">
    <p class='ocr_par' dir='ltr' id='par_1_64' title="bbox 552 3352 2049 3426">
     <span class='ocr_line' id='line_1_64' title="bbox 552 3352 2049 3426; baseline -0.005 -11"><span class='ocrx_word' id='word_1_365' title='bbox 552 3361 642 3415; x_wconf 82' lang='lat' dir='ltr'><strong>8t.</strong></span> <span class='ocrx_word' id='word_1_366' title='bbox 685 3357 778 3413; x_wconf 72' lang='lat' dir='ltr'><strong>Vas</strong></span> <span class='ocrx_word' id='word_1_367' title='bbox 805 3357 1102 3412; x_wconf 90' lang='lat' dir='ltr'><strong>alienorum</strong></span> <span class='ocrx_word' id='word_1_368' title='bbox 1139 3355 1318 3418; x_wconf 87' lang='lat' dir='ltr'><strong>avido,</strong></span> <span class='ocrx_word' id='word_1_369' title='bbox 1355 3353 1556 3409; x_wconf 67' lang='lat' dir='ltr'><strong>divitiae</strong></span> <span class='ocrx_word' id='word_1_370' title='bbox 1595 3353 1770 3424; x_wconf 89' lang='lat' dir='ltr'><strong>ipsum</strong></span> <span class='ocrx_word' id='word_1_371' title='bbox 1813 3352 2049 3426; x_wconf 83' lang='lat' dir='ltr'><strong>fugiunt,</strong></span> 
     </span>
    </p>
   </div>
   <div class='ocr_carea' id='block_1_65' title="bbox 479 3448 975 3521">
    <p class='ocr_par' dir='ltr' id='par_1_65' title="bbox 479 3448 975 3521">
     <span class='ocr_line' id='line_1_65' title="bbox 479 3448 975 3521; baseline -0.012 -14"><span class='ocrx_word' id='word_1_372' title='bbox 479 3459 535 3508; x_wconf 81' lang='lat' dir='ltr'><strong>et</strong></span> <span class='ocrx_word' id='word_1_373' title='bbox 558 3450 700 3521; x_wconf 84' lang='lat' dir='ltr'><strong>ignis</strong></span> <span class='ocrx_word' id='word_1_374' title='bbox 729 3448 975 3518; x_wconf 89' lang='lat' dir='ltr'><strong>suscipit.</strong></span> 
     </span>
    </p>
   </div>
   <div class='ocr_carea' id='block_1_66' title="bbox 551 3537 2055 3612">
    <p class='ocr_par' dir='ltr' id='par_1_66' title="bbox 551 3537 2055 3612">
     <span class='ocr_line' id='line_1_66' title="bbox 551 3537 2055 3612; baseline -0.004 -17"><span class='ocrx_word' id='word_1_375' title='bbox 551 3540 641 3595; x_wconf 71' lang='lat'><strong>82.</strong></span> <span class='ocrx_word' id='word_1_376' title='bbox 685 3539 775 3594; x_wconf 71' lang='lat' dir='ltr'><strong>Vae</strong></span> <span class='ocrx_word' id='word_1_377' title='bbox 814 3539 1010 3610; x_wconf 88' lang='lat' dir='ltr'><strong>pigro,</strong></span> <span class='ocrx_word' id='word_1_378' title='bbox 1052 3547 1260 3608; x_wconf 80' lang='lat' dir='ltr'><strong>quaeret</strong></span> <span class='ocrx_word' id='word_1_379' title='bbox 1299 3547 1551 3612; x_wconf 86' lang='lat' dir='ltr'><strong>tempus,</strong></span> <span class='ocrx_word' id='word_1_380' title='bbox 1593 3539 1735 3607; x_wconf 84' lang='lat' dir='ltr'><strong>quod</strong></span> <span class='ocrx_word' id='word_1_381' title='bbox 1794 3539 1933 3592; x_wconf 86' lang='lat' dir='ltr'><strong>male</strong></span> <span class='ocrx_word' id='word_1_382' title='bbox 1971 3537 2055 3591; x_wconf 91' lang='lat' dir='ltr'><strong>in-</strong></span> 
     </span>
    </p>
   </div>
   <div class='ocr_carea' id='block_1_67' title="bbox 483 3630 736 3701">
    <p class='ocr_par' dir='ltr' id='par_1_67' title="bbox 483 3630 736 3701">
     <span class='ocr_line' id='line_1_67' title="bbox 483 3630 736 3701; baseline -0.012 -14"><span class='ocrx_word' id='word_1_383' title='bbox 483 3630 736 3701; x_wconf 85' lang='lat' dir='ltr'><strong>sumpsit.</strong></span> 
     </span>
    </p>
   </div>
   <div class='ocr_carea' id='block_1_68' title="bbox 555 3720 2057 3792">
    <p class='ocr_par' dir='ltr' id='par_1_68' title="bbox 555 3720 2057 3792">
     <span class='ocr_line' id='line_1_68' title="bbox 555 3720 2057 3792; baseline -0.003 -14"><span class='ocrx_word' id='word_1_384' title='bbox 555 3724 643 3778; x_wconf 72' lang='lat'><strong>85.</strong></span> <span class='ocrx_word' id='word_1_385' title='bbox 699 3721 791 3778; x_wconf 64' lang='lat' dir='ltr'><strong>Vae</strong></span> <span class='ocrx_word' id='word_1_386' title='bbox 835 3722 1094 3791; x_wconf 86' lang='lat' dir='ltr'><strong>superbo,</strong></span> <span class='ocrx_word' id='word_1_387' title='bbox 1149 3723 1367 3792; x_wconf 88' lang='lat' dir='ltr'><strong>quando</strong></span> <span class='ocrx_word' id='word_1_388' title='bbox 1419 3721 1728 3791; x_wconf 80' lang='lat' dir='ltr'><strong>sepulcrum</strong></span> <span class='ocrx_word' id='word_1_389' title='bbox 1777 3720 2057 3789; x_wconf 83' lang='lat' dir='ltr'><strong>ingressus</strong></span> 
     </span>
    </p>
   </div>
   <div class='ocr_carea' id='block_1_69' title="bbox 488 3813 1542 3886">
    <p class='ocr_par' dir='ltr' id='par_1_69' title="bbox 488 3813 1542 3886">
     <span class='ocr_line' id='line_1_69' title="bbox 488 3813 1542 3886; baseline -0.005 -14"><span class='ocrx_word' id='word_1_390' title='bbox 488 3819 672 3882; x_wconf 84' lang='lat' dir='ltr'><strong>fuerit,</strong></span> <span class='ocrx_word' id='word_1_391' title='bbox 702 3815 952 3886; x_wconf 82' lang='lat' dir='ltr'><strong>quisnam</strong></span> <span class='ocrx_word' id='word_1_392' title='bbox 983 3814 1236 3879; x_wconf 81' lang='lat' dir='ltr'><strong>exsistat,</strong></span> <span class='ocrx_word' id='word_1_393' title='bbox 1262 3813 1542 3869; x_wconf 86' lang='lat' dir='ltr'><strong>edocetur.</strong></span> 
     </span>
    </p>
   </div>
   <div class='ocr_carea' id='block_1_70' title="bbox 558 3903 2056 3972">
    <p class='ocr_par' dir='ltr' id='par_1_70' title="bbox 558 3903 2056 3972">
     <span class='ocr_line' id='line_1_70' title="bbox 558 3903 2056 3972; baseline -0.005 -7"><span class='ocrx_word' id='word_1_394' title='bbox 558 3909 649 3966; x_wconf 63' lang='lat'><strong>84.</strong></span> <span class='ocrx_word' id='word_1_395' title='bbox 689 3908 783 3963; x_wconf 63' lang='lat' dir='ltr'><strong>Va:</strong></span> <span class='ocrx_word' id='word_1_396' title='bbox 824 3907 1168 3962; x_wconf 87' lang='lat' dir='ltr'><strong>meretricum</strong></span> <span class='ocrx_word' id='word_1_397' title='bbox 1213 3904 1465 3968; x_wconf 88' lang='lat' dir='ltr'><strong>amatori,</strong></span> <span class='ocrx_word' id='word_1_398' title='bbox 1513 3903 1815 3972; x_wconf 87' lang='lat' dir='ltr'><strong>inquinanti</strong></span> <span class='ocrx_word' id='word_1_399' title='bbox 1853 3912 2056 3958; x_wconf 87' lang='lat' dir='ltr'><strong>vestem</strong></span> 
     </span>
    </p>
   </div>
   <div class='ocr_carea' id='block_1_71' title="bbox 490 3995 2058 4073">
    <p class='ocr_par' dir='ltr' id='par_1_71' title="bbox 490 3995 2058 4073">
     <span class='ocr_line' id='line_1_71' title="bbox 490 3995 2058 4073; baseline -0.006 -15"><span class='ocrx_word' id='word_1_400' title='bbox 490 4003 809 4073; x_wconf 86' lang='lat' dir='ltr'><strong>nuptialem,</strong></span> <span class='ocrx_word' id='word_1_401' title='bbox 834 4001 947 4071; x_wconf 86' lang='lat' dir='ltr'><strong>jam</strong></span> <span class='ocrx_word' id='word_1_402' title='bbox 969 4013 1187 4070; x_wconf 88' lang='lat' dir='ltr'><strong>quoque</strong></span> <span class='ocrx_word' id='word_1_403' title='bbox 1216 4013 1246 4052; x_wconf 89' lang='lat' dir='ltr'><strong>e</strong></span> <span class='ocrx_word' id='word_1_404' title='bbox 1271 3997 1436 4068; x_wconf 84' lang='lat' dir='ltr'><strong>regiis</strong></span> <span class='ocrx_word' id='word_1_405' title='bbox 1457 3996 1664 4066; x_wconf 91' lang='lat' dir='ltr'><strong>nuptiis</strong></span> <span class='ocrx_word' id='word_1_406' title='bbox 1689 3995 1908 4065; x_wconf 84' lang='lat' dir='ltr'><strong>ejicitur</strong></span> <span class='ocrx_word' id='word_1_407' title='bbox 1934 4011 2058 4053; x_wconf 89' lang='lat' dir='ltr'><strong>cum</strong></span> 
     </span>
    </p>
   </div>
   <div class='ocr_carea' id='block_1_72' title="bbox 489 4082 866 4150">
    <p class='ocr_par' dir='ltr' id='par_1_72' title="bbox 489 4082 866 4150">
     <span class='ocr_line' id='line_1_72' title="bbox 489 4082 866 4150; baseline -0.011 0"><span class='ocrx_word' id='word_1_408' title='bbox 489 4082 773 4150; x_wconf 84' lang='lat' dir='ltr'><strong>dedecore.</strong></span> <span class='ocrx_word' id='word_1_409' title='bbox 855 4093 866 4102; x_wconf 87' lang='grc'><strong>’</strong></span> 
     </span>
    </p>
   </div>
   <div class='ocr_carea' id='block_1_73' title="bbox 559 4177 2058 4248">
    <p class='ocr_par' dir='ltr' id='par_1_73' title="bbox 559 4177 2058 4248">
     <span class='ocr_line' id='line_1_73' title="bbox 559 4177 2058 4248; baseline -0.005 -8"><span class='ocrx_word' id='word_1_410' title='bbox 559 4185 650 4240; x_wconf 82' lang='lat'><strong>85.</strong></span> <span class='ocrx_word' id='word_1_411' title='bbox 691 4183 784 4238; x_wconf 64' lang='lat' dir='ltr'><strong>Va:</strong></span> <span class='ocrx_word' id='word_1_412' title='bbox 813 4181 1228 4242; x_wconf 88' lang='lat' dir='ltr'><strong>contumelioso,</strong></span> <span class='ocrx_word' id='word_1_413' title='bbox 1260 4187 1316 4234; x_wconf 89' lang='lat' dir='ltr'><strong>et</strong></span> <span class='ocrx_word' id='word_1_414' title='bbox 1341 4193 1464 4232; x_wconf 91' lang='lat' dir='ltr'><strong>cum</strong></span> <span class='ocrx_word' id='word_1_415' title='bbox 1490 4178 1607 4248; x_wconf 87' lang='lat' dir='ltr'><strong>ipso</strong></span> <span class='ocrx_word' id='word_1_416' title='bbox 1638 4177 1802 4234; x_wconf 92' lang='lat' dir='ltr'><strong>simul</strong></span> <span class='ocrx_word' id='word_1_417' title='bbox 1821 4178 2058 4241; x_wconf 88' lang='lat' dir='ltr'><strong>ebrioso,</strong></span> 
     </span>
    </p>
   </div>
   <div class='ocr_carea' id='block_1_74' title="bbox 489 4267 2061 4344">
    <p class='ocr_par' dir='ltr' id='par_1_74' title="bbox 489 4267 2061 4344">
     <span class='ocr_line' id='line_1_74' title="bbox 489 4267 2061 4344; baseline -0.003 -18"><span class='ocrx_word' id='word_1_418' title='bbox 489 4274 618 4344; x_wconf 88' lang='lat' dir='ltr'><strong>quia</strong></span> <span class='ocrx_word' id='word_1_419' title='bbox 661 4289 788 4326; x_wconf 86' lang='lat' dir='ltr'><strong>cum</strong></span> <span class='ocrx_word' id='word_1_420' title='bbox 824 4270 1110 4325; x_wconf 88' lang='lat' dir='ltr'><strong>bomicidis</strong></span> <span class='ocrx_word' id='word_1_421' title='bbox 1141 4271 1496 4333; x_wconf 89' lang='lat' dir='ltr'><strong>collocantur,</strong></span> <span class='ocrx_word' id='word_1_422' title='bbox 1547 4277 1602 4324; x_wconf 92' lang='lat' dir='ltr'><strong>et</strong></span> <span class='ocrx_word' id='word_1_423' title='bbox 1636 4284 1760 4323; x_wconf 89' lang='lat' dir='ltr'><strong>cum</strong></span> <span class='ocrx_word' id='word_1_424' title='bbox 1797 4267 2061 4322; x_wconf 86' lang='lat' dir='ltr'><strong>adulteris</strong></span> 
     </span>
    </p>
   </div>
   <div class='ocr_carea' id='block_1_75' title="bbox 491 4367 814 4440">
    <p class='ocr_par' dir='ltr' id='par_1_75' title="bbox 491 4367 814 4440">
     <span class='ocr_line' id='line_1_75' title="bbox 491 4367 814 4440; baseline -0.015 -17"><span class='ocrx_word' id='word_1_425' title='bbox 491 4367 814 4440; x_wconf 86' lang='lat' dir='ltr'><strong>puniuntur.</strong></span> 
     </span>
    </p>
   </div>
   <div class='ocr_carea' id='block_1_76' title="bbox 561 4450 2059 4520">
    <p class='ocr_par' dir='ltr' id='par_1_76' title="bbox 561 4450 2059 4520">
     <span class='ocr_line' id='line_1_76' title="bbox 561 4450 2059 4520; baseline -0.007 -7"><span class='ocrx_word' id='word_1_426' title='bbox 561 4459 647 4514; x_wconf 83' lang='lat'><strong>86.</strong></span> <span class='ocrx_word' id='word_1_427' title='bbox 692 4455 781 4510; x_wconf 65' lang='lat' dir='ltr'><strong>Vae</strong></span> <span class='ocrx_word' id='word_1_428' title='bbox 803 4451 1098 4508; x_wconf 78' lang='lat' dir='ltr'><strong>luxurianti</strong></span> <span class='ocrx_word' id='word_1_429' title='bbox 1126 4466 1292 4520; x_wconf 87' lang='lat' dir='ltr'><strong>parvo</strong></span> <span class='ocrx_word' id='word_1_430' title='bbox 1325 4457 1586 4517; x_wconf 88' lang='lat' dir='ltr'><strong>tempore,</strong></span> <span class='ocrx_word' id='word_1_431' title='bbox 1631 4450 1698 4512; x_wconf 89' lang='lat' dir='ltr'><strong>is,</strong></span> <span class='ocrx_word' id='word_1_432' title='bbox 1731 4451 1886 4520; x_wconf 87' lang='lat' dir='ltr'><strong>quasi</strong></span> <span class='ocrx_word' id='word_1_433' title='bbox 1917 4450 2059 4503; x_wconf 85' lang='lat' dir='ltr'><strong>vitu-</strong></span> 
     </span>
    </p>
   </div>
   <div class='ocr_carea' id='block_1_77' title="bbox 491 4540 1787 4610">
    <p class='ocr_par' dir='ltr' id='par_1_77' title="bbox 491 4540 1787 4610">
     <span class='ocr_line' id='line_1_77' title="bbox 491 4540 1787 4610; baseline -0.012 -2"><span class='ocrx_word' id='word_1_434' title='bbox 491 4553 579 4608; x_wconf 84' lang='lat' dir='ltr'><strong>lus</strong></span> <span class='ocrx_word' id='word_1_435' title='bbox 607 4551 673 4604; x_wconf 88' lang='lat' dir='ltr'><strong>ad</strong></span> <span class='ocrx_word' id='word_1_436' title='bbox 697 4547 1026 4603; x_wconf 87' lang='lat' dir='ltr'><strong>occisionem</strong></span> <span class='ocrx_word' id='word_1_437' title='bbox 1047 4542 1371 4605; x_wconf 86' lang='lat' dir='ltr'><strong>destinatus,</strong></span> <span class='ocrx_word' id='word_1_438' title='bbox 1400 4540 1787 4610; x_wconf 84' lang='lat' dir='ltr'><strong>impinguatur.</strong></span> 
     </span>
    </p>
   </div>
   <div class='ocr_carea' id='block_1_78' title="bbox 561 4631 2059 4712">
    <p class='ocr_par' dir='ltr' id='par_1_78' title="bbox 561 4631 2059 4712">
     <span class='ocr_line' id='line_1_78' title="bbox 561 4631 2059 4712; baseline -0.009 -15"><span class='ocrx_word' id='word_1_439' title='bbox 561 4643 650 4698; x_wconf 89' lang='lat'><strong>87.</strong></span> <span class='ocrx_word' id='word_1_440' title='bbox 688 4639 780 4695; x_wconf 84' lang='lat' dir='ltr'><strong>Vae</strong></span> <span class='ocrx_word' id='word_1_441' title='bbox 813 4638 1125 4712; x_wconf 61' lang='lat' dir='ltr'><strong>hypocrita,</strong></span> <span class='ocrx_word' id='word_1_442' title='bbox 1161 4651 1256 4691; x_wconf 86' lang='lat' dir='ltr'><strong>seu</strong></span> <span class='ocrx_word' id='word_1_443' title='bbox 1295 4633 1622 4696; x_wconf 87' lang='lat' dir='ltr'><strong>simulatori,</strong></span> <span class='ocrx_word' id='word_1_444' title='bbox 1675 4641 1854 4700; x_wconf 87' lang='lat' dir='ltr'><strong>pastor</strong></span> <span class='ocrx_word' id='word_1_445' title='bbox 1882 4631 2059 4701; x_wconf 89' lang='lat' dir='ltr'><strong>ipsum</strong></span> 
     </span>
    </p>
   </div>
   <div class='ocr_carea' id='block_1_79' title="bbox 492 4727 1806 4805">
    <p class='ocr_par' dir='ltr' id='par_1_79' title="bbox 492 4727 1806 4805">
     <span class='ocr_line' id='line_1_79' title="bbox 492 4727 1806 4805; baseline -0.011 -14"><span class='ocrx_word' id='word_1_446' title='bbox 492 4737 742 4805; x_wconf 87' lang='lat' dir='ltr'><strong>abnegat,</strong></span> <span class='ocrx_word' id='word_1_447' title='bbox 777 4742 830 4788; x_wconf 87' lang='lat' dir='ltr'><strong>et</strong></span> <span class='ocrx_word' id='word_1_448' title='bbox 858 4734 1036 4800; x_wconf 88' lang='lat' dir='ltr'><strong>lupum</strong></span> <span class='ocrx_word' id='word_1_449' title='bbox 1068 4728 1230 4800; x_wconf 65' lang='grc'><strong>564</strong></span> <span class='ocrx_word' id='word_1_450' title='bbox 1255 4727 1421 4797; x_wconf 78' lang='lat' dir='ltr'><strong>judex</strong></span> <span class='ocrx_word' id='word_1_451' title='bbox 1453 4727 1806 4780; x_wconf 88' lang='lat' dir='ltr'><strong>demonstrat.</strong></span> 
     </span>
    </p>
   </div>
   <div class='ocr_carea' id='block_1_80' title="bbox 562 4815 2063 4892">
    <p class='ocr_par' dir='ltr' id='par_1_80' title="bbox 562 4815 2063 4892">
     <span class='ocr_line' id='line_1_80' title="bbox 562 4815 2063 4892; baseline -0.008 -10"><span class='ocrx_word' id='word_1_452' title='bbox 562 4828 649 4882; x_wconf 84' lang='lat'><strong>88.</strong></span> <span class='ocrx_word' id='word_1_453' title='bbox 694 4826 907 4890; x_wconf 84' lang='lat' dir='ltr'><strong>Beatus,</strong></span> <span class='ocrx_word' id='word_1_454' title='bbox 957 4825 1054 4892; x_wconf 82' lang='lat' dir='ltr'><strong>qui</strong></span> <span class='ocrx_word' id='word_1_455' title='bbox 1099 4838 1193 4892; x_wconf 88' lang='lat' dir='ltr'><strong>per</strong></span> <span class='ocrx_word' id='word_1_456' title='bbox 1237 4830 1523 4890; x_wconf 81' lang='lat' dir='ltr'><strong>angustam</strong></span> <span class='ocrx_word' id='word_1_457' title='bbox 1569 4819 1710 4872; x_wconf 88' lang='lat' dir='ltr'><strong>viam</strong></span> <span class='ocrx_word' id='word_1_458' title='bbox 1760 4817 1863 4872; x_wconf 89' lang='lat' dir='ltr'><strong>iter</strong></span> <span class='ocrx_word' id='word_1_459' title='bbox 1913 4815 2063 4881; x_wconf 82' lang='lat' dir='ltr'><strong>facit,</strong></span> 
     </span>
    </p>
   </div>
   <div class='ocr_carea' id='block_1_81' title="bbox 496 4912 1815 4987">
    <p class='ocr_par' dir='ltr' id='par_1_81' title="bbox 496 4912 1815 4987">
     <span class='ocr_line' id='line_1_81' title="bbox 496 4912 1815 4987; baseline -0.008 -13"><span class='ocrx_word' id='word_1_460' title='bbox 496 4934 754 4976; x_wconf 86' lang='lat' dir='ltr'><strong>coronam</strong></span> <span class='ocrx_word' id='word_1_461' title='bbox 779 4917 980 4987; x_wconf 88' lang='lat' dir='ltr'><strong>quippe</strong></span> <span class='ocrx_word' id='word_1_462' title='bbox 1007 4924 1226 4986; x_wconf 81' lang='lat' dir='ltr'><strong>gestans</strong></span> <span class='ocrx_word' id='word_1_463' title='bbox 1259 4914 1455 4968; x_wconf 70' lang='lat' dir='ltr'><strong>coelum</strong></span> <span class='ocrx_word' id='word_1_464' title='bbox 1494 4912 1815 4982; x_wconf 85' lang='lat' dir='ltr'><strong>ingreditur.</strong></span> 
     </span>
    </p>
   </div>
   <div class='ocr_carea' id='block_1_82' title="bbox 565 5003 2068 5077">
    <p class='ocr_par' dir='ltr' id='par_1_82' title="bbox 565 5003 2068 5077">
     <span class='ocr_line' id='line_1_82' title="bbox 565 5003 2068 5077; baseline -0.005 -13"><span class='ocrx_word' id='word_1_465' title='bbox 565 5010 654 5064; x_wconf 83' lang='lat'><strong>80.</strong></span> <span class='ocrx_word' id='word_1_466' title='bbox 707 5009 922 5070; x_wconf 82' lang='lat' dir='ltr'><strong>Beatus,</strong></span> <span class='ocrx_word' id='word_1_467' title='bbox 973 5007 1068 5077; x_wconf 92' lang='lat' dir='ltr'><strong>qui</strong></span> <span class='ocrx_word' id='word_1_468' title='bbox 1114 5005 1419 5074; x_wconf 83' lang='lat' dir='ltr'><strong>voluptates</strong></span> <span class='ocrx_word' id='word_1_469' title='bbox 1464 5003 1770 5068; x_wconf 84' lang='lat' dir='ltr'><strong>conculcat,</strong></span> <span class='ocrx_word' id='word_1_470' title='bbox 1827 5011 2068 5057; x_wconf 90' lang='lat' dir='ltr'><strong>tremunt</strong></span> 
     </span>
    </p>
   </div>
   <div class='ocr_carea' id='block_1_83' title="bbox 492 5096 1329 5164">
    <p class='ocr_par' dir='ltr' id='par_1_83' title="bbox 492 5096 1329 5164">
     <span class='ocr_line' id='line_1_83' title="bbox 492 5096 1329 5164; baseline -0.012 -7"><span class='ocrx_word' id='word_1_471' title='bbox 492 5103 640 5158; x_wconf 90' lang='lat' dir='ltr'><strong>enim</strong></span> <span class='ocrx_word' id='word_1_472' title='bbox 667 5100 940 5154; x_wconf 63' lang='lat' dir='ltr'><strong>daemones</strong></span> <span class='ocrx_word' id='word_1_473' title='bbox 973 5112 1156 5152; x_wconf 88' lang='lat' dir='ltr'><strong>coram</strong></span> <span class='ocrx_word' id='word_1_474' title='bbox 1192 5096 1329 5164; x_wconf 90' lang='lat' dir='ltr'><strong>ipso.</strong></span> 
     </span>
    </p>
   </div>
   <div class='ocr_carea' id='block_1_84' title="bbox 568 5183 2067 5256">
    <p class='ocr_par' dir='ltr' id='par_1_84' title="bbox 568 5183 2067 5256">
     <span class='ocr_line' id='line_1_84' title="bbox 568 5183 2067 5256; baseline -0.007 -10"><span class='ocrx_word' id='word_1_475' title='bbox 568 5191 659 5246; x_wconf 83' lang='grc' dir='ltr'><strong>υο.</strong></span> <span class='ocrx_word' id='word_1_476' title='bbox 701 5189 918 5253; x_wconf 85' lang='lat' dir='ltr'><strong>Beatus,</strong></span> <span class='ocrx_word' id='word_1_477' title='bbox 949 5187 1042 5256; x_wconf 90' lang='lat' dir='ltr'><strong>qui</strong></span> <span class='ocrx_word' id='word_1_478' title='bbox 1075 5200 1246 5256; x_wconf 89' lang='lat' dir='ltr'><strong>purus</strong></span> <span class='ocrx_word' id='word_1_479' title='bbox 1273 5197 1356 5240; x_wconf 89' lang='lat' dir='ltr'><strong>est</strong></span> <span class='ocrx_word' id='word_1_480' title='bbox 1384 5184 1582 5238; x_wconf 79' lang='lat' dir='ltr'><strong>virtute</strong></span> <span class='ocrx_word' id='word_1_481' title='bbox 1615 5193 1870 5252; x_wconf 86' lang='lat' dir='ltr'><strong>caretque</strong></span> <span class='ocrx_word' id='word_1_482' title='bbox 1895 5183 2067 5236; x_wconf 84' lang='lat' dir='ltr'><strong>simu-</strong></span> 
     </span>
    </p>
   </div>
   <div class='ocr_carea' id='block_1_85' title="bbox 503 5274 2066 5346">
    <p class='ocr_par' dir='ltr' id='par_1_85' title="bbox 503 5274 2066 5346">
     <span class='ocr_line' id='line_1_85' title="bbox 503 5274 2066 5346; baseline -0.004 -12"><span class='ocrx_word' id='word_1_483' title='bbox 503 5280 700 5339; x_wconf 75' lang='lat' dir='ltr'><strong>latiune</strong></span> <span class='ocrx_word' id='word_1_484' title='bbox 747 5281 800 5334; x_wconf 91' lang='lat' dir='ltr'><strong>in</strong></span> <span class='ocrx_word' id='word_1_485' title='bbox 845 5280 1048 5345; x_wconf 68' lang='lat' dir='ltr'><strong>anin&#39;ia,</strong></span> <span class='ocrx_word' id='word_1_486' title='bbox 1099 5277 1224 5346; x_wconf 91' lang='lat' dir='ltr'><strong>quia</strong></span> <span class='ocrx_word' id='word_1_487' title='bbox 1269 5277 1613 5345; x_wconf 79' lang='lat' dir='ltr'><strong>judicaturus</strong></span> <span class='ocrx_word' id='word_1_488' title='bbox 1659 5282 1744 5329; x_wconf 87' lang='lat' dir='ltr'><strong>est</strong></span> <span class='ocrx_word' id='word_1_489' title='bbox 1783 5274 2066 5336; x_wconf 91' lang='lat' dir='ltr'><strong>mundum,</strong></span> 
     </span>
    </p>
   </div>
   <div class='ocr_carea' id='block_1_86' title="bbox 503 5368 1434 5438">
    <p class='ocr_par' dir='ltr' id='par_1_86' title="bbox 503 5368 1434 5438">
     <span class='ocr_line' id='line_1_86' title="bbox 503 5368 1434 5438; baseline -0.006 -10"><span class='ocrx_word' id='word_1_490' title='bbox 503 5388 612 5428; x_wconf 87' lang='lat' dir='ltr'><strong>non</strong></span> <span class='ocrx_word' id='word_1_491' title='bbox 638 5387 762 5427; x_wconf 90' lang='lat' dir='ltr'><strong>vero</strong></span> <span class='ocrx_word' id='word_1_492' title='bbox 801 5389 829 5425; x_wconf 89' lang='lat' dir='ltr'><strong>a</strong></span> <span class='ocrx_word' id='word_1_493' title='bbox 863 5375 1062 5425; x_wconf 91' lang='lat' dir='ltr'><strong>mundo</strong></span> <span class='ocrx_word' id='word_1_494' title='bbox 1089 5368 1434 5438; x_wconf 72' lang='lat' dir='ltr'><strong>iudicandus.</strong></span> 
     </span>
    </p>
   </div>
   <div class='ocr_carea' id='block_1_87' title="bbox 574 5461 2066 5532">
    <p class='ocr_par' dir='ltr' id='par_1_87' title="bbox 574 5461 2066 5532">
     <span class='ocr_line' id='line_1_87' title="bbox 574 5461 2066 5532; baseline -0.005 -13"><span class='ocrx_word' id='word_1_495' title='bbox 574 5465 663 5519; x_wconf 77' lang='grc'>91.</span> <span class='ocrx_word' id='word_1_496' title='bbox 715 5464 935 5527; x_wconf 87' lang='lat' dir='ltr'><strong>Beatus,</strong></span> <span class='ocrx_word' id='word_1_497' title='bbox 976 5465 1068 5532; x_wconf 90' lang='lat' dir='ltr'><strong>qui</strong></span> <span class='ocrx_word' id='word_1_498' title='bbox 1114 5463 1400 5518; x_wconf 90' lang='lat' dir='ltr'><strong>sublimem</strong></span> <span class='ocrx_word' id='word_1_499' title='bbox 1442 5461 1554 5530; x_wconf 88' lang='lat' dir='ltr'><strong>agit</strong></span> <span class='ocrx_word' id='word_1_500' title='bbox 1604 5461 1790 5526; x_wconf 84' lang='lat' dir='ltr'><strong>vitam,</strong></span> <span class='ocrx_word' id='word_1_501' title='bbox 1845 5475 2066 5514; x_wconf 87' lang='lat' dir='ltr'><strong>sensum</strong></span> 
     </span>
    </p>
   </div>
   <div class='ocr_carea' id='block_1_88' title="bbox 2152 3096 2333 3136">
    <p class='ocr_par' dir='ltr' id='par_1_88' title="bbox 2152 3096 2333 3136">
     <span class='ocr_line' id='line_1_88' title="bbox 2152 3096 2333 3136; baseline 0.017 -3"><span class='ocrx_word' id='word_1_502' title='bbox 2152 3096 2333 3136; x_wconf 86' lang='grc' dir='ltr'>ναται.</span> 
     </span>
    </p>
   </div>
   <div class='ocr_carea' id='block_1_89' title="bbox 2224 3173 3742 3253">
    <p class='ocr_par' dir='ltr' id='par_1_89' title="bbox 2224 3173 3742 3253">
     <span class='ocr_line' id='line_1_89' title="bbox 2224 3173 3742 3253; baseline 0.007 -28"><span class='ocrx_word' id='word_1_503' title='bbox 2224 3179 2300 3226; x_wconf 84' lang='grc' dir='ltr'>π’.</span> <span class='ocrx_word' id='word_1_504' title='bbox 2341 3173 2479 3227; x_wconf 74' lang='grc' dir='ltr'><strong>Οὐαὶ</strong></span> <span class='ocrx_word' id='word_1_505' title='bbox 2517 3174 2595 3244; x_wconf 82' lang='grc' dir='ltr'>τῷ</span> <span class='ocrx_word' id='word_1_506' title='bbox 2644 3177 2856 3249; x_wconf 81' lang='grc' dir='ltr'>ἀνόμῳ,</span> <span class='ocrx_word' id='word_1_507' title='bbox 2911 3181 3048 3251; x_wconf 74' lang='grc' dir='ltr'>πρὸς</span> <span class='ocrx_word' id='word_1_508' title='bbox 3093 3181 3303 3250; x_wconf 81' lang='grc' dir='ltr'>Κριτὴν</span> <span class='ocrx_word' id='word_1_509' title='bbox 3356 3182 3467 3252; x_wconf 80' lang='grc' dir='ltr'>γὰρ</span> <span class='ocrx_word' id='word_1_510' title='bbox 3519 3182 3742 3253; x_wconf 79' lang='grc' dir='ltr'>αὐστηο</span> 
     </span>
    </p>
   </div>
   <div class='ocr_carea' id='block_1_90' title="bbox 2157 3262 3556 3342">
    <p class='ocr_par' dir='ltr' id='par_1_90' title="bbox 2157 3262 3556 3342">
     <span class='ocr_line' id='line_1_90' title="bbox 2157 3262 3556 3342; baseline 0.009 -28"><span class='ocrx_word' id='word_1_511' title='bbox 2157 3262 2247 3332; x_wconf 87' lang='grc' dir='ltr'><strong>ρόν</strong></span> <span class='ocrx_word' id='word_1_512' title='bbox 2295 3281 2354 3316; x_wconf 86' lang='grc' dir='ltr'><strong>τε</strong></span> <span class='ocrx_word' id='word_1_513' title='bbox 2393 3265 2487 3317; x_wconf 77' lang='grc' dir='ltr'><strong>καὶ</strong></span> <span class='ocrx_word' id='word_1_514' title='bbox 2520 3266 2728 3320; x_wconf 82' lang='grc' dir='ltr'>δίκαιον</span> <span class='ocrx_word' id='word_1_515' title='bbox 2761 3269 2856 3324; x_wconf 73' lang='grc' dir='ltr'><strong>τὸν</strong></span> <span class='ocrx_word' id='word_1_516' title='bbox 2898 3271 3203 3341; x_wconf 79' lang='grc' dir='ltr'>νομοθέτην</span> <span class='ocrx_word' id='word_1_517' title='bbox 3232 3271 3556 3342; x_wconf 82' lang='grc' dir='ltr'>ἀπέρχεται.</span> 
     </span>
    </p>
   </div>
   <div class='ocr_carea' id='block_1_91' title="bbox 2229 3357 3742 3444">
    <p class='ocr_par' dir='ltr' id='par_1_91' title="bbox 2229 3357 3742 3444">
     <span class='ocr_line' id='line_1_91' title="bbox 2229 3357 3742 3444; baseline 0.008 -37"><span class='ocrx_word' id='word_1_518' title='bbox 2229 3361 2338 3410; x_wconf 83' lang='grc' dir='ltr'>πα’.</span> <span class='ocrx_word' id='word_1_519' title='bbox 2372 3357 2511 3409; x_wconf 73' lang='grc' dir='ltr'><strong>Οὐαὶ</strong></span> <span class='ocrx_word' id='word_1_520' title='bbox 2550 3358 2626 3428; x_wconf 84' lang='grc' dir='ltr'>τῷ</span> <span class='ocrx_word' id='word_1_521' title='bbox 2656 3359 2979 3435; x_wconf 81' lang='grc' dir='ltr'>πλεονέκτῃ,</span> <span class='ocrx_word' id='word_1_522' title='bbox 3009 3366 3038 3416; x_wconf 84' lang='grc' dir='ltr'>ὁ</span> <span class='ocrx_word' id='word_1_523' title='bbox 3069 3363 3296 3444; x_wconf 78' lang='grc' dir='ltr'>πλοῦτος</span> <span class='ocrx_word' id='word_1_524' title='bbox 3325 3365 3488 3418; x_wconf 84' lang='grc' dir='ltr'>αὑτὸν</span> <span class='ocrx_word' id='word_1_525' title='bbox 3513 3365 3742 3434; x_wconf 77' lang='grc' dir='ltr'>φεύγει,</span> 
     </span>
    </p>
   </div>
   <div class='ocr_carea' id='block_1_92' title="bbox 2135 3446 2851 3534">
    <p class='ocr_par' dir='ltr' id='par_1_92' title="bbox 2135 3446 2851 3534">
     <span class='ocr_line' id='line_1_92' title="bbox 2135 3446 2851 3534; baseline 0.01 -35"><span class='ocrx_word' id='word_1_526' title='bbox 2135 3446 2250 3534; x_wconf 33' lang='grc' dir='ltr'>,καὶ</span> <span class='ocrx_word' id='word_1_527' title='bbox 2275 3447 2335 3499; x_wconf 79' lang='grc' dir='ltr'>τὸ</span> <span class='ocrx_word' id='word_1_528' title='bbox 2365 3448 2476 3519; x_wconf 82' lang='grc' dir='ltr'>πῦρ</span> <span class='ocrx_word' id='word_1_529' title='bbox 2505 3450 2851 3520; x_wconf 84' lang='grc' dir='ltr'>ὑποδέχεται.</span> 
     </span>
    </p>
   </div>
   <div class='ocr_carea' id='block_1_93' title="bbox 2229 3536 3746 3618">
    <p class='ocr_par' dir='ltr' id='par_1_93' title="bbox 2229 3536 3746 3618">
     <span class='ocr_line' id='line_1_93' title="bbox 2229 3536 3746 3618; baseline 0.011 -28"><span class='ocrx_word' id='word_1_530' title='bbox 2229 3536 2338 3606; x_wconf 78' lang='grc' dir='ltr'>πβ’.</span> <span class='ocrx_word' id='word_1_531' title='bbox 2365 3539 2503 3592; x_wconf 78' lang='grc' dir='ltr'>Οὐαὶ</span> <span class='ocrx_word' id='word_1_532' title='bbox 2535 3540 2620 3611; x_wconf 83' lang='grc' dir='ltr'>τῷ</span> <span class='ocrx_word' id='word_1_533' title='bbox 2655 3542 2908 3614; x_wconf 44' lang='lat' dir='ltr'><strong>pseups»,</strong></span> <span class='ocrx_word' id='word_1_534' title='bbox 2934 3543 3162 3616; x_wconf 78' lang='grc' dir='ltr'>ζητήσει</span> <span class='ocrx_word' id='word_1_535' title='bbox 3191 3546 3281 3600; x_wconf 77' lang='grc' dir='ltr'>τὸν</span> <span class='ocrx_word' id='word_1_536' title='bbox 3304 3548 3518 3618; x_wconf 79' lang='grc' dir='ltr'>καιρὸν,</span> <span class='ocrx_word' id='word_1_537' title='bbox 3550 3548 3614 3602; x_wconf 80' lang='grc' dir='ltr'>ὃν</span> <span class='ocrx_word' id='word_1_538' title='bbox 3643 3568 3746 3606; x_wconf 80' lang='grc' dir='ltr'>κα-</span> 
     </span>
    </p>
   </div>
   <div class='ocr_carea' id='block_1_94' title="bbox 2158 3628 2664 3702">
    <p class='ocr_par' dir='ltr' id='par_1_94' title="bbox 2158 3628 2664 3702">
     <span class='ocr_line' id='line_1_94' title="bbox 2158 3628 2664 3702; baseline 0.014 -22"><span class='ocrx_word' id='word_1_539' title='bbox 2158 3628 2268 3692; x_wconf 87' lang='grc' dir='ltr'><strong>κῶς</strong></span> <span class='ocrx_word' id='word_1_540' title='bbox 2301 3630 2544 3702; x_wconf 82' lang='grc' dir='ltr'>ἐδαπάνη</span> <span class='ocrx_word' id='word_1_541' title='bbox 2553 3649 2664 3688; x_wconf 85' lang='grc' dir='ltr'>σεν.</span> 
     </span>
    </p>
   </div>
   <div class='ocr_carea' id='block_1_95' title="bbox 2229 3720 3743 3805">
    <p class='ocr_par' dir='ltr' id='par_1_95' title="bbox 2229 3720 3743 3805">
     <span class='ocr_line' id='line_1_95' title="bbox 2229 3720 3743 3805; baseline 0.006 -30"><span class='ocrx_word' id='word_1_542' title='bbox 2229 3720 2339 3790; x_wconf 85' lang='grc' dir='ltr'>πγ’.</span> <span class='ocrx_word' id='word_1_543' title='bbox 2367 3725 2504 3777; x_wconf 74' lang='grc' dir='ltr'><strong>Οὐαὶ</strong></span> <span class='ocrx_word' id='word_1_544' title='bbox 2539 3724 2616 3794; x_wconf 81' lang='grc' dir='ltr'><strong>τῷ</strong></span> <span class='ocrx_word' id='word_1_545' title='bbox 2639 3726 2880 3792; x_wconf 75' lang='grc' dir='ltr'>ἀλαζόνι,</span> <span class='ocrx_word' id='word_1_546' title='bbox 2916 3730 3045 3783; x_wconf 84' lang='grc' dir='ltr'>ὅταν</span> <span class='ocrx_word' id='word_1_547' title='bbox 3063 3731 3286 3805; x_wconf 80' lang='grc' dir='ltr'>εἰσέλθῃ</span> <span class='ocrx_word' id='word_1_548' title='bbox 3315 3731 3404 3785; x_wconf 81' lang='grc' dir='ltr'>τὸν</span> <span class='ocrx_word' id='word_1_549' title='bbox 3434 3733 3632 3801; x_wconf 61' lang='grc' dir='ltr'>τάφον,</span> <span class='ocrx_word' id='word_1_550' title='bbox 3659 3735 3743 3796; x_wconf 80' lang='grc' dir='ltr'>τίς</span> 
     </span>
    </p>
   </div>
   <div class='ocr_carea' id='block_1_96' title="bbox 2159 3814 2767 3884">
    <p class='ocr_par' dir='ltr' id='par_1_96' title="bbox 2159 3814 2767 3884">
     <span class='ocr_line' id='line_1_96' title="bbox 2159 3814 2767 3884; baseline 0.007 -17"><span class='ocrx_word' id='word_1_551' title='bbox 2159 3814 2394 3884; x_wconf 81' lang='grc' dir='ltr'>ὑπάρχει</span> <span class='ocrx_word' id='word_1_552' title='bbox 2430 3817 2767 3872; x_wconf 84' lang='grc' dir='ltr'>διδάσκεται.</span> 
     </span>
    </p>
   </div>
   <div class='ocr_carea' id='block_1_97' title="bbox 2231 3908 3746 3985">
    <p class='ocr_par' dir='ltr' id='par_1_97' title="bbox 2231 3908 3746 3985">
     <span class='ocr_line' id='line_1_97' title="bbox 2231 3908 3746 3985; baseline 0.007 -26"><span class='ocrx_word' id='word_1_553' title='bbox 2231 3908 2333 3959; x_wconf 70' lang='grc' dir='ltr'>πᾶν.</span> <span class='ocrx_word' id='word_1_554' title='bbox 2367 3908 2498 3961; x_wconf 71' lang='grc' dir='ltr'><strong>Οὐαὶ</strong></span> <span class='ocrx_word' id='word_1_555' title='bbox 2534 3910 2610 3979; x_wconf 80' lang='grc' dir='ltr'><strong>τῷ</strong></span> <span class='ocrx_word' id='word_1_556' title='bbox 2652 3909 2981 3983; x_wconf 74' lang='grc' dir='ltr'>φιλοπόρνῳ,</span> <span class='ocrx_word' id='word_1_557' title='bbox 3008 3915 3268 3984; x_wconf 76' lang='grc' dir='ltr'>ρυποῦντι</span> <span class='ocrx_word' id='word_1_558' title='bbox 3313 3915 3504 3985; x_wconf 73' lang='grc' dir='ltr'>στολὴν</span> <span class='ocrx_word' id='word_1_559' title='bbox 3533 3935 3746 3985; x_wconf 66' lang='grc' dir='ltr'>νυμφι-</span> 
     </span>
    </p>
   </div>
   <div class='ocr_carea' id='block_1_98' title="bbox 2160 3997 3748 4077">
    <p class='ocr_par' dir='ltr' id='par_1_98' title="bbox 2160 3997 3748 4077">
     <span class='ocr_line' id='line_1_98' title="bbox 2160 3997 3748 4077; baseline 0.009 -28"><span class='ocrx_word' id='word_1_560' title='bbox 2160 3997 2282 4068; x_wconf 76' lang='grc' dir='ltr'>κὴν,</span> <span class='ocrx_word' id='word_1_561' title='bbox 2314 3999 2409 4051; x_wconf 74' lang='grc' dir='ltr'>καὶ</span> <span class='ocrx_word' id='word_1_562' title='bbox 2440 3998 2533 4052; x_wconf 78' lang='grc' dir='ltr'>τοῦ</span> <span class='ocrx_word' id='word_1_563' title='bbox 2563 4001 2846 4069; x_wconf 84' lang='grc' dir='ltr'>βασιλικοῦ</span> <span class='ocrx_word' id='word_1_564' title='bbox 2877 4004 3056 4074; x_wconf 83' lang='grc' dir='ltr'>γάμου</span> <span class='ocrx_word' id='word_1_565' title='bbox 3092 4009 3210 4075; x_wconf 85' lang='grc' dir='ltr'>μετ’</span> <span class='ocrx_word' id='word_1_566' title='bbox 3245 4007 3503 4077; x_wconf 84' lang='grc' dir='ltr'>αἰσχύνης</span> <span class='ocrx_word' id='word_1_567' title='bbox 3548 4008 3748 4062; x_wconf 73' lang='grc' dir='ltr'>ἐκϐάλ-</span> 
     </span>
    </p>
   </div>
   <div class='ocr_carea' id='block_1_99' title="bbox 2159 4087 2330 4141">
    <p class='ocr_par' dir='ltr' id='par_1_99' title="bbox 2159 4087 2330 4141">
     <span class='ocr_line' id='line_1_99' title="bbox 2159 4087 2330 4141; baseline 0.006 -1"><span class='ocrx_word' id='word_1_568' title='bbox 2159 4087 2330 4141; x_wconf 90' lang='grc' dir='ltr'>λεται.</span> 
     </span>
    </p>
   </div>
   <div class='ocr_carea' id='block_1_100' title="bbox 2232 4181 3746 4262">
    <p class='ocr_par' dir='ltr' id='par_1_100' title="bbox 2232 4181 3746 4262">
     <span class='ocr_line' id='line_1_100' title="bbox 2232 4181 3746 4262; baseline 0.007 -30"><span class='ocrx_word' id='word_1_569' title='bbox 2232 4187 2333 4232; x_wconf 82' lang='grc' dir='ltr'>πε’.</span> <span class='ocrx_word' id='word_1_570' title='bbox 2376 4181 2513 4234; x_wconf 76' lang='grc' dir='ltr'><strong>Οὐαὶ</strong></span> <span class='ocrx_word' id='word_1_571' title='bbox 2542 4181 2621 4252; x_wconf 81' lang='grc' dir='ltr'>τῷ</span> <span class='ocrx_word' id='word_1_572' title='bbox 2665 4182 2906 4255; x_wconf 86' lang='grc' dir='ltr'>λοιδόρῳ,</span> <span class='ocrx_word' id='word_1_573' title='bbox 2948 4185 3042 4238; x_wconf 68' lang='grc' dir='ltr'><strong>καὶ</strong></span> <span class='ocrx_word' id='word_1_574' title='bbox 3083 4188 3178 4239; x_wconf 66' lang='grc' dir='ltr'>σὺν</span> <span class='ocrx_word' id='word_1_575' title='bbox 3212 4187 3360 4258; x_wconf 82' lang='grc' dir='ltr'>αὐτῷ</span> <span class='ocrx_word' id='word_1_576' title='bbox 3381 4188 3457 4259; x_wconf 83' lang='grc' dir='ltr'>τῷ</span> <span class='ocrx_word' id='word_1_577' title='bbox 3494 4189 3746 4262; x_wconf 76' lang='grc' dir='ltr'>μεθύσῳ,</span> 
     </span>
    </p>
   </div>
   <div class='ocr_carea' id='block_1_101' title="bbox 2159 4272 3749 4350">
    <p class='ocr_par' dir='ltr' id='par_1_101' title="bbox 2159 4272 3749 4350">
     <span class='ocr_line' id='line_1_101' title="bbox 2159 4272 3749 4350; baseline 0.007 -25"><span class='ocrx_word' id='word_1_578' title='bbox 2159 4272 2241 4325; x_wconf 82' lang='grc' dir='ltr'>ὅτι</span> <span class='ocrx_word' id='word_1_579' title='bbox 2279 4272 2416 4342; x_wconf 82' lang='grc' dir='ltr'>μετὰ</span> <span class='ocrx_word' id='word_1_580' title='bbox 2450 4273 2720 4342; x_wconf 82' lang='grc' dir='ltr'>φονευτῶν</span> <span class='ocrx_word' id='word_1_581' title='bbox 2744 4276 3046 4342; x_wconf 74' lang='grc' dir='ltr'>τάττονται,</span> <span class='ocrx_word' id='word_1_582' title='bbox 3075 4279 3169 4330; x_wconf 78' lang='grc' dir='ltr'>καὶ</span> <span class='ocrx_word' id='word_1_583' title='bbox 3203 4279 3341 4349; x_wconf 82' lang='grc' dir='ltr'>μετὰ</span> <span class='ocrx_word' id='word_1_584' title='bbox 3363 4278 3567 4350; x_wconf 82' lang='grc' dir='ltr'>μοιχῶν</span> <span class='ocrx_word' id='word_1_585' title='bbox 3583 4281 3749 4336; x_wconf 79' lang='grc' dir='ltr'>κολά-</span> 
     </span>
    </p>
   </div>
   <div class='ocr_carea' id='block_1_102' title="bbox 2097 4360 2372 4424">
    <p class='ocr_par' dir='ltr' id='par_1_102' title="bbox 2097 4360 2372 4424">
     <span class='ocr_line' id='line_1_102' title="bbox 2097 4360 2372 4424; baseline 0.015 -11"><span class='ocrx_word' id='word_1_586' title='bbox 2097 4369 2140 4424; x_wconf 86' lang='lat' dir='ltr'><strong>D</strong></span> <span class='ocrx_word' id='word_1_587' title='bbox 2167 4360 2372 4424; x_wconf 78' lang='grc' dir='ltr'>ζονται.</span> 
     </span>
    </p>
   </div>
   <div class='ocr_carea' id='block_1_103' title="bbox 2239 4449 3750 4528">
    <p class='ocr_par' dir='ltr' id='par_1_103' title="bbox 2239 4449 3750 4528">
     <span class='ocr_line' id='line_1_103' title="bbox 2239 4449 3750 4528; baseline 0.006 -27"><span class='ocrx_word' id='word_1_588' title='bbox 2239 4449 2356 4516; x_wconf 75' lang='grc' dir='ltr'>πς’.</span> <span class='ocrx_word' id='word_1_589' title='bbox 2391 4451 2530 4504; x_wconf 69' lang='grc' dir='ltr'><strong>Οὐαὶ</strong></span> <span class='ocrx_word' id='word_1_590' title='bbox 2554 4451 2632 4523; x_wconf 81' lang='grc' dir='ltr'>τῷ</span> <span class='ocrx_word' id='word_1_591' title='bbox 2665 4453 2941 4524; x_wconf 78' lang='grc' dir='ltr'>τρυφῶντι</span> <span class='ocrx_word' id='word_1_592' title='bbox 2981 4455 3171 4526; x_wconf 81' lang='grc' dir='ltr'>χρόνον</span> <span class='ocrx_word' id='word_1_593' title='bbox 3195 4455 3397 4522; x_wconf 78' lang='grc' dir='ltr'>ὀλίγον,</span> <span class='ocrx_word' id='word_1_594' title='bbox 3430 4457 3508 4520; x_wconf 80' lang='grc' dir='ltr'>ὡς</span> <span class='ocrx_word' id='word_1_595' title='bbox 3541 4458 3750 4528; x_wconf 79' lang='grc' dir='ltr'>μόσχος</span> 
     </span>
    </p>
   </div>
   <div class='ocr_carea' id='block_1_104' title="bbox 2168 4541 3247 4612">
    <p class='ocr_par' dir='ltr' id='par_1_104' title="bbox 2168 4541 3247 4612">
     <span class='ocr_line' id='line_1_104' title="bbox 2168 4541 3247 4612; baseline 0.006 -21"><span class='ocrx_word' id='word_1_596' title='bbox 2168 4541 2248 4602; x_wconf 70' lang='grc' dir='ltr'>εἰς</span> <span class='ocrx_word' id='word_1_597' title='bbox 2300 4541 2514 4612; x_wconf 78' lang='grc' dir='ltr'>σφαγὴν</span> <span class='ocrx_word' id='word_1_598' title='bbox 2547 4543 2915 4612; x_wconf 78' lang='grc' dir='ltr'>ἐτοιμασθεὶς,</span> <span class='ocrx_word' id='word_1_599' title='bbox 2955 4544 3247 4598; x_wconf 80' lang='grc' dir='ltr'>σιτεύεται.</span> 
     </span>
    </p>
   </div>
   <div class='ocr_carea' id='block_1_105' title="bbox 2239 4629 3746 4707">
    <p class='ocr_par' dir='ltr' id='par_1_105' title="bbox 2239 4629 3746 4707">
     <span class='ocr_line' id='line_1_105' title="bbox 2239 4629 3746 4707; baseline 0.005 -23"><span class='ocrx_word' id='word_1_600' title='bbox 2239 4629 2346 4694; x_wconf 77' lang='grc' dir='ltr'>πζ’.</span> <span class='ocrx_word' id='word_1_601' title='bbox 2381 4633 2518 4686; x_wconf 75' lang='grc' dir='ltr'>Οὐαὶ</span> <span class='ocrx_word' id='word_1_602' title='bbox 2551 4633 2629 4704; x_wconf 85' lang='grc' dir='ltr'>τῷ</span> <span class='ocrx_word' id='word_1_603' title='bbox 2660 4635 2956 4706; x_wconf 76' lang='grc' dir='ltr'>ὑποκριτῇ,</span> <span class='ocrx_word' id='word_1_604' title='bbox 2990 4637 3018 4688; x_wconf 85' lang='grc' dir='ltr'>ὁ</span> <span class='ocrx_word' id='word_1_605' title='bbox 3049 4635 3252 4706; x_wconf 79' lang='grc' dir='ltr'>ποιμὴν</span> <span class='ocrx_word' id='word_1_606' title='bbox 3291 4637 3454 4690; x_wconf 74' lang='grc' dir='ltr'>αὑτὸν</span> <span class='ocrx_word' id='word_1_607' title='bbox 3472 4639 3746 4707; x_wconf 77' lang='grc' dir='ltr'>ἀρνεῖται,</span> 
     </span>
    </p>
   </div>
   <div class='ocr_carea' id='block_1_106' title="bbox 2171 4719 3166 4793">
    <p class='ocr_par' dir='ltr' id='par_1_106' title="bbox 2171 4719 3166 4793">
     <span class='ocr_line' id='line_1_106' title="bbox 2171 4719 3166 4793; baseline 0.009 -21"><span class='ocrx_word' id='word_1_608' title='bbox 2171 4720 2262 4772; x_wconf 73' lang='grc' dir='ltr'>καὶ</span> <span class='ocrx_word' id='word_1_609' title='bbox 2295 4719 2454 4773; x_wconf 74' lang='grc' dir='ltr'>λύκον</span> <span class='ocrx_word' id='word_1_610' title='bbox 2485 4724 2513 4775; x_wconf 90' lang='grc' dir='ltr'>ὁ</span> <span class='ocrx_word' id='word_1_611' title='bbox 2548 4724 2754 4793; x_wconf 67' lang='grc' dir='ltr'>Κριτής</span> <span class='ocrx_word' id='word_1_612' title='bbox 2784 4724 3166 4792; x_wconf 80' lang='grc' dir='ltr'>ἀποφαίνεται.</span> 
     </span>
    </p>
   </div>
   <div class='ocr_carea' id='block_1_107' title="bbox 2241 4811 3751 4890">
    <p class='ocr_par' dir='ltr' id='par_1_107' title="bbox 2241 4811 3751 4890">
     <span class='ocr_line' id='line_1_107' title="bbox 2241 4811 3751 4890; baseline 0.005 -25"><span class='ocrx_word' id='word_1_613' title='bbox 2241 4811 2351 4882; x_wconf 65' lang='grc' dir='ltr'>σπη’.</span> <span class='ocrx_word' id='word_1_614' title='bbox 2382 4814 2667 4884; x_wconf 87' lang='grc' dir='ltr'>Μακάριος</span> <span class='ocrx_word' id='word_1_615' title='bbox 2695 4817 2722 4868; x_wconf 84' lang='grc' dir='ltr'><strong>ὀ</strong></span> <span class='ocrx_word' id='word_1_616' title='bbox 2749 4815 2941 4886; x_wconf 81' lang='grc' dir='ltr'>στενὴν</span> <span class='ocrx_word' id='word_1_617' title='bbox 2993 4817 3192 4871; x_wconf 77' lang='grc' dir='ltr'>ὁδεύων</span> <span class='ocrx_word' id='word_1_618' title='bbox 3237 4818 3373 4880; x_wconf 73' lang='grc' dir='ltr'>ὁδὸν,</span> <span class='ocrx_word' id='word_1_619' title='bbox 3405 4835 3751 4890; x_wconf 61' lang='grc' dir='ltr'>στεφανηφο-</span> 
     </span>
    </p>
   </div>
   <div class='ocr_carea' id='block_1_108' title="bbox 2172 4904 3124 4980">
    <p class='ocr_par' dir='ltr' id='par_1_108' title="bbox 2172 4904 3124 4980">
     <span class='ocr_line' id='line_1_108' title="bbox 2172 4904 3124 4980; baseline 0.008 -24"><span class='ocrx_word' id='word_1_620' title='bbox 2172 4904 2280 4976; x_wconf 84' lang='grc' dir='ltr'><strong>ρῶν</strong></span> <span class='ocrx_word' id='word_1_621' title='bbox 2303 4905 2409 4976; x_wconf 77' lang='grc' dir='ltr'>γάρ</span> <span class='ocrx_word' id='word_1_622' title='bbox 2436 4905 2526 4959; x_wconf 75' lang='grc' dir='ltr'><strong>τὸν</strong></span> <span class='ocrx_word' id='word_1_623' title='bbox 2546 4906 2773 4978; x_wconf 75' lang='grc' dir='ltr'>οὐρανὸν</span> <span class='ocrx_word' id='word_1_624' title='bbox 2795 4908 3124 4980; x_wconf 79' lang='grc' dir='ltr'>εἰσέρχεται.</span> 
     </span>
    </p>
   </div>
   <div class='ocr_carea' id='block_1_109' title="bbox 2243 4994 3754 5074">
    <p class='ocr_par' dir='ltr' id='par_1_109' title="bbox 2243 4994 3754 5074">
     <span class='ocr_line' id='line_1_109' title="bbox 2243 4994 3754 5074; baseline 0.007 -27"><span class='ocrx_word' id='word_1_625' title='bbox 2243 4994 2350 5049; x_wconf 87' lang='grc' dir='ltr'>πθ’.</span> <span class='ocrx_word' id='word_1_626' title='bbox 2385 4996 2671 5066; x_wconf 75' lang='grc' dir='ltr'>Μακάριος</span> <span class='ocrx_word' id='word_1_627' title='bbox 2694 4999 2721 5050; x_wconf 84' lang='grc' dir='ltr'>ὁ</span> <span class='ocrx_word' id='word_1_628' title='bbox 2744 4997 2842 5061; x_wconf 80' lang='grc' dir='ltr'><strong>τὰς</strong></span> <span class='ocrx_word' id='word_1_629' title='bbox 2871 4999 3065 5068; x_wconf 75' lang='grc' dir='ltr'>ἡδονὰς</span> <span class='ocrx_word' id='word_1_630' title='bbox 3092 5000 3300 5065; x_wconf 88' lang='grc' dir='ltr'>πατῶν,</span> <span class='ocrx_word' id='word_1_631' title='bbox 3335 5003 3607 5073; x_wconf 81' lang='grc' dir='ltr'>τρέμουσι</span> <span class='ocrx_word' id='word_1_632' title='bbox 3638 5004 3754 5074; x_wconf 76' lang='grc' dir='ltr'>γάρ</span> 
     </span>
    </p>
   </div>
   <div class='ocr_carea' id='block_1_110' title="bbox 2174 5089 2868 5161">
    <p class='ocr_par' dir='ltr' id='par_1_110' title="bbox 2174 5089 2868 5161">
     <span class='ocr_line' id='line_1_110' title="bbox 2174 5089 2868 5161; baseline 0.006 -21"><span class='ocrx_word' id='word_1_633' title='bbox 2174 5089 2310 5159; x_wconf 65' lang='grc' dir='ltr'>πρὸς</span> <span class='ocrx_word' id='word_1_634' title='bbox 2337 5089 2498 5143; x_wconf 80' lang='grc' dir='ltr'>αὑτὸν</span> <span class='ocrx_word' id='word_1_635' title='bbox 2526 5091 2574 5142; x_wconf 84' lang='grc' dir='ltr'>οἱ</span> <span class='ocrx_word' id='word_1_636' title='bbox 2599 5091 2868 5161; x_wconf 78' lang='grc' dir='ltr'>δαίμονες.</span> 
     </span>
    </p>
   </div>
   <div class='ocr_carea' id='block_1_111' title="bbox 2245 5182 3758 5257">
    <p class='ocr_par' dir='ltr' id='par_1_111' title="bbox 2245 5182 3758 5257">
     <span class='ocr_line' id='line_1_111' title="bbox 2245 5182 3758 5257; baseline 0.005 -23"><span class='ocrx_word' id='word_1_637' title='bbox 2245 5185 2316 5248; x_wconf 66' lang='grc' dir='ltr'>ιιν.</span> <span class='ocrx_word' id='word_1_638' title='bbox 2349 5182 2636 5253; x_wconf 84' lang='grc' dir='ltr'>Μακάριος</span> <span class='ocrx_word' id='word_1_639' title='bbox 2673 5183 2702 5234; x_wconf 84' lang='grc' dir='ltr'><strong><em>ὁ</em></strong></span> <span class='ocrx_word' id='word_1_640' title='bbox 2728 5182 2828 5254; x_wconf 76' lang='grc' dir='ltr'>τὴν</span> <span class='ocrx_word' id='word_1_641' title='bbox 2854 5185 3056 5256; x_wconf 80' lang='grc' dir='ltr'>ἀρετὴν</span> <span class='ocrx_word' id='word_1_642' title='bbox 3101 5185 3338 5256; x_wconf 79' lang='grc' dir='ltr'>καθαρὸς</span> <span class='ocrx_word' id='word_1_643' title='bbox 3388 5186 3480 5240; x_wconf 70' lang='grc' dir='ltr'>καὶ</span> <span class='ocrx_word' id='word_1_644' title='bbox 3522 5186 3624 5256; x_wconf 73' lang='grc' dir='ltr'>τὴν</span> <span class='ocrx_word' id='word_1_645' title='bbox 3653 5188 3758 5257; x_wconf 78' lang='grc' dir='ltr'>ψυ-</span> 
     </span>
    </p>
   </div>
   <div class='ocr_carea' id='block_1_112' title="bbox 2177 5274 3760 5350">
    <p class='ocr_par' dir='ltr' id='par_1_112' title="bbox 2177 5274 3760 5350">
     <span class='ocr_line' id='line_1_112' title="bbox 2177 5274 3760 5350; baseline 0.006 -25"><span class='ocrx_word' id='word_1_646' title='bbox 2177 5274 2278 5343; x_wconf 80' lang='grc' dir='ltr'>χὴν</span> <span class='ocrx_word' id='word_1_647' title='bbox 2322 5274 2718 5345; x_wconf 82' lang='grc' dir='ltr'>ἀνυπόκριτος·</span> <span class='ocrx_word' id='word_1_648' title='bbox 2767 5277 2972 5346; x_wconf 81' lang='grc' dir='ltr'>κρίνειν</span> <span class='ocrx_word' id='word_1_649' title='bbox 3001 5277 3110 5348; x_wconf 82' lang='grc' dir='ltr'>γάρ</span> <span class='ocrx_word' id='word_1_650' title='bbox 3157 5278 3337 5347; x_wconf 81' lang='grc' dir='ltr'>μέλλει</span> <span class='ocrx_word' id='word_1_651' title='bbox 3399 5279 3488 5332; x_wconf 63' lang='grc' dir='ltr'>τδν</span> <span class='ocrx_word' id='word_1_652' title='bbox 3522 5278 3760 5350; x_wconf 77' lang='grc' dir='ltr'>κόσμον,</span> 
     </span>
    </p>
   </div>
   <div class='ocr_carea' id='block_1_113' title="bbox 2177 5366 3230 5438">
    <p class='ocr_par' dir='ltr' id='par_1_113' title="bbox 2177 5366 3230 5438">
     <span class='ocr_line' id='line_1_113' title="bbox 2177 5366 3230 5438; baseline 0.005 -20"><span class='ocrx_word' id='word_1_653' title='bbox 2177 5368 2296 5435; x_wconf 71' lang='grc' dir='ltr'>οὐχὶ</span> <span class='ocrx_word' id='word_1_654' title='bbox 2321 5367 2378 5419; x_wconf 80' lang='grc' dir='ltr'><strong>δὲ</strong></span> <span class='ocrx_word' id='word_1_655' title='bbox 2416 5367 2552 5436; x_wconf 77' lang='grc' dir='ltr'>μετὰ</span> <span class='ocrx_word' id='word_1_656' title='bbox 2581 5366 2674 5420; x_wconf 77' lang='grc' dir='ltr'>τοῦ</span> <span class='ocrx_word' id='word_1_657' title='bbox 2699 5368 2903 5438; x_wconf 71' lang='grc' dir='ltr'>κόςμου</span> <span class='ocrx_word' id='word_1_658' title='bbox 2932 5370 3230 5438; x_wconf 73' lang='grc' dir='ltr'>κρίνεσθαι.</span> 
     </span>
    </p>
   </div>
   <div class='ocr_carea' id='block_1_114' title="bbox 2249 5457 3766 5530">
    <p class='ocr_par' dir='ltr' id='par_1_114' title="bbox 2249 5457 3766 5530">
     <span class='ocr_line' id='line_1_114' title="bbox 2249 5457 3766 5530; baseline 0.005 -21"><span class='ocrx_word' id='word_1_659' title='bbox 2249 5463 2356 5524; x_wconf 55' lang='grc' dir='ltr'>ιμ’.</span> <span class='ocrx_word' id='word_1_660' title='bbox 2387 5457 2671 5528; x_wconf 73' lang='grc' dir='ltr'>Μακάριος</span> <span class='ocrx_word' id='word_1_661' title='bbox 2700 5458 2728 5509; x_wconf 81' lang='grc' dir='ltr'>ὁ</span> <span class='ocrx_word' id='word_1_662' title='bbox 2762 5462 2853 5522; x_wconf 79' lang='grc' dir='ltr'>τὸν</span> <span class='ocrx_word' id='word_1_663' title='bbox 2893 5459 3006 5527; x_wconf 72' lang='grc' dir='ltr'>βίον</span> <span class='ocrx_word' id='word_1_664' title='bbox 3045 5459 3182 5528; x_wconf 78' lang='grc' dir='ltr'>ἔχων</span> <span class='ocrx_word' id='word_1_665' title='bbox 3231 5461 3451 5530; x_wconf 63' lang='grc' dir='ltr'>ὑψηλὸν,</span> <span class='ocrx_word' id='word_1_666' title='bbox 3497 5462 3766 5516; x_wconf 62' lang='grc' dir='ltr'>ταπεινὸν</span> 
     </span>
    </p>
   </div>
   <div class='ocr_carea' id='block_1_115' title="bbox 580 5631 2420 5705">
    <p class='ocr_par' dir='ltr' id='par_1_115' title="bbox 580 5631 2420 5705">
     <span class='ocr_line' id='line_1_115' title="bbox 580 5631 2420 5705; baseline -0.003 -16"><span class='ocrx_word' id='word_1_667' title='bbox 580 5639 656 5705; x_wconf 75' lang='grc' dir='ltr'><strong>(ι)</strong></span> <span class='ocrx_word' id='word_1_668' title='bbox 689 5636 839 5705; x_wconf 79' lang='lat' dir='ltr'><strong>Apud</strong></span> <span class='ocrx_word' id='word_1_669' title='bbox 878 5636 1128 5690; x_wconf 68' lang='lat' dir='ltr'><strong>Ducmum</strong></span> <span class='ocrx_word' id='word_1_670' title='bbox 1165 5650 1431 5689; x_wconf 83' lang='lat' dir='ltr'><strong>numerus</strong></span> <span class='ocrx_word' id='word_1_671' title='bbox 1471 5636 1536 5689; x_wconf 78' lang='lat'><strong>75</strong></span> <span class='ocrx_word' id='word_1_672' title='bbox 1571 5634 1790 5689; x_wconf 88' lang='lat' dir='ltr'><strong>induas</strong></span> <span class='ocrx_word' id='word_1_673' title='bbox 1827 5633 2130 5690; x_wconf 80' lang='lat' dir='ltr'><strong>sententias</strong></span> <span class='ocrx_word' id='word_1_674' title='bbox 2169 5631 2420 5700; x_wconf 82' lang='lat' dir='ltr'><strong>partitur.</strong></span> 
     </span>
    </p>
   </div>
  </div>
