3994 6182
407 199 542 265 1253

470 308 655 362 Φείδου
715 307 810 376 τῆς
868 301 1114 374 γλώττης
1143 315 1156 332 ·

401 401 544 469 ἅπερ
573 400 792 469 ἄμεινον
820 394 1172 465 κρύπτεσθαι.

473 510 710 582 ιἐώργει
732 512 797 580 τῇ
819 509 1016 580 μελέτῃ
1037 507 1129 560 τοῦ
1153 507 1341 575 νόμου,
1372 505 1471 574 τὴν
1491 503 1730 556 διάνοιαν
1757 519 1768 529 ·
1797 499 1977 554 ὲκτίλ-

401 603 480 656 λει
513 602 624 672 γάρ
649 601 757 654 τῶν
783 599 1058 669 λογισμῶν
1088 599 1214 660 τοὺς
1261 595 1554 665 πονηροὺς,
1599 592 1840 662 συνεχῶς
1882 607 1979 662 με-

404 692 730 762 λετώμενος.

475 783 586 845 Τάς
614 779 816 851 ἀρετὰς
847 778 1057 848 κρύπτε
1086 793 1098 805 ·
1145 774 1430 845 μάρτυρας
1457 772 1514 826 δὲ
1556 771 1648 826 τοῦ
1702 771 1817 841 βίου
1849 770 1966 823 πολ-

401 874 526 936 λοὺς
549 873 835 941 κέκτησαι.

469 962 634 1016 Μίσει
661 959 762 1022 τὰς
787 956 984 1028 ἡδονὰς
1013 955 1115 1024 τῆς
1148 953 1350 1022 σαρκός
1378 969 1390 982 ·
1422 951 1678 1024 ῥυπαράν
1705 949 1813 1020 γάρ
1840 947 1978 1024 μετά

394 1053 490 1108 τοῦ
522 1049 774 1121 σώματος
812 1047 911 1118 τὴν
947 1046 1126 1116 ψυχὴν
1153 1043 1492 1114 ἐργάζονται.

475 1139 627 1194 Move.
675 1137 818 1191 δίδου
841 1139 908 1207 τῇ
936 1136 1102 1206 σαρκὶ
1148 1135 1249 1187 ὅσα
1277 1133 1473 1206 χρῄζει
1514 1131 1718 1194 λαϐεῖν,
1751 1130 1848 1200 οὐχ
1876 1129 1976 1182 ὅσα

399 1226 668 1299 βούλεται.

468 1319 558 1388 Μὴ
593 1319 783 1386 ἀγάπα
821 1314 882 1368 τὺ
916 1316 1128 1386 τρυφᾷν
1163 1330 1177 1344 ·
1213 1313 1398 1383 φιλίαν
1434 1312 1544 1383 γὰρ
1580 1312 1715 1383 πρὸς
1749 1311 1839 1365 τὸν
1863 1311 1976 1381 βίον

397 1410 632 1480 ἐμποιεῖ,
661 1406 830 1478 ἔχθρα
860 1405 920 1459 δὲ
956 1405 1092 1476 πρὸς
1118 1405 1211 1459 τὸν
1248 1404 1379 1458 Θεὸν
1409 1404 1674 1474 ἑκατέρου
1709 1403 1972 1456 τίκτεται.

479 1585 847 1656 Ἀποστρέφου
895 1585 996 1654 τὴν
1039 1584 1097 1638 ὲν
1127 1583 1205 1654 τῷ
1257 1582 1360 1654 βίῳ
1394 1585 1568 1656 χαράν
1601 1603 1614 1616 ·
1674 1583 1812 1653 αὕτη
1868 1582 1976 1652 γὰρ

395 1676 690 1731 ὀλισθαίνει
723 1678 817 1729 καὶ
841 1677 1078 1740 σκελίζει
1110 1679 1240 1740 τοὺς
1279 1677 1594 1748 τρέχοντας.

469 1767 707 1821 Πλοῦτον
756 1768 804 1820 εί
845 1767 942 1837 μὲν
979 1766 1144 1836 ἔχεις,
1191 1765 1474 1836 σκόρπιζε.
1507 1765 1569 1817 Εἰ
1599 1764 1644 1816 δ’
1667 1763 1767 1816 οὐκ
1807 1761 1974 1832 ἔχεις,

416 1859 492 1928 μὴ
530 1858 750 1926 σύναγε.

468 1950 670 2003 ’Όπλον
713 1948 849 2019 ἡγοῦ
885 1948 984 2019 τὴν
1049 1947 1326 2019 νηστείαν,
1373 1946 1467 1999 καὶ
1509 1946 1606 2016 τὴν
1669 1943 1978 2014 προσευχὴν

395 2043 593 2110 τεῖχος,
618 2040 712 2093 καὶ
741 2039 981 2109 λουτῆρα
1011 2039 1079 2091 τά
1108 2039 1342 2108 δάκρυα.

468 2133 611 2184 Ὅσα
628 2129 956 2202 ἐξήμαρτες.
983 2129 1163 2182 πάντα
1184 2128 1320 2198 μετὰ
1340 2127 1660 2193 στεναγμῶν
1698 2127 1943 2196 μέμνησο
1960 2142 1973 2156 ⁶

395 2220 606 2289 γίνεται
635 2220 746 2290 γὰρ
778 2219 1032 2272 ἐντεῦθεν
1065 2221 1129 2290 τῇ
1170 2219 1316 2288 ψυχῇ
1361 2215 1617 2286 διηνεκὴς
1661 2215 1973 2280 κατάνυξις.

467 2393 762 2467 Περιποιοῦ
817 2395 944 2456 τοὺς
996 2391 1280 2462 πτωχούς’
1335 2385 1482 2446 οὗτοι
1538 2388 1645 2459 γάρ
1698 2388 1830 2458 ἡμῖν
1884 2387 1976 2439 τὸν

397 2488 606 2560 Κριτὴν
641 2486 1096 2540 καταλλάσσουσι.

466 2581 598 2642 Ταῖς
621 2579 834 2650 χρείαις
864 2577 970 2630 τῶν
997 2576 1170 2644 ἁγίων
1202 2573 1450 2628 κοινώνει
1475 2593 1487 2604 -
1533 2572 1600 2627 δι’
1647 2571 1828 2625 αὐτῶν
1867 2571 1974 2641 γάρ

359 2688 362 2692 ’
399 2689 480 2726 σοι
508 2670 764 2724 κοινωνία
790 2667 927 2739 πρὸς
962 2668 1053 2721 τὸν
1083 2667 1215 2721 Θεὸν
1244 2668 1476 2736 γίνεται.

465 2765 577 2836 Τὴν
607 2762 900 2832 ἐκκλησίαν
953 2760 1026 2824 ὡς
1065 2761 1291 2830 οὐρανὸν
1325 2762 1486 2815 πάτει
1516 2775 1530 2789 ·
1561 2761 1657 2812 καὶ
1716 2757 1883 2829 μηδὲν
1916 2759 1975 2810 ἐν

396 2856 533 2926 αὐτῇ
567 2853 698 2924 μηδὲ
721 2853 870 2919 λέγε,
901 2852 1034 2922 μηδὲ
1060 2851 1275 2917 λογίζου
1311 2852 1516 2920 γήϊνον.

1617 188 1884 248 (ἋΡΙΤΑ
1925 185 2412 246 ΡΑΒᾸΞΝΕΤΙΕΑ

1210 299 1468 359 πολλάκις
1509 297 1626 367 ,γὰρ
1691 295 1973 366 προφέρει,

2151 292 2242 347 45.
2279 291 2450 347 Parce
2479 302 2628 348 utere
2655 293 2833 364 lingua
2865 312 2877 350 :
2911 309 3051 364 saepe
3095 295 3237 350 enim
3281 295 3647 366 proferuntur,

3515 190 3646 253 12M

2081 400 2201 454 quae
2232 387 2424 441 melius
2451 385 2643 441 fuisset
2668 387 2868 442 caelari.

2151 495 2240 551 46.
2283 497 2626 553 llleditatione
2675 497 2813 568 legis
2857 509 3090 552 mentem
3137 499 3304 554 colito
3339 517 3352 553 :
3392 501 3653 570 exstirpat

2081 592 2224 645 enim
2258 595 2430 648 malas
2453 594 2835 664 Cogitationes,
2861 593 3120 648 continue
3149 593 3512 664 frequentata.

2150 765 2240 822 47.
2285 766 2526 823 Virtutes
2581 777 2700 824 tuas
2747 769 2974 824 caalato:
3009 778 3171 825 testes
3209 785 3337 826 vero
3389 772 3509 825 vitae
3550 779 3654 825 tua:

2081 861 2280 913 multos
2314 860 2598 928 acquirere
2629 861 2805 916 stude.

2149 951 2237 1006 48.
2276 951 2408 1005 Odio
2430 967 2760 1022 prosequere
2789 953 2970 1008 carnis
2995 953 3298 1022 voluptates
3329 971 3342 1007 :
3383 954 3652 1009 sordidam

2079 1040 2222 1093 enim
2259 1041 2499 1094 animam
2530 1057 2652 1096 cum
2689 1056 2917 1112 corpore
2941 1041 3205 1096 efficiunt.

2147 1131 2238 1186 49.
2277 1131 2510 1200 Corpori
2563 1133 2742 1186 solum
2787 1140 3053 1202 quantum
3107 1133 3330 1203 indiget,
3377 1132 3653 1203 impende,

2078 1234 2186 1275 nor.
2211 1231 2473 1290 quantum
2509 1223 2678 1292 cupit.

2148 1310 2236 1366 50.
2281 1309 2520 1366 Delicate
2550 1313 2732 1366 vivere
2755 1329 2824 1367 ne.
2853 1313 3055 1385 eligas:
3091 1329 3332 1369 amorem
3365 1313 3510 1368 enim
3549 1313 3652 1366 hn—

2073 1402 2165 1471 jus
2197 1401 2320 1454 vita:
2346 1401 2600 1456 conciliat
2626 1420 2639 1456 :
2669 1401 2948 1458 inimicitia
2976 1411 3158 1458 autem
3193 1403 3454 1458 adversus
3483 1401 3652 1456 Deum

2077 1509 2139 1548 ex
2178 1502 2406 1562 utroque
2437 1495 2705 1548 nascitur.
3139 1493 3145 1501 ”

2149 1585 2238 1639 51.
2280 1584 2584 1638 Adversare
2638 1585 2692 1637 in
2740 1584 2848 1637 vita
2903 1585 3160 1654 gaudium
3217 1605 3230 1639 :
3282 1585 3458 1654 ipsum
3513 1585 3654 1639 enim

2083 1673 2348 1727 lubricum
2376 1682 2478 1739 est,
2499 1682 2554 1728 et
2582 1673 2886 1742 praecipitat
2923 1675 3276 1728 exsultantes.

2149 1763 2237 1819 52.
2273 1763 2500 1821 Divitias
2533 1763 2578 1818 si
2616 1763 2806 1826 habes,
2839 1764 3144 1820 distribue:
3183 1766 3228 1820 si
3259 1780 3388 1821 vero
3417 1780 3524 1822 non
3559 1765 3656 1820 lia-

2081 1852 2196 1918 bes,
2224 1867 2292 1907 ne
2315 1853 2527 1924 collige.

2151 1943 2240 1997 55.
2280 1942 2626 1997 Armaturam
2675 1946 2820 1999 enim
2865 1945 3155 2014 jejunium,
3203 1949 3503 2005 orationem
3535 1965 3656 2005 mu-

2079 2050 2220 2098 rum,
2255 2045 2305 2089 et
2341 2035 2594 2090 balneum
2619 2037 2888 2107 lacrymas
2915 2053 3037 2093 esse
3060 2049 3268 2108 putato.

2153 2126 2242 2180 54.
2289 2125 2636 2194 Quaecunque
2668 2128 2854 2197 inique
2884 2126 3090 2194 fecisti,
3127 2131 3311 2186 omnia
3342 2146 3464 2187 cum
3493 2135 3656 2203 gemi-

2081 2216 2224 2270 tibus
2259 2217 2576 2283 recordare;
2601 2217 2776 2271 oritur
2818 2217 2964 2292 enim
3013 2219 3141 2276 hinc
3172 2222 3370 2278 animae
3397 2225 3656 2279 continua

2003 2339 2006 2342 -
2079 2307 2446 2376 compunctio.

2148 2399 2236 2454 55.
2277 2399 2552 2469 Pauperes
2608 2399 2828 2455 foveto:
2864 2401 2964 2471 ipsi
3011 2403 3154 2458 enim
3195 2405 3434 2476 judicem
3498 2406 3655 2466 nobis

2078 2490 2390 2546 conciliant.

2153 2584 2241 2638 56.
2282 2583 2481 2653 lnopize
2541 2595 2855 2640 sanctorum
2916 2588 3187 2643 subveni:
3225 2603 3320 2658 per
3366 2605 3460 2646 eos
3512 2591 3654 2646 enim

2079 2673 2174 2728 tibi
2199 2688 2322 2728 cum
2359 2671 2470 2726 Deo
2509 2674 2734 2745 contigit
2778 2676 3031 2731 societas.

2149 2764 2235 2820 57.
2279 2763 2576 2819 Ecclesiam
2617 2781 2726 2820 non
2768 2781 2928 2821 secus
2975 2783 3044 2822 ac
3087 2769 3286 2823 eretum
3332 2769 3652 2840 frequenta:

2080 2855 2326 2924 nihilque
2369 2856 2422 2908 in
2463 2855 2576 2924 ip<a
2611 2870 2706 2910 seu
2741 2857 2982 2925 loquere,
3015 2874 3110 2914 seu
3144 2850 3318 2930 cogita
3357 2871 3652 2919 terrenum.

479 2947 807 3013 Ἀναγκαῖαν
862 2943 1051 3012 νόμιζε
1101 2942 1198 3012 τὴν
1243 2942 1602 3012 αὐτάρκειαν,
1645 2938 1972 3010 παραχώρει

2145 2946 2232 3001 58.
2276 2944 2652 3000 Necessarium
2687 2947 2964 3014 existima,
2997 2951 3111 3004 suis
3150 2953 3312 3008 rebus
3342 2963 3656 3009 contentum

393 3039 452 3091 δὲ
473 3036 550 3107 τῷ
580 3035 698 3106 Θεῷ
725 3036 824 3105 τὴν
857 3035 996 3104 ὑπὲρ
1021 3033 1225 3102 ταύτης
1262 3034 1551 3104 μέριμναν.

466 3127 651 3180 Κύλλα
707 3125 803 3195 τὴν
843 3125 1020 3196 σάρκα
1065 3123 1292 3192 ἀγαθοῖς
1346 3125 1556 3188 πόνοις,
1607 3121 1887 3185 παντελῶς
1919 3122 1974 3174 δὲ

395 3219 566 3289 αὐτὴν
597 3218 670 3288 μὴ
699 3217 1028 3269 καταπεσεῖν
1061 3213 1335 3286 φρόντιζε.

470 3309 595 3362 [liis
630 3309 724 3361 τὸν
766 3304 908 3360 οἶνον
961 3305 1278 3375 ἐλάχιστονο
1315 3305 1437 3357 ὅσον
1485 3302 1593 3374 γὰρ
1635 3300 1972 3362 κολοΰοῠται,

395 3402 680 3472 εὐεργετεῖ
704 3400 826 3460 τοὺς
861 3397 1133 3459 πίνοντας.

465 3514 674 3578 Κόλαζε
707 3513 795 3565 τὴν
825 3512 993 3582 θυμόν
1021 3529 1034 3543 ·
1071 3510 1270 3581 μανίας
1292 3509 1403 3578 γάρ
1423 3508 1538 3559 ἐστι
1570 3505 1773 3576 πατὴρ,
1797 3504 1856 3556 τὸ
1882 3505 1974 3572 μέ-

393 3622 520 3676 τρον
551 3604 636 3668 ὲξε
647 3603 928 3674 ρχόμενος.

476 3719 563 3770 Ἑν
585 3718 706 3780 ταῖς
753 3716 948 3780 νόσοις,
971 3717 1036 3784 τῇ
1063 3713 1338 3784 προσευχῇ
1389 3709 1496 3780 πρὸ
1527 3708 1632 3762 τῶν
1658 3706 1856 3777 ἰατρῶν
1881 3707 1973 3758 καὶ

361 3823 367 3830 ·
395 3809 698 3882 φαρμάκων
731 3808 986 3878 κέχρησο.

462 3922 600 3986 Τοὺς
654 3924 819 3992 ἱερεῖς
872 3919 1079 3982 πάντας
1129 3918 1228 3988 μὲν
1270 3916 1426 3987 τίμα,
1481 3916 1591 3976 τοῖς
1642 3911 1866 3980 ἀγαθοῖς
1915 3911 1969 3963 δὲ

393 4014 720 4086 πρόστρεχε.

474 4127 688 4193 Ἀγάπα
717 4125 811 4178 τοῦ
852 4123 988 4176 Θεοῦ
1017 4122 1144 4184 τοὺς
1170 4119 1372 4184 οἴκους,
1402 4115 1550 4170 οἷκον
1590 4117 1646 4170 δὲ
1690 4115 1828 4168 Θεοῦ
1876 4117 1969 4169 καὶ
2009 4111 2026 4132 ³

395 4220 589 4272 σαυτὸν
618 4216 1050 4271 κατασκεύασον.

2083 3051 2242 3091 esse:
2285 3037 2533 3106 permitte
2571 3047 2752 3090 autem
2787 3038 2896 3093 Deo
2927 3040 3046 3109 ejus
3082 3041 3157 3095 rei
3196 3056 3408 3098 curam.

2152 3129 2239 3184 59.
2282 3128 2513 3182 Carnem
2539 3139 2687 3182 tuam
2717 3128 2996 3186 debilitato
3027 3132 3187 3186 bonis
3215 3133 3532 3201 laboribus;
3563 3153 3655 3207 pe-

2084 3221 2228 3276 nitus
2257 3237 2386 3274 vero
2409 3236 2526 3274 eam
2561 3236 2668 3274 non
2695 3220 2908 3275 domari
2938 3238 3099 3292 posse
3127 3225 3403 3280 existima.

2151 3309 2241 3363 60.
2281 3308 2477 3363 Vinum
2533 3309 2656 3364 bibe
2689 3310 2846 3364 valde
2878 3312 3178 3378 modicum,
3215 3323 3480 3384 quantum
3511 3315 3656 3369 enim

2081 3399 2322 3465 offendit,
2354 3409 2560 3454 tantum
2581 3401 2750 3454 etiam
2778 3404 3097 3458 corroborat
3141 3406 3406 3461 bibentes.

2151 3508 2238 3564 61.
2283 3509 2423 3562 Iram
2471 3523 2788 3580 compesce:
2832 3512 3099 3566 insaniam
3146 3517 3292 3570 enim
3343 3519 3502 3587 parit,
3542 3540 3654 3578 ιη)-

2079 3606 2208 3659 dum
2241 3605 2531 3660 excedens.

2148 3717 2238 3771 62.
2281 3718 2337 3770 ln
2395 3718 2637 3782 morbis,
2682 3719 2924 3775 oratione
2969 3721 3289 3792 priusquam
3339 3729 3560 3786 medicis
3603 3743 3655 3787 et

2079 3810 2391 3879 pharmacis
2431 3819 2604 3866 utere.

2148 3925 2236 3980 63.
2277 3925 2600 3980 Sacerdotes
2649 3939 2840 3980 omnes
2893 3926 3120 3991 honora.
3175 3930 3334 3986 bonis
3368 3949 3498 3988 vero
3535 3945 3653 3988 Ian-

2087 4025 2202 4070 tum
2241 4031 2587 4072 convcrsare.

2147 4130 2232 4184 64.
2280 4131 2548 4187 Venerare
2583 4132 2676 4189 Dei
2705 4135 2922 4204 domus,
2955 4135 3176 4192 domum
3203 4153 3334 4205 ,νει-ο
3365 4137 3458 4194 Dei
3492 4140 3650 4195 etiam

2079 4221 2305 4289 teipsnm
2335 4222 2508 4276 effice.

459 4333 553 4394 Είς
585 4331 686 4402 τὴν
736 4327 1032 4399 ἐκκλησίαν
1067 4324 1296 4393 σύχναζε
1327 4340 1341 4354 υ
1387 4322 1633 4395 θορύϐων
1677 4321 1787 4392 γάρ
1818 4320 1964 4391 ἡμᾶς

2136 4331 2225 4386 65.
2262 4332 2319 4386 ln
2356 4333 2640 4390 ecclesiam
2699 4335 3014 4408 frequenter
3049 4339 3275 4404 venias:
3312 4354 3341 4392 a
3373 4341 3652 4409 perturba-

391 4425 485 4477 καὶ
514 4423 680 4491 ζάλης
703 4419 1034 4476 ἀπαλλάττει
1067 4417 1174 4470 τῶν
1212 4416 1434 4483 ἔξωθεν.

461 4625 601 4678 Ὅσα
643 4627 698 4677 ὲν
724 4627 790 4694 τῇ
830 4624 920 4693 γῇ,
979 4621 1326 4692 πρόσκαιρα·
1371 4621 1444 4689 μή
1481 4634 1539 4670 σε
1588 4617 1682 4670 νῦν
1715 4617 1877 4670 λύπει
1909 4617 1970 4668 τὸ

389 4715 776 4790 χωριζόμενον.

461 4921 631 4973 Ὅταν
693 4936 774 4973 σοι
825 4917 1083 4986 λογισμὸς
1116 4914 1446 4986 ἡδυπαθείας
1495 4913 1812 4982 ἐγγένηται,
1844 4914 1972 4966 ἅντ-

392 5013 608 5083 ίστησον
654 5010 804 5080 αὐτῷ
857 5010 954 5080 τὴν
989 5009 1097 5061 τῶν
1162 5005 1467 5074 ἀνθρώπων
1515 5003 1820 5074 αἰσχύνην,
1879 5003 1972 5056 καὶ

387 5105 486 5173 τὴν
510 5103 601 5156 τοῦ
631 5102 765 5155 Θεοῦ
801 5101 1195 5173 πρόσκρουσιν.

470 5214 799 5283 Ἀσφαλὶζου
852 5214 952 5283 τὴν
976 5212 1146 5282 ἀκοὴν
1191 5212 1286 5265 καὶ
1327 5213 1455 5275 τοὺς
1511 5208 1828 5279 ὀφθαλμούς
1861 5225 1872 5236 ·
1905 5207 1972 5259 δι’

388 5303 565 5355 αὑτῶν
593 5305 699 5376 γὰρ
729 5303 906 5356 πάντα
930 5303 999 5356 τά
1030 5301 1156 5372 βέλη
1189 5304 1285 5371 τῆς
1309 5302 1509 5364 κακίας
1539 5293 1899 5370 εἰσέρχονται.

471 5414 663 5470 Ἡνίκα
691 5416 970 5487 προσεύχῃ
999 5458 1012 5481 ,
1073 5416 1164 5467 τὸν
1204 5414 1468 5482 λογισμὸν
1521 5413 1660 5482 πρὸς
1711 5409 1844 5462 Θεὸν
1883 5409 1976 5460 ἁν-

389 5506 564 5575 άγαγε
594 5549 609 5575 ,
646 5509 748 5564 κᾶν
783 5507 1181 5579 περισπασθεὶς
1208 5505 1471 5574 κατέλθῃ,
1505 5503 1668 5556 πάλιν
1695 5499 1855 5555 αὐτὸν
1881 5501 1975 5554 ἀν-

389 5597 583 5666 άγαγε.

2077 4423 2316 4479 tionibus
2347 4427 2491 4482 enim
2544 4437 2598 4482 et
2642 4427 3092 4485 fluctuationibus
3124 4432 3487 4487 exterioribus
3517 4433 3650 4485 libe-

2078 4529 2201 4568 rare
2233 4530 2336 4570 nos
2368 4517 2526 4572 solet.

2145 4629 2232 4682 66.
2275 4629 2622 4699 Qucecunque
2658 4631 2710 4684 in
2757 4642 2896 4685 terra
2941 4642 3088 4695 sunt,
3123 4643 3468 4702 temporanea
3509 4633 3650 4687 exsi-

2077 4725 2263 4772 stunt:
2300 4734 2366 4772 ne
2392 4729 2442 4773 te
2470 4734 2598 4788 ergo
2639 4721 2938 4788 perturbet,
2969 4722 3109 4789 quod
3146 4722 3242 4775 tibi
3281 4722 3543 4775 aufertur.

2148 4913 2234 4965 67.
2272 4911 2503 4978 Quando
2536 4921 2587 4969 te
2623 4913 2920 4983 voluptatis
2955 4915 3180 4970 affectus
3231 4918 3511 4984 invaserit,
3553 4935 3652 4990 0p-

2075 5019 2216 5074 pone
2249 5005 2358 5084 ipsi
2384 5013 2584 5059 metum
2628 5005 2931 5070 hominum,
2959 5016 3010 5061 et
3046 5008 3133 5061 Dei
3160 5007 3438 5076 offensam.

2147 5122 2234 5174 68.
2277 5119 2485 5174 Munito
2528 5109 2812 5185 auditum,
2865 5131 2918 5174 et
2956 5122 3188 5177 oculos:
3232 5139 3323 5192 per
3372 5124 3458 5177 illa
3506 5109 3652 5196 enim

2077 5211 2258 5264 omnia
2287 5211 2388 5264 tela
2420 5212 2641 5265 malitia:
2676 5211 3074 5280 ingrediuntur.

2147 5409 2235 5462 69.
2275 5409 2408 5463 Cum
2448 5413 2711 5477 oraveris,
2744 5422 2975 5468 mentem
3025 5415 3090 5467 ad
3133 5413 3300 5468 Deum
3341 5414 3524 5468 attolle
3557 5431 3570 5467 :
3599 5422 3654 5470 et

2077 5500 2287 5553 etiamsi
2343 5500 2467 5553 inde
2517 5505 2789 5559 abstracta
2827 5506 3188 5570 descenderit,
3228 5506 3423 5562 iterum
3473 5517 3656 5563 tamen

2078 5593 2248 5662 ipsam
2280 5593 2554 5664 recollige.
