3994 6182
381 237 522 312 1255

1866 241 1926 299 S.
1961 227 2122 299 NIH

3481 243 3610 308 1256

441 363 527 416 70.
573 359 725 414 Mens
763 360 1000 413 humana
1050 372 1154 410 non
1191 369 1428 425 unquam
1469 368 1645 412 cessat
1680 372 1938 428 generare

2113 357 2185 409 Ού
2219 357 2448 410 παύεται
2485 360 2514 428 ἠ
2559 357 2764 411 διάνοια
2816 359 3077 412 τίκτουσα
3107 372 3118 386 ‘
3157 361 3219 412 σὺ
3243 360 3298 412 δὲ
3335 360 3460 422 τοὺς
3516 364 3614 432 μὲν

371 453 724 524 cogitationes
758 467 771 502 :
813 460 867 503 tu
895 463 1020 503 vero
1053 435 1222 503 malas
1254 449 1470 518 quidem
1499 450 1724 518 expelle,
1773 450 1942 503 bonas

369 558 497 596 vero
533 540 758 595 colendo
789 555 1002 595 exerce.

441 654 525 716 71.
565 653 878 707 Humilitate
918 655 1123 722 gaude:
1157 654 1384 707 altitudo
1421 653 1564 707 enim
1612 651 1732 721 ejus
1790 651 1943 705 lirma

369 755 470 809 CSl,
505 761 602 798 nec
629 760 784 798 ruere
808 753 1004 813 pOlCSl.

441 857 528 909 7:2.
570 857 643 911 Ita
680 873 871 912 exerce
903 873 1122 926 corpus,
1160 866 1218 911 ut
1261 872 1578 926 compescas
1609 856 1790 910 carnis
1814 872 1944 909 nio-

371 959 496 1004 lus:
538 960 591 1004 el.
640 951 684 1004 si
719 966 862 1020 aeger
909 951 1097 1012 fueris,
1133 964 1330 1017 cet-pus
1360 964 1512 1012 cura,
1551 957 1607 1000 ut
1654 947 1939 1001 sanitatem

373 1041 724 1110 adipiscatur,
755 1057 859 1093 non
893 1041 1176 1093 uldcliciis
1210 1048 1516 1093 enet‘vetur.

442 1154 526 1208 75.
569 1156 768 1208 Pravas
794 1152 1151 1222 cogitationes
1188 1151 1310 1205 aliis
1355 1148 1778 1219 cogitationibus
1827 1162 1942 1200 me-

371 1245 597 1299 lioribus
624 1245 796 1312 abige.

443 1357 527 1410 7i.
569 1357 866 1410 Considera
918 1358 1218 1412 caelestium
1271 1352 1541 1410 bonorum
1590 1355 1862 1417 decorem,
1893 1363 1946 1406 et

372 1451 580 1503 nullum
627 1460 676 1504 te
718 1451 893 1519 capiet
916 1451 1244 1505 desiderium
1276 1459 1450 1513 terrm,
1488 1464 1588 1502 nec
1617 1448 1759 1501 aliud
1789 1463 1852 1501 ex
1883 1463 1944 1500 ea

371 1541 632 1595 dulcium.

443 1655 529 1708 75.
573 1653 802 1720 Quando
845 1653 937 1707 tibi
990 1653 1170 1721 aliqua
1225 1653 1289 1708 de
1335 1654 1442 1707 Deo
1481 1656 1626 1708 subit
1671 1654 1942 1724 cugihliﬂ,
1983 1688 2023 1741 Β

371 1763 478 1801 non
514 1748 702 1810 Deum,
754 1747 843 1798 sed
884 1747 1114 1814 teipsum
1158 1747 1352 1816 cogita.
1399 1744 1539 1798 Nihil
1579 1745 1719 1799 enim
1771 1755 1940 1797 tutum

372 1845 455 1892 est
479 1838 618 1906 quod
666 1836 884 1890 modum
937 1837 1168 1898 excedit,
1204 1852 1362 1904 quem
1417 1851 1635 1888 servare
1674 1837 1942 1888 convenit.

441 1950 529 2002 76.
575 1951 772 2005 Pravas
825 1950 1176 2020 cogitationes
1217 1965 1401 2006 semen
1442 1965 1562 2004 esse
1595 1950 1798 2004 diaboli
1830 1950 1946 2002 exi-

375 2041 532 2094 stima
561 2057 574 2104 ;
607 2043 686 2094 sic
713 2041 856 2094 enim
909 2042 1039 2110 ipsa
1083 2041 1372 2104 desinunt;
1401 2041 1620 2110 ipseque
1653 2039 1948 2094 seminator

374 2131 748 2187 confunditur.

447 2245 533 2298 77.
576 2244 872 2299 Excessum
927 2245 1074 2300 risus
1127 2245 1338 2316 fugito:
1376 2257 1592 2302 enervat
1638 2247 1778 2300 enim
1820 2246 1949 2298 ani-

375 2348 535 2386 mam.
571 2332 767 2386 Anima
821 2350 949 2388 vero
998 2345 1282 2398 enervata,
1337 2335 1494 2388 facile
1542 2351 1570 2389 a
1616 2339 1768 2390 freno
1817 2337 1948 2404 legis

373 2428 610 2479 exuitur.

449 2538 536 2593 78.
581 2537 636 2591 In
669 2539 885 2594 labores
918 2549 972 2594 et.
1009 2542 1284 2594 orationes
1317 2550 1530 2610 oportet
1564 2541 1799 2595 animam
1826 2557 1950 2611 par-

376 2631 503 2686 tiri:
541 2632 619 2685 sic
639 2633 782 2686 enim
821 2650 935 2712 non
970 2637 1168 2688 mullos
1204 2635 1256 2687 in
1305 2636 1462 2690 nobis
1509 2636 1765 2690 introitus
1797 2635 1949 2689 inve-

377 2725 489 2776 niet
519 2722 790 2777 diabolus.

449 2834 533 2890 79.
577 2834 841 2890 Laborem
886 2852 1006 2893 esse
1065 2855 1169 2892 non
1229 2840 1554 2894 mediocrem
1596 2851 1785 2909 putato
1820 2842 1950 2913 legis

380 2928 1065 2999 meditatioucmzquaudo
1111 2946 1264 2984 mens
1312 2933 1472 2986 simul
1522 2943 1575 2986 et
1627 2935 1808 3004 lingua
1867 2951 1954 2988 co-

2045 447 2281 516 φαύλους
2311 448 2536 514 ἕκτειλε,
2571 452 2695 512 τοὺς
2727 450 2781 502 δὲ
2817 450 3060 518 ἀγαθοὺς
3097 449 3436 520 γεῶργησον.

2114 651 2283 720 Χαῖρε
2306 651 2370 720 τῇ
2399 649 2721 702 ταπεινώσει
2747 667 2758 678 ·
2789 649 2848 702 τὸ
2876 649 2984 721 γὰρ
3014 649 3072 714 ἐξ
3101 651 3270 720 αὐτῆς
3303 649 3435 722 ὕψος
3459 654 3616 718 πολὺ,

2045 740 2139 792 καὶ
2167 743 2351 792 πεσεῖν
2393 741 2466 810 μὴ
2499 741 2815 810 δυνάμενον.

2120 848 2313 900 Ἀσκει
2339 847 2614 911 τοσοῦτον,
2661 847 3048 916 ὅσον-χαλάσαι
3091 849 3187 918 τῆς
3213 849 3415 919 σαρκὸς
3444 850 3508 904 τὰ
3539 868 3624 902 κι-

2045 939 2260 1007 νήματα
2293 954 2304 965 ·
2358 938 2458 991 κᾶν
2483 938 2775 1011 ἀσθενήσῃ,
2826 941 2962 1009 πρὸς
3005 940 3194 1007 ὑγείαν
3227 945 3286 993 τὸ
3320 941 3501 1011 σῶμα,
3547 944 3621 1012 μὴ

2047 1027 2182 1098 πρὸς
2212 1029 2423 1099 τρυφὴν
2451 1028 2807 1099 θεράπευσον.

2117 1142 2254 1204 Τοὺς
2285 1141 2556 1212 πονηροὺς
2586 1141 2696 1193 τῶν
2746 1140 3044 1210 λογισμῶν,
3098 1141 3379 1212 λογισμοῖς
3414 1142 3624 1212 ἑτέροις

2045 1233 2400 1302 ἅναμὸχλευε.

2085 1349 2350 1415 ,Λογίζου
2391 1348 2499 1400 τῶν
2530 1348 2774 1420 οὐρανῶν
2819 1347 3040 1415 ἀγαθῶν
3085 1349 3184 1419 τὴν
3237 1349 3580 1416 εὐπρέπειαν
3608 1363 3622 1376 ·

2052 1441 2148 1492 καὶ
2179 1442 2353 1504 πάθος
2383 1439 2539 1493 οὐδέν
2575 1459 2657 1494 σοι
2686 1441 2786 1510 τῆς
2815 1441 2935 1510 γῆς,
2973 1441 3006 1506 ἢ
3037 1441 3146 1492 τῶν
3185 1441 3248 1493 ἐκ
3278 1443 3475 1509 ταύτης
3500 1458 3626 1510 τερ-

2053 1532 2200 1584 πνῶν
2229 1533 2636 1606 ἐπεισέρχεται.

2131 1644 2324 1697 Ἢνίκα
2364 1662 2414 1697 τι
2451 1646 2580 1714 περὶ
2626 1645 2760 1698 Θεοῦ
2810 1647 3102 1716 ἐπέρχεταί
3128 1664 3209 1698 σοι
3233 1649 3392 1708 νοεῖν,
3429 1646 3502 1715 μὴ
3535 1646 3627 1697 τῖιν

2053 1733 2204 1798 Θεὸν,
2261 1733 2397 1786 ἀλλὰ
2430 1734 2661 1786 σαυτόν·
2709 1735 2860 1787 οὐδὲν
2918 1737 3025 1805 γὰρ
3073 1735 3334 1803 ἀσφαλὲς,
3395 1736 3533 1805 ὑπὲρ
3572 1736 3628 1786 τι

2057 1830 2277 1897 μέτρον,
2311 1829 2446 1898 ὅπερ
2476 1826 2782 1897 χωρούμεν,
2809 1829 3117 1898 ἐπέρχεται.

2125 1939 2236 2002 Τὰς
2288 1940 2526 2008 φαύλους
2567 1940 2890 2011 ἐνθυμήσεις
2919 1941 3122 2011 σπόρον
3150 1937 3286 1996 εἶναι
3321 1942 3413 1994 τοῦ
3443 1942 3626 1994 διαδό-

2053 2030 2144 2082 λου
2175 2033 2396 2084 πίστευε
2418 2047 2430 2060 ·
2457 2031 2598 2084 οὕτω
2629 2035 2735 2102 γὰρ
2754 2034 2914 2086 αὑταὶ
2941 2033 3206 2086 παύονται
3251 2034 3278 2084 ὁ
3309 2033 3364 2085 δὲ
3392 2036 3630 2101 σπορεὶς

2053 2123 2390 2192 αἰσχύνεται.

2123 2233 2312 2285 Φείδου
2339 2234 2404 2286 τὰ
2443 2233 2613 2286 πολλὰ
2637 2233 2875 2301 γέλωτος
2901 2247 2913 2261 ⁸
2943 2236 3132 2303 χαυνοῖ
3155 2233 3262 2305 γὰρ
3285 2234 3383 2302 τὴν
3425 2232 3625 2300 ψυχήν.

2055 2325 2410 2378 Χαυνωθεῖσα
2455 2325 2512 2378 δὲ
2551 2325 2627 2394 τῷ
2657 2326 2750 2377 τοῦ
2798 2326 2963 2395 νόμου
2991 2325 3194 2394 χαλινῷ
3224 2322 3461 2392 εὐχερῶς
3491 2325 3632 2375 απο-

2056 2415 2256 2478 δύεται.

2129 2529 2222 2592 Εἰς
2281 2528 2416 2598 ἔργα
2443 2529 2522 2580 δεῖ
2549 2529 2648 2600 τὴν
2694 2527 2869 2598 ψυχὴν
2915 2528 3008 2580 καὶ
3048 2527 3356 2597 προσευχὰς
3409 2525 3632 2596 μερίζε-

2059 2621 2184 2674 σθαι
2210 2637 2224 2652 ·
2255 2621 2398 2674 οὕτω
2415 2622 2524 2692 γὰρ
2555 2622 2616 2674 οὐ
2646 2622 2841 2684 πολλὰς
2879 2620 3127 2690 εὑρίσκει
3159 2619 3297 2689 πρὸς
3353 2620 3497 2689 ἡμᾶς
3531 2619 3630 2680 τὰς

2058 2714 2295 2777 εἰσόδους
2325 2716 2352 2766 ὁ
2383 2714 2648 2776 διάϐολος.

2132 2830 2334 2900 ’Ἔργον
2376 2825 2512 2881 εἶναι
2565 2828 2659 2881 τοῦ
2691 2829 2855 2898 νόμου
2912 2826 3010 2896 τὴν
3055 2825 3362 2893 ἀνάγνωσιν
3417 2823 3631 2892 νομιζε,

2059 2919 2184 2973 ὅταν
2227 2919 2366 2990 μετὰ
2399 2921 2499 2990 τῆς
2532 2919 2780 2989 γλώττης
2804 2922 2831 2972 ὁ
2868 2919 2990 2982 νοῦς
3037 2916 3308 2987 τρυγῆσαί
3341 2933 3391 2968 τι
3436 2916 3632 2978 θέλων,

379 3036 638 3089 gnoscere
690 3021 819 3090 quid
857 3023 1077 3084 volens,
1121 3022 1173 3074 in
1217 3022 1372 3076 libi-is
1423 3038 1547 3076 cum
1597 3024 1780 3079 labore
1829 3041 1948 3080 ver-

2091 3031 2116 3064 ν
2143 3015 2261 3075 ταῖς
2289 3011 2490 3082 βίϐλοις
2523 3012 2844 3083 ἐργάζηται.

378 3119 549 3164 Sﬂllﬂ'.

449 3219 536 3274 80.
578 3223 713 3278 Cum
764 3223 830 3277 ad
891 3223 1103 3278 labores
1166 3240 1386 3278 manum
1443 3227 1715 3291 moveris,
1775 3227 1953 3292 lingua

379 3313 576 3383 psallat
621 3323 673 3368 et
725 3331 876 3369 meus
929 3325 1066 3371 oret.
1111 3317 1288 3385 Exigit
1341 3317 1486 3372 enim
1547 3317 1687 3373 Deus
1738 3329 1797 3374 ιιι
1835 3320 1954 3389 ejus

380 3422 595 3476 semper
616 3423 883 3461 memores
911 3410 1104 3463 simus.
1439 3467 1443 3470 ,
1911 3399 1920 3408 ί

450 3519 538 3572 8|.
578 3521 751 3576 Omne
771 3523 912 3590 quod
949 3522 1084 3592 agis,
1117 3522 1362 3578 oratione
1384 3523 1704 3594 obsignato:
1747 3527 1798 3580 id
1827 3541 1955 3580 vero

383 3612 616 3666 maxime
665 3613 731 3667 de
762 3630 870 3684 quo
893 3627 1129 3669 mentem
1163 3616 1314 3671 vides
1347 3617 1706 3672 dubitantem.

451 3808 539 3860 82.
582 3809 638 3861 Si
685 3809 764 3864 vis
822 3827 1081 3866 manuum
1127 3822 1342 3868 tuarum
1391 3815 1605 3870 labores
1659 3816 1872 3871 divinos
1903 3825 1956 3871 et

383 3910 488 3948 non
520 3904 763 3952 terrenos
817 3899 954 3965 ﬁeri,
998 3903 1244 3970 quaedam
1299 3919 1365 3955 ex
1421 3903 1486 3956 iis
1528 3905 1956 3959 communicabis

383 4001 504 4041 cum
537 3991 835 4057 egentibus.

455 4105 542 4161 83.
579 4107 762 4162 Gaude
831 4121 1144 4165 sanctorum
1203 4112 1512 4182 colloquio:
1555 4129 1650 4183 per
1677 4128 1769 4169 eos
1809 4115 1953 4172 enim

389 4195 530 4250 Deus
559 4199 653 4251 tibi
683 4200 1089 4255 manifestatur.

457 4308 546 4361 81.
590 4310 725 4364 Vere
785 4324 1000 4369 sanctos
1047 4318 1115 4370 ab
1169 4319 1422 4386 operibus
1476 4320 1754 4390 dignosce.
1811 4321 1958 4378 Una-

387 4418 613 4471 quatque
652 4420 884 4474 namque
920 4411 1082 4461 arbor
1112 4427 1141 4462 e
1179 4411 1356 4465 fructu
1395 4412 1750 4482 dignoscitur.

458 4516 545 4570 85.
591 4518 814 4587 Semper
850 4521 1043 4575 lucrari
1090 4523 1289 4591 aliquid
1325 4525 1483 4578 stude
1531 4543 1595 4580 ex
1642 4536 1955 4582 sanctorum

385 4611 860 4678 contemplatione.
895 4614 1132 4666 Observa
1159 4629 1285 4668 vero
1327 4615 1565 4684 ipsorum
1605 4629 1880 4687 aspectum
1906 4629 1957 4674 et

388 4699 630 4754 habitum
660 4719 672 4752 :
705 4712 996 4772 utrumque
1037 4707 1182 4758 enim
1216 4709 1442 4776 perutile
1473 4719 1576 4764 est.

455 4814 545 4868 86.
583 4817 787 4872 Exeree
826 4818 1112 4885 puritatem
1153 4821 1205 4874 in
1239 4822 1422 4884 corde,
1459 4832 1509 4875 et
1561 4826 1862 4900 castitatem
1903 4829 1956 4880 in

385 4921 634 4976 corpore.
669 4908 740 4961 Ea
773 4910 916 4963 enim
950 4919 1178 4980 utraque
1219 4915 1470 4982 templum
1498 4916 1590 4970 Dei
1627 4926 1677 4971 te
1700 4918 1954 4974 alliciunt.

456 5022 544 5074 87.
590 5022 680 5075 Sic
727 5023 910 5092 itaque
945 5027 1200 5094 templum
1238 5029 1473 5089 custodi.
1507 5039 1564 5082 ut
1597 5030 1688 5084 Dei
1730 5035 1821 5102 qui
1861 5050 1958 5087 ex-

384 5114 663 5178 struxerit,
706 5125 760 5170 et
805 5117 1050 5184 judicare
1097 5120 1352 5185 volentis,
1399 5131 1451 5176 et
1490 5122 1782 5192 imaginem
1811 5136 1956 5180 tuam

386 5205 526 5274 (qua:
577 5215 661 5259 est
720 5208 1142 5280 ipsius'imago)
1198 5228 1384 5280 puram
1430 5214 1496 5268 ad
1552 5217 1787 5285 regulam
1845 5221 1959 5273 exi—

383 5298 579 5365 gentis.

453 5413 542 5466 88.
583 5413 936 5470 Szccularium
989 5420 1438 5474 conversationes
1482 5431 1720 5477 mentem
1775 5439 1802 5476 a
1850 5424 1957 5480 Deo

383 5516 699 5586 δθὲἔνίζέθηῑε
734 5519 1065 5582 (ιιιεψιὈριρι
1087 5513 1233 5584 ipsos
1253 5528 1350 5572 nec
1371 5514 1670 5585 alloquerc,
1701 5517 1794 5572 sed
1825 5520 1965 5574 allo-

381 5601 613 5662 quentes
643 5599 878 5654 declina.

2146 3214 2270 3268 Ἐὰν
2317 3216 2398 3277 εἰς
2426 3213 2562 3285 ἔργα
2597 3213 2696 3284 τὴν
2733 3217 2893 3284 χεῖρα
2942 3216 3117 3284 κινῇς,
3172 3216 3206 3284 ἡ
3254 3214 3470 3281 γλῶττα
3495 3217 3638 3284 ψαλι-

2061 3307 2218 3367 λέτω,
2263 3307 2354 3358 καὶ
2389 3308 2418 3358 ὁ
2465 3307 2591 3368 νούς
2641 3305 3031 3376 προσευχέσθω
3059 3322 3073 3336 ·
3121 3309 3344 3362 ἀπαιτεῖ
3395 3308 3498 3376 γὰρ
3547 3308 3640 3360 nisi

2063 3400 2194 3470 ’παρ’
2222 3397 2376 3467 ἡμῶν
2411 3402 2438 3452 ὁ
2474 3398 2609 3463 Θεὸς
2647 3399 3103 3470 μνημονεύεσθαι.

2131 3516 2318 3570 Πᾶσαν
2373 3513 2471 3583 μὲν
2521 3513 2721 3584 πρᾶξιν
2785 3515 2871 3567 διὰ
2943 3517 3250 3584 προσευχῆς
3325 3514 3594 3584 σφράγιζε
3623 3532 3638 3546 ·

2061 3608 2264 3676 ταύτην
2321 3608 2377 3660 δὲ
2437 3607 2690 3677 μάλιστα,
2743 3607 2827 3675 ἐς)
2974 3609 3064 3660 τὸν
3113 3607 3374 3676 λογισμὸν
3409 3609 3642 3678 θεωρεῑς

2061 3699 2489 3769 ἀμφιϐάλλοντα.

2134 3812 2196 3864 Εἰ
2236 3813 2415 3881 βούλει
2474 3811 2541 3864 τὰ
2585 3812 2691 3864 τῶν
2740 3810 2939 3880 χειρῶν
2964 3810 3122 3880 ἔργα,
3159 3811 3278 3863 θεῖά
3317 3827 3402 3864 σοι
3435 3813 3531 3864 καὶ

2063 3906 2218 3974 χοῖκᾰ
2240 3904 2509 3971 γίνεσθαι,
2546 3904 2701 3956 κοινά
2733 3920 2816 3956 σοι
2841 3903 2906 3954 τὰ
2935 3902 2993 3966 ἐξ
3021 3903 3198 3956 αὐτῶν
3225 3903 3461 3969 γένεσθω
3500 3905 3642 3972 πρὶς

2062 3997 2186 4058 τοὺς
2215 3995 2534 4065 χρῄζοντας.
3333 3987 3343 3999 ’

2133 4105 2305 4177 Χαῖρε
2335 4113 2400 4180 τῇ
2432 4110 2540 4160 τῶν
2590 4108 2758 4175 ἁγίων
2797 4108 3034 4173 ἐντεύξει
3074 4123 3084 4136 ·
3132 4109 3200 4160 δι’
3254 4109 3432 4162 αὐτῶν
3465 4110 3579 4178 γὰρ
3609 4114 3642 4161 ὀ

2064 4203 2218 4276 Θεὸτξ
2237 4205 2613 4274 ἐμφανίζεται.

2135 4317 2273 4376 Τοὺς
2336 4315 2549 4383 ἀληθῶς
2600 4315 2786 4382 ἁγίους
2847 4315 2952 4366 ἀπὸ
2983 4314 3091 4368 τῶν
3137 4314 3314 4384 ἔργων
3369 4313 3636 4384 διακρινοε.

1991 4384 2034 4437 D
2065 4406 2332 4458 Ἕκαστον
2360 4407 2466 4475 γὰρ
2499 4407 2712 4476 δένδρον
2743 4410 2804 4458 ὲκ
2831 4408 2923 4458 τοῦ
2957 4407 3166 4477 καρποῦ
3200 4406 3547 4478 γνωρίζεται.

2147 4519 2259 4573 Ἀεί
2289 4539 2337 4572 τι
2365 4521 2665 4591 κερδαίνειν
2705 4524 2769 4573 ἐκ
2796 4524 2893 4591 τῆς
2925 4521 3159 4590 θεωρίας
3198 4525 3295 4590 τῆς
3321 4524 3425 4574 τῶν
3465 4525 3644 4590 ἁγίων

2067 4613 2332 4678 σπούδαζε
2362 4629 2376 4643 ο
2407 4614 2658 4682 ἐπιτήρει
2689 4613 2744 4665 δὲ
2771 4612 2950 4666 αὐτῶν
2982 4613 3224 4682 βλέμμα,
3277 4615 3372 4666 καὶ
3407 4616 3596 4686 σχῆμα
3627 4632 3641 4643 ·

2068 4705 2343 4772 ἐπωφελὲς
2371 4705 2478 4775 γὰρ
2509 4705 2669 4757 ὲκάτε
2679 4723 2792 4776 ρον.

2149 4817 2410 4870 Ἀκακίαν
2429 4817 2584 4870 ἄσκει
2606 4819 2671 4887 τῇ
2695 4817 2911 4887 καρδίᾳ,
2937 4818 3030 4870 καὶ
3055 4819 3278 4884 ἁγνείαν
3307 4819 3384 4890 τῷ
3403 4821 3646 4890 σώματι’

2066 4910 2236 4962 ταῦτα
2272 4911 2380 4981 γὰρ
2412 4909 2580 4978 ἄμφω
2613 4927 2670 4962 σε
2702 4909 2837 4962 Θεοῦ
2866 4909 2989 4962 ναὸν
3018 4911 3416 4979 ἀπεργάζεται.

2138 5047 2322 5110 Οὕτως
2344 5043 2436 5101 οὖν
2460 5049 2691 5116 ςρύλαττε
2716 5048 2804 5100 τὸν
2828 5047 2975 5113 ναὸν,
2997 5047 3070 5110 ὡς
3099 5047 3193 5101 τοῦ
3224 5051 3526 5110 κτίσαντος
3548 5052 3652 5103 καὶ

2066 5141 2248 5211 κρίναι
2297 5141 2600 5210 μέλλοντος,
2662 5143 2758 5194 καὶ
2812 5142 2912 5213 τὴν
2943 5143 3131 5196 εἰκόνα
3177 5159 3237 5195 σε
3278 5144 3395 5214 (τὴν
3423 5145 3649 5212 ἑαυτοῦ)

2066 5231 2310 5300 καθαρὰν
2344 5233 2739 5303 μεθοδεύοντος.

2137 5433 2201 5484 Δί
2228 5432 2337 5484 τῶν
2387 5432 2657 5501 βιωτικῶν
2684 5434 2893 5502 ὁμιλίαι
2929 5435 3018 5487 τὸν
3055 5435 3319 5504 λογισμὸν
3351 5436 3458 5489 ἀπὸ
3497 5435 3654 5487 ,Θεοῖ

2067 5523 2400 5592 χωρίζουσι·
2452 5525 2641 5594 διόπερ
2675 5527 2866 5591 αὑταῖς
2925 5527 3059 5597 μηδὲ
3099 5528 3370 5595 συλλάλει,
3399 5530 3491 5584 καὶ
3519 5527 3656 5590 τοὺς

2065 5614 2361 5679 λαλοῦντας
2387 5615 2619 5669 ἔκκλινε.
