3994 6182
366 194 501 259 1265

1856 215 2137 276 SERMO.

3480 226 3620 291 1266

359 321 468 357 των
512 303 725 375 κτῆσιν,
780 308 1086 379 προκόιᾷασι
1126 311 1203 376 δὲ,
1252 314 1344 367 καὶ
1373 315 1469 387 τὴν
1506 317 1708 372 τούτων
1754 318 1939 376 λοιπὸν

2045 325 2205 390 riam,
2255 325 2459 381 talibus
2498 329 2766 385 emulceat
2808 330 2985 387 verbis
3016 332 3160 389 ell‘ati
3210 335 3613 410 dilileultatem;

362 394 462 448 οὐκ
496 397 898 468 ἐπιδεχομένοις
932 400 1155 474 βλάϐην,
1201 407 1485 479 ἐπιτρέπει
1518 410 1726 477 τούτοις
1771 412 1943 477 ἀδεῶς

364 486 523 554 αὖθις
551 492 869 563 κεχρῆσθαι,
911 497 1011 552 οὐκ
1038 498 1117 553 ἔτι
1148 502 1289 556 κατά
1317 504 1443 567 τοὺς
1478 505 1704 572 πολλοὺς
1730 507 1809 580 τῷ
1838 512 1940 580 ἀρ-

366 583 541 654 γυρίῳ
578 587 1063 658 προσπάσχοντας,
1110 592 1227 646 οὐδὲ
1289 597 1624 667 νικωμένους
1678 599 1943 671 φιλαργυο

368 674 491 745 ρίας
522 675 727 748 ἀπάτῃ,
774 681 939 749 φησὶν
987 682 1080 735 καί
1105 700 1119 714 ο
1175 702 1196 736 ι
1234 686 1403 741 Ὀταν
1452 689 1748 745 ἀπέστειλα
1801 692 1943 762 ὑμᾶς

368 766 537 835 χωρὶς
565 766 848 836 βαλαντίου
891 773 984 824 καὶ
1016 773 1217 845 πήρας,
1274 779 1348 849 μή
1384 796 1528 843 τινος
1563 781 1939 854 ὑστερήσατε;

368 854 463 907 νῦν
490 854 547 907 δὲ
576 855 717 924 λέγω
744 858 893 927 ὑμῖν
936 861 995 914 '0
1040 862 1180 933 έχων
1210 864 1515 933 βαλάντιον,
1562 868 1797 936 λαϐέτω,
1846 871 1943 925 καὶ

369 946 553 1016 πήραν
601 948 821 1017 ὁμοίως.
861 969 882 1002 ι
926 954 1074 1008 Ἔδει
1108 955 1217 1028 γὰρ
1244 956 1439 1021 αὐτοὺς
1478 961 1535 1014 ἐν
1582 961 1722 1032 ἀρχῇ
1776 963 1943 1033 μηδὲν

369 1037 830 1108 ἐπιφερομένους,
879 1047 1075 1116 πεῖραν
1120 1045 1307 1102 λαϐεῖν
1336 1049 1436 1119 τῆς
1476 1051 1571 1105 τοῦ
1620 1053 1943 1108 διδασκάλου
1986 1062 1996 1069 ’

367 1128 667 1198 δυνάμεως,
717 1134 1104 1208 σχεδιαζούσης
1142 1141 1326 1204 αὐτοῖς
1368 1142 1714 1214 καθεκάστην
1744 1146 1944 1217 ἀμερί-

371 1236 518 1289 μνως
547 1221 647 1291 τὴν
679 1225 871 1294 χρείαν
907 1227 1001 1280 τοῦ
1051 1229 1319 1300 σώματος.
1373 1236 1447 1289 Οὐ
1484 1236 1643 1306 μόνον
1671 1237 1728 1291 δὲ
1760 1239 1940 1305 τοῦτο,

365 1311 501 1366 ἀλλὰ
547 1314 640 1368 καὶ
687 1316 749 1369 τὸ
782 1318 887 1387 πρὸ
939 1322 1135 1391 μικροῦ
1181 1326 1492 1396 εἰρημένον,
1538 1329 1625 1382 ἵνα
1661 1331 1943 1402 ἐγγυμνα-

369 1403 585 1468 σθέντες
617 1408 683 1476 τῇ
715 1407 1087 1482 ἀκτημοσύνῃ,
1117 1413 1230 1478 ἕξιν
1264 1414 1468 1487 ταύτης
1507 1418 1713 1472 λάϐωσι
1741 1420 1943 1493 δυσμε·

364 1493 673 1585 τακίνητον,
702 1499 762 1551 τὸ
781 1500 1132 1570 ἀπροσπαθὲς
1157 1506 1370 1571 ἑαυτοῖς
1397 1511 1516 1562 κατ’
1540 1511 1718 1580 ὀλίγον
1746 1529 1943 1585 κατορ-

367 1584 658 1653 θώσαντες,
687 1588 774 1644 διά
798 1591 899 1662 τὴν
924 1593 1155 1660 πολλοὺς
1182 1598 1527 1654 ἀπολέσασαν
1549 1584 1937 1675 φιλαργυρίαν.

366 1676 511 1748 Δῦτη
558 1680 685 1751 γὰρ,
733 1658 971 1739 καὶ-τὸν
1023 1658 1227 1742 Ἰούδαν
1275 1691 1356 1753 εἰς
1399 1690 1460 1744 τὸ
1506 1658 1607 1763 της
1974 1658 2014 1716 Β

2043 419 2189 487 quod
2238 418 2444 475 scilicet
2492 422 2753 491 apostolis
2802 424 3185 494 incipientibus
3230 430 3447 498 quidem
3504 439 3617 505 pie-

2045 507 2179 563 tatis
2224 509 2515 580 cultusque
2555 511 2724 566 divini
2756 514 2993 569 studium
3043 513 3306 573 Dominus
3334 532 3615 590 pauperta‘

2044 605 2151 653 tem
2187 598 2488 666 mandavit,
2535 601 2722 656 volens
2776 612 2834 657 ut
2862 602 2963 658 soli
3008 618 3264 662 vacarent
3307 608 3612 665 divinat-nm

2041 686 2457 757 disciplinarum
2507 687 2866 756 meditationi,
2923 691 3212 764 sciensque
3246 696 3612 768 imperfectiu-

2041 778 2195 836 ribus
2225 780 2587 849 periculosam
2627 796 2747 838 esse
2788 785 3138 853 pecuniarum
3186 790 3614 856 possessionem;

2041 881 2099 929 at
2132 873 2244 946 jam
2275 889 2623 945 progressum
2664 875 3008 943 facientibus,
3051 893 3362 950 noxamque
3392 897 3456 936 ex
3508 883 3615 939 illis

2042 965 2110 1020 de
2141 974 2339 1020 caetero
2372 967 2575 1021 nullam
2612 968 3045 1035 admittentibus,
3078 973 3363 1041 permittit,
3397 984 3455 1027 ut
3485 974 3631 1044 ipsis,

2043 1059 2269 1113 licenter
2324 1058 2653 1128 impuneque
2708 1058 2904 1115 iterum
2969 1069 3213 1130 utantur,
3264 1074 3451 1135 utpote
3522 1065 3631 1135 qui"

2046 1164 2154 1203 non
2186 1147 2419 1219 amplius
2449 1148 2532 1218 (ut
2562 1150 2715 1204 ntulti
2744 1152 3004 1221 assolent)
3034 1163 3257 1223 argento
3283 1156 3620 1211 adhaeresce-

2046 1240 2174 1294 bant
2224 1254 2346 1294 cum
2391 1239 2666 1308 passione,
2706 1254 2882 1309 neque
2911 1242 2980 1295 ab
3024 1244 3268 1299 avaritiae
3299 1244 3621 1315 deceptione

2044 1328 2437 1395 vincebantur;
2465 1337 2519 1383 et
2557 1328 2667 1383 ait:
2725 1349 2743 1381 ι
2773 1328 3002 1396 Quando
3052 1332 3177 1388 misi
3209 1348 3304 1389 vos
3338 1334 3455 1389 sine
3497 1351 3620 1391 sae-

2042 1419 2167 1473 culo
2221 1426 2275 1473 et
2305 1433 2454 1488 pera,
2490 1419 2737 1490 nunquid
2784 1420 2987 1490 aliquid
3029 1421 3201 1477 defuit
3249 1424 3441 1479 vobis?
3472 1442 3621 1481 nutte

2043 1517 2224 1563 autem
2263 1509 2387 1563 dico
2426 1507 2605 1573 vobis,
2637 1508 2732 1578 qui
2779 1508 2942 1564 habet
2988 1512 3267 1565 sacculum
3307 1515 3538 1583 accipiat
3568 1524 3623 1569 et.

2046 1616 2229 1671 peram
2260 1601 2515 1657 similiter
2530 1601 2601 1654 ⁸⁵.
2620 1618 2638 1651 ι
2658 1599 2954 1669 Oportebat
2969 1603 3167 1673 quippe
3185 1604 3331 1671 ipsos
3358 1605 3511 1659 initio
3537 1608 3621 1659 ni-

2049 1691 2123 1745 hil
2182 1690 2654 1755 circumferendo,
2701 1692 3090 1761 experientiam
3138 1692 3320 1749 facere
3380 1694 3620 1765 Magistri

366 1766 633 1822 κατέϐαλε
682 1770 990 1843 βάραθρον,
1034 1775 1352 1832 ὲνεθίσαντα
1403 1784 1516 1845 τοῖς
1552 1784 1831 1854 χρήμασιν
1874 1788 1939 1842 ὲκ

2045 1781 2333 1850 potentiae,
2379 1795 2502 1850 qum
2543 1781 2677 1851 ipsis
2720 1797 3062 1854 quaecunque
3098 1796 3254 1839 erant
3282 1786 3524 1854 quotidie
3554 1788 3620 1840 azl

361 1856 455 1910 τοῦ
490 1862 845 1918 πεπιστεῦθαι
869 1864 938 1919 τὸ
960 1865 1062 1936 τῆς
1090 1867 1362 1934 διακονίας
1389 1873 1497 1926 τῶν
1525 1877 1733 1930 πιστῶν
1759 1878 1937 1947 γλωσ-

2044 1878 2292 1947 corporis
2321 1874 2672 1945 indigentiam
2702 1876 3008 1931 necessaria
3028 1917 3043 1943 ,
3075 1875 3523 1932 subministrabat
3556 1895 3618 1931 ex

364 1948 619 2020 σόκομον.
2044 1978 2308 2039 tempore.
2340 1965 2538 2022 Verum
2565 1981 2673 2021 non
2700 1966 2877 2021 solum
2914 1966 3037 2033 hoc,
3072 1968 3165 2022 sed
3196 1977 3251 2022 et
3287 1969 3429 2037 quod
3465 1969 3623 2037 paulo

363 2048 489 2093 ante
524 2042 736 2099 dictum
765 2045 887 2109 fuit.
921 2057 981 2102 ut
1021 2049 1280 2106 nimirum
1310 2058 1643 2123 paupertatis
1676 2061 1936 2119 exercitio
1970 2063 2207 2135 probati,
2237 2059 2402 2131 hujus
2453 2057 2701 2112 habitum
2740 2068 3141 2127 compararent,
3170 2060 3263 2128 qui
3328 2061 3617 2117 dilliculter

363 2134 559 2227 mutari
616 2147 821 2205 posset,
877 2139 1233 2213 sibimetipsis
1282 2145 1534 2214 paulatim
1587 2151 1931 2219 perﬁcientes
1973 2134 2292 2227 passionum
2322 2151 2645 2219 carentiam,
2683 2160 2902 2220 propter
2959 2153 3270 2214 avaritiam,
3312 2169 3433 2222 qua:
3510 2159 3623 2226 pln-

364 2224 536 2279 rimos
617 2228 882 2295 perdidit;
949 2230 1064 2303 ipsa
1090 2247 1324 2302 namque
1362 2245 1416 2290 et
1448 2234 1643 2293 Judam
1692 2241 1749 2296 in
1795 2224 2005 2301 foveam
2044 2243 2368 2317 proditionis
2402 2241 2511 2313 egit
2558 2241 2911 2313 prrecipitem,
2947 2245 3197 2314 pecuniis
3217 2224 3611 2310 assuefactum,

361 2330 426 2370 ex
451 2331 520 2370 eo
545 2317 692 2386 quod
719 2317 820 2385 ipsi
848 2321 1186 2391 marsupium
1211 2324 1500 2381 ministerii
1531 2327 1769 2386 ﬁdelium
1802 2332 1993 2391 fuisset
2019 2332 2415 2391 concreditum.

967 2456 1213 2512 ΚΕΦΛΛ.
1245 2459 1319 2515 B’.

430 2592 546 2645 Οὐκ
564 2585 681 2645 οἶδα
708 2592 765 2645 δὲ
789 2593 995 2656 λοιπὸν,
1029 2596 1158 2667 περί
1186 2597 1298 2661 τοῦ,
1336 2620 1354 2651 ι
1396 2601 1455 2654 'U
1488 2601 1626 2673 ἔχων
1654 2604 1932 2679 μάχαιραν

362 2682 592 2742 λαϐέτω,
624 2684 725 2735 καὶ
745 2685 773 2736 ὁ
804 2685 877 2754 μὴ
904 2685 1043 2754 έχων
1078 2688 1388 2759 πωλησάτω
1431 2695 1493 2749 τὸ
1564 2696 1777 2766 ἱμάτιον
1834 2698 1932 2752 αύ-

361 2772 479 2835 τοῦ,
520 2774 611 2826 καὶ
631 2774 956 2845 ἀγορασάτω
987 2779 1282 2850 μάχαιραν,
1335 2803 1353 2833 ι
1387 2784 1501 2847 πῶς
1528 2787 1931 2859 ἀπολογήσεται

2657 2464 2884 2520 CAPUT
2949 2464 3014 2522 11.

2110 2600 2376 2656 Caeterum
2459 2598 2606 2652 circa
2671 2603 2813 2662 hoc,
2854 2615 2872 2649 ι
2946 2594 3051 2663 Qui
3124 2596 3287 2652 habet
3338 2599 3615 2669 gladium,

2040 2701 2305 2759 assumat,
2365 2698 2421 2746 et
2478 2689 2574 2759 qui
2651 2704 2757 2744 non
2822 2688 3005 2754 habet,
3068 2688 3269 2745 vendat
3324 2690 3620 2745 vestimen-

2040 2792 2157 2839 tum
2198 2797 2396 2846 snum,
2430 2788 2506 2836 et'
2537 2779 2959 2851 ematgladium
2987 2820 3002 2846 ,
3038 2799 3056 2831 ι
3081 2779 3268 2837 nescio
3325 2797 3615 2854 quamnam

361 2864 512 2933 ὁτῆς
566 2865 807 2936 ἱστορίας
852 2869 1250 2940 προϊστάμενος
1293 2873 1603 2945 εἰρηνικοὺς
1646 2873 1786 2932 εἶναι
1836 2880 1929 2933 τοῦ

2041 2873 2367 2929 defensivam
2447 2871 2860 2941 responsionem
2949 2871 3137 2939 dabit,
3209 2871 3303 2943 qui
3380 2872 3617 2929 litteram

367 2954 593 3025 Κυρίου,
654 2957 752 3009 καὶ
797 2958 1062 3023 ἐπιεικεῖς
1110 2964 1387 3033 πανταχοῦ
1438 2964 1764 3037 βουλομένου
1798 2971 1926 3032 τοὺς

366 3045 638 3116 μαθητάς.
663 3047 802 3117 Φέρε
829 3048 894 3120 δὴ
916 3047 1010 3104 οὖν
1032 3051 1252 3123 ἴδωμεν,
1287 3055 1405 3118 πῶς
1444 3056 1506 3110 τὸ
1538 3058 1673 3113 αὐτὸ
1699 3060 1932 3131 πρόσταο

361 3149 499 3202 γμα,
535 3136 865 3203 σωματικῶς
899 3138 1019 3207 μὲν,
1050 3139 1307 3211 καὶπρὸς
1348 3143 1496 3210 λέξιν
1550 3146 1701 3199 ἐστὶν
1731 3148 1931 3203 ἀδύνα-

361 3241 472 3292 τον,
501 3228 887 3297 πνευματικῶς
935 3229 993 3282 δὲ
1040 3231 1137 3285 καὶ
1181 3233 1432 3299 δυνατὸν,
1487 3236 1583 3292 καὶ
1632 3238 1930 3308 ὠφέλιμον.

374 3319 570 3387 Ἑγγὺς
600 3319 693 3373 τοῦ
718 3320 924 3385 πάθους
952 3321 1242 3393 γενόμενος
1269 3326 1298 3378 ὁ
1328 3325 1553 3397 Κύριος,
1587 3329 1681 3383 καὶ
1723 3329 1934 3398 μέλλων

360 3410 441 3479 τῷ
481 3410 697 3481 σταυρῷ
727 3413 1152 3485 προσέρχεσθαι,
1198 3417 1457 3488 ἐπιϐουλῇ
1499 3418 1597 3488 μὲν
1637 3419 1744 3473 τῶν
1798 3422 1931 3473 Ἰου-

360 3501 546 3562 δαίων,
571 3500 766 3574 γνώμῃ
786 3503 843 3557 δὲ
860 3504 1037 3573 οἰκείᾳ
1051 3504 1141 3559 διὰ
1166 3505 1263 3576 τὴν
1294 3509 1565 3577 σωτήριον
1594 3509 1931 3581 οἰκονομίαν,

360 3591 532 3646 ταῦτά
594 3609 781 3663 φησιν,
829 3592 1269 3664 παρασκευάζων
1348 3597 1486 3667 πρὸς
1564 3598 1744 3670 μάχην
1801 3600 1931 3663 τοὺς

364 3682 638 3752 μαθητάς,
693 3681 803 3736 τῶν
860 3683 1492 3755 ἀντιπαρατασσομένων
1536 3690 1606 3760 τῇ
1664 3688 1958 3760 ἀληθεία,’

364 3774 544 3843 μάχην
610 3774 712 3827 οὐκ
766 3773 1088 3845 ὲρέσχελον,
1142 3773 1380 3829 διάθεσιν
1452 3777 1935 3849 στρατηγουμέντ,ν

362 3863 537 3934 θυμῷ,
585 3865 699 3917 ἀλλ’
757 3865 972 3933 ἀγῶνος
1044 3866 1280 3937 ἅμιλλαν
1351 3867 1562 3933 ἐνθέου,
1622 3870 1717 3921 καὶ
1776 3866 1935 3938 ζῆλον

361 3956 673 4019 θεοσεϐείας
697 3955 925 4027 ἔχουσαν
951 3958 1368 4029 πεπυρωμένον
1394 3956 1538 4031 ἑώρα
1564 3959 1671 4032 γὰρ
1696 3960 1794 4032 ἤδη
1811 3962 1937 4026 τοὺς

361 4049 601 4111 ἀναιδεῖς
622 4048 789 4112 κύνας
823 4048 1112 4113 Ἰουδαίους
1130 4049 1458 4114 λυσσῶντας
1492 4052 1634 4105 κατά
1663 4052 1763 4123 τῆς
1789 4052 1937 4117 θείας

358 4138 730 4202 διδασκαλίας,
759 4139 853 4191 καὶ
877 4138 1170 4192 καταλύειν
1210 4138 1541 4205 σπεύδοντας
1572 4141 1634 4194 τὸ
1666 4143 1934 4212 σωτήριον

361 4230 647 4301 κήρυγμα,
674 4229 755 4283 διὸ
784 4230 919 4300 πρὸς
941 4231 1033 4284 τὸν
1059 4232 1177 4285 κατ’
1217 4233 1445 4287 ἐκείνων
1467 4234 1667 4297 αὐτοὺς
1709 4234 1936 4304 διαίρων

362 4323 574 4391 ἀγῶνα,
605 4324 824 4391 ἀφεῖναι
846 4324 943 4393 μὲν
964 4322 1174 4377 κελεύει
1194 4323 1293 4396 τὴν
1312 4325 1582 4397 προτέραν
1611 4325 1933 4392 ἐπιείκειαν,

361 4414 559 4481 χωρεῖν
595 4411 652 4465 δὲ
687 4413 827 4484 πρὸς
856 4412 1079 4483 ἔλεγχον
1128 4415 1235 4468 τῶν
1281 4415 1609 4485 ἀνατρέπειν
1661 4415 1936 4486 πειρωμέ-

362 4518 470 4554 νων
497 4501 595 4572 τὴν
624 4502 885 4573 ἀλήθειαν
920 4506 1291 4575 μαχιμωτέρῳ
1323 4506 1486 4577 λόγῳ.
1510 4508 1680 4577 Χρεία
1702 4508 1800 4577 μὲν
1826 4509 1935 4579 γὰρ

364 4590 442 4662 τῷ
474 4592 785 4662 Χριστιανῷ
821 4593 927 4663 πρό
951 4610 1013 4661 γε
1037 4594 1318 4658 ἁπάντων,
1366 4596 1665 4664 ἀναγκαίου
1704 4597 1936 4669 ἐνδύμα-

362 4699 473 4747 τος,
527 4684 629 4752 τῆς
689 4684 1077 4755 προσηκούσης
1124 4684 1202 4755 τῷ
1253 4684 1477 4754 ὀνόματι
1523 4688 1930 4753 καταστάσεως.

362 4772 578 4840 Κοσμεί
602 4772 712 4843 γάρ
732 4771 1030 4843 ἐνδύματος
1046 4772 1144 4826 οὐκ
1166 4772 1387 4828 ἔλαττον
1406 4773 1580 4846 σεμνὴ
1603 4777 1932 4848 καταστολὴ,

362 4863 459 4915 καὶ
483 4858 611 4932 ἦθος
636 4864 876 4927 ἐπιεικὲς
896 4864 984 4917 τὸν
1014 4864 1361 4934 Χριστιανὸν,
1382 4864 1539 4937 χρεία
1560 4865 1618 4919 δὲ
1646 4867 1743 4920 καὶ
1762 4866 1937 4938 λόγων

368 4955 716 5024 ἀμυντηρίων
764 4955 822 5010 ἐν
860 4954 1038 5026 καιρῷ
1083 4954 1183 5026 τῆς
1229 4954 1363 5026 πρὸς
1410 4956 1536 5020 τοὺς
1588 4957 1933 5031 ἐναντιουμέ-

362 5061 489 5108 νους
520 5046 723 5116 μάχης,
764 5046 852 5099 Ἐν
884 5046 983 5117 μὲν
1010 5040 1102 5099 οὗν
1137 5045 1215 5117 τῷ
1267 5046 1464 5117 καιρῷ,
1498 5050 1660 5119 φησὶν
1685 5090 1701 5116 ,
1744 5043 1789 5119 ᾧ
1833 5051 1937 5105 ἀπ-

363 5136 579 5190 έστειλα
608 5138 753 5207 ὑμᾶς
783 5138 840 5191 ἐν
872 5136 949 5207 τῷ
998 5138 1214 5209 Ἰσραὴλ
1258 5137 1609 5203 διδασκάλους
1635 5140 1816 5207 καλῶς
1853 5142 1933 5196 εἰ-

367 5229 594 5299 ρηνικὴν
666 5230 1046 5284 ὲπεδείκνυσθε
1096 5229 1448 5296 κατάστασιν,
1504 5230 1643 5301 πρὸς
1688 5232 1934 5305 ὑπακοὴν

363 5318 490 5381 τοὺς
512 5319 755 5383 ἀπειθεῖς
798 5321 885 5375 διὰ
921 5323 1017 5392 τῆς
1043 5320 1298 5393 τοιαύτης
1342 5321 1592 5385 ἕλκοντες
1634 5322 1933 5390 πολιτείας,

365 5409 461 5463 καὶ
494 5410 832 5483 ὑπαγόμενοι
860 5414 996 5485 πρὸς
1036 5412 1095 5466 τ’)
1128 5412 1377 5475 εὐπειθὲς
1410 5411 1606 5474 αὐτοὺς
1634 5413 1699 5482 τῇ
1735 5411 1932 5485 ἡμερό-

472 5568 515 5600 ⁸⁵
550 5576 680 5632 Luc.
712 5594 843 5641 uti,
884 5577 970 5631 55.
1102 5571 1359 5637 “Uiatth.
1397 5593 1447 5632 li.
1507 5581 1560 5635 6.

2039 2967 2247 3016 tutatur
2309 2957 2662 3023 historicam;
2730 2972 2854 3011 cum
2913 2956 3175 3014 Dominus
3217 2959 3383 3026 velit,
3429 2960 3616 3030 pacill-

2036 3066 2128 3107 cos
2178 3059 2232 3104 et
2284 3049 2547 3119 benignos
2590 3063 2710 3103 esse
2749 3046 2913 3121 578
2952 3049 3249 3119 discipulos
3282 3050 3650 3122 ubicunque-

2039 3144 2151 3213 Age
2175 3140 2338 3213 igitur
2368 3141 2665 3204 videamus,
2690 3141 2832 3210 quod
2860 3146 3187 3210 praeceptum
3220 3140 3324 3196 hoc
3359 3156 3616 3213 corpora-

2037 3236 2181 3301 liter,
2206 3243 2258 3291 et
2286 3234 2353 3289 ad
2384 3234 2609 3290 verbum
2644 3235 2716 3290 sit
2749 3232 3107 3304 impossibile,
3137 3234 3495 3304 spiritualiter
3515 3252 3615 3290 an.

2038 3339 2167 3393 tem,
2186 3336 2239 3382 et
2264 3327 2543 3397 possibile,
2566 3335 2620 3381 et
2643 3325 2797 3379 utile.
2825 3324 3089 3397 Dominus
3115 3343 3237 3381 cum
3262 3343 3373 3383 snze
3395 3329 3615 3397 prepin-

2037 3432 2176 3485 qnus
2194 3424 2341 3472 esset
2359 3413 2624 3483 passioni,
2652 3424 2706 3467 et
2727 3412 2793 3465 ad
2816 3429 3032 3468 crucem
3062 3430 3385 3470 accessurus
3405 3416 3617 3495 ,ιιιιίςηυ-

2040 3522 2158 3562 rum
2182 3506 2404 3576 quidem
2440 3503 2675 3568 insidiis,
2704 3511 2760 3558 at
2791 3494 2871 3559 ex‘
2897 3505 3103 3577 preprii
3146 3506 3310 3559 animi
3345 3494 3613 3560 sententia

2039 3604 2259 3666 propter
2305 3594 2530 3649 humani
2579 3594 2791 3664 generis
2834 3594 3073 3677 salutare
3117 3592 3472 3666 mysterium,
3502 3596 3617 3650 hmo

2039 3686 2194 3753 dicit,
2243 3699 2554 3756 pratparans
2595 3683 2661 3739 ad
2709 3686 2952 3755 pradium
3015 3686 3311 3757 discipulos
3361 3688 3618 3740 adversus

2038 3791 2133 3833 eos
2193 3777 2289 3847 qui
2336 3785 2524 3831 contra
2586 3776 2867 3831 veritatem
2926 3777 3189 3833 instructa
3245 3779 3617 3834 consistebant

2039 3869 2194 3935 acie;
2241 3866 2485 3939 praelium
2538 3867 2808 3940 (inquam)
2866 3884 2972 3924 non
3027 3869 3293 3936 rixosum,
3338 3871 3481 3941 quod
3536 3885 3618 3926 est

2040 3958 2264 4015 aﬂ‘ectus
2297 3959 2367 4014 ab
2399 3959 2478 4013 ira
2504 4000 2519 4025 ,
2552 3968 2811 4028 tanquam
2846 3959 3016 4025 duce,
3050 3959 3324 4025 directus,
3361 3960 3450 4016 sed
3480 3972 3617 4030 prac~

2042 4047 2177 4105 lium
2207 4046 2413 4103 habens
2447 4047 2809 4102 contentionis
2837 4048 3033 4103 divinae
3068 4050 3308 4103 studium
3339 4050 3613 4119 quoddam

2044 4139 2369 4209 virtuosutn,
2417 4138 2701 4208 zelumqne
2744 4138 2923 4196 cultus
2976 4139 3144 4196 divini
3188 4141 3369 4197 studio
3407 4140 3617 4195 inﬂam-

1972 4269 2013 4323 υ
2041 4245 2250 4289 malum
2279 4251 2295 4291 :
2341 4232 2555 4291 videbat
2584 4231 2782 4304 quippe
2823 4232 3167 4303 impudentes
3206 4249 3368 4290 canes
3398 4232 3567 4289 Judaei
3591 4250 3616 4288 s

2038 4324 2152 4395 jam
2180 4334 2332 4383 actos
2380 4327 2527 4383 rabie
2562 4328 2823 4383 adversus
2866 4327 3103 4383 divinam
3147 4326 3451 4385 doctrinam
3478 4343 3614 4397 prae-

2043 4416 2369 4487 coniumque
2419 4418 2658 4473 salutare
2700 4427 2942 4473 evertere
2986 4417 3340 4483 festinantes;
3389 4417 3510 4471 ideo
3548 4418 3618 4472 ad

2044 4503 2174 4559 illud
2204 4518 2391 4562 contra
2430 4522 2524 4563 eos
2560 4516 2839 4563 certamen
2884 4521 3013 4561 suos
3061 4507 3295 4577 erigens,
3342 4507 3615 4561 dimittere

2042 4598 2260 4668 quidem
2285 4599 2442 4668 jubet
2488 4602 2718 4667 primam
2761 4598 3256 4659 mansuetudinem,
3307 4608 3359 4650 et
3400 4599 3623 4664 prodire

2042 4687 2110 4743 ad
2156 4688 2464 4759 arguendos
2505 4703 2619 4751 eos,
2657 4687 2751 4758 qui
2800 4688 3122 4758 pugnaciori
3159 4702 3412 4742 sermone
3448 4702 3612 4742 cena.

2042 4776 2241 4832 bantur
2256 4776 2537 4832 destruere
2562 4775 2865 4830 veritatem.
2886 4775 3093 4830 Etenim
3121 4783 3245 4830 ante
3267 4776 3451 4831 omnia
3472 4790 3613 4845 Opus

2042 4873 2125 4920 est
2153 4863 2464 4919 Christiano
2500 4862 2817 4919 indumento
2850 4864 3197 4931 necessario,
3227 4863 3384 4934 quod
3400 4866 3609 4920 nomini

2042 4955 2373 5011 conditionis
2414 4955 2738 5022 conveniat;
2788 4963 2949 5009 ornat
2976 4958 3175 5033 quippe
3212 4956 3610 5022 Christianum,

2044 5063 2155 5102 non
2218 5046 2398 5102 minus
2432 5046 2652 5111 vestitu,
2694 5044 2921 5100 honesta
2973 5046 3027 5100 in
3080 5046 3264 5102 habitu
3321 5048 3609 5115 modestia,

2043 5126 2331 5208 moresque
2383 5136 2629 5191 benevoli
2682 5151 2744 5191 ac
2803 5136 3069 5190 mansueti
3123 5155 3135 5191 :
3184 5138 3278 5193 sed
3332 5149 3385 5193 et
3440 5140 3608 5206 przelii

2042 5236 2284 5298 tempore
2330 5234 2521 5282 contra
2569 5226 2846 5297 oppositos
2890 5227 3306 5297 propnisatoriis
3338 5230 3609 5284 sermoni-

2040 5317 2143 5373 bus
2168 5334 2303 5389 opus
2338 5326 2440 5373 est.
2478 5316 2687 5372 Etenim
2733 5325 2969 5386 tempore
3003 5318 3202 5388 (inquit
3235 5317 3303 5389 ")
3335 5335 3445 5390 quo
3485 5318 3604 5374 misi

2040 5424 2136 5466 vos
2165 5409 2216 5464 in
2249 5408 2412 5466 Israel
2439 5408 2725 5473 doctores,
2761 5407 2896 5463 bene
2947 5408 3231 5478 paciﬁcum
3266 5409 3608 5468 demonstra-
