3994 6182
447 119 585 187 1:213

1925 142 2199 206 SERMO.

3568 164 3697 226 1271

440 240 719 310 ἄμφηκες,
756 239 832 299 ὡς
860 243 1075 314 εἴρηται
1107 245 1193 301 διὰ
1220 247 1312 301 τοῦ
1360 249 1539 320 λόγου.
1568 252 1801 308 Δύναται
1829 255 1887 308 δέ
1928 274 1973 310 τι

2077 289 2087 319 ι
2115 275 2263 330 ceps,
2289 276 2380 317 seu
2416 263 2973 336 scindcn9utrinquc,
3004 282 3062 325 ut
3089 271 3293 329 dictum
3326 286 3431 343 est,
3467 279 3696 335 demon-
3768 260 3771 263 Ι

436 328 530 381 δύο
564 329 839 400 μαχαίρας
859 333 1039 402 λέγειν
1072 338 1368 409 σαφήνειαν
1406 342 1500 395 καὶ
1521 344 1798 415 ἀλήθειαν.
1831 342 2002 403 Αὗται

436 418 567 491 γὰρ,
593 422 723 476 ὅταν
752 416 852 476 ὦσι
876 428 1314 497 παρεζευγμὲναι
1351 433 1429 503 τῷ
1474 435 1636 507 λόγῳ,
1668 440 1869 503 ίκανῶς
1894 459 2005 511 χει-

2110 356 2313 402 szratnr
2352 366 2448 419 per
2501 368 2624 408 esse
2669 371 2869 425 anceps
2917 361 3209 417 sermonis.
3278 364 3465 422 l'osset
3509 378 3693 424 autem

2107 439 2302 507 aliquis
2333 444 2470 498 duos
2496 446 2700 514 gladios
2746 447 2949 512 dicere,
3006 453 3443 521 explanationem
3507 476 3573 515 ac
3605 476 3700 516 ve~

439 507 658 578 ροῦνται
712 512 837 576 τοὺς
890 516 1434 589 ἀντιδιατιθεμένους.
1492 527 1592 579 Διὰ
1633 528 1792 583 τοῦτο
1834 533 1927 585 καὶ

2108 529 2338 585 ritatem.
2362 532 2471 587 Illae
2497 551 2706 605 nempe,
2726 540 2943 607 quando
2976 544 3216 596 sermoni
3245 555 3374 599 sunt
3402 562 3684 612 connexa,

435 600 723 691 ἀρχιερεύς
754 604 848 657 ἐπὶ
862 606 977 691 Δτέις
1006 609 1102 662 τοῦ
1135 612 1262 681 περὶ
1295 613 1493 684 στέρνα
1521 616 1700 686 λογίου
1724 625 2002 691 μυστικῶς

434 688 785 782 ἐπικειμένας
834 687 947 763 εἶχε
999 695 1232 766 δήλωσιν
1280 701 1377 755 καὶ
1435 687 1736 777 ἀλήθειαν,
1770 710 2001 782 δήλωσιν

430 778 569 847 πρὸς
598 782 897 873 σαφήνειαν
945 784 1054 838 τῶν
1088 786 1419 859 λεγομένων,
1480 796 1573 850 καὶ
1602 797 1741 867 πρὸς
1773 778 2001 873 ἀνατρο-

428 869 537 938 πήν
582 867 809 937 ψεύδους
858 871 1138 942 ἀλήθειαν.
1176 877 1429 933 Φαίνεται
1449 878 1543 937 οὖν
1572 886 1599 937 ὁ
1639 885 1866 958 Πέτρος,
1902 867 1998 942 καὶ

425 961 769 1031 χρησάμενος
801 965 867 1033 τῇ
908 966 1153 1038 μαχαίρᾳ
1209 970 1416 1039 σαφῶς,
1444 973 1532 1027 ὅτε
1574 976 1636 1029 τὸ
1675 977 1837 1033 ὠτίον
1889 982 1995 1034 ἀτι-

427 1050 593 1120 ἐκοψε
621 1051 714 1106 τοῦ
734 1054 923 1109 δούλου
948 1057 1040 1111 τοῦ
1063 1058 1383 1131 ἀρχιερέως,
1410 1067 1506 1117 καὶ
1527 1067 1684 1120 τοῦτο
1712 1071 1992 1139 μυστικῶς

422 1138 558 1209 ἅμα,
599 1142 694 1195 καὶ
744 1145 1089 1213 συμϐολικῶς
1118 1149 1381 1206 ἐπιτελῶν
1406 1169 1419 1183 ⁸
1474 1155 1531 1206 ἐν
1555 1138 1722 1228 ἀρχῇί
1750 1160 1849 1231 μὲν
1881 1162 1992 1234 γὰρ

417 1230 511 1284 τοῦ
584 1233 941 1305 κηρύγματος
1000 1239 1051 1292 oi
1108 1242 1419 1310 ἀπόστολοι,
1492 1246 1588 1299 καὶ
1642 1248 1703 1301 τὸ
1760 1230 1992 1320 νομικὸν

416 1321 635 1377 ἐποίουν
687 1327 1056 1396 προσάγοντες
1085 1332 1152 1401 τῇ
1201 1331 1340 1405 θύρα
1386 1335 1462 1407 τῷ
1523 1338 1753 1405 εἰπόντι,
1782 1359 1799 1393 ι
1848 1342 1989 1410 Ἐγώ

413 1411 529 1481 είμι
556 1414 589 1483 ή
617 1412 776 1486 θύρα,
816 1435 835 1468 ο
882 1421 1010 1484 τοὺς
1056 1421 1311 1491 λέγοντας
1353 1426 1702 1499 ἠγαπηκέναι
1750 1432 1849 1504 τὴν
1892 1434 1987 1488 τοῦ

410 1504 577 1575 νόμου
626 1507 966 1578 δεσποτείαν,
1021 1515 1114 1568 καὶ
1173 1515 1236 1570 τὸ
1280 1518 1378 1588 τῆς
1434 1521 1683 1587 παιδείας
1733 1523 1989 1591 λαϐόντες

409 1592 656 1690 ὀπήτιον,
682 1600 983 1672 ἐπειρῶντο
1012 1605 1110 1676 τὴν
1156 1586 1411 1680 δουλικὴν
1444 1612 1613 1684 ἀκοὴν
1654 1586 1986 1690 μετατιτρᾷν
2019 1586 2060 1643 Β

409 1684 489 1748 είς
518 1685 832 1759 ἐλευθερίας
873 1692 1140 1765 ὑπακοήν,
1185 1696 1315 1750 Ὅτε
1357 1698 1415 1752 δέ
1464 1700 1715 1767 ἀναξίους
1765 1684 1986 1775 ἔκριναν

411 1774 632 1838 ἑαυτοὺς
657 1779 705 1831 ot
731 1780 970 1835 Ἰουδαῖοι
1000 1784 1100 1854 τῆς
1119 1786 1341 1840 αίωνίου
1364 1787 1531 1860 ζωῆς,
1555 1794 1649 1845 καὶ
1670 1789 1736 1863 ἦν
1770 1796 1983 1867 ἀνάγκη

408 1866 714 1936 στραφῆναι
745 1868 931 1927 λοιπὸν
963 1875 1044 1939 είς
1072 1876 1139 1930 τὰ
1171 1876 1322 1948 ἔθνη,
1359 1880 1480 1934 τότε
1513 1881 1593 1953 τῷ
1632 1886 1847 1955 ῥήματι
1887 1866 1979 1941 τού

406 1956 719 2027 Πνεύματος
749 1962 1115 2020 ἀποκόπτουσι
1149 1968 1329 2023 τέλεον
1346 1971 1527 2026 αὐτῶν
1555 1974 1651 2047 τὴν
1681 1977 1874 2049 ἀκοὴν,
1908 1980 1983 2043 ὠς

402 2046 502 2100 οὐκ
532 2049 611 2103 ἔτι
643 2050 811 2116 ἀξίων
842 2054 1010 2109 ὄντων
1040 2058 1125 2111 διὰ
1152 2061 1249 2130 τὴν
1277 2062 1563 2116 ἀπείθειαν
1586 2065 1680 2118 τοῦ
1702 2067 1803 2138 τῆς
1832 2070 1983 2123 ἐλευ-

403 2136 590 2209 θερίας
617 2142 797 2211 λόγον
825 2146 883 2198 τὸ
910 2147 1017 2217 γὰρ
1051 2151 1224 2203 εἰπεῖν
1245 2166 1259 2182 ·
1299 2171 1317 2204 ι
1374 2154 1535 2224 Ὑμῖν
1562 2154 1630 2228 ἦν
1682 2136 1981 2229 ἀναγκαῖον

402 2229 618 2299 πρῶτον
672 2233 970 2307 λαληθῆναι
1002 2239 1092 2291 τὸν
1130 2240 1287 2310 λόγον
1330 2242 1423 2296 τοῦ
1467 2246 1623 2312 Θεοῦ,
1675 2267 1694 2301 ι
1750 2268 1977 2321 μετατι-

399 2323 536 2412 τρᾷν
583 2318 652 2394 ἧν
682 2324 781 2395 τὴν
831 2327 1083 2399 δουλικὴν
1127 2332 1296 2404 ἀκοὴν
1334 2337 1415 2399 είς
1462 2318 1801 2412 ἐλευθερίαν·
1826 2347 1887 2400 τὸ
1920 2349 1978 2401 δέ

398 2411 563 2466 πάλιν
590 2415 887 2487 ἐπιφῆσαι·
930 2438 949 2471 ι
1005 2422 1128 2475 Ὀτι
1161 2424 1413 2491 ἀναξίους
1446 2428 1695 2499 ἐκρίνατε
1750 2435 1977 2502 ἑαυτοὺς

396 2502 497 2573 τῆς
527 2506 746 2592 αἰωνίου
790 2509 955 2580 ζωῆς,
992 2515 1338 2586 στρεφόμεθα
1379 2519 1461 2584 είς
1490 2520 1559 2577 τὰ
1588 2520 1741 2592 ἔθνη,
1775 2525 1976 2582 ἀποκό-

395 2596 492 2664 ψαι
519 2591 586 2668 ἦν
608 2598 788 2655 τέλεον
825 2601 1002 2655 αὐτῶν
1029 2602 1129 2675 τὴν
1148 2604 1341 2678 ἀκοήν.
1514 2624 1523 2629 '

997 2892 1251 2949 ΚΕΦΔΛ.
1297 2872 1371 2951 Ζί.

463 2997 573 3051 Καὶ
608 2998 637 3049 ὁ
668 2997 883 3061 Παῦλος
915 2999 975 3052 τὸ
1002 3000 1138 3055 αὐτό
1170 3018 1338 3073 φησιν
1366 3005 1552 3072 αὐτοῖς
1583 3007 1781 3078 λέγων·
1816 3032 1835 3065 ι
1875 3016 1971 3069 Οἴ-

389 3104 536 3151 τινες
571 3089 631 3141 ἐν
661 3090 810 3161 νόμῳ
842 3090 1157 3147 δικαιοῦσθε
1204 3096 1305 3167 τῆς
1335 3097 1557 3169 χάριτος
1593 3101 1910 3166 ἐξεπέσατε.
1942 3125 1962 3159 ο

390 3181 463 3232 το
500 3181 611 3251 γὰρ
657 3183 910 3237 ἐκπεσεῖν
942 3183 1043 3253 τῆς
1073 3186 1300 3256 χάριτος
1336 3188 1500 3243 τοῦτο
1530 3186 1620 3263 ἦν,
1655 3195 1718 3247 τὸ
1761 3196 1967 3251 ἀποκο-

390 3272 556 3339 πῆναι
608 3272 704 3325 τοῦ
738 3274 836 3344 τῆς
878 3274 1193 3345 ἐλευθερίας
1227 3277 1405 3348 λόγου.
1447 3281 1550 3335 Διά
1600 3284 1764 3339 τοῦτο
1812 3288 1908 3342 καὶ
1935 3291 1966 3342 δ

390 3362 591 3433 Κύριός
621 3380 807 3432 φησιν·
845 3384 864 3417 ι
896 3366 1261 3436 Πορευθέντες
1291 3369 1669 3442 μαθητεύσατε
1696 3377 1873 3430 πάντα
1897 3379 1967 3433 τὰ

386 3454 531 3523 ἔθνη,
562 3473 579 3506 ι
609 3456 746 3526 μετά
768 3457 866 3527 τὴν
886 3458 1172 3530 ἀποκοπὴν
1200 3460 1295 3513 τοῦ
1322 3462 1546 3517 ἐκείνων
1572 3465 1753 3529 ὠτίου,
1773 3469 1836 3522 τὸ
1856 3469 1966 3523 τῶν

386 3543 558 3598 ἐθνῶν
587 3546 724 3616 πρὸς
776 3548 1024 3617 ὑπακοὴν
1076 3548 1311 3617 ἀνοίγων
1360 3550 1543 3607 ὠτίον.
1590 3555 1761 3609 Τοῦτο
1809 3560 1903 3613 καὶ
1930 3563 1963 3631 ἡ

385 3636 596 3691 Παλαιὰ
627 3638 816 3709 Γραφὴ
868 3638 976 3708 πρὸ
999 3639 1196 3719 πολλοῦ
1227 3642 1321 3694 καὶ
1346 3640 1556 3696 ἀνωθεν
1590 3646 1955 3719 μαρτύρεται,

389 3729 678 3800 ἀμφότερα
728 3730 1023 3803 διαρρήδην
1077 3712 1518 3801 ⁸ιέροῲητεύουσα,
1572 3712 1963 3794 δτι-κάκείνων

388 3822 805 3891 ἀποκοπήσεται
832 3822 893 3874 τὸ
913 3822 1094 3885 ὠτίον,
1123 3814 1218 3876 καὶ
1240 3824 1321 3877 ὅτι
1354 3829 1786 3899 προστεθήσεται
1804 3832 1963 3896 τοῦτο

389 3915 500 3975 τοῖς
528 3911 725 3966 ἔθνεσι.
760 3910 903 3982 Πρὸς
942 3912 1043 3981 μὲν
1089 3913 1197 3984 γὰρ
1228 3912 1326 3983 τὴν
1367 3915 1699 3987 Συναγωγὴν
1729 3920 1759 3973 ὁ
1805 3921 1962 3988 Ἰεζε-

389 4003 514 4073 κιήλ
539 4018 692 4072 φησι*
723 4020 741 4053 ι
772 4001 955 4065 Ῥῐνάς
988 4018 1084 4056 σου
1117 4002 1213 4055 καὶ
1238 3997 1354 4057 ὧτά
1392 4021 1488 4058 σου
1511 4008 1904 4079 ἀποκόψουσινν
1935 4033 1955 4068 ι

382 4095 506 4148 οὔτε
540 4094 650 4165 γὰρ
673 4094 773 4164 τῆς
799 4093 1031 4156 εὐωδίας
1057 4095 1168 4149 τῶν
1213 4094 1401 4167 μύρων
1437 4100 1794 4157 ἀντελάὃοντο
1823 4106 1959 4176 Χρι-

2103 621 2658 680 sufﬁcienterdomant
2682 630 2960 697 appositus
2980 647 2993 693 ;
3014 632 3215 687 idcirco
3228 636 3479 703 princeps
3497 653 3685 693 sacer-

2101 710 2287 764 dotum
2312 712 2363 765 in
2381 714 2631 767 rationali
2647 715 2785 769 circa
2803 726 3020 785 pectora
3039 722 3259 790 mystice
3282 724 3567 792 impositas
3593 727 3689 780 ha-

2102 801 2217 855 buit
2237 802 2683 873 signiﬁcationem
2714 817 2764 858 ct
2789 808 3068 862 veritatem
3096 827 3108 865 :
3147 792 3596 880 significationem
3618 818 3683 871 ad

2098 893 2513 949 declarationem
2567 912 2753 951 eorum
2789 914 2912 968 qua:
2936 901 3221 967 dicuntur,
3242 913 3294 958 et
3315 906 3593 961 veritatem
3618 910 3684 962 ad

2098 984 2474 1040 refutationem
2517 989 2803 1042 mendacii.
2844 990 2904 1044 Vi
2930 992 3069 1045 lctur
3094 993 3273 1062 itaque
3302 993 3492 1049 Petrus
3519 999 3682 1051 etiam

2098 1092 2230 1130 usus
2305 1078 2591 1147 perspicue
2639 1080 2855 1151 gladio,
2902 1083 3122 1151 quando
3184 1085 3485 1141 auriculam
3536 1091 3683 1144 servi

2096 1168 2361 1239 principis
2390 1172 2734 1227 sacerdotum
2764 1174 3001 1229 abscidit
3026 1176 3094 1241 τ’,
3131 1177 3357 1246 mystice
3387 1179 3552 1233 simul
3620 1197 3685 1236 ac

2094 1262 2389 1332 symbolice
2423 1263 2523 1318 hoc
2554 1264 2859 1333 perliciens.
2882 1266 3127 1335 Apostoli
3159 1284 3396 1339 namque
3426 1269 3480 1323 in
3522 1272 3678 1339 prin-

2093 1348 2236 1421 cipio
2265 1350 2691 1420 pradicationis,
2726 1361 2838 1407 tum
2869 1354 3039 1424 legale
3064 1354 3357 1424 faciebant,
3413 1358 3684 1416 adducen-

2092 1450 2172 1495 tes
2227 1441 2294 1495 ad
2344 1444 2567 1505 ostium.
2603 1444 2859 1499 nimirum
2896 1448 2963 1500 ad
3000 1461 3146 1513 eum,
3174 1448 3266 1516 qui
3292 1449 3469 1504 dixit:
3508 1471 3526 1502 ‹
3566 1452 3676 1521 ligo

2091 1546 2213 1587 sum
2262 1532 2459 1587 ostium
2492 1534 2562 1601 ",
2595 1553 2614 1586 ι
2650 1549 2769 1599 eos,
2822 1536 2914 1606 qui
2964 1537 3331 1604 afﬁrmabant,
3380 1556 3501 1595 sese
3543 1541 3680 1610 legis

2090 1623 2431 1679 dominatum
2463 1624 2761 1691 dilexisse;
2791 1635 2906 1681 tum
2937 1627 3240 1697 disciplinae
3266 1630 3485 1685 fibulam
3514 1632 3676 1703 585

2087 1714 2443 1783 accipientes,
2490 1714 2773 1770 tentabant
2812 1716 3059 1771 auditum
3115 1719 3371 1773 servilem
3404 1720 3471 1774 ad
3513 1721 3677 1776 liber-

2087 1805 2213 1858 tatis
2244 1803 2609 1859 obedientiam
2637 1806 2914 1874 perforarc
2945 1826 2958 1861 :
2990 1808 3209 1877 quando
3241 1824 3369 1865 vero
3395 1809 3565 1865 Judxi
3593 1811 3677 1866 in-
3734 1871 3737 1874 ,

2084 1882 2276 1965 dignos
2312 1911 2431 1951 sese
2471 1906 2668 1951 :eterna
2720 1898 2825 1951 vita
2861 1898 3202 1968 judicarunt,
3250 1917 3314 1954 ac
3363 1901 3430 1955 de
3466 1912 3667 1957 caetero

2085 2001 2367 2042 necessum
2401 1997 2517 2042 erat
2556 1989 2796 2043 converti
2830 1991 2894 2043 ad
2934 2001 3121 2060 gentes
3147 2033 3161 2055 .
3196 2000 3334 2047 tunc
3363 1993 3530 2047 verbo
3558 1994 3678 2065 Spi‘

2082 2078 2219 2132 ritus
2244 2079 2484 2133 letaliter
2532 2094 2722 2134 eorum
2773 2081 3106 2136 abscindunt
3162 2084 3433 2146 auditum,
3486 2097 3673 2157 utpote

2081 2167 2173 2236 qui
2207 2183 2313 2222 non
2342 2168 2580 2237 amplius
2633 2178 2816 2223 essent
2863 2171 3010 2240 digni
3063 2172 3332 2229 libertatis
3388 2191 3665 2233 sermone.

2080 2253 2295 2310 Etenim
2341 2257 2487 2326 quod
2517 2258 2721 2312 dictum
2774 2257 2843 2313 iis
2894 2258 3104 2316 fuerit:
3144 2280 3162 2314 ι
3210 2261 3377 2318 Voltis
3419 2280 3671 2321 necessa-

2080 2347 2219 2401 rium
2250 2355 2366 2401 erat
2397 2348 2630 2418 primum
2657 2349 2803 2420 loqui
2831 2349 2922 2405 Dei
2939 2366 3250 2408 sermonem
3276 2353 3352 2420 ἰς
3386 2374 3404 2405 ι
3434 2365 3553 2411 erat
3583 2357 3671 2412 hic

2078 2438 2302 2509 quidam
2347 2439 2661 2509 perforandi
2693 2442 2889 2497 modus
2927 2442 3182 2499 servilem
3224 2446 3470 2500 auditum
3506 2448 3571 2501 ad
3607 2448 3669 2502 Ii-

2077 2530 2344 2586 bertatem
2372 2551 2385 2599 ;
2410 2534 2554 2603 quod
2581 2543 2762 2588 autem
2795 2533 2958 2590 fuerit
2984 2535 3064 2591 eis
3085 2535 3265 2592 denuo
3293 2553 3611 2607 responsmu
3647 2552 3664 2594 ι

2084 2639 2103 2674 ι
2144 2620 2283 2688 Quia
2331 2622 2893 2693 indlgnosjucﬁcastis
2937 2639 3034 2681 vos
3089 2625 3238 2694 ipsos
3275 2636 3475 2682 aeterna
3531 2637 3664 2697 Vlla,

2078 2713 2456 2769 convertimur
2477 2713 2542 2767 ad
2575 2722 2763 2783 gentes
2793 2713 2890 2779 ",i
2915 2723 3032 2771 erat
3053 2714 3144 2770 hic
3174 2715 3397 2785 quidam
3425 2719 3666 2775 totaliter

2079 2804 2438 2861 abscindcndi
2469 2805 2667 2860 modus
2702 2804 2945 2874 ipsorum
2975 2805 3243 2861 auditum.

2666 2914 2895 2971 CAPUT
2949 2916 3061 2973 VII.

2142 3035 2287 3102 Quin
2316 3043 2370 3089 et
2400 3032 2602 3087 Paulus
2626 3032 2864 3101 idipsum
2895 3032 3002 3095 ait,
3033 3032 3127 3087 eis
3147 3033 3333 3089 dicens
3360 3051 3373 3087 :
3418 3054 3439 3088 ι
3469 3034 3572 3101 Qui
3607 3037 3659 3090 in

2070 3122 2186 3193 lege
2212 3119 2594 3191 justilicamini
2623 3118 2907 3173 cxcidistis
2949 3119 3016 3172 ei
3046 3121 3216 3189 gratia
3249 3121 3315 3174 ⁷⁸.
3347 3140 3364 3173 ι
3404 3120 3664 3177 Excidcre

2069 3227 2306 3282 namque
2338 3226 2405 3266 ex
2440 3210 2611 3281 gratia
2656 3209 2801 3264 idem
2835 3217 2984 3273 erat,
3022 3223 3087 3263 ac
3120 3209 3368 3265 ahsciudi
3413 3226 3442 3265 a
3488 3211 3661 3265 liber-

2067 3297 2196 3354 tatis
2222 3313 2498 3354 sermone.
2537 3297 2743 3351 Idcirco
2776 3295 3039 3350 Dominus
3063 3296 3223 3351 etiam
3248 3298 3380 3352 dicit
3408 3316 3422 3353 :
3465 3318 3483 3351 ι
3512 3298 3661 3353 Eun-

2067 3399 2149 3445 tes
2173 3390 2366 3446 docete
2395 3404 2588 3442 omnes
2612 3396 2799 3456 gentes
2818 3387 2900 3452 '7;
2935 3405 2954 3437 ι
2995 3396 3116 3454 post
3152 3388 3371 3441 illorum
3399 3390 3660 3443 auricula:

2065 3477 2577 3540 detruncationem,
2634 3474 2877 3544 gentium
2933 3475 3232 3529 auriculam
3295 3477 3544 3543 aperiens
3590 3478 3657 3532 ad

2065 3564 2457 3619 obedientiam.
2522 3562 2635 3616 lloc
2674 3569 2730 3614 et
2754 3560 2979 3628 antiqua
3011 3560 3294 3631 Scriptura
3332 3562 3656 3630 jamdudum

2064 3655 2229 3712 altius
2256 3654 2553 3724 repetendo
2578 3660 2831 3715 testatur,
2862 3661 3093 3719 utraque
3112 3667 3296 3721 aperte
3319 3652 3621 3722 praedicens
3637 3696 3653 3714 .

2063 3748 2209 3817 quod
2236 3758 2288 3802 et
2312 3747 2533 3801 illorum
2564 3744 2916 3800 abscindatur
2960 3744 3204 3800 auricula
3228 3785 3243 3809 ,
3276 3756 3329 3798 et
3357 3746 3501 3813 quod
3540 3746 3657 3800 hzec

2064 3830 2425 3909 applicabitur
2456 3838 2740 3907 gentibus:
2782 3838 2859 3893 ait
2899 3838 3046 3895 enim
3085 3837 3336 3892 Ezechiel
3374 3837 3439 3889 ad
3481 3835 3655 3905 Syua-
3710 3854 3713 3858 ·

2061 3948 2251 4002 gogam
2279 3950 2292 3986 :
2336 3950 2354 3983 ι
2386 3930 2555 3986 Nares
2583 3940 2704 3986 tuas
2732 3940 2787 3986 et
2808 3948 2972 3988 aures
3028 3940 3148 3985 tuas
3181 3929 3597 3992 abscindent";
3630 3948 3647 3979 ι

2061 4038 2163 4079 nec
2190 4024 2335 4078 enim
2366 4023 2568 4078 bonum
2599 4023 2824 4078 odorem
2868 4031 3270 4094 unguentorum
3301 4020 3507 4075 Christi
3537 4036 3657 4090 per-

2060 4124 2318 4184 ceperunt
2350 4121 2411 4168 ut
2447 4128 2510 4167 ea
2553 4112 2863 4183 (sponsa),
2896 4129 3019 4183 qua:
3047 4113 3266 4168 dicebat
3304 4127 3317 4163 :
3366 4129 3383 4161 ι
3421 4110 3482 4163 lu
3519 4111 3654 4164 odo-

381 4184 528 4247 στοῦ,
554 4185 628 4247 ὠς
658 4186 692 4256 ή
724 4183 976 4253 λέγουσα,
1004 4203 1024 4236 ι
1054 4186 1146 4249 Ei;
1172 4186 1348 4257 ὀσμὴν
1381 4188 1569 4261 μύρων
1603 4209 1698 4245 σου
1720 4195 1958 4266 δραμού-

2077 4183 2177 4260 rem
2220 4212 2618 4274 unguentorum
2658 4213 2879 4259 tuorum
2911 4218 3198 4259 curremus
3223 4203 3303 4267 7’;
3342 4220 3359 4253 ι
3407 4215 3508 4255 nec
3534 4240 3550 4265 ,
3593 4207 3652 4252 ut

384 4275 545 4346 μεθα.
587 4294 605 4326 ι
633 4274 748 4328 οὐδὲ
781 4274 857 4339 ὠς
879 4276 1129 4347 πρόϐατα
1159 4279 1346 4347 φωνῆς
1380 4280 1475 4332 τοῦ
1507 4283 1771 4353 Ποιμένος
1794 4287 1956 4341 ἀκοῦ-

382 4383 469 4419 σαι
504 4365 779 4437 ἠθέλησαν
802 4366 1318 4437 ἠκρωτηριασμένοι
1349 4371 1443 4422 καὶ
1476 4370 1851 4444 λελωϐημένοι
1879 4376 1949 4431 τὰ

380 4458 569 4526 καίρια
619 4457 728 4510 τῶν
773 4457 1102 4528 αἰσθήσεων.
1148 4458 1286 4511 Ὀδὲ
1348 4458 1575 4525 Ἡσαΐας
1615 4462 1787 4535 αὐτὴν
1843 4469 1955 4520 είσ-

376 4550 500 4615 ἀγει
524 4548 624 4618 τὴν
657 4549 716 4613 ἐξ
744 4547 913 4603 ἐθνῶν
940 4548 1224 4616 λέγουσαν,
1259 4567 1279 4602 ι
1328 4552 1644 4624 Προσέθηκέ
1673 4571 1763 4625 μοι
1790 4556 1952 4612 ὠτίον

376 4639 620 4703 ἀκούειν,
648 4639 789 4710 καὶὴ
816 4637 1031 4691 παιδεία
1062 4639 1267 4709 Κυρίου
1291 4641 1502 4710 ἀνοίγει
1526 4660 1630 4710 μου
1658 4644 1728 4698 τά
1749 4640 1883 4701 ὦτα·
1924 4667 1945 4701 ι

375 4722 487 4781 οἷον
520 4729 630 4800 γὰρ
650 4729 825 4803 ταύτῃ
858 4729 1165 4801 προσέθηκε
1199 4731 1381 4795 ὠτίον,
1428 4733 1673 4790 τοιοῦτον
1726 4739 1946 4811 ἐκείνης

375 4818 670 4888 ἀπέκοψεν.
706 4821 812 4873 Καὶ
840 4820 1014 4874 ταῦτα
1042 4821 1143 4891 μὲν
1166 4824 1294 4893 περὶ
1331 4825 1441 4876 τῶν
1485 4828 1850 4895 πεπρακότων
1885 4832 1947 4885 τὸ

378 4908 615 4978 ἱμάτιον,
649 4911 742 4963 καὶ
758 4911 1033 4965 λαϐόντων
1053 4913 1328 4985 μάχαιραν
1358 4916 1673 4987 ἀρκούντως
1703 4919 1944 4991 εἴρηται.

374 4998 621 5070 Εῖδωμεν
658 5002 713 5055 δέ
745 5004 792 5054 εἰ
819 5003 1021 5065 πάντες
1047 5007 1104 5063 ὲν
1134 5003 1213 5074 τῷ
1233 5008 1420 5075 φορεῖν
1445 5007 1506 5060 τὸ
1550 5008 1793 5063 τοιοῦτον
1820 5006 1949 5083 ίμά-

374 5106 489 5143 τιον
521 5092 795 5163 φοροῦμεν
823 5093 1018 5165 ὀρθῶς,
1054 5095 1240 5165 ἐπειδὴ
1268 5097 1393 5165 περί
1412 5115 1576 5151 τινων
1606 5100 1943 5172 γέγραπται,

373 5182 458 5235 ὅτι
485 5185 668 5237 πᾶσαν
703 5186 891 5255 στολὴν
916 5188 1358 5260 ἐπισυνηγμένην
1386 5190 1544 5261 δόλῳ,
1580 5193 1674 5245 καὶ
1725 5196 1946 5264 ίμάτιον

380 5270 520 5342 μετά
546 5274 890 5346 καταλλαγῆς
915 5277 1283 5343 ἀποτίσουσιν,
1310 5280 1404 5333 καὶ
1445 5283 1571 5353 περὶ
1610 5283 1807 5351 ἄλλων,
1872 5286 1953 5340 ὅτι

450 5447 495 5522 '_'
530 5448 720 5522 Matth.
750 5466 899 5515 xm,
929 5454 1017 5509 51.
1124 5454 1170 5487 ⁷⁸
1203 5453 1360 5510 Joan-
1405 5473 1458 5522 κν
1489 5459 1541 5513 9-

1652 5459 1696 5491 "
1725 5460 1842 5516 Act.
1875 5478 1995 5525 xm,
2020 5466 2108 5521 46.

2062 4312 2193 4353 oves
2214 4338 2227 4362 ,
2260 4312 2447 4351 vocem
2482 4296 2729 4352 Pastoris
2757 4296 2950 4352 audire
2973 4295 3263 4351 voluerunt
3303 4294 3349 4324 ⁸ο
3368 4333 3383 4360 ,
3414 4292 3650 4346 mutilati

2062 4384 2117 4439 in
2147 4385 2432 4450 extremis,
2467 4400 2531 4441 ac
2558 4384 2849 4457 praecipuis
2871 4400 3137 4442 sensuum
3168 4383 3417 4454 partibus
3438 4382 3659 4437 detrun-

2058 4473 2190 4528 cati.
2228 4474 2395 4529 lsaias
2439 4485 2622 4531 autem
2659 4476 2833 4545 ipsam
2878 4475 3127 4542 inducit,
3167 4490 3291 4544 qua:
3333 4489 3363 4527 e
3393 4472 3649 4541 gentihus

2057 4562 2228 4618 electa
2275 4571 2392 4628 est,
2448 4578 2708 4633 sponsam
2751 4564 3024 4618 dicentem
3068 4580 3083 4617 :
3141 4579 3159 4613 ι
3205 4560 3480 4630 Applicuit
3512 4559 3645 4614 mihi

2059 4668 2242 4709 aurem
2285 4654 2354 4707 ad
2392 4653 2764 4718 audiendum,
2813 4662 2867 4708 et
2904 4652 3197 4722 disciplina
3249 4651 3460 4704 Domini
3517 4664 3646 4718 ape-

2057 4743 2132 4797 rit
2177 4743 2311 4799 mihi
2340 4758 2503 4798 aures
2532 4744 2574 4776 ⁸¹
2601 4758 2616 4806 ;
2648 4760 2669 4794 ι
2703 4743 2915 4812 qualem
2967 4758 3201 4813 namque
3246 4741 3331 4795 isti
3388 4740 3647 4809 applicuit

2060 4828 2227 4900 586
2266 4830 2603 4893 auriculam,
2645 4829 2808 4885 talem
2854 4830 2923 4884 ab
2972 4830 3061 4883 illa
3108 4826 3363 4883 abscidit.
3416 4823 3482 4878 Et
3530 4825 3646 4877 hate

2055 4922 2275 4991 quidem
2313 4923 2380 4977 de
2409 4923 2493 4978 his
2516 4922 2609 4992 qui
2641 4923 3095 4978 venundederunt
3120 4929 3353 4981 vestem,
3380 4918 3644 4988 gladium-

2054 5027 2159 5081 que
2197 5024 2524 5083 acceperunt
2554 5016 2697 5070 dicta
2736 5016 2848 5070 sint
2890 5014 3046 5073 satis.
3176 5010 3471 5067 Videamus
3506 5010 3640 5078 jam,

2057 5119 2126 5159 an
2159 5119 2351 5160 omnes
2393 5106 2448 5160 in
2487 5107 2580 5161 tali
2630 5114 2780 5161 veste
2822 5104 3066 5170 ferenda,
3113 5102 3262 5157 illam
3298 5111 3442 5156 recte
3469 5110 3643 5166 gesto-

2059 5212 2180 5253 mus
2217 5216 2230 5251 :
2274 5198 2715 5268 quandoquidem
2763 5197 3033 5267 scriptum
3067 5195 3225 5252 estde
3242 5193 3563 5264 quibusdam
3579 5188 3647 5253 “,

2057 5287 2205 5358 quod
2248 5304 2466 5345 omnem
2502 5297 2704 5344 vestem
2742 5287 3040 5342 innuistam
3067 5283 3207 5340 'dolo
3242 5298 3307 5337 ac
3342 5280 3642 5336 vestimen-

3041 5463 3084 5495 ⁷⁷
3107 5459 3290 5515 Matth.
3326 5473 3516 5524 xxvm,
3548 5458 3634 5516 i9.

2209 5466 2253 5497 ⁷⁸
2281 5465 2413 5521 ibid.
2527 5469 2571 5499 ⁷⁸
2600 5465 2776 5521 Calat.
2799 5482 2852 5526 ν,
2886 5466 2939 5519 4.

374 5513 419 5545 ’⁸
452 5517 647 5581 ειεοίι,
683 5537 835 5588 xxnt,
869 5513 957 5580 25.
1038 5526 1078 5558 "
1109 5523 1267 5583 Cant.
1307 5542 1342 5592 ι,
1379 5513 1456 5581 3(
1506 5528 1550 5559 ⁸ο
1582 5513 1841 5598 luam},

2077 5513 2181 5590 'l'sa.
2214 5513 2668 5602 L,-.-‘.i.w“Amos
2726 5552 2787 5596 tt.
