3990 6204
457 162 588 227 i277

1947 174 2224 236 SERMO.

3571 157 3706 242 ωτι

453 273 750 346 πρὸς-Θεδν
781 273 1186 347 εὐαρεστήσεως
1227 275 1535 350 ἐξημμένη,
1565 281 1664 333 καί
1708 281 1769 338 τὸ
1798 283 2023 338 καταπέ.

2127 287 2372 357 desuper
2397 288 2558 342 habet
2589 301 2810 352 causam
2827 327 2843 350 ,
2871 289 3072 358 quippe
3101 305 3224 358 qua:
3246 306 3279 345 ιι
3301 290 3702 360 complacentia

452 381 635 438 τασμα
677 365 880 435 ὁμοίως
917 365 1126 421 ἄνωθεν
1168 367 1401 437 ἤρτηται
1454 368 1726 438 χαλασθὲν
1753 388 1764 400 ·
1809 371 1913 427 ὑπὸ
1943 373 2026 442 τῷ

454 454 906 524 καταπετάσματι
949 454 1374 525 λειτουργοῦμεν
1417 457 1726 528 ίερατικῶς,
1774 460 1835 513 τὸ
1865 460 2029 514 καλὸν

452 543 840 608 ἐπιτελοῦντες·
874 545 1002 598 ὅταν
1043 545 1102 597 δὲ
1153 547 1526 616 σωφροσύνης,
1583 545 2029 622 ἢάκτημοσύνης

455 636 639 706 σχῆμα
698 635 1128 705 προϐαλλόμενοι
1192 637 1260 688 τὰ
1317 638 1536 690 ἐναντία
1588 639 1898 710 πράττομεν
1969 645 2028 696 ἐν

453 725 676 795 κρυπτῷ
707 727 797 778 καὶ
825 725 1305 796 παραπετάσματα
1336 729 1444 791 τοῖς
1480 728 1588 781 τῶν
1621 731 2028 802 ἁμαρτημάτων

455 815 703 886 σχοινίοις
738 814 1119 880 διατείναντες,
1152 815 1286 869 ἄλλα
1335 817 1438 888 μὲν
1469 820 1781 890 πράττομεν
1803 821 1860 873 ἐν
1891 839 2030 894 παρ-

453 909 584 978 υφῇ,
613 907 746 960 ἄλλα
780 906 833 959 δὲ
855 905 1351 978 ἐπιμορςραζόμεθα
1388 910 1758 983 πεπλασμένῳ
1789 914 2027 986 σχήματι

454 1001 899 1071 σεμνοποιοῦντες
966 1003 1066 1074 τὴν
1127 1003 1497 1060 λανθάνουσαν
1565 1010 1861 1080 αἰσχύνην,
1935 1011 2028 1064 καὶ

451 1094 636 1166 ἀπάτῃ
662 1095 762 1158 τὰς
812 1095 919 1147 τῶν
968 1093 1273 1166 ἀνθρώπων
1321 1096 1665 1163 δελεάζοντες
1715 1101 1862 1168 ὄψεις
1894 1103 2029 1174 πρὸς

451 1183 604 1249 δόξαν
628 1185 825 1254 εὐσεϐῆ
859 1185 951 1236 καὶ
972 1184 1251 1255 ἐνάρετον,
1281 1186 1402 1238 τότε
1432 1187 1535 1240 ὑπὸ
1566 1190 2024 1260 παραπετάσμα.ι

452 1273 767 1344 κρύπτομεν
817 1273 1033 1344 ψεκτῶς
1087 1275 1154 1329 τὰ
1199 1276 1592 1344 καταγνώσεως
1643 1281 1691 1334 εί
1749 1280 2026 1351 φωραθείη

451 1360 598 1427 ἀξια.
641 1364 730 1426 Ὠς
759 1364 864 1433 γὰρ
901 1365 1122 1435 ἡάρετὴ
1157 1367 1553 1439 κεκρυμμένοις
1602 1371 1861 1440 γινομένη
1897 1371 2028 1424 Θεὸν

451 1453 566 1523 ἔχει
637 1455 727 1508 τὸν
785 1457 1078 1526 ἐπαινέτην
1152 1457 1250 1512 καὶ
1315 1461 1694 1530 φανερουμένη
1761 1461 2029 1533 λαμπρῶς

456 1547 914 1617 ἀνακηρύττεται,
975 1545 1145 1611 οὕτως
1205 1549 1238 1619 ἡ
1294 1549 1483 1612 κακία,
1537 1550 1872 1604 λανθάνουσα
1927 1554 2050 1624 μὲν

451 1637 716 1708 τιμωρίαν
735 1639 943 1709 ἐπηρτη
953 1638 1120 1708 μένην
1139 1638 1249 1710 ἔχει
1269 1640 1362 1692 καὶ
1384 1639 1622 1702 κόλασιν,
1640 1620 2026 1714 ἐλ[ηλ]εγμενη
2045 1620 2100 1673 ’Β

451 1727 508 1780 δέ
545 1728 701 1799 φέρει
725 1729 804 1790 είς
829 1730 1062 1798 ἐσχάτην
1083 1730 1444 1796 κατάγνωσιν.
1475 1731 1632 1784 Ἀλλὰ
1661 1731 1764 1784 κᾶν
1798 1732 2029 1786 ἐνταῦθα

452 1819 684 1873 λάθωσιν
713 1820 764 1872 oi
820 1817 1075 1884 τοιοῦτοι,
1106 1819 1504 1891 διεφθαρμένον
1551 1821 1886 1892 ἐπιτήδευμα
1935 1840 2026 1875 σε-

453 1911 570 1983 μνῷ
597 1911 758 1983 δῆθεν
793 1910 1246 1981 συγκαλύψαντες
1280 1914 1540 1982 σχήματι,
1589 1914 1708 1966 ἐκεῖ
1739 1913 2026 1985 γυμνωθῆ-

453 2018 633 2056 σονται
659 2002 900 2068 πάντως,
942 2003 1042 2074 τῆς
1075 2002 1175 2073 μὲν
1223 2003 1499 2074 δοκήσεως
1547 2005 2022 2076 περιαιρουμένης,

449 2095 861 2167 φανερουμένης
901 2094 956 2147 δέ
1002 2095 1094 2148 καὶ
1124 2094 1546 2165 ὐπολαμπούσης
1576 2096 1898 2167 αὐτομάτως
1924 2096 2023 2164 τῆς

449 2183 728 2252 ἀληθείας·
755 2184 885 2253 περὶ
931 2184 1136 2237 τούτων
1166 2183 1276 2254 γάρ
1307 2187 1335 2238 ὁ
1393 2184 1619 2247 Ἡσαΐας
1665 2185 1804 2254 τάχα
1838 2185 2021 2254 φησίψ

456 2293 475 2325 ι
527 2271 892 2341 Ἀποκαλύψει
917 2273 1120 2342 Κύριος
1147 2273 1208 2325 τὸ
1232 2273 1418 2343 σχῆμα
1444 2272 1626 2326 αὐτῶν
1662 2275 1719 2326 ἐν
1742 2276 1807 2344 τῇ
1842 2274 2024 2344 ἡμέρᾳ

452 2363 657 2435 ἐκείνῃ.
691 2381 710 2414 ι
755 2361 896 2414 Ἀλλ’
927 2361 986 2414 οὐ
1019 2361 1220 2425 πάντες
1239 2363 1286 2414 οἱ
1335 2363 1397 2414 τδ
1429 2362 1594 2416 καλὸν
1639 2357 2022 2434 μετερχόμενυι

451 2451 706 2520 τοιοῦτοι,
742 2453 846 2507 κάν
910 2469 1054 2516 τινες
1084 2450 1225 2524 θήρᾳ
1252 2453 1408 2522 δόξης
1460 2453 1802 2525 ἀνθρωτένης
1838 2455 1900 2508 τὸ

451 2539 758 2610 θεοσεβείας
785 2541 1121 2612 ἐπιτήδευμα
1152 2543 1402 2612 μετίασιν
1428 2543 1526 2613 οὐχ
1577 2545 1776 2612 ἁγνῶς·
1811 2546 1874 2598 οὐ
1909 2545 2018 2616 γὰρ

448 2631 536 2684 διὰ
597 2633 722 2696 τοὺς
769 2632 1088 2696 ἀπατεῶνας
1133 2633 1500 2704 ἐπηρεαστέον
1545 2635 1640 2687 καί¹
1685 2638 1798 2698 τοῖς
1854 2653 2020 2688 σπου-

449 2725 638 2788 δαίοις.
678 2726 800 2778 Elei.
827 2726 937 2796 γὰρ
967 2726 1016 2778 oi
1055 2727 1174 2778 κατ’
1204 2725 1460 2795 ἀλήθειαν
1489 2724 1587 2792 τὴν
1635 2725 1836 2796 ἀρετὴν
1892 2743 2022 2796 μετ-

449 2818 734 2886 ερχόμενοι
762 2858 776 2880 ,
803 2817 898 2870 καὶΙ
929 2817 989 2870 οὐ
1015 2816 1333 2886 ψευδόμενοι
1386 2817 1496 2877 τοῖς
1531 2816 1710 2888 ἔργοις
1739 2816 1800 2869 τὸ
1847 2815 2021 2884 ἐπάγ-

2135 377 2228 432 Dei
2255 378 2557 449 dependet:
2586 389 2640 434 et
2661 380 2909 436 similiter
2937 380 3116 435 velum
3139 383 3394 450 obtegens
3421 385 3708 452 suspendi-

2117 480 2220 526 tur
2251 472 2482 541 desuper
2513 471 2788 536 laxatum,
2829 480 2882 525 et
2931 471 3032 526 sub
3078 471 3184 528 hoc
3225 473 3346 526 velo
3377 474 3702 528 obtendente

2130 573 2475 619 sacrosancta
2509 565 2977 629 administramus,
3025 564 3152 618 dum
3184 564 3384 618 bonum
3413 566 3704 635 quodpiam

2131 654 2438 724 perficimus
2485 672 2496 706 :
2541 655 2758 721 quando
2810 668 2956 714 vero,
3016 655 3382 722 temperantia:
3441 665 3534 710 aut
3573 671 3706 724 pauc

2131 747 2355 816 penatis
2387 747 2620 814 speciem
2656 745 3000 814 praeferentes
3026 786 3040 808 ,
3087 747 3620 803 contraria-facimus
3649 750 3700 801 in

2129 837 2378 902 oi-culto,
2415 836 2644 905 velaque
2686 836 3066 890 adumbrantia
3103 847 3447 904 peccatorum
3479 837 3703 892 funibus

2129 928 2517 990 distendentcs,
2541 928 2648 981 alia
2675 928 2890 996 quidem
2914 926 3058 981 velut
3082 929 3133 980 in
3162 936 3367 982 attexto
3390 943 3700 996 operantur.

2131 1021 2234 1075 alia
2269 1035 2396 1074 vero
2423 1019 2802 1083 etformamus,
2835 1019 3015 1086 specie
3041 1017 3211 1073 eﬂieta
3249 1019 3502 1073 latentem
3535 1021 3704 1086 turpi-

2129 1112 2371 1166 tudinem
2414 1111 2563 1180 gravi
2608 1110 2920 1178 obtegentes
2960 1109 3276 1173 honestate,
3323 1120 3484 1178 atque
3515 1110 3728 1165 fraude.

2130 1203 2412 1256 hominum
2444 1201 2596 1256 visus
2618 1199 2946 1269 decipientes
2977 1201 3043 1252 ad
3081 1201 3222 1268 piam
3253 1200 3500 1268 gloriam.
3531 1201 3701 1253 virtu-

2129 1304 2289 1364 teque
2315 1293 2591 1363 praeditam
2623 1292 3039 1360 assequendam.
3069 1302 3203 1344 tunc
3233 1291 3335 1344 sub
3360 1292 3480 1345 νιοιο
3507 1292 3701 1346 adum-

2131 1389 2320 1442 lsrante
2353 1382 2844 1453 reprehensibilitcr
2875 1381 3212 1436 occultemus
3235 1396 3354 1452 quae
3382 1382 3541 1450 digna
3574 1393 3702 1436 sunt

2129 1476 2599 1539 condemns-tione,
2629 1473 2672 1527 si
2697 1472 3142 1552 pervestigatum.
3188 1471 3342 1524 Sicut
3361 1472 3504 1525 enim
3529 1473 3700 1527 virtus

2130 1571 2267 1624 clam
2290 1567 2530 1623 exercita
2559 1565 2728 1620 Deum
2761 1563 2922 1616 habet
2952 1563 3306 1624 laudatorem,
3330 1577 3402 1616 ac
3425 1563 3696 1616 declarata

2130 1662 2364 1716 dilucide
2409 1659 2758 1730 praedicatur,
2816 1657 2884 1708 ita
2929 1665 2982 1708 et
3053 1653 3256 1706 malitia
3294 1654 3511 1707 latitans
3543 1654 3701 1708 habet

2129 1751 2347 1822 quidem
2383 1763 2708 1819 suspensum
2740 1746 3064 1814 supplicium
3104 1753 3156 1796 et
3197 1744 3528 1812 punitionem
3552 1785 3568 1808 ,
3612 1761 3698 1798 rc-

2129 1844 2358 1913 darguta
2384 1856 2513 1894 vero
2544 1853 2607 1892 ac
2631 1836 2966 1906 deprehensa
3002 1835 3102 1887 fert
3136 1834 3201 1887 ad
3235 1843 3530 1888 extremam
3561 1850 3695 1889 con-

2126 1933 2546 1988 demnationem.
2571 1927 2832 1994 Quamvis
2860 1935 3040 1980 autem
3077 1927 3166 1979 isti
3199 1926 3331 1979 tales
3365 1925 3565 1980 lateant
3608 1926 3696 1978 hic.

2125 2041 2234 2078 non
2281 2022 2678 2086 animadversi,
2721 2020 2906 2073 habitu
2947 2017 3154 2072 scilicet
3183 2011 3339 2086 ἐτανί
3378 2025 3431 2069 et
3467 2017 3695 2068 honesto

2125 2122 2442 2184 corruptum
2467 2111 2818 2167 ohtendentes
2846 2107 3114 2170 studium.
3140 2107 3252 2162 illic
3278 2107 3504 2162 omnino
3533 2106 3695 2160 denu-

2123 2207 2427 2274 dahuntur;
2458 2203 2713 2272 Opinione
2735 2201 2950 2272 quidem
2973 2215 3093 2270 qua:
3124 2199 3192 2252 de
3231 2197 3362 2267 ipsis
3394 2198 3695 2251 habebatur

2123 2297 2370 2368 sublata,
2423 2292 2687 2362 patefacta
2735 2307 2906 2352 vero,
2955 2300 3006 2344 et
3039 2305 3104 2344 ex
3147 2289 3324 2356 seipsa
3377 2288 3694 2342 sublucente

2051 2441 2054 2444 .
2117 2387 2352 2441 'vcritate
2382 2401 2394 2438 :
2429 2384 2500 2438 de
2531 2382 2615 2437 his
2641 2381 2843 2451 quippe
2873 2379 3096 2434 forsitan
3130 2379 3301 2432 Isaias
3334 2378 3498 2431 dicit:
3538 2397 3556 2428 ι
3590 2374 3694 2431 Re-

2120 2475 2321 2530 veiabit
2351 2473 2623 2528 Dominus
2665 2473 2888 2541 figuram
2934 2470 3179 2538 ipsorum
3226 2470 3278 2521 in
3321 2468 3408 2520 illa
3447 2467 3534 2521 die
3595 2469 3694 2520 “.c

2126 2567 2232 2621 Sed
2287 2580 2396 2619 non
2439 2577 2632 2616 omnes
2661 2601 2677 2625 ,
2724 2560 2815 2628 qui
2851 2560 3052 2613 bonum
3099 2566 3511 2616 consectantur.
3559 2545 3696 2610 ttiles

2119 2666 2284 2721 sunt,
2321 2665 2376 2711 et
2422 2653 2466 2708 si
2496 2653 2716 2723 quidam
2756 2650 3054 2714 exsistant,
3085 2649 3178 2718 qui
3229 2648 3479 2700 humana:
3510 2645 3698 2712 glorias

2122 2748 2406 2802 venatione
2453 2745 2668 2814 pietatis
2720 2743 2925 2798 cultum
2983 2739 3148 2811 589
3194 2754 3320 2810 erga
3375 2738 3542 2791 Deum
3587 2750 3695 2789 non

2121 2854 2252 2909 pure
2301 2835 2728 2908 aggrediantur,
2778 2848 2880 2888 nec
2921 2832 3066 2886 enim
3115 2839 3332 2898 propter
3381 2827 3696 2892 deceptorcs

448 2908 642 2977 γελμα,
663 2906 796 2960 ἀλλὰ
825 2906 902 2976 τῷ
928 2906 1190 2978 ὁρωμένῳ
1216 2906 1274 2960 re
1296 2909 1668 2977 κρυπτόμενον
1701 2905 2010 2977 ἐξομοιοῦν-

2124 2905 2389 2982 ιηοιιξειίξο
2411 2928 2704 2981 subeundae
2731 2934 2856 2978 sunt
2876 2923 3037 2978 etiam
3063 2920 3340 2975 studiosis.
3369 2918 3506 2972 Sunt
3545 2919 3690 2972 enim

447 3016 560 3061 τες,
590 2998 682 3050 καὶ
701 2997 758 3051 τὸ
795 2997 980 3067 σχῆμα
1004 2997 1216 3066 ἔχοντες
1238 2997 1530 3068 ἑρμηνείαν
1563 2996 1655 3051 τοῦ
1678 2998 2020 3068 πράγματος,

448 3090 508 3142 οὐ
531 3087 844 3156 φαινόμενοι
868 3087 1026 3158 μόνον
1051 3087 1079 3140 ὅ
1096 3087 1542 3156 ἐπαγγέλλονται,
1571 3087 1706 3140 ἀλλὰ
1734 3087 1826 3140 καὶ
1847 3086 2020 3152 ὄντες,

446 3176 822 3247 ὀνομάζονται,
873 3176 905 3246 ἢ
959 3177 1056 3230 καὶ
1115 3175 1211 3228 τοῦ
1267 3176 1586 3246 νομίζεσθαι
1623 3176 1823 3246 μᾶλλον
1879 3169 2021 3228 εἶναι

449 3267 859 3331 σπουδάζοντες,
887 3265 974 3320 διά
998 3266 1090 3320 τὸν
1119 3267 1295 3322 πάντα
1333 3269 1426 3321 καὶ
1475 3268 1542 3320 τά
1573 3268 1631 3320 ἐν
1675 3269 1866 3338 μυχοῖς
1920 3268 2020 3337 τῆς

447 3358 673 3424 καρδίας
731 3356 1040 3429 ἐρευνῶντα
1087 3356 1241 3424 Θεὸν,
1299 3359 1394 3410 καὶ
1443 3357 1764 3412 ἀποδιδόντα
1805 3357 2020 3428 ἑκάστῳ

445 3450 586 3501 κατὰ
615 3449 677 3502 τὸ
723 3448 854 3502 [διον
878 3447 1058 3518 ἔργον,
1087 3448 1148 3501 οὐ
1180 3448 1323 3502 κατά
1355 3447 1456 3517 τὴν
1494 3447 1784 3518 ὑπόληψιν.
1809 3447 2020 3510 Ἀλλως

445 3537 502 3591 δέ
531 3539 691 3591 πάλιν
715 3538 856 3601 τινὲς
885 3538 942 3589 ἐν
966 3537 1176 3601 τούτοις
1201 3537 1294 3590 τοῦ
1311 3537 1540 3609 ἀληθοῦς
1562 3539 1767 3593 σκοποῦ
1785 3539 2022 3609 διαμαρ-

446 3641 724 3705 τάνουσιν,
758 3639 1146 3710 ἐπαιρόμενοι,
1179 3641 1276 3693 καὶ
1318 3641 1624 3711 νομίζοντες
1655 3641 1764 3715 ἰδίᾳ
1791 3642 2018 3713 δυνάμει

447 3742 536 3793 τὸν
561 3740 764 3810 κόσμον
795 3739 1255 3810 περιπεποιῆσθαι
1278 3741 1377 3810 τῆς
1408 3741 1630 3812 ἀρετῆς.

2130 3023 2380 3092 quivere
2411 3019 2664 3072 virtutem
2708 3023 3130 3076 consectantur,
3182 3027 3282 3064 nec
3327 3010 3697 3063 ementiuntur

2128 3111 2384 3182 operibus
2402 3107 2815 3180 professionem,
2854 3104 2944 3160 sed
2971 3103 3110 3157 hanc
3141 3101 3446 3156 assimilant
3472 3100 3520 3154 ei
3549 3099 3694 3167 quod

2127 3203 2372 3267 videtur,
2423 3209 2476 3256 et
2503 3200 2736 3272 speciem
2787 3197 3022 3257 habent,
3072 3209 3192 3264 quae
3227 3192 3594 3260 interpretatio
3627 3191 3698 3244 sit

2124 3293 2234 3360 rei,
2287 3292 2450 3362 quive
2490 3306 2596 3344 non
2634 3295 2896 3359 apparent
2927 3282 3282 3340 solummodo
3327 3281 3380 3335 in
3414 3295 3480 3336 eo
3505 3319 3522 3347 ,
3549 3280 3696 3349 quod

2125 3384 2479 3456 profitentur,
2519 3384 2611 3438 sed
2656 3394 2709 3437 et
2753 3381 3108 3436 nominantur
3140 3380 3256 3444 sic,
3306 3378 3434 3431 dum
3461 3391 3520 3430 re
3560 3375 3698 3429 tales

2127 3471 2412 3535 exsistant,
2440 3479 2534 3523 aut
2553 3469 2716 3522 etiam
2745 3467 2965 3521 student
2996 3479 3118 3518 esse
3149 3463 3268 3532 plus
3293 3476 3358 3516 eo
3378 3501 3392 3522 .
3427 3460 3567 3530 quod
3602 3474 3699 3512 no-

2128 3561 2406 3615 minantur
2428 3567 2644 3629 propter
2667 3557 2833 3613 Deum
2877 3562 3209 3611 scrutantem
3240 3551 3422 3606 omnia
3442 3590 3456 3612 .
3487 3564 3608 3618 quae
3643 3548 3696 3601 in

2125 3651 2430 3706 recessibus
2457 3648 2638 3704 cordis
2683 3649 3075 3708 obversantur,
3120 3659 3184 3698 ac
3218 3641 3509 3710 unicuique
3538 3638 3707 3692 retri-

2125 3741 2378 3796 buentem
2407 3739 2704 3795 secundum
2737 3737 3016 3808 proprium
3052 3749 3225 3804 opus,
3253 3747 3363 3786 non
3397 3729 3695 3786 secundum

447 3836 779 3906 opinionem.
815 3836 884 3888 At
916 3835 1051 3890 alias
1077 3851 1107 3890 e
1135 3837 1350 3891 diverso
1376 3837 1543 3907 aliqui
1571 3837 1625 3891 in
1649 3837 1802 3894 hisce
1833 3853 1863 3893 a
1894 3853 2023 3893 vero
2059 3852 2226 3908 scopo
2288 3835 2572 3910 aberrant,
2608 3834 2775 3889 animi
2811 3831 3042 3888 elatione
3074 3828 3284 3894 elcvati,
3314 3833 3370 3882 et
3427 3824 3718 3879 arbitrans.

449 3938 532 3985 tes
563 3927 798 3998 propriis
837 3928 1047 3984 viribus
1091 3929 1201 3984 sibi
1249 3929 1458 4000 seipsos
1495 3929 1714 3988 virtutis
1735 3939 2122 3988 ornamentum
2162 3913 2502 3997 comparare.

1067 4041 1316 4096 ΚΕΦΑΛ.
1346 4041 1401 4096 ιν.

516 4153 748 4207 Σπάνιον
781 4153 890 4225 γὰρ
920 4153 1012 4206 καὶ
1040 4152 1160 4208 λίαν
1191 4153 1471 4218 δύσκολον,
1505 4156 1752 4223 ἐνεγκεῖν
1786 4143 2040 4224 μέγεθος

446 4246 646 4314 ἀρετῆς
671 4246 746 4316 μὴ
789 4245 1098 4315 ἐπαρθέντα
1128 4245 1206 4316 τῷ
1261 4246 1590 4316 φρονήματι,
1647 4246 1782 4316 μηδὲ
1845 4262 2016 4315 φυση-

447 4334 606 4400 θέντα
639 4339 750 4399 τοῖς
771 4334 1175 4406 κατορθώμασι,
1228 4337 1485 4406 μείναντα
1528 4337 1585 4390 δέ
1611 4327 1889 4400 ταπεινὸν,
1923 4337 2018 4390 καὶ

444 4423 519 4488 ὡς
546 4424 611 4478 ἂν
645 4425 787 4479 εἴποι
810 4443 889 4489 τις
921 4429 1146 4497 ἄζυμον
1193 4426 1316 4480 οὔτε
1345 4427 1454 4498 γάρ
1510 4426 1720 4498 ἄζυμον
1777 4429 2017 4497 φυσᾶται

445 4516 580 4585 πυρὶ
610 4516 1006 4588 προσομιλοῦν,
1039 4518 1265 4587 μένειδέ
1296 4520 1353 4571 ἐν
1381 4519 1621 4589 ταπεινῷ
1652 4517 1727 4589 τῷ
1750 4519 2014 4590 σχήματι,

445 4605 569 4658 οὔτε
602 4607 947 4678 μετριόφρων
1000 4607 1286 4678 ἐπαίρεται
1341 4609 1735 4678 μετερχόμενος
1785 4609 2012 4680 ἀρετὴν,

444 4695 698 4767 εὐλαϐείᾳ
751 4695 1126 4750 καταστέλλων
1177 4697 1236 4750 τὸ
1286 4696 1384 4764 τῆς
1434 4696 1748 4760 ἀλαζονείας
1795 4699 2014 4768 οἴδημα.

445 4787 668 4852 Τούτοις
693 4790 724 4842 ὁ
759 4789 1056 4859 νομοθέτης
1087 4789 1178 4842 τὸν
1209 4788 1374 4857 φόϐον
1399 4787 1506 4858 πρὸ
1529 4786 1820 4857 ὀφθαλμῶν
1871 4787 2018 4858 ἔχειν

445 4877 540 4932 τοῦ
567 4879 704 4932 Θεοῦ
736 4879 1116 4948 συμϐουλεύει,
1163 4880 1394 4933 πάντοτε
1443 4877 1544 4948 τῆς
1595 4877 1792 4946 ἀλόγου
1827 4877 2017 4931 τοῦτον

446 4969 732 5040 ἐπάρσεως
789 4969 1142 5038 παιδαγωγὸν
1185 4969 1446 5040 ἐφιστῶν,
1500 4969 1596 5024 καὶ
1647 4967 2018 5038 σωφρονιστὴν

445 5059 611 5114 ὅσιον.
635 5061 709 5114 Τὸ
730 5061 839 5131 γὰρ
871 5063 1232 5132 προστάσσειν
1271 5063 1366 5116 ἐπὶ
1418 5062 1528 5116 τῶν
1568 5059 1874 5132 πτερυγίων
1924 5058 2016 5112 τοῦ

449 5151 666 5220 ίματίου
697 5153 871 5204 ποιεῖν
893 5153 1175 5223 κράσπεδα
1207 5157 1272 5208 ἐκ
1323 5153 1642 5224 κλώσματος
1683 5151 2014 5214 ὐακινθίνου,

448 5241 546 5295 καὶ
572 5240 742 5295 ταῦτα
775 5243 864 5296 διὰ
897 5243 1099 5308 παντὸς
1143 5246 1385 5316 ὁρῶντας
1429 5245 1538 5298 τῶν
1585 5244 1746 5298 θείων
1787 5241 2017 5296 ἐντολῶν

447 5332 591 5402 ἐχειν
641 5331 958 5402 ὑπόμνημα,
1017 5333 1178 5388 τοῦτό
1239 5353 1328 5405 μοι
1395 5335 1544 5388 δοκεῖ
1601 5333 1689 5386 διὰ
1744 5330 2016 5402 συμϐόλου

451 5424 754 5493 σημαίνειν.
823 5424 909 5486 Ὠς
964 5425 1075 5496 γὰρ
1121 5426 1182 5479 τὸ
1210 5426 1517 5498 κράσπεδον
1565 5423 1706 5494 ἀρχῆ
1759 5423 1994 5493 ἱματίου,

524 5534 570 5565 ³⁸
607 5533 707 5588 lsa.
749 5549 881 5595 χχιι.
910 5531 962 5586 8.

2045 4112 2098 4172 D

2745 4028 2972 4086 CAPUT
3020 4027 3088 4082 Χ.

2191 4153 2393 4208 Rarum
2428 4148 2570 4204 enim
2607 4155 2720 4210 est,
2753 4159 2818 4200 ac
2851 4142 3163 4214 pcrdi'ﬂieile
3190 4181 3207 4204 ,
3247 4139 3390 4210 rpiod
3414 4179 3428 4201 ,
3459 4139 3551 4209 qui
3586 4139 3700 4192 νίν-ι

2122 4243 2250 4299 tutis
2277 4241 2382 4296 fert
2414 4237 2857 4310 n'tagnitudinem,
2888 4249 2994 4287 non
3019 4231 3271 4287 eﬂeratur
3298 4231 3466 4285 animi
3496 4245 3694 4294 sensu,

2119 4351 2219 4391 nec
2249 4335 2320 4388 oh
2355 4333 2596 4388 facinora
2637 4331 2773 4384 bene
2807 4337 3018 4398 patrata
3055 4324 3271 4379 inﬂetur
3292 4365 3306 4388 ,
3354 4323 3446 4379 sed
3483 4338 3695 4393 parma-

2120 4436 2244 4482 neat
2274 4424 2528 4490 humilis;
2584 4431 2638 4476 et
2669 4421 2828 4490 quasi
2859 4420 2983 4490 quis
3014 4419 3240 4482 diceret,
3268 4431 3374 4470 non
3405 4415 3695 4469 fermenta~

2118 4525 2274 4572 tum:
2311 4530 2412 4571 nec
2436 4515 2581 4570 enim
2619 4511 2838 4566 inﬂatur
2877 4523 2984 4563 non
3026 4506 3407 4561 fermentatum
3435 4543 3450 4566 ,
3496 4504 3540 4557 si
3585 4503 3694 4571 igni

2118 4603 2567 4674 approximetur,
2606 4597 2699 4652 sed
2744 4596 2798 4649 in
2833 4593 3028 4648 humili
3057 4601 3240 4645 manet
3267 4589 3484 4657 specie;
3519 4603 3693 4656 neque

2117 4694 2395 4748 extollitur
2418 4688 2766 4744 mediocriter
2785 4687 2854 4740 de
2879 4701 2937 4742 se
2957 4686 3206 4756 sapiens,
3230 4683 3358 4738 dum
3382 4681 3692 4750 religiosam

2117 4782 2328 4839 ali‘eetct
2355 4780 2630 4850 pietatem,
2655 4776 2856 4846 quippe
2884 4778 2976 4844 qui
2999 4773 3275 4843 jactantia:
3323 4769 3569 4839 reprimit
3613 4781 3691 4822 tu-

2120 4888 2349 4930 morem.
2372 4871 2494 4926 Istis
2514 4867 2790 4939 legislator
2820 4868 2908 4921 ille
2931 4867 3182 4938 tiloyses)
3206 4867 3452 4920 timorem
3468 4862 3558 4918 Dei
3583 4878 3692 4932 [me

2118 4964 2293 5021 oculis
2322 4964 2520 5018 habere
2543 4959 2813 5022 consulit,
2845 4973 3061 5028 semper
3100 4959 3274 5026 ipsum
3304 4955 3690 5009 irrationabilis

2117 5054 2371 5114 elationis
2397 5053 2746 5124 paedagogum
2770 5050 3132 5124 constituens,
3157 5063 3219 5102 ac
3241 5057 3492 5102 sanctum
3513 5063 3690 5101 cmen-

2117 5122 2406 5202 datoremt
2446 5143 2591 5212 quod
2618 5142 2765 5195 enim
2798 5122 3108 5204 inundat-it,~
3134 5149 3190 5192 ut
3234 5138 3285 5191 in
3330 5137 3574 5207 partibus
3604 5151 3688 5188 ve-

2119 5240 2220 5296 stis
2251 5238 2394 5292 circa
2436 5234 2679 5290 limbi-ias
2708 5231 2998 5288 laciniosas
3027 5230 3244 5284 institas
3270 5245 3299 5284 e
3338 5229 3426 5283 [ilo
3460 5227 3686 5299 hyacin-

2121 5333 2275 5388 thiuo
2310 5331 2578 5393 facerent.
2621 5338 2676 5383 et
2711 5328 2846 5383 istas
2874 5341 3088 5395 semper
3122 5326 3351 5380 videndo
3378 5323 3686 5378 divinorum

2124 5419 2288 5490 530
2317 5426 2726 5490 praeceptorum
2766 5415 3198 5472 recordationem
3247 5415 3543 5476 haberent,
3585 5412 3687 5466 hoc
