3990 6204
307 216 440 285 ῙΞΤΖ)

1747 232 2025 294 SPURIA

3423 225 3562 293 1280

307 339 442 392 mibi
484 338 700 394 videtur
742 353 840 410 per
868 340 1175 411 symbolum
1215 341 1556 414 significare;
1593 343 1875 410 nimirum,

1999 343 2154 408 ιῦτως
2183 343 2325 418 ἁρχὴ
2369 342 2561 414 σοφίας
2601 343 2764 412 φόϐος
2796 341 3024 415 κυρίου,
3065 339 3252 398 τοῦτον
3291 332 3388 395 οῦν
3425 358 3558 396 συν-

307 430 476 498 qum],
505 433 647 486 sicut
683 433 894 486 ﬁmbria
921 440 1004 486 est
1029 434 1244 488 initium
1278 438 1469 502 vestis,
1503 437 1575 491 ita
1615 454 1634 488 ι
1664 436 1878 491 initium

1999 434 2235 505 κραίνειν
2259 434 2361 498 δεῖ,
2387 433 2550 488 παντὶ
2577 433 2732 504 ἄκρῳ
2759 432 2858 502 τῆς
2887 432 3109 503 ἀρετῆς,
3141 431 3327 503 ἐπειδὴ
3363 433 3562 503 σφαλε-

309 521 609 588 ειιρίειιιίιε,
639 521 800 574 ιίιηοι·
830 520 1042 576 Domini
1067 523 1154 592 ἰς
1184 543 1203 576 ι
1237 525 1381 582 bunc
1403 526 1568 596 igitur
1598 526 1886 582 subtexere

1999 526 2078 598 ραί
2109 543 2226 590 πως
2271 527 2325 579 αί
2379 525 2679 597 ἀκρότητες
2721 525 2859 596 πρὸς
2899 524 3158 577 ἀπόνοιαν
3191 523 3561 595 ὲκτρέπουσαι

309 619 526 678 oportet
568 611 718 664 omni
769 612 990 666 virtutis
1043 615 1354 669 summitate
1407 617 1883 687 (quandoquidem

310 699 652 754 summitates
695 701 1097 770 quodammodo
1143 716 1273 760 sunt
1317 706 1537 762 lallaces
1587 708 1653 762 ad
1699 723 1888 762 amen-

311 790 442 842 tiam
487 788 877 860 deturquentes
909 808 1005 847 eos
1041 795 1131 861 qui
1173 811 1362 865 parum
1401 798 1680 867 sapiunt),
1711 807 1770 852 ut
1816 798 1886 853 ob

309 881 500 935 oculos
529 882 726 937 animm
763 884 926 938 timor
951 885 1053 939 iste
1086 887 1454 943 indesinenter
1479 890 1718 958 agitatus
1740 931 1755 954 ,
1789 903 1885 943 co-

311 972 496 1028 hibeat
529 983 796 1030 tumorem
822 976 1188 1032 irrationalem
1214 979 1266 1032 iu
1299 980 1460 1032 rebus
1497 980 1638 1033 bene
1680 980 1881 1048 gestis,

313 1069 645 1136 edoceatque
677 1067 874 1120 virtute
902 1068 1226 1136 pneditum,
1270 1070 1414 1137 quod
1462 1071 1586 1124 licet
1629 1073 1744 1139 ipse
1783 1071 1886 1125 sibi

315 1161 656 1212 subtexuerit
699 1168 938 1224 vestem,
981 1158 1120 1212 Deus
1161 1165 1402 1215 altanieu
1446 1171 1568 1228 est,
1611 1162 1702 1232 qui
1741 1163 1890 1217 dedit

315 1251 694 1320 hujuscemodi
735 1260 964 1306 textura
1007 1253 1326 1321 sapientiam
1351 1293 1367 1316 ,
1409 1266 1463 1309 et
1492 1256 1562 1308 ob
1589 1255 1641 1310 id
1677 1255 1888 1310 auctori

1983 619 2110 682 τοὺς
2138 617 2513 688 ὀλιγόφρονας,
2551 615 2638 668 ἵνα
2663 614 2769 686 πρὸ
2804 615 2912 667 τῶν
2934 614 3232 684 ὀφθαλμῶν
3253 615 3353 684 τῆς
3379 614 3560 686 ψυχῆς

1988 709 2348 772 ἀδιαλείπτως
2417 706 2773 776 σαλευόμενος
2822 705 3162 778 καταστέλλῃ
3201 706 3261 759 τὸ
3305 706 3398 759 ἐπὶ
3446 710 3566 768 τοῖς

1986 800 2404 873 κατορθώμασιν
2449 798 2642 867 ἄλογον
2693 799 2808 868 οἴδη
2819 815 2918 868 μα,
2952 798 3045 852 καὶ
3074 799 3301 870 διδάσκῃ
3334 800 3426 851 τὸν
3469 801 3562 851 ἒν-

1989 893 2182 964 άρετον
2211 893 2292 946 ὅτι
2321 892 2428 946 κᾶν
2457 891 2616 954 αὐτὸς
2644 889 2822 960 ἐαυτῷ
2845 890 3075 960 ὲξῦφηνε
3105 891 3165 944 τὸ
3186 892 3419 961 ἱμάτιον,
3446 891 3564 945 ἀλλ’

1986 984 2015 1036 ὁ
2039 982 2174 1046 Θεός
2199 984 2314 1036 ἐστι
2347 984 2375 1036 6
2399 977 2643 1044 δεδωκὼς
2669 977 2768 1050 τὴν
2817 980 3006 1048 σοφίαν
3045 980 3136 1034 τοῦ
3183 979 3422 1044 τοιούτου
3455 984 3564 1051 ὑφ-

1989 1074 2254 1144 άσματος,
2299 1072 2392 1126 καὶ
2425 1073 2623 1143 πρέπει
2650 1071 2728 1140 τῷ
2753 1070 2912 1140 αίτίῳ
2943 1071 3042 1140 τῆς
3069 1072 3397 1142 ἐπιστήμης,
3424 1073 3566 1126 ἁ).λᾶ

1992 1164 2067 1236 μὴ
2092 1163 2168 1234 τῷ
2187 1165 2392 1235 ἐργάτῃ
2414 1163 2474 1215 τὸ
2495 1164 2603 1216 πᾶν
2619 1160 2926 1216 ἀνατιθέναι
2946 1160 3351 1232 τῆςδυνάμεως.
3376 1163 3566 1227 Οὕτως

1988 1253 2096 1326 γὰρ
2126 1253 2218 1307 καὶ
2245 1255 2278 1323 ἡ
2307 1252 2476 1323 ἀρετὴ
2499 1249 2853 1322 λαμπροτέρα
2881 1249 3032 1302 ἔσται
3066 1249 3228 1320 ἔργον
3266 1251 3563 1320 ὁμολογου-
3657 1304 3670 1312 ,

317 1345 565 1398 scientiae
588 1381 603 1408 ,
645 1352 700 1396 et
726 1358 834 1398 non
869 1345 1120 1413 operario
1150 1354 1319 1398 totam
1347 1354 1562 1415 oportet
1589 1345 1891 1402 attribuere

1999 1345 2127 1416 μένη
2159 1342 2318 1407 Θεοῦ,
2349 1343 2444 1397 καὶ
2473 1344 2506 1412 ὴ
2543 1341 2739 1411 κτῆσις
2768 1341 3216 1410 αὐτῆς¹ἀσφαλὴς
3257 1341 3332 1410 τῷ
3363 1359 3566 1410 κεκτη-

315 1435 612 1500 vittutem;
663 1436 742 1490 sic
783 1436 927 1490 enim
971 1436 1150 1491 virtus
1205 1445 1316 1490 tum
1359 1439 1462 1492 erit
1505 1438 1803 1501 illustrior,
1842 1438 1888 1493 si

1999 1437 2140 1507 μένῳ
2167 1436 2318 1504 μένει
2350 1434 2508 1503 φόϐῳ
2533 1433 2691 1498 Θεοῦ,
2712 1433 2805 1484 καὶ
2832 1432 2921 1485 διὰ
2947 1432 3145 1495 παντὸς
3179 1432 3561 1502 φυλασσομένη

317 1540 436 1579 eam
468 1540 607 1596 Opus
639 1542 762 1582 esse
799 1528 888 1582 Dei
937 1526 1244 1594 fateamur;
1285 1538 1398 1582 tum
1441 1529 1560 1599 ejus
1601 1531 1891 1599 acquisitio

1999 1528 2247 1598 εὐλαϐείᾳ
2266 1527 2398 1598 πρὸς
2419 1524 2582 1578 αὐτὸν
2614 1524 2706 1578 τὸν
2721 1523 2852 1577 Θεὸν
2882 1523 3058 1595 ἡμῶν·
3092 1517 3137 1592 ᾧ
3157 1526 3189 1594 ἡ
3212 1525 3356 1589 δόξα,
3388 1525 3482 1576 καὶ
3501 1524 3566 1576 τὸ

319 1632 514 1671 secura
548 1632 732 1673 manet
759 1620 1062 1689 acquireuti
1084 1663 1098 1686 ,
1127 1635 1237 1689 prae
1267 1619 1357 1674 Dei
1387 1622 1579 1677 timore
1599 1665 1613 1686 ,
1653 1631 1766 1677 tum
1790 1623 1889 1677 de-

1994 1621 2193 1690 κράτος
2221 1620 2302 1680 εἰς
2317 1617 2442 1678 τοὺς
2469 1615 2690 1676 αίῶνας.
2735 1615 2927 1685 Ἀμήν.

319 1724 469 1762 ιιιιιιη
518 1711 772 1781 religiosa
834 1722 1095 1783 perpetuo
1151 1715 1457 1770 custoditur
1512 1717 1710 1786 pietate
1759 1732 1888 1788 erga
1925 1717 2103 1788 ipsum
2144 1714 2311 1770 Deum
2354 1719 2636 1777 nostrum,
2712 1710 2798 1764 cui
2878 1710 3084 1780 gloria,
3131 1718 3184 1764 ct
3227 1717 3471 1779 potestas
3505 1708 3558 1764 in

318 1799 536 1854 saecula.
576 1803 769 1858 Amen.

394 1977 446 2012 ⁸⁸
481 1977 651 2031 Eccli.
677 1994 714 2041 ι,
754 1977 837 2034 16.

332 2195 1647 2224 W

330 2211 444 2230 ὀ

723 2213 973 2223 -ρ--οι--ο

1543 2385 2390 2566 SPUBIA.

1395 2911 1533 2966 ΤΟΥ
1582 2913 1952 2968 ΜΛΚΑΡΙΟΥ
1981 2913 2253 2968 ΠΑΤΡΟΣ
2299 2913 2492 2967 1131οΝ

1644 3100 2266 3232 ΝΕῙΛΟΥ

906 3359 1269 3449 ΛΟΓΟΣ
1309 3363 1948 3451 ΑΣΚΗΤΙΚΟΣ
1989 3367 2186 3452 ΚΑΙ
2244 3365 2930 3454 ΠΟΛΥΜΕΡΗΣ

1391 3566 1481 3620 EN
1512 3568 1554 3639 ῼ
1591 3567 1958 3622 ΝΟΥΘΕΣΙΔῙ
1992 3566 2498 3622 ΠΝΕΥΜΛΤΙΚΔΙ.

1485 3933 1604 4045 s.
1698 3905 1815 4046 ι).
1902 3932 2042 4045 Ν.
2131 3933 2420 4046 NILI

721 4181 1404 4272 TRAC'I’ATUS
1494 4183 2020 4274 MORALIS
2101 4186 2244 4272 ET
2340 4183 3174 4273 MULTIFARIUS

1275 4397 1346 4456 In
1373 4413 1499 4476 quo
1530 4397 1885 4476 spirituales
1943 4405 2088 4462 sunt
2138 4400 2622 4465 admonitiones.

973 4727 1202 4788 CAPUT
1257 4732 1298 4790 1.

407 4845 736 4903 Hultil'orme
775 4861 838 4903 ac
863 4846 1138 4917 multiplex
1167 4848 1413 4904 ﬁdelibus
1435 4850 1758 4920 proponitur
1781 4867 1900 4906 cer-

332 4945 516 4994 tamen
551 4953 743 5009 pugna:
772 4937 824 4991 in
855 4939 1100 5008 praesenti
1134 4939 1262 5004 vita,
1298 4939 1365 4994 iis
1396 4940 1624 5006 scilicet,
1655 4941 1747 5012 qui
1780 4957 1903 5012 pcr-

333 5030 622 5102 spicaciter
678 5030 732 5084 in
775 5029 1070 5099 judicaudo
1123 5033 1406 5101 prudentia
1460 5048 1548 5089 res
1593 5034 1903 5091 discernere

333 5121 536 5185 valent,
589 5130 643 5175 et
671 5121 958 5192 praesentia
1007 5121 1225 5190 quidem
1283 5123 1670 5179 convenienter
1706 5125 1904 5180 distin-

335 5229 521 5283 guere,
553 5211 736 5266 futura
767 5227 896 5266 vero
931 5211 1264 5281 perpendere
1299 5213 1520 5268 utiliter.
1561 5214 1686 5269 Haec
1717 5226 1898 5271 autem

337 5302 607 5357 institutio
662 5301 893 5372 plurima
946 5301 1147 5371 indiget
1203 5303 1498 5358 attentione
1565 5313 1619 5358 et
1650 5319 1802 5372 cura,
1845 5315 1906 5362 ut

340 5391 646 5449 intellectus
693 5395 758 5448 ad
786 5402 1016 5463 utraque
1047 5401 1356 5461 protensus,
1398 5396 1572 5465 possit
1603 5395 1718 5452 haec
1749 5397 1908 5453 intel-

343 5481 528 5548 ligcre,
576 5498 752 5554 neque
785 5485 891 5539 huc
919 5493 974 5540 et
1003 5484 1131 5539 illuc
1158 5484 1392 5550 vacillet,
1427 5485 1720 5543 necessarii
1751 5503 1910 5559 expe-

345 5572 581 5639 ritnenti,
636 5575 936 5646 debitaeque
991 5576 1470 5648 prtemeditationis
1517 5587 1610 5634 aut
1635 5579 1907 5637 oblivione

1835 4773 1848 4794 ε
1935 4726 1976 4780 Β

2606 4700 2855 4793 ΚΕΦΑᾹ.
2897 4741 2974 4796 A'.

2081 4851 2396 4924 Πολυμερὴς
2441 4853 2534 4907 καὶ
2579 4852 2920 4922 πολύτροπος
2981 4852 3268 4923 πρόκειται
3314 4857 3426 4919 τοῖς
3476 4873 3569 4909 πι-

2008 4944 2198 5006 στοῖςὸ
2228 4941 2378 5007 ἀγὼν
2399 4947 2497 5015 τῆς
2525 4943 2803 5014 ἀθλήσεως
2841 4943 2900 4995 ἐν
2930 4941 3009 5013 τῷ
3046 4943 3275 5014 παρόντι
3306 4944 3426 5015 βίῳ,
3460 4947 3573 5008 τοῖς

2007 5033 2332 5102 διορατιχῶς
2358 5035 2416 5085 ἐν
2443 5033 2661 5085 συνέσει
2689 5031 2982 5102 διακρίνειν
3007 5033 3344 5101 δυναμένοις,
3375 5033 3470 5086 καὶ
3503 5032 3572 5084 τὰ

2007 5123 2250 5194 παρόντα
2280 5123 2712 5193 χαρακτηρίζειν
2741 5122 3002 5185 δεόντως.
3055 5123 3148 5175 καὶ
3195 5122 3264 5176 τὰ
3313 5123 3573 5192 μέλλοντα

2009 5215 2231 5284 θεωρεῖν
2285 5214 2693 5284 συμφερόντως.
2763 5213 2969 5280 Πολλῆς
3015 5212 3072 5265 δὲ
3124 5213 3296 5265 δεῖται
3349 5215 3381 5283 ἡ
3431 5211 3575 5284 αὕτη

2010 5307 2234 5376 ἀγωγὴ,
2298 5306 2440 5360 ὥστε
2494 5305 2787 5376 δυνηθῆναι
2834 5305 3056 5374 νοῆσαι,
3123 5304 3427 5374 προσοχῆς,
3475 5303 3574 5355 καὶ

2011 5398 2311 5469 φροντίδος,
2373 5396 2464 5451 τὸν
2512 5395 2638 5449 νοῦν
2709 5395 2844 5467 πρὸς
2892 5395 3127 5464 ἑκάτερα
3177 5393 3573 5464 ἐκτεινόμενον.

2010 5483 2112 5544 ὧδε
2141 5491 2362 5542 κακείσε
2397 5488 2496 5558 τῆς
2531 5485 2754 5556 δεούσης
2784 5485 3128 5556 δοκιμασίας,
3165 5484 3398 5554 καὶτῆς
3428 5483 3572 5551 ὀφει-

2011 5579 2245 5650 λομένης
2280 5577 2510 5651 θεωρίας
2543 5578 2637 5650 μὴ-
2657 5575 2925 5649 σφαλῆναι
2947 5616 2961 5640 ,
2981 5576 3025 5647 ,ἢ
3054 5575 3193 5648 λήθῃ
3218 5572 3570 5648 ignorem.
