3994 6182
407 340 541 407 1281

1608 341 2048 404 TRACTATUS
2086 343 2446 405 MORALIS.

3506 343 3642 412 1282

403 474 521 521 νος,
548 454 582 525 ἢ
616 451 953 525 ὀλιγοπιστίᾳ
980 452 1413 524 πολεμούμενος,
1446 451 1479 523 ἢ
1512 452 1822 524 ἀναξιότητι
1852 455 1969 507 ἐπι-

2080 455 2419 523 ρνωροόίιιιε,
2455 461 2548 507 aut
2580 455 2816 522 pauxilla
2851 456 2953 512 fide
2989 468 3352 527 oppugnatus,
3384 468 3477 515 aut
3513 477 3641 530 pro-

402 545 808 615 ϐουλευόμενος.
852 546 917 598 ’0
951 545 1050 615 μὲν
1088 543 1198 613 γὰρ
1238 542 1408 612 ’Δδάμ
1438 543 1495 595 ὲν
1540 543 1682 613 ἀρχῇ
1713 542 1813 612 τῆς
1851 543 1979 596 κτί-

403 652 541 698 σεως
590 634 943 705 παρακούσας
996 627 1124 702 εὗρε
1182 633 1374 703 καιρὸν
1426 632 1686 685 ἐπανόδου
1747 634 1815 703 τῇ
1873 629 1966 685 τοῦ

2069 542 2180 612 pria
2238 545 2642 613 contemptione
2691 548 2893 615 petitus
2949 547 3184 602 insidiis.
3231 547 3405 602 Adam
3442 552 3642 619 quippe

2067 634 2223 688 initio
2252 634 2453 689 conditi
2486 635 2653 700 orbis,
2684 636 2809 692 licet
2836 651 2944 691 non
2968 637 3420 707 obtemperasset,
3451 651 3642 697 nactus

400 725 640 796 Χριστοῦ
671 725 939 796 παρουσίᾳ
973 725 1030 776 ἰν
1066 722 1251 794 σαρκὶ,
1272 724 1435 793 ἡμεῖς
1465 722 1521 775 δὲ
1554 722 1691 793 πρὸς
1721 722 1799 793 τῷ
1824 722 1968 777 τέλει

2080 738 2150 781 Bst
2202 734 2384 780 tamen
2440 728 2785 781 occasionem
2828 729 3112 795 redeundi,
3162 724 3363 785 Christi
3392 732 3445 785 in
3478 747 3644 787 carne

400 817 496 871 τοῦ
525 818 731 886 κόσμου
764 818 1151 886 τυγχάνοντες,
1181 816 1229 867 εί
1265 813 1607 883 ὲκπεσοῦμεν
1650 814 1759 866 τῶν
1796 815 1971 868 τοιού-

401 924 509 961 των
538 905 917 976 χαρισμάτων,
962 906 1059 958 καὶ
1108 905 1207 975 τῆς
1253 903 1528 975 βασιλείας
1560 903 1659 975 τήν
1704 903 1980 976 ὑψηλοτέ-’

403 1010 505 1066 ραν
559 993 654 1047 καὶ
708 992 1159 1063 ὑπερθαύμαστον
1193 991 1371 1057 ἀξίαν,
1406 991 1808 1062 ἀχρειώσαντες
1848 994 1970 1055 ταῖς

401 1087 872 1157 παρακουστικαῖς
915 1083 1348 1155 πλημμελείαις,
1393 1084 1492 1153 οὐχ
1533 1082 1727 1153 ἕξομεν
1780 1084 1969 1154 καιρὸν

400 1176 684 1238 ἐπανόδου,
701 1175 817 1230 ἀλλ’
835 1175 1113 1246 ἢγγεέννης
1136 1175 1461 1246 ἀπάντησιν.
1488 1176 1551 1228 Οἱ
1575 1175 1683 1246 γὰρ
1705 1174 1844 1246 μετὰ
1872 1178 1970 1246 τὴν

399 1267 661 1338 δευτέραν
693 1266 1032 1323 ἀνακαίνισιν
1062 1265 1161 1335 τῆς
1198 1264 1617 1337 ἀνθρωπότητος
1642 1267 1972 1338 ἐμμένοντες

401 1362 467 1430 τῇ
502 1358 826 1429 παλαιότητι
846 1358 941 1410 ἐπὶ
964 1358 1093 1430 δόξῃ
1120 1357 1340 1420 κακίας,
1373 1357 1602 1427 μάταιον
1629 1358 1970 1429 ἐπιχειροῦσι

401 1452 499 1523 τὴν
534 1449 629 1505 τοῦ
661 1449 899 1521 Χριστοῦ
926 1447 1258 1519 οἰκονομίαν,
1303 1443 1381 1502 ὧν
1426 1448 1488 1501 τὸ
1537 1450 1714 1520 κρῖμα
1763 1449 1971 1504 ινδικόν

402 1544 540 1607 ἐστι,
579 1542 667 1596 διὰ
696 1541 854 1595 τοῦτο
897 1540 1259 1611 διδασκόμεθα
1292 1538 1701 1593 ἀπεκδύσασθαι
1731 1540 1830 1611 τὴν
1868 1558 1972 1595 πα-

402 1635 694 1706 λαιότητα,
729 1634 826 1688 καὶ
871 1632 1191 1687 ἐνδύσασθαι
1237 1632 1336 1703 τὴν
1385 1634 1716 1702 καινότητα·
1765 1633 1973 1693 ἐκεῖνος

407 1728 505 1795 μὲν
532 1726 641 1796 γάρ
681 1725 962 1787 ἐπαινετὸς
989 1762 1005 1788 ,
1060 1727 1090 1777 6
1136 1724 1260 1794 χθὲς
1303 1722 1566 1792 ὑπάρχων
1613 1719 1827 1792 ὀργίλος
1878 1720 1973 1772 καὶ

2068 815 2358 887 ριάιεεηιία
2385 833 2402 883 ;
2436 832 2537 872 nos
2593 832 2740 882 vero,
2771 819 2859 887 qui
2891 819 2944 872 in
2977 819 3081 873 line
3116 820 3306 875 mundi
3338 836 3641 887 versamur,

2067 906 2113 961 si
2152 922 2183 962 e
2221 907 2386 962 tantis
2418 907 2739 962 excidamus
2788 909 2997 978 gratiis,
3033 910 3295 980 regnique
3327 912 3473 968 illius
3506 928 3644 981 pne-

2068 997 2351 1053 celsiorem
2410 1014 2474 1053 ac
2497 1014 2656 1069 supra
2684 1000 2903 1055 modum
2934 1000 3307 1056 admirabilem
3328 1003 3641 1074 dignitatem

2068 1089 2447 1145 inobedientite
2491 1092 2727 1161 peccatis
2780 1093 3076 1147 reddamus
3115 1092 3389 1158 inutilem,
3431 1103 3641 1150 tantum

2068 1181 2243 1235 aberit
2297 1194 2327 1235 a
2379 1182 2538 1235 nobis
2578 1183 2957 1251 opportunitas
3009 1193 3196 1252 postea
3243 1184 3523 1249 redeundi,
3584 1192 3645 1239 ut

2071 1272 2252 1340 potius
2276 1269 2554 1324 immineat
2581 1270 2898 1324 oecurrendi
2932 1271 3190 1340 gehennae
3216 1272 3533 1341 periculum.
3560 1272 3643 1325 Illi

2070 1366 2295 1428 etenim,
2332 1365 2427 1434 qui
2475 1371 2598 1434 post
2624 1364 2918 1419 secundam
2953 1364 3357 1420 innovatiouem
3393 1365 3644 1419 humani-

2073 1453 2481 1524 latis,improbe
2497 1453 2812 1517 sentientes,
2840 1455 3092 1509 vetustati
3121 1454 3408 1521 inhazrent,
3441 1455 3642 1510 frustra

2073 1547 2464 1616 aggrediuntur
2489 1543 2689 1598 Christi
2718 1544 3138 1599 emistitutiones
3166 1547 3383 1610 sectari,
3405 1562 3641 1617 quorum

2073 1634 2349 1690 damnatio
2406 1634 2555 1703 justa
2600 1644 2684 1688 est
2738 1633 2829 1687 ἐς
2870 1642 3196 1702 quapropter
3227 1635 3523 1690 edocemur
3549 1650 3645 1690 vev

2075 1735 2327 1782 tustatem
2374 1738 2572 1779 exuere
2620 1732 2677 1778 et
2714 1724 2940 1779 induere
2963 1724 3251 1779 novitatem
3283 1742 3298 1791 ;
3333 1725 3420 1780 ille
3445 1724 3647 1796 quippe

406 1814 659 1887 θυμώδης
681 1851 696 1880 ,
728 1815 966 1885 σήμερον
1013 1814 1069 1867 δὲ
1116 1812 1291 1885 πραῢς
1326 1814 1419 1866 καὶ
1446 1810 1691 1883 ήσύχιος,
1722 1812 1751 1863 6
1778 1812 1872 1863 καὶ
1902 1810 1970 1863 τὰ

2080 1815 2360 1871 laudabilis
2388 1823 2491 1880 est,
2525 1815 2621 1885 qui
2653 1814 2767 1870 heri
2795 1814 3014 1884 quidem
3042 1815 3306 1871 iracundo
3338 1831 3402 1871 ac
3428 1819 3649 1872 turbato

407 1904 554 1975 πάθη
583 1905 811 1975 νικήσας
838 1904 933 1957 καὶ
965 1903 1063 1974 τὴν
1091 1904 1293 1975 ἀρετὴν
1317 1904 1565 1973 ἀσκήσας
1583 1917 1598 1933 ·
1632 1903 1839 1966 ἐκεῖνος
1872 1904 1971 1955 ἐπ·

404 1997 631 2062 αινετὸς,
657 1999 686 2050 6
719 1996 845 2067 χθὲς
873 1996 973 2066 μὲν
1013 1998 1079 2067 τῇ
1112 1994 1370 2068 αύθεντίᾳ
1417 1995 1703 2065 ἀγόμενος,
1736 1996 1973 2066 σήμερον

402 2086 460 2141 δὲ
492 2088 559 2158 τῇ
592 2086 840 2157 ὑποταγῇ
871 2083 963 2138 τοῦ
1016 2082 1350 2155 Εὑαγγελίου
1387 2086 1682 2152 ὑποταγεὶς
1707 2126 1722 2152 ,
1751 2086 1845 2139 καὶ
1882 2086 1975 2138 ἐπὶ
2016 2122 2021 2129 .

405 2179 570 2230 παντὶ
601 2162 826 2248 ῥήματι,
860 2177 954 2229 καὶ
982 2175 1290 2247 πράγματι,
1326 2178 1419 2229 καὶ
1452 2176 1798 2247 ἐνθυμήματι
1821 2176 1974 2243 τάξιν

403 2265 686 2337 τιθέμενος
709 2308 724 2332 ,
757 2267 856 2320 καὶ
886 2266 994 2321 τῶν
1045 2266 1256 2338 ἀρετῶν
1286 2266 1385 2338 τὴν
1429 2267 1777 2339 περιποίησιν
1816 2284 1975 2338 μερι-

410 2358 590 2428 μνῶν,
620 2358 716 2411 καὶ
759 2361 826 2428 τῇ
870 2358 976 2430 ἰδία
1019 2358 1273 2429 αὑθεντίᾳ
1318 2357 1393 2430 μὴ
1436 2358 1861 2430 καταχρώμενος
1894 2360 1976 2422 είς

405 2451 661 2521 ἀθέτησιν
713 2449 819 2503 τῶν
877 2449 1259 2518 Εὑαγγελικῶν
1303 2449 1536 2519 ἀρετῶν,
1585 2450 1865 2521 μεριμνῶν
1918 2450 1975 2505 δὲ

404 2541 499 2595 τὸν
528 2542 788 2613 μέλλοντα
812 2542 1004 2607 αἰῶνα,
1053 2542 1147 2596 καὶ
1172 2542 1267 2595 τοῦ
1296 2540 1563 2614 παρόντος
1596 2542 1972 2613 καταφρονῶν,

409 2635 494 2689 ἵνα
534 2634 709 2705 τούτῳ
762 2635 1302 2704 ἀνταγωνισάμενος,
1361 2633 1458 2688 καὶ
1502 2635 1725 2705 νικήσας
1781 2635 1840 2687 ἐν
1898 2632 1977 2703 τῷ

410 2727 654 2799 μέλλοντι
691 2726 848 2779 αίῶνι
878 2727 1101 2779 ἐπαίνου
1141 2726 1301 2799 τύχῃ,
1354 2725 1449 2778 καὶ
1497 2724 1976 2795 ἀνακαινιζόμενος

407 2822 473 2890 τῇ
523 2816 802 2888 καινότητι
833 2816 953 2871 καθ’
995 2818 1211 2888 ήμέραν
1240 2820 1307 2888 τῇ
1352 2818 1531 2887 ἀποχῇ
1581 2816 1689 2870 τῶν
1724 2814 1977 2885 πονηρῶν

409 2910 773 2982 πραγμάτων,
813 2910 907 2963 καὶ
953 2908 1212 2973 ἐπιδείξει
1255 2909 1365 2962 τῶν
1398 2908 1646 2979 ἀρετῶν
1689 2906 1828 2977 αὕτη
1867 2904 1976 2975 γάρ

407 3008 557 3060 ἐστιν
606 3004 640 3074 ή
681 3002 1006 3065 ἁπέκδυσις,
1038 3000 1134 3056 καὶ⁵
1166 2999 1470 3062 ὲπένδυσις.
1508 2998 1602 3062 Τίς
1636 2997 1728 3051 οὑν
1758 2998 1792 3068 ή
1831 2996 1978 3050 αίτία

408 3097 501 3151 τοῦ
532 3094 788 3161 θανάτου,
821 3093 918 3147 καὶ
946 3092 1029 3157 τίς
1058 3094 1087 3146 ό
1115 3092 1316 3164 τρόπος
1354 3092 1455 3162 τῆς
1484 3089 1667 3160 ζωῆςς
1705 3088 1771 3141 Ἥ
1801 3103 1978 3158 παρα-

408 3187 509 3260 κοὴ
553 3186 650 3258 τῆς
695 3156 993 3256 ἁμαρτίας,
1036 3156 1198 3253 καὶή
1234 3156 1448 3253 ὑπακοῆ
1474 3156 1970 3252 τῆς-δικαιοσύνην
2004 3156 2047 3215 C

407 3281 536 3336 ὃταν
559 3278 654 3333 οὑν
682 3277 1104 3350 ἁμαρτάνωμεν,
1128 3276 1371 3329 ὑπόδικοι
1396 3277 1676 3348 παρακοῆς
1692 3272 1975 3343 γινόμεθα,

410 3374 507 3429 καὶ
536 3371 624 3426 διὰ
653 3370 811 3424 τοῦτο
839 3371 996 3440 χρεία
1021 3369 1119 3439 τῆς
1146 3367 1533 3437 άντιστατικῆς
1581 3367 1841 3437 μελέτης,
1884 3364 1978 3418 καὶ

410 3466 509 3538 τῆς
557 3464 860 3535 ἀσκητικῆς
894 3461 1205 3532 φροντίδος,
1239 3460 1333 3514 καὶ
1363 3458 1515 3529 μόλις
1545 3457 1611 3526 γά
1647 3473 1731 3520 τις
1761 3455 1981 3525 διαφεύ-

413 3556 562 3622 ξεται
587 3556 683 3620 τὰς
710 3554 1012 3627 ἐπιδρομὰς
1039 3552 1149 3606 τῶν
1182 3549 1576 3621 άμαρτητικῶν
1610 3549 1820 3603 παθῶν.

2071 1910 2258 1964 animo
2297 1920 2415 1962 sese
2450 1905 2701 1969 habebat,
2744 1906 2903 1960 hodie
2938 1920 3070 1961 vero
3105 1915 3189 1961 est
3241 1916 3556 1962 mansuetus
3592 1919 3648 1964 et

2072 2004 2311 2073 quietus,
2339 2000 2543 2070 quique
2566 1999 2851 2069 passiones
2887 1998 3054 2052 animi
3088 1998 3311 2063 devicit,
3349 2008 3404 2053 et
3443 2000 3495 2053 in
3528 2000 3645 2054 vir-

2076 2104 2191 2149 tute
2238 2108 2298 2149 sc
2340 2092 2627 2157 exercuit;
2664 2090 2954 2145 laudabilis
3005 2088 3115 2154 ille,
3146 2091 3239 2160 qui
3274 2090 3390 2145 heri
3424 2091 3646 2160 quidem

2073 2184 2431 2241 delectatione
2481 2182 2773 2237 mundana:
2823 2181 3104 2251 potestatis
3139 2182 3456 2249 ducebatur,
3487 2183 3647 2239 hodie

2072 2290 2203 2331 vero
2240 2271 2523 2343 Evangelii
2570 2270 2896 2327 obedientiae
2944 2271 3226 2341 subjectus
3256 2283 3359 2340 est,
3390 2275 3648 2342 omnique

2075 2367 2261 2431 verbo,
2295 2372 2349 2418 ct
2395 2362 2565 2432 operi,
2598 2371 2763 2432 atque
2786 2361 2954 2416 animi
2989 2363 3275 2431 conceptui
3310 2363 3529 2418 modum
3559 2379 3648 2417 ra-

2075 2455 2223 2510 tione
2263 2461 2622 2525 temperatum
2672 2451 2988 2521 assignavit,
3024 2460 3388 2522 proeuratque
3416 2452 3647 2507 sollicite

2073 2548 2335 2602 virtutum
2383 2543 2823 2616 acquisitionem,
2877 2554 2932 2599 et
2979 2545 3200 2615 propria
3242 2560 3352 2601 non
3402 2547 3650 2602 abutitur

2075 2640 2401 2695 auctoritate
2454 2637 2522 2692 ad
2574 2637 3012 2707 evangelicarum
3047 2639 3307 2692 virtutum
3340 2647 3651 2708 transgres-

2077 2732 2312 2795 sionem,
2340 2728 2583 2784 futurum
2611 2743 2737 2783 vero
2764 2728 3020 2783 saeculum
3045 2738 3297 2783 accurate
3317 2729 3651 2798 considerat,

2075 2829 2129 2876 et
2170 2834 2412 2890 praesens
2447 2817 2611 2872 habet
2640 2816 2936 2886 despectui,
2973 2824 3032 2870 ut
3066 2826 3354 2886 postquam
3386 2818 3651 2873 adversus

2077 2909 2218 2966 istud
2259 2908 2533 2979 pugnarit,
2585 2921 2649 2963 ac
2693 2906 2905 2972 vicerit,
2952 2906 3165 2960 laudem
3207 2907 3260 2960 in
3289 2907 3488 2962 saeculo
3520 2922 3652 2962 ven-

2078 3007 2203 3054 turo
2231 3003 2627 3066 consequatur;
2651 2996 2854 3066 quique
2884 2996 3120 3068 novitate
3148 2996 3462 3066 quotidiana
3490 3013 3652 3052 reno-

2082 3100 2259 3156 vatur,
2320 3089 2390 3144 ab
2445 3087 2825 3159 iniquitatibus
2880 3087 3222 3153 abstinendo,
3280 3089 3652 3160 virtutumque

2081 3187 2354 3255 specimen
2406 3180 2748 3239 exhibendo:
2785 3181 3161 3251 hujuscemodi
3191 3181 3389 3236 etenim
3421 3191 3507 3237 est
3532 3197 3653 3237 mo-

2080 3281 2185 3336 dus
2238 3274 2470 3331 exuendi
2528 3287 2650 3330 sese
2677 3280 2731 3328 et
2768 3271 3044 3327 induendi.
3079 3271 3337 3338 Quaenam
3369 3274 3534 3344 igitur
3569 3287 3655 3330 est

2081 3385 2248 3428 causa
2274 3368 2489 3433 mortis,
2519 3374 2574 3421 et
2599 3364 2725 3436 quis
2751 3364 2877 3419 vitae
2922 3363 3161 3419 modus?
3199 3363 3295 3420 Est
3328 3366 3527 3435 quippe
3572 3365 3654 3419 in-

2081 3458 2402 3516 obedientia:
2438 3461 2742 3524 peccatum,
2772 3461 2828 3505 et
2852 3452 3058 3519 iustitia
3085 3451 3408 3508 obedientia:
3429 3495 3444 3519 ,
3476 3454 3651 3523 siqui-
3738 3520 3741 3521 ν

2081 3551 2203 3607 dem
2258 3547 2386 3601 dum
2450 3555 2759 3612 peccamus,
2793 3540 2870 3593 rei
2923 3539 3203 3619 evadimus
3238 3540 3651 3619 inobedientia:2

408 3648 641 3720 ideoque
669 3662 805 3718 opus
830 3615 919 3700 est
939 3615 1404 3716 premeditatione
1424 3643 1746 3711 reluctante,
1780 3658 1847 3700 ac
1904 3643 2271 3703 sollicitudine
2333 3633 2706 3693 exercitationi
2744 3618 3013 3700 vacante;
3045 3632 3174 3688 dum
3232 3632 3312 3688 sic
3373 3632 3537 3688 etiam
3573 3615 3656 3686 in:

415 3754 612 3796 cursus
643 3737 1146 3810 peccaminosarum
1173 3733 1493 3804 passionum
1516 3733 1604 3789 vix
1625 3733 1988 3807 subterfugiet
2023 3732 2319 3807 quispiam.

1011 3851 1263 3906 ΚΕΦΔΛε
1303 3850 1379 3905 B'.

484 3965 583 4019 Διά
608 3963 769 4019 τοῦτο
807 3965 920 4028 τοῖς
957 3962 1055 4035 μὲν
1083 3963 1332 4034 ἀρχαίοις
1363 3964 1392 4017 ό
1428 3962 1634 4037 Κύριος
1668 3980 1980 4035 προσκατα-

416 4053 674 4126 λιμπάνει
703 4054 773 4109 τὰ
805 4053 1224 4126 προστάγματα,
1259 4056 1369 4118 τοῖς
1398 4054 1454 4107 δὲ
1497 4054 1637 4119 νέοις
1678 4054 1982 4108 ἐντέλλεται

415 4149 485 4203 τὰ
511 4146 842 4217 εὐαγγελικά
869 4146 1174 4217 διδάγματα
1213 4146 1274 4199 τὸ
1310 4148 1385 4218 μὴ
1429 4150 1678 4220 μισῆσαι,
1710 4151 1848 4219 μήτε
1887 4149 1983 4219 ὀρ-

416 4242 709 4313 γισθῆναι,
764 4240 903 4311 μήτε
950 4237 1333 4309 ἐπιθυμῆσαι,
1370 4239 1507 4310 μήτε
1569 4240 1977 4305 ἀνταποδοῦναι,

417 4335 554 4389 ἀλλα
600 4336 712 4397 τοῖς
763 4330 1049 4402 συμϐόλοις
1083 4329 1180 4399 τῆς
1226 4331 1445 4400 ἀγάπης
1493 4330 1628 4400 πρὸς
1666 4329 1982 4399 τελειότητα

416 4426 782 4499 δδηγηθῆναι·
824 4425 880 4476 αἱ
914 4421 1127 4476 ἐντολαὶ
1153 4422 1210 4474 δὲ
1237 4421 1331 4474 τοῦ
1363 4421 1570 4491 Κυρίου
1591 4461 1605 4484 ,
1642 4421 1854 4491 βαρεῖαι
1882 4421 1982 4473 οὑκ

418 4520 555 4572 εἰσὶν
574 4557 590 4582 ,
620 4516 755 4571 ἀλλὰ
804 4511 1256 4587 μοχθηροποιοῦσι
1286 4513 1376 4565 τὸν
1414 4512 1620 4575 ταύτας
1650 4511 1985 4581 φυλάττοντα

373 4645 385 4658 .
419 4611 474 4662 αθ
502 4610 874 4677 ἀντικείμεναι
910 4607 1021 4667 τοῖς
1052 4603 1268 4674 μέλεσιν
1300 4603 1456 4674 ήμῶν
1486 4603 1864 4672 άμαρτητικαὶ
1894 4602 1985 4654 δυο

420 4702 633 4769 νάμεις,
651 4699 710 4752 οὑ
745 4698 1015 4768 σύμφυτοι
1041 4694 1195 4751 οὖσαι
1214 4698 1280 4767 τῇ
1302 4695 1482 4765 φύσει,
1509 4694 1625 4748 ἀλλ’
1644 4695 1980 4748 ὲπείσακτοι.

2091 4701 2166 4756 bit
2194 4716 2209 4764 ;
2250 4710 2372 4767 qua:
2399 4691 2621 4763 quidem
2652 4702 2760 4742 non
2792 4702 2897 4741 una
2924 4701 3047 4742 cum
3077 4692 3271 4739 natura
3308 4686 3503 4738 innatae
3532 4690 3659 4737 sunt
3740 4698 3757 4701 ”

422 4796 531 4849 Καὶ
576 4794 663 4847 διὰ
702 4794 861 4846 τοῦτο
906 4794 935 4845 6
982 4790 1186 4863 Κύριος
1239 4787 1545 4843 ἐντέλλεται
1596 4786 1848 4858 ὲκριζοῦν
1893 4785 1990 4839 καὶ

423 4882 818 4953 καταφυτεὺειν
837 4922 851 4947 ,
884 4882 977 4934 xui.
1005 4880 1434 4944 κατασκάπτειν,
1463 4877 1557 4931 καὶ
1596 4876 1986 4946 ἀνοικοδομεῖν.

437 4980 597 5033 Ἀλλά
628 4977 828 5047 πολλῆς
860 4975 1050 5047 χρείαν
1080 4975 1191 5045 ἔχει
1227 4975 1542 5046 φρονήσεως
1587 4975 1621 5043 ἠ
1661 4970 1883 5041 τοιαύτη
1910 4971 1993 5041 ὲρ-

424 5070 615 5137 γασία,
665 5066 757 5120 καὶ
788 5067 1056 5136 προσοχῆς
1101 5066 1195 5118 καὶ
1237 5063 1554 5134 φροντίδος,
1586 5064 1683 5132 τῆς
1729 5060 1992 5129 συνήθους

426 5161 647 5230 ἀγωγῆς
679 5155 1188 5228 παρεμποδιζούσης
1231 5155 1365 5228 πρὸς
1396 5155 1492 5226 τὴν
1531 5154 1786 5224 τοιαύτην
1819 5152 1996 5221 ἀσφά-

318 5244 321 5249 ’
428 5252 601 5304 λειαν.
647 5250 745 5302 Διὰ
787 5248 945 5301 τοῦτο
994 5248 1146 5319 χρεία
1189 5247 1439 5317 ἀνδρείας
1486 5246 1580 5299 καὶ
1627 5245 1856 5313 ἀγῶνος,
1903 5243 1996 5296 καὶ

426 5342 729 5413 ἀθλητικῆς
778 5341 1081 5403 ὲνστάσεως
1134 5338 1415 5409 διηνεκοῦς
1463 5338 1554 5391 ἐπὶ
1605 5337 1705 5410 τῆς
1756 5333 1996 5395 διανοίας

429 5433 840 5502 πλατυνομένης
870 5431 963 5484 καὶ
995 5430 1126 5501 πρὸς
1158 5431 1337 5492 πάσας
1370 5429 1468 5491 τὰς
1491 5427 1791 5498 ἐπιδρομάς
1818 5440 1997 5496 παρα-

2716 3840 2950 3898 CAPUT
2988 3840 3053 3896 ll.

2151 3958 2515 4030 Quamobrem
2557 3951 2820 4008 Dominus
2868 3950 3108 4021 antiquis
3140 3949 3467 4023 derelinquit
3513 3968 3654 4023 pm-

2079 4064 2254 4126 cepta,
2284 4046 2596 4106 recentibus
2619 4051 2800 4099 autem
2823 4042 3134 4096 hominibus
3160 4042 3465 4111 evangeliea
3500 4059 3657 4098 man-

2081 4151 2175 4205 dat
2229 4146 2580 4204 documenta,
2638 4137 2878 4201 scilicet,
2916 4149 3023 4189 non
3079 4134 3275 4198 odisse,
3324 4150 3428 4190 non
3465 4137 3651 4202 irasci,

2084 4256 2194 4297 non
2235 4232 2646 4302 concupiscere,
2687 4244 2787 4284 nec
2831 4227 3032 4281 malum
3081 4226 3373 4294 rependere
3407 4244 3421 4281 :
3451 4229 3653 4283 sed-ar-

2082 4329 2354 4403 gumentis
2386 4322 2670 4381 charitatis
2691 4319 2849 4390 dirigi
2876 4320 2942 4374 ad
2962 4318 3344 4388 perfectionem
3367 4335 3381 4385 ;
3402 4335 3500 4374 nec
3526 4335 3651 4375 vero

2084 4422 2340 4479 mandata
2368 4414 2580 4471 Domini
2607 4413 2790 4486 gravia
2827 4419 2973 4477 sunt,
3024 4412 3119 4467 sed
3151 4413 3415 4482 opposita:
3444 4410 3655 4466 nostris

2086 4514 2350 4572 membris
2403 4508 2797 4582 peccaminosaa
2832 4505 3087 4574 potentiae
3131 4519 3194 4558 ea
3239 4503 3470 4558 reddunt
3499 4504 3653 4557 tabo.

2084 4610 2233 4665 riosa
2266 4603 2554 4672 unicuique
2580 4599 2675 4669 qui
2704 4598 3018 4652 corumdem
3047 4593 3412 4649 observationi
3437 4592 3617 4646 incum
3636 4623 3651 4631 -

2093 4791 2272 4851 nobis,
2309 4786 2404 4841 sed
2445 4781 2755 4838 adventitiae
2796 4785 2946 4843 sunt,
2991 4785 3046 4832 et
3078 4776 3543 4839 subintroductaa;
3578 4774 3661 4827 id-

2094 4878 2243 4934 circo
2273 4873 2536 4928 Dominus
2559 4869 2736 4941 jubet,
2771 4877 2831 4922 ut
2862 4865 3199 4921 eradicemus
3250 4873 3305 4919 et
3330 4864 3657 4934 plantemus,

2093 4966 2434 5024 defodiamus
2468 4976 2532 5018 ac
2559 4959 2966 5016 remdilicemus.
2992 4958 3063 5011 At
3096 4957 3201 5011 hoc
3232 4956 3505 5025 negotium
3541 4956 3663 5026 pln-

2097 5062 2292 5116 rimam
2336 5056 2503 5127 exigit
2548 5051 2915 5125 prudentiam,
2962 5049 3317 5103 attentionem
3363 5056 3417 5102 et
3451 5062 3659 5112 curam,

2098 5162 2221 5204 cum
2274 5145 2398 5199 vita:
2428 5138 2769 5200 conversatio
2801 5146 3060 5195 consueta
3104 5137 3549 5207 impedimentum
3582 5136 3662 5190 af-

2095 5242 2235 5294 ferat
2283 5253 2392 5292 non
2437 5234 2730 5298 mediocre,
2760 5245 2829 5286 ne
2858 5229 3125 5287 securitas
3157 5229 3272 5284 hate
3300 5229 3617 5283 observetur
3644 5245 3661 5293 ;

2099 5332 2335 5401 hincque
2374 5343 2513 5397 opus
2567 5334 2651 5381 est
2698 5324 2838 5376 virili
2880 5320 3345 5392 magnanimitate,
3394 5328 3447 5374 et
3476 5328 3667 5373 certa-

2100 5421 2266 5484 mine,
2306 5417 2742 5482 athletarumque
2774 5427 2927 5465 more
2957 5415 3306 5465 contentione
3338 5408 3578 5471 assidua,
3609 5406 3664 5460 in

431 5500 770 5595 τασσομένης
796 5500 899 5575 καὶ
940 5521 1015 5593 μὴ
1041 5520 1368 5589 ἐνδιδούσης.
1399 5520 1469 5572 Σὺ
1507 5518 1564 5570 δὲ
1603 5520 1631 5571 6
1658 5516 1878 5581 πιστὸς,
1921 5514 1980 5585 μί

2100 5511 2372 5566 intellectu
2396 5511 2487 5577 qui
2512 5505 2626 5561 iato
2650 5505 2723 5559 sit
2746 5502 2951 5565 animo,
2969 5502 3172 5571 quique
3195 5500 3453 5555 adversus
3475 5511 3668 5553 omnes

433 5589 630 5688 ἀγνοῇς
654 5589 748 5668 σου
770 5616 831 5668 τὸ
860 5589 1097 5685 ἀξίωμα,
1128 5612 1262 5686 μηδὲ
1291 5610 1547 5667 σννέλκου
1574 5613 1641 5684 τῇ
1673 5610 1980 5682 ματαιότητι

2104 5601 2451 5659 incursiones
2508 5605 2735 5668 paratus
2784 5594 2857 5651 sit
2886 5592 3227 5665 pugnaciter,
3267 5606 3331 5648 ac
3362 5589 3675 5646 nullatenus

502 5752 549 5785 ⁸⁸
583 5751 738 5809 Rom.
771 5766 851 5817 nt,
883 5750 937 5807 8.
