3994 6182
384 411 522 479 1235
1639 400 1989 464 EPICTETI
2023 401 2404 465 MANUALE.
3512 416 3646 482 1355

382 516 719 574 ἐπελθόντων
746 514 853 569 τῶν
881 513 1164 586 ποταμῶν,
1197 510 1293 566 καὶ
1316 509 1422 564 τῶν
1454 507 1546 563 ἀνὲ
1556 525 1692 579 μων,
1716 508 1810 561 καὶ
1850 508 1957 561 τῶν

2069 506 2206 561 venti
2259 514 2314 563 et
2364 507 2567 564 imbres
2618 511 3087 580 supervenissent,
3176 531 3465 575 neoueusst
3521 538 3646 591 per-

383 610 554 664 ὑετῶν
582 608 869 662 ἀσάλευτοι
902 604 1210 676 διεμείνατε
1238 645 1252 666 ,
1298 603 1393 655 καὶ
1422 599 1552 665 τοὺς
1598 600 1766 663 πόδας
1806 598 1960 671 ὑμῶν

2067 599 2348 655 mansistis
2381 598 2427 631 ”
2454 616 2470 668 ;
2502 599 2708 671 quique
2738 601 2899 670 pedes
2940 612 3149 660 vestros
3190 622 3296 661 non
3329 611 3557 667 dedistis
3588 614 3644 668 in

383 698 485 754 οὐκ
531 698 772 751 ἐδώκατε
813 696 892 758 εἰς
925 694 1107 757 σάλον,
1138 693 1251 747 ἀλλ’
1300 692 1395 745 ἐπὶ
1432 690 1532 761 τῆς
1565 690 1770 760 πέτρας
1800 689 1960 760 ἐστή-

2069 689 2492 745 eomntotionem
2523 690 2591 757 ⁹¹,
2629 691 2723 747 sed
2775 691 3116 763 ipsos.super
3140 706 3347 764 petram
3377 702 3646 756 stabilivia

386 806 515 846 σατε
568 787 766 850 αὐτοὺς
792 826 806 852 ,
855 787 949 839 καὶ
996 784 1259 853 γεγόνατε
1290 783 1502 853 δόκιμοι
1546 784 1604 835 ἐν
1647 784 1714 852 τῇ
1756 781 1957 836 πίστει.

2071 782 2164 836 stis
2191 782 2258 846 θ’,
2289 791 2343 836 et
2369 780 2422 835 in
2456 782 2557 836 fide
2588 783 2795 853 probati
2827 785 3102 840 evasistis.
3165 805 3183 839 ι
3241 787 3452 857 Venite,
3483 792 3648 847 bene-

394 903 412 934 ι
448 879 635 947 Δεῦτε,
665 881 713 933 οί
744 878 1101 950 εὐλογημένοι
1140 875 1234 930 τοῦ
1276 875 1491 947 Πατρός
1527 892 1630 946 μου
1655 915 1669 939 ,
1704 875 1962 947 κληρονο-

2071 874 2191 928 dicti
2226 873 2397 929 Patris
2448 875 2577 939 mei,
2616 876 2930 931 haereditate
2960 879 3231 945 possidete
3285 894 3648 954 praeparatum

390 977 598 1045 μήσατε
663 972 765 1044 τὴν
819 970 1231 1043 ἡτοιμασμένην
1302 968 1432 1037 ὑμῖν
1506 965 1784 1037 βασιλείαν
1852 968 1963 1021 ἀπὸ

2063 966 2221 1021 vobis
2272 981 2498 1037 regnum
2543 982 2572 1020 a
2607 967 3007 1024 constitutione
3058 972 3247 1025 mundi
3279 962 3352 1039 ς’»
3395 976 3487 1030 sed
3530 993 3640 1031 nou

386 1063 694 1133 καταϐολῆς
733 1063 965 1132 κόσμου,
1003 1080 1023 1114 ι
1056 1061 1174 1115 ἀλλ’
1206 1064 1308 1131 οὐχ
1336 1060 1494 1131 ὑμεῖς
1520 1059 1793 1130 ὡρίσθητε
1826 1058 1961 1128 κλη·

2068 1059 2414 1114 determinati
2466 1058 2654 1115 fuistis
2704 1075 2824 1126 vos,
2875 1069 2934 1115 ut
2974 1064 3123 1131 regni
3158 1067 3351 1122 essetis
3381 1067 3645 1133 bzeredcs,

387 1154 608 1225 ρονόμοι
638 1154 740 1224 τῆς
777 1152 1087 1224 βασιλείας’
1123 1152 1245 1205 ἐπεὶ
1280 1148 1405 1205 οὔτε
1452 1151 1610 1221 ὑμεῖς
1663 1148 1960 1214 ὲπαινετοὶ,

2070 1150 2327 1221 alioquin,
2379 1165 2479 1206 nec
2530 1152 2630 1221 ipsi
2680 1152 2978 1208 laudabiles
3026 1155 3391 1225 exsisteretis,
3426 1176 3525 1215 nec
3556 1176 3647 1214 vo-

384 1244 510 1298 οὖτε
560 1247 593 1315 ἡ
630 1246 826 1315 κλῆσις
853 1245 947 1299 τοῦ
980 1243 1274 1307 καλοῦντος
1303 1243 1489 1297 δικαία
1514 1282 1529 1307 ,
1582 1241 1697 1305 ἀλλ’
1724 1244 1777 1294 αἱ
1807 1241 1961 1312 ἀθλή-

2072 1242 2243 1297 eantis
2293 1241 2445 1311 justa
2501 1241 2643 1297 foret
2697 1244 2933 1309 voeatio,
2975 1246 3066 1299 sed
3101 1249 3399 1303 certamina
3431 1250 3649 1305 fuerunt

389 1352 502 1397 σεις
536 1334 978 1405 προωρίσθησαν,
1021 1334 1115 1387 καὶ
1148 1334 1341 1407 ἀρεταὶ
1380 1333 1489 1386 τῶν
1521 1332 1611 1387 διὰ
1654 1333 1761 1386 τῶν
1787 1332 1965 1387 ἄθλων

2071 1325 2559 1404 ριιαξόοὶθηηίηαιτι,
2613 1344 2666 1388 et
2707 1336 2937 1392 virtutes
2968 1351 3181 1403 eorum,
3213 1341 3306 1411 qui
3340 1357 3437 1411 per
3466 1351 3648 1398 certa-

389 1426 817 1498 προερχομένων
847 1425 1367 1497 προεθεωρήθησαν,
1388 1426 1481 1478 καὶ
1507 1425 1707 1487 πάντες
1737 1424 1964 1479 διελθεῖν

2073 1428 2213 1481 mina
2243 1427 2724 1497 progrederentur,
2760 1426 2911 1485 fuere
2944 1442 3241 1501 perspectae
3280 1443 3459 1498 antea,
3491 1444 3544 1489 et
3571 1436 3650 1490 sic

388 1517 716 1589 ἐκλήθησαν,
763 1516 880 1570 ἀλλ’
914 1518 976 1570 ού
1009 1516 1210 1580 πάντες
1243 1517 1582 1587 ὑπήκουσαν,
1620 1516 1778 1585 ὑμεῖς
1819 1514 1885 1569 δὲ
1915 1516 1965 1568 oi

2074 1533 2263 1575 omnes
2295 1518 2475 1575 vocati
2502 1529 2717 1575 suntut
2748 1538 2841 1591 per
2874 1524 3175 1579 certamina
3204 1527 3517 1588 transirent,
3555 1529 3651 1582 sed

365 1585 802 1670 ῗὺπακούσαντες
826 1647 842 1673 ,
875 1610 971 1662 καὶ
1017 1609 1120 1679 τῆς
1166 1585 1454 1680 παρακοῆς
1485 1607 1545 1660 τὸ
1578 1607 1831 1678 ἔγκλημα
1868 1609 1942 1661 ἀπ

2070 1626 2178 1667 non
2208 1622 2402 1666 omnes
2432 1612 2784 1668 obedierunt.
2826 1614 2933 1669 Vos
2969 1624 3175 1681 autem,
3212 1617 3304 1685 qui
3337 1617 3647 1682 obediistis,

388 1701 712 1765 εκδύσασθε,
744 1701 840 1756 καὶ
863 1704 965 1773 τῆς
993 1701 1243 1772 ὑπακοῆς
1272 1702 1366 1755 τὸν
1384 1701 1604 1755 ἔπαινον
1632 1701 1965 1772 ἐκομίσασθε

2074 1713 2124 1758 et
2159 1703 2540 1758 inobedientiae
2573 1705 2784 1759 crimen
2816 1707 3159 1771 excussistis,
3190 1708 3404 1762 laudem
3433 1724 3651 1777 quoque

387 1795 488 1860 τὰς
515 1795 719 1866 ἀρετὰς
748 1793 1151 1865 ἐπιδειξάμενοι
1175 1834 1191 1861 ,
1233 1794 1335 1847 καὶ
1367 1795 1466 1865 τῆς
1508 1793 1792 1865 βασιλείας
1825 1794 1964 1860 ἄξιοι

2072 1792 2394 1862 reportastis
2443 1793 2789 1858 obedientiae,
2833 1802 2889 1848 et
2937 1811 3032 1851 eas
3060 1799 3365 1852 exhibendo
3401 1799 3649 1865 virtutes,

390 1889 700 1960 γενόμενοι.
748 1887 1029 1959 Μακάριοι
1072 1889 1122 1943 οἱ
1167 1886 1377 1958 ταύτης
1409 1886 1828 1957 καταξιούμενοι
1868 1887 1967 1956 τῆς

2076 1885 2326 1957 condigni
2356 1885 2542 1942 fuistis
2572 1886 2745 1941 habiti
2774 1888 2864 1942 tali
2898 1903 3085 1957 regno.
3132 1889 3281 1944 Beati
3311 1932 3325 1955 ,
3365 1890 3457 1960 qui
3488 1894 3653 1948 hocce

393 1982 738 2052 μαρτυρίας,
790 1981 1022 2034 ἐνώπιον
1052 1981 1326 2049 ἀγγέλων,
1365 1981 1457 2033 καὶ
1493 1979 1715 2033 πάντων
1757 1976 1970 2049 ἀνθρώο

2162 1978 2392 2035 timonio
2444 1978 2500 2032 in
2565 1991 2860 2050 conspectu
2920 1981 3237 2053 angelorum
3295 1985 3653 2054 omniumun
3734 1970 3739 1977 ’

390 2090 509 2128 πων
529 2090 544 2106 ·
579 2074 767 2145 ἐπειδὴ
799 2073 909 2144 γὰρ
935 2074 1028 2128 τὸν
1061 2073 1195 2126 Θεὸν
1237 2072 1441 2143 σφόδρα
1471 2071 1843 2143 ἐφοϐήθησαν,
1870 2073 1967 2126 καὶ

2075 2068 2352 2124 hominum
2384 2070 2534 2140 digni
2563 2072 2956 2141 judicabuntur
2986 2092 3001 2141 ;
3038 2074 3167 2129 dum
3204 2076 3405 2129 etenim
3442 2076 3475 2129 ii
3498 2077 3652 2131 valde

389 2167 488 2232 τὰς
538 2168 760 2231 ἐντολὰς
802 2166 971 2220 αὐτοῦ
1013 2165 1235 2228 τελείως
1265 2164 1561 2234 ἐφύλαξαν,
1613 2164 1708 2217 καὶ
1748 2164 1848 2235 τὴν
1883 2164 1966 2217 δι-

2076 2157 2371 2214 timuerunt
2415 2159 2607 2224 Deum,
2655 2169 2709 2215 et
2743 2162 2862 2231 ejus
2895 2162 3151 2218 mandata
3198 2164 3435 2234 perfecte
3466 2178 3653 2221 custo-

390 2258 685 2328 καιοσύνην
714 2256 1065 2320 ἐπλεόνασαν,
1094 2249 1139 2323 ᾧ
1172 2254 1355 2325 μέτρῳ
1389 2254 1701 2325 ἐμέτρησαν
1733 2253 1967 2322 ἀντεμε-

2071 2250 2305 2314 diernnt,
2336 2250 2768 2321 amplioremque
2800 2253 2905 2308 sibi
2936 2265 3324 2323 compararunt
3352 2256 3648 2326 justitiam,

391 2348 569 2419 τρήθη
619 2348 803 2411 αὐτοῖς
842 2346 995 2418 παρὰ
1054 2346 1263 2416 Κυρίου
1326 2344 1549 2415 ὁμοίως.
1601 2342 1814 2414 Μέχρις
1868 2338 1964 2396 οὖν

2072 2356 2180 2408 qua
2237 2355 2491 2396 mensura
2540 2344 2714 2398 mensi
2748 2351 2898 2410 sunt,
2931 2359 2994 2399 ea
3027 2345 3285 2403 similiter
3314 2362 3537 2405 emensa
3565 2358 3649 2405 est

390 2441 586 2495 τούτου
614 2440 706 2493 τὸν
737 2439 895 2507 λόγον
929 2438 1339 2509 ἐπιστήσωμεν,
1365 2434 1841 2507 εὐχαριστοῦντες,
1874 2434 1967 2488 καὶ

2077 2431 2207 2503 ipsis
2239 2448 2266 2486 a
2302 2431 2553 2489 Domino.
2605 2432 2903 2507 Hucusque
2931 2452 3062 2510 ergo
3085 2440 3324 2494 sermoni
3359 2441 3519 2494 tinem
3551 2442 3654 2496 im-

393 2531 748 2599 εὑλογοῠντες
774 2531 864 2585 τὸν
900 2530 1107 2601 Κύριον
1156 2529 1250 2583 ἐπὶ
1292 2530 1428 2583 πᾶσι
1462 2530 1576 2592 τοῖς
1604 2526 1831 2596 ἀγαθοῖς
1869 2527 1970 2581 αύ-

2075 2539 2365 2595 ponamus,
2400 2526 2604 2596 gratias
2635 2537 2878 2598 agentes,
2926 2539 2980 2585 et
3008 2528 3396 2587 benedicentes
3420 2530 3652 2590 Domino

392 2624 488 2678 τοῦ
540 2623 904 2694 χαρίσμασιν,
946 2616 1028 2685 οἷς
1059 2623 1190 2692 ἡμῖν
1218 2621 1472 2691 δωρεῖται
1502 2622 1617 2684 τοῖς
1654 2619 1899 2685 ἀναξίοις
1938 2620 1969 2690 ἡ

2077 2615 2130 2671 in
2185 2617 2443 2674 omnibus
2494 2617 2655 2674 bonis
2704 2620 2878 2691 ipsius
2927 2621 3105 2688 donis,
3139 2623 3342 2693 quibus
3376 2641 3476 2681 nos
3512 2627 3654 2681 indi-

393 2715 561 2771 αὑτοῦ
610 2714 1025 2784 φιλανθρωπία,
1067 2711 1217 2783 αύτῷ
1263 2713 1299 2783 ἡ
1331 2710 1458 2776 δόξα
1500 2710 1595 2765 κα)⁸
1629 2712 1663 2782 ή
1706 2709 1840 2781 τιμὴ
1889 2710 1970 2775 είς

2080 2724 2218 2781 gnos
2244 2722 2565 2765 muneratur
2602 2711 2722 2782 ejus
2766 2713 3159 2770 misericordia.
3202 2712 3311 2786 Ipsi
3366 2716 3559 2787 gloria,
3600 2732 3657 2775 ct.

391 2808 519 2871 τοὺς
554 2807 774 2868 αἰῶνας.
814 2806 1008 2877 Ἀμήν.

2078 2796 2255 2855 bonor
2279 2800 2335 2854 in
2358 2800 2581 2857 sazcula.
2613 2800 2808 2861 Amen.

466 2985 513 3016 ὀ
545 2981 674 3038 Luc.
712 2998 788 3049 vi,
818 2982 908 3039 48.
984 2983 1028 3016 "
1060 2980 1207 3039 Psal.
1233 2958 1362 3047 οἰχ,
1399 2978 1454 3033 5.
1531 2979 1579 3012 θ’
1606 2975 1754 3033 Psal.
1794 2991 1983 3045 xxxix,
2012 2977 2068 3032 5.

423 3198 2000 3221 κηκσΜκ--ρ--κῇ-

2061 3197 3638 3218 “mm—mm

1520 3355 2544 3492 EIIIKTHTOY

1676 3619 2384 3712 ΕΓΧΕΙΡΙΔΙΟΝ

2006 3838 2078 3853 β

1084 4090 1117 4121 ,
1185 3990 1851 4107 EPICTETI
1930 3944 2891 4104 ENCHIRIDION

1752 4235 1896 4297 SEU
1944 4234 2159 4295 MANU
2171 4234 2318 4295 ELE

747 4410 796 4469 Α
839 4407 903 4468 8.
934 4408 1005 4467 Ρ.
1047 4406 1120 4467 Ν.
1162 4405 1303 4469 Nilo
1334 4406 1660 4468 concisum
1692 4405 1754 4460 et
1782 4391 2237 4480 interpolatum
2287 4394 2550 4475 ejusque
2588 4374 2913 4474 Opuséulis
2966 4390 3295 4462 insertum.

989 4754 1219 4812 ΚΕΦΔΛ
1278 4752 1359 4808 Δ’.
2017 4754 2058 4810 C

2017 4754 2058 4810 C
2756 4742 2985 4803 CAPUT
3026 4743 3066 4798 Ι.

480 4854 602 4907 Τῶν
636 4853 807 4907 ὄντων
836 4851 906 4906 τὰ
939 4850 1038 4923 μὲν
1067 4850 1150 4918 ἐφ’
1197 4848 1331 4918 ἡμῖν
1376 4846 1494 4899 ἐστι
1518 4883 1534 4910 ,
1564 4843 1634 4899 τὰ
1666 4844 1722 4897 δὲ
1766 4843 1866 4896 οὐκ
1894 4842 1983 4910 ἐφ’

2152 4840 2543 4895 Exsistentium
2568 4853 2749 4894 rerum
2781 4837 3026 4906 quaedam
3055 4840 3184 4911 sunt
3212 4832 3268 4887 in
3302 4830 3480 4897 nobis,
3516 4846 3662 4900 quae-

409 4946 569 5016 ὴμῖν.
610 4945 725 5013 Ἐφ’
759 4942 897 5014 ἡμῖν
928 4922 1029 5010 μὲν
1057 4937 1349 5008 ὑπόληψις,
1376 4935 1545 5008 ὁρμὴ,
1573 4933 1776 5006 ὅρεξις,
1798 4932 1985 4986 tua-

2082 4933 2205 4987 dam
2265 4946 2375 4984 non
2415 4941 2562 4986 sunt.
2593 4931 2648 4984 In
2680 4930 2841 4984 nobis
2866 4928 3085 4998 quidem
3124 4933 3256 4980 sunt
3304 4922 3657 4995 existimatio,

413 5015 516 5101 σις,
547 5035 641 5088 καὶ
675 5034 754 5087 ἑνὶ
791 5032 933 5103 λόγῳ
963 5030 1066 5085 ὅσα
1097 5029 1343 5101 ἡμέτερα
1368 5027 1526 5098 ἔργα.

2087 5022 2385 5093 impulsus.
2433 5022 2783 5083 desiderium,
2814 5018 3100 5083 aversatio,
3132 5025 3188 5072 et
3220 5030 3329 5071 uno
3362 5015 3528 5071 verbo
3561 5030 3664 5068 eae-

2089 5121 2224 5177 tera,
2253 5126 2377 5181 quae
2406 5119 2607 5166 nostra:
2634 5120 2765 5165 sunt
2798 5109 3166 5180 operationes.

1010 5232 1263 5286 ΚΕΦΑΛ.
1305 5232 1379 5285 B’.

2712 5224 2940 5290 CAPUT
2988 5223 3051 5280 ll.

486 5331 594 5384 Kal
634 5330 702 5383 τὰ
747 5329 845 5399 μὲν
875 5328 960 5397 ἐφ’
991 5328 1123 5397 ἡμῖν
1152 5328 1291 5388 ἐστι,
1328 5324 1486 5393 φύσει
1518 5320 1804 5393 ἐλεύθερα,
1834 5318 1986 5375 ἀκώ-

2163 5320 2240 5375 Ac
2271 5336 2359 5388 ea,
2392 5335 2513 5390 quae
2547 5319 2599 5375 in
2630 5318 2785 5373 nobis
2808 5327 2952 5384 sunt,
2982 5315 3300 5372 naturaliter
3331 5312 3497 5367 libera
3527 5308 3668 5364 exsi-

412 5421 570 5489 λυτα,
601 5422 1040 5493 ἁπαραπόδιστα.
1077 5422 1158 5474 Τὰ
1201 5420 1258 5474 δὲ
1301 5419 1402 5472 οὐκ
1446 5415 1533 5488 ἐφ’
1559 5416 1716 5488 ἡμῖν,
1764 5414 1987 5486 ἀσθενῆ,

2096 5422 2248 5471 stunt
2269 5414 2562 5484 prohiberi,
2585 5422 2639 5467 et
2668 5412 2917 5489 impediri
2938 5411 3163 5464 minime
3186 5413 3446 5479 possunt;
3474 5415 3522 5457 at
3547 5417 3666 5472 quae

412 5513 599 5579 δοῦλα,
629 5515 870 5579 κωλυτά,
908 5514 1188 5585 ἀλλότρια.

2094 5522 2203 5561 non
2254 5516 2383 5561 sunt
2443 5505 2497 5560 in
2546 5505 2726 5569 nobis,
2780 5504 3017 5570 infirma,
3072 5517 3247 5567 serva,
3298 5497 3576 5570 impedita,
3616 5502 3667 5547 et

1452 5610 1459 5617 λ
2093 5598 2270 5654 aliena
2318 5599 2615 5656 exsistunt.

1015 5716 1265 5769 ΚΕΦΑΛ.
1308 5715 1381 5768 r'.

2694 5709 2924 5767 CAPUT
2984 5709 3074 5765 ill.

491 5809 758 5884 Μέμνησο
796 5805 890 5863 οὖν
932 5809 1016 5864 ὅτι
1066 5807 1161 5863 ἐὰν
1204 5806 1276 5860 τὰ
1318 5806 1480 5875 φύσει
1528 5804 1692 5861 δοῦλα
1729 5806 1994 5877 ἐλεύθερα

2167 5807 2441 5863 Memento
2483 5808 2674 5876 igitur,
2726 5805 2895 5877 quod,
2943 5821 2995 5861 st
3023 5797 3156 5878 quae
3176 5799 3494 5861 naturaliter
3525 5802 3689 5849 serta
