3994 6182
951 333 990 348 Ν

368 395 386 458 1
397 396 499 462 287

1843 379 2142 447 ιςιτυιιιει.

3517 399 3533 460 l
3543 402 3634 464 288

362 521 516 572 sunt.
547 507 826 580 putarcris
854 505 1046 571 libera,
1077 509 1129 559 et
1161 519 1280 574 qtza‘.
1314 501 1510 563 aliena.
1547 499 1804 584 prppria;
1843 499 1947 554 itit-

2061 500 2262 574 οξηθῇς,
2294 501 2390 556 καὶ
2419 500 2487 557 τὰ
2521 501 2780 577 ἀλλότρια
2813 503 2918 559 ἴδια
2942 547 2956 570 ,
3000 505 3403 582 ἐμποδισοήσῃ,
3442 515 3626 586 πενθή.

361 603 618 674 pedieris,
655 597 886 670 lugebis,
940 595 1369 669 p"rturbalict'is,
1405 594 1472 647 de
1501 591 1610 646 Deo
1639 593 1816 662 deque
1851 589 1951 644 ho—

361 695 605 748 minibus
635 690 1032 762 conquereris;
1070 688 1112 744 si
1145 703 1274 742 vero
1302 697 1456 741 tuum
1484 686 1742 756 opinatus
1779 682 1950 739 fueris

359 777 706 834 solununodo
759 793 882 832 esse
938 787 1114 838 tuutn,
1175 775 1413 830 alienum
1470 785 1674 838 autem,
1743 773 1802 827 ut
1842 781 1948 836 est,

359 869 622 936 alienum,
681 869 868 924 nullus
915 879 965 924 te
996 859 1212 922 vexabit
1244 883 1508 936 unquam,
1544 865 1725 919 nullus
1757 875 1809 919 te
1847 865 1950 920 itu-

362 961 561 1030 pedict,
618 977 796 1031 neque
838 961 1102 1015 adversus
1143 959 1312 1013 ullum
1342 958 1617 1028 querelam
1653 972 1946 1028 propones,

362 1052 509 1107 litem
562 1053 656 1107 ulli
696 1069 802 1107 non
839 1053 1108 1118 intendes,
1145 1047 1280 1105 nihil
1312 1050 1515 1104 invitus
1554 1045 1744 1112 facies,
1774 1046 1950 1102 nemi-

362 1162 487 1201 nem
522 1145 748 1200 habebis
781 1144 1087 1212 inimicum,
1125 1143 1311 1198 nullus
1347 1156 1397 1200 te
1428 1142 1603 1208 laedet,
1641 1155 1822 1214 neque
1847 1154 1951 1195 no-

363 1253 490 1292 xam
523 1236 713 1292 afferet
759 1236 1022 1307 aliquam.

962 1341 1193 1404 CAPUT
1253 1340 1342 1398 IV.

431 1455 586 1514 Talia
638 1457 806 1528 igitur
855 1459 1114 1525 tantaque
1174 1463 1456 1524 appetens,
1509 1457 1785 1506 memento
1821 1463 1948 1506 rur-

360 1566 479 1614 sus,
539 1550 688 1620 quod
727 1550 856 1604 dum
909 1550 1145 1602 moveris
1177 1547 1551 1610 mediocriter,
1589 1561 1696 1600 non
1736 1552 1952 1614 oportet

360 1660 423 1699 ea
453 1657 758 1712 capessere,
791 1641 886 1696 sed
923 1641 990 1696 ad
1031 1640 1212 1716 aliqua
1247 1638 1468 1709 quidem
1507 1637 1826 1693 omnimodo
1857 1638 1954 1692 de-

364 1737 491 1792 ferri
552 1747 730 1802 motu,
759 1735 866 1789 alia
905 1749 1034 1790 rero
1065 1717 1165 1805 pro
1208 1733 1465 1802 praesenti
1502 1730 1724 1786 differre
1753 1749 1767 1786 :
1801 1731 1949 1800 quod

2061 612 2177 659 σεις
2199 635 2215 660 ,
2271 597 2630 668 ταραχοήσῃ,
2663 597 2854 670 μέμψῃ
2891 599 2987 653 καὶ
3020 594 3153 653 Θεὸν
3185 602 3279 655 καὶ
3304 603 3637 676 ἀνθρώπους·

2051 686 2148 740 ἐὰν
2178 687 2234 740 δὲ
2273 687 2335 741 τὸ
2372 682 2464 742 σὺν
2509 688 2673 760 μόνον
2719 690 2913 764 οίηοῇς
2945 685 3038 746 σὺν
3084 687 3264 760 εἶναι,
3298 694 3360 748 τὸ
3398 695 3456 750 δὲ
3489 698 3642 754 ἀλλό-

2049 801 2225 855 τριον,
2251 783 2324 848 ὡς
2361 784 2529 851 ἔστιν,
2568 785 2878 860 ἀλλότριον,
2911 785 3086 852 οὐδείς
3111 805 3169 842 σε
3201 789 3528 858 ἀναγκάσει,
3554 792 3642 846 οὑ-

2050 874 2166 938 δείς
2195 892 2255 929 σε
2286 875 2565 943 κωλύσει,
2599 879 2661 932 οὐ
2696 880 2892 950 μέμψῃ
2922 879 3134 945 οὐδένα,
3170 876 3292 934 οὐδὲ
3326 871 3633 950 ἐγκαλέσας

2050 965 2264 1034 οὐδενὶ,
2295 967 2449 1021 ἄκων
2480 968 2709 1040 πράξεις
2740 970 2860 1024 οὐδὲ
2897 970 2956 1024 ἕν
2975 987 2989 1000 ·
3026 969 3222 1044 ἐχθρὸν
3246 961 3440 1026 οὐδένα
3480 967 3632 1043 ἕξεις,

2050 1051 2230 1125 οὐδείς
2263 1077 2323 1115 σε
2353 1060 2570 1134 βλάψει,
2597 1062 2721 1115 οὐδὲ
2747 1061 3014 1135 βλαϐερόν
3036 1081 3091 1118 τι
3121 1065 3358 1136 ποιήσει.

2667 1339 2921 1406 ΚΕΦΑΛ.
2961 1353 3036 1405 A'.

2123 1459 2475 1536 ’τηλικούτων
2517 1461 2614 1519 οὖν
2665 1466 2959 1536 ἐφιέμενος
2990 1507 3004 1531 ,
3047 1465 3303 1537 μέμνησο
3343 1468 3426 1520 ὅτι
3469 1467 3531 1520 οὗ
3561 1466 3648 1521 δει

2061 1556 2299 1627 μετρίως
2329 1557 2690 1628 κεκινημένος
2721 1557 2992 1612 ἅπτεσθαι
3019 1558 3204 1612 αὐτῶν
3229 1600 3244 1621 ,
3277 1559 3419 1614 ἀλλὰ
3445 1561 3514 1615 τὰ
3541 1561 3638 1631 μὲν

2052 1649 2412 1720 κεκινημένος
2441 1649 2747 1714 παντελῶς,
2797 1649 2868 1702 τὰ
2897 1648 2955 1702 δὲ
2981 1649 3374 1720 ὑπερτίθεσθαι
3413 1649 3549 1721 πρὸς
3577 1651 3638 1704 τὸ

2056 1741 2253 1812 παρὸν,
2285 1740 2382 1794 ἐὰν
2413 1741 2469 1793 δὲ
2502 1741 2597 1794 καὶ
2636 1740 2813 1795 ταῦτα
2857 1741 3029 1805 θέλεις
3049 1781 3064 1805 ,
3108 1742 3204 1794 καὶ
3231 1741 3506 1808 πλουτεῖν,
3537 1743 3632 1795 καὶ

363 1831 406 1884 si
459 1837 514 1883 et
569 1828 685 1882 haec
719 1826 873 1892 relis,
916 1826 1220 1896 cupiasque
1248 1825 1518 1879 ditescere
1548 1821 1715 1877 simul
1767 1832 1824 1880 et
1851 1823 1947 1878 im-

2061 1833 2270 1903 Ξρχειν,
2301 1832 2465 1904 τυχὸν
2505 1832 2604 1902 μὶν
2639 1832 2761 1886 οὐδὲ
2799 1833 2984 1887 αὐτῶν
3015 1833 3223 1888 τούτων
3259 1834 3426 1907 τεύξῃ
3450 1833 3537 1888 διὰ
3577 1834 3635 1888 τὸ

364 1934 578 1989 perare,
641 1917 869 1972 forsitan
926 1932 1027 1971 nec
1077 1932 1141 1972 ea
1180 1917 1298 1986 ipsa
1339 1915 1674 1982 assequeris,
1703 1929 1770 1972 eo
1803 1913 1950 1984 quod

317 2022 322 2026 ‘
364 2011 535 2081 prima
571 2009 733 2064 simul
778 2009 1158 2078 concupiscas,
1195 2022 1382 2062 rerum
1411 2006 1671 2061 omnibus
1701 2005 1806 2062 illis
1836 2005 1953 2063 frn-

362 2102 647 2167 straberis,
681 2116 776 2172 per
814 2116 940 2172 quae
965 2100 1142 2156 solum
1177 2095 1412 2153 felicitas
1441 2104 1496 2152 et
1545 2095 1770 2152 libertas
1799 2109 1950 2151 com-

363 2205 609 2266 paratur.
1257 2229 1264 2236 -

979 2307 1213 2366 CAPUT
1245 2308 1309 2365 ν.

433 2431 629 2488 Statim
665 2430 833 2502 igitur
871 2444 1079 2500 πωροι-ω
1113 2427 1314 2498 cuique
1363 2419 1765 2497 imaginationi,
1803 2435 1951 2481 curze

361 2517 455 2573 tibi
489 2519 560 2573 sit
611 2519 810 2574 addere
860 2515 1114 2584 dicendo,
1168 2515 1314 2586 quod
1345 2516 1593 2586 quadam
1631 2517 1949 2585 apparentia

360 2612 452 2678 sit,
510 2610 661 2665 nullo
717 2627 844 2665 vero
901 2612 1066 2665 modo
1107 2611 1355 2675 exsistat,
1403 2617 1463 2664 ut
1509 2602 1948 2680 inconspectum

360 2705 508 2759 venit
554 2721 618 2759 ac
651 2705 895 2759 cernitur
925 2719 940 2770 ;
1000 2720 1120 2758 eam
1152 2703 1349 2759 deinde
1387 2704 1664 2768 examina,
1695 2716 1748 2759 et
1775 2704 1947 2774 proba

361 2794 586 2864 regulis,
605 2811 744 2864 quas
775 2795 979 2862 habes;
1013 2796 1117 2850 hac
1148 2811 1277 2851 vero
1307 2789 1478 2864 prima
1501 2803 1555 2850 et
1578 2795 1948 2866 potissimum,

363 2892 544 2937 utrum
576 2885 647 2938 sit
671 2899 734 2938 ex
768 2884 848 2938 eis
883 2900 1004 2953 qua:
1029 2885 1081 2938 in
1119 2885 1279 2940 nobis
1317 2895 1468 2952 sunt,
1507 2895 1602 2940 aut
1627 2901 1693 2940 ex
1723 2888 1803 2941 eis
1827 2901 1950 2956 qua:

360 2973 414 3028 in
447 2973 607 3030 nobis
642 2991 748 3029 non
798 2984 950 3039 sunt,
1001 2975 1158 3044 sique
1197 2976 1268 3030 sit
1297 2977 1428 3046 quid
1459 2992 1651 3030 eorum
1685 2992 1808 3046 qua:
1840 2993 1947 3031 non

362 3068 415 3122 in
484 3068 663 3136 nobis,
729 3068 784 3123 in
846 3076 1096 3138 protuptu
1155 3066 1346 3134 habes,
1403 3066 1549 3136 quod
1600 3067 1732 3121 nihil
1777 3067 1842 3122 ad
1894 3076 1948 3122 te

361 3171 590 3232 spectat.

978 3270 1206 3328 CAPUT
1237 3271 1324 3326 Ἠ.

435 3386 767 3451 Recordare,
805 3385 951 3455 quod
986 3385 1338 3456 appetitionis
1372 3384 1666 3456 promissio
1695 3386 1766 3442 sit
1796 3401 1949 3442 asse-

361 3479 510 3533 cutio
583 3477 706 3547 ejus
763 3477 906 3546 quod
957 3477 1276 3546 appetitur;
1309 3476 1622 3531 aversionis
1675 3477 1950 3548 pollicita-

364 3569 463 3634 tio,
507 3583 613 3622 non
671 3567 913 3621 incidere
941 3567 996 3620 itt
1031 3565 1187 3632 illud,
1221 3565 1366 3636 quod
1405 3564 1532 3636 quis
1559 3549 1869 3620 aversatur.
1901 3566 1950 3622 is

364 3675 548 3731 porro,
606 3661 701 3730 qui
745 3661 802 3714 in
850 3658 1214 3715 desiderando
1265 3656 1588 3722 frustratur,
1635 3657 1813 3728 impos
1864 3666 1950 3713 est

364 3755 472 3808 voti
500 3771 516 3822 ;
547 3754 640 3823 qui
667 3768 792 3807 vero
825 3753 878 3806 itt
916 3751 1222 3807 aversando
1253 3751 1466 3818 incidit,
1499 3750 1688 3808 infelix
1719 3771 1732 3808 :
1766 3754 1950 3823 itaque

362 3847 410 3901 si
438 3845 711 3900 aversaris
746 3843 833 3898 illa
867 3843 1006 3907 sola,
1042 3859 1162 3913 quae
1183 3853 1310 3898 sunt
1345 3851 1541 3913 praeter
1571 3851 1847 3908 naturam,
1879 3859 1944 3899 ex

362 3939 466 4004 eis,
502 3954 622 4008 qua:
656 3937 710 3991 in
749 3949 799 3992 te
831 3947 982 4001 sunt,
1009 3935 1213 3990 nullam
1251 3935 1305 3990 in
1353 3949 1466 3990 rem
1499 3936 1710 3992 incides
1734 3950 1944 4005 earnm,

363 4046 502 4100 quas
532 4029 826 4094 aversaris,
859 4029 942 4083 sin
966 4043 1096 4084 vero
1127 4029 1398 4096 morbum,
1430 4038 1525 4083 aut
1549 4035 1944 4100 paupertatem,

365 4123 449 4178 vel
489 4131 720 4178 mortem
765 4121 1058 4189 averseris,
1083 4121 1437 4177 calamitosus
1456 4120 1587 4178 eris.

959 4227 1188 4286 CAPUT
1232 4228 1346 4286 Vil.

437 4341 590 4397 Tolle
639 4342 805 4414 igitur
845 4343 1185 4398 avet-sionem
1233 4343 1304 4397 ab
1346 4343 1624 4408 omnibus,
1655 4359 1777 4415 qua:
1818 4353 1950 4401 sunt

367 4445 564 4506 prater
605 4447 852 4490 naturam
881 4436 1047 4491 ex‘iis
1102 4451 1225 4505 qua:
1261 4435 1314 4488 in
1351 4436 1506 4491 nobis
1533 4451 1691 4502 sunt;
1732 4439 1944 4510 cupidi-

2055 1925 2150 1977 καὶ
2185 1923 2296 1976 τῶν
2324 1923 2610 1995 προτέρων
2635 1923 2913 1992 ἐφίεσθαι,
2937 1925 3158 1978 πάντων
3185 1941 3248 1992 γε
3281 1927 3386 1996 μὴν
3413 1925 3637 1980 ἐκείνων

2052 2015 2331 2088 ἀποτεύξει
2379 2015 2448 2068 δι’
2504 2009 2580 2071 ὧν
2627 2015 2790 2088 μόνον
2839 2017 3127 2088 ἐλευθερία
3169 2017 3264 2070 καὶ
3315 2017 3634 2083 εὐδαιμονία

2057 2107 2424 2178 περιγίνεται.

2657 2312 2911 2368 ΚΕΦΛΛ.
2957 2311 3031 2366 Ε¹.

2127 2421 2304 2486 Εὖοῦς
2347 2417 2441 2476 οὖν
2477 2421 2628 2494 πάσῃ
2675 2424 2948 2495 φαντασίᾳ
2998 2421 3232 2498 τραχείᾳ
3279 2424 3478 2496 μελέτα
3519 2426 3636 2479 ἐπι-

2052 2515 2230 2584 λέγειν
2253 2556 2266 2580 ,
2300 2513 2380 2568 ὅτι
2413 2515 2683 2584 φαντασία
2715 2511 2787 2590 ᾖ,
2827 2518 2924 2570 καὶ
2948 2516 3010 2569 οὐ
3045 2519 3263 2580 πάντως
3291 2518 3352 2570 τὺ
3377 2518 3632 2589 φαινόμε-

2051 2623 2162 2670 νον,
2197 2607 2391 2660 ἔπειτα
2429 2606 2652 2672 ἐξέταζε
2680 2608 2872 2678 αὐτὴν,
2902 2609 2998 2661 καὶ
3026 2607 3288 2678 δοκίμαζε
3327 2611 3438 2672 τοῖς
3473 2609 3633 2662 κανόο

2055 2711 2159 2764 σιν,
2193 2691 2277 2763 οἷς
2300 2685 2455 2771 ’ἔχεις
2481 2741 2496 2766 ,
2556 2703 2759 2770 πρώτῳ
2795 2697 2852 2752 δὲ
2897 2702 2993 2754 καὶ¹
3021 2700 3198 2772 τοΰτῳ
3221 2743 3234 2768 ,
3269 2703 3361 2754 καὶ
3395 2701 3634 2772 μάλιστα

2053 2787 2282 2858 πότερον
2329 2789 2460 2862 περὶ
2499 2789 2568 2842 τὰ
2598 2791 2682 2860 ἐφ’
2718 2791 2850 2862 ἡμῖν
2900 2791 3050 2844 ἐστιν
3085 2791 3120 2862 ἢ
3151 2793 3280 2863 περὶ
3308 2792 3375 2844 τὰ
3408 2794 3508 2845 οὐκ
3546 2793 3634 2860 ἐφ’

2052 2879 2209 2950 ἡμῖν,
2255 2881 2468 2952 κᾶνπερ
2497 2877 2606 2954 ᾖτι
2636 2881 2746 2935 τῶν
2773 2881 2876 2935 οὐκ
2907 2882 2994 2953 ἐφ’
3023 2883 3154 2954 ἡμῖν
3177 2884 3466 2955 πρόχειρον
3493 2883 3636 2937 ἔστω

2048 2971 2112 3024 τὸ
2143 2973 2226 3025 ὅτι
2253 2971 2408 3026 οὐδὲν
2440 2973 2576 3044 πρὸς
2615 2975 2696 3028 σέ.

2642 3260 2896 3316 ΚΕΦΑΛ.
2938 3265 3039 3331 ς’..

2121 3371 2386 3444 Μέμνησο
2411 3373 2493 3428 ὅτι
2527 3373 2758 3445 ὀρέξεως
2792 3379 3096 3447 ἐπαγγελία
3124 3381 3378 3453 ἐπιτυχὶα
3411 3377 3475 3438 οὗ
3511 3383 3640 3455 ὀρέ-

2051 3483 2246 3536 γεται,
2305 3466 2607 3532 ἐκκλίσεως
2664 3471 2968 3539 ἐπαγγελία
3021 3472 3079 3525 τὸ
3146 3473 3222 3546 μὴ
3279 3480 3644 3548 περιπίπτειν

2051 3559 2248 3629 ἐκείνῳ
2271 3600 2287 3624 ,
2335 3559 2366 3612 ὃ
2397 3561 2728 3616 ὲκκλίνεται.
2774 3563 2832 3616 '0
2867 3564 2966 3634 μὲν
3001 3567 3058 3618 ὲν
3098 3566 3278 3636 ὀρέξει
3321 3570 3642 3641 ἀποτυγχά-

2053 3669 2182 3715 νων,
2211 3649 2438 3722 ἀτυχής·
2463 3655 2492 3706 ό
2523 3654 2578 3708 δὲ
2606 3655 2664 3708 ὲν
2691 3656 2934 3712 ἐκκλίσει
2963 3660 3311 3730 περιπίπτων
3336 3661 3642 3734 δυστυχής

2051 3746 2148 3800 ἐὰν
2185 3742 2278 3801 οὖν
2321 3749 2459 3818 μόνα
2489 3748 2745 3822 ἐκκλίνῃς
2773 3749 2845 3805 τὰ
2875 3752 3028 3821 παρὰ
3061 3752 3224 3822 φύσιν
3260 3755 3368 3808 τῶν
3396 3757 3490 3808 ἐπὶ
3523 3759 3636 3821 σοὶ,

2049 3839 2229 3892 οὐδενὶ
2261 3833 2337 3894 ὧν
2374 3840 2645 3905 ὲκκλίνεις
2675 3845 2980 3916 περιπέσῃ·
3011 3845 3168 3900 νόσον
3197 3847 3254 3899 δὲ
3286 3847 3354 3900 ἂν
3377 3849 3644 3923 ἐκκλίνῃς

2049 3929 2082 4002 ἢ
2113 3931 2325 3997 πενίαν,
2354 3931 2388 4004 ῆ
2422 3930 2674 3998 θάνατον,
2705 3935 3088 4008 δυστυχήσεις.

2663 4226 2915 4282 ΚΕΦΔΛ.
2955 4227 3031 4284 Ζ’.

2119 4334 2290 4409 *Λρον
2319 4333 2413 4392 οὖν
2441 4338 2541 4410 τὴν
2580 4337 2825 4393 ἔκκλισιν
2859 4341 2969 4395 ἀπὸ
3008 4343 3240 4396 πάντων
3270 4344 3378 4399 τῶν
3407 4345 3510 4398 οὐκ
3547 4349 3647 4415 ἐφ’

2053 4431 2204 4502 ἡμῖν,
2242 4433 2336 4484 καὶ
2367 4432 2598 4501 μετάθες
2629 4433 2720 4486 ἰπὶ
2746 4433 2816 4486 τὰ
2851 4434 3004 4502 παρά
3032 4435 3194 4504 φύσιν
3223 4435 3332 4489 τῶν
3360 4438 3447 4504 ἐφ’
3476 4439 3650 4508 ἡμῖν,

369 4539 532 4583 tatem
563 4542 692 4582 vero
727 4543 825 4596 pro
856 4525 1110 4596 praesenti
1153 4526 1378 4579 omnino
1424 4525 1672 4592 auferas;
1706 4528 1751 4582 si
1794 4529 1941 4583 enim

2061 4521 2144 4594 τὴν
2179 4522 2358 4594 ὄρεξιν
2387 4523 2441 4575 δὲ
2478 4524 2753 4588 παντελῶς
2779 4527 2872 4578 snt
2901 4525 2996 4580 τοῦ
3030 4529 3294 4598 παρόντος
3321 4529 3500 4586 ἄνελε,
3532 4531 3653 4582 Ἂν

365 4633 586 4693 appetas
613 4621 818 4690 aliquid
846 4635 1038 4675 eorum
1064 4634 1186 4688 quae
1226 4633 1334 4672 non
1364 4630 1495 4672 sunt
1528 4619 1582 4672 in
1619 4619 1794 4685 nobis,
1831 4619 1945 4674 frn-

364 4715 524 4770 strari
577 4727 864 4768 necessum
901 4719 1017 4776 est;
1068 4724 1256 4764 verum
1291 4726 1455 4780 quam
1493 4711 1693 4765 bonum
1725 4711 1798 4765 sit
1843 4726 1944 4782 ap-

364 4815 546 4878 petere
591 4821 653 4859 ea
683 4819 806 4873 qua:
850 4801 1105 4856 in.nobis
1153 4809 1302 4864 sunt,
1339 4801 1519 4856 adhuc
1565 4803 1657 4855 tibi
1701 4817 1808 4857 non
1859 4812 1947 4858 est

364 4898 740 4962 manifestum,
789 4896 883 4950 sed
921 4894 1093 4950 solum
1139 4905 1288 4948 motu
1322 4895 1525 4974 quoad
1560 4896 1764 4965 aliquid
1812 4911 1946 4952 con-

363 4993 612 5052 verteris,
663 4990 745 5044 vel
797 5007 859 5045 cx
911 4991 1096 5059 aliquo
1144 4999 1197 5044 te
1243 4989 1500 5058 proripis,
1539 5001 1688 5044 utere
1734 4991 1943 5057 leviter,

363 5083 482 5138 sine
527 5083 814 5144 dilatione,
855 5093 909 5135 et
950 5098 1074 5135 cum
1121 5081 1463 5150 exceptione,
1501 5086 1666 5149 atque
1694 5078 1941 5135 remisse.

951 5192 1192 5248 CAPUT"
1223 5193 1357 5247 Vill.

436 5291 746 5362 Unicuique
787 5289 1028 5351 illorum,
1077 5305 1198 5357 qua:
1247 5289 1492 5343 animum
1539 5289 1810 5352 alliciunt,
1851 5299 1944 5342 aut

365 5385 653 5439 utilitatem
698 5380 1082 5452 praebent,ch
1135 5381 1456 5451 diliguntur,
1491 5392 1767 5436 memento
1809 5381 1946 5450 adji-

361 5491 484 5532 cere
523 5475 756 5530 dicendo
807 5473 1136 5544 (cujusmodi
1174 5475 1279 5544 est)
1319 5488 1549 5528 exorsus
1596 5491 1626 5529 a
1677 5477 1943 5542 minlmis,

361 5565 413 5623 si
447 5569 645 5635 diligas
676 5569 865 5631 ollam,
894 5569 1039 5638 quod
1087 5569 1251 5623 ollam
1283 5567 1498 5638 diligis;
1547 5583 1674 5623 nam
1715 5585 1778 5625 ea
1814 5586 1948 5626 cor:-

356 5658 536 5716 fracta
562 5675 667 5716 non
699 5661 1141 5732 perturbaberis;
1175 5661 1220 5714 si
1244 5661 1468 5716 filiolum
1495 5669 1648 5716 tuum
1675 5679 1945 5732 pet-ames,

348 5761 445 5804 aut
495 5761 750 5830 uxorem,
786 5752 931 5822 quod
977 5750 1257 5812 nominem
1309 5767 1584 5830 peramans,
1617 5769 1740 5812 ctun
1791 5771 1945 5812 nani-

342 5844 453 5904 que
481 5829 802 5906 decesserit,
839 5853 942 5895 non
968 5837 1302 5908 turbabcris,

2045 4630 2104 4667 τε
2131 4615 2239 4685 γὰρ
2259 4615 2425 4686 όρέγῃ
2448 4614 2556 4668 τῶν
2577 4618 2678 4669 οὐκ
2702 4617 2786 4686 ἐφ’
2811 4619 2943 4688 ἡμῖν
2961 4635 3126 4683 τινος,
3152 4623 3370 4691 ἀτυχεῖν
3393 4622 3626 4690 ἀνάγκη
3657 4661 3660 4663 -

2048 4707 2169 4761 Τῶν
2213 4707 2270 4760 δὲ
2316 4708 2401 4777 ἐφ’
2447 4711 2581 4778 ἡμῖν
2630 4711 2754 4764 ὅσον
2793 4712 3093 4783 ὃρὲγεσθαι
3141 4714 3306 4768 καλὸν
3353 4714 3510 4768 οὔπω
3553 4734 3652 4769 σοι

2047 4797 2281 4870 πᾴρεπι
2310 4815 2323 4827 ο
2371 4799 2518 4868 μόνῳ
2545 4798 2601 4851 δὲ
2631 4800 2708 4870 τῷ
2735 4804 2935 4874 ὀρμᾴν,
2967 4803 3000 4873 ἢ
3045 4806 3296 4875 ἀιρορμᾷν
3330 4804 3470 4876 χρῷ,
3502 4807 3645 4859 atrati.

2049 4911 2184 4963 φως,
2215 4894 2616 4964 ἀνυπεροέτως,
2647 4898 2739 4950 καὶ
2775 4897 2891 4966 μεθ’
2925 4900 3332 4972 ὺπεξαιρέσεως
3365 4903 3461 4956 καὶ
3487 4903 3660 4956 ἀνιε-

2050 5005 2246 5058 μενως.

2648 5197 2900 5251 ΚΕΦΑΛ.
2943 5196 3022 5253 H'.

2133 5283 2250 5353 Ἐφ’
2277 5285 2510 5339 ἑκάστου
2548 5287 2654 5342 τῶν
2684 5288 3181 5359 ψυχαγωγοῦντων,
3209 5291 3243 5361 ἢ
3273 5293 3464 5362 χρείας
3493 5307 3660 5360 παρ-

2049 5376 2305 5444 εχόντων,
2343 5377 2375 5447 ἦ
2407 5381 2792 5450 στεργομένων
2832 5383 3080 5452 μέμνησο
3111 5384 3393 5452 ἐπιλέγειν
3433 5385 3660 5454 (ὁποίὁς

2049 5468 2199 5522 ἐστιν
2233 5469 2342 5530 ἀπὸ
2373 5471 2482 5524 τῶν
2531 5476 2918 5545 σμικροτάτων
2957 5476 3284 5546 ἀρξάμενος.
3331 5477 3399 5530 ἂν
3431 5480 3660 5548 χύτραν

2051 5559 2329 5632 στέργῃς),
2355 5563 2436 5615 ὅτι
2469 5562 2676 5634 χύτραν
2709 5567 2994 5638 στέργεις·
3028 5568 3392 5639 κατεαγείσης
3430 5569 3540 5638 γὰρ
3585 5568 3664 5620 οὐ

2047 5651 2391 5724 ταραχθήσῃ,
2419 5655 2483 5708 ἂν
2505 5655 2720 5714 παιδίον
2747 5661 2977 5712 σεαυτοῦ
3007 5661 3298 5730 καταφιλῇ,
3325 5661 3666 5730 ἧγυναῐκαι,

2049 5744 2132 5798 ὅτι
2163 5744 2452 5817 ἄνθρωπον
2480 5751 2821 5822 καταφιλεῖςο
2855 5751 3217 5816 ἀποθανόντος
3247 5754 3356 5824 γὰρ
3384 5752 3446 5804 εὐ
3471 5769 3670 5822 rapa.-

2053 5842 2249 5915 χθήσῃο
