3994 6182
337 225 474 290 1289

935 337 1181 390 ΚΕΦᾹΛ.
1223 336 1299 389 θ’.

408 452 578 502 Ὅταν
611 448 880 502 ἅπτεσθαί
903 465 1048 511 τινος
1076 448 1237 518 έργου
1265 447 1484 518 μέλλῃς,
1519 447 1903 517 ὑπομίμνησκε

338 541 584 604 σεαυτὸν,
633 540 815 592 ὁποῖόν
864 539 917 591 τί
963 540 1078 591 ἐστι
1124 538 1186 590 τὸ
1223 538 1408 608 ἔργον
1459 539 1555 592 ἐὰν
1587 538 1906 606 λουσόμενος

337 631 526 699 ἀπίῃς,
553 627 794 698 πρνὶὃαλε
845 625 1055 694 σεαυτῷ
1101 625 1172 678 τὰ
1199 626 1465 694 γενόμενα
1502 627 1559 678 ὲν
1604 624 1868 695 βαλανείῳ
1890 639 1904 654 ⁸

338 721 462 781 τοὺς
501 716 952 786 ἀπορραίνοντας,
987 715 1113 776 τοὺς
1147 714 1542 784 ὲνσειομένους,
1574 715 1700 775 τοὺς
1741 714 1909 766 λοιδο-

1566 215 1904 278 EPICTETI
1960 217 2339 278 MANUALE-

3437 217 3567 284 1290

2605 333 2828 388 CAPUT
2870 335 2957 388 IX.

2077 445 2307 511 Quando
2348 460 2702 515 aggressurus
2750 461 2808 498 es
2857 446 3075 514 aliquod
3111 461 3265 515 opus,
3317 449 3370 503 in
3423 459 3568 507 tuam

2010 550 2201 590 revoca
2249 545 2500 596 mentem,
2545 535 2705 604 quale
2746 534 2815 588 sit
2863 535 2969 588 tale
3017 537 3264 605 opus:si
3313 539 3571 597 lavandos

2009 625 2227 690 abieris,
2259 624 2355 677 tibi
2391 624 2492 692 ipsi
2534 638 2795 690 propone,
2823 639 2944 690 qua:
2973 625 3108 676 liuut
3134 624 3184 676 in
3219 625 3441 689 balneo;
3475 627 3573 678 bos

2010 713 2267 766 nimirum
2290 722 2660 782 aspergeutes,
2692 712 2813 764 illos
2845 711 3165 780 indigentes,
3203 715 3301 768 hos
3330 717 3574 770 convicia

341 813 592 882 ροῦντας,
625 809 750 870 τοὺς
785 805 1136 868 κλέπτοντας,
1168 805 1262 856 καὶ
1297 803 1468 867 οὕτως
1507 804 1910 873 ἀσφαλέστερον

2037 802 2294 864 acientes,
2344 801 2466 856 illos
2515 800 2778 864 furantes,
2833 809 2887 854 et
2939 802 3019 855 sic
3059 818 3198 870 opus
3247 808 3575 875 aggredieris

341 903 453 974 ἅψῃ
478 900 573 954 τοῦ
622 900 807 969 ἔργου,
843 896 906 950 ἃν
955 895 1216 965 ἐπιλέγῃς
1263 893 1446 958 εὐθὺς,
1496 895 1576 947 ὅτι
1605 893 1910 947 Λούσασθαι

340 992 512 1051 θέλω,
566 989 660 1040 καὶ
711 987 810 1055 τὴν
869 982 1106 1052 ἐμαυτοῦ
1158 984 1508 1052 προαίρεσιν,
1563 984 1703 1036 κατὰ
1751 983 1912 1050 φύσιν

339 1081 566 1152 ἔχουσαν
593 1077 852 1148 τηρῆσαι,
887 1075 946 1127 οὐ
973 1074 1198 1145 τηρήσω
1222 1073 1297 1139 δὲ,
1329 1073 1423 1124 ἐὰν
1455 1073 1749 1140 ἀγανακτῶ
1776 1073 1913 1142 πρὸς

340 1173 406 1225 τὰ
431 1169 711 1240 γινόμενα.

949 1279 1200 1332 ΚΕΦΛΛ.
1245 1273 1298 1330 1⁷.

406 1395 685 1465 Ταράσσει
719 1395 844 1455 τοὺς
880 1391 1202 1461 ἀνθρώπους
1230 1392 1290 1443 οὐ
1321 1391 1389 1444 τὰ
1419 1390 1742 1460 πράγματα,
1780 1388 1916 1441 ἀλλὰ

341 1491 406 1544 τὰ
449 1488 577 1558 περὶ
607 1486 714 1538 τῶν
749 1484 1094 1554 πραγμάτων
1133 1483 1379 1552 δόγματα
1403 1499 1416 1511 °
1467 1477 1578 1534 οἷον
1615 1483 1644 1532 ὁ
1687 1480 1914 1544 θάνατος

337 1581 398 1633 οὐ
426 1578 618 1639 δεινὸν,
655 1575 777 1628 ἐπεὶ
823 1575 918 1626 καὶ
966 1575 1245 1643 Σωκράτει
1285 1575 1351 1626 ἂν
1382 1573 1652 1640 ἐφαίνετο,
1697 1573 1832 1624 ἀλλὰ
1857 1571 1918 1623 τὸ

2014 893 2286 954 securius,
2337 891 2380 945 si
2419 891 2599 944 statim
2633 889 2906 944 addideris
2929 890 3176 956 dicendo,
3207 896 3350 962 quod
3383 894 3573 949 Lavaii

2012 983 2173 1052 330
2199 983 2417 1051 quidem
2447 982 2584 1044 volo,
2621 991 2673 1034 et
2711 996 2928 1034 servare
2958 996 3176 1050 quoque
3208 1000 3407 1048 meum,
3435 991 3577 1054 quod

2017 1083 2225 1125 naturae
2250 1072 2521 1142 congruit,
2556 1070 2924 1139 propositum;
2960 1086 3064 1123 non
3094 1071 3396 1128 observabo
3431 1093 3575 1142 vero,

2015 1162 2061 1215 si
2092 1163 2158 1215 ad
2189 1177 2251 1216 ea
2281 1178 2400 1231 qua:
2431 1164 2585 1227 fiunt,
2618 1161 3055 1231 indignabundus
3081 1163 3300 1218 irascar.

2629 1273 2858 1330 CAPUT
2900 1277 2964 1329 Χ.

2091 1387 2335 1440 Turbant
2363 1387 2610 1441 homines
2647 1404 2752 1441 non
2780 1403 2865 1442 res
2899 1389 3046 1458 ipsa,
3080 1401 3133 1444 at
3157 1392 3220 1443 de
3254 1393 3420 1445 rebus
3450 1393 3583 1461 ipsis

2019 1479 2304 1546 opiniones
2337 1497 2349 1530 :
2379 1493 2526 1532 mors
2573 1479 2822 1534 videlicet
2866 1497 2971 1533 non
3023 1493 3102 1534 cst
3149 1483 3353 1551 aliquid
3397 1499 3580 1551 grave.

2020 1571 2258 1639 alioquin
2288 1580 2341 1623 et
2366 1567 2579 1624 Socrati
2602 1570 2774 1622 visum
2807 1584 2970 1635 esset,
3009 1572 3103 1626 sed
3131 1575 3336 1640 Opinio,
3371 1590 3492 1641 qua:
3518 1577 3584 1625 de

337 1668 512 1739 δόγμα
558 1668 619 1720 τὸ
665 1665 795 1736 περὶ
837 1663 933 1716 τοῦ
987 1663 1217 1716 θανάτου
1265 1664 1398 1716 διότι
1445 1663 1649 1714 δεινόν·
1703 1664 1820 1714 ἐκεῖ
1857 1662 1916 1712 τὸ

2027 1671 2195 1714 morte
2241 1660 2561 1727 concipitur,
2599 1660 2742 1728 quod
2789 1675 2851 1713 ea
2900 1678 3062 1726 grave
3112 1663 3242 1732 quid
3285 1673 3402 1726 est;
3457 1673 3587 1716 tunc

337 1759 505 1811 δεινόν
538 1760 705 1810 ἐστιν.
746 1753 914 1808 Ὅταν
959 1749 1052 1805 οὖν
1100 1750 1538 1822 ὲμποδιζώμεθα,
1571 1751 1604 1820 ἢ
1639 1749 1918 1818 ταραττώ-

342 1850 501 1919 μεθα,
543 1849 576 1918 ἢ
618 1843 934 1915 λυπὼμεθα,
996 1843 1264 1913 μηδέποτε
1300 1841 1456 1895 ἄλλον
1495 1841 1700 1910 μηδένα
1730 1839 1916 1892 αἰτιώ-

342 1937 498 2008 μεθα,
553 1935 664 1989 ἀλλ’
707 1933 934 1994 ἑαυτοὺς
975 1930 1120 1983 τοῦτ’
1155 1930 1270 1982 ἐστι
1309 1930 1378 1981 τὰ
1402 1929 1608 1980 ἑαυτῶν
1649 1928 1913 1998 δόγματα,

341 2027 659 2082 ἀπαιδεύτου
706 2027 866 2097 ἔργον
917 2026 978 2078 τὸ
1029 2024 1172 2092 ἄλλῳ
1232 2019 1484 2088 ἐγκαλεῖν
1514 2019 1599 2088 ἐφ’
1625 2016 1706 2081 οἷς
1755 2019 1917 2082 αὐτὸς

341 2118 572 2190 πράττει
629 2115 815 2178 κακῶς
865 2115 1141 2185 ἠργμένον
1190 2110 1538 2163 παιδεύεσθαι
1577 2110 1637 2162 τὺ
1703 2109 1912 2179 ἑαυτῷ,

337 2207 768 2277 πεπαιδευμένου
810 2207 870 2258 τὸ
903 2208 1040 2276 μήτε
1071 2203 1214 2273 ἄλλῳ
1260 2204 1399 2272 μήτε
1425 2200 1621 2270 ἐαυτῷ.

941 2491 1194 2546 ΚΕΦΑΛ.
1236 2491 1340 2545 IA’.

423 2604 631 2676 Μηδενὶ
678 2605 923 2675 ἐπαρθῇς
984 2603 1252 2674 ἀλλοτρίῳ
1312 2603 1703 2674 προτερήματι.
1776 2604 1836 2656 Εἰ
1881 2605 1910 2658 ὁ

339 2699 504 2762 ἵππος
545 2699 928 2768 ἐπαιρόμενος,
981 2698 1188 2764 ἔλεγεν,
1235 2696 1318 2748 ὅτι
1347 2695 1524 2759 Καλός
1568 2698 1704 2765 εἰμι,
1741 2697 1917 2750 οἰστὸν

337 2790 406 2845 ἂν
446 2789 534 2861 ἦν.
586 2792 656 2844 Σὺ
703 2790 759 2842 δὲ
803 2791 931 2843 ὅταν
976 2789 1156 2855 λέγεις
1196 2788 1579 2858 ἐπαιρόμενος,
1614 2789 1695 2840 ὅτι
1721 2789 1917 2842 Ἵππον

339 2883 501 2936 καλὸν
537 2882 665 2951 ἔχω,
693 2881 804 2934 ἴσθι
836 2881 918 2933 ὅτι
945 2881 1037 2932 ἐπὶ
1066 2879 1220 2948 ἵππῳ
1245 2879 1433 2949 ἀγαθῷ
1467 2880 1690 2950 ὲπαίρῃ.
1733 2881 1796 2931 Τί
1825 2877 1918 2933 οὖν

339 2975 455 3026 ἐστι
480 2973 602 3037 σόν;
633 2973 838 3042 Χρῆσις
879 2972 1209 3041 φαντασιῶν.
1274 2972 1441 3024 Ὅταν
1481 2967 1573 3024 οὖν
1621 2973 1678 3023 ὲν
1725 2973 1918 3044 χρήσει

343 3063 648 3125 φαντασιῶν
703 3063 844 3117 κατὰ
903 3063 1064 3130 φύσιν
1117 3063 1280 3136 ἔχῃς,
1334 3063 1636 3133 τηνικαῦτα
1685 3065 1918 3131 εὐλόγως

337 3154 623 3224 ἐπαρθήσῃ
656 3170 668 3182 ο
719 3156 840 3208 τότε
870 3155 978 3226 γὰρ
1009 3155 1102 3206 ἐπὶ
1133 3155 1211 3225 σῷ
1239 3172 1343 3208 τινι
1383 3154 1570 3224 ἀγαθῷ
1607 3156 1914 3226 ὲπαρθήσῃ.

2018 1751 2217 1805 etenim
2245 1750 2462 1803 exsistit
2494 1751 2622 1818 quid
2670 1766 2852 1819 grave.
2885 1749 3112 1816 Quando
3153 1753 3318 1823 igitur
3356 1755 3587 1824 impedi-

2019 1857 2160 1904 mur,
2193 1849 2286 1894 aut
2310 1840 2711 1909 perturbantur,
2737 1842 2821 1897 vel
2860 1843 3128 1908 dolemus,
3157 1846 3468 1899 nullatenus
3499 1863 3591 1898 ac-

2017 1947 2272 1986 eusemus
2301 1931 2467 1986 alium
2507 1947 2858 2001 quemquam,
2900 1934 2990 1987 sed
3028 1936 3301 2004 nosipsos,
3333 1935 3436 1989 hoc
3475 1948 3581 1992 est.

2017 2033 2235 2077 nostras
2278 2023 2424 2091 ipsas
2475 2022 2759 2091 opiniones
2795 2038 2810 2076 :
2846 2023 3083 2078 hominis
3137 2025 3334 2094 quippe
3387 2025 3591 2080 indoeii

2016 2121 2099 2165 est
2131 2111 2295 2174 actio,
2343 2111 2571 2164 alterum
2609 2112 2890 2166 criminari
2931 2113 2985 2166 in
3025 2113 3128 2175 bis,
3156 2129 3277 2182 quae
3321 2114 3436 2183 ipse
3487 2115 3592 2168 im-

2017 2201 2187 2269 probe
2221 2210 2398 2269 patrat
2430 2219 2442 2252 :
2474 2200 2804 2270 incipientis,
2831 2205 3097 2274 castigare
3147 2205 3220 2271 id,
3253 2205 3319 2260 de
3357 2222 3469 2276 quo
3502 2223 3590 2260 rc-

2018 2290 2421 2358 prehenditur;
2472 2292 2694 2354 eruditi,
2743 2309 2918 2363 neque
2967 2294 3220 2358 alterum,
3274 2313 3450 2366 neque
3502 2318 3587 2350 su-

2019 2382 2198 2453 ipsum
2229 2383 2299 2436 im
2307 2384 2470 2453 proba
2481 2401 2556 2439 re.

2620 2497 2849 2552 CAPUT
2895 2497 2982 2552 ΧΙ.

2090 2612 2303 2670 Nullam
2330 2614 2400 2668 ob
2428 2614 2864 2670 commoditatem
2903 2617 3193 2686 petiorcm,
3231 2635 3352 2688 quae
3392 2621 3446 2675 in
3487 2622 3596 2676 alio

2018 2701 2100 2766 ﬁt,
2130 2701 2396 2758 el'l'eraris.
2429 2701 2486 2756 Si
2512 2705 2710 2758 etenim
2751 2719 2947 2774 equus,
2983 2707 3108 2762 dum
3152 2710 3416 2778 superbit,
3447 2712 3597 2766 dice-

2021 2799 2122 2855 ret,
2152 2793 2298 2860 quod
2322 2791 2551 2847 Pulcher
2581 2810 2726 2858 sum,
2755 2795 3035 2851 ferendum
3074 2800 3289 2868 quidem
3314 2810 3481 2856 esset.
3513 2801 3595 2857 Tu

2001 2879 2200 2938 "autem
2253 2899 2378 2938 cum
2431 2885 2604 2941 elatus
2651 2887 2931 2954 iactantia,
2993 2889 3152 2956 dicis,
3203 2893 3346 2962 quod
3381 2892 3594 2965 Equum

2020 2976 2304 3045 pulchrum
2367 2978 2561 3040 habeo,
2617 2979 2779 3044 scias,
2828 2981 2972 3050 quod
3012 2982 3083 3035 ob
3137 2998 3338 3052 equum
3391 2987 3596 3042 bonum

2025 3068 2414 3136 gloriabundus
2440 3069 2712 3124 extolleris
2742 3087 2754 3122 :
2785 3071 2912 3139 quid
2942 3071 3105 3141 igitur
3132 3082 3284 3128 tuum
3303 3077 3424 3130 est?
3455 3079 3600 3134 Usus

2025 3158 2280 3212 nimirum
2325 3159 2810 3226 imaginationum.
2837 3159 2973 3215 Cum
3018 3177 3150 3234 ergo
3176 3163 3230 3219 in
3271 3182 3370 3222 usu
3408 3169 3600 3240 imagi-

339 3248 621 3301 nationum
651 3249 967 3302 naturaliter
999 3259 1050 3302 te
1115 3248 1374 3318 gesseris,
1439 3256 1552 3303 tum
1593 3249 1870 3303 extolleris
1934 3251 2368 3320 rationabiliter;
2420 3261 2554 3308 tunc
2610 3269 2804 3324 nempe
2843 3254 2910 3310 de
2952 3257 3136 3327 aliquo
3185 3267 3279 3314 tuo
3305 3261 3446 3316 bono
3474 3263 3601 3318 elle-

343 3346 496 3400 reris.

933 3461 1185 3514 ΚΕΦᾹΛ.
1229 3461 1326 3514 lB’.

409 3581 676 3650 Καθάπερ
724 3575 782 3630 ὲν
823 3574 943 3644 πλῷ
981 3573 1076 3627 τοῦ
1115 3574 1302 3626 πλοίου
1348 3568 1828 3641 καθορμισθέντος,
1869 3571 1918 3624 ει

339 3675 573 3742 ἑξέλθοις
603 3666 986 3742 ὑδρεύσασθαι,
1031 3663 1152 3716 ὁδοῦ
1185 3663 1484 3730 πάρεργον,
1517 3662 1612 3714 καὶ
1653 3661 1918 3730 κοχλίδιον

341 3765 618 3829 ἀναλέξαι,
667 3762 754 3814 καὶ
800 3758 1106 3828 βολϐάριον,
1147 3753 1409 3806 τετάσθαι
1447 3753 1528 3804 δεῖ
1555 3752 1652 3822 τὴν
1681 3753 1918 3806 διάνοιαν

341 3857 432 3912 ἐπὶ
463 3857 524 3910 τὸ
559 3855 761 3912 πλοῖον,
809 3849 902 3903 καὶ
937 3847 1176 3916 συνεχῶς
1223 3844 1670 3914 ἐπιστρέφεσθαι,
1715 3845 1844 3914 μήτι
1891 3849 1920 3897 ὁ

341 3948 680 4019 κυϐερνήτης
709 3942 883 4004 καλεῖ,
901 3941 1003 3992 κᾶν
1029 3938 1234 4008 καλέσῃ
1267 3937 1444 3990 πάντα
1467 3937 1651 3988 ἐκεῖνα
1678 3937 1916 4004 ἀφιέναι,

344 4042 430 4095 ῐνα
478 4041 553 4112 μὴ
591 4037 868 4106 δεδεμένος
908 4031 1186 4102 ἐμϐληθῇς
1235 4031 1310 4092 ὡς
1353 4029 1419 4082 τὰ
1468 4029 1737 4099 πρόϐατα,
1776 4027 1920 4081 οὕτω

343 4135 433 4187 καὶ
478 4115 534 4183 ὲν
564 4127 643 4198 τῷ
685 4127 785 4197 βίῳ
825 4125 917 4177 ἐὰν
943 4122 1158 4176 διδῶται
1196 4121 1317 4172 ἀντὶ
1347 4119 1634 4188 κοχλιδίου,
1669 4119 1762 4171 καὶ
1803 4117 1918 4187 βολ-

345 4225 558 4295 6αρίου,
621 4217 999 4289 γυναικάριον,
1043 4214 1136 4265 καὶ
1185 4209 1417 4274 παιδίον,
1465 4211 1616 4263 οὐδὲν
1659 4209 1914 4262 κωλύσει.

357 4319 483 4372 Ἐὰν
515 4317 572 4368 δὲ
598 4316 625 4367 ὁ
654 4310 991 4379 κυϐερνήτης
1036 4303 1264 4374 καλέσῃ,
1292 4303 1452 4373 τρέχε
1482 4304 1575 4354 ἐπὶ
1617 4301 1678 4353 τὸ
1716 4301 1914 4364 πλοῖον,

347 4409 506 4477 ἀφεὶς
552 4406 755 4463 ἐκεῖνα,
794 4399 930 4467 μηδὲ
960 4394 1420 4464 ἐπιστρεφόμενος
1446 4408 1459 4421 ο
1497 4391 1592 4443 ἐὰν
1643 4390 1699 4442 δὲ
1743 4391 1918 4459 γέρων

345 4500 435 4575 ᾗς,
462 4497 592 4570 μηδὲ
623 4492 942 4560 ἀπαλλαγῇς
970 4504 1098 4539 ποτε
1127 4485 1220 4538 τοῦ
1245 4484 1427 4536 πλοίου
1455 4481 1689 4552 μακρὰν,
1712 4483 1918 4552 μήποτε

347 4593 678 4662 καλούμενος
710 4584 934 4654 ὲλλίπῃς
955 4631 966 4646 .

929 4691 1180 4747 ΚΕΦΛΛ.
1224 4677 1330 4744 ιινί

537 4815 690 4886 ζήτει
717 4811 787 4864 τὰ
824 4809 1088 4877 γινόμενα
1133 4800 1382 4872 γίνεσθαι
1422 4799 1498 4863 ὡς
1541 4797 1735 4861 θέλεις,
1777 4796 1919 4851 ἀλλὰ

349 4911 469 4966 θέλε
499 4909 569 4962 τὰ
612 4904 872 4973 γινόμενα
921 4895 1166 4966 γίνεσθαι
1201 4893 1275 4951 ὡς
1320 4892 1554 4960 γίνεται,
1601 4891 1698 4942 καὶ
1741 4889 1919 4943 εὐδαι-

354 5003 608 5074 μονήσεις
630 5015 644 5030 ο
695 4996 848 5056 νόσος
887 4987 1139 5058 σώματός
1171 4984 1639 5074 ἐστινηὲμπόδιον,
1658 4982 1921 5074 προαιρέ-

353 5071 488 5154 σεως
508 5091 563 5144 δὲ
581 5089 664 5151 οὒ,
693 5085 788 5138 ἐὰν
815 5081 889 5151 μὴ
913 5078 1050 5146 αὐτὴ
1077 5077 1242 5128 θέλει·
1273 5073 1498 5142 χύλωσις
1529 5071 1750 5134 σκέλους
1773 5073 1922 5123 ἐστὶν

354 5181 634 5254 ἐμπόδιον,
668 5177 759 5228 σὸν
790 5173 847 5226 δὲ
881 5169 966 5222 οὔ.

948 5367 1200 5422 ΚΕΦΑΛ.
1239 5365 1336 5419 IA'.

434 5495 552 5566 Ἐφ’
583 5491 813 5547 ἑκάστου
858 5483 966 5538 τῶν
1011 5477 1460 5552 προσπιπτόντων
1503 5474 1750 5545 μέμνησο
1799 5475 1920 5525 ἐπι-

364 5589 601 5659 στρέφων
653 5583 748 5637 ἐπὶ
799 5576 1024 5632 σεαυτὸν
1073 5573 1289 5637 ζητεῖν,
1335 5569 1455 5620 τίνα
1504 5569 1731 5637 δύναμιν
1783 5567 1924 5636 ἔχεις

655 5683 920 5742 Parnm.
953 5675 1066 5734 Gn.
1104 5668 1380 5728 LXXIX.

2515 3460 2672 3530 331
2707 3459 2936 3516 CAPUT
2987 3461 3101 3517 xu.

2095 3573 2563 3638 Quemadmodum
2607 3575 2659 3625 in
2709 3573 3051 3643 navigatimie
3101 3575 3370 3630 subducto
3403 3579 3454 3631 in
3489 3587 3600 3634 sta-

2028 3665 2227 3717 tionem
2265 3665 2496 3732 navigio,
2535 3666 2576 3718 si
2611 3680 2774 3718 exeas
2800 3677 3082 3734 aqualum.
3110 3677 3161 3719 et
3189 3669 3253 3719 ad
3293 3667 3597 3733 bulbulmn,

2026 3755 2445 3823 cochleolasque
2488 3755 2838 3825 colligendas,
2874 3757 3016 3825 quod
3061 3765 3143 3810 est
3189 3768 3381 3826 prmter
3413 3774 3600 3815 susce-

2027 3855 2174 3913 ptum
2205 3846 2305 3900 viae
2327 3857 2493 3915 opus,
2528 3861 2680 3899 mens
2713 3855 2922 3914 oportet
2969 3855 3025 3901 ut
3067 3847 3137 3900 sit
3167 3849 3376 3903 intensa
3409 3851 3476 3904 ad
3506 3869 3602 3903 ιιει-

2026 3936 2251 4006 vigittm,
2293 3945 2347 3991 et
2379 3937 2571 3991 crebro
2598 3939 2860 3999 converti,
2892 3949 3017 3991 num
3062 3941 3392 4010 gubernator
3421 3955 3596 4005 vocet,

2025 4037 2079 4080 et
2126 4029 2170 4082 si
2217 4029 2512 4090 vocaverit,
2564 4029 2746 4082 omnia
2794 4029 2884 4083 illa
2940 4031 3241 4097 dimittere,
3279 4047 3346 4086 ne.
3383 4034 3600 4087 vinctus

2026 4118 2305 4189 dejiciaris
2350 4121 2524 4174 instar
2578 4137 2876 4190 pecorum;
2922 4122 3001 4176 sic
3055 4123 3216 4178 etiam
3269 4126 3320 4178 in
3368 4127 3498 4190 vita,

2025 4213 2224 4266 dentur
2253 4213 2369 4266 vice
2399 4214 2709 4275 cochleolae,
2739 4223 2792 4267 et
2813 4214 3041 4280 bulbuli,
3073 4219 3354 4279 uxorcula,
3381 4227 3435 4274 et
3464 4235 3597 4288 pue-

2028 4304 2201 4364 rulus,
2243 4302 2375 4355 nihil
2413 4302 2739 4371 impedient;
2770 4303 2815 4358 si
2861 4319 2989 4358 vero
3017 4305 3346 4374 gubernator
3368 4324 3600 4362 vocave-

2026 4395 2116 4454 rit,
2157 4407 2315 4446 curre
2366 4391 2431 4445 ad
2485 4393 2780 4461 navigium,
2837 4392 3115 4450 dimittens
3170 4397 3374 4459 omnia,
3429 4415 3600 4466 neque

2027 4483 2396 4546 convcrtaris;
2439 4485 2580 4552 quod
2607 4485 2649 4537 si
2691 4483 2858 4539 fueris
2893 4501 3078 4550 senex,
3106 4502 3171 4540 ne
3205 4503 3444 4556 unquam
3485 4491 3597 4542 dis»

2027 4576 2260 4632 cesseris
2293 4592 2321 4628 a
2360 4575 2591 4644 navigio,
2623 4591 2688 4628 ne
2719 4576 2858 4630 lci-te
2893 4576 3062 4640 desis,
3092 4577 3221 4629 dum
3254 4579 3483 4632 vocaris.

2608 4687 2836 4744 CAPUT
2877 4688 3012 4744 XIII.

2095 4805 2174 4860 Ne
2218 4821 2450 4874 quaeras,
2510 4814 2569 4858 ut
2609 4819 2693 4867 ea,
2746 4819 2867 4872 qua:
2917 4804 3189 4867 accidunt,
3229 4803 3478 4857 eveniant
3527 4804 3602 4856 uti

2025 4901 2130 4965 vis,
2163 4900 2254 4953 sed
2295 4905 2582 4952 contentus
2629 4897 2725 4957 sis,
2762 4905 2818 4948 ut
2847 4910 2966 4964 quze
2997 4897 3320 4966 contingunt
3351 4896 3504 4958 liant,
3545 4906 3606 4949 ut

2027 4992 2306 5054 eveniunt,
2339 4991 2526 5058 sicque
2560 4989 2705 5042 vives
2731 4987 2884 5041 beate
2915 5006 2928 5040 :
2966 4988 3211 5051 morbus,
3247 4989 3492 5058 corporis
3523 4999 3606 5042 est

2031 5083 2512 5153 impedimentum,
2568 5080 2828 5150 propositi
2879 5094 3010 5133 vero
3060 5094 3439 5148 nequaquam,
3501 5080 3606 5134 nisi

2031 5176 2161 5230 velit
2190 5176 2361 5243 ipsum
2399 5193 2411 5227 :
2441 5173 2787 5231 claudicatio.
2815 5171 2994 5225 cruris
3023 5182 3109 5225 est
3132 5171 3601 5239 impedimentum,

2034 5283 2142 5321 non
2175 5281 2303 5318 vero
2333 5265 2432 5317 tui.

2618 5373 2846 5430 CAPUT
2888 5373 3025 5429 XIV.

2103 5471 2159 5525 1ιι
2210 5484 2536 5540 unoquoque
2588 5469 3018 5533 occurrentium,
3069 5480 3368 5520 conversus
3409 5465 3474 5520 ad
3525 5472 3606 5518 te-

1985 5583 1988 5586 ‘
2034 5567 2235 5636 ipsum.
2269 5571 2540 5616 memento
2563 5576 2808 5629 qiuerere
2841 5577 3003 5627 quam
3030 5559 3285 5612 virtutem
3317 5557 3522 5611 habeas
3547 5558 3612 5606 ad

3305 5650 3372 5707 41
