3990 6204
452 286 576 352 1291

1927 267 2226 332 SPURIA.

3567 264 3701 328 12‘!)

447 414 601 454 nsum
645 396 856 466 ipsius;
903 393 949 449 si
986 390 1285 447 formosum
1321 389 1525 453 videas,
1571 395 1663 441 aut
1697 385 2016 444 formosam,
2048 428 2053 439 .

2170 397 2258 468 ρδς
2286 392 2383 464 τὴν
2417 389 2615 461 χρῆσιν
2648 384 2845 440 αὐτοῦ’
2894 383 2960 437 ἂν
2990 380 3148 435 καλὸν
3184 377 3297 446 ἴδῃς
3330 375 3364 444 ἢ
3393 372 3580 441 καλὴν,
3608 384 3701 433 εὖ,

447 489 746 558 comperies
790 487 1041 540 virtutem
1094 490 1283 538 contra
1331 483 1432 535 ista
1476 478 1930 549 temperantiam;
1972 475 2019 529 si

450 584 712 637 inferatur
745 578 917 644 labor,
955 577 1198 631 invenies
1227 574 1624 638 constantiam,
1659 580 1714 625 et
1755 570 1803 625 si
1834 568 2023 625 convi-

448 677 615 737 cium,
664 672 900 740 reperies
946 668 1288 723 tolerantiam
1323 686 1336 721 :
1372 679 1605 735 crnnque
1628 664 1788 734 332
1816 662 1895 717 sic
1931 675 2023 714 as-

451 766 673 827 sueﬁas,
708 778 889 817 rerum
930 761 1169 814 iisioncs
1200 759 1384 812 animo
1415 763 1812 825 repraesentata
1841 767 1946 805 non
1974 760 2025 804 te

452 855 763 926 mrripicnt.

1039 962 1268 1020 CAPUT
1308 962 1423 1016 XV.

522 1080 809 1150 Nunquam
853 1078 1002 1133 dicas
1032 1077 1099 1131 de
1146 1076 1251 1130 ulla
1300 1090 1377 1137 re,
1411 1073 1554 1143 quod
1586 1086 1703 1125 eam
1754 1068 2024 1131 amiseris,

456 1174 548 1228 sed
572 1172 716 1242 quod
752 1170 1082 1234 reddideris;
1114 1167 1374 1237 puerulus
1417 1165 1571 1227 obiit,
1618 1162 1860 1217 redditus
1893 1159 2025 1225 fuit;

458 1280 596 1317 uxor
630 1262 884 1326 decessit,
915 1260 1160 1314 restituta
1186 1266 1299 1323 est;
1338 1256 1599 1326 praedium
1631 1254 1732 1307 fuit
1761 1261 2028 1322 ereptum,

459 1356 619 1408 etiam
669 1368 798 1407 vero
847 1352 1153 1405 restitutum
1194 1348 1295 1403 fuit
1326 1365 1338 1402 :
1369 1357 1421 1402 at
1476 1347 1756 1416 improbus
1809 1353 1892 1399 est
1943 1345 2032 1412 qui

462 1446 709 1514 abstulit;
743 1452 798 1500 et
826 1444 953 1513 quid
996 1444 1091 1497 tibi
1129 1458 1295 1505 cum,
1326 1456 1447 1495 cum
1484 1440 1575 1507 qui
1608 1438 1752 1493 dedit
1790 1436 2035 1505 repetat?

461 1538 663 1591 Verum
706 1550 991 1604 usquequo
1024 1532 1420 1596 conceduntur,
1463 1531 1679 1594 horum,
1722 1536 1781 1581 ut
1826 1528 2039 1581 alieno-

467 1645 582 1682 rum
609 1642 796 1683 curam
828 1641 972 1696 gere,
1004 1640 1068 1678 eo
1098 1625 1283 1686 modo,
1317 1638 1426 1691 quo
1462 1621 1681 1691 hospitii
1720 1634 1904 1673 curam
1941 1619 2037 1670 ha-

467 1720 593 1771 bent
626 1723 1011 1785 prmtcreuntes
1043 1713 1336 1783 peregrini.

1054 1824 1281 1880 CAPUT
1322 1823 1460 1878 XVI.

537 1945 595 1999 Si
624 1943 757 1997 velis
780 1943 1058 2009 prolicere,
1092 1939 1301 1992 dimitte
1332 1936 1707 2007 hujuscemodi
1750 1932 2042 1988 ratiocina-

469 2032 931 2097 tiones,nimirum
953 2050 964 2083 :
984 2029 1039 2083 Si
1066 2031 1329 2100 negligant
1356 2042 1498 2091 mea,
1533 2042 1636 2079 n0n
1667 2025 1876 2078 habebo
1906 2022 2045 2076 unde

471 2125 719 2190 nutriar;
766 2123 811 2176 si
856 2136 961 2174 non
996 2121 1224 2190 punicro
1265 2134 1514 2188 puerum,
1558 2117 1732 2170 malus
1760 2116 1896 2169 erit:
1929 2128 2044 2167 me-

469 2218 573 2271 lius
602 2223 685 2269 cst
720 2214 863 2268 enim
912 2211 1056 2264 fame
1085 2210 1245 2275 mori,
1288 2218 1339 2261 ct
1372 2216 1645 2276 expertem
1695 2203 1925 2267 timoris,
1964 2211 2047 2255 at-

472 2322 577 2372 que
625 2305 888 2359 molestiae
932 2317 1072 2366 esse,
1122 2315 1285 2368 quam
1333 2302 1708 2367 perturbatum
1756 2295 1937 2349 vivere
1990 2294 2045 2345 in

472 2414 651 2452 rerum
683 2397 859 2466 copia,
886 2408 1226 2465 puerumque
1250 2390 1453 2444 malum
1485 2389 1766 2454 exsistere,
1796 2401 1959 2456 quam
1994 2392 2048 2439 te

474 2504 751 2543 IIIISCI'UIII.

1042 2594 1267 2651 CAPUT
1310 2592 1475 2647 XVII.

544 2714 723 2783 Incipe
757 2715 921 2784 igitur
945 2728 975 2766 a
1002 2711 1187 2781 par'vis
1214 2725 1226 2761 :
1263 2706 1557 2762 clinnditur
1586 2701 1888 2773 pauxillum
1922 2699 2048 2761 olei,

476 2809 772 2879 surripitur
808 2806 953 2859 fin-to
989 2803 1222 2867 asellus;
1256 2800 1390 2853 adde
1419 2795 1646 2851 dicendo
1679 2814 1691 2849 :
1725 2792 1884 2847 Tanti
1920 2807 2051 2845 ven-

476 2905 623 2957 ditur
652 2909 827 2958 status
861 2897 1097 2951 hominis
1129 2895 1277 2949 omni
1302 2892 1538 2947 carentis
1576 2887 1849 2959 passione,
1888 2883 2052 2937 tanti-

478 3011 585 3064 que
620 2991 983 3064 tranquillitas
1048 2986 1215 3042 animi
1277 2981 1685 3053 imperturbati;
1739 2980 1813 3032 nil
1854 2976 2051 3031 etenim

480 3088 648 3159 gratis
704 3090 1072 3155 comparatur.
1130 3077 1359 3145 Quando
1406 3074 1726 3128 acccrsieris
1782 3052 2123 3139 puerum,C

481 3182 658 3251 cogita
697 3178 839 3250 quod
894 3190 1000 3229 non
1047 3180 1226 3244 potest
1266 3170 1397 3242 quid
1447 3166 1624 3220 facere
1676 3178 1889 3227 eorum,
1934 3174 2054 3229 qua:

483 3274 587 3337 vis,
624 3271 729 3326 nisi
761 3268 1047 3330 obedierit,
1087 3264 1183 3318 sed
1215 3277 1390 3331 neque
1420 3260 1492 3313 ita
1526 3258 1629 3328 ipsi
1669 3257 1805 3311 bene
1824 3265 1944 3320 .est;
1979 3253 2057 3307 ita

486 3378 545 3420 ut
574 3365 626 3419 in
657 3366 774 3435 ipso
812 3363 903 3425 sit,
934 3359 1079 3430 quod
1114 3365 1168 3412 tu
1210 3371 1319 3409 non
1353 3353 1609 3407 turberis.

938 3473 1098 3545 333
1128 3468 1357 3526 CAPUT
1411 3465 1598 3524 xvm.

558 3595 616 3648 Si
658 3592 813 3662 cupis
838 3588 1140 3660 profectum
1189 3586 1385 3649 facere,
1426 3582 1655 3645 sustine,
1700 3578 1843 3650 quod
1895 3575 2061 3629 hami-

489 3699 607 3749 nes,
655 3691 871 3752 propter
905 3695 989 3745 ea,
1021 3693 1142 3747 qua:
1186 3674 1426 3730 exterius
1469 3672 1741 3735 videntur,
1779 3671 1832 3723 in
1880 3669 2059 3737 aliqua

488 3778 599 3831 sint
639 3773 1085 3829 existimatione:
1117 3778 1231 3830 aut,
1280 3769 1326 3822 si
1380 3776 1434 3819 tu
1472 3779 1664 3818 vecors
1710 3761 1899 3826 fueris,
1951 3775 2060 3814 non

489 3882 648 3922 cures
698 3864 901 3934 aliquid
956 3863 1094 3916 scire
1130 3879 1142 3913 :
1179 3859 1258 3912 sin
1311 3873 1439 3912 vero
1489 3855 1816 3925 quibusdam
1865 3851 2061 3920 aliquis

490 3976 610 4014 esse
656 3956 913 4021 videaris,
970 3969 1038 4007 ne
1085 3950 1181 4006 tibi
1239 3951 1342 4019 ipsi
1393 3949 1552 4003 [idem
1614 3954 1857 4024 prmstes.
1914 3943 2061 3997 Scito

489 4052 657 4114 enim,
687 4050 831 4118 quod
875 4064 980 4102 non
1018 4044 1175 4099 facile
1213 4051 1319 4108 est,
1370 4041 1443 4093 tui
1492 4040 1665 4109 ipsius
1720 4034 2059 4107 propositum

492 4154 701 4197 naturae
739 4154 1069 4211 congruens,
1099 4137 1371 4205 simulque
1416 4148 1500 4187 res
1544 4132 1846 4185 exteriores
1874 4128 2062 4182 obser-

495 4239 639 4287 va‘re.
665 4233 768 4287 Sed
795 4246 1075 4286 necessum
1101 4228 1345 4293 omnino,
1374 4235 1452 4289 ut,
1481 4224 1612 4279 dum
1645 4224 1807 4277 unius
1838 4220 2059 4291 satagis,

494 4327 722 4377 alterum
758 4324 1015 4394 negligas.

1073 4446 1299 4502 CAPUT
1343 4444 1478 4499 XIX.

569 4560 627 4615 Si
668 4559 823 4623 velis,
866 4569 925 4614 ut
967 4559 1221 4613 omnibus
1253 4558 1430 4613 modis
1470 4560 1546 4611 tui
1583 4556 1698 4619 ﬁlii,
1734 4564 1788 4611 et
1821 4572 1978 4621 uxor,
2012 4566 2067 4611 et

498 4653 660 4709 amici
696 4652 900 4716 vivant,
930 4650 1129 4705 stultus
1157 4665 1250 4715 es;
1284 4665 1347 4703 ea
1375 4649 1599 4712 ctenim,
1633 4664 1755 4718 qua:
1794 4648 1847 4702 in
1882 4658 1932 4702 te
1959 4664 2065 4701 non

499 4751 646 4807 sunt,
692 4745 773 4799 vis
812 4753 867 4797 ut
909 4745 1037 4808 sint,
1092 4752 1144 4797 et
1190 4757 1312 4813 quae
1366 4752 1493 4796 sunt
1543 4742 1742 4805 aliena,
1787 4751 1876 4795 tua
1924 4741 2069 4795 exsi-

500 4847 645 4893 stant
676 4855 689 4890 :
718 4838 832 4907 pari
860 4836 1042 4901 modo,
1072 4837 1116 4891 si
1158 4836 1310 4901 velis,
1345 4836 1488 4905 quod
1526 4850 1661 4904 puer
1689 4836 1910 4889 minimc
1939 4849 2068 4904 pec-

501 4939 604 4994 ret,
637 4927 823 4984 fatuus
850 4942 942 4995 es;
970 4928 1052 4984 vis
1088 4944 1304 4998 nempe,
1335 4928 1527 4981 vitium
1559 4942 1666 4982 non
1700 4943 1821 4983 esse
1854 4928 2092 4991 vitium;

499 5022 592 5076 sed
637 5020 843 5090 aliquid
880 5020 1061 5085 aliud;
1109 5020 1192 5075 sin
1244 5034 1372 5074 vero
1406 5019 1539 5074 velis
1589 5035 1654 5075 eo
1680 5020 1825 5089 quod
1865 5021 2073 5089 appetis

500 5128 606 5168 non
656 5110 931 5178 frustrari,
980 5110 1084 5167 hoc
1113 5112 1330 5181 quidem
1372 5121 1545 5180 potes,
1588 5101 1873 5166 exercete
1909 5113 2074 5181 igitur

501 5206 553 5258 in
581 5218 647 5259 eo
673 5203 818 5273 quod
852 5211 1027 5272 potes.

1093 5339 1319 5396 CAPUT
1373 5338 1488 5394 XX.

574 5458 984 5529 Unusquisque,
1013 5460 1107 5528 qui
1139 5473 1168 5510 a
1199 5457 1376 5526 seipse
1410 5463 1721 5524 optatorum
1754 5466 2074 5527 potestatem

509 5550 685 5615 habet,
719 5551 974 5607 dominus
1005 5560 1110 5616 est,
1161 5559 1221 5604 ut
1270 5548 1527 5602 nimirum
1576 5548 1763 5603 eadem
1812 5562 2073 5618 assequa-

511 5647 613 5702 tnr,
643 5638 727 5693 vel
767 5640 971 5694 adimat
1005 5655 1070 5694 ex
1114 5641 1298 5693 animo
1327 5637 1567 5707 pr0prio.
1612 5636 1875 5706 Quisquis
1914 5638 2076 5706 igitur

2129 488 2318 559 ρήσεις
2346 483 2597 552 δύναμιν,
2636 478 2770 548 πρὸς
2805 475 2978 528 ταῦτα
3006 472 3333 541 ἐγκράτειαν
3352 484 3365 496 ·
3415 467 3512 517 ἐὰν
3540 468 3699 526 πόνος

2130 576 2532 650 προσφέρηται,
2560 571 2818 640 εὑρήσεις
2845 565 3162 637 καρτερίαν,
3198 560 3292 613 ὲάν
3327 559 3382 610 δὲ
3413 556 3706 624 λοιδορίαν,

2130 671 2381 743 εὑρήσεις
2413 662 2785 728 ἀνεξικακίαν,
2834 658 2930 712 καὶ
2958 656 3130 719 οὑτως
3162 651 3477 721 ἐθιζόμενον
3516 666 3595 707 σε,
3643 652 3707 698 οὑ

2132 757 2541 832 συναρπάσουσί
2571 772 2631 807 σε
2663 756 2718 806 αἱ
2749 750 3059 821 φαντασίαι.

2716 948 2970 1000 ΚΕΦΑΛ.
3013 944 3079 995 ῘΛ
3102 984 3116 997 .

2204 1069 2491 1137 Μηδὲ-ποτε
2522 1066 2611 1118 ἐπὶ
2640 1060 2863 1134 μηδενὸς
2906 1058 3085 1131 εἴπῃς,
3120 1058 3201 1110 ὅτι
3234 1052 3520 1116 ἀπώλεσας
3552 1049 3711 1113 αὑτό,

2137 1163 2249 1216 ἀλλ’
2281 1161 2361 1212 ὅτι
2389 1156 2678 1216 ἀπέδωκας
2701 1168 2715 1184 ⁶
2734 1151 2793 1204 τὸ
2816 1149 3099 1219 παιδάριον
3131 1144 3417 1209 ἀπέθανεν,
3446 1141 3711 1210 ἀπεδόθηο

2138 1258 2171 1325 ἡ
2202 1253 2336 1323 γυνὴ
2366 1249 2657 1306 ἀπέθανεν,
2693 1241 2953 1308 ἀπεδόθη,
2999 1239 3059 1291 τὸ
3088 1237 3285 1308 χωρίον
3320 1233 3711 1306 ἀφῃρέθη,ού-

2140 1323 2269 1399 κοῦν
2326 1340 2583 1408 ἀπεδόθη,
2619 1334 2754 1388 ἁλλά
2801 1331 2969 1391 κακὸς
3002 1332 3029 1382 ὁ
3063 1326 3410 1395 ἀφελόμενος.
3450 1324 3515 1375 Τί
3541 1323 3600 1374 δέ
3630 1339 3713 1373 σοι

2145 1440 2314 1510 μέλει,
2335 1435 2469 1488 διότι
2496 1430 2771 1500 ἀπῄτησεν
2799 1426 2826 1476 ὁ
2847 1423 2967 1485 δούς
2991 1421 3197 1490 ;Μέχρι
3224 1419 3266 1471 δ’
3291 1418 3356 1470 ἀν
3378 1415 3619 1479 διδῶται,
3638 1414 3713 1475 ὡς

2140 1526 2437 1597 ἀλλοτρίων
2468 1520 2645 1576 αὑτῶν
2674 1512 3046 1586 ὲπιμελοῦ,ὼ;
3076 1511 3165 1565 τοῦ
3197 1509 3509 1577 πανδοχείου
3527 1507 3578 1557 οἱ
3609 1522 3718 1557 πα-

2148 1623 2372 1693 ριόντες.

2730 1809 2977 1862 ΚΕΦΛΛ.
3018 1808 3132 1873 ις’.

2214 1937 2277 1989 Ei
2328 1929 2598 2002 προκόψαι
2649 1925 2855 1987 θέλεις,
2912 1920 3047 1987 ἄφες
3102 1917 3228 1975 τοὺς
3274 1912 3546 1971 τοιούτους
3604 1910 3717 1960 ἑπι-

2143 2023 2440 2096 λογισμούς
2470 2022 2589 2073 ’“Αν
2624 2016 2883 2085 ἀμελήσω
2913 2010 3022 2062 τῶν
3053 2005 3337 2078 ἐμῶν,οὑχ
3363 2003 3466 2066 ’ἐξω
3500 2001 3717 2069 (“na-.90-

2145 2119 2272 2189 φὴν,
2329 2117 2393 2168 ἂν
2448 2113 2522 2184 μὴ
2580 2110 2793 2163 κολάσω
2848 2103 2939 2155 τὸν
2991 2100 3187 2160 παῖδα,
3244 2094 3478 2163 πονηρὸς
3538 2092 3718 2144 ἔσται.

2147 2216 2414 2284 κρεῖσσον
2461 2208 2569 2276 γάρ
2617 2208 2731 2255 ἐστι
2786 2198 2930 2268 λιμῷ
2983 2192 3271 2247 ἀποθανεῖν
3319 2186 3556 2256 ἄφοϐον,
3629 2184 3722 2235 καὶ

2146 2305 2350 2358 ἄλυπον
2377 2301 2687 2369 γενόμενον,
2725 2293 2759 2364 ἢ
2789 2292 2885 2361 ζῇν
2921 2291 2977 2340 ἐν
3012 2286 3262 2354 ἀφθόνοις
3290 2277 3720 2349 ταρασσόμενον,

2148 2399 2399 2468 κρεῖσσον
2438 2393 2531 2444 καὶ
2563 2391 2653 2441 τὸν
2685 2385 2851 2439 παῖδα
2885 2381 3051 2434 κακον
3086 2374 3247 2443 εἶναι,
3281 2374 3314 2445 ἢ
3360 2373 3417 2425 σὲ
3459 2368 3719 2423 κακοδαίο

2152 2504 2308 2558 μονα.

2734 2585 2987 2645 ΚΕΦΑΔ.
3028 2581 3126 2635 lZ'.

2223 2713 2420 2785 Ἂρξαι
2451 2705 2774 2777 τοιγαροῦν·
2809 2700 2916 2754 ἀπὸ
2957 2699 3065 2751 τῶν
3117 2692 3328 2766 μικρῶν
3376 2692 3621 2759 ἐκχεῖται
3667 2689 3727 2743 τὸ

2152 2808 2380 2869 ὲλάδιον,
2430 2802 2717 2855 κλέπτεται
2764 2793 2825 2847 τὸ
2872 2791 3110 2858 ὀνάριον,
3166 2787 3416 2851 ὲπὶλεγεο
3453 2780 3723 2833 Τοσοῦτον

2154 2900 2417 2954 πωλεῖται
2464 2892 2724 2951 ἀπάθεια,
2775 2883 3030 2938 τοσούτου
3084 2876 3368 2948 ἀταραξία,
3419 2876 3626 2942 προῖκα
3672 2872 3725 2923 δὲ

2155 2990 2308 3043 οὐδὲν
2339 2985 2693 3056 περιγίνεται.
2734 2979 2899 3031 Ὅταν
2930 2972 3101 3042 καλῇς
3130 2970 3219 3022 τὸν
3254 2967 3437 3030 παῖδα,
3489 2961 3725 3032 ἐνθυμοῦ

2155 3084 2235 3137 ὅτι
2276 3082 2335 3133 οὑ
2374 3078 2600 3131 δύναται
2638 3074 2671 3143 ἢ
2708 3067 3026 3127 ὑπακούσας
3060 3062 3194 3133 μηδὲ
3235 3060 3478 3127 ποιῆσαι,
3521 3049 3596 3108 ὦν
3642 3053 3729 3105 θέ-

2156 3174 2289 3237 λεις,
2320 3172 2431 3225 ἀλλ’
2461 3169 2561 3236 οὑχ
2589 3164 2731 3218 οὑτω
2752 3161 2899 3214 ἐστὶν
2924 3156 3073 3225 αὑτῴ
3098 3152 3299 3217 καλῶς,
3331 3150 3417 3203 ἵνα
3449 3149 3507 3199 ἐν
3534 3147 3730 3215 ἐκείνῳ

2155 3261 2190 3337 ᾖ
2219 3264 2281 3316 τὸ
2311 3262 2371 3314 σὲ
2405 3261 2481 3330 μὴ
2508 3254 2869 3327 ταραχθῆναι.

2751 3452 3001 3507 ΚΕΦΑΛ.
3040 3448 3114 3503 ΙΗ
3133 3485 3149 3501 .

2228 3579 2292 3631 Εἰ
2326 3573 2597 3647 προκόψαι
2645 3568 2841 3630 θέλεις,
2872 3564 3162 3632 ὑπόμεινον
3209 3559 3372 3610 ’ἑνεκα
3416 3553 3523 3607 τῶν
3568 3554 3731 3616 ἐκτὸς

2161 3646 2479 3741 ἀνθρώπους
2512 3664 2658 3727 δόξαι
2684 3677 2697 3690 ο
2746 3660 2780 3731 ἣ
2813 3656 3021 3727 ἠλίθιος
3050 3650 3120 3719 εἷ,
3166 3650 3331 3721 μηδὲν
3377 3646 3567 3717 βούλου
3611 3646 3732 3697 ἐπί-

2164 3740 2415 3827 στασθαι,
2452 3756 2554 3812 κᾶν
2582 3752 2737 3822 δόξῃς
2765 3768 2850 3813 τις
2882 3745 3021 3801 εἷναί
3046 3762 3207 3807 τισιν,
3228 3741 3444 3798 ἀπίστει
3475 3740 3693 3808 σεαυτῷ
3714 3752 3727 3763 ·

2163 3853 2270 3907 ῐσθι
2301 3851 2409 3921 γὰρ
2438 3849 2519 3902 ὅτι
2548 3845 2609 3898 οὑ
2640 3843 2839 3913 ῥᾴδιον,
2884 3839 2979 3891 καὶ
3014 3836 3110 3907 τὴν
3158 3831 3381 3886 σεαυτοῦ
3413 3831 3731 3901 προαίρεσιν

2163 3946 2304 4000 κατά
2351 3941 2512 4012 φύσιν
2557 3940 2785 4009 ἔχουσαν
2832 3930 3063 4000 φυλάξαι
3111 3927 3202 3981 καὶ
3250 3927 3316 3978 τὰ
3366 3923 3542 3987 ἐκτὸς,
3591 3921 3729 3974 ἀλλά

2162 4038 2258 4091 τοῦ
2281 4036 2467 4106 ἑτέρου
2501 4027 2925 4101 ἐπιμελούμενον
2953 4023 3047 4078 τοῦ
3078 4019 3263 4092 ἐτέρου
3293 4016 3563 4088 ἀμελῆσαι
3584 4018 3731 4068 πᾶσα

2163 4132 2399 4199 ἀνάγκη.

2760 4443 3001 4499 ΚΕΦΑΛ.
3038 4443 3115 4497 18⁸
3123 4483 3137 4496 .

2240 4568 2337 4621 Ἂν
2387 4565 2547 4638 θέλῃς
2593 4563 2663 4616 τά
2706 4562 2871 4616 τέκνα
2914 4578 3027 4626 σου,
3077 4559 3170 4613 καὶ
3213 4556 3311 4628 τὴν
3354 4557 3612 4625 γυναῖκα,
3646 4557 3737 4606 καὶ

2169 4662 2294 4723 τοὺς
2324 4659 2509 4728 φίλους
2536 4656 2751 4718 πάντως
2786 4654 2902 4723 ζῇν,
2933 4652 3138 4722 ἠλίθιος
3166 4648 3216 4703 εἷ
3241 4668 3254 4681 ·
3296 4650 3364 4703 τά
3397 4650 3504 4720 γὰρ
3540 4649 3616 4717 μὴ
3648 4648 3736 4701 ἐπὶ

2173 4755 2277 4818 σοὶ,
2310 4752 2482 4827 θέλεις
2513 4750 2605 4802 ἐπὶ
2654 4747 2736 4800 σοὶ
2767 4741 2929 4808 εἶναι,
2961 4744 3055 4797 καὶ
3082 4743 3149 4795 τά
3193 4741 3447 4811 ἀλλότρια
3478 4741 3549 4792 σὰ
3576 4735 3738 4802 εἶναι,

2171 4846 2314 4899 οὑτω
2352 4844 2445 4897 καὶ
2474 4842 2562 4895 τὸν
2595 4840 2778 4901 παῖδα,
2825 4837 2921 4891 ἐὰν
2948 4836 3106 4906 θέλῃς
3139 4834 3211 4905 μὴ
3247 4832 3588 4903 ἁμαρτάνειν
3630 4848 3742 4902 μω.

2176 4940 2266 5008 ρος
2295 4932 2363 4989 εἴ·
2392 4934 2563 4995 θέλεις
2591 4932 2697 5003 γὰρ
2727 4931 2824 5000 τὴν
2853 4928 3072 4992 κακίαν,
3110 4926 3183 4996 μὴ
3212 4923 3351 4979 εἶναι
3380 4925 3603 4989 κακίαν,
3626 4922 3741 4978 ἀλλ’

2174 5030 2302 5084 ἄλλο
2335 5026 2532 5080 στι-ἑὰν
2564 5025 2620 5077 δὲ
2651 5023 2811 5093 θέλῃς
2845 5020 3168 5091 ὀρεγόμενος
3199 5020 3273 5089 μὴ
3320 5018 3738 5087 ἀποτυγχάνειν,

2175 5122 2330 5175 τοῦτο
2356 5119 2601 5182 δύνασαι,
2636 5115 2792 5169 τοῦτο
2819 5110 2912 5166 οὖν
2945 5114 3123 5171 ἄσκει.
3157 5112 3187 5163 ὃ
3215 5111 3458 5165 δύνασαι.

2398 5413 2417 5427 ι
2771 5339 3020 5392 ΚΕΦΑΛ.
3062 5340 3143 5391 Κ’.

2247 5456 2447 5524 Κύριος
2480 5453 2706 5516 ἕκαστός
2734 5452 2818 5515 τίς
2848 5454 3018 5514 ἐστιν,
3049 5452 3077 5502 ὁ
3108 5450 3215 5503 τῶν
3243 5451 3333 5503 ὑπ’
3360 5447 3568 5502 ἐκείνου
3600 5446 3749 5499 θελο-

2182 5548 2356 5615 μένων
2397 5546 2533 5615 ἓχων
2580 5544 2846 5609 ἐξουσίαν,
2896 5544 2975 5604 εἰς
3022 5540 3081 5596 τὸ
3126 5539 3501 5612 περιποιῆσαι,
3551 5538 3583 5607 ἢ
3637 5538 3742 5599 ἁφ-

2181 5636 2413 5699 ελέσθαι.
2454 5639 2643 5700 Ὅστις
2690 5632 2782 5689 οὖν
2833 5635 3113 5705 ἐλεύθερος
3145 5630 3279 5688 εἶναι
3329 5632 3577 5704 βούλεται
3608 5629 3748 5699 μήτε
