3994 6182
313 280 439 344 1293

1536 267 1879 327 EPICTETI
1927 264 2309 324 MANUALE.

3409 253 3541 315 1294

307 390 525 452 θελέτω,
566 388 702 458 μήτε
733 384 981 454 φευγέτω
1009 402 1060 437 τι
1093 383 1200 436 τῶν
1229 383 1316 435 ἐπ’
1359 380 1558 443 ἄλλοις,
1594 382 1643 431 εί
1672 379 1728 431 δὲ
1764 378 1865 447 μὴ,
1899 433 1906 446 ,

2023 378 2110 429 bcr
2137 389 2259 429 esse
2290 373 2424 436 vult,
2477 385 2652 441 neque
2682 372 2882 439 cupiat,
2934 386 3032 425 nec
3084 379 3362 427 aversetur
3385 373 3543 441 quid—

307 479 575 533 δουλεύειν
604 478 841 546 ἀνάγκη.

871 667 1119 719 ΚΕΦΑΛΡ.
1160 661 1293 717 KA'.

376 782 657 851 Μέμνησο,
693 781 773 832 ὅτι
806 778 881 841 ὡς
926 780 982 830 ὲν
1039 774 1324 844 συμποσίῳ
1380 789 1435 825 σε
1488 772 1571 824 δεῖ
1616 770 1877 839 ἀναστρέ-

313 877 502 945 φεσθαι
534 874 957 944 περιφερόμενον
983 888 996 901 ο
1029 871 1080 923 τί
1109 870 1295 937 γέγονε
1331 867 1472 921 κατὰ
1503 867 1597 932 es;
1630 864 1878 925 ἐκτείνας

310 971 408 1040 τὴν
431 970 588 1037 χεῖρα
618 965 860 1035 κοσμίως
895 961 1165 1034 μετάλαϐε
1195 978 1208 991 ·
1253 960 1605 1031 παρέρχεται,
1646 956 1720 1027 μὴ
1750 956 1879 1008 κάτ-

311 1077 397 1131 εχε
421 1077 436 1091 ο
470 1058 621 1111 οὔπω
646 1058 791 1127 ἣκει,
831 1058 905 1127 μὴ
934 1054 1160 1108 ἐπίϐαλε
1188 1053 1375 1124 πόρρω
1400 1052 1497 1122 τὴν
1523 1049 1721 1120 ὄρεξιν,
1747 1047 1882 1101 ἀλλὰ

314 1153 572 1224 περίμενε
623 1154 815 1223 μέχρις
858 1151 923 1204 ἂν
954 1150 1179 1218 γένηται
1228 1146 1370 1200 κατὰ
1420 1145 1480 1197 σέ
1511 1161 1525 1174 '
1573 1143 1715 1195 οὕτω
1748 1141 1882 1214 πρὸς

314 1247 499 1308 τέκνα,
527 1243 669 1297 οὕτω
702 1243 838 1313 πρὸς
864 1243 1119 1309 γυναῖκα,
1150 1238 1285 1310 πρὸς
1325 1236 1518 1306 ἀρχὰς,
1553 1233 1689 1305 πρὸς
1716 1230 1881 1294 πλοῦ-

313 1354 423 1401 τον,
456 1336 551 1389 καὶ
579 1334 679 1407 ἔσῃ
719 1334 865 1400 ἄξιός
898 1349 1027 1385 ποτε
1074 1329 1167 1383 τοῦ
1202 1327 1337 1382 Θεοῦ
1371 1326 1676 1396 ἄνθρωπος.
1717 1320 1884 1375 Ὀταν

315 1429 371 1481 δὲ
402 1428 496 1481 καὶ
529 1426 995 1495 προσενεχθέντων
1053 1440 1155 1487 σοι,
1193 1420 1267 1492 μὴ
1311 1419 1501 1490 λάϐῃς,
1552 1415 1689 1470 ἀλλὰ
1732 1432 1885 1482 περι-

319 1520 450 1590 ίδῃς,
498 1518 617 1570 τότε
650 1516 710 1568 οὐ
764 1516 921 1585 μόνον
956 1514 1238 1584 ἄνθρωπος
1271 1512 1367 1581 ἔσῃ
1415 1509 1569 1573 Θεοῦ,
1619 1507 1751 1561 ἀλλὰ
1794 1508 1886 1558 καὶ

316 1607 388 1672 ὡς
415 1608 663 1676 ἄγγελος.
831 1609 834 1612 ’

890 1713 1141 1767 ΚΕΦΑΛ.
1185 1711 1309 1764 ΚΒ’.

387 1831 553 1881 Ὅταν
578 1828 830 1880 κλαίοντα
861 1828 972 1898 ἴδῃς
1005 1825 1124 1878 τινὰ
1150 1827 1206 1875 ἐν
1237 1824 1441 1888 πένθει,
1478 1822 1511 1891 ἢ
1541 1820 1886 1891 ἀποδημοῦν-

317 1939 407 1983 τος
436 1922 650 1984 τέκνου,
673 1921 705 1988 ἢ
729 1919 1108 1973 ἀπολελωκότα
1133 1917 1200 1969 τὰ
1226 1915 1441 1979 ἑαυτοῦ,
1466 1915 1700 1983 πρόσεχε
1728 1914 1802 1981 μή
1828 1928 1888 1963 σε

318 2016 349 2083 ή
383 2015 651 2082 φαντασία
693 2014 1038 2083 συναρπάσῃ,
1083 2010 1157 2072 ὡς
1194 2011 1252 2063 ὲν
1302 2009 1491 2070 κακοῖς
1535 2008 1689 2067 ὄντος
1723 2004 1888 2058 αὑτοῦ

320 2112 429 2171 τοῖς
476 2109 650 2171 ἐκτὸς,
699 2108 812 2161 ἀλλ’
840 2106 999 2169 εὐθὺς
1032 2104 1170 2156 ἔστω
1218 2103 1527 2171 πρόχειρον,
1572 2099 1652 2151 ὅτι
1706 2096 1895 2151 τοῦτον

320 2201 510 2263 θλίϐει,
544 2202 606 2253 οὐ
636 2205 694 2253 τὸ
727 2217 788 2251 συ
799 2196 1072 2268 μόεϐηκὸς
1106 2195 1284 2266 (ἄλλον
1305 2194 1411 2263 γὰρ
1436 2192 1495 2245 οῦ
1521 2189 1736 2258 θλίϐει),
1761 2190 1896 2242 ἀλλὰ

321 2292 382 2344 τὸ
410 2292 585 2361 δόγμα
633 2291 694 2343 τὸ
724 2288 1113 2359 περὶτούτων,
1167 2285 1328 2355 μέχρι
1374 2282 1555 2353 μέντοι
1610 2281 1771 2348 λόγου
1826 2281 1899 2349 μὴ

324 2381 471 2435 ὄκνει
514 2379 903 2451 περιφέρεσθαι
955 2378 1119 2445 αὐτῷ,
1152 2376 1254 2429 κᾶν
1300 2374 1443 2427 οὕτω
1486 2373 1644 2443 τύχῃ,
1682 2388 1901 2424 συνεπι-

328 2473 597 2537 στενάξαι,
632 2471 914 2542 προσέχων
946 2470 1126 2539 μέντοι
1156 2468 1230 2538 μὴ
1258 2469 1354 2520 καὶ
1382 2465 1584 2520 ἔσωθεν
1613 2464 1894 2535 στενάξῃς.

1975 482 2135 537 quam
2180 480 2371 520 eorum
2419 477 2541 533 qua:
2579 462 2633 516 in
2682 463 2805 516 aliis
2849 470 2994 522 sunt.
3044 462 3288 531 alioquin
3339 464 3545 518 servire

1977 572 2260 613 necessum
2292 565 2391 612 εει.

2555 668 2782 725 CAPUT
2821 667 2962 722 XXI.

2048 786 2349 850 Memento,
2400 784 2545 854 quod
2599 791 2845 853 oportet,
2904 793 2964 835 ut
3021 792 3069 836 te
3127 782 3548 850 circumferens,

1979 878 2121 932 sicut
2171 878 2225 931 in
2269 878 2519 932 convivio
2596 875 2937 930 convcrseris
2978 874 3184 946 :33h
3242 875 3500 943 pervenit:
3528 893 3558 930 c

1982 969 2183 1035 aliquid
2224 970 2291 1023 ad
2326 970 2415 1023 te?
2441 968 2736 1023 extendens
2770 982 2990 1021 manum
3022 956 3288 1021 modeste
3327 967 3543 1036 accipe:

1984 1066 2242 1133 prieterit,
2272 1078 2339 1116 ne
2367 1064 2608 1117 detineas
2636 1082 2648 1117 :
2678 1062 2917 1117 nondum
2952 1063 3119 1127 venit,
3152 1077 3218 1117 ne
3242 1062 3400 1131 longe
3428 1076 3555 1130 pro-

1986 1154 2175 1209 tendas
2213 1155 2531 1223 appetitum,
2587 1154 2679 1207 sed
2719 1160 2997 1223 exspecta,
3050 1153 3223 1208 donec
3269 1156 3561 1207 accesserit

1987 1246 2053 1299 ad
2089 1255 2181 1300 te:
2218 1246 2299 1300 sic
2340 1256 2391 1300 te
2419 1262 2575 1315 geras
2606 1262 2732 1316 erga
2772 1248 2933 1309 lilios,
2970 1247 3048 1299 sic
3077 1261 3203 1316 erga
3249 1246 3557 1316 coniugem,

1986 1355 2112 1409 erga
2147 1339 2518 1408 magistratus,
2546 1354 2673 1408 erga
2701 1340 2952 1405 divitias;
2988 1340 3208 1408 erisque
3235 1339 3447 1393 tandem
3482 1339 3562 1394 di-

1988 1446 2126 1501 gnus
2151 1429 2245 1484 Dei
2275 1430 2436 1484 homo
2466 1449 2479 1483 :
2505 1432 2723 1499 quando
2755 1446 2881 1485 vero
2923 1431 3103 1484 oblata
3136 1432 3230 1484 tibi
3262 1446 3369 1485 non
3405 1447 3561 1485 acce-

1990 1516 2154 1583 peris,
2189 1525 2319 1569 tunc
2358 1530 2464 1569 non
2514 1516 2689 1569 solum
2736 1515 2843 1568 eris
2889 1515 3053 1569 homo
3096 1514 3211 1580 Dei,
3263 1517 3357 1571 sed
3400 1517 3561 1572 etiam

1990 1607 2136 1660 velut
2168 1606 2409 1675 angelus.

2560 1718 2789 1773 CAPUT
2834 1716 2992 1771 XXII.

2066 1831 2200 1885 Cum
2250 1831 2485 1900 aliquem
2544 1832 2597 1884 in
2645 1832 2792 1886 luctu
2845 1832 3140 1901 ejulantcm
3190 1836 3566 1903 conspexeris,

1999 1931 2094 1976 aut
2125 1924 2271 1993 quod
2304 1923 2449 1978 (ilius
2492 1939 2716 1993 peregre
2750 1924 3025 1995 profectus
3066 1925 3248 1991 fuerit,
3284 1936 3379 1978 aut
3423 1929 3569 1995 quod

1998 2031 2089 2068 res
2131 2029 2262 2069 suas
2322 2015 2585 2080 amiserit,
2636 2017 2873 2082 attende,
2924 2032 2990 2071 ne
3043 2027 3094 2071 te
3134 2018 3390 2086 corripiat
3435 2020 3574 2071 visio

2002 2107 2188 2160 animo
2229 2114 2637 2175 repraesentata,
2681 2101 2911 2176 perinde
2956 2123 3018 2161 ac
3049 2109 3093 2163 si
3137 2109 3225 2161 ille
3268 2120 3576 2164 versaretur

2004 2198 2059 2251 in
2095 2198 2254 2251 malis
2288 2198 2672 2263 exterioribus,
2722 2198 2817 2254 sed
2864 2200 3044 2253 statim
3096 2201 3193 2254 tibi
3242 2211 3438 2269 praisto
3484 2203 3574 2264 sit,

2007 2287 2153 2356 quod
2209 2287 2502 2354 nimirum,
2565 2303 2672 2343 non
2719 2290 2865 2359 quod
2910 2291 3110 2345 accidit
3154 2291 3304 2345 illum
3360 2292 3581 2346 amiciat

2012 2376 2201 2445 (alium
2255 2378 2399 2431 enim
2454 2379 2679 2434 minime
2706 2380 2935 2451 ailligit),
2988 2382 3083 2437 sed
3139 2383 3353 2452 Opinio,
3413 2399 3577 2452 quam

2008 2465 2169 2520 habet
2226 2465 2294 2521 de
2342 2466 2450 2521 illis
2481 2486 2494 2521 :
2525 2483 2712 2522 verum
2761 2470 2943 2539 quoad
3000 2472 3090 2537 id,
3135 2474 3279 2541 quod
3354 2474 3579 2543 exigunt

326 2566 508 2627 verba,
545 2579 612 2618 ne
640 2573 695 2619 te
728 2564 903 2633 pigeat
935 2564 1079 2616 circa
1163 2563 1338 2630 ipsum
1420 2573 1657 2625 manere,
1705 2557 1861 2626 sique
1898 2556 1971 2611 ita
2011 2557 2311 2629 contingat,
2337 2562 2740 2629 congemiscere
2782 2566 2980 2631 stmul;
3037 2580 3231 2622 caveas
3280 2576 3482 2631 tamen,
3514 2581 3582 2621 ne

329 2661 558 2717 interius
586 2661 748 2714 etiam
782 2657 1175 2726 congemiscas.

903 2769 1152 2821 ΚΕΦΛΛ.
1197 2767 1321 2821 Kl".

398 2886 660 2956 Μέμνησο
683 2885 764 2937 δτι
788 2883 1086 2953 ὑποκριτὴς
1108 2878 1158 2935 εἴ
1174 2881 1451 2953 δράματος
1476 2878 1589 2932 οἴου
1612 2877 1656 2931 δ’
1681 2878 1746 2931 ἂν
1773 2878 1904 2953 θέλῃ

2566 2770 2797 2828 CAPUT
2836 2772 3021 2827 XXIII.

2082 2880 2389 2937 Recordare
2414 2884 2558 2948 quod
2584 2894 2735 2939 actor
2768 2897 3089 2955 personatus
3112 2903 3169 2941 es
3199 2888 3413 2955 tabulae,
3446 2906 3583 2960 qua-

330 2976 716 3038 δδιδάσκαλος,
749 2974 813 3028 ἂν
842 2973 1013 3044 βραχὺ
1046 2971 1295 3043 βραχέος,
1328 2971 1392 3024 ἂν
1428 2969 1637 3040 μακρὸν
1664 2969 1903 3039 μακροῦ·

2023 2976 2116 3026 lem
2163 2974 2397 3028 voluerit
2446 2977 2744 3042 magister;
2778 2979 2977 3041 brevis,
3020 2981 3062 3033 si
3101 2981 3353 3049 brevem;
3389 2984 3582 3055 Iongm,

333 3069 426 3121 ὲὰν
463 3084 520 3120 σε
566 3066 781 3137 πτωχὸν
817 3066 1113 3135 ὑποκρίναι
1145 3062 1299 3134 θέλῃ,
1346 3062 1433 3115 ἴνα
1465 3063 1559 3115 καὶ
1598 3061 1785 3114 τοῦτον
1815 3061 1906 3113 εὑ·-

335 3160 481 3228 φυῶς
521 3158 807 3229 ὑποκρίνῃ,
839 3156 905 3210 ἂν
934 3156 1131 3225 χωλὸν,
1156 3156 1221 3209 ἂν
1265 3156 1523 3225 ἄρχοντα,
1556 3152 1621 3206 ἂν
1652 3152 1867 3219 ἰδιώτην
1892 3167 1908 3183 °

337 3253 426 3305 σὺν
456 3252 564 3323 γὰρ
590 3249 749 3303 τοῦτό
777 3251 893 3302 ἐστι
920 3248 981 3301 τὸ
1006 3248 1155 3301 δοθὲν
1183 3247 1476 3318 πρόσωπον
1510 3244 1909 3316 ὑποκρίνασθαι

338 3342 515 3407 καλῶς
546 3340 864 3406 ἐκλέξασθαι
896 3340 953 3392 δὲ
982 3338 1114 3394 αὐτὸ
1144 3338 1329 3393 ἄλλου.

918 3563 1169 3616 ΚΕΦΑΛ.
1211 3563 1336 3615 ΚΔθ.

411 3671 594 3745 Κόραξ
636 3673 761 3726 ὅταν
795 3671 868 3742 μὴ
900 3671 1074 3725 αἴσιον
1116 3671 1384 3743 κεκράγῃ,
1421 3670 1495 3741 μὴ
1526 3668 1918 3739 συναρπαζὲτω

347 3781 404 3818 σε
434 3766 467 3836 ἡ
496 3765 763 3833 φαντασία
787 3764 879 3817 τοῦ
907 3765 1175 3833 δαίμονος,
1203 3764 1316 3816 ἀλλ’
1348 3764 1508 3826 εὐθὺς
1538 3763 1737 3831 διαίρει
1769 3761 1919 3831 παρὰ

348 3856 575 3925 σεαυτῷ,
610 3856 703 3908 καὶ
732 3855 877 3925 λέγε·
900 3855 1115 3908 Τούτων
1145 3855 1270 3924 ἐμοὶ
1295 3853 1445 3906 οὐδὲν
1471 3852 1914 3924 ἐπισημαίνεται,

345 3945 459 3998 ἀλλ’
500 3944 534 4016 ἢ
578 3944 653 4015 τῷ
696 3944 908 4015 σώματί
938 3962 1061 4015 μου,
1088 3945 1121 4014 ἢ
1163 3943 1240 4014 τῷ
1271 3944 1529 4015 κτησιδίῳ
1562 3961 1685 4014 μου,
1718 3942 1812 3996 καὶ
1842 3940 1921 4011 τῷ

346 4034 575 4105 δοξαρίῳ
608 4053 731 4105 μου,
762 4036 795 4105 ἢ
831 4038 943 4099 τοῖς
976 4036 1210 4101 τέκνοις,
1243 4034 1276 4105 ἢ
1320 4038 1386 4105 τῇ
1429 4034 1669 4103 γυναικὶ,
1712 4033 1836 4102 ἐμοὶ
1865 4034 1922 4086 δὲ

350 4128 525 4181 πάντα
575 4130 727 4181 αῐσια
775 4128 1122 4198 σημαίνεται,
1174 4128 1269 4180 ἐὰν
1319 4128 1429 4196 ἐγὼ
1462 4127 1600 4181 θέλω
1632 4140 1646 4153 ”
1672 4126 1699 4179 ὃ
1724 4144 1774 4178 τι
1814 4127 1923 4195 γὰρ

350 4219 417 4272 ἂν
466 4220 669 4272 τούτων
703 4218 994 4290 ἀποϐαίνῃ,
1045 4218 1130 4270 ἐπ’
1186 4219 1308 4288 ἐμοί
1368 4222 1513 4273 ἐστιν
1565 4218 1695 4271 αὐτὸ
1743 4216 1923 4278 καλῶς

350 4310 560 4364 θέσθαι.

928 4445 1175 4498 ΚΕΦΑΑ.
1214 4445 1346 4501 KE'.

437 4557 713 4629 Ἀνίκητος
764 4555 901 4611 εἶναι
946 4558 1170 4612 δύνασαι
1203 4559 1334 4623 ,ἐὰν
1362 4561 1439 4621 εἰς
1480 4557 1699 4628 μηδένα
1745 4556 1930 4625 ἀγῶνα

355 4650 710 4720 καταϐαίνῃς,
739 4648 798 4703 ὃν
827 4650 927 4703 οὐκ
955 4649 1103 4703 ἔστιν
1136 4651 1228 4703 ἐπὶ
1263 4651 1345 4702 σοὶ
1377 4649 1619 4717 νικῆσαι.

930 4784 1182 4838 ΚΕΦΑΛ.
1224 4784 1367 4850 κεῖν.

429 4903 571 4967 Ὅρα
620 4901 828 4970 μήποτε
888 4899 1012 4952 ἰδών
1047 4917 1172 4952 τινα
1216 4899 1649 4971 προτιμώμενον,
1680 4900 1714 4965 ἢ
1768 4914 1937 4967 μεγα-

354 4992 669 5063 λυνόμενον,
712 4992 745 5062 ἢ
794 4991 971 5054 ἄλλως
1019 4991 1432 5059 εὐδοκιμοῦντα,
1461 4991 1794 5061 μακαρίσῃς,
1834 4989 1938 5042 ὑπὸ

358 5086 460 5157 τῆς
489 5087 788 5156 φαντασίας
818 5086 1242 5156 συναρπασθείς.
1280 5087 1377 5139 Ἂν
1422 5085 1532 5154 γὰρ
1581 5086 1639 5137 ἐν
1683 5088 1795 5146 τοῖς
1840 5084 1940 5136 οὐκ

360 5179 447 5245 ἐφ’
488 5180 618 5248 ἡμῖν
655 5180 689 5247 ἠ
742 5177 899 5230 οὐσία
931 5177 1023 5229 τοῦ
1054 5177 1259 5245 ἀγαθοῦ
1310 5177 1366 5249 ᾖ,
1402 5176 1525 5230 οὔτε
1562 5177 1773 5247 φθόνος,
1819 5176 1942 5230 οὕτε

360 5267 664 5337 ζηλοτυπία
696 5268 876 5340 χώραν
918 5267 1032 5338 ἔχει
1067 5283 1079 5295 ·
1104 5268 1224 5320 οὐδὲ
1254 5268 1364 5339 γὰρ
1408 5268 1709 5339 στρατηγὸς
1736 5267 1769 5338 ἢ
1803 5266 1943 5337 πρύ-

361 5376 537 5422 τανις,
586 5360 618 5430 ἢ
669 5358 874 5424 ὕπατος
925 5357 1061 5414 εἷναι
1108 5360 1302 5423 θέλεις,
1347 5359 1462 5412 ἀλλ’
1497 5359 1796 5429 ἐλεύθερος.
1832 5359 1945 5412 Μία

362 5451 421 5504 δὲ
471 5450 589 5513 ὁδὸς
643 5451 779 5523 πρὸς
825 5450 1017 5530 τοῦτο⁹
1078 5452 1482 5523 καταφρόνησις
1536 5450 1644 5503 τῶν
1710 5451 1809 5503 οὐκ
1858 5451 1946 5519 ἐφ’

372 5545 399 5611 I;
412 5545 523 5611 μῖν.

2010 3065 2055 3119 si
2091 3066 2306 3136 longam
2328 3085 2343 3121 :
2364 3068 2410 3122 si
2448 3068 2577 3122 velit
2618 3070 2850 3125 mendici
2878 3081 2937 3125 ut
2968 3088 3096 3141 agas
3122 3089 3431 3143 personam,
3462 3091 3582 3130 eam

2010 3157 2174 3212 etiam
2207 3159 2441 3227 ingenue
2468 3171 2861 3231 reprtesentes;
2897 3164 2941 3217 si
2976 3164 3176 3230 claudi,
3211 3165 3256 3219 si
3297 3166 3584 3236 principis,

2012 3249 2059 3303 si
2100 3250 2330 3318 privati;
2370 3260 2522 3306 tuum
2568 3254 2712 3307 enim
2748 3254 2853 3311 hoc
2895 3265 2977 3310 est
3025 3258 3356 3328 assignatam
3398 3276 3589 3329 perso-

2013 3357 2140 3396 nam
2184 3343 2322 3397 bene
2367 3344 2589 3409 rel'erre,
2648 3346 2819 3414 ipsam
2868 3363 2993 3402 vero
3032 3349 3266 3419 deligere
3316 3352 3381 3405 ad
3420 3351 3585 3405 alium

2013 3436 2265 3503 pertinet.

2484 3549 2644 3619 335
2669 3549 2897 3604 CAPUT
2940 3552 3124 3606 XXIV.

2090 3661 2320 3727 Quando
2368 3677 2566 3718 corvus
2596 3664 2994 3734 inauspicatum
3038 3670 3396 3731 crocitaverit,
3435 3686 3501 3725 ne
3543 3681 3594 3725 tc

2022 3752 2337 3822 imaginatio
2389 3755 2647 3824 corripiat
2674 3756 2972 3823 daemonis;
3022 3775 3206 3813 verum
3259 3764 3439 3815 statim
3481 3764 3595 3816 dis-

2023 3844 2208 3915 tingue
2238 3846 2381 3915 apud
2425 3848 2679 3916 teipsum,
2735 3859 2788 3903 et
2814 3851 2980 3905 dicito
3010 3870 3022 3905 :
3054 3850 3197 3906 Nihil
3230 3854 3358 3907 mihi
3387 3863 3595 3922 porten-

2023 3937 2189 4004 ditur,
2242 3938 2347 3991 nisi
2382 3937 2521 3994 forte
2569 3955 2686 3995 meo
2738 3945 2977 4012 corpori,
3022 3953 3118 3997 aut
3165 3959 3287 4033 meo
3320 3946 3595 4013 prrediolo,

2025 4039 2078 4083 et
2111 4030 2351 4099 gloriolae
2402 4046 2553 4097 meae,
2605 4041 2700 4087 aut
2731 4033 2876 4099 tiliis,
2927 4044 3021 4088 aut
3070 4030 3253 4100 uxori,
3293 4037 3426 4090 mihi
3476 4052 3598 4091 vero

2028 4117 2204 4174 fausta
2230 4120 2413 4191 omnia
2444 4121 2841 4190 signiﬁcantur,
2867 4125 2908 4177 si
2931 4139 3030 4194 ego
3052 4125 3305 4191 voluero,
3335 4126 3601 4196 quidquid

2027 4210 2170 4265 enim
2207 4211 2435 4266 istorum
2472 4215 2730 4277 evenerit,
2782 4216 2833 4268 in
2867 4231 2952 4269 me
2977 4226 3060 4270 est
3092 4217 3193 4271 hoc
3218 4217 3354 4273 bene
3381 4219 3599 4274 ducere.

2594 4439 2822 4495 CAPUT
2873 4440 3039 4496 XXV.

2102 4554 2344 4611 Invictus
2379 4570 2501 4610 esse
2532 4565 2706 4625 potes,
2736 4558 2780 4611 si
2828 4558 3035 4611 nullum
3063 4557 3361 4613 descendas
3391 4558 3443 4609 in
3483 4571 3603 4610 cer-

2034 4658 2237 4711 tamen,
2269 4649 2319 4700 in
2351 4664 2460 4716 quo
2495 4650 2711 4702 vincere
2744 4664 2850 4703 non
2876 4650 2930 4704 in
2967 4660 3017 4703 te
3042 4659 3148 4703 est.

2592 4785 2819 4841 CAPUT
2861 4785 3051 4840 XXVI,

2106 4897 2334 4960 Caveas,
2373 4912 2439 4950 ne
2473 4898 2693 4967 quando
2724 4898 2925 4953 videris
2967 4898 3204 4967 aliquem
3238 4896 3444 4950 honore
3470 4909 3611 4964 prae.

2038 4988 2229 5053 latum,
2257 4997 2351 5042 aut
2384 4988 2814 5058 magnilicatum,
2846 4996 2939 5041 aut
2972 4988 3108 5042 alias
3132 4988 3466 5043 celebratum
3494 5002 3613 5041 ser-

2041 5095 2205 5135 mone
2230 5080 2541 5147 hominum,
2566 5079 2827 5148 prazdiees
2861 5080 3103 5146 beatum,
3140 5095 3205 5133 ex
3234 5078 3617 5148 imaginatione
3647 5140 3655 5147 ,

2042 5184 2358 5242 correptus;
2389 5187 2513 5226 nam
2544 5172 2591 5226 si
2635 5172 2758 5226 boni
2804 5172 3040 5226 essentia
3086 5170 3410 5225 consisteret
3450 5170 3505 5223 in
3534 5170 3618 5223 his

2044 5280 2166 5334 qua:
2192 5265 2246 5318 in
2272 5264 2432 5319 nobis
2461 5279 2568 5319 non
2600 5268 2750 5328 sunt,
2794 5277 2895 5318 nec
2924 5261 3128 5316 invidia
3165 5260 3344 5315 locum
3375 5259 3615 5318 haberet,
3660 5254 3661 5257 “

2047 5373 2145 5413 nec
2173 5357 2436 5427 aegritudo
2460 5371 2525 5410 ex
2555 5371 2620 5411 eo
2649 5356 2797 5424 quod
2826 5355 2963 5409 alter
2992 5355 3183 5409 iisdem
3222 5352 3478 5422 potiatur.
3511 5348 3620 5404 Nec

2047 5450 2193 5503 enim
2223 5448 2334 5502 dux
2383 5448 2589 5503 militite
2628 5457 2721 5501 aut
2761 5454 2963 5511 rector,
3009 5455 3100 5500 aut
3132 5445 3325 5500 consul
3355 5459 3477 5499 esse
3513 5443 3619 5501 vis.

2051 5538 2143 5592 sed
2173 5537 2340 5603 liber;
2373 5538 2438 5590 ad
2475 5553 2596 5591 eam
2624 5546 2805 5589 autem
2834 5551 2946 5589 rem
2982 5536 3144 5589 unica
3170 5534 3254 5587 via
3284 5541 3387 5599 est,
3430 5546 3626 5598 nempe

2064 5635 2410 5696 contemptus
2441 5643 2631 5681 earum
2685 5640 2889 5690 rerum,
2926 5640 3052 5695 quae
3082 5624 3136 5677 in
3171 5622 3326 5677 nobis
3359 5636 3468 5675 non
3497 5629 3653 5674 sunt.
