3994 6182
385 223 515 289 1297

1664 231 2007 292 EPICTETI
2041 232 2423 294 MANUALE.

3508 229 3637 293 1298

375 346 678 416 ἀϐοήθητος
709 344 881 397 ἔσται.
916 343 1084 399 Πάλιν
1116 344 1271 399 ποίαν
1304 346 1399 399 καὶ
1437 345 1637 415 ταύτην
1667 348 1944 420 βοήθειανς

2063 358 2198 412 tum,
2234 359 2328 404 aut
2385 348 2621 402 amicum
2654 343 2888 410 tidelem,
2920 353 2973 398 et
3003 344 3411 400 verecundum?
3439 346 3504 398 ad
3536 345 3639 400 hoc

377 434 539 498 στοὰς
569 435 670 505 ούχ
702 434 813 500 ἕξει
845 435 933 488 διὰ
964 435 1043 500 σὲ,
1074 435 1195 489 οὐδὲ
1223 435 1516 505 βαλανεῖα;
1551 438 1659 490 Καὶ
1686 441 1739 492 τί
1761 441 1947 509 τοῦτο;

374 523 511 576 Οὐδὲ
549 522 659 595 γὰρ
681 524 1007 593 ὑποδήματα
1036 523 1148 593 ἔχει
1169 523 1255 576 διὰ
1283 524 1373 577 τὸν
1408 525 1630 592 σκυτέα,
1661 528 1779 581 οὐδὲ
1811 530 1951 583 ὅπλα

374 615 463 668 διὰ
490 614 582 667 τὸν
612 615 837 685 χαλκέα.
883 615 1085 668 Ἱκανὸν
1116 614 1172 667 δὲ
1213 616 1279 668 ἂν
1325 616 1554 680 ἕκαστος
1603 619 1947 689 ἐκπληρώσει

377 704 438 758 τὸ
464 702 658 758 ἑαυτοῦ
687 703 868 775 ἔργον.
892 704 955 755 Ei
978 702 1035 756 δὲ
1056 701 1212 757 ἄλλον
1233 703 1354 756 τινὰ
1380 703 1518 774 αὐτὴ
1546 706 1944 770 κατεσκεύαζες

380 797 602 865 πολίτην
630 795 838 858 πιστὸν,
870 796 963 847 καὶ
987 795 1274 864 αίδήμονα,
1309 795 1460 848 οὐδὲν
1493 796 1663 866 αὐτὴν
1692 798 1939 867 ὠφέλεις·

376 888 485 953 ναὶ,
520 885 715 940 οὐκοῦν
748 885 923 948 οὐδεὶς
950 885 1113 938 αὐτὸν
1144 885 1210 939 ἂν
1239 885 1537 955 ὠφέλησεν,
1566 887 1598 955 ἢ
1627 887 1785 958 αὐτή.
1811 888 1943 942 Τίνα

376 969 492 1037 οὖν,
528 974 714 1044 φησὶν,
734 973 841 1039 ἔξω
869 972 1052 1044 χώραν
1084 974 1142 1027 ἑν
1164 977 1229 1045 τῇ
1265 975 1453 1042 aditet;
1484 978 1549 1045 ἢν
1572 979 1665 1030 ἐὰν
1679 976 1808 1049 δύνῃ
1846 996 1948 1045 φυ-

376 1064 581 1118 λάττων
622 1064 736 1133 ἅμα
785 1064 848 1117 σὲ
902 1064 1064 1118 αὐτὸν
1113 1065 1303 1118 πιστὸν
1334 1068 1438 1119 καὶ
1482 1065 1767 1136 αἱδήμονα.
1795 1068 1855 1120 EE
1890 1068 1946 1121 δὲ

377 1156 593 1226 ἐκείνην
622 1156 849 1224 ὠφελεῖν
879 1155 1197 1227 βουλόμενος
1222 1156 1546 1218 ἀποϐάλλεις
1582 1158 1774 1221 ταῦτα,
1800 1157 1851 1211 τί
1885 1157 1949 1211 τὸ

377 1247 566 1315 ὖφελος
588 1246 653 1300 ἂν
686 1247 822 1318 αὐτῇ
853 1247 1082 1314 γένοισο,
1110 1247 1349 1318 ἀναιδὴς,
1379 1249 1472 1300 καὶ
1506 1249 1730 1313 ἄπιστος
1758 1252 1944 1304 ἀποτε-

379 1338 608 1402 λεσθείς.

2053 441 2235 509 itaque
2278 440 2411 493 mihi
2438 440 2620 509 “magis
2651 436 3015 507 opitulemini,
3069 446 3123 492 et
3153 452 3217 493 ea
3275 438 3547 507 postulate
3580 446 3639 490 ut

2052 530 2270 595 faciam,
2291 546 2413 591 non,
2426 546 2554 585 vero
2583 530 2692 594 illa,
2712 544 2808 599 per
2840 543 2961 597 quae
2991 529 3104 584 haec
3128 529 3315 583 eadem
3362 527 3636 595 abjiciam.

2051 619 2154 675 Sed
2182 621 2356 690 patria
2407 619 2629 689 (inquit)
2663 628 2930 689 quantum
2985 620 3038 672 in
3096 632 3183 672 me
3235 627 3318 673 est
3346 618 3510 687 338
3535 618 3639 671 erit

2050 712 2256 779 absque
2329 710 2661 778 adjumento.
2720 707 2958 761 Rursum
3018 709 3179 775 quale
3226 716 3281 762 et
3328 708 3433 760 hoc
3479 705 3637 772 adju-

2051 800 2333 855 mentum?
2366 800 2616 855 Porticus
2632 814 2727 869 per
2753 808 2804 853 te
2835 813 2942 852 non
2962 798 3194 862 habebit,
3212 813 3385 867 neque
3414 796 3638 851 balnea?

2049 892 2116 947 Et
2162 894 2290 963 quid
2340 893 2479 947 hoc?
2532 892 2657 961 quia
2701 905 2896 960 nempe
2957 891 3324 945 calceamenta
3375 903 3483 942 non
3542 902 3636 956 per

2050 994 2312 1049 sutorem,
2368 999 2540 1053 neque
2574 998 2725 1038 arma
2759 998 2855 1052 per
2908 980 3120 1035 fabrum
3154 979 3408 1035 aerarium
3446 978 3630 1031 habet.

2047 1073 2495 1130 Sufficietautem
2530 1075 2577 1129 si
2618 1073 2994 1144 unusquisque
3045 1088 3204 1127 suum
3255 1069 3631 1139 adimpleverit

2048 1179 2235 1234 Opus:
2268 1165 2312 1220 si
2356 1179 2485 1219 vero
2513 1165 2748 1233 aliquem
2802 1162 2969 1216 alium
3015 1163 3187 1217 civem
3230 1162 3330 1230 ipsi
3387 1160 3639 1214 efficercs

2048 1253 2279 1319 ﬁdelem,
2334 1269 2398 1308 ac
2439 1255 2782 1323 prudentem,
2817 1252 2954 1307 nihil
3008 1261 3063 1306 tu
3113 1252 3257 1306 illam
3318 1250 3631 1319 adjuvares.

2051 1346 2292 1414 profecto
2331 1345 2488 1410 nihil,
2521 1345 2790 1414 siquidem
2822 1344 3006 1398 nullus
3042 1344 3217 1413 ipsum
3248 1342 3412 1411 juvit,
3461 1355 3629 1409 quam

381 1435 469 1488 illa
519 1433 729 1488 eadem.
762 1433 1062 1499 Quemnam
1096 1435 1277 1505 itaque
1308 1435 1425 1503 (ait)
1480 1435 1733 1490 obtinebo
1794 1435 1972 1491 locum
2014 1439 2066 1492 in
2140 1438 2389 1493 civitate?
2428 1438 2817 1507 Quemcunque
2873 1438 3133 1507 potueris,
3191 1434 3503 1492 custodiens
3557 1441 3633 1486 te-

380 1528 555 1596 ipsutn
588 1521 818 1589 fidelem,
851 1536 903 1581 et
932 1527 1319 1581 verecundum.
1367 1525 1423 1580 Si
1456 1543 1586 1582 vero
1619 1529 1804 1582 volens
1837 1530 1985 1584 utilis
2019 1545 2141 1585 esse
2183 1530 2281 1594 illi,
2333 1529 2548 1599 rejicias
2594 1529 2718 1592 ista,
2772 1530 3047 1597 quodnam
3104 1525 3205 1596 ipsi
3252 1526 3629 1597 juvamentunt

383 1621 691 1687 praestabis,
721 1636 845 1675 cum
885 1621 999 1690 ipse
1029 1621 1271 1676 evaseris
1308 1622 1617 1691 impudens,
1660 1639 1723 1677 ac
1777 1624 2050 1678 inﬁdelis?

966 1752 1215 1806 ΚΕΦΑΛ.
1256 1753 1379 1806 AB’.

449 1863 798 1936 Προετιμήθη
823 1863 904 1926 τίς
942 1880 1034 1917 σου
1072 1865 1130 1917 ἐν
1159 1865 1399 1917 ἑστιάσει
1426 1863 1458 1934 ἢ
1488 1866 1545 1917 ὲν
1578 1865 1949 1937 προσαγορεύ-

379 1975 484 2020 σει,
513 1957 545 2028 ἣ
576 1958 632 2010 ἐν
655 1956 731 2028 τῷ
760 1955 1179 2027 παραληφθῆναι
1226 1958 1305 2019 εἰς
1346 1956 1669 2027 συμϐούλιον
1694 1975 1708 2022 ;
1752 1958 1816 2010 Εἰ
1849 1957 1946 2028 μὲν
1974 2000 1978 2004 Α

376 2053 556 2119 ἀγαθὰ
582 2053 753 2106 ταῦτά
774 2054 943 2118 ἐστιν,
973 2052 1183 2122 χαίρειν
1208 2069 1268 2104 σε
1299 2052 1397 2115 δεῖ,
1429 2052 1512 2105 ὅτι
1546 2051 1733 2122 ἔτυχεν
1766 2053 1945 2105 αὐτῶν

376 2145 603 2205 ἐκεῖνος,
626 2141 751 2194 εἰδὲ
779 2139 924 2193 κακὰ
963 2140 1037 2209 μὴ
1060 2139 1245 2209 ἄχθου,
1276 2141 1356 2193 ὅτι
1391 2140 1455 2193 σὺ
1483 2139 1559 2210 μὴ
1592 2139 1810 2210 ἔτυχες·
1850 2142 1945 2208 μέ⁸

379 2249 551 2303 μνησο
583 2232 662 2295 δὲ,
700 2231 833 2283 διότι
868 2231 931 2283 σὺ
978 2231 1040 2282 ού
1086 2230 1311 2285 δύνασαι
1360 2231 1435 2301 μὴ
1475 2232 1543 2284 τὰ
1589 2231 1727 2284 αὐτὰ
1775 2232 1946 2285 ποιῶν

376 2309 513 2395 πρὸς
548 2324 608 2377 τὸ
638 2323 928 2392 τυγχάνειν
949 2322 1058 2375 τῶν
1086 2323 1187 2375 οὐκ
1210 2324 1292 2390 ἐφ’
1319 2324 1449 2393 ἡμῖν
1480 2324 1587 2376 τῶν
1619 2323 1746 2377 ἴσων
1773 2323 1946 2389 ἀξιοῦ-

378 2417 524 2469 σθαι.
560 2413 685 2477 Πῶς
724 2415 831 2484 γὰρ
867 2414 981 2467 ῐσον
1020 2413 1247 2469 δύναται
1282 2413 1426 2484 ἔχειν
1458 2418 1486 2468 ό
1516 2416 1589 2487 μὴ
1622 2415 1822 2485 φοιτῶν
1854 2415 1945 2468 ἐπὶ

376 2505 548 2576 θύρας
600 2503 745 2566 τινὸς
783 2502 862 2573 τῷ
899 2505 1191 2572 φοιτῶντις
1238 2506 1295 2557 Ὀ
1327 2505 1400 2575 μὴ
1444 2506 1829 2576 παραπέμπων
1869 2505 1945 2575 τῷ

376 2594 832 2665 παραπέμποντι;
870 2593 929 2646 '0
966 2594 1039 2663 μὴ
1068 2594 1301 2648 ἐπαινῶν
1328 2594 1406 2666 τῷ
1430 2595 1738 2650 ἐπαινοῦντι
1763 2595 1946 2659 ς’Λδι-

376 2700 469 2745 κος
509 2678 602 2736 οὖν
647 2682 744 2753 ἔσῃ
788 2682 881 2736 καὶ
916 2682 1209 2754 ἄπληστος,
1243 2685 1294 2737 εί
1320 2686 1394 2757 μὴ
1438 2686 1739 2757 προέμενος
1772 2685 1944 2739 ταῦτα

378 2774 494 2828 ἀνθ’
521 2768 595 2828 ὧν
623 2775 809 2828 ἐκεῖνα
863 2775 1232 2843 πιπράσκεται
1284 2779 1484 2848 προῖκα
1533 2778 1673 2833 αὐτὰ
1710 2777 1944 2851 βουλήσῃ

377 2864 694 2933 λαμϐάνειν.
766 2865 926 2918 Ἀλλὰ
975 2867 1146 2919 πόσου
1200 2870 1599 2939 πιπράσκονται
1650 2869 1940 2941 θρίδακες;

375 2955 564 3009 ὀϐολοῦ
591 2956 659 3010 ἂν
686 2956 828 3009 οὕτω
857 2956 1014 3031 τύχῃ,
1036 2959 1101 3011 ἂν
1123 2957 1217 3013 οὖν
1243 2979 1326 3025 τις
1358 2962 1657 3032 προέμενος
1690 2962 1781 3015 τὸν
1818 2962 1941 3016 ὀϐο-

375 3045 464 3097 λὸν
511 3045 651 3116 λάϐῃ
691 3045 970 3114 θρίδακας,
1007 3048 1070 3100 σὺ
1102 3048 1158 3100 δὲ
1204 3049 1278 3117 μὴ
1304 3052 1603 3121 προέμενος
1641 3053 1715 3123 μὴ
1749 3053 1938 3126 λάϐῃς,

2049 3047 2304 3102 volueris.
2355 3051 2425 3102 At
2490 3049 2681 3118 quanti
2732 3056 2986 3102 vazneunt
3036 3047 3291 3102 lactucae?
3340 3045 3523 3107 obolo,
3574 3047 3622 3099 si

379 3135 456 3207 μὴ
484 3137 620 3200 οἴου,
647 3136 868 3190 ἔλαττον
898 3137 1042 3207 ἔχειν
1081 3139 1174 3191 τοῦ
1200 3140 1471 3203 λαϐόντος·
1500 3142 1576 3205 ὡς
1598 3143 1704 3213 γὰρ
1739 3146 1945 3207 ἐκεῖνος

373 3226 488 3297 ἔχει
527 3226 804 3297 θρίδακας,
842 3227 983 3281 οὕτω
1013 3230 1077 3282 σὺ
1106 3230 1197 3283 τὸν
1245 3231 1461 3295 ὀϐολὸν,
1500 3233 1559 3286 ὃν
1585 3235 1685 3288 οὐκ
1716 3234 1942 3299 ἔδωκας.

373 3318 532 3373 Οὕτω
573 3320 667 3373 καὶ
703 3320 954 3387 ἐνταῦθα,
986 3320 1046 3374 ού
1081 3321 1434 3395 παρεκλήθης
1461 3324 1545 3392 ἐφ’
1579 3325 1821 3379 ἑστίασίν
1860 3344 1947 3379 τι-

375 3428 462 3475 νος
486 3428 503 3445 ο
542 3413 601 3465 οὐ
630 3412 739 3483 γὰρ
769 3412 973 3475 ἔδωκας
1006 3413 1084 3484 τῷ
1116 3414 1370 3469 καλοῦντι
1414 3417 1539 3469 ὅσου
1586 3416 1845 3470 πωλεῖται
1885 3417 1947 3471 τὸ

372 3502 604 3567 δεῖπνον,
637 3504 860 3557 ἐπαίνου
896 3504 951 3555 δὲ
988 3505 1152 3557 αὑτοῦ
1200 3505 1386 3570 πωλεῖ,
1418 3506 1715 3577 θεραπείας
1755 3508 1945 3570 πωλεῖ,

372 3594 459 3657 δὸς
495 3594 553 3648 τὸ
582 3595 835 3665 διάφορον
862 3595 936 3665 (εἴ
968 3612 1048 3648 σοι
1083 3594 1379 3665 λυσιτελὲς)
1410 3597 1536 3649 ὅσου
1579 3597 1861 3660 πωλεῖται,
1898 3599 1947 3650 εί

374 3686 434 3738 δὲ
467 3686 693 3739 κάκεῖνα
746 3685 919 3748 θέλεις
952 3686 1033 3755 μὴ
1074 3686 1382 3757 προΐεσθαι,
1416 3688 1509 3739 καὶ
1537 3688 1709 3740 ταῦτα
1737 3688 1946 3758 λαμϐά-

373 3792 485 3828 νειν
509 3815 525 3839 ,
561 3776 835 3847 ἄπληστος
890 3771 941 3829 εἴ
993 3778 1088 3829 καὶ
1110 3838 1113 3843 λ
1137 3776 1446 3848 ἀϐέλτερος.
1485 3778 1651 3830 Οὐδὲν
1680 3773 1773 3832 οὖν
1798 3778 1944 3849 ἔχεις

371 3866 491 3917 ἀντί
521 3866 614 3919 τοῦ
645 3867 859 3920 δείπνου
887 3885 901 3933 ;
937 3868 1121 3937 Ἔχεις
1145 3867 1207 3919 τὸ
1237 3868 1311 3938 μὴ
1338 3868 1621 3921 ἐπαινέσαι
1648 3869 1856 3930 τοῦτον,
1881 3870 1939 3922 ὃν

372 3956 469 4007 οὐκ
497 3954 718 4025 ἧθελες·
777 3956 837 4008 τὸ
870 3954 944 4026 μὴ
972 3957 1303 4027 ἀνασχέσθαι
1347 3957 1510 4011 αὐτοῦ
1559 3959 1668 4012 τῶν
1715 3960 1805 4012 ἐπὶ
1840 3960 1939 4029 τῆς

374 4046 601 4098 eia/16w.

370 4144 534 4204 atque
588 4151 779 4192 vec0rs

2598 1754 2827 1810 CAPUT
2859 1751 3076 1809 XXXII.

2120 1867 2382 1924 Praelatus
2430 1868 2601 1922 fuitne
2633 1868 2728 1922 tibi
2755 1867 2879 1937 quis
2910 1866 2964 1919 in
2992 1864 3261 1928 convivio,
3292 1873 3386 1917 aut
3413 1862 3465 1915 in
3498 1877 3633 1916 cou-

2049 1962 2229 2027 cione,
2265 1972 2359 2016 aut
2394 1963 2447 2014 in
2477 1976 2563 2022 eo,
2602 1964 2747 2030 quod
2780 1968 3093 2028 assumptus
3144 1958 3310 2012 fuerit
3350 1958 3413 2011 ad
3450 1956 3631 2011 consi-

2048 2051 2221 2104 lium?
2245 2036 2474 2105 Si‘bona
2505 2050 2723 2119 quidem
2754 2044 2869 2104 haec
2898 2058 3045 2112 sunt,
3070 2050 3301 2117 gaudere
3326 2056 3377 2103 te
3396 2056 3626 2117 oportet,

2048 2142 2195 2211 quod
2227 2144 2342 2197 haec
2376 2142 2466 2196 ille
2500 2141 2668 2196 fuerit
2697 2148 3018 2203 assecutus;
3052 2141 3134 2193 sin
3164 2148 3339 2194 autem
3366 2139 3530 2203 mala,
3561 2152 3630 2192 ne

2048 2231 2287 2302 graviter
2334 2230 2477 2287 feras
2523 2231 2667 2301 quod
2703 2231 2880 2299 impos
2938 2231 3110 2285 fueris
3142 2231 3252 2285 voti
3297 2248 3310 2283 :
3358 2238 3630 2284 memento

2046 2336 2214 2387 vero,
2266 2320 2409 2390 quod
2457 2335 2565 2374 non
2618 2329 2773 2389 potes
2835 2320 3137 2391 zqualibus
3183 2319 3410 2390 (scilicet
3460 2321 3630 2373 houo-

2049 2412 2220 2483 ribus)
2243 2414 2441 2483 dignus
2477 2412 2590 2467 fieri
2611 2453 2626 2479 ,
2654 2413 2697 2468 si
2729 2413 2917 2467 eadem
2951 2429 3060 2467 non
3092 2413 3317 2475 feceris,
3349 2428 3471 2481 quze
3502 2411 3630 2466 fecit

2046 2504 2138 2557 ille
2165 2504 2230 2556 ad
2264 2504 2602 2573 assequenda
2632 2503 2831 2558 similia
2860 2506 2912 2560 in
2946 2505 3104 2558 nobis
3133 2520 3239 2558 non
3271 2504 3626 2565 exsistenlia;

2045 2605 2153 2659 qua
2176 2590 2322 2644 enim
2351 2590 2661 2657 aequalitate
2688 2592 2998 2656 conveniet,
3023 2590 3115 2659 qui
3150 2591 3215 2643 ad
3241 2589 3384 2643 fores
3404 2589 3630 2642 ventilat

2046 2682 2278 2751 alicujus
2311 2698 2435 2736 cum
2464 2697 2572 2736 non
2605 2682 2876 2737 adeunte?
2923 2682 3026 2748 Qui
3066 2697 3173 2735 non
3233 2681 3471 2736 associat
3502 2694 3626 2733 cum

2045 2774 2387 2830 associante?
2415 2774 2519 2839 Qui
2561 2789 2669 2828 non
2701 2775 2941 2829 dilaudat
3000 2790 3122 2829 cum
3159 2774 3451 2827 laudante?
3482 2771 3629 2839 lnju-

2045 2873 2162 2920 stus
2193 2866 2358 2935 igitur
2385 2867 2495 2921 eris
2551 2881 2615 2921 ac
2649 2866 3012 2930 inexplebilis,
3042 2867 3088 2921 si
3119 2881 3229 2919 non
3277 2879 3509 2934 erogans
3539 2878 3625 2928 ea,

2042 2972 2141 3026 pro
2186 2958 2386 3026 quibus
2419 2958 2511 3012 illa
2551 2957 2952 3022 divenduntur,
3000 2956 3168 3027 gratis
3217 2956 3334 3023 ipsa
3367 2954 3624 3024 consequi

2042 3140 2122 3193 sic
2151 3139 2422 3209 conligat;
2452 3141 2495 3194 si
2527 3140 2652 3210 quis
2677 3154 2805 3211 ergo
2832 3140 3052 3194 obolum
3096 3154 3325 3209 erogans
3360 3138 3631 3207 acceperit

2044 3229 2306 3295 lactucas,
2341 3238 2399 3285 tu
2438 3245 2571 3286 vero
2617 3246 2725 3285 non
2775 3246 3028 3301 erogans,
3066 3244 3176 3284 non
3233 3228 3529 3299 acceperis,
3561 3243 3630 3281 ne

2043 3323 2281 3389 opineris
2307 3331 2358 3375 te
2379 3323 2561 3378 minus
2588 3323 2788 3378 habere
2810 3323 2902 3377 illo
2920 3322 3013 3393 qui
3045 3323 3271 3391 accepit.
3300 3320 3454 3375 Sicut
3481 3322 3625 3374 enim

2046 3411 2209 3465 habet
2248 3412 2340 3465 ille
2388 3413 2651 3476 lactucas,
2710 3413 2781 3466 ita
2840 3421 2896 3467 tu
2936 3413 3138 3467 retines
3188 3412 3349 3481 339
3379 3412 3625 3475 obolum,

2045 3518 2207 3570 quem
2239 3518 2347 3558 non
2377 3502 2574 3558 dedisti
2612 3522 2627 3557 :
2669 3517 2757 3557 res
2790 3503 2951 3557 etiam
2979 3503 3059 3558 sic
3080 3517 3139 3556 se
3166 3502 3328 3556 habet
3355 3502 3409 3555 in
3440 3512 3629 3558 nostro

2044 3594 2356 3662 proposito;
2405 3603 2631 3650 vocatus
2659 3610 2769 3648 non
2816 3609 2874 3650 es
2930 3594 2997 3648 ad
3034 3593 3264 3662 alicujus
3313 3594 3625 3647 convivium

2042 3685 2170 3752 quia
2201 3698 2309 3738 non
2339 3684 2536 3740 dedisti
2564 3684 2778 3740 vocanti
2804 3684 2991 3754 quanti
3019 3684 3273 3738 venditur
3298 3682 3585 3753 prandium
3609 3703 3624 3745 ;

2040 3776 2223 3830 vendit
2250 3784 2429 3831 autem
2466 3791 2565 3845 pro
2597 3776 2684 3832 sui
2718 3776 2892 3845 ipsius
2925 3774 3255 3841 laudatione,
3313 3790 3413 3845 pro
3448 3772 3627 3828 famu-

2040 3865 2176 3929 latu,
2204 3880 2269 3921 ac
2305 3865 2571 3936 obsequio
2610 3866 2824 3933 vendit;
2867 3873 3073 3920 tantam
3127 3864 3304 3934 praebe
3333 3877 3623 3933 expensam
3698 3860 3721 3885 ‘

2046 3956 2110 4025 (si
2145 3955 2240 4011 tibi
2299 3956 2537 4027 expedit)
2574 3956 2764 4027 quanti
2808 3954 3155 4021 divenditur;
3214 3954 3261 4009 si
3283 3968 3412 4007 vero
3452 3961 3506 4006 et
3537 3954 3625 4007 illa

2044 4065 2273 4120 erogare
2321 4049 2500 4113 nolis,
2561 4057 2615 4103 et
2644 4048 2891 4118 accipere
2954 4046 3094 4112 ista,
3162 4044 3501 4114 inexplebilis
3543 4060 3623 4116 es,

838 4155 853 4192 :
904 4137 1047 4192 nihil
1082 4138 1246 4208 igitur
1300 4141 1469 4197 habes
1536 4142 1653 4197 vice
1704 4144 1949 4213 prandli?
1990 4142 2166 4199 Habes
2201 4144 2302 4197 hoc
2384 4141 2529 4211 quod
2562 4155 2755 4209 nempe
2806 4155 2911 4195 non
2966 4137 3424 4199 dilaudastieum,
3463 4151 3624 4205 quem

373 4228 626 4292 noluisti;
682 4230 1043 4300 eumdemqne
1098 4245 1205 4285 non
1258 4232 1501 4288 tolerasti
1552 4235 1630 4289 ob
1673 4250 1757 4302 ea,
1821 4251 1942 4306 quae
1980 4235 2134 4304 quasi
2169 4249 2265 4304 pro
2295 4232 2495 4287 tributo
2527 4231 2852 4302 requirebat.

949 4370 1199 4424 ΚΕΦΑΛ.
1239 4371 1338 4424 Al"

438 4502 510 4554 Τὸ
537 4501 787 4573 βούλημα
829 4503 929 4574 τῆς
953 4504 1168 4572 φύσεως
1193 4506 1533 4575 καταμαθεῖν
1567 4507 1734 4575 ἐστιν,
1774 4508 1834 4574 ἐξ
1866 4504 1941 4563 ὧν

365 4592 437 4645 ού
455 4592 824 4665 διαφερόμεθα
860 4595 998 4666 πρὸς
1018 4595 1302 4668 ἀλλήλους,
1327 4592 1451 4651 υἶον
1482 4598 1610 4652 ὅταν
1639 4599 1767 4653 ἄλλο
1810 4620 1939 4654 παι-

366 4683 552 4754 δάριον
570 4684 812 4757 κατεάξῃ
829 4685 890 4738 τὸ
912 4686 1175 4757 ποτήριον
1206 4689 1493 4759 πρόχειρον
1516 4690 1697 4757 εὐθὺς,
1725 4692 1806 4745 ὄτι
1831 4691 1940 4745 τῶν

366 4777 686 4845 γινομένων.
720 4777 857 4831 Ἵσθι
880 4772 1017 4831 εἶναι
1046 4780 1132 4832 ὅτι
1161 4778 1264 4834 κᾶν
1307 4781 1367 4833 τὸ
1391 4781 1481 4834 σδν
1504 4786 1741 4854 κατεαγῇ
1765 4784 1941 4838 τοιοῦ-

362 4882 457 4918 τον
490 4862 631 4920 εἷναί
656 4884 714 4920 σε
746 4868 845 4934 δεῖ,
869 4872 1052 4923 ὁποῖον
1082 4871 1171 4925 ὅτε
1209 4872 1303 4925 καὶ¹
1335 4873 1429 4926 τοῦ
1467 4873 1629 4927 ἄλλον
1670 4876 1937 4945 κατεάγη.

365 4955 521 5009 Οὖτω
557 4958 855 5025 μετατίθει,
889 4962 982 5013 καὶ
1014 4961 1106 5013 ἐπὶ
1148 4961 1216 5015 τὰ
1251 4963 1493 5031 μείζονα.
1542 4965 1743 5019 Τέκνον
1779 4966 1940 5019 ἄλλου

364 5045 645 5116 τέθνηκεν,
695 5047 726 5117 ἢ
768 5049 925 5119 γυνὴ,
961 5049 1137 5113 οὐδείς
1158 5050 1304 5103 ἐστιν
1334 5051 1481 5116 ὅστις
1522 5052 1622 5105 οὐκ
1672 5052 1739 5105 ἂν
1771 5054 1934 5117 εἴποι,

365 5133 499 5187 διότι
548 5134 906 5205 ἀνθρώπινον,
958 5137 1069 5190 ἀλλ’
1125 5139 1253 5192 ὅταν
1303 5140 1363 5193 τὸ
1403 5140 1566 5193 αὐτοῦ
1620 5158 1763 5204 τινος
1806 5143 1941 5194 ἁπο-

366 5225 525 5297 θάνῃ,
555 5228 735 5292 εὐθὺς,
762 5231 917 5299 Οἴμοι
945 5231 957 5284 !
994 5232 1107 5296 καὶ,
1139 5232 1317 5295 Τάλας
1343 5231 1470 5301 ἐγώ.
1525 5232 1725 5302 Ἐχρῆν
1756 5231 1811 5285 δὲ
1843 5250 1940 5302 με-

370 5317 604 5386 μνῆσθαι
635 5320 685 5373 τί
728 5321 1008 5392 πάσχομεν
1042 5323 1169 5395 περὶ
1202 5322 1377 5377 ἄλλων
1406 5321 1481 5386 ὡς
1509 5322 1639 5375 αὐτὸ
1669 5322 1938 5378 ἀκούσαν-

370 5423 477 5469 τες.

2573 4373 2801 4430 CAPUT
2842 4371 3083 4427 XXXIII.

2116 4511 2333 4569 Naturae
2385 4512 2635 4567 voluntas
2670 4518 2755 4565 est
2786 4506 3156 4579 pernoscenda
3188 4521 3253 4560 ex
3299 4506 3385 4559 bis
3415 4505 3468 4557 in
3501 4505 3625 4574 qui-

2044 4605 2144 4659 bus
2175 4604 2319 4658 inter
2364 4618 2464 4657 nos
2508 4602 2736 4655 minime
2768 4599 3092 4654 differimus.
3128 4594 3370 4664 Exempli
3400 4595 3571 4664 gratia
3609 4613 3621 4647 :

2043 4694 2262 4762 quando
2292 4694 2432 4748 alius
2478 4692 2738 4763 puerulus
2792 4689 3062 4761 cﬂ‘regerit
3119 4687 3373 4755 poculum
3396 4729 3410 4752 ,
3442 4686 3624 4740 statim

2043 4792 2126 4840 est
2157 4786 2208 4838 in
2246 4792 2532 4854 promptu;
2586 4782 2729 4854 quod
2763 4788 2941 4836 estex
2976 4781 3081 4846 his,
3111 4794 3233 4849 quae
3278 4777 3454 4833 solent
3485 4780 3628 4832 acci-

2044 4877 2191 4942 dere,
2207 4876 2349 4932 scias
2379 4889 2508 4944 ergo
2555 4873 2699 4943 quod
2736 4872 2781 4927 si
2812 4882 2963 4927 tuum
2997 4871 3161 4925 etiam
3205 4870 3510 4940 frangatur,
3544 4879 3622 4923 ta-

2045 4966 2147 5020 lem
2179 4980 2298 5020 esse
2337 4973 2388 5020 te
2429 4973 2660 5035 oportet,
2695 4964 2893 5032 qualis,
2924 4962 3052 5016 dum
3086 4962 3310 5016 alterius
3351 4962 3481 5016 illud
3512 4961 3625 5015 fra-

2044 5066 2190 5112 ctum
2224 5056 2417 5121 fuerat,
2458 5055 2781 5110 exsistebas.
2835 5052 3096 5108 Similiter
3136 5051 3371 5107 transfer
3402 5052 3507 5107 hoc
3558 5053 3624 5105 ad

2045 5148 2274 5217 majora.
2311 5146 2482 5201 Filius
2509 5146 2734 5200 alterius
2782 5145 2939 5209 obiit,
2977 5151 3071 5197 aut
3113 5159 3285 5209 uxor;
3339 5157 3500 5197 nemo
3543 5152 3628 5197 est

2045 5238 2137 5308 qui
2186 5253 2295 5292 non
2359 5237 2524 5302 dicat,
2576 5237 2720 5307 quod
2772 5251 2966 5305 nempe
3007 5236 3305 5289 humanum
3362 5242 3476 5299 est;
3529 5234 3624 5288 sed

2045 5326 2265 5396 quando
2318 5326 2551 5395 alicujus
2603 5326 2854 5396 proprius
2909 5324 3207 5380 decesserit
3269 5324 3436 5390 filius,
3488 5340 3623 5379 con-

2047 5412 2225 5466 festim
2259 5429 2271 5463 :
2309 5411 2403 5466 Hei
2464 5413 2617 5477 mihi,
2666 5420 2717 5465 et
2766 5412 2931 5467 miser
3001 5426 3147 5481 ego;
3195 5419 3250 5464 at
3312 5410 3627 5465 meminisse

2048 5502 2348 5571 oportebat,
2378 5518 2483 5571 qua
2508 5503 2762 5574 passione
2788 5503 3058 5560 afficimur
3079 5502 3144 5557 de
3173 5501 3553 5571 aliis,quando
3574 5502 3632 5554 id

2049 5589 2224 5659 ipsum
2259 5590 2611 5649 audierimus.
