3990 6204
450 287 583 352 1299

517 515 672 568 Sicut
693 522 833 567 meta
865 528 970 568 non
994 517 1218 583 ponitur
1247 519 1312 573 ad
1339 518 1726 587 aberrandum,
1755 523 1825 575 ita
1849 539 2022 593 neque

443 606 570 657 mali
624 614 819 658 natura
882 604 939 658 in
972 608 1177 662 mundo
1211 610 1447 664 exsistit.
1500 611 1558 664 Si
1608 627 1808 683 corpus
1865 622 2020 670 tuum

442 697 568 761 quis
600 695 964 750 committeret
980 697 1195 753 obviam
1216 702 1475 761 venienti.
1494 704 1681 773 utique
1712 706 2025 776 indignare-

442 794 537 845 ηε.
571 788 714 855 quod
748 798 928 842 autem
957 790 1034 842 tui
1066 790 1238 859 ipsius
1272 793 1513 846 animum
1541 794 1705 865 3&0
1731 798 2027 869 unicuique

443 890 497 931 tu
525 884 854 945 committas,
882 881 953 935 ita
976 893 1033 936 ut
1057 883 1100 936 si
1133 884 1378 938 convicia
1404 887 1501 939 tibi
1532 888 1747 953 dixerit,
1778 891 2025 947 turbetur

423 972 565 1035 ille,
630 986 737 1026 non
767 972 1191 1028 verecundaris?
1257 973 1388 1028 Eam
1452 976 1523 1030 ob
1580 992 1693 1031 rem
1761 981 2026 1049 cujusque

450 1064 630 1132 operis
660 1065 945 1119 considera
996 1065 1402 1128 antecedentia,
1450 1068 1804 1137 ejusdemque
1834 1087 2029 1127 conse-

451 1146 694 1213 quentia,
729 1147 914 1216 sicque
965 1149 1030 1200 ad
1087 1148 1217 1202 illud
1249 1152 1467 1213 accede,
1494 1153 1735 1221 alioquin
1787 1155 2025 1223 primum

452 1238 705 1291 alacriter
732 1239 999 1306 suscipics
1030 1240 1152 1305 iter,
1179 1242 1379 1311 quippe
1406 1244 1502 1312 qui
1530 1245 1664 1298 nihil
1690 1246 2028 1314 subsequen-

448 1330 577 1381 tium
614 1329 668 1381 in
711 1339 946 1384 mentem
979 1336 1269 1396 revocasti,
1310 1334 1403 1388 sed
1444 1345 1651 1404 postea,
1689 1353 1813 1392 cum
1862 1339 2028 1395 dede-

447 1435 569 1472 cora
604 1419 851 1488 quaedam
883 1437 1141 1489 apparere
1181 1425 1467 1493 cmperint,
1500 1426 1751 1481 absistes.

996 1536 1225 1591 CAPUT
1261 1538 1474 1593 XXXV.

521 1658 613 1711 Vis
646 1654 915 1722 Olympico
947 1655 997 1707 in
1036 1656 1333 1709 certamine
1353 1656 1568 1711 vincere
1589 1657 1612 1709 ?
1635 1656 1708 1710 lta
1741 1673 1834 1727 per
1860 1659 2027 1712 Deum

1933 301 2229 359 SPURIA.

980 398 1209 454 CAPUT
1240 401 1477 459 XXXIV.
2051 416 2096 467 Α

3562 300 3718 366 1300

2704 411 2952 463 ΚΕΦΑΛ.
2985 410 3103 464 ΛΔ’.

2200 521 2409 591 Ὠσπερ
2435 522 2633 582 σκοπὸς
2662 522 2796 592 πρὸς
2837 523 2899 575 τὸ
2939 522 3336 592 ἀποτυγχάνειν
3371 523 3432 576 ού
3466 524 3713 577 τίθεται·

2126 612 2297 675 οὕτως
2327 613 2447 665 οὐδὲ
2478 613 2649 666 κακοῦ
2687 614 2849 681 φύσις
2876 617 2933 668 ἐν
2956 615 3144 684 κόσμῳ
3163 614 3393 682 γίνεται,
3426 617 3477 668 εἰ
3510 617 3621 685 μὲν
3652 618 3718 669 τὸ

2128 704 2289 772 σῶμα
2315 703 2406 755 σού
2434 720 2516 765 τις
2551 704 2815 773 ἐπέτρεπε
2841 703 2918 772 τῷ
2943 704 3339 773 ἀπαντήσαντι,
3368 705 3719 773 ἠγανάκτεις

2127 791 2373 856 ἄν;’⁸οτι
2403 792 2455 843 δὲ
2491 792 2554 844 σὺ
2587 791 2685 844 τὴν
2728 792 2951 860 γνώμην
2991 793 3091 860 τὴν
3132 792 3331 845 σαυτοῦ
3380 794 3720 863 ὲπιτρέπις

2126 879 2204 948 τῷ
2229 880 2462 948 τυχόντι,
2496 881 2581 932 ἵνα
2623 880 2716 933 ἐὰν
2741 881 3041 951 λοιδορῆταξ
3086 899 3166 933 σοι
3204 870 3448 953 ταραχθῇ
3494 883 3720 952 ἐκεενη,

2128 973 2221 1024 καὶ
2247 972 2487 1041 συγχυθῇ
2512 973 2610 1024 οὐκ
2631 972 2859 1044 αἰσχύνῃ
2881 991 2894 1033 ;
2919 971 3122 1025 Τούτου
3156 973 3317 1025 ἕνεκα
3339 976 3579 1027 ἑκάστου
3619 974 3721 1044 ἔρ-

2128 1078 2225 1128 γου
2256 1065 2447 1117 σκόπει
2475 1064 2541 1115 τὰ
2577 1064 2979 1134 καθηγούμενα.
3007 1066 3100 1117 καὶ
3128 1065 3196 1117 τὰ
3220 1065 3491 1117 ἀκόλουθα
3512 1068 3719 1130 αὑτοῦ,

2128 1158 2221 1208 καὶ
2252 1156 2424 1220 οὕτως
2442 1156 2601 1226 ἔρχου
2633 1158 2720 1209 ἐπ’
2742 1157 2872 1209 αύτό
2891 1174 2905 1186 ο
2931 1158 2979 1207 εξ
3008 1157 3062 1208 δὲ
3098 1157 3192 1227 μὴ,
3222 1157 3318 1225 τὴν
3346 1157 3445 1226 μὲν
3479 1159 3721 1229 πρώτην

2130 1249 2424 1319 προθύμως
2482 1247 2651 1318 ἣξεις,
2715 1247 2809 1300 ἅτε
2872 1248 3001 1317 μηδὲ
3058 1248 3164 1300 τῶν
3222 1248 3350 1316 ἑξῆς
3408 1251 3720 1319 ἐντεθυμηο

2133 1341 2313 1410 μένος,
2342 1340 2567 1410 ὕστερον
2593 1341 2649 1393 δὲ
2686 1341 3064 1407 ἀναφανέντων
3089 1340 3251 1392 τινῶν
3290 1342 3539 1413 αἰσχρῶν
3570 1344 3719 1395 ἀπο-

2135 1434 2328 1502 στήσῃ.

2709 1544 2957 1597 ΚΕΦΑΛ.
2997 1545 3116 1597 AE’.

2200 1657 2386 1718 Θέλεις
2436 1655 2727 1724 Ὀλύμπιον
2777 1656 3034 1724 νικῆσαις
3088 1658 3257 1721 Κάγὼ
3302 1660 3364 1729 νὴ
3410 1660 3506 1714 τὸν
3552 1661 3724 1723 Θεὸν,

453 1761 550 1813 τιμο
620 1748 763 1808 volo,
821 1746 1136 1814 prteclarum
1198 1750 1395 1801 etenim
1461 1760 1578 1814 est;
1643 1758 1697 1801 at
1750 1751 2032 1805 considera

2148 1748 2343 1816 tompr
2388 1748 2495 1818 γάρ
2528 1747 2708 1798 ἐστιν·
2756 1745 2891 1798 ἀλλὰ
2939 1750 3126 1800 σκόπει
3183 1750 3252 1801 τὰ
3291 1750 3727 1821 καθηγούμενα,

455 1836 825 1900 antecedentia
873 1846 925 1890 et
956 1840 1344 1907 consequentia
1376 1848 1430 1892 et
1483 1840 1678 1894 deinde
1727 1842 1947 1909 accinge
1979 1852 2030 1896 te

456 1928 626 1993 operi.
655 1925 877 1995 Oportet
901 1929 1146 1982 ordinem
1184 1944 1428 1993 servare;
1484 1932 1813 1987 necessariis
1846 1934 2025 1997 vesci;

456 2021 729 2074 abstinere
758 2035 786 2072 a
813 2035 1139 2088 quocunque
1162 2020 1304 2081 cibo,
1340 2021 1433 2089 qui
1468 2022 1749 2090 coquitur;
1789 2024 2029 2079 exerceri

456 2113 754 2168 secundum
809 2114 1184 2169 necessitatem
1240 2114 1373 2167 hora
1428 2115 1753 2182 przestituta,
1807 2117 1921 2172 sive
1974 2117 2031 2172 in

455 2216 589 2259 aestu
629 2206 718 2268 sit,
763 2204 874 2259 sive
930 2204 983 2257 in
1039 2203 1280 2274 frigore;
1348 2218 1459 2258 non
1521 2203 1769 2275 frigidam
1825 2206 2029 2270 bibere,

459 2299 667 2358 vinum,
708 2310 814 2349 non
843 2297 1207 2365 quodcunque
1241 2296 1595 2365 simpliciter;
1633 2308 1865 2367 teipsum
1924 2308 2035 2352 tra-

458 2387 583 2441 dere
625 2387 925 2456 superiori,
956 2387 1120 2441 veluti
1154 2388 1400 2454 medico;
1438 2388 1636 2443 deinde
1664 2390 1730 2443 ad
1761 2399 2033 2445 certamen

457 2479 693 2547 prodire.
736 2478 946 2533 Accidit
968 2478 1295 2547 quandoque
1324 2487 1382 2531 ut
1403 2492 1599 2533 manus
1616 2478 1873 2547 jaciatur.
1894 2479 2037 2533 talus

456 2581 716 2634 vertatur,
744 2570 1089 2639 multumque
1105 2569 1342 2635 pulveris
1366 2569 1683 2634 sorbeatur;
1711 2571 2037 2639 quandoque

457 2673 587 2712 vero
646 2657 906 2725 vapulare
968 2672 1289 2717 necessum;
1352 2671 1586 2725 cumque
1643 2656 1730 2711 his
1783 2657 2037 2711 omnibus

456 2750 723 2818 superari.
765 2748 885 2804 [hec
913 2750 1003 2804 ubi
1034 2750 1409 2819 perpenderis,
1440 2750 1485 2805 si
1521 2748 1698 2804 adhuc
1725 2749 1877 2816 velis,
1916 2764 2040 2818 pro.

457 2842 683 2911 gredere
716 2842 782 2895 ad
829 2844 1174 2907 certandum;
1218 2842 1458 2911 alioquin
1490 2841 1836 2911 puerulorum
1868 2842 2040 2896 instar

458 2932 901 2994 conversaberis,
955 2933 1048 3000 qui
1100 2948 1244 2987 nunc
1279 2933 1496 3001 quidem
1523 2934 1818 2988 luctatores
1874 2940 2041 3003 agunt

455 3026 720 3093 jocautes.
756 3039 903 3078 nunc
934 3037 1063 3078 vero
1096 3022 1439 3093 gladiatores,
1476 3038 1623 3077 nunc
1658 3023 1784 3076 tuba
1813 3030 2041 3085 canunt,

459 3129 647 3185 postea
702 3116 904 3185 tragice
956 3115 1284 3179 decantant;
1323 3114 1402 3169 sic
1451 3122 1507 3166 tu
1562 3126 1813 3182 quoque,
1879 3095 2110 3167 modoC

458 3208 677 3276 quidem
729 3208 958 3272 athleta,
1022 3207 1187 3261 modo
1241 3206 1525 3276 gladiator,
1563 3204 1758 3259 deinde
1813 3205 2034 3270 rhetor,

461 3308 646 3367 postea
696 3299 1086 3368 philosophus.
1137 3306 1252 3351 toto
1285 3307 1464 3351 autem
1505 3296 1689 3350 animo
1726 3295 1882 3350 nihil.
1932 3295 2036 3349 Sed

463 3389 625 3443 veluti
661 3390 817 3462 simia
858 3405 1015 3444 omne
1040 3390 1474 3458 spectaculorum
1504 3403 1698 3456 genus,
1738 3387 1782 3443 si
1814 3386 2036 3452 videris,

463 3482 694 3537 imitaris
720 3491 773 3536 et
802 3482 945 3536 aliud
992 3498 1060 3536 ex
1086 3483 1193 3536 alio
1221 3483 1317 3539 tibi
1354 3482 1549 3551 placet,
1581 3495 1683 3534 nec
1712 3479 1856 3534 enim
1907 3493 2040 3535 con-

463 3575 696 3631 siderate
725 3574 1001 3630 accessisti
1030 3575 1094 3629 ad
1129 3574 1430 3644 quidpiam,
1483 3582 1576 3628 aut
1601 3572 1653 3627 id
1680 3572 2040 3642 perlustrasti,

464 3672 553 3725 sed
589 3680 805 3734 temere,
844 3668 1003 3740 341
1041 3683 1104 3722 ac
1150 3666 1343 3736 frigida
1365 3666 1693 3735 cupiditate;
1731 3664 1848 3734 pari
1883 3664 2043 3717 modo

2131 1839 2222 1889 καὶ
2268 1837 2335 1889 τὰ
2376 1837 2662 1903 ἀκόλουθα,
2699 1838 2791 1890 καὶ
2838 1838 3009 1901 οὕτως
3057 1840 3227 1892 ἅπτου
3266 1840 3355 1892 τοῦ
3396 1842 3591 1908 ἔργον.
3632 1846 3729 1895 Δεῖ

2132 1929 2409 1982 εὐτακτεῖν
2442 1929 2892 1996 ἀναγκοτροφεῖν,
2919 1929 3220 1998 ἀπέχεσθαι
3247 1931 3587 1999 πεμμάτων,
3620 1949 3722 1998 γυ-

2124 2022 2393 2091 μνάζεται
2431 2020 2564 2090 πρὸς
2594 2020 2840 2089 ἀνάγκην
2873 2022 2931 2073 ὲν
2956 2020 3075 2090 ὦρᾳ.
3107 2023 3432 2091 τεταγμένῃ.
3472 2026 3537 2074 ὲν
3577 2023 3722 2074 καύ-

2137 2128 2285 2182 ματι,
2308 2115 2365 2165 ἐν
2390 2111 2574 2181 ψύχει,
2596 2114 2667 2183 μὴ
2695 2113 2895 2182 ψυχρὸν
2926 2113 3122 2176 πίνειν,
3145 2114 3218 2181 μὴ
3247 2110 3385 2166 οἶνον
3417 2113 3495 2176 ὡς
3524 2115 3727 2183 ετυχεν

2134 2206 2351 2267 ἁπλῶς·
2388 2205 2462 2267 ὡς
2511 2204 2681 2274 ἰατρῷ
2720 2204 3165 2274 παραδεδωκέναι
3200 2205 3425 2257 σεαυτὸν
3472 2206 3559 2275 τῷ
3589 2210 3729 2259 ὲπιο

2136 2297 2326 2365 στάτῃ,
2354 2290 2471 2348 εἶτα
2500 2298 2558 2348 ἐν
2597 2296 2677 2365 τῷ
2709 2295 2882 2362 ἁγῶνι
2909 2295 3299 2365 παρέρχεσθαι.
3338 2296 3501 2350 Ἔστι
3534 2296 3596 2349 δὲ
3632 2298 3727 2349 ὅτε

2135 2390 2292 2459 χεῖρα
2318 2388 2519 2456 βαλεῖν,
2540 2387 2745 2457 σφυρὸν
2769 2387 2987 2456 τρέψαι,
3008 2387 3207 2458 πολλὴν
3226 2388 3370 2458 ἁφὴν
3398 2384 3725 2451 καταπιείύ,

2182 2481 2290 2536 ἔσθ’
2315 2483 2403 2536 ὅτε
2437 2479 2845 2551 μαστιγωθῆναι
2870 2479 2961 2532 καὶ
2991 2478 3133 2548 μετὰ
3156 2479 3360 2531 τούτων
3390 2480 3623 2532 πάντων
3655 2498 3726 2531 vt-

2136 2572 2391 2641 κηθῆναι.
2428 2570 2613 2624 Ταῦτα
2652 2569 3089 2638 ἐπισκεψάμενος
3133 2568 3197 2621 ἂν
3237 2568 3317 2621 ἔτι
3353 2569 3518 2641 θέλῃς
3556 2569 3727 2640 ἔρχου

2137 2662 2230 2716 ἐπὶ
2256 2660 2317 2713 τὸ
2348 2660 2549 2722 ἀθλεῖν,
2575 2662 2623 2712 εἰ
2653 2660 2709 2712 δὲ
2738 2660 2838 2729 μὴ,
2860 2658 2936 2720 ὡς
2964 2658 3033 2712 τὰ
3069 2658 3257 2711 παιδία
3288 2658 3726 2730 ἁναστραφὴσῃ,

2138 2752 2173 2806 ἃ
2198 2752 2294 2805 νῦν
2323 2752 2418 2822 μὲν
2447 2750 2751 2813 παλαιστὰς
2780 2749 2987 2811 παίζει,
3017 2747 3112 2801 νῦν
3141 2748 3197 2801 δὲ
3232 2749 3733 2818 μονομάχοιδςρψῦν

2141 2842 2196 2894 δὲ
2234 2840 2505 2905 σαλπίζει,
2542 2836 2661 2893 εἶτα
2690 2840 2995 2912 τραγῳδεῖ·
3049 2837 3191 2892 οὓτω
3231 2839 3324 2893 καὶ
3370 2840 3436 2893 σὺ
3479 2840 3587 2893 νῦν
3625 2841 3727 2909 μὲν

2142 2932 2399 3001 ἀθλητὴς,
2434 2933 2530 2984 νῦν
2559 2932 2617 2984 δὲ
2658 2932 2985 3001 μονομάχος,
3024 2926 3143 2984 εἶτα
3173 2932 3377 2999 ῥήτωρ,
3413 2927 3538 2983 εἶτα
3573 2933 3729 2999 φιλό-

2145 3041 2329 3092 σοφος.
2362 3025 2455 3095 ὅλῃ
2484 3024 2542 3077 δὲ
2579 3026 2643 3095 τῇ
2675 3024 2820 3095 ψυχῇ
2854 3024 3028 3086 οὐδὲν,
3055 3024 3170 3076 ἀλλ’
3201 3024 3272 3085 ὡς
3304 3022 3568 3093 πίθηκος,
3616 3027 3729 3076 πᾶ-

2146 3133 2243 3169 σαν
2273 3115 2400 3168 θέαν
2430 3114 2522 3167 ἐὰν
2550 3116 2667 3187 ἴδῃς
2703 3119 2867 3185 μιμῇ,
2890 3116 2984 3168 καὶ
3019 3115 3147 3170 ἄλλο
3183 3114 3242 3179 ἐξ
3270 3114 3431 3167 ἄλλου
3466 3132 3557 3166 σοι
3595 3116 3735 3185 ἀρέ-

2143 3222 2292 3259 σκειο
2320 3207 2380 3258 ού
2411 3207 2520 3275 γὰρ
2551 3207 2689 3275 μετὰ
2712 3206 2957 3275 σκέψεως
2980 3204 3141 3277 ἦλθες
3169 3206 3258 3258 ἐπι
3291 3223 3365 3269 τι,
3394 3205 3521 3257 οὐδὲ
3572 3223 3731 3274 περιο

2141 3297 2401 3363 ὡδευσας,
2421 3298 2535 3351 ἀλλ’
2558 3302 2699 3369 εἰκῆ,
2724 3302 2817 3353 καὶ
2832 3299 2971 3352 κατὰ
2991 3298 3204 3368 ψυχρὰν
3223 3298 3553 3365 ἐπιθυμίαν.
3570 3298 3737 3351 Cum

2140 3392 2464 3461 θεασάμενοὶ
2486 3409 2631 3456 τινες
2663 3392 2973 3463 φιλόσοφον,
2997 3394 3090 3445 καὶ
3118 3391 3452 3453 ἀκούσαντες
3471 3391 3631 3444 οὕτω
3652 3409 3735 3443 τι-

2145 3482 2236 3544 νὸς
2274 3481 2524 3549 λέγοντος
2552 3482 2627 3544 ὡς
2657 3478 2713 3535 εὖ
2742 3500 2826 3546 τις
2851 3482 2959 3534 τῶν
2995 3481 3298 3551 φιλοσόφων
3334 3481 3485 3547 λέγει
3520 3479 3739 3547 (καίτοι

2149 3587 2231 3633 τις
2271 3570 2413 3624 οὕτω
2454 3570 2676 3624 δύναται
2714 3573 2883 3623 εἰπεῖν
2921 3571 2996 3633 ὡς
3038 3570 3299 3640 ὲκεῖνος);
3344 3568 3589 3630 θέλουσι,
3636 3568 3737 3619 καὶ

2149 3663 2304 3716 αὐτοὶ
2330 3664 2659 3731 φιλοσοφεῖν.

466 3784 587 3822 cum
635 3767 858 3837 quidam
912 3764 1297 3834 pltil050phum
1350 3761 1650 3830 conSpicati
1700 3760 1923 3817 fuerint.
1988 3768 2041 3813 et
2077 3758 2349 3813 audierint
2410 3760 2647 3829 aliquem
2680 3773 2744 3813 eo
2797 3774 3021 3828 prorsus
3056 3755 3216 3811 modo
3248 3756 3592 3825 loquentem,
3624 3771 3741 3824 quo

468 3871 601 3921 bene
650 3866 774 3934 quis
813 3862 1257 3932 philosoiihorum
1308 3859 1501 3913 cﬂ‘atur
1549 3860 1626 3928 (et
1669 3857 1885 3927 quidem
1951 3855 2075 3926 quis
2142 3856 2214 3909 ita
2264 3865 2443 3925 potest
2500 3866 2559 3911 ut
2604 3856 2692 3910 ille
2739 3855 2966 3922 ell'.it'i?),
3024 3863 3134 3908 tum
3211 3863 3265 3908 et
3312 3853 3413 3922 ipsi
3468 3861 3741 3907 tenentur

376 3946 385 3957 ’
467 3954 882 4026 philosophandi
920 3953 1220 4006 voluntate.
1448 4016 1451 4019 _

1001 4065 1229 4123 CAPUT
1259 4066 1401 4121 XXX
1418 4066 1501 4121 VI.

535 4189 728 4255 Homo,
757 4191 809 4244 in
862 4187 1050 4258 primis
1110 4184 1378 4255 perpende
1433 4198 1546 4238 rem
1618 4182 1794 4250 qualis
1851 4179 1942 4251 sit,
1990 4186 2044 4231 ct

470 4290 655 4348 postea
687 4282 765 4334 tui
794 4280 966 4349 ipsius
1001 4287 1251 4330 naturam
1286 4289 1568 4344 pernosce,
1598 4288 1664 4327 an
1699 4272 1875 4342 possis
1921 4286 2046 4339 por-

471 4383 602 4423 ure.
650 4367 745 4423 Vis
782 4377 992 4422 certare
1036 4367 1090 4417 in
1130 4364 1513 4434 quinquertio?
1557 4362 1640 4416 vis
1689 4362 1742 4415 in
1792 4361 2041 4429 palaestra

2711 4048 2962 4102 KEMA.
3005 4048 3143 4113 Λςῖν.

2226 4170 2516 4240 Ἀνθρωπε
2543 4164 2758 4235 πρῶτον
2788 4161 3081 4229 ἐπίσκεψαι
3119 4158 3300 4211 ὁποῖόν
3335 4158 3453 4207 ἐστι
3488 4154 3550 4206 τὸ
3593 4159 3735 4223 πρᾶ-

2151 4281 2289 4336 γμα,
2318 4257 2436 4315 εἶτα
2469 4259 2561 4313 καὶ
2591 4258 2691 4328 τὴν
2726 4253 2949 4309 σεαυτοῦ
2982 4251 3142 4321 φύσιν
3172 4247 3456 4314 κατάμαθε
3489 4247 3535 4297 εἱ
3573 4245 3745 4297 δύνα-

2154 4375 2242 4411 σαι
2268 4349 2555 4427 βαστάσαι.
2583 4346 2887 4408 Πένταθλος
2922 4342 3057 4399 εἶναι
3086 4342 3280 4413 βούλει,
3313 4339 3344 4409 ἥ
3379 4338 3699 4407 παλαιστής
3727 4356 3741 4397 ;

472 4462 700 4515 luctari?
746 4460 880 4515 Vide
914 4466 1002 4510 tua
1038 4457 1283 4517 brachia,
1317 4470 1497 4519 crura,
1536 4454 1625 4507 ilia
1654 4454 1849 4521 proba;
1912 4452 2041 4506 alius

2168 4451 2265 4503 ἰδὲ
2292 4444 2521 4500 σεαυτοῦ
2548 4445 2672 4505 τοὺς
2699 4440 3008 4512 βραχίονας,
3034 4437 3157 4498 τοὺς
3183 4434 3408 4504 μηροὺς,
3431 4431 3747 4499 τὴνόσφίδν

471 4552 669 4621 quippe
721 4550 787 4604 ad
837 4547 981 4603 aliud
1031 4559 1190 4600 natus
1267 4553 1369 4599 est.
1424 4544 1678 4607 Putasne,
1751 4541 1897 4611 quod
1947 4542 2051 4595 ista

473 4643 675 4697 iaciens
705 4656 859 4711 asque
900 4638 1103 4709 poteris
1136 4636 1439 4701 comedere,
1476 4650 1628 4704 teque
1661 4633 1864 4696 bibere,
1899 4647 2052 4701 aeque

474 4734 764 4806 indignari,
797 4742 851 4789 et
901 4748 1052 4801 aeque
1107 4745 1384 4785 morosum
1434 4740 1484 4783 te
1514 4726 1787 4797 praebere?
1818 4725 2053 4793 Vigilare

476 4837 709 4897 oportet,
734 4828 1002 4887 laborare,
1032 4838 1062 4878 e
1090 4821 1404 4879 domesticis
1434 4819 1745 4884 abscedere,
1775 4833 1803 4871 a
1828 4817 2053 4886 puerulo

476 4920 766 4977 contemni.
797 4920 865 4973 ab
893 4916 1147 4971 omnibus
1176 4915 1348 4977 illudi,
1381 4914 1434 4966 in
1460 4911 1714 4968 omnibus
1743 4908 2053 4963 inferiorem

475 5030 616 5077 esse,
653 5016 704 5067 in
749 5011 981 5076 honore,
1014 5009 1069 5063 in
1102 5009 1361 5079 primatu,
1404 5006 1458 5059 in
1493 5004 1722 5076 judicio,
1754 5012 1807 5057 et
1834 5001 1886 5055 in
1919 5015 2056 5071 qua-

477 5108 608 5161 libet
641 5104 865 5159 minima
899 5116 975 5156 re.
1010 5101 1121 5156 Ista
1152 5098 1444 5169 perpende,
1497 5099 1543 5151 si
1601 5096 1737 5149 velis
1771 5108 1869 5164 pro
1908 5093 2057 5147 hisce

477 5197 729 5253 ontnibus
772 5202 1109 5249 connnutare
1152 5190 1643 5260 impassibilitatem
1670 5229 1684 5252 ,
1726 5187 2054 5249 libertatem,

480 5285 1075 5357 imperturbabilitatem
1102 5301 1116 5349 ;
1148 5283 1231 5337 sin
1268 5281 1472 5346 minus,
1508 5293 1575 5333 ne
1604 5276 1862 5340 accedas;
1890 5290 1958 5328 ne
1980 5273 2054 5327 uti

480 5376 721 5445 pueruli,
778 5391 924 5431 nunc
995 5373 1389 5447 philosophus,
1442 5370 1637 5425 deinde
1701 5367 2056 5438 publicanus,

484 5480 667 5535 postea
698 5470 904 5536 rhetor,
935 5469 1130 5524 deinde
1158 5464 1390 5521 Caesaris
1421 5471 1766 5532 procurator.
1813 5458 1920 5514 Ista
1972 5473 2061 5527 ge-

487 5575 611 5613 rcra
641 5576 747 5616 non
784 5569 1109 5617 consonant.
1141 5558 1278 5613 Cum
1318 5570 1459 5611 unus
1496 5554 1573 5609 sis
1609 5556 1792 5617 homo,
1827 5560 2059 5621 Oportet,

490 5662 545 5701 ut
573 5647 649 5701 sis
689 5649 884 5709 bonus,
919 5658 1021 5701 aut.
1055 5648 1230 5701 malus
1258 5663 1271 5700 :
1302 5655 1357 5698 tu
1387 5645 1547 5698 debes
1579 5652 1673 5698 aut
1700 5642 2058 5711 principatum

490 5735 944 5800 animiperticerc
988 5737 1101 5790 suis
1138 5735 1308 5803 ipsius
1349 5734 1576 5799 viribus,
1614 5742 1705 5788 aut
1755 5732 2061 5794 exteriora;

2159 4540 2465 4611 κατάμαθε,
2496 4535 2654 4597 ἄλλος
2702 4533 2810 4604 γὰρ
2837 4530 2973 4599 πρὸς
2999 4528 3127 4582 ἄλλο
3166 4526 3395 4591 πέφυκε.
3427 4524 3629 4583 Δοκεῖς
3662 4523 3749 4573 ὅτι

2155 4632 2324 4685 ταῦτα
2382 4628 2550 4683 ποιῶν
2597 4624 2858 4684 ὡσαύτως
2907 4622 3131 4675 δύνασαι
3189 4616 3408 4674 ἐσθίειν,
3463 4612 3753 4674 ὡσαύτως

2156 4722 2351 4784 πίνειν,
2408 4717 2669 4778 ὡσαύτως
2717 4710 3052 4783 ὀργίζεσθαι,
3087 4707 3285 4776 ὁμοίως
3337 4704 3747 4772 δυσαρεστεῖνς

2169 4807 2544 4877 Ἀγρυπνῆσαι
2588 4808 2687 4868 δεῖ,
2747 4803 3000 4874 πονῆσαι,
3059 4800 3169 4853 ἀπὸ
3220 4800 3328 4852 τῶν
3358 4797 3580 4850 οἰκείων
3633 4798 3748 4850 ἀττ-

2156 4900 2352 4964 ελθείν,
2416 4897 2520 4949 ὑπὸ
2574 4893 2857 4964 παιδαρίου
2915 4888 3409 4959 καταφρονηθῆναι,
3465 4883 3572 4937 ὑπὸ
3630 4884 3752 4937 τῶν

2159 4990 2412 5044 ἁπάντων
2436 4984 2929 5055 καταγελασθῆναι,
2955 4982 3010 5033 ὲν
3036 4978 3198 5032 παντὶ
3223 4974 3383 5048 ἦττον
3408 4975 3549 5044 ἔχειν
3574 4975 3642 5026 ἐν
3670 4992 3749 5026 τι-

2160 5085 2258 5153 μῇ,
2292 5082 2346 5132 ἐν
2372 5081 2535 5148 ἀρχῇ,
2564 5078 2619 5128 ὲν
2648 5075 2794 5146 δίκῃ,
2828 5070 3161 5144 πραγματίῳ
3193 5067 3371 5120 παντί.
3398 5065 3587 5118 Ταῦτα
3616 5065 3751 5117 ἐπε-

2159 5174 2377 5243 σκεψαι,
2413 5172 2461 5223 εἰ
2509 5169 2681 5231 θέλεις
2723 5160 3282 5227 ἀντικαταλλάξασθαι
3330 5158 3535 5212 τούτων
3586 5160 3749 5213 dmi-

2159 5264 2333 5329 θειαν,
2357 5261 2694 5332 ἐλευθερίαν,
2725 5253 3044 5327 ἀταραξίαν.
3066 5254 3128 5306 Εἰ
3155 5252 3211 5305 δὲ
3240 5251 3334 5322 μὴ,
3358 5249 3433 5319 μὴ
3461 5250 3745 5316 πρόσαγε,

2163 5357 2238 5428 μὴ
2278 5356 2353 5418 ὡς
2386 5354 2453 5406 τὰ
2486 5350 2707 5405 παιδία·
2746 5347 2839 5399 νῦν
2874 5345 3182 5415 φιλόσοφος,
3221 5341 3446 5410 ὕστερον
3476 5338 3532 5391 δὲ
3560 5336 3748 5389 τελῶ-

2158 5467 2278 5521 νης,
2335 5442 2453 5500 εἶτα
2497 5446 2698 5515 ῥήτωρ,
2748 5437 2865 5493 εἶτα
2920 5438 3209 5507 ἐπίτροπος
3255 5433 3551 5501 Καίσαρος.
3596 5429 3749 5496 Γένη

2160 5542 2331 5595 ταῦτα
2356 5541 2416 5593 ού
2443 5537 2743 5607 συμφωνεῖ.
2773 5533 2909 5584 Ἕνα
2933 5547 2991 5583 σε
3013 5529 3093 5581 δεῖ
3118 5526 3401 5596 ἄνθρωπον
3428 5524 3577 5585 ὄντα,
3603 5524 3751 5589 ἀγα.-

2163 5633 2272 5695 om,
2301 5632 2333 5701 ἦ
2366 5629 2531 5683 κακδν
2557 5627 2719 5685 εἶναι,
2741 5624 2775 5693 ἢ
2800 5623 2859 5675 τὸ
2890 5619 3213 5691 ἡγεμονικόν
3246 5633 3303 5669 σε
3331 5616 3409 5667 δεῖ
3439 5612 3747 5682 ἐξεργάζε-

2166 5726 2284 5779 σθαι
2322 5725 2431 5784 τοῖς
2460 5718 2643 5779 αὐτοῦ,
2683 5716 2715 5787 ἢ
2749 5716 2815 5769 τὰ
2846 5712 3078 5783 ὲκτὸς,ἢ
3118 5710 3243 5780 περὶ
3274 5707 3340 5760 τὰ
3374 5705 3482 5759 ἔσω
3518 5702 3755 5779 φιλοτετ
