3990 6204
333 290 460 356 1301
1587 294 1936 357 EPICTETI
1976 297 2135 360 MAN
2144 299 2362 361 UALE.
3466 291 3600 357 130?.

332 405 502 474 χνεῖν,
534 401 568 472 ἢ
606 401 733 472 περὶ
765 401 832 454 τὰ
863 399 988 466 ἔξω,
1015 401 1313 466 τουτέστιν,
1363 401 1397 472 ἢ
1431 402 1719 472 φιλοσόφου
1761 404 1914 471 τάξιν
1943 457 1945 466 ,

2056 408 2104 462 el
2144 408 2493 472 interiorum,
2529 407 2613 462 vel
2659 407 2995 461 exteriorum
3037 403 3220 460 studio
3259 419 3492 470 vacare;
3522 407 3600 460 vel

335 495 575 564 ἐπέχειν,
607 490 640 562 ἢ
678 490 910 545 ἰδιώτου.

923 608 1172 660 ΚΕΦΑΛ.
1212 605 1334 660 ΛΖ’.

409 720 488 772 Τὰ
535 719 846 790 καθήκοντα
888 719 966 781 ὼς
1002 720 1206 773 ἐπίπαν
1247 723 1364 784 ταῖς
1409 723 1625 792 σχέσεσι
1662 743 1918 794 παραμε-

338 817 569 883 τρείται.
624 813 812 884 Πατήρ
863 814 1029 876 ἐστιν,
1075 813 1475 884 ὑπαγορεύεται
1520 818 1916 886 ἐπιμελεῖσθαι,

343 909 696 975 παραχωρεῖν
719 905 994 968 ἁπάντων,
1018 906 1305 975 ἀνέχεσθαι
1327 907 1710 978 λοιδοροῦντος,
1736 911 1921 963 παὶον-

343 1014 452 1060 τος.
489 997 650 1050 Ἀλλά
681 999 848 1060 κακὸς
875 1000 903 1050 ὁ
936 1000 1118 1068 πατὴρ
1142 1001 1287 1052 ἐστι*
1321 1001 1394 1070 μή
1428 1019 1480 1054 τι
1512 1001 1604 1054 οῦν
1628 1006 1763 1073 πρὸς
1791 1005 1922 1072 ἀγα-

347 1091 437 1143 θὸν
468 1091 684 1161 πατέρα
718 1091 879 1158 φύσει
903 1091 1224 1161 ᾠκειώθηςς
1247 1092 1384 1146 ἀλλὰ
1420 1094 1558 1164 πρὸς
1587 1096 1818 1166 πατέρα.
1862 1097 1921 1151 ⁸0

347 1181 570 1249 ἁδελφὸς
601 1182 777 1234 ἀδικεῖ
800 1197 815 1210 ·
844 1183 1000 1252 τήρει
1038 1183 1328 1253 τοιγαροῦν
1357 1183 1454 1254 τὴν
1487 1184 1638 1250 τάξιν
1666 1185 1760 1256 τὴν
1795 1204 1922 1239 σαυ-

347 1271 439 1326 τοῦ
501 1273 637 1342 πρὸς
687 1273 878 1326 αὐτόν·
933 1273 1062 1342 μηδέ
1097 1274 1290 1327 σκόπει
1328 1274 1388 1327 τὸ
1421 1275 1475 1328 τί
1523 1278 1728 1340 ἐκεῖνος
1758 1279 1919 1341 ποιεῖ,

349 1361 485 1416 ἀλλὰ
512 1363 564 1414 τί
587 1379 668 1414 σοι
696 1363 981 1432 ποιήσαντι
1005 1363 1147 1416 κατὰ
1177 1365 1338 1431 φύσιν
1369 1364 1480 1429 ἐξει
1508 1367 1540 1436 ἡ
1576 1365 1641 1436 σὴ
1665 1367 1924 1438 προαίρεο

353 1470 454 1516 σις.
485 1453 550 1507 Σὲ
579 1453 686 1524 γὰρ
730 1454 888 1518 ἄλλος
931 1455 992 1507 οὐ
1047 1454 1238 1524 βλάψει
1285 1458 1332 1508 εἰ
1369 1456 1441 1526 μὴ
1469 1457 1643 1521 θέλεις
1667 1475 1680 1487 ⁸
1713 1460 1833 1513 τότε
1866 1460 1922 1512 δὲ

352 1545 450 1616 ἔσῃ
477 1543 868 1614 βεϐλαμμένος,
893 1546 1020 1598 ὅταν
1045 1545 1324 1617 ὑπολάϐῃς
1358 1547 1708 1616 βλάπτεσθαιο
1751 1549 1922 1614 οὕτως

351 1631 445 1687 οὖν
489 1636 597 1687 ἀπὸ
632 1636 724 1688 τοῦ
781 1637 1020 1700 πολίτου,
1065 1638 1172 1690 ἀπὸ
1219 1639 1314 1691 τοῦ
1357 1640 1617 1707 γείτονος,
1661 1641 1769 1695 ἀπὸ
1829 1641 1922 1694 τοῦ

2023 501 2238 555 tandem
2273 498 2581 570 philosophi
2610 497 2788 552 locum
2821 508 3029 562 tenere,
3057 496 3142 550 vel
3182 495 3380 550 idiotae.

2440 609 2600 684 342
2641 609 2873 667 CAPUT
2915 608 3177 664 XXXVII.

2091 725 2282 781 Oflicia
2312 736 2827 780 commensurantur
2863 734 2920 780 ut
2951 723 3250 794 plurimum
3299 722 3481 776 habita
3518 737 3608 774 ra-

2022 817 2168 872 tione
2215 817 2547 872 naturalium
2589 818 3015 886 congruitatum.
3052 814 3214 868 Pater
3243 823 3356 877 est;
3393 813 3607 874 suadet,

2025 916 2082 962 ut
2120 907 2240 977 ejus
2281 917 2500 977 geratur
2531 923 2686 973 cura,
2732 916 2791 961 ut
2831 907 2934 976 ipsi
2967 906 3190 962 cedatur
3229 905 3284 958 in
3332 903 3606 964 omnibus,

2023 1008 2190 1067 utque
2236 998 2513 1061 toleretur,
2552 998 2597 1054 si
2656 996 2962 1066 o-bjurgarit
3016 1011 3080 1050 ac
3136 993 3452 1048 verberarit.
3504 991 3609 1046 Sed

2024 1097 2180 1157 pater
2222 1088 2398 1142 malus
2420 1097 2502 1143 est
2535 1107 2548 1143 :
2585 1089 2828 1158 nunquid
2854 1087 3023 1157 igitur
3055 1087 3197 1141 bono
3249 1086 3389 1156 patri
3415 1085 3610 1156 adjun-

2025 1189 2144 1233 ctus
2175 1196 2232 1234 es
2273 1195 2302 1233 a
2334 1182 2562 1234 natura?
2604 1195 2734 1244 non,
2783 1180 2874 1236 sed
2929 1178 3088 1249 patri.
3134 1178 3322 1234 Frater
3355 1178 3612 1247 iniuriam

2026 1270 2192 1324 infert
2223 1289 2235 1323 :
2273 1279 2327 1324 tu
2365 1271 2548 1340 itaque
2578 1272 2806 1326 observa
2839 1280 2992 1325 tuum
3025 1284 3152 1338 erga
3185 1271 3361 1339 ipsum
3390 1267 3614 1322 modum

2026 1366 2235 1421 ratione
2281 1375 2660 1435 temperatum,
2707 1380 2882 1434 neque
2926 1362 3172 1418 attendas
3225 1361 3300 1426 id,
3353 1361 3496 1430 quod
3529 1360 3619 1415 ille

2026 1459 2158 1530 agit,
2207 1457 2300 1512 sed
2347 1457 2479 1527 quid
2535 1471 2633 1528 pro
2665 1466 2715 1511 te
2765 1467 2918 1510 tuum
2977 1454 3206 1524 requirit
3257 1454 3618 1524 propositum,

2028 1551 2159 1606 dum
2181 1566 2265 1615 ea,
2293 1567 2414 1620 quae
2439 1559 2648 1604 natura:
2665 1556 2976 1618 congruunt
3001 1548 3265 1604 effeceris.
3293 1546 3368 1600 Te
3387 1561 3622 1615 namque

2027 1644 2168 1699 alius
2201 1643 2423 1697 minime
2447 1643 2625 1707 lardet,
2657 1640 2763 1695 nisi
2807 1640 3076 1705 volueris;
3121 1649 3251 1694 tunc
3281 1639 3427 1692 enim
3464 1638 3625 1692 laesus

359 1724 668 1794 στρατηγοῦ
701 1725 762 1776 τὸ
806 1725 1044 1795 καθῆγον
1093 1724 1428 1796 ἐξευρήσεις,
1459 1725 1525 1779 ἂν
1564 1728 1662 1790 τὰς
1709 1727 1924 1798 σχέσεις

2056 1733 2161 1795 τις,
2203 1733 2420 1802 quando
2467 1730 2864 1786 existimaveris
2911 1738 2962 1784 te
2999 1729 3118 1784 lazdi
3158 1748 3170 1782 :
3203 1728 3285 1782 sic
3333 1727 3501 1796 igitur
3527 1725 3627 1780 ad-

357 1814 512 1888 ἐθίζῃ
534 1815 778 1888 θεωρεῖν.

943 2103 1192 2158 ΚΕΦΛΛ.
1225 2101 1354 2157 AH'.

432 2215 546 2283 Τῆς
583 2217 710 2286 περί
738 2215 868 2268 Θεὸν
895 2216 1198 2278 εὐσεϐείας,
1233 2215 1342 2270 ἴσθι
1373 2218 1455 2270 ὅτι
1489 2217 1550 2270 τὸ
1597 2215 1939 2287 κυριώτατον

366 2305 539 2356 ἐκεῖνό
585 2307 732 2358 ἐστιν
763 2305 928 2374 ὀρθὰς
968 2305 1258 2374 ὑπολήψεις
1292 2307 1421 2377 περὶ
1463 2306 1624 2362 αὑτοῦ
1671 2307 1818 2376 ἔχειν
1863 2305 1940 2370 ὼς

367 2393 557 2459 αὑτοῦ,
591 2395 688 2448 καὶ
728 2394 1054 2458 διοικοῦντος
1093 2397 1190 2450 ὅλα
1221 2396 1403 2460 καλῶς
1437 2399 1534 2452 καὶ
1565 2398 1812 2461 δικαίως,
1845 2398 1943 2450 καὶ

368 2485 528 2538 αὑτὸν
546 2487 624 2548 εἰς
637 2485 796 2539 τοῦτο
819 2489 1248 2558 κατατεταχέναι
1273 2489 1354 2548 εἰς
1374 2489 1434 2542 τὸ
1462 2489 1747 2542 πείθεσθαι
1769 2488 1939 2558 αὐτῷ,

369 2574 462 2628 καὶ
509 2575 738 2629 ἕπεσθαι
791 2577 884 2629 καὶ
933 2576 1282 2657 εῖκεινςπᾶσι
1323 2580 1434 2643 τοῖς
1479 2579 1810 2649 γινομένοις,
1850 2580 1945 2632 καὶ

371 2667 682 2721 ἀκολουθεῖν
719 2669 913 2722 ἑκόντα
943 2670 1017 2732 ὡς
1049 2671 1140 2722 ἐπὶ
1174 2671 1275 2736 τῆς
1305 2670 1532 2740 ἀρίστης
1561 2669 1790 2740 γνώμης
1823 2671 1946 2725 ἐπι-

369 2759 712 2828 τελουμένοις
738 2777 751 2792 ·
783 2760 926 2813 οὕτω
952 2762 1059 2832 γὰρ
1091 2759 1215 2814 οὕτε
1260 2762 1450 2834 μέμψῃ
1483 2762 1576 2814 τὸν
1608 2761 1741 2814 Θεόν
1791 2780 1945 2829 ποτε,

2039 1821 2302 1887 invenies,
2327 1820 2470 1889 quod
2504 1819 2734 1875 debetur
2775 1818 3018 1873 ofﬁcium
3073 1834 3104 1872 a
3136 1818 3272 1880 cive,
3304 1831 3335 1870 a
3363 1816 3564 1879 vicino,
3595 1831 3625 1868 a
3655 1809 3658 1812 ’

2039 1911 2178 1965 duce
2226 1909 2483 1976 militari,
2528 1909 2575 1965 si
2623 1907 2902 1962 naturales
2955 1908 3322 1978 congruitatcs
3364 1903 3628 1960 assuelias

2041 2002 2392 2072 perpendere.

2551 2065 2780 2164 canar
2830 2105 3117 2163 xxxvm.

2115 2225 2271 2280 Circa
2300 2223 2556 2292 pietatem
2593 2237 2719 2292 erga
2754 2221 2947 2286 Deum,
2997 2215 3161 2286 scias,
3200 2221 3346 2290 quod
3395 2221 3632 2276 maxime

2045 2317 2375 2386 praecipuum
2429 2315 2557 2369 illud
2596 2323 2700 2379 est,
2755 2324 2901 2368 recte
2935 2313 3193 2368 nimirum
3244 2314 3310 2370 de
3359 2313 3479 2385 ipso
3509 2329 3634 2370 seu-

2049 2408 2182 2472 tire,
2213 2415 2272 2461 ut
2311 2406 2426 2477 ipse
2451 2413 2552 2471 est,
2586 2416 2750 2474 utque
2786 2404 2947 2468 bene,
2980 2417 3047 2457 ac
3070 2405 3219 2473 juste
3252 2404 3505 2459 universa
3533 2418 3633 2473 gu-

2048 2499 2274 2565 bernat;
2329 2513 2497 2568 seque
2553 2496 2736 2566 ipsum
2777 2497 2830 2550 in
2883 2512 2949 2552 eo
2989 2495 3296 2565 subjicere,
3351 2509 3544 2563 nempe
3578 2493 3633 2546 in

2049 2591 2352 2647 obediendo
2388 2591 2498 2657 illi,
2530 2603 2767 2659 cumque
2792 2587 3092 2656 sequendo,
3141 2602 3206 2640 ac
3231 2584 3486 2640 omnibus
3515 2598 3638 2654 qua:

2052 2684 2374 2754 contingunt
2433 2682 2696 2744 cedendo,
2751 2689 2804 2735 et
2855 2681 3085 2734 libenter
3135 2677 3415 2743 sectando,
3463 2691 3528 2730 ac
3591 2676 3637 2731 si

2053 2776 2256 2844 optima
2317 2789 2440 2830 cum
2490 2773 2878 2828 deliberatione
2931 2770 3332 2841 perficiantur:
3383 2768 3462 2823 sic
3493 2768 3637 2822 enim

371 2851 494 2904 οὔτε
524 2853 859 2940 ἐγκαλέσεις
891 2853 978 2920 ,ὡς
1025 2855 1429 2925 ἀμελούμενος·
1476 2855 1648 2919 ἄλλως
1689 2856 1746 2910 δέ
1790 2856 1945 2912 τοῦτο

2056 2884 2230 2940 neque
2258 2868 2324 2921 de
2353 2865 2464 2921 Deo
2495 2865 2850 2934 conquereris
2881 2877 3120 2934 unquam
3147 2904 3160 2928 ,
3189 2876 3290 2915 nec
3327 2875 3450 2914 eum
3481 2853 3643 2913 incn-

372 2943 470 3014 οὐχ
493 2938 678 2996 οἷόντε
709 2946 802 2998 ἐὰν
837 2947 1186 3018 μὴ·ἀποστῇς
1211 2947 1319 3001 τῶν
1341 2948 1439 3002 οὐκ
1473 2947 1558 3017 ἐφ’
1583 2950 1734 3019 ἡμῖν,
1767 2949 1860 3002 καὶ
1891 2949 1948 3001 ἐν

372 3037 485 3098 τοῖς
538 3035 624 3106 ἐφ’
656 3039 790 3107 ἡμῖν
827 3039 1008 3107 μόνοις
1037 3040 1135 3110 θῇς
1169 3040 1229 3092 τὸ
1269 3039 1496 3108 ἀγαθὸν,
1537 3039 1717 3092 καὶτὸ
1747 3040 1945 3093 κακύνο

374 3128 522 3182 ὠσάν
551 3127 740 3201 [ιῦτὰν]
766 3131 826 3199 γέ
853 3149 903 3184 τι
934 3133 1158 3187 ἐκείνων
1186 3132 1471 3186 ὑπολαὸὼν
1489 3134 1950 3205 ἁγαθὸν,ἢκακδν

327 3289 329 3291 ι
377 3220 528 3272 πᾶσα
579 3221 815 3292 ἀνάγκη,
863 3223 991 3276 ὅταν
1043 3225 1460 3294 ἀποτυγχάνεις,
1507 3218 1582 3278 ὧν
1639 3225 1814 3288 θέλεις
1857 3225 1950 3278 καὶ

378 3317 734 3386 περιπίπτεις
770 3314 851 3376 οἷς
881 3319 977 3371 οὐκ
1009 3318 1214 3382 ἐθέλεις
1243 3319 1557 3390 μέμφεσθαὶ
1596 3337 1676 3384 σε,
1719 3323 1814 3374 καὶ
1861 3339 1954 3392 μι-

377 3409 490 3460 σεῖν
533 3409 658 3471 τοὺς
709 3409 932 3472 αἰτίους.
986 3411 1203 3478 Πέφυκε
1233 3410 1341 3482 γὰρ
1389 3412 1526 3477 πρὸς
1571 3412 1677 3464 πᾶν
1717 3412 1856 3476 ζῶον
1884 3412 1953 3466 τὰ

381 3499 477 3568 μέν
499 3499 660 3570 βλαϐε
672 3502 738 3571 ρὰ
762 3501 1084 3571 φαινόμενα,
1110 3502 1204 3554 καὶ
1230 3501 1379 3554 αἴτια
1407 3500 1558 3568 αύτῷ
1587 3501 1832 3568 φεύγειν,
1859 3502 1953 3554 καὶ

377 3593 760 3662 ἐκτρέπεσθαι,
810 3593 878 3645 τὰ
931 3593 989 3645 δέ
1037 3592 1310 3661 ὠφέλιμα,
1358 3593 1453 3645 καὶ
1508 3591 1577 3642 τὰ
1615 3593 1761 3644 αἴτια
1805 3591 1954 3661 αὐτῷ

384 3682 647 3747 μετιέναι,
681 3683 772 3734 καὶ
801 3681 1230 3750 τεθαυμακέναι.
1265 3682 1572 3750 Ἀμήχανον
1600 3675 1691 3732 οὖν
1731 3679 1956 3750 βλάπτε-

382 3771 506 3823 σθαί
530 3788 648 3823 τινα
671 3771 918 3838 οἰόμενον
943 3770 1156 3838 χαίρειν
1181 3768 1258 3837 τῷ
1281 3770 1528 3821 δοκοῦντι
1561 3767 1838 3838 βλάπτειν,
1857 3769 1958 3822 ὦσ-

382 3877 488 3930 περ
516 3861 609 3913 καὶ
638 3859 700 3912 τὸ
726 3861 862 3930 αὐτῇ
895 3863 961 3931 τῇ
996 3859 1169 3932 βλάΰῃ
1200 3858 1410 3927 χαίρειν
1443 3857 1724 3912 ἀδύνατον.
1763 3858 1956 3912 Ἔνθεν

381 3955 478 4006 καὶ
507 3952 690 4022 πατὴρ
734 3952 838 4004 ὑπὸ
879 3951 972 4004 τοῦ
1008 3951 1124 4005 υἱοῦ
1173 3950 1516 4019 λοιδορεῖται,
1556 3952 1686 4003 ὅταν
1731 3952 1842 4004 τῶν
1870 3951 1958 4004 δο-

383 4043 624 4096 κούντων
672 4043 894 4109 ἀγαθῶν
941 4038 1076 4095 εἶναι
1116 4041 1194 4112 τῷ
1224 4042 1374 4094 παιδὶ
1414 4044 1486 4112 μὴ
1527 4042 1791 4113 μεταδιδῷ
1817 4057 1828 4071 ·
1865 4043 1957 4096 καί

383 4154 494 4189 τισι
536 4135 646 4187 τῶν
685 4135 938 4204 ἀφρόνων
983 4134 1145 4186 τοῦτο
1175 4134 1398 4204 ἐποίησε
1423 4135 1483 4188 τὸ
1518 4135 1721 4203 ἀγαθὸν
1749 4135 1956 4190 οἴεσθαι

2052 2962 2234 3027 sabis,
2283 2961 2360 3015 uti
2417 2961 2486 3014 ab
2533 2960 2724 3015 eodem
2781 2958 3114 3029 neglectus:
3152 2955 3307 3010 aliter
3357 2966 3485 3006 vero
3537 2950 3644 3004 hoc

2052 3056 2313 3128 possibile
2368 3070 2479 3110 non
2525 3064 2644 3120 est,
2698 3053 2803 3109 nisi
2856 3051 3136 3107 abstineas
3173 3050 3242 3104 iis
3284 3059 3406 3119 quae
3449 3061 3556 3100 non
3587 3045 3641 3098 in

2055 3150 2216 3204 nobis
2241 3157 2394 3215 sunt,
2426 3148 2844 3215 constituasque
2875 3147 3078 3200 bonum
3101 3151 3157 3200 et
3186 3143 3390 3198 malum
3422 3141 3472 3194 in
3497 3139 3645 3194 hisce

2055 3243 2232 3298 solum
2284 3256 2406 3310 qua:
2449 3247 2577 3294 sunt
2617 3239 2672 3294 in
2715 3239 2874 3292 nobis
2908 3236 3093 3307 :quod
3138 3235 3184 3290 si
3243 3233 3371 3303 quid
3428 3232 3642 3286 illorum

2054 3332 2328 3406 putaveris
2376 3331 2603 3397 bonum,
2657 3338 2752 3385 aut
2806 3331 3033 3391 malum,
3090 3339 3376 3381 necessum
3429 3320 3646 3393 penitus

2053 3425 2177 3487 erit,
2218 3422 2437 3490 quando
2467 3421 2736 3474 excideris
2771 3422 2840 3473 ab
2877 3420 2962 3473 his
2995 3434 3117 3487 qua:
3161 3413 3422 3478 volueris,
3469 3421 3564 3468 aut
3593 3412 3646 3465 in

2057 3528 2121 3566 ea
2141 3526 2259 3581 quae
2287 3509 2449 3581 343
2485 3510 2745 3576 nolueris,
2777 3511 3054 3575 incideris,
3087 3517 3145 3563 ut
3171 3510 3237 3562 de
3259 3509 3325 3561 iis
3346 3501 3649 3574 conquera-

2056 3605 2154 3668 ris,
2191 3602 2285 3671 qui
2334 3609 2584 3655 auctores
2633 3600 2805 3665 fuere,
2845 3614 3051 3668 eosque
3083 3599 3209 3653 odio
3235 3598 3458 3652 habeas.
3491 3595 3648 3648 Inna-

2058 3701 2170 3744 tum
2196 3698 2279 3742 est
2316 3689 2516 3757 quippe
2541 3689 2690 3742 omni
2722 3687 3008 3753 animanti,
3040 3695 3101 3741 ut
3142 3702 3229 3752 ea,
3258 3701 3378 3755 qua:
3399 3683 3646 3738 nocitura

2059 3782 2308 3834 videntur
2361 3793 2662 3848 eorumque
2712 3793 2910 3834 causas
2965 3777 3161 3844 evitet,
3214 3791 3280 3831 ac
3338 3784 3646 3838 aversetur,

2060 3867 2212 3922 utilia
2251 3880 2400 3932 vero,
2444 3881 2745 3935 eorumque
2775 3880 2972 3919 causas
3003 3863 3224 3934 assequi
3253 3861 3568 3927 contendat,
3597 3872 3650 3916 et

2059 3957 2376 4011 admiretur.
2432 3954 2527 4010 Est
2583 3955 2748 4025 igitur
2807 3955 3184 4023 impossibile,
3241 3953 3390 4023 quod
3447 3951 3647 4020 aliquis

2061 4051 2287 4104 laedatur
2315 4064 2345 4102 a
2374 4064 2450 4113 re,
2482 4065 2602 4120 qua:
2629 4048 2860 4110 videtur,
2895 4046 3040 4114 quod
3069 4045 3234 4110 laedit,
3264 4045 3310 4100 si
3339 4045 3454 4115 ipse
3476 4052 3648 4114 putat,

2065 4139 2207 4209 quod
2239 4137 2503 4204 laetiﬁcat;
2549 4138 2688 4192 sicut
2721 4138 2886 4192 etiam
2914 4136 3026 4189 fieri
3058 4151 3166 4189 non
3201 4143 3398 4205 potest,
3430 4142 3489 4187 ut
3520 4133 3654 4186 laeti-

385 4227 483 4297 τὴν
523 4201 832 4294 τυραννιδα.
873 4225 968 4277 Διὰ
1003 4224 1162 4278 τοῦτο
1199 4224 1293 4278 καὶ
1324 4201 1575 4296 γεωργὸς
1604 4226 1835 4298 λοιδορεῖ
1869 4227 1945 4280 sin

2066 4201 2256 4285 licetur
2301 4231 2370 4284 ab
2423 4201 2511 4293 eo,
2539 4229 2684 4298 quod
2728 4227 2890 4282 lmdit.
2931 4228 3070 4282 Hinc
3102 4201 3264 4282 etiam
3299 4235 3450 4296 pater
3478 4241 3510 4279 a
3541 4224 3651 4277 filio

389 4315 518 4367 Θεόν
543 4331 556 4345 ·
589 4315 676 4368 διὰ
710 4313 870 4368 τοῦτο
901 4318 929 4368 ὁ
958 4316 1179 4384 ναύτης,
1202 4315 1290 4368 διὰ
1327 4314 1486 4371 τοῦτο
1513 4319 1540 4370 ὁ
1573 4316 1834 4389 ἔμπορος,
1867 4318 1961 4370 ἐπὶ

388 4406 564 4478 τούτῳ
594 4408 642 4460 οἱ
675 4407 773 4470 τὰς
811 4410 1074 4474 γυναῖκας
1111 4406 1460 4470 ἀπολύοντες,
1512 4408 1605 4460 καὶ
1661 4407 1730 4460 τά
1771 4406 1958 4462 τέκνα.

394 4501 566 4554 Ὅπου
598 4500 705 4570 γὰρ
744 4501 805 4553 τδ
835 4501 1136 4572 συμφέρον,
1165 4503 1280 4554 ἐκεῖ
1309 4502 1400 4554 καὶ
1434 4500 1496 4552 τὸ
1533 4500 1785 4566 εὐσεϐὲς,
1820 4500 1961 4554 ὥστε

391 4593 538 4656 ὅστις
581 4593 674 4645 τοῦ
718 4593 1005 4662 ὀρέγεσθαι
1038 4591 1379 4660 ἐπιμελεῖται
1415 4583 1490 4644 ὧν
1523 4590 1604 4644 δεῖ
1641 4593 1736 4645 καὶ
1777 4591 1964 4646 ἐκκλί-

392 4701 526 4747 νειν,
557 4685 615 4736 ἐν
635 4684 811 4754 τούτῳ
865 4684 959 4736 καὶ
987 4683 1268 4746 εὐσεϐείας
1297 4682 1657 4754 ἐπιμελεῖται.
1693 4685 1966 4754 Προσήκει

2066 4323 2396 4378 contumelia
2439 4320 2698 4385 afficitur,
2727 4320 2945 4391 quando
2984 4333 3048 4374 ea
3079 4335 3201 4388 qua:
3231 4319 3375 4372 bona
3403 4318 3654 4371 videntur

2065 4411 2199 4476 lilio,
2233 4426 2342 4464 non
2367 4411 2466 4480 ipsi
2494 4411 2838 4480 impertiatur
2869 4429 2882 4464 :
2916 4411 3168 4466 similiter
3191 4408 3519 4478 quibusdam
3549 4406 3652 4459 im-

2065 4504 2428 4574 prudentibus
2467 4503 2520 4558 id
2563 4503 2616 4558 in
2671 4518 2839 4558 causa
2889 4501 3012 4568 fuit,
3059 4510 3118 4556 ut
3150 4500 3295 4570 quod
3327 4500 3469 4553 bona
3509 4505 3654 4552 esset

2074 4595 2322 4665 tyrannis
2351 4595 2750 4650 existimarent.
2804 4594 2928 4649 Ideo
2959 4592 3197 4662 agricola
3228 4603 3448 4660 quoque
3482 4588 3652 4642 Deum

2075 4688 2313 4742 convitio
2339 4689 2547 4758 carpit;
2578 4687 2703 4742 ideo
2730 4695 2931 4752 nauta;
2965 4683 3088 4740 ideo
3122 4691 3428 4747 mercator;
3460 4681 3580 4734 ideo
3605 4690 3656 4734 et

395 4775 533 4828 κατὰ
580 4775 838 4847 ἀλήθειαν
894 4775 1160 4828 ἅπτεσθαι
1207 4774 1390 4846 ἔργου,
1449 4775 1723 4845 καθαρῶς,
1769 4778 1863 4828 καὶ
1895 4777 1945 4845 μὲ

2071 4779 2160 4848 qui
2192 4794 2394 4834 uxores
2423 4779 2726 4842 dimittunt,
2762 4793 2828 4832 ac
2869 4777 3033 4832 filios.
3060 4774 3137 4830 lta
3187 4783 3247 4829 ut
3279 4775 3348 4838 is,
3376 4773 3462 4826 cui
3493 4784 3656 4839 appe-

395 4868 859 4938 ἐπισεσυρμένως.
905 4867 1037 4938 μηδέ
1084 4865 1321 4937 ἀμελῶς,
1359 4866 1493 4937 μηδέ
1526 4884 1590 4936 γε
1636 4868 1963 4938 αἰσχροκερ-

396 4960 522 5023 δῶς,
558 4960 691 5028 μηδέ
723 4959 865 5030 ὑπὲρ
895 4959 1148 5030 δύναμιν.

2059 4877 2182 4936 tere
2214 4884 2358 4923 curae
2403 4868 2475 4923 sit
2517 4877 2571 4922 et
2617 4868 2892 4923 declinare
2945 4868 3039 4922 illa
3084 4881 3206 4937 qua:
3243 4865 3416 4926 decet,
3455 4863 3508 4917 in
3553 4861 3658 4915 hoc

2069 4959 2231 5014 etiam
2261 4969 2471 5030 satagat
2501 4975 2704 5016 curans
2732 4960 3014 5030 pietatem.
3049 4959 3200 5029 Opus
3244 4958 3410 5030 igitur
3438 4954 3658 5027 aggredi

399 5056 651 5110 convenit
683 5071 830 5122 vere,
895 5071 960 5112 ac
1026 5071 1180 5127 pure,
1247 5071 1347 5111 nec
1380 5055 1760 5126 incomposite,
1795 5070 1970 5125 neque
1997 5056 2354 5128 negligenter,
2407 5072 2584 5128 neque
2629 5055 2908 5112 sordidum
2961 5055 3032 5111 ob
3076 5055 3312 5120 lucrum,
3362 5067 3465 5107 nec
3491 5065 3658 5120 supra

400 5148 566 5202 vires.

981 5243 1234 5299 ΚΕΦᾹΛ.
1267 5243 1392 5300 ΛΘ’.

472 5330 644 5394 Τάξον
680 5332 802 5385 τινὰ
850 5335 1022 5398 εἴδους
1052 5337 1377 5409 χαρακτῆρα
1418 5335 1620 5407 σαυτῷ,
1650 5337 1745 5389 καὶ
1781 5336 1975 5401 τύπον,

403 5420 462 5473 ὃν
499 5423 752 5490 φυλάξεις
787 5427 879 5478 ἐπί
921 5444 979 5478 τε
1019 5428 1215 5481 σαυτοῦ
1249 5427 1349 5493 ὣν,
1391 5428 1485 5482 καὶ
1529 5425 1840 5498 ἀνθρώποις
1887 5428 1976 5480 ἐν·-

406 5528 437 5566 τ
449 5514 709 5583 δῖ’χάνων,

1000 5609 1251 5663 ΚΕΦΑΛ.
1289 5609 1381 5664 Μ’.

480 5693 667 5767 Σιωπή
691 5697 752 5752 τὸ
779 5697 912 5753 πολὺ
939 5697 1096 5768 ἔστω,
1120 5699 1152 5770 ἢ
1182 5699 1446 5756 λαλεῖσθω
1473 5701 1541 5758 τὰ
1564 5701 1861 5772 ἀναγκαῖα,
1886 5701 1977 5756 καὶ

2608 5237 2838 5296 CAPUT
2878 5235 3128 5294 XXXIX.

2153 5334 2438 5388 Constitne
2492 5331 2590 5388 tibi
2639 5333 2740 5402 ipsi
2793 5331 3088 5402 quamdam
3123 5327 3295 5384 modi.
3329 5324 3560 5381 formam
3609 5327 3662 5376 et

2084 5426 2384 5494 exemplar,
2409 5425 2557 5496 quod
2587 5425 2867 5489 observes,
2908 5436 3020 5478 tum
3061 5420 3282 5493 quando
3321 5429 3500 5475 tecum
3529 5415 3659 5480 eris,

2084 5526 2197 5572 tum
2223 5513 2441 5588 quando
2480 5533 2602 5572 cum
2637 5516 2950 5572 hominibus
2979 5514 3238 5586 loqueris.

2685 5603 2913 5663 CAPUT
2949 5605 3064 5660 XL.

2162 5699 2446 5757 Silentium
2481 5708 2541 5757 ut
2582 5699 2878 5772 plurimum
2911 5699 3013 5767 sit;
3043 5696 3126 5754 vel
3160 5692 3462 5775 necessaria
3487 5690 3664 5773 disse~
