3990 6204
246 245 527 338 nam,

1771 260 2069 322 SPURIA.

3432 280 3559 347 1304

312 366 526 425 rantur,
562 364 613 412 et
637 358 824 427 paucis
848 358 1047 421 verbis,
1086 361 1129 415 si
1157 365 1378 431 quando
1411 380 1539 419 vero
1574 372 1883 439 tempestiva

2001 371 2061 423 δι’
2094 372 2308 441 ὀλίγων,
2344 376 2584 439 σπανίως
2623 377 2680 430 δέ
2714 396 2841 431 ποτε
2882 382 3073 451 καιροῦ
3119 388 3563 456 παρακαλοῦντος

313 443 530 495 occasio
574 444 871 509 advocarit,
909 461 1035 500 raro
1058 447 1123 501 ad
1178 448 1342 520 3M
1371 450 1644 509 eﬂatndum
1699 472 1892 526 proce-

318 532 534 597 damus,
570 549 755 587 verum
792 551 899 590 non
926 537 991 591 de
1028 538 1132 591 ulla
1168 554 1225 593 re
1258 541 1485 610 vulgari,
1516 560 1622 599 non
1664 548 1730 601 de
1775 549 1891 619 gla-

321 619 589 671 diatorum
637 619 802 687 ludis,
849 636 956 675 non
1010 625 1076 678 de
1131 641 1397 695 equorum
1452 632 1888 701 decursionibus,

1994 464 2086 515 ἐπὶ
2122 464 2183 516 τὸ
2207 463 2385 531 λέγειν
2422 466 2673 536 ἦξωμεν·
2723 469 2857 523 ἀλλά
2907 472 3035 541 περὶ
3069 473 3294 542 μηδενὸς
3336 476 3444 530 τῶν
3472 498 3562 533 τυ-

1994 551 2218 620 χόντων,
2246 554 2319 623 μὴ
2354 556 2482 623 περὶ
2512 558 2877 627 μονομαχιῶν,
2904 560 2979 631 μὴ
3006 564 3134 632 περὶ
3167 566 3559 638 ίπποδρομίων,

1996 642 2070 711 μὴ
2138 644 2265 713 περὶ
2324 644 2591 715 ἀθλητῶν,
2661 649 2734 720 μὴ
2802 650 3126 723 βρωμάτων,
3182 656 3214 727 ἢ
3277 660 3559 729 πομάτων,

240 762 243 763 ν
316 723 425 760 non
456 708 523 761 de
567 709 806 775 athletis,
843 728 947 767 non
980 714 1047 768 de
1099 716 1256 780 cibis,
1290 730 1383 773 aut
1433 723 1675 789 potibus,
1713 727 1794 780 vel
1826 728 1883 781 de

321 798 732 821 ηηεμηωυμ,
803 803 961 821 μιν
1240 817 1249 821 Α
1446 811 1457 821 .
1809 816 1820 821 -

2001 708 2025 804 il
2060 708 2173 788 ⁷τῶν
2211 708 2524 806 *ἑκασταέοῦ
2580 708 3563 821 λεγομέν1ων,ιμάλιστα’δὲ-γμΐῃῂπερί

316 798 737 870 quibuscunque
803 803 967 858 rebus
1030 804 1257 861 ubilibet
1313 811 1515 877 passim
1585 816 1889 884 enarratis;

314 894 663 960 putissimum
713 911 844 951 vero
888 913 994 952 non
1051 901 1116 955 de
1172 902 1393 958 homine
1441 906 1888 975 reprehendente,

317 984 397 1039 vel
426 984 758 1053 dilaudante,
795 990 880 1043 vel
911 1002 1279 1062 comparantc.

902 1102 1132 1157 CAPUT
1172 1104 1305 1159 XLI.

388 1188 444 1240 Si
472 1203 603 1258 ergo
621 1191 864 1258 potueris
889 1193 1127 1249 transfer
1149 1206 1271 1252 tuos
1293 1214 1597 1265 sermones,
1622 1212 1675 1256 et
1701 1217 1888 1258 eorum

313 1277 405 1344 qui
444 1286 619 1333 tecum
660 1290 815 1346 sunt,
870 1283 937 1338 ad
982 1285 1033 1339 id
1085 1290 1230 1356 quod
1279 1289 1466 1357 decet;
1511 1294 1557 1346 si
1590 1309 1719 1349 vero
1749 1297 1888 1364 apud

314 1377 585 1425 extranea:
607 1375 783 1443 gentis
817 1375 1066 1432 homines
1102 1379 1268 1436 fueris
1300 1382 1650 1451 interceptus.
1677 1395 1814 1443 tace.

886 1486 1116 1541 CAPUT
1150 1489 1308 1544 XLII.

382 1570 549 1627 Risus
571 1588 639 1628 ne
668 1575 871 1631 multus
924 1578 1014 1642 sit,
1034 1595 1209 1650 neque
1247 1582 1568 1647 dissolutus,
1605 1601 1777 1656 neque
1813 1589 1889 1659 ob

314 1664 505 1718 multa.

886 1778 1112 1835 CAPUT
1141 1782 1319 1837 XLIII.

383 1863 773 1933 Jusjurandum
809 1886 1021 1937 recusa,
1057 1874 1100 1928 si
1128 1883 1281 1943 potes
1313 1876 1637 1945 quidem,ad
1673 1880 1890 1945 omnia;

314 1957 396 2011 sin
430 1972 610 2024 secus,
645 1970 906 2029 quantum
945 1963 1057 2017 ﬁeri
1092 1975 1286 2033 potest.

879 2075 1109 2131 CAPUT
1144 2077 1329 2133 XLIV.

388 2162 589 2233 Epulas
640 2175 914 2232 externas,
968 2182 1022 2223 et
1086 2173 1374 2241 populares
1434 2175 1617 2244 rejice,
1676 2177 1790 2241 sed,
1848 2178 1894 2233 si

1993 823 2279 894 ἄνθρωπον
2308 826 2560 899 ψέγοντα,
2585 831 2619 903 ἢ
2653 832 2998 901 ἐπαινοῦντα,
3027 838 3058 908 ἢ
3089 841 3463 908 συγκρίνοντα.

2567 1117 2816 1172 ΚΕΦΑΛ.
2852 1120 2988 1175 MA’.

2076 1202 2199 1256 Ἐὰν
2248 1204 2349 1273 μὲν
2393 1202 2484 1259 οὖν
2529 1202 2642 1270 οἷός
2681 1206 2807 1280 τεῇ
2861 1212 3003 1279 μέτα
3052 1230 3115 1280 γε
3162 1217 3288 1277 τοὺς
3324 1219 3447 1279 σοὺς
3475 1220 3560 1274 λό-

1991 1309 2140 1359 γους,
2201 1296 2295 1348 καὶ
2345 1299 2472 1359 τοὺς
2526 1298 2635 1350 τῶν
2689 1301 2954 1355 συνόντων
3010 1306 3101 1358 ἐπὶ
3150 1308 3213 1359 τὸ
3263 1312 3557 1381 προσῆκον.

1991 1385 2053 1436 Εἰ
2079 1385 2133 1437 δὲ
2159 1388 2216 1437 ἐν
2239 1386 2557 1456 ἀλλοφύλοις
2585 1390 2919 1461 ἀποληφθεὶς
2951 1395 3154 1465 τύχοις,
3183 1398 3381 1454 σιώπα.

2569 1505 2821 1559 ΚΕΦΑΛ.
2852 1508 2984 1561 ΜΒ’.

2062 1589 2239 1652 Γέλως
2274 1589 2348 1662 μὴ
2387 1591 2555 1656 πολὺς
2588 1592 2746 1656 ἔστω,
2784 1596 2917 1666 μηδὲ
2964 1600 3268 1668 ἀνειμένος,
3303 1600 3437 1671 μηδὲ
3465 1603 3555 1654 ἐπὶ

1920 1704 1961 1758 Β
1993 1679 2227 1743 πολλοῖς.

2570 1799 2818 1853 ΚΕΦΛΛ.
2849 1802 2979 1854 ΜΡ.

1992 1924 1999 1937 .
2068 1886 2270 1956 Ὅρκον
2303 1888 2661 1960 παραίτησαι,
2698 1892 2746 1943 εἰ
2776 1893 2879 1961 μὲν
2907 1888 3017 1946 οἶόν
3051 1910 3108 1946 τε
3134 1895 3213 1956 εἰς
3244 1893 3409 1957 ἅπαν,
3431 1895 3478 1947 εἰ
3501 1893 3557 1950 δὲ

2000 1976 2093 2046 μὴ,
2126 1977 2190 2029 ὲκ
2218 1978 2325 2030 τῶν
2356 1980 2603 2033 ἐνόντων.

2572 2094 2823 2146 ΚΕΦΑΛ.
2849 2094 2979 2147 MA'.

2077 2180 2377 2245 Ἐστιάσεις
2396 2183 2494 2244 τὰς
2522 2182 2627 2249 ἔξω
2675 2184 2768 2236 καὶ
2793 2183 3064 2246 ἰδιωτικὰς
3089 2184 3397 2255 διακρούου.
3436 2184 3562 2240 Ἐὰν

318 2260 533 2322 tempus
560 2256 852 2326 aliquando
886 2260 1096 2327 tulerit,
1129 2277 1159 2316 a
1203 2272 1255 2317 te
1302 2264 1622 2320 adhibeatur
1668 2268 1883 2323 attentio

2001 2271 2050 2324 δέ
2080 2289 2208 2325 ποτε
2233 2274 2455 2343 γένηται
2481 2274 3010 2343 καιρὸς,’ὲντετάσθω
3041 2292 3122 2329 σοι
3150 2278 3181 2346 ἡ
3211 2279 3450 2348 προσοχὴ
3485 2280 3559 2349 μή

318 2357 388 2396 ne
421 2342 555 2400 forte
583 2347 976 2405 subterlabaris
1007 2351 1060 2405 in
1088 2352 1362 2424 vulgarem
1399 2358 1850 2413 consuetudinem
1876 2379 1889 2414 :

1996 2380 2128 2415 ποτε
2175 2363 2283 2434 ἄρα
2328 2364 2608 2436 ὑπορῤυῇς
2659 2367 2737 2429 εἰς
2789 2364 3130 2435 ἰδιωτισμόν·
3186 2366 3293 2420 ἴσθι
3340 2368 3448 2439 γὰρ
3479 2371 3558 2422 ὅτι

317 2432 462 2488 Scias
483 2435 651 2499 enim,
696 2438 840 2506 quod
870 2440 914 2493 si
947 2441 1150 2495 sodalis
1189 2442 1261 2497 sit
1310 2444 1571 2514 pollutus,
1608 2460 1883 2501 necessum

2001 2455 2092 2506 ἐὰν
2115 2456 2147 2508 ὁ
2169 2432 2447 2529 ἑταῖρος
2472 2432 2897 2527 μεημολυσμένος,
2930 2432 3023 2510 καὶ
3054 2456 3143 2510 τὸν
3174 2432 3561 2531 συνανατριὸό-

316 2531 398 2575 est
444 2539 568 2579 eum
625 2528 717 2599 qui
771 2544 897 2583 cum
952 2530 1046 2585 illo
1095 2546 1450 2591 conversatur
1489 2538 1654 2592 simul
1700 2540 1889 2609 pollui,

318 2617 566 2680 quamvis
606 2617 719 2690 ipse
742 2635 912 2688 purus
950 2623 1242 2679 exstiterit.

790 2734 953 2806 31.5
990 2737 1223 2794 CAPUT
1269 2739 1430 2795 XLV.

390 2815 522 2883 Qua:
544 2822 791 2889 corporis
815 2833 944 2878 sunt
965 2841 1123 2882 sume
1145 2828 1211 2882 ad
1236 2829 1434 2884 exilem
1467 2840 1677 2886 tantum
1704 2849 1889 2901 usum,

320 2908 469 2965 γνιυι
499 2910 753 2966 alimenta
777 2953 792 2978 ,
830 2915 1106 2982 potionem
1131 2958 1146 2982 ,
1166 2991 1172 2997 η
1192 2919 1475 2986 amictum,
1522 2922 1884 2991 domicilium,

1999 2564 2158 2616 μενον
2205 2548 2354 2618 αὐτῷ
2398 2548 2839 2618 συμμολύνεσθαι
2876 2549 3112 2619 ἀνάγκη,
3153 2551 3255 2604 κᾶν
3290 2551 3451 2615 αὐτὸς
3483 2551 3560 2605 ὢν

1993 2639 2133 2711 τύχῃ
2164 2640 2421 2711 καθαρός.

2571 2753 2822 2808 ΚΕΦΔΛ.
2853 2754 2983 2807 ME“.

2064 2843 2143 2896 Τὰ
2172 2844 2298 2915 περὶ
2334 2844 2393 2898 τὸ
2433 2846 2589 2915 σῶμα
2620 2845 2782 2916 μέχρι
2819 2847 2918 2917 τῆς
2955 2847 3142 2917 χρείας
3180 2847 3343 2917 ψιλῆς
3381 2865 3562 2918 παρα-

1992 2935 2257 3005 λάμϐανε,
2288 2930 2397 2989 οἷον
2431 2938 2636 3008 τροφὰς
2657 2978 2670 3003 ,
2704 2938 2874 3009 πόμα,
2913 2940 3245 3009 ἀμπεχόνην,
3276 2940 3511 2993 οἰκετίαν
3545 2955 3561 2973 ⁸

320 3001 680 3070 famulitium;
714 3020 836 3076 qum
872 3022 1001 3063 vero
1031 3010 1099 3064 ad
1129 3012 1484 3082 voluptatem,
1519 3015 1883 3085 autgloriam,

2001 3001 2139 3079 "te:
2164 3026 2299 3097 πρὸς
2323 3001 2594 3099 ἡδονὶξνίῆ
2627 3001 2802 3097 δόξαν,
2903 3001 3133 3101 τρυφῆξι,
3160 3001 3373 3084 ἅπαντα
3404 3029 3558 3101 περί-

319 3104 409 3149 aut
443 3095 710 3153 luxuriam
744 3109 892 3166 sunt,
926 3103 1107 3157 omnia
1148 3103 1290 3165 dele.

878 3212 1104 3272 CAPUT
1142 3218 1325 3274 XLVI.

388 3300 589 3370 Siquis
620 3304 719 3358 tihi
767 3309 1184 3375 renuntiaverit,
1225 3314 1367 3381 quod
1416 3315 1687 3384 quispiam
1739 3318 1806 3373 de
1836 3327 1886 3372 te

320 3391 458 3445 male
486 3392 645 3458 dicit,
695 3410 764 3450 ne
792 3411 1021 3454 excuses
1050 3415 1144 3465 ea,
1178 3417 1300 3471 quae
1328 3404 1394 3457 de
1430 3414 1482 3458 te
1519 3406 1662 3460 dicta
1716 3414 1884 3475 sunt,

316 3482 409 3536 sed
444 3486 739 3553 responde,
780 3490 922 3557 quod
956 3490 1175 3560 Ignorat
1210 3494 1337 3559 alia,
1374 3511 1501 3565 quae
1529 3498 1661 3551 mihi
1699 3499 1887 3554 insunt

316 3578 496 3643 mala;
532 3579 772 3647 alioquin
806 3597 914 3636 non
948 3585 1063 3639 sola
1100 3586 1214 3642 haec
1242 3588 1465 3644 diceret.

861 3693 1089 3752 CAPUT
1128 3697 1336 3754 XLVII.

386 3781 503 3836 Non
542 3793 625 3838 est
655 3785 949 3841 honestum
991 3789 1044 3843 in
1096 3791 1367 3847 theatrum
1414 3796 1654 3863 prodire,
1708 3815 1885 3870 neque

314 3878 379 3926 ad
414 3876 622 3945 aliquos
654 3878 954 3934 audiendos
992 3890 1227 3947 temere,
1276 3894 1370 3940 aut
1400 3885 1558 3942 facile
1588 3889 1880 3958 devenias;

313 3966 396 4019 sin
426 3976 606 4021 autem
640 3972 940 4026 accesseris
962 4013 975 4037 ,
1020 3973 1233 4028 custodi
1287 3976 1626 4046 gravitatem,
1667 3987 1720 4033 et
1751 3995 1883 4035 con-

314 4060 593 4125 stantiam,
629 4060 903 4132 simulque
933 4078 1084 4131 cavc,
1126 4080 1193 4119 ne
1225 4067 1386 4121 alicui
1415 4068 1491 4121 sis
1523 4082 1808 4126 onerosus.

845 4174 1073 4232 CAPUT
1112 4176 1345 4237 XLVIII.

386 4288 521 4341 Cum
583 4288 827 4344 futurum
878 4293 951 4346 sit
1006 4303 1066 4347 ut
1116 4308 1377 4350 occurras
1431 4297 1592 4352 alicui
1646 4314 1878 4366 eorum,

1989 3135 2186 3189 γραφει

2551 3235 2801 3291 ΚΕΦΑΛ.
2845 3237 2995 3303 Μετ’.

2071 3322 2195 3376 Ἐάν
2217 3322 2299 3386 τίς
2348 3340 2428 3376 σοι
2476 3322 2793 3395 ἀπαγγέλλῃ
2823 3325 2903 3376 ὅτι
2932 3327 2960 3377 ὁ
2986 3324 3133 3377 δεῖνά
3165 3341 3223 3376 σε
3259 3322 3443 3386 κακῶς
3470 3323 3558 3379 λέ·-

1988 3433 2094 3483 γει,
2130 3414 2203 3486 μὴ
2236 3415 2502 3485 ἀπολογοῦ
2535 3415 2670 3485 πρὸς
2696 3415 2764 3468 τά
2794 3415 3076 3485 λεχθέντα,
3101 3415 3214 3469 ἀλλ’
3242 3415 3559 3482 ἀποκρίνου,

1986 3507 2118 3559 διότι
2162 3508 2346 3577 ἠγνόει
2383 3507 2447 3560 τὰ
2482 3507 2615 3560 ἄλλα
2650 3506 2718 3560 τὰ
2745 3507 3015 3576 προσόντα
3045 3524 3134 3578 μοι
3154 3507 3315 3563 κακάέ
3342 3508 3463 3560 ἐπεὶ
3495 3507 3563 3566 οὐ

1988 3595 2089 3649 κᾶν
2122 3596 2295 3651 ταῦτα
2322 3597 2458 3667 μόνα
2496 3596 2699 3664 ἔλεγεν.

2569 3708 2817 3760 ΚΕΦΑΛ.
2848 3707 2979 3761 MZ'.

2057 3799 2131 3851 Οὐ
2174 3798 2334 3852 καλὸν
2371 3798 2434 3852 τὸ
2482 3798 2736 3869 παριέναι
2776 3799 2856 3860 εἰς
2896 3797 3142 3867 θέατρον,
3183 3800 3264 3860 εἰς
3293 3797 3563 3869 ἀκρόασινΔ

1985 3906 2166 3952 τινων,
2219 3890 2292 3958 μὴ
2334 3891 2477 3959 εἰκῆ,
2523 3891 2662 3959 μήτε
2701 3888 2897 3959 ῥᾳδίως
2945 3889 3133 3958 πάριθι
3169 3904 3185 3920 ο
3241 3889 3455 3959 παριὼν
3499 3889 3557 3943 δὲ

1984 3982 2044 4034 τὸ
2079 3982 2292 4049 σεμνὸν,
2324 3982 2417 4034 καὶ
2452 3981 2511 4035 τὸ
2541 3980 2820 4046 εὐσταθὲς,
2864 3981 2960 4038 καὶ
2987 3980 3102 4051 ἅμα
3128 3981 3431 4050 ἀνεπαχθὲς
3459 3982 3559 4049 φύε

1983 4069 2165 4123 λασσε.

2551 4183 2802 4239 ΚΕΦΑΛ.
2834 4184 2975 4237 MH’.

2056 4292 2225 4346 Ὅταν
2271 4292 2376 4345 τινὶ
2421 4291 2619 4364 μέλλῃς
2666 4293 3011 4362 ωμόἀλλειν,
3071 4294 3304 4363 μάλιστα
3343 4296 3451 4348 τῶν
3498 4294 3563 4347 ὲν

315 4377 552 4431 maxime
579 4378 675 4446 qui
715 4377 787 4431 ob
816 4381 1170 4436 eminentiam
1214 4395 1343 4439 sunt
1382 4386 1563 4457 aliqua
1600 4390 1883 4444 existima-

2001 4386 2226 4455 ὕπεροχῇ
2274 4382 2593 4447 δοκούντων,
2631 4383 2867 4453 πρόϐαλε
2908 4384 3122 4453 σεαυτῷ
3148 4386 3201 4436 τί
3236 4387 3301 4439 ἂν
3332 4386 3557 4454 ἐποίησὲ

315 4467 482 4533 tione,
531 4482 774 4537 propone
811 4471 908 4525 tibi
941 4472 1041 4541 ipsi
1075 4474 1333 4544 quidnam
1365 4476 1555 4532 fecerit
1591 4481 1790 4549 aliquis
1817 4495 1884 4536 ex

314 4558 446 4613 viris
487 4558 683 4614 virtute
714 4561 979 4631 praeditis,
1018 4564 1208 4633 sicque
1241 4582 1347 4620 non
1391 4568 1660 4638 indigebis
1699 4571 1888 4633 modo,

313 4666 423 4721 quo
453 4651 708 4707 decenter
738 4663 790 4708 te
818 4669 973 4723 geras
1015 4654 1068 4708 in
1104 4671 1163 4711 re
1190 4668 1537 4717 occurrente.

874 4764 1101 4821 CAPUT
1138 4764 1322 4820 XLIX.

382 4876 613 4943 Quando
641 4880 707 4932 ad
753 4879 987 4949 aliquem
1034 4881 1265 4935 ventitas
1315 4897 1377 4935 ex
1431 4883 1499 4937 iis
1548 4883 1641 4951 qui
1688 4899 1882 4954 magna

313 4978 572 5037 pnestant
618 4979 916 5040 potestate,
952 4972 1050 5027 tibi
1086 4973 1186 5042 ipsi
1221 4972 1385 5044 346
1422 4986 1683 5043 prepone,
1738 4974 1882 5043 quod

309 5074 435 5114 eum
488 5076 594 5117 non
653 5063 899 5119 invenies
938 5065 1121 5130 intus,
1174 5067 1317 5134 quod
1357 5065 1696 5131 excluderis,
1739 5066 1882 5134 quod

318 5159 411 5210 tibi
446 5158 591 5213 fores
630 5160 997 5226 excutientur,
1040 5160 1185 5230 quod
1220 5160 1266 5214 is
1301 5160 1368 5215 de
1398 5170 1449 5214 te
1497 5173 1603 5213 non
1635 5160 1880 5225 curabit;

316 5251 474 5317 sique
501 5250 650 5319 ipsos
708 5242 998 5305 convenire
1037 5250 1202 5305 fuerit
1235 5261 1687 5316 consentaneum,
1728 5266 1885 5309 acce-

315 5340 450 5394 dctis
483 5341 677 5406 tolera,
716 5356 838 5410 quae
867 5341 1007 5395 fiunt
1030 5381 1044 5404 ,
1086 5350 1140 5396 et
1190 5357 1459 5411 nusquam
1488 5342 1637 5397 dicas
1672 5342 1785 5412 ipse
1815 5344 1883 5399 ad

314 5431 549 5498 teipsum
587 5432 741 5502 :Ego
795 5447 902 5486 non
958 5432 1093 5486 tanti
1145 5433 1419 5499 aestimor;
1471 5433 1521 5487 id
1573 5434 1717 5487 enim
1768 5436 1884 5503 ple-

317 5522 499 5575 beium
551 5532 673 5589 est,
724 5540 787 5579 ac
840 5526 1027 5579 tritum
1072 5525 1223 5597 jam,
1277 5535 1329 5580 et
1372 5526 1648 5595 vulgatum
1705 5523 1883 5595 quoad

317 5612 606 5666 exteriora.

1985 4492 2068 4538 τις
2093 4475 2199 4527 τῶν
2224 4473 2513 4543 ὲναρέτων,
2557 4474 2649 4526 καὶ
2677 4474 2778 4526 οὐκ
2810 4475 3105 4545 ἀπορήσεις
3126 4473 3218 4527 τοῦ
3251 4473 3556 4551 χρήσασθαι

1985 4568 2365 4641 προσηκόντως
2388 4568 2465 4637 τῷ
2486 4568 2795 4638 ἐμπεσόντι.

2558 4773 2813 4857 μΕΦΛΛ.
2840 4773 2968 4826 MO’.

2058 4889 2225 4942 Ὅταν
2275 4889 2464 4958 φοιτᾷς
2506 4887 2642 4957 πρός
2694 4904 2814 4941 τινα
2860 4886 2967 4941 τῶν
3026 4885 3169 4956 μέγα
3220 4884 3557 4954 δυναμένων,

1984 4982 2222 5052 πρόϐαλε
2254 4979 2465 5050 σεαυτῷ
2489 5021 2505 5047 ,
2535 4980 2616 5033 ὅτι
2656 4979 2753 5049 οὐχ
2785 4980 3035 5050 εὑρήσεις
3068 4979 3226 5034 αὐτὸν
3253 4978 3397 5031 ἔνδον
3421 5018 3434 5043 ,
3472 4978 3554 5029 ὅτι

1984 5073 2409 5144 ἀποκλεισθήσῃ,
2449 5073 2529 5126 ὅτι
2553 5070 3020 5142 ἑντιναχθήσονται
3043 5088 3123 5123 σοι
3158 5072 3212 5122 αἱ
3244 5068 3439 5137 θύραι,
3470 5069 3554 5123 ὅτι

1983 5166 2043 5217 οὐ
2075 5166 2317 5233 φροντιεῖ
2333 5181 2447 5226 σου,
2471 5165 2573 5217 κᾶν
2597 5164 2692 5217 σὺν
2711 5163 2891 5225 αὐτοῖς
2919 5161 3091 5214 ἐλθεῖν
3126 5160 3361 5230 καθήκῃ,
3386 5157 3553 5211 ἐλθὼν

1984 5255 2117 5327 φέρε
2152 5256 2221 5309 τά
2252 5255 2538 5325 γενόμενα,
2574 5254 2667 5307 καὶ
2699 5253 2967 5323 μηδέποτε
3013 5253 3171 5324 εἴπῃς
3217 5251 3380 5314 αὐτὸς
3418 5248 3552 5318 πρὸς

1983 5347 2193 5412 ἑαυτὸν,
2224 5348 2306 5400 ὅτι
2339 5348 2439 5400 οὐκ
2466 5342 2533 5418 ἦν
2560 5344 2834 5399 τοσούτου·
2869 5344 3132 5400 ἰδιωτικὸν
3159 5342 3287 5414 γὰρ,
3326 5342 3417 5401 καὶ
3440 5340 3555 5397 δια·

1984 5438 2316 5510 ϐεϐλημένον
2350 5440 2485 5510 πρὸς
2505 5439 2571 5491 τά
2601 5438 2776 5501 ἐκτός.
