3990 6204
339 315 479 384 1305

933 434 1184 488 ΚΕΦΑΛ.
1237 436 1317 489 N’.

416 547 504 600 Ἐν
556 549 674 611 ταῖς
725 547 962 617 ὁμιλίαις
1021 549 1238 602 ἀπέστω
1292 550 1352 602 τὸ
1410 550 1518 602 τῶν
1572 553 1736 605 αὑτοῦ
1796 571 1916 606 τινα

338 637 534 707 ἔργων,
570 637 665 690 καὶ
704 638 964 691 κινδύνων
994 639 1086 690 ἐπὶ
1121 638 1282 702 πολὺ,
1310 639 1404 692 καὶ
1433 642 1685 712 ἀμέτρως
1716 644 1918 712 μεμνῆ-

339 733 464 784 σθαι
483 749 497 763 ·
535 732 596 784 ού
626 731 733 802 γὰρ
760 731 833 794 ὥς
867 748 946 785 σοι
970 731 1067 802 ήδύ
1102 735 1218 784 ἐστι
1249 733 1356 784 τῶν
1389 735 1495 786 σῶν
1522 735 1782 788 κινδύνων
1822 753 1916 804 με-

341 822 596 892 μνῆσθαι,
622 821 764 876 οὓτω
795 823 1016 885 καὶτοῖς
1044 822 1223 886 ἄλλοις
1244 824 1342 894 ἡδύ
1373 825 1486 876 ἐστι
1517 824 1628 878 τῶν
1667 842 1750 878 σοι
1778 843 1915 896 συμ-

339 912 648 986 ϐεϐηκότων
676 913 893 977 πυκνῶς
913 913 1155 968 ἀκούειν.

920 1027 1170 1080 ΚΕΦΑΛ.
1206 1027 1333 1080 ΝΑ’.

423 1137 668 1190 ’Δπέστω
694 1137 751 1190 δὲ
801 1140 896 1191 καὶ
937 1138 998 1191 τὸ
1026 1137 1236 1205 γέλωτα
1263 1141 1456 1202 κινεῖν,
1497 1139 1784 1210 ὀλισθηρὸς
1810 1138 1919 1209 γὰρ

341 1231 368 1282 ὁ
417 1230 617 1299 τρόπος
656 1231 735 1294 είς
781 1231 1068 1294 ἰδιωτικὸν,
1119 1232 1212 1284 καὶ
1252 1232 1397 1301 μάλα
1433 1232 1617 1294 ἱκανὸς
1644 1231 1743 1302 τὴν
1787 1231 1920 1284 αἰδὼ

343 1321 437 1392 τὴν
472 1323 606 1390 πρὸς
638 1322 696 1374 σὲ
725 1322 832 1374 τῶν
867 1322 1091 1392 πλησίον
1121 1325 1354 1375 ἀνεῖναι.

927 1523 1174 1576 ΚΕΦΑΛ.
1217 1523 1342 1576 NB'.

427 1631 750 1700 Ἐπισφαλὲς
787 1632 842 1685 δὲ
875 1633 968 1685 καὶ
1006 1631 1066 1684 τὸ
1114 1635 1191 1697 είς
1230 1634 1607 1704 αἰσχρολογίαν
1639 1636 1918 1704 ἐμπεσεῖν·

1594 327 1936 388 EPICTETI
1976 327 2134 390 MAN
2143 333 2357 391 UALE.

3447 328 3584 392 I306

2634 441 2860 500 CAPUT
2898 444 2958 497 L.

2086 559 2140 612 lu
2173 560 2460 628 colloquiis
2503 559 2863 612 familiaribus
2908 557 3084 620 absit,
3136 563 3195 608 ut
3239 546 3578 626 plerumque,

2017 665 2080 704 ac
2118 650 2407 703 immodice
2436 651 2615 718 aliqua
2663 664 2692 702 c
2739 649 2844 702 tuis
2894 647 3172 716 operibus,
3211 660 3275 699 ac
3327 647 3583 715 periculis

2017 755 2446 803 commemores;
2482 755 2580 793 nec
2629 739 2772 792 enim
2811 738 2932 792 aliis
2964 747 3048 791 est
3090 737 3282 798 dulce,
3327 752 3448 806 qua:
3488 737 3583 790 tibi

2018 831 2366 899 contigerunt
2412 829 2600 882 audire
2652 827 2985 896 frequenter,
3031 835 3091 881 ut
3139 842 3303 882 suave
3353 835 3437 880 est
3488 825 3584 879 tibi

2020 932 2236 975 tuorum
2268 920 2634 990 periculorum
2669 918 3000 972 meminisse.

2630 1029 2856 1085 CAPUT
2897 1028 2982 1084 Ll.

2091 1149 2195 1203 Sed
2250 1149 2410 1202 etiam
2469 1147 2632 1210 absit,
2693 1154 2753 1199 ut
2809 1145 2981 1199 risum
3045 1156 3444 1197 commoveas:
3497 1141 3588 1196 ille

2020 1241 2221 1310 quippe
2266 1241 2460 1294 modus
2492 1239 2544 1292 in
2591 1239 2871 1308 vulgarent-
2910 1234 3358 1290 consuetudinem
3390 1233 3592 1302 procli-

2020 1335 2104 1388 vis
2136 1343 2252 1399 est;
2285 1340 2336 1387 et
2365 1331 2518 1384 valde
2549 1331 2778 1385 idoneus
2816 1329 2882 1384 ad
2918 1328 3292 1398 proximorum
3340 1340 3591 1380 reveren-

2023 1427 2152 1478 tiam
2189 1423 2282 1478 tibi
2320 1423 2559 1477 debitam
2593 1419 3024 1475 diminuendam.

2618 1534 2843 1592 CAPUT
2883 1533 2992 1590 Lll.

2095 1652 2470 1706 Periculosum
2503 1657 2586 1704 est
2621 1649 2783 1702 etiam
2818 1650 2873 1702 in
2917 1631 3310 1717 turpiloqnium
3341 1645 3588 1715 prolabi:

345 1723 472 1776 ὅταν
496 1720 588 1777 οὖν
614 1725 792 1794 συμϐῇ
825 1743 874 1776 τι
904 1725 1140 1777 τοιοῦτον
1173 1726 1267 1777 ἐὰν
1307 1726 1402 1794 μὲν
1433 1726 1687 1796 εὔκαιρον
1785 1765 1799 1787 ,
1827 1725 1922 1776 καὶ

2030 1741 2242 1812 quando
2269 1741 2447 1808 itaque
2477 1737 2683 1806 aliquid
2715 1735 3024 1802 huiusmodi
3051 1731 3375 1801 contigerit,
3416 1731 3461 1784 si
3495 1729 3593 1784 ad-

346 1815 642 1887 ἐπίπληξον
663 1815 738 1885 τῷ
767 1816 1136 1887 προσελθόντι·
1180 1817 1308 1870 εἰδὲ
1341 1819 1438 1888 μὴ,
1475 1818 1550 1887 τῷ
1574 1819 1632 1870 σὲ
1679 1818 1922 1869 ἀποσιω-

347 1908 538 1977 πῆσαι,
570 1909 662 1962 καὶ
700 1909 1040 1979 ἐρυθριᾶσαι,
1075 1909 1168 1961 καὶ
1199 1910 1612 1980 σκυθρωπάσκι,
1646 1907 1801 1978 δῆλος
1840 1906 1925 1975 γί-

348 2016 435 2055 νου
466 1999 828 2071 δυσχεραίνων
856 1998 936 2070 τῷ
967 1999 1129 2069 λόγῳ.

926 2219 1176 2272 ΚΕΦΑΛ.
1212 2219 1335 2271 ΝΓ’.

419 2331 588 2383 Ὅταν
619 2329 808 2401 ἡδονῆς
838 2347 982 2392 τινος
1011 2331 1309 2398 φαντασίαν
1337 2329 1508 2400 λάϐῃς
1530 2329 1782 2400 καθάπερ
1835 2327 1928 2380 ἐπὶ

347 2416 454 2473 τῶν
501 2418 693 2483 ἄλλων,
731 2417 970 2486 φύλασσε
1006 2419 1226 2471 σεαυτὸν
1261 2417 1336 2489 μὴ
1385 2418 1782 2488 συναρπασοῇς
1835 2418 1926 2469 ὑπ’

349 2508 538 2578 αὐτῆς,
565 2507 698 2560 ἀλλά
725 2507 1031 2572 ὲκδεξὰσθω
1081 2525 1139 2560 σε
1168 2508 1230 2560 τὸ
1259 2509 1489 2580 πρᾶγμα
1530 2510 1625 2560 καὶ
1657 2506 1928 2577 ἀναϐολήν

347 2612 489 2661 τινα,
511 2595 662 2668 παρά
687 2596 898 2666 σεαυτῷ
918 2596 1072 2662 λάϐε,
1100 2596 1288 2651 ἔπειτα
1311 2595 1580 2668 μνήσθητι
1601 2596 1926 2666 ἀμφοτέρων

346 2687 456 2740 τῶν
484 2688 712 2759 χρόνων,
757 2688 878 2740 καθ’
909 2689 968 2740 ὃν
1008 2705 1066 2742 τε
1107 2689 1428 2760 ἀπήλαυσας
1457 2687 1556 2757 τῆς
1587 2687 1804 2758 ἡδονῆς,
1837 2687 1929 2739 καὶ¹

351 2777 468 2830 καθ’
525 2778 584 2833 ὃν
635 2777 949 2840 ἀπολαύσας
987 2777 1212 2848 ὕστερον
1266 2781 1571 2849 ματανοεῖς,
1611 2778 1709 2830 καὶ¹
1764 2777 1927 2841 αὐτὸς

350 2871 559 2942 σεαυτῷ
607 2871 854 2941 λοιδόρει,
914 2870 1008 2924 καὶ
1055 2871 1264 2933 τούτοις
1313 2869 1546 2934 ἀντίθες,
1589 2871 1738 2933 ὅπως
1784 2869 1924 2922 ἀπο-

349 2961 611 3031 σχόμενος
655 2963 936 3032 χαιρήσεις
977 2962 1068 3015 καὶ
1106 2961 1414 3023 ἐπαινέσεις
1465 2961 1627 3023 αὐτὸς
1675 2961 1922 3025 σεαυτὸν,

348 3053 444 3107 ἐὰν
470 3053 526 3105 δὲ
557 3051 810 3122 εὔκαιρον
850 3055 990 3123 φανῇ
1037 3052 1277 3122 ἅψασθαι
1305 3051 1398 3104 τοῦ
1438 3051 1600 3123 ἔργου
1629 3093 1643 3116 ,
1686 3051 1921 3122 πρόσεχε
1952 3098 1994 3156 C

351 3143 426 3212 μὴ
453 3144 664 3216 ήττήσῃ
691 3160 750 3195 σε
779 3143 839 3195 τὸ
876 3143 1143 3214 προσηνὲς
1177 3143 1364 3207 αὐτοῦ,
1407 3144 1500 3196 καὶ
1548 3143 1667 3213 ἡδὺ,
1695 3143 1789 3195 καὶ
1827 3143 1925 3194 έπ-

347 3234 585 3301 αγωγὸν,
617 3232 732 3287 ἀλλ’
771 3232 1030 3287 ἀντιτίοει
1066 3233 1230 3285 πόσον
1259 3232 1479 3302 ἄμεινον
1525 3233 1586 3285 τὸ
1633 3231 1926 3285 συνειδέναι

348 3322 559 3394 σεαυτῷ
582 3322 785 3393 ταύτην
811 3323 909 3392 τὴν
941 3321 1098 3391 νίκην
1134 3321 1460 3392 νενικηκότι.

925 3619 1174 3671 ΚΕΦᾹΛ.
1221 3618 1344 3669 ΝΔ⁸.

309 3773 314 3776 -
417 3740 587 3790 Ὅταν
619 3737 892 3803 διαγνοὺς,
922 3737 950 3787 ὃ
978 3751 1032 3786 τι
1063 3733 1313 3801 ποιητέον
1347 3732 1428 3784 σοί
1457 3732 1576 3784 ἐστι
1595 3733 1773 3800 ποιῇς,
1795 3730 1928 3799 μηδὲ

347 3829 568 3883 πώποτε
593 3827 772 3900 φύγῃς
799 3825 1033 3893 ὀφθῆναι
1088 3825 1349 3893 πράσσων
1379 3822 1532 3886 αὐτὸ,
1583 3821 1684 3874 κᾶν
1711 3818 1929 3874 ἀλλοῖόν

345 3939 398 3975 τι
432 3923 480 3974 ol.
522 3919 710 3972 πολλοὶ
740 3917 868 3986 περὶ
905 3915 1070 3968 αὐτοῦ
1105 3914 1370 3984 μέλλωσιν
1398 3912 1822 3982 ὑπολαμϐάνειν.
1862 3911 1926 3964 Εἰ

350 4011 450 4082 μὲν
522 4010 632 4080 γὰρ
703 4010 803 4062 οὐκ
894 4007 1068 4078 ὀρθῶς
1149 4008 1321 4068 ποιεῖς
1405 4004 1537 4057 αὐτὸ
1617 4005 1678 4056 τὸ
1746 4003 1928 4073 ἔργον,

347 4101 536 4168 φεῦγε,
570 4102 618 4156 εί
647 4099 704 4152 δὲ
733 4098 929 4170 ὀρθῶς,
961 4099 1013 4150 τί
1060 4096 1199 4168 φοϐῇ
1243 4098 1368 4160 τοὺς
1399 4095 1800 4166 ἐπιπλήξοντας
1829 4096 1929 4150 οὐκ

345 4188 548 4260 ὀρθῶ;;
1181 4211 1188 4218 ·

927 4322 1179 4376 ΚΕΦΑΛ.
1215 4319 1342 4375 NE'.

2027 1833 2130 1886 erit
2173 1827 2590 1899 Opportunitas,
2639 1825 2858 1892 increpa
2900 1823 3460 1892 appropinquantem;
3507 1819 3594 1874 sin

2027 1931 2232 1984 autem,
2266 1918 2613 1977 conticendo.
2648 1931 2711 1970 ac
2746 1914 3141 1978 erubescendo,
3171 1913 3489 1981 vultumque
3513 1920 3594 1964 te-

2027 2014 2223 2066 tricum
2260 2011 2498 2080 gerendo
2531 2007 2755 2064 ostende
2801 2006 2944 2077 quod
2995 2005 3232 2076 graviter
3275 2003 3388 2057 fers
3432 2001 3592 2055 talem

2028 2119 2361 2159 sermonem.

2609 2209 2834 2265 CAPUT
2874 2206 3006 2262 Llll.

2099 2329 2328 2396 Quando
2362 2320 2670 2396 cuiuspiam
2703 2323 2994 2392 voluptatis
3024 2318 3340 2390 imaginatio
3373 2318 3468 2373 tibi
3503 2333 3594 2372 su-

1980 2429 1988 2438 ‘
2029 2421 2356 2492 pervenerit,
2397 2419 2606 2475 custodi
2644 2427 2695 2472 te
2721 2415 2880 2486 347
2909 2417 3111 2483 ipsum,
3147 2421 3205 2467 ut
3236 2413 3290 2466 in
3335 2412 3478 2477 aliis,
3527 2426 3595 2464 ne

2028 2518 2095 2570 ab
2147 2529 2210 2570 ea
2261 2513 2593 2583 corripiaris,
2637 2511 2731 2566 sed
2771 2526 2858 2564 res
2903 2518 2955 2562 te
3010 2515 3313 2576 exspectet,
3362 2514 3416 2560 et
3451 2503 3594 2573 apud

2031 2606 2265 2674 teipsum
2302 2602 2534 2673 quadam
2573 2612 2722 2655 utere
2766 2599 3055 2664 dilatione;
3107 2605 3380 2651 memento
3404 2594 3597 2650 deinde

2029 2698 2317 2765 utriusque
2349 2692 2629 2763 temporis.
2661 2701 2774 2746 tum
2810 2690 2948 2760 ejus,
2985 2703 3092 2758 quo
3122 2689 3451 2756 voluptatem
3482 2685 3594 2754 jam

2027 2787 2336 2859 percepisti,
2396 2794 2508 2840 tum
2555 2783 2720 2849 illius,
2757 2797 2896 2850 quo,
2953 2790 3237 2850 postquam
3267 2778 3597 2846 voluptatem

2027 2877 2372 2948 perceperis,
2431 2876 2645 2928 demum
2687 2881 2739 2926 te
2782 2869 3087 2940 paenitebit,
3142 2877 3305 2936 atque
3353 2867 3466 2934 ipse
3501 2865 3596 2920 tibi

2027 2967 2320 3038 exprobra,
2353 2973 2407 3020 et
2436 2964 2554 3018 istis
2585 2975 2794 3030 oppone
2831 2960 2952 3022 hoc,
3003 2957 3209 3010 scilicet
3239 2965 3597 3025 quantopere,

2028 3060 2073 3114 si
2110 3041 2460 3118 abstinueris,
2488 3051 2769 3124 gaudebis,
2811 3059 2865 3104 et
2894 3050 3007 3118 ipse
3042 3049 3291 3102 laudabis
3327 3047 3595 3116 teipsum;

2030 3161 2086 3205 at
2109 3151 2154 3206 si
2187 3156 2552 3218 opportunum
2588 3143 2832 3198 videatur
2861 3156 2998 3210 opus
3029 3137 3264 3209 aggredi,
3315 3151 3402 3198 ne,
3452 3134 3597 3204 quod

2031 3243 2084 3296 in
2110 3255 2174 3294 eo
2199 3238 2498 3308 jucundum
2529 3242 2632 3300 est,
2662 3240 2716 3286 et
2748 3230 2996 3292 dulcedo,
3039 3238 3200 3296 atque
3238 3221 3510 3287 illecebra,
3546 3231 3599 3276 te

2031 3337 2236 3397 vincat,
2267 3332 2360 3387 sed
2393 3344 2605 3400 oppone
2651 3329 2773 3391 hoc,
2811 3333 3016 3394 quanto
3057 3321 3316 3375 nimirum
3350 3318 3453 3373 erit
3481 3331 3597 3370 me-

2029 3430 2136 3482 lius
2171 3427 2265 3480 tibi
2299 3424 2400 3494 ipsi
2434 3422 2712 3478 conscium
2745 3434 2884 3484 esse,
2923 3415 3065 3487 quod
3115 3413 3274 3468 talem
3312 3405 3599 3480 reportasti

2029 3520 2333 3576 victoriam.

2613 3623 2842 3679 CAPUT
2882 3622 3015 3678 LIV.

2101 3739 2328 3807 Quando
2365 3737 2530 3794 facies
2559 3737 2784 3806 aliquid,
2822 3751 2944 3790 cum
2989 3732 3265 3795 statueris,
3311 3730 3452 3800 quod
3501 3729 3596 3784 tibi

2033 3833 2334 3888 faciendum
2363 3832 2453 3893 sit,
2491 3846 2557 3885 ne
2586 3844 2826 3898 unquam
2859 3827 3036 3896 fugias
3083 3824 3276 3886 videri,
3309 3823 3437 3877 dum
3468 3822 3597 3875 illud

2031 3926 2195 3987 facis.
2230 3923 2330 3979 etsi
2366 3923 2516 3977 multi
2547 3923 2614 3976 de
2649 3921 2768 3989 ipso
2797 3903 3296 3974 existimaturi-siut
3321 3914 3595 3967 diversum

2031 4013 2347 4083 quidpiam;
2385 4012 2430 4066 si
2478 4012 2622 4064 enim
2665 4011 2770 4064 tale
2799 4023 2938 4078 opus
2979 4005 3200 4060 minime
3246 4010 3388 4059 recte
3432 4002 3597 4064 facis,

2035 4106 2190 4174 fuge;
2223 4103 2267 4158 si
2301 4118 2430 4157 vero
2471 4111 2638 4166 recte,
2672 4099 2866 4171 ecquid
2917 4098 3074 4152 times
3117 4111 3211 4151 eos
3265 4097 3354 4166 qui
3403 4103 3453 4148 te
3492 4108 3599 4146 non

2033 4205 2182 4250 recte
2217 4193 2513 4262 culpabunt
2532 4193 2556 4246 ?
3617 4197 3622 4200 ·

2631 4321 2856 4378 CAPUT
2895 4319 3004 4375 LV.

415 4435 560 4505 Πρός
587 4436 685 4505 μὲν
706 4433 768 4486 τὺ
797 4432 1175 4503 διεζευγμένον
1205 4433 1447 4504 μεγάλην
1466 4431 1555 4503 ἔχε
1581 4432 1757 4497 ἀξίαν,
1791 4433 1926 4503 πρὸς

2104 4441 2270 4496 Valde
2313 4440 2534 4510 dignum
2586 4439 2789 4493 habeas
2823 4435 2874 4490 id
2917 4435 3061 4506 quod
3107 4449 3139 4488 a
3187 4441 3238 4489 te
3269 4431 3600 4502 disjuuetum

343 4527 404 4578 τὸ
453 4522 938 4594 συμπεπλεγμένον
981 4523 1038 4579 δὲ
1074 4522 1348 4587 ἀπαξίαν,
1405 4523 1548 4576 οὕτω
1591 4523 1684 4576 καὶ
1719 4524 1779 4576 τὸ
1829 4523 1927 4593 τὴν

348 4613 518 4683 μείζω
557 4615 752 4686 μερίδα
791 4612 1116 4678 ἐκλέξασθαι
1149 4614 1284 4683 πρὸς
1325 4615 1424 4683 μὲν
1465 4613 1526 4666 τὸ
1557 4613 1716 4684 σῶμα
1756 4615 1926 4684 ἐχέτω

343 4705 520 4771 ἀξίαν,
549 4708 686 4778 πρὸς
723 4707 779 4758 δὲ
814 4707 1100 4759 κοινωνίαν
1134 4707 1192 4759 ἐν
1231 4707 1472 4759 ἑστιάσει
1515 4701 1624 4760 οἷον
1654 4707 1733 4760 δεῖ
1760 4709 1930 4778 φυλά-

346 4797 433 4862 ξαι
485 4797 721 4860 ἀπαξίαν
769 4797 901 4869 ἔχει.
928 4800 1098 4852 Ὅταν
1127 4795 1220 4852 οὖν
1259 4797 1544 4869 συνεσθίῃς
1594 4801 1814 4871 ἑταίρῳ,
1851 4801 1924 4872 μὴ

347 4884 508 4952 μόνον
559 4885 658 4957 τὴν
691 4889 826 4958 πρὸς
864 4889 925 4941 τὸ
960 4891 1118 4958 σῶμα
1162 4888 1318 4953 ἀξίαν
1358 4888 1464 4942 τῶν
1509 4892 1925 4960 παρακειμένων

347 4973 469 5043 ὅρα,
506 4975 641 5031 ἀλλὰ
671 4979 766 5030 καὶ
811 4980 910 5048 τὴν
943 4981 1075 5051 πρὸς
1106 4981 1196 5033 τὸν
1230 4981 1538 5050 ἑστιάτορα,
1575 4977 1684 5033 οἷον
1716 4981 1796 5034 δεῖ
1825 5000 1926 5052 φυ-

343 5061 628 5137 λαχοῆναι.

2032 4543 2146 4601 est;
2186 4533 2280 4587 tibi
2330 4546 2459 4586 vero
2509 4531 2863 4600 conjunetum
2906 4527 2958 4580 in
3005 4525 3151 4580 nullo
3185 4525 3358 4592 pretio
3393 4533 3603 4575 teneas.

2033 4628 2124 4682 Sic
2156 4626 2352 4682 electio
2380 4624 2608 4692 majoris
2635 4619 2904 4691 partionis
2933 4623 3182 4685 respectu
3215 4611 3457 4682 corporis
3499 4610 3599 4662 ha-

2033 4718 2156 4772 beat
2209 4717 2428 4786 quidem
2481 4715 2733 4767 meritum
2771 4710 3142 4778 condignum,
3201 4703 3294 4758 sed
3353 4705 3598 4768 respcetu

2032 4806 2436 4864 communionis
2501 4804 2552 4856 in
2607 4801 2894 4863 convivio,
2949 4798 3074 4868 quid
3135 4793 3340 4850 scilicet
3391 4797 3602 4859 oportet

2032 4914 2268 4960 servare,
2323 4897 2506 4950 minus
2557 4892 2717 4948 habet
2767 4891 3062 4953 meritum,
3115 4901 3211 4940 seu
3261 4881 3598 4953 dignitatem.

2036 4991 2264 5058 Quando
2312 4989 2476 5057 igitur
2519 5001 2640 5040 cum
2676 4982 2848 5039 sodali
2880 4978 3208 5042 convivaris,
3264 4990 3373 5029 non
3425 4973 3599 5027 solum

2029 5073 2295 5150 respicias
2326 5077 2664 5148 dignitatem,
2697 5089 2820 5143 qua:
2850 5070 2917 5124 ad
2951 5083 3151 5138 corpus
3191 5066 3401 5129 attinet,
3433 5077 3600 5130 appo—

347 5154 573 5209 sitorum
603 5199 617 5222 ,
671 5161 764 5214 sed
831 5176 949 5214 eam
1000 5162 1283 5216 considera
1340 5162 1697 5233 dignitatem,
1755 5185 1918 5238 quam
1961 5177 2162 5231 habere
2225 5173 2386 5229 debet
2455 5168 2791 5230 convivator,
2829 5163 2955 5233 quid
3005 5161 3264 5215 nimirum
3305 5161 3516 5225 oportet
3547 5159 3606 5204 ut

347 5261 406 5300 80
416 5258 524 5302 ννρι
535 5265 564 5300 υ
574 5266 618 5302 1³.

917 5388 1162 5444 κεψιιΛ.
1193 5390 1336 5456 NG”.

422 5492 548 5544 Ἐὰν
568 5493 710 5563 ὑπὲρ
744 5494 970 5568 δύναμιν
1008 5499 1279 5571 ἀναλάϐῃς
1307 5518 1358 5553 τι
1401 5502 1706 5572 πρόσωπον,
1740 5505 1832 5558 καὶ
1863 5507 1920 5558 ἐν

339 5581 511 5652 τούτῳ
531 5585 917 5659 ἠσχημόνησας
948 5590 1038 5642 καὶ
1064 5590 1092 5642 ὃ
1109 5591 1340 5661 ὴδύνασο
1364 5591 1732 5663 ἐκπληρῶσαι,
1758 5594 1918 5650 τοῦτο

340 5676 645 5738 κατέλιπες.

2507 5386 2677 5457 348
2712 5382 2940 5439 CAPUT
2981 5381 3116 5434 va.

2095 5503 2149 5557 Si
2185 5503 2421 5571 aliquam
2455 5515 2615 5568 supra
2651 5499 2796 5552 vires
2842 5495 3150 5565 susceperis
3179 5505 3496 5562 personam,
3541 5496 3594 5545 ct

2021 5597 2073 5649 in
2101 5595 2201 5647 hac
2224 5591 2475 5646 indecore
2499 5599 2550 5644 te
2571 5589 2807 5660 gessisti,
2837 5596 2948 5642 tum
2974 5584 3310 5655 dereliquisti
3331 5581 3380 5638 id
3405 5581 3592 5648 etiam,

2022 5685 2168 5754 quod
2201 5683 2471 5752 complere
2503 5681 2792 5752 potuisses.
