3990 6204
396 256 414 322 i
432 257 533 320 307

967 368 1196 425 CAPUT
1258 370 1413 424 LVII.

471 481 937 548 Quemadmodum
982 482 1123 536 inter
1177 484 1565 538 ambulandum
1598 485 1853 550 attendis,
1900 503 1970 542 ne

400 572 610 626 insilias
640 571 811 634 clavo,
857 580 1046 625 autne
1083 582 1234 627 tuum
1266 575 1454 642 pedem
1490 576 1856 645 distorquens,
1897 580 1971 633 ita

397 664 636 726 attende,
686 679 752 716 nc
800 665 875 717 tui
926 666 1090 718 animi
1157 667 1520 736 principatum
1568 670 1762 735 lzedas;
1809 680 1974 738 atque

398 755 501 809 hoc
536 756 581 809 si
612 771 943 825 unoquoque
981 757 1033 810 in
1066 772 1229 827 Opere
1260 760 1695 827 observabimus,
1723 763 1971 819 securius

400 847 834 915 unumquodque
874 863 1011 916 opus
1045 849 1447 918 aggrediemur.

963 960 1189 1015 CAPUT
1230 961 1409 1017 LVIII.

469 1071 723 1128 Mensura
759 1077 1127 1143 possessionis
1157 1086 1238 1130 est
1285 1090 1482 1144 corpus
1512 1076 1973 1147 uniuscujusque,

397 1164 555 1217 sicuti
596 1181 688 1232 pes
721 1167 1116 1233 ealceamenli;
1173 1168 1218 1221 si
1264 1168 1429 1237 igitur
1469 1168 1523 1222 in
1571 1169 1675 1223 hoc
1721 1170 1975 1232 steteris,

408 1271 722 1311 mensuram
761 1261 1041 1326 servabis;
1095 1262 1179 1314 sin
1212 1262 1613 1329 pertransieris,
1650 1263 1762 1332 iam
1812 1263 1977 1318 veluti

407 1362 502 1415 per
534 1363 772 1416 praeceps
807 1349 933 1403 ferri
972 1366 1257 1405 necessum
1292 1362 1394 1414 est,
1437 1362 1489 1406 ut
1546 1353 1709 1406 etiam
1760 1353 1813 1406 in
1866 1354 1978 1406 cal-

408 1448 689 1492 ceamento
737 1440 792 1492 fit
839 1442 883 1495 si
933 1444 1120 1510 pedem
1165 1444 1295 1498 illud
1344 1444 1826 1513 superexcesserit,
1868 1444 1980 1499 sive

409 1528 701 1583 deauratus
737 1530 805 1584 sit
838 1532 1073 1595 calceus,
1111 1533 1226 1586 sive
1274 1549 1601 1602 purpureus,
1654 1535 1765 1588 sive
1810 1535 1979 1587 inter—

411 1632 644 1687 punctus
678 1640 689 1673 :
732 1626 851 1690 eius
883 1624 1046 1685 enim,
1085 1624 1227 1692 quod
1263 1625 1429 1678 semel
1458 1640 1623 1694 supra
1668 1639 1981 1679 mensuram

410 1716 513 1772 cst,
546 1710 811 1765 terminus
843 1712 1022 1767 nullus
1047 1723 1148 1767 est.

1000 1823 1226 1879 CAPUT
1266 1824 1405 1879 LIX.

481 1931 723 1987 Femina:
758 1935 941 1989 statim
979 1936 1103 1990 inde
1146 1937 1214 1990 ab
1256 1938 1415 1991 annis
1444 1936 1856 2006 quatunrdecim
1889 1951 1986 1989 vo-

413 2032 606 2078 cantur
647 2041 676 2078 a
714 2026 843 2079 viris
871 2027 1146 2093 domina;
1193 2029 1435 2082 videntes
1488 2029 1652 2098 igitur
1674 2028 1821 2098 quod
1853 2029 1987 2083 nihil

415 2118 561 2172 aliud
603 2118 735 2187 ipsis
780 2129 1050 2187 superest,
1099 2135 1261 2189 quam
1300 2121 1647 2175 solummodo
1681 2121 1883 2175 cubare
1913 2125 1988 2176 si-

417 2208 527 2261 mul
581 2224 703 2262 cum
738 2210 889 2274 viris,
944 2210 1216 2279 incipiunt
1257 2210 1486 2265 formam
1534 2211 1800 2278 excolere,
1841 2220 1895 2266 et
1933 2211 1986 2264 in

417 2299 523 2353 hoc
569 2314 693 2368 spes
736 2316 925 2354 omnes
977 2302 1196 2357 habere.
1250 2302 1476 2372 Dignum
1530 2310 1612 2356 est
1659 2304 1881 2372 itaque,
1934 2312 1992 2355 ut

417 2390 611 2449 sciant.
645 2391 789 2459 quod
836 2407 942 2444 non
983 2393 1089 2446 alia
1133 2392 1241 2447 ulla
1284 2393 1350 2445 de
1398 2393 1561 2464 349
1588 2409 1753 2449 causa
1784 2392 1991 2448 honore
2024 2380 2029 2383 ⁷

417 2481 757 2547 all‘n-iuntnr,
807 2498 967 2551 quam
1015 2498 1081 2536 eo
1138 2485 1284 2553 quod
1331 2495 1593 2555 apparent
1638 2496 1877 2552 ornatae,
1926 2499 1991 2539 ac

420 2575 740 2629 verecundae
766 2575 819 2628 in
854 2576 1234 2645 temperantia.

1013 2688 1235 2747 CAPUT
1274 2690 1386 2745 LX.

489 2800 712 2857 llebetis
740 2802 940 2871 ingenii
972 2805 1187 2874 signum
1220 2815 1303 2859 est
1330 2806 1382 2859 in
1414 2805 1519 2869 his,
1552 2821 1673 2875 qua:
1701 2805 1767 2861 ad
1793 2821 1993 2875 corpus

421 2892 698 2963 pertinent
726 2892 943 2961 penitus
973 2895 1201 2957 versari,
1239 2898 1388 2951 velut
1432 2897 1674 2950 exerceri
1717 2907 1776 2950 ut
1820 2898 1992 2966 pluri-

424 3000 595 3048 mum,
633 2996 725 3037 aut
761 2983 990 3037 multum
1039 2984 1344 3050 comedere,
1380 2996 1476 3039 aut
1506 2986 1630 3056 plus
1667 2987 1871 3050 bibere,
1901 2997 1994 3041 aut

424 3085 668 3129 ventrem
730 3074 1071 3145 frequentius
1118 3092 1459 3143 exonerare,
1504 3079 1608 3132 sed
1669 3094 1730 3131 ea
1782 3078 2000 3146 quidem

425 3167 730 3235 peragenda
784 3176 913 3222 sunt
950 3169 1142 3234 obiter,
1177 3171 1358 3224 omnis
1388 3186 1521 3229 vero
1560 3183 1689 3222 cura
1742 3169 1815 3223 sit
1858 3170 2006 3224 circa

427 3268 686 3313 mentem.

1014 3372 1241 3429 CAPUT
1282 3372 1420 3427 LXI.

503 3479 733 3547 Quando
763 3482 1033 3551 quispiam
1084 3485 1225 3537 male
1256 3484 1385 3552 quid
1433 3481 1654 3547 fecerit,
1699 3489 1795 3536 aut
1840 3481 1980 3536 male

431 3573 635 3627 dixerit
683 3573 818 3638 tibi,
861 3585 1153 3641 memento,
1188 3576 1333 3643 quod
1373 3574 1521 3639 facit,
1571 3583 1667 3627 aut
1712 3575 1863 3639 dicit,
1912 3590 2009 3644 pu-

435 3674 556 3717 tans
587 3665 690 3718 sibi
735 3666 1064 3720 conveniens
1112 3682 1266 3730 esse;
1312 3666 1427 3720 ﬁeri
1471 3681 1601 3720 vero
1641 3681 1750 3720 non
1798 3675 2007 3735 potest,

438 3766 495 3809 ut
524 3757 638 3826 ipse
671 3767 935 3826 sequatur
985 3759 1248 3828 quidquid
1300 3759 1393 3812 tibi
1433 3758 1678 3822 videtur,
1725 3759 1817 3813 sed
1866 3758 2011 3826 quod

439 3849 577 3914 sibi;
622 3850 799 3918 itaque
839 3851 883 3903 si
922 3851 1059 3903 male
1104 3850 1206 3918 ipsi
1242 3850 1527 3912 videatur,
1565 3851 1653 3904 ille
1690 3850 1849 3904 laasus
1890 3859 2007 3914 est,

446 3948 632 4005 utpote
662 3937 755 4006 qui
785 3938 884 3991 fuit
918 3943 1195 4005 deceptus.
1258 3937 1314 3991 Si
1348 3938 1469 4006 quis
1501 3938 1699 3992 etenim
1730 3938 2011 3992 veritatem

439 4043 737 4081 connexam
789 4029 955 4082 fuerit
1005 4030 1260 4099 opinatus
1314 4045 1434 4083 esse
1475 4030 1853 4095 mendacium,
1903 4044 2012 4082 non

439 4120 628 4174 hesum
671 4128 753 4172 est
803 4136 1109 4174 connexum
1141 4122 1386 4191 (scilicet
1434 4122 1757 4189 veritatis),
1791 4122 1883 4175 sed
1929 4119 2011 4182 is,

440 4210 537 4280 qui
580 4209 681 4262 fuit
711 4211 988 4279 deceptus.
1038 4210 1116 4264 Tu
1163 4226 1292 4283 ergo
1337 4211 1591 4265 incitatus
1617 4212 1684 4265 ab
1717 4211 1821 4273 his,
1859 4224 2011 4263 man-

444 4309 600 4351 sueto
645 4301 752 4353 eris
800 4302 985 4353 animo
1033 4317 1159 4370 erga
1190 4303 1615 4370 convitiantem;
1653 4302 1793 4356 unde
1848 4302 1901 4355 in
1955 4316 2015 4355 re

443 4390 685 4460 qualibet
737 4392 1001 4461 quidquid
1045 4394 1143 4463 ipsi
1200 4393 1363 4447 fuerit
1403 4394 1583 4448 visum
1630 4394 1919 4462 responde.

1008 4500 1238 4555 CAPUT
1294 4500 1451 4555 LXII.

519 4612 870 4700 Quaacunque
900 4628 987 4668 res
1018 4613 1155 4669 duas
1196 4615 1357 4669 habet
1389 4630 1573 4681 ansas,
1605 4615 1747 4670 hanc
1777 4615 2019 4685 quidem,

449 4722 572 4776 quae
618 4706 820 4775 gestari
873 4715 1078 4774 potest,
1124 4707 1351 4775 alteram
1399 4721 1561 4769 vero,
1594 4722 1716 4777 quae
1756 4706 2023 4777 portatilis

455 4810 561 4849 non
591 4805 710 4859 est;
755 4795 800 4849 si
833 4811 962 4863 ergo
997 4793 1167 4848 frater
1201 4795 1295 4850 tibi
1337 4794 1537 4849 inferat
1565 4795 1844 4864 iniuriam,
1877 4795 2027 4850 illinc

455 4902 522 4941 ne
561 4884 865 4955 prehendas
904 4888 1025 4950 hoc,
1078 4886 1222 4954 quod
1258 4887 1519 4941 nimirum
1556 4884 1685 4941 fecit
1731 4887 2023 4955 iniuriam;

456 4980 574 5031 hazc
620 4976 761 5030 enim
820 4992 952 5030 ansa
1000 4976 1117 5047 ejus
1160 4988 1277 5045 est,
1323 4994 1444 5047 qua:
1496 4979 1701 5048 gestari
1762 4995 1870 5033 non
1932 4993 2027 5049 po-

458 5078 594 5135 test;
643 5084 829 5123 verum
878 5070 1002 5123 inde
1053 5072 1257 5139 potius,
1309 5071 1455 5141 quod
1508 5070 1695 5136 frater,
1744 5071 1890 5141 quod
1941 5087 2031 5126 so-

438 5148 632 5223 dalis,
677 5168 730 5213 et
779 5161 882 5214 hoc
922 5163 1333 5229 apprehendcs,
1381 5172 1566 5231 utpote
1600 5161 1747 5231 quod
1784 5171 1869 5217 est
1901 5176 2028 5231 por-

458 5250 630 5303 tztlilc.

927 5356 1104 5427 350.
1125 5356 1355 5412 CAPUT
1395 5354 1575 5412 LXIII.
1726 5429 1734 5437 .

531 5450 920 5518 Huiuscemodi
961 5466 1242 5505 sermones
1276 5459 1405 5505 sunt
1446 5450 1737 5505 inordinati
1780 5466 1794 5503 :
1838 5450 1952 5522 Ego
1986 5460 2035 5506 te

468 5538 785 5607 locupletior
835 5556 991 5601 sum,
1045 5543 1211 5612 igitur
1248 5558 1350 5612 ego
1405 5552 1455 5596 te
1500 5543 1709 5597 melior.
1776 5542 1857 5597 llli
1908 5560 2037 5598 vero

475 5629 645 5694 magis
672 5631 903 5684 ordinati
936 5650 948 5685 :
989 5631 1101 5701 Ego
1133 5643 1181 5688 te
1218 5634 1539 5703 locupletior
1567 5653 1582 5699 ;
1608 5652 1736 5705 ergo
1770 5653 1887 5690 mea
1916 5651 2036 5705 ροβε

1877 257 2179 319 SPURIA.

3532 254 3683 319 1308

2669 372 2918 426 ΚΕΦᾹΛ.
2954 371 3078 424 NZ'.

2154 489 2242 540 Ἐν
2270 487 2347 557 τῷ
2387 486 2709 555 περιπατεῖν
2744 484 2993 554 καθάπερ
3042 482 3335 554 προσέχεις
3369 484 3443 554 μὴ
3472 485 3680 556 ἑπιῦῇς

2074 580 2210 649 ἥλῳ,
2241 580 2275 650 ἢ
2319 579 2558 650 στρέφῃς
2587 577 2678 630 τὸν
2710 576 2847 630 πόδα
2879 592 2994 640 σου,
3026 575 3170 628 οὕτω
3201 575 3433 645 πρόσεχε
3466 577 3540 647 μὴ
3577 579 3681 632 καὶ

2072 670 2133 722 τὸ
2156 669 2479 739 ἡγεμονικὸν
2510 668 2747 738 βλάϐτῃς
2781 668 2842 719 τὸ
2870 667 3124 732 σεαυτοῦ,
3161 669 3254 719 καὶ
3284 667 3441 720 τοῦτο
3466 668 3562 719 ἐὰν
3589 669 3659 736 ἐφ
3694 671 3708 685 ⁶

2075 762 2305 815 ἑκάστου
2354 762 2516 831 ἔργου
2550 758 3025 830 παραφυλάξωμεν
3045 799 3057 821 ,
3097 758 3507 829 ἀσφαλέστερον
3532 760 3666 828 ἁψό-

2080 854 2220 924 μεθα
2255 854 2487 907 ἑκάστου
2520 852 2704 922 ἔργου.

2654 962 2909 1015 ΚΕΦΑΛ.
2948 962 3082 1016 NH'.

2150 1076 2364 1146 Μέτρον
2395 1075 2641 1143 κτήσεως
2669 1073 2729 1126 τὸ
2760 1074 2917 1143 σῶμα
2940 1073 3174 1126 ἑκάστου
3197 1073 3273 1137 ὡς
3297 1075 3326 1127 ό
3359 1072 3495 1139 ποῦς
3531 1075 3685 1131 ὑπο-

2079 1163 2342 1233 δήματος.
2392 1163 2516 1214 Ἐὰν
2546 1163 2641 1214 ἐπὶ
2666 1161 2860 1214 τούτου
2891 1166 3045 1233 στῇς,
3080 1162 3335 1231 φυλάξεις
3362 1166 3422 1217 τὸ
3449 1166 3677 1237 μέτρον,

2086 1254 2179 1306 ἐὰν
2202 1254 2259 1305 δὲ
2296 1255 2396 1306 ὑπε
2409 1253 2541 1325 ρὸᾔς
2567 1254 2642 1316 ὡς
2672 1254 2812 1306 κατὰ
2836 1255 3080 1325 κρημνοῦ
3111 1254 3295 1308 λοιπὸν
3317 1258 3526 1327 ἀνάγκη
3571 1259 3676 1326 φέο

2087 1344 2293 1415 ρεσθαι,
2329 1345 2585 1416 καθάπερ
2638 1350 2730 1397 καὶ
2759 1346 2849 1397 ἐπὶ
2871 1346 2963 1397 τοῦ
2995 1347 3358 1416 ὑποδήματος,
3389 1350 3482 1402 ἐὰν
3505 1350 3682 1420 ὑπερ-

2084 1438 2151 1509 ϐῇ
2186 1439 2278 1490 τὸν
2306 1438 2460 1504 πόδα,
2491 1436 2721 1505 γίνεται,
2749 1439 2858 1491 εἴτε
2887 1439 3230 1509 κατάχρυσον
3259 1440 3525 1511 ὑπόδημα,
3561 1442 3689 1495 εἴτε

2084 1529 2417 1599 πορφυροῦν,
2462 1529 2572 1581 εἴτε
2626 1531 2917 1598 κεντητόν·
2959 1529 3054 1581 τοῦ
3096 1531 3204 1600 γάρ
3243 1532 3392 1597 ἆπαξ
3421 1533 3560 1603 ὑπὲρ
3615 1532 3699 1584 τὸ»

2088 1620 2286 1691 μέτρον
2310 1620 2433 1692 ὄρος
2470 1619 2643 1683 οὐδεὶς
2666 1622 2833 1673 ἐστιν

2675 1820 2927 1874 ΚΕΦᾹΛ.
2961 1820 3091 1875 ΝΘ’.

2158 1935 2222 1986 Αἱ
2257 1934 2516 2001 γυναῖκες
2539 1933 2701 1993 εὐθὺς
2748 1933 2854 1986 ἀπὸ
2909 1933 3176 2003 τέσσαρες
3225 1935 3319 1986 καὶ
3361 1934 3497 1987 δέκα
3539 1934 3685 1987 ἐτῶν

2090 2024 2195 2077 ὑπὸ
2225 2025 2331 2077 τῶν
2352 2025 2559 2096 ἀνδρῶν
2588 2023 2775 2094 κύριαι
2797 2024 3089 2077 καλοῦνται
3118 2041 3131 2054 ·
3161 2024 3451 2095 τοιγαροῦν
3472 2025 3681 2097 ὁρῶσαι

2089 2116 2173 2168 ὅτι
2194 2115 2321 2169 ἄλλο
2347 2117 2445 2186 μὲν
2471 2117 2625 2169 οὐδὲν
2655 2117 2845 2178 αὐταῖς
2875 2117 3157 2186 πρόσεστι,
3188 2117 3347 2185 μόνον
3372 2116 3426 2169 δὲ
3458 2134 3684 2183 συγκοι-

2095 2205 2297 2274 μᾶσθαι
2333 2206 2445 2267 τοῖς
2472 2205 2752 2274 ἀνδράσιν,
2789 2205 3047 2275 ἄρχονται
3079 2205 3541 2269 καλλωπίζεσθαι,
3571 2209 3683 2260 κάν

2089 2294 2263 2364 τούτῳ
2294 2295 2473 2358 πάσας
2506 2295 2651 2365 ἔχειν
2684 2296 2782 2360 τὰς
2812 2297 3050 2359 ἐλπίδας.
3083 2297 3377 2367 Προσέχειν
3413 2292 3505 2349 οὖν
3533 2297 3685 2361 ἄξιον

2093 2387 2178 2443 ἵνα
2251 2387 2564 2455 αἴσθωνται,
2636 2391 2719 2442 ὅτι
2792 2391 2881 2443 ἐπ’
2943 2390 3115 2442 οὐδενὶ
3180 2390 3324 2460 ἄλλῳ
3386 2389 3693 2459 τιμῶνται,

2091 2482 2123 2551 ἢ
2165 2480 2244 2551 τῷ
2288 2481 2512 2552 κόσμιαι
2554 2481 2866 2551 φαίνεσθαι,
2910 2485 3004 2535 καὶ
3038 2481 3329 2553 αἰδὴμονες
3367 2483 3424 2534 ὲν
3463 2499 3684 2553 σωφροο

2095 2588 2251 2641 συγῃ.

2699 2686 2954 2738 ΚΕΦΛΛ.
3010 2683 3085 2739 Ξ’.
3170 2646 3179 2655 ς

2176 2802 2401 2870 ’Δφυῖας
2433 2801 2654 2871 σημεῖον
2672 2800 2732 2852 τὸ
2754 2800 3110 2871 ἐνδιατρίϐειν
3133 2804 3243 2864 τοῖς
3264 2803 3392 2872 περὶ
3411 2801 3470 2854 τὸ
3499 2800 3693 2867 σῶμα.

2094 2891 2213 2947 οἷον
2244 2895 2337 2947 ἐπὶ
2389 2893 2524 2945 πολὺ
2572 2891 2983 2961 γυμνάζεσθαι,
3016 2894 3047 2962 ἧ
3082 2894 3174 2944 ἐπὶ
3213 2893 3344 2946 πολὺ
3377 2892 3577 2945 ἐσθίειν
3604 2933 3619 2954 ,
3651 2893 3687 2961 ἦ

2106 2987 2200 3037 ὲπί
2228 2985 2362 3038 πολὺ
2392 2986 2587 3047 πίνειν,
2617 2984 2649 3054 ἢ
2679 2985 2772 3037 ἐπὶ
2800 2985 2935 3038 πολὺ
2966 2987 3289 3039 ἀποπατεῖν.
3335 2985 3490 3037 Ἀλλὰ
3517 2984 3699 3037 ταῦτα

2112 3076 2209 3145 μὲν
2239 3078 2296 3128 ὲν
2327 3077 2590 3147 παρέργῳ
2614 3075 2889 3146 ποιητέον,
2930 3078 3060 3147 περὶ
3091 3077 3147 3130 δὲ
3177 3077 3273 3147 τὴν
3300 3076 3524 3147 γνώμην
3549 3075 3694 3127 ἔστω

2106 3169 2142 3237 ἡ
2168 3169 2316 3221 πᾶσα
2346 3169 2506 3220 ὲπιστ
2516 3169 2678 3238 ροφή.

2700 3367 2945 3420 ΚΕΦΑΛ.
2980 3368 3100 3422 ΞΝ.

2181 3481 2351 3532 ’Ὅταν
2395 3497 2479 3543 τις
2512 3480 2697 3543 κακῶς
2728 3498 2780 3533 τι
2826 3484 2977 3551 ποιῇ,
3021 3481 3055 3550 ἥ
3088 3481 3278 3543 κακῶς
3314 3499 3371 3533 σε
3400 3480 3550 3553 λέγῃ,
3592 3482 3696 3551 pi-

2113 3588 2285 3641 μνησο
2310 3572 2391 3623 ὃτι
2412 3571 2674 3641 καθήκειν
2691 3569 2841 3641 αὐτῷ
2863 3571 3111 3639 οἰόμενος
3142 3573 3304 3633 ποιεῖ,
3332 3571 3362 3639 ἢ
3394 3570 3539 3638 λέγει
3562 3587 3578 3601 ο
3596 3572 3701 3641 οὐχ

2109 3659 2221 3718 οἶόν
2271 3682 2331 3717 τε
2372 3660 2464 3718 οὖν
2524 3664 2836 3717 ἀκολουθεῖν
2884 3664 3047 3717 αὑτὸν
3091 3664 3168 3735 τῷ
3224 3680 3304 3716 σοι
3349 3663 3697 3733 φαινομένῳ,

2111 3755 2248 3808 ἀλλὰ
2293 3755 2370 3824 τῷ
2402 3755 2573 3825 αὐτῷ,
2614 3755 2756 3808 ὥστε
2789 3758 2836 3809 εἰ
2875 3755 3062 3819 κακῶς
3092 3755 3241 3824 αὐτῷ
3273 3756 3524 3823 φαίνεται
3549 3756 3699 3807 ὲκεί-

2112 3863 2201 3910 νος
2242 3846 2580 3915 βέϐλαπται,
2613 3848 2762 3909 ὅστις
2805 3846 2995 3917 ὥσπερ
3051 3846 3147 3899 καὶ
3187 3846 3524 3915 ἐξηπάτηται
3550 3860 3564 3875 δ
3602 3844 3698 3895 καὶ

2112 3938 2220 4008 γὰρ
2257 3940 2317 3991 τὸ
2365 3939 2565 4007 ἀληθὲς
2618 3938 3115 4008 συμπεπλεγμένον
3165 3938 3262 3989 ὲάν
3308 3955 3393 3998 τις
3450 3934 3701 4007 ὑπολάϐῃ

2112 4030 2327 4100 ψεῦδος,
2370 4032 2430 4083 οὐ
2478 4032 2536 4084 τὸ
2593 4031 3084 4100 συμπεπλεγμένον
3136 4029 3455 4100 βέϐλαπται,
3502 4027 3613 4080 ἀλλ’
3669 4028 3702 4078 ὁ

2115 4123 2497 4193 ἐξαπατηθείς.
2558 4124 2690 4175 Ἀπὸ
2734 4124 2938 4176 τούτων
2970 4122 3293 4194 ὁρμώμενος
3337 4125 3526 4193 πράως
3555 4119 3703 4184 ἕξεις

2116 4217 2251 4287 πρὸς
2278 4217 2367 4270 τὸν
2391 4217 2733 4285 λοιδοροῦντα
2763 4235 2777 4247 ·
2805 4218 3145 4287 ἐπιφθέγγου
3178 4219 3288 4287 γὰρ
3314 4216 3399 4285 ἐφ’
3434 4216 3694 4277 ἑκάστου,

2116 4310 2197 4360 ὅτι
2228 4309 2402 4375 ἔδοξεν
2432 4308 2599 4379 αὐτῷ.

2707 4508 2955 4563 ΚΕΦΑΛ.
2981 4504 3099 4563 EB’.

2197 4616 2311 4668 Πᾶν
2338 4617 2573 4687 πρᾶγμα
2608 4617 2701 4671 δύο
2729 4619 2843 4690 ἔχει
2886 4618 3092 4685 λαϐὰς,
3126 4618 3227 4688 τὴν
3264 4618 3363 4687 μὲν
3397 4616 3712 4686 ἀφόρητον,

2124 4704 2223 4775 τὴν
2255 4705 2312 4758 δὲ
2346 4710 2588 4779 φορητὴν
2613 4726 2625 4739 ·
2657 4709 2751 4762 ἐὰν
2780 4705 2872 4762 οὖν
2906 4709 3130 4777 ἀδελφός
3159 4725 3217 4760 σε
3245 4708 3424 4777 ἀδικῇ,
3459 4704 3715 4757 ἐντεῦθεν

2126 4796 2259 4849 αὐτὸ
2295 4797 2370 4864 μὴ
2400 4798 2662 4869 λάμϐανε,
2684 4800 2765 4854 ὅτι
2788 4801 2980 4855 ἀδικεῖ-
3020 4798 3155 4869 αὑτὴ
3187 4797 3297 4869 γὰρ
3326 4801 3358 4868 ἡ
3388 4798 3525 4866 λαόή
3560 4797 3719 4849 ἐστιν

2128 4886 2291 4939 αὑτοῦ
2360 4889 2419 4940 οὐ
2496 4891 2705 4960 φορητή
2739 4906 2754 4920 °
2864 4888 3000 4942 ἀλλὰ
3073 4889 3285 4941 ἐκεῖθεν
3359 4886 3558 4957 μᾶλλον
3622 4885 3718 4937 ὅτι

2129 4978 2374 5047 ἀδελφὸς,
2406 4983 2489 5036 ὅτι
2514 4981 2828 5052 σύντροφος,
2857 4983 2949 5036 καὶ
2980 4981 3127 5053 λήψῃ
3154 4979 3287 5032 αὐτὸ
3309 4978 3445 5033 καθὸ
3476 4974 3721 5047 φορητόν
3776 4998 3781 5001 ·

2132 5072 2300 5127 ἐστιν.

2704 5355 2954 5409 ΚΕΦΔΛ.
2995 5354 3108 5411 ΞΡ.

2205 5441 2363 5505 Οὗτοι
2388 5451 2439 5503 οἱ
2464 5448 2613 5518 λόγοι
2634 5446 2976 5511 ἀσύντακτοι,
2998 5444 3140 5514 Ἐγώ
3173 5441 3266 5497 σου
3294 5440 3726 5511 πλουσιώτερος.

2137 5542 2246 5611 ἐγὼ
2283 5544 2391 5613 ἄρα
2434 5559 2528 5594 σου
2563 5539 2844 5611 κρείττων.
2893 5538 3035 5608 Ἐγώ
3069 5555 3163 5590 σου
3207 5535 3533 5604 λογιώτερος
3560 5574 3574 5599 ,
3604 5531 3729 5599 ἐγώ

2142 5651 2234 5689 σου
2266 5634 2373 5704 ἄρα
2411 5631 2677 5703 κρείττων
2705 5649 2719 5665 ο
2768 5631 2964 5684 ἐκεῖνοι
2999 5629 3055 5682 δὲ
3090 5628 3290 5698 μᾶλλον
3342 5625 3728 5687 συντακτικοὶ,
