3990 6204
306 286 324 345 1
340 288 442 352 309

1558 299 1825 362 EPlCTE
1838 304 1903 363 ΓΙ
1945 308 2331 373 MANUALE.

3408 320 3547 387 1310

314 402 455 471 Ἐγώ
478 419 572 457 σου
598 403 1015 475 πλουσιώτερος.
1036 406 1101 459 'II
1125 407 1233 480 ἐμὴ
1256 409 1365 480 ἄρα
1399 412 1593 481 κτῆσις
1630 416 1894 485 κρείττων

2019 425 2173 478 ιιιεεὶο
2207 433 2297 478 tua
2329 424 2510 493 potior
2534 436 2649 493 est;
2690 441 2792 497 ego
2819 426 3160 498 eloquentior
3194 440 3264 499 te,
3294 447 3412 488 mea
3443 449 3575 503 ergo

301 496 399 564 τῆς
449 494 569 563 σῆς.
629 495 771 563 Ἐγώ
823 514 917 549 σου
968 498 1315 571 λογιώτερος,
1364 504 1395 573 ἡ
1445 504 1553 575 ἐμὴ
1593 506 1704 576 ἄρα
1750 508 1894 572 λέξις

302 589 399 656 τῆς
449 587 547 656 σῆς
590 588 888 659 κρείσσων,
948 592 1012 642 σὺ
1056 590 1111 642 δέ
1163 608 1225 657 γε
1272 592 1394 645 οὔτε
1444 598 1636 665 κτῆσις
1676 593 1726 649 εἰ
1769 598 1891 651 οὕτε

303 678 468 743 λέξις.

898 793 1146 847 ΚΕΦΑΑ.
1191 791 1305 848 EA'.

374 907 706 969 Λούεταίτις
735 906 967 976 ταχέως,
1003 908 1079 977 μὴ
1106 910 1265 979 εἴπῃς
1295 910 1376 962 ὅτι
1406 911 1615 977 κακῶς,
1643 913 1781 967 ἀλλὰ
1812 916 1895 968 ὅτι

303 998 539 1068 ταχέως·
584 997 725 1050 πίνει
754 1015 839 1061 τις
882 999 1047 1051 πολὺν
1072 997 1232 1066 οἶνον,
1270 1002 1345 1073 μὴ
1371 1003 1530 1074 εἴπῃς
1568 1005 1650 1057 ὅτι
1685 1006 1892 1071 κακῶς,

304 1090 420 1142 ἀλλ’
459 1090 539 1141 ὅτι
578 1090 765 1154 πολὺν,
812 1090 979 1161 πρινὴ
1015 1093 1125 1162 γὰρ
1172 1093 1264 1146 τοῦ
1298 1095 1500 1161 γνῶναι
1546 1096 1606 1148 τὸ
1640 1100 1894 1167 πρᾶγμα,

308 1178 469 1232 πόθεν
487 1177 701 1234 οἶσθαεί
724 1182 911 1245 κακῶς
929 1201 943 1247 ;
962 1182 1148 1246 Οὕτως
1164 1186 1225 1237 οὐ
1245 1184 1424 1256 συμϐή
1436 1186 1584 1239 σεταί
1613 1204 1693 1239 σοι
1720 1187 1895 1241 ἄλλων

312 1269 410 1337 μὲν
458 1271 760 1339 φαντασίας
794 1272 1207 1343 καταληπτικᾶς
1241 1274 1543 1344 λαμϐάνειν
1569 1320 1584 1343 ,
1618 1276 1801 1341 ἄλλοις
1836 1278 1891 1331 δὲ

312 1362 828 1428 συγκατατίθεσθαι.

894 1555 1151 1611 ΚΕΦΛΛ.
1185 1556 1301 1613 ΞΕἏ

380 1668 649 1739 Μηδαμοῦ
679 1668 903 1723 σεαυτὸν
937 1672 1101 1742 εἴπῃς
1131 1671 1443 1742 φιλόσοφον,
1482 1674 1621 1745 μηδὲ
1648 1674 1801 1729 λάλει
1836 1677 1898 1730 τὸ

1999 514 2167 568 dictio
2208 525 2300 569 tua
2332 517 2699 584 pneslantior.
2730 516 2809 571 Tu
2845 532 3025 573 autem
3055 536 3155 576 nec
3191 526 3464 591 possessio
3489 540 3572 588 es,

1999 621 2173 675 neque
2218 607 2405 661 dictio.

2556 803 2783 859 CAPUT
2825 805 3009 860 LXIV.

2066 913 2301 969 Lavatur
2347 915 2469 985 quis
2506 917 2619 971 cito
2641 956 2656 981 ,
2689 933 2755 971 ne
2779 918 2985 972 dixeris
3007 958 3021 983 ,
3075 919 3217 989 quod
3254 919 3393 974 male
3416 960 3431 982 ,
3478 921 3571 976 sed

1997 1009 2142 1076 quod
2181 1008 2462 1076 celeriter;
2499 1008 2635 1062 bibit
2664 1009 2862 1077 aliquis
2897 1010 3127 1064 multum
3158 1009 3291 1075 vini,
3326 1026 3393 1064 ne
3416 1011 3570 1065 dixe-

1999 1098 2108 1162 ris,
2149 1098 2292 1165 quod
2329 1099 2490 1161 male,
2527 1115 2713 1153 verum
2756 1100 2900 1169 quod
2948 1102 3212 1168 multum;
3256 1105 3570 1172 priusquam

1997 1188 2139 1241 enim
2174 1203 2286 1241 rem
2341 1189 2671 1257 dignoveris,
2728 1194 2865 1245 unde
2901 1193 3009 1247 scis
3041 1194 3085 1247 si
3119 1194 3290 1247 male?
3340 1192 3430 1248 Sic
3463 1210 3571 1248 non

1997 1279 2272 1349 continget
2305 1280 2399 1334 tibi
2449 1282 2670 1351 assequi
2717 1282 2947 1337 aliorum
2994 1284 3406 1354 imaginationes
3441 1300 3573 1339 con-

1998 1373 2345 1441 prehensioni
2383 1373 2681 1443 subjectas,
2718 1384 2809 1428 aut
2841 1376 2893 1429 in
2921 1377 3163 1432 eamdem
3191 1377 3421 1431 aliorum
3449 1392 3574 1433 sen-

1996 1467 2218 1519 tentiam
2250 1465 2603 1521 descendere.

2560 1578 2788 1635 CAPUT
2842 1578 3001 1634 LXV.

2077 1690 2280 1747 Nullibi
2328 1692 2710 1763 philosophum
2751 1693 2981 1761 teipsum
3018 1691 3219 1746 dixeris
3245 1732 3259 1755 ,
3301 1706 3401 1746 nec
3432 1693 3573 1762 apud

313 1760 446 1813 πολὺ
469 1762 526 1813 ὲν
558 1758 793 1824 ἰδιώταις
824 1762 953 1831 περὶ
982 1763 1092 1815 τῶν
1120 1764 1511 1835 θεωρημάτωψ
1546 1762 1656 1821 οἷον
1685 1770 1744 1821 ἐν
1765 1786 1904 1840 συμ-

2019 1784 2287 1852 mperitos
2338 1783 2581 1851 plebeios
2621 1784 2852 1836 multum
2904 1782 3114 1851 garrias
3148 1782 3213 1837 de
3245 1784 3573 1852 speculatio-

315 1852 508 1921 ποσίῳ,
564 1853 638 1922 μὴ
668 1852 793 1921 λέγε
829 1853 946 1917 πῶς
973 1855 1053 1907 δεῖ
1083 1856 1304 1920 ἐσθίειν,
1332 1858 1447 1911 ἀλλ’
1483 1858 1629 1912 ἔσθιε
1664 1861 1739 1923 ὡς
1767 1860 1855 1919 δεῖ
1882 1878 1897 1893 ο

317 1942 565 2012 μέμνησο
607 1945 714 2015 γὰρ
757 1946 840 1997 ὅτι
887 1944 1058 2010 οὕτως
1100 1948 1478 2019 ἁφῃρήκεισαν
1523 1954 1573 2004 οἱ
1622 1952 1900 2022 φιλόσοφοι

316 2034 651 2105 πανταχόθεν
681 2035 739 2088 τὸ
771 2036 1141 2092 ἐπιδεικτικὸν
1180 2039 1321 2094 ὥστε
1357 2042 1590 2113 ἤρχοντο
1625 2044 1763 2114 πρὸς
1800 2046 1901 2097 αὐ-

314 2128 442 2188 τοὺς
481 2126 796 2199 βουλόμενοι
834 2131 924 2182 ὑπ’
978 2132 1164 2185 αὐτῶν
1209 2134 1490 2203 φιλόσοφοι
1547 2137 1899 2207 συσταθῆναι,

316 2218 555 2273 κάκεῖνοι
585 2222 873 2291 ἀπήγαγον
894 2223 1112 2287 αὐτούς.
1138 2224 1323 2288 Οὕτως
1350 2227 1626 2296 ἠνείχοντο
1654 2228 1904 2298 παρορώο

323 2327 496 2378 μενοι.

896 2428 1150 2482 ΚΕΦΑΛ.
1186 2427 1320 2497 Ξςν.

392 2537 551 2590 Ὥστε
589 2538 693 2591 κᾶν
740 2538 866 2609 περὶ
897 2538 1255 2610 θεωρήματός
1303 2558 1447 2605 τινος
1477 2543 1694 2614 ἐμπέσῃ
1736 2544 1895 2613 λόγος

319 2629 377 2679 ἐν
407 2626 664 2691 ἰδιώταις,
699 2628 877 2682 σιώπα
927 2630 984 2682 τὸ
1013 2631 1169 2685 πολύ.
1204 2632 1396 2699 Μέγας
1440 2633 1549 2704 γὰρ
1582 2636 1609 2685 ό
1662 2636 1907 2701 κίνδυνος

321 2718 481 2782 εὐθὺς
528 2720 722 2788 ἐμέσαι
765 2719 801 2773 ἃ.
835 2720 935 2773 οὐκ
980 2720 1206 2790 ἕπεψας,
1250 2725 1343 2775 καὶ
1375 2725 1503 2777 ὃταν
1546 2725 1675 2797 εἴπῃ
1718 2727 1801 2779 σοί
1828 2745 1909 2791 τις

320 2811 400 2862 δτι
445 2810 596 2863 οὐδὲν
646 2808 804 2864 οἶσθα
827 2855 841 2878 ,
878 2812 973 2866 καὶ
1008 2812 1071 2865 σὺ
1124 2814 1198 2884 μὴ
1238 2815 1484 2886 δειχθῇς’
1521 2817 1641 2869 τότε
1689 2818 1795 2871 ἴσθι
1827 2819 1908 2871 ὅτι

321 2902 464 2971 ἄρχῃ
505 2901 598 2953 τοῦ
643 2901 827 2971 ἔργου·
861 2904 983 2956 ἐπεὶ
1024 2906 1118 2957 καὶ
1164 2907 1230 2960 τὰ
1298 2907 1549 2977 πρόϐατα
1595 2910 1655 2962 οὐ
1716 2911 1909 2981 χόρτον

324 2994 555 3064 φέροντα
579 2998 689 3057 τοῖς
707 2996 959 3066 ποιμέσιν
984 2998 1311 3053 ἐπιδεικνύει
1336 3001 1499 3053 πόσον
1526 3001 1748 3069 ἔφαγεν,
1774 3003 1909 3056 ἀλλὰ

2003 1875 2191 1942 nibus;
2228 1875 2396 1940 velut,
2437 1875 2489 1927 in
2517 1875 2765 1929 convivio
2794 1890 2863 1929 ne
2893 1875 3045 1930 dicas
3075 1877 3347 1945 quomodo
3389 1891 3574 1931 come-

2002 1967 2129 2021 dere
2171 1975 2407 2036 Oportet,
2452 1966 2546 2021 sed
2580 1967 2802 2021 comede
2840 1974 2900 2021 ut
2946 1967 3100 2022 decet
3134 1985 3147 2019 :
3176 1982 3385 2021 memor
3428 1969 3573 2023 enim

2003 2064 2140 2119 esto,
2174 2057 2321 2122 quod
2360 2056 2431 2109 ita
2470 2058 2813 2111 sustulerunt
2868 2058 3225 2126 undecunque
3258 2059 3578 2112 ostentatio-

2004 2163 2126 2201 nem
2152 2147 2484 2216 philosolihi,
2505 2157 2563 2201 ut
2589 2163 2710 2202 cum
2734 2149 2798 2201 ad
2825 2149 2972 2215 ipsus
2998 2149 3317 2203 accederent
3336 2150 3428 2219 qui
3457 2151 3577 2220 phi-

2006 2238 2216 2306 losophi
2280 2238 2348 2291 ab
2393 2238 2459 2291 iis
2506 2239 2709 2291 institui
2774 2239 3047 2305 volebant,
3097 2240 3171 2294 illi
3223 2241 3575 2310 depellerent,

2009 2329 2099 2384 isti
2125 2336 2306 2381 autem
2341 2327 2414 2381 ita
2439 2327 2739 2397 perferrent
2779 2329 3024 2398 neglecti.

2576 2438 2801 2496 CAPUT
2840 2442 2927 2495 LX
2940 2444 3021 2498 VI.

2080 2534 2266 2604 Itaque
2293 2534 2543 2605 quamvis
2572 2536 2713 2603 apud
2755 2536 2993 2604 plebeios
3023 2551 3205 2591 sermo
3235 2537 3484 2593 inciderit
3514 2538 3583 2594 de

2011 2628 2190 2696 aliqua
2222 2627 2617 2696 speculatione,
2661 2628 2818 2699 351
2863 2630 2962 2684 sile
2998 2639 3056 2684 ut
3086 2631 3412 2699 plurimum;
3464 2647 3583 2687 ma-

2012 2734 2178 2788 gnum
2219 2734 2412 2787 nempe
2460 2720 2758 2789 periculum
2810 2729 2893 2775 est
2932 2722 3113 2775 statim
3161 2736 3410 2775 evomere
3460 2738 3583 2791 qua:

2013 2826 2121 2864 non
2173 2810 2515 2876 concoxisti;
2566 2821 2621 2863 et
2672 2811 2890 2879 quando
2943 2811 3037 2865 tibi
3078 2811 3222 2865 dicet
3269 2812 3578 2881 quispiam,

2012 2904 2156 2974 quod
2187 2903 2318 2956 nihil
2349 2902 2476 2969 seis,
2520 2911 2574 2957 et
2625 2912 2680 2956 tu
2733 2918 2840 2956 non
2886 2903 3225 2965 ostenderis,
3259 2904 3395 2957 scito
3430 2914 3580 2971 tunc,

2013 2995 2157 3063 quod
2208 2994 2534 3063 principium
2586 2994 2768 3061 operis
2816 3000 2934 3057 est;
2970 2993 3408 3062 quandoquidem
3454 3010 3583 3050 oves

324 3086 422 3154 τὴν
460 3086 631 3157 νομὴν
688 3085 793 3139 ἔσω
869 3087 1137 3156 πέψαντα,
1200 3092 1334 3162 ἐρίῳ
1398 3092 1501 3156 ἔξω
1570 3092 1749 3162 φέρει,
1814 3095 1906 3146 καί

2019 3101 2122 3138 non
2193 3085 2483 3140 ostendunt
2523 3085 2832 3152 pastoribus
2878 3095 3141 3152 quantum
3204 3085 3580 3151 comederint,

326 3176 577 3243 γάλακτι.
630 3176 736 3229 Καὶ
798 3176 861 3229 σὺ
911 3178 1090 3229 τοίνυν
1147 3178 1220 3250 μὴ
1268 3176 1336 3233 τὰ
1406 3181 1740 3251 θεωρήματα
1793 3185 1907 3243 τοῖς

330 3266 569 3329 ἰδιώταις
611 3266 958 3333 ὲπιδείκνυε,
999 3268 1134 3322 ἀλλὰ
1175 3270 1242 3323 τὰ
1281 3271 1377 3323 ἀπ’
1410 3273 1590 3325 αὐτῶν
1633 3272 1908 3341 πεφθέντα

329 3360 486 3429 ἔργα.

931 3649 1179 3702 ΚΕΦΑΑ.
1214 3646 1330 3704 ΞΖ’.

410 3742 578 3794 Ὅταν
604 3730 835 3803 εὐτελῶς
870 3737 921 3793 εἴ
946 3741 1291 3810 ἡρμοσμένος
1302 3741 1394 3805 ,τά
1437 3744 1580 3796 κατά
1619 3744 1800 3814 σῶμα,
1840 3748 1913 3818 μὴ

339 3830 678 3895 καλλωπίζου
713 3832 804 3883 ἐπὶ
844 3830 1039 3901 τούτῳ.
1075 3831 1212 3899 Μηδ⁹
1253 3831 1320 3885 ἂν
1354 3832 1499 3903 ὓδωρ
1527 3834 1686 3905 πίνῃς
1714 3838 1777 3888 ὲκ
1808 3838 1912 3889 πά-

340 3943 438 3996 σης
472 3925 727 3994 ἀφορμῆς
772 3924 917 3991 λέγε,
955 3924 1036 3975 ὅτι
1087 3922 1231 3993 ὕδωρ
1280 3924 1476 3988 πίνεις,
1526 3925 1627 3979 κᾶν
1679 3928 1916 3997 ἁσκῆσαί

338 4034 466 4069 ποτε
495 4016 630 4084 πρὸς
675 4014 832 4067 πόνον
870 4014 1098 4084 θελήσῃς
1141 4012 1353 4082 σεαυτῷ
1383 4014 1478 4067 καὶ
1524 4017 1597 4086 μὴ
1629 4020 1743 4079 τοῖς
1789 4019 1913 4084 ἔξω,

339 4108 429 4178 Μὴ
456 4109 579 4170 τοὺς
614 4105 934 4177 ἀνδριάντας
964 4104 1337 4175 περιλάμὸανε
1357 4144 1370 4166 ,
1406 4105 1540 4159 ἀλλὰ
1572 4107 1740 4177 διψῶν
1784 4126 1915 4162 ποτε

341 4197 607 4268 σφοδρῶς,
660 4198 961 4251 ὲπίσπασαι
998 4195 1201 4267 ψυχροῦ
1246 4194 1457 4262 ὓδατος,
1504 4200 1597 4253 καὶ
1623 4200 1913 4268 ἕκπτυσον,

343 4292 438 4343 καὶ
464 4292 652 4362 μηδενὶ
685 4292 865 4362 εἴπῃς.

922 4496 1173 4549 ΚΕΦΑΛ.
1210 4495 1337 4549 EH’.

429 4582 658 4635 ’ἰδιώτου
697 4583 904 4646 στάσις,
948 4584 1039 4637 καὶ
1068 4585 1374 4655 χαρακτὴρ,
1413 4584 1670 4653 οὐδεμίαν
1702 4585 1832 4636 ποτὲ
1861 4582 1921 4646 ἐξ

346 4675 536 4728 ἑαυτοῦ
572 4676 847 4745 προσδοκᾷ
875 4676 1139 4745 ὠφέλειαν
1160 4719 1175 4743 ,
1206 4678 1239 4748 ἢ
1279 4676 1506 4747 βλάϐην,
1537 4676 1652 4728 ἀλλ’
1686 4676 1792 4728 ἀπὸ
1811 4673 1920 4727 τῶν

344 4765 467 4829 ἔξω.
512 4765 805 4834 Φιλοσόφου
854 4765 1062 4828 στάσις,
1091 4766 1186 4819 καὶ
1218 4766 1505 4837 χαρακτὴρ
1556 4767 1737 4819 πᾶσαν
1777 4762 1920 4833 ὠφέ-

344 4858 513 4924 λειαν,
546 4858 642 4910 καὶ
678 4856 901 4926 βλάϐην,
928 4856 987 4921 ἐξ
1014 4858 1208 4911 ἑαυτοῦ
1242 4858 1537 4930 προσδοκᾷ.

928 5055 1179 5108 ΚΕΦΑΛ.
1215 5053 1331 5108 ΞΘ¹.

416 5148 655 5217 Σημεῖον
702 5147 1105 5218 προκόπτοντος
1154 5147 1349 5200 οὐδένα
1385 5146 1544 5216 ψέγει
1593 5147 1918 5217 προχείρως,
1962 5210 1971 5213 _

348 5239 539 5293 οὐδένα
568 5239 860 5309 μέμφεται,
882 5238 1055 5291 οὐδενὶ
1075 5239 1323 5307 ἐγκαλεῖ,
1342 5239 1441 5292 κᾶν
1472 5256 1555 5302 τις
1583 5239 1742 5290 αὑτὸν
1763 5242 1921 5291 ὲπαι-

350 5333 437 5401 νῇ,
481 5331 758 5401 καταγελᾷ
800 5329 893 5384 τοῦ
942 5331 1288 5395 ἐπαινοῦντος
1326 5332 1488 5385 αὐτὸν
1540 5331 1668 5401 παρ’
1710 5330 1921 5400 ἐαυτῷ,

350 5422 450 5477 κᾶν
482 5423 625 5496 ψέγῃ
651 5425 754 5477 οὐκ
797 5424 1168 5492 ἀπολογεῖται.
1201 5426 1444 5496 Περίεισι
1488 5424 1544 5476 δὲ
1589 5423 1840 5495 καθάπερ
1875 5426 1923 5476 oi

350 5515 620 5586 ἄρρωστοι
644 5514 1029 5585 εὐλαϐούμενοί
1058 5534 1110 5570 τι
1135 5518 1353 5587 κινῆσαι
1376 5516 1483 5571 τῶν
1506 5514 1923 5585 καθισταμένων

353 5606 483 5675 πρὶν
516 5606 673 5674 πῆξιν
703 5605 911 5659 λαϐεῖν.

2011 3176 2232 3229 herbam
2271 3174 2629 3244 proferentes,
2661 3176 2753 3229 sed
2803 3176 2943 3240 lana,
2994 3191 3056 3230 ac
3106 3176 3243 3230 lacte
3277 3177 3585 3245 producunt

2010 3266 2145 3321 foris
2179 3267 2435 3336 pabulum
2463 3306 2477 3329 ,
2526 3281 2649 3320 cum
2699 3267 2846 3321 intus
2887 3268 3257 3323 concoxerim.
3298 3270 3486 3336 Itaque
3526 3278 3582 3322 tu

2012 3373 2236 3427 quoque
2277 3373 2346 3411 ne
2376 3358 2484 3411 cito
2535 3357 2803 3428 imperitis
2853 3359 3251 3428 speculationes
3300 3360 3582 3424 exhibeas,

2012 3448 2105 3501 sed
2162 3462 2328 3517 opera
2370 3447 2438 3500 ab
2484 3446 2551 3500 iis
2603 3446 2845 3515 (scilicet
2897 3448 3392 3520 speculationibus)
3447 3463 3585 3504 con-

2013 3543 2186 3590 cocta.

2561 3645 2790 3702 CAPUT
2830 3645 3038 3701 LXVII.

2087 3736 2318 3802 Quando
2358 3737 2590 3790 tenuiter
2628 3737 2899 3806 aptaveris
2940 3752 3039 3801 ea,
3098 3751 3221 3805 quas
3267 3737 3334 3791 ad
3387 3751 3583 3806 corpus

2016 3830 2304 3900 pertinent,
2332 3843 2398 3883 ne
2445 3828 2692 3897 glorieris
2734 3843 2896 3896 super
2946 3829 3081 3893 hoc;
3117 3838 3167 3880 et
3203 3827 3250 3881 si
3296 3843 3359 3881 ex
3393 3830 3585 3897 quavis

2017 3919 2305 3974 occasione
2346 3934 2543 3987 aquam
2577 3919 2753 3983 bibas,
2786 3933 2853 3972 ne
2883 3917 3053 3979 dicas,
3086 3918 3233 3987 quod
3278 3933 3473 3987 aquam
3504 3919 3586 3973 bi-

2020 4005 2139 4070 bis;
2173 4019 2408 4073 cumque
2441 4005 2508 4058 ad
2539 4005 2752 4059 labores
2788 4006 3026 4059 exerceri
3052 4008 3306 4070 volueris,
3340 4007 3431 4060 tibi
3461 4008 3585 4077 ipsi,

2018 4106 2071 4150 et
2109 4111 2217 4148 non
2254 4095 2382 4161 his,
2432 4096 2523 4164 qui
2581 4106 2708 4150 sunt
2754 4099 2994 4152 exterius
3029 4099 3078 4153 id
3120 4110 3305 4153 notum
3354 4099 3467 4166 fac;
3519 4116 3588 4155 ne

2018 4190 2365 4259 amplectaris
2418 4198 2668 4256 statuas,
2723 4190 2816 4261 sed
2868 4193 3188 4261 quandoque
3244 4193 3590 4248 vehementer

2021 4280 2235 4346 sitiens,
2280 4280 2439 4335 hauri
2475 4279 2725 4351 frigidam
2769 4298 2986 4351 aquam,
3018 4292 3070 4337 et
3110 4298 3305 4353 expue,
3353 4284 3588 4338 nemini-

2021 4387 2127 4442 que
2166 4374 2389 4429 dixeris.

2553 4484 2778 4543 CAPUT
2817 4486 3043 4542 LXVIII.

2092 4577 2313 4641 Plebeii,
2347 4578 2466 4633 sive
2498 4578 2732 4647 imperiti
2767 4588 2960 4642 status,
2981 4588 3033 4633 et
3074 4589 3198 4634 nota
3226 4581 3459 4635 :nullam
3486 4598 3591 4635 un-

2022 4684 2184 4737 quam
2233 4685 2297 4723 ex
2336 4670 2518 4737 seipse
2553 4676 2833 4737 exspectat
2867 4669 3151 4723 utilitatem
3178 4710 3193 4733 ,
3229 4679 3322 4725 aut
3367 4688 3590 4735 noxam,

2023 4761 2116 4815 sed
2151 4759 2219 4812 ab
2258 4759 2367 4822 his,
2404 4774 2526 4827 quae
2568 4769 2696 4812 sunt
2731 4768 2903 4813 extra.
2953 4761 3274 4831 PhilosOphi
3308 4761 3550 4817 conditio
3576 4804 3591 4827 ,

2022 4861 2076 4906 et
2107 4851 2367 4905 indicium
2423 4866 2642 4907 omnem
2678 4852 2983 4919 utilitatem,
3022 4864 3077 4909 ct
3118 4870 3314 4910 noxam
3350 4869 3382 4908 a
3411 4854 3596 4923 seipse

2022 4949 2319 5011 exspectat.

2578 5054 2809 5110 CAPUT
2849 5054 3036 5111 LXIX.

2095 5146 2320 5217 Signum
2352 5146 2685 5214 prolicientis
2722 5148 3032 5203 :neminem
3068 5150 3417 5219 reprehendit
3463 5165 3597 5206 con-

2024 5238 2242 5303 festim,
2293 5237 2559 5291 neminem
2604 5237 2808 5303 laudat,
2847 5238 2914 5292 de
2955 5240 3173 5295 nemine
3208 5241 3593 5309 conqueritur,

2026 5339 2247 5385 accusat
2284 5329 2595 5397 neminem;
2631 5337 2683 5384 et
2714 5330 2758 5386 si
2801 5330 2927 5401 quis
2959 5331 3135 5399 ipsum
3173 5331 3410 5386 dilaudet
3434 5372 3449 5397 ,
3500 5334 3597 5387 de-

2025 5424 2163 5478 ridet
2193 5421 2355 5492 352
2386 5422 2528 5492 apud
2565 5424 2807 5493 seipsum
2849 5423 3267 5486 dilaudatorem,
3305 5434 3360 5478 et
3398 5426 3442 5480 si
3474 5426 3596 5495 quis

2028 5511 2408 5580 reprehendat,
2443 5526 2549 5565 non
2585 5528 2644 5568 se
2665 5512 2944 5578 defendit;
2972 5514 3227 5569 circumit
3250 5530 3377 5569 vero
3404 5531 3594 5585 quem-

2029 5603 2321 5665 admodum
2366 5602 2591 5669 iutirmi,
2648 5604 2744 5674 qui
2794 5615 2989 5661 cavent
3024 5622 3093 5661 ne
3140 5607 3270 5676 quid
3320 5607 3593 5662 stabilium

2028 5702 2423 5763 commoveant,
2459 5705 2747 5766 antequam
2789 5706 3074 5754 resumam
3107 5698 3451 5757 soliditatem.
