3994 6182
1651 124 1704 143 ο

271 245 393 307 1313

1503 235 1844 294 EPICTETI
1887 233 2271 294 MANUALE.

3387 227 3524 291 13H

264 361 350 420 τὰς
382 353 681 425 φαντασίας
707 352 809 414 τὰς
853 349 1193 420 νυκτερινὰς,
1227 347 1317 400 καὶ
1354 348 1518 415 ἐγγὺς
1544 349 1832 418 γενόμενος

1946 347 2145 401 ιιιιηιίς
2162 344 2757 401 visionibusdifliculter
2775 360 2894 400 eam
2915 346 3196 400 tolerarem
3223 362 3238 410 ;
3262 361 3519 415 cumque.

263 447 346 498 τοῦ
382 442 616 509 ἐξελθεῖν
641 442 741 510 τῆς
777 441 984 510 ἐρήμου
1017 436 1330 499 ἐλαύνοντος
1363 454 1430 508 με
1456 436 1550 489 τοῦ
1584 435 1789 499 πάθους
1811 455 1824 467 ·

263 537 366 597 τοῖς
421 533 519 603 μὲν
550 531 786 600 γείτοσιν
829 532 982 598 ἐμοῖς
1023 530 1123 581 οὐκ
1172 527 1446 598 ἀνεθέμην
1487 528 1549 580 τὸ
1597 528 1829 598 πρᾶγμα

263 623 377 677 οὔτε
407 623 484 694 τῷ
506 622 808 691 διδασκάλῳ
838 619 1100 690 Εὑλογίῳ,
1149 620 1452 691 λεληθότως
1485 620 1542 672 δὲ
1573 620 1829 692 παραϐα-

264 716 363 768 λὼν
409 718 488 778 εἰς
521 715 621 785 τὴν
669 713 1009 784 πανέρημον,
1053 711 1449 781 συνετύγχανον
1501 713 1830 782 ἐπὶήμέρας

265 805 558 858 δεκαπέντε
585 806 694 866 τοῖς
727 804 864 855 κατά
895 802 994 873 τὴν
1021 802 1221 871 Σκῆτιν
1245 802 1831 872 γηράσασι-Πατράσιν

266 895 316 946 ἐν
362 896 428 964 τῇ
483 893 698 962 ἐρήμῳ,
749 892 808 942 ἐν
854 883 937 952 οἷς
984 887 1052 960 ἦν
1083 889 1177 942 καί
1221 905 1304 952 τις
1329 889 1532 959 Πάχων
1585 889 1830 958 ὀνόματι,

266 981 657 1051 ἐὸδομηκοστὸν
687 981 804 1042 ἔτος
837 979 1034 1042 ἐλάσας
1069 979 1376 1049 καθήμενος
1413 980 1472 1032 ὲν
1508 982 1574 1049 τῇ
1609 981 1834 1050 Σκήτει.

266 1071 452 1142 Εὑρὼν
482 1067 573 1124 οὖν
605 1072 767 1124 αὐτὸν
801 1069 1267 1146 ἀσκητικωτερον,
1302 1071 1394 1123 καὶ
1423 1071 1829 1142 ἀκεραιότερον,

267 1163 539 1236 ἐθάρρησα
563 1160 857 1214 ἀναθέσθαι
895 1177 995 1230 μου
1024 1160 1094 1214 τά
1122 1162 1218 1231 τῆς
1245 1161 1503 1224 διανοίας.
1547 1163 1655 1215 Καὶ
1686 1161 1832 1229 λέγει

270 1272 354 1324 μοι
382 1247 556 1315 οὗτοςο
575 1251 665 1320 Μὴ
691 1252 871 1322 ξενίσῃ
904 1269 962 1304 σε
993 1252 1053 1304 τὸ
1076 1254 1327 1322 πρᾶγμα·
1355 1253 1415 1304 οὐ
1452 1255 1681 1323 πάσχεις
1703 1253 1834 1306 αὐτὸ

271 1345 372 1396 ἀπὸ
408 1343 700 1413 ῥᾳθυμίας,
733 1344 1002 1412 μαρτυρεῖ
1028 1342 1140 1411 γάρ
1181 1359 1262 1394 σοι
1308 1343 1402 1394 καὶ
1434 1344 1462 1395 ὁ
1507 1342 1691 1409 τόπος,
1741 1343 1836 1395 καὶ

270 1435 350 1487 διὰ
376 1436 470 1504 τὴν
503 1436 694 1486 σπάνιν
721 1433 827 1486 τῶν
853 1433 1073 1503 χρειῶν,
1104 1434 1196 1486 καὶ
1222 1433 1310 1487 διὰ
1335 1434 1395 1486 τὸ
1431 1434 1506 1503 μὴ
1545 1429 1682 1487 εῖναι
1707 1451 1836 1487 συν-

270 1525 452 1593 τυχίαν
496 1525 604 1578 τῶν
656 1523 905 1593 Θηλειῶν,
965 1523 1101 1575 ἀλλὰ
1162 1523 1362 1593 μᾶλλον
1415 1523 1522 1576 ἀπὸ
1571 1524 1831 1593 σπουδῆς.

270 1615 538 1685 Τριπλοῦς
565 1615 673 1685 γάρ
719 1616 864 1666 ἐστιν
892 1613 919 1662 ὁ
950 1613 1184 1683 πόλεμος
1204 1615 1232 1665 ὀ
1256 1613 1510 1684 πορνικός
1531 1631 1544 1644 ·
1574 1615 1704 1666 ποτὲ
1737 1614 1836 1685 μὲν

1936 439 2288 508 (εοιιιρθιιθηιε
2305 453 2390 492 me
2405 437 2678 507 pensione,
2705 453 2869 508 prope
2889 438 3080 500 forem,
3101 447 3157 492 ut
3179 454 3208 491 e
3229 438 3546 509 solitudine_

1935 531 2308 595 abscederetn,
2339 531 2680 585 vicinismeis
2701 531 3012 600 neutiquam
3034 530 3244 584 narravi
3268 545 3402 594 rem,
3427 548 3522 584 ne-

1935 636 2040 690 que
2059 622 2317 690 magistro
2355 621 2599 689 Eulogio,
2627 621 2762 675 clam
2789 637 2918 675 vero
2959 621 3325 690 pet-transiens
3348 623 3412 675 ad
3439 622 3520 674 lo-

1935 727 2059 766 cum
2084 711 2305 765 omnino
2325 710 2596 764 desertum
2640 709 2866 765 conveni
2907 726 3003 780 per
3053 711 3364 780 quindecim
3406 712 3524 765 dies

1935 817 2048 868 eos,
2073 801 2166 871 qui
2193 802 2332 855 circa
2360 799 2556 855 Scetim
2587 809 2987 856 consenuerant
3010 801 3060 854 in
3108 803 3398 856 solitudine
3423 801 3524 857 Pa-

1940 899 2072 950 tres,
2095 903 2234 957 quos
2257 889 2416 955 inter,
2438 898 2492 943 et
2511 888 2729 958 quidam
2752 889 3094 944 eratPachon
3111 892 3331 945 nomine
3351 893 3440 960 qui
3458 894 3522 945 ad

1937 995 2138 1033 annum
2163 988 2483 1048 pervenerat
2522 980 3002 1050 septuagesimum,
3063 983 3446 1052 residebatque
3470 984 3522 1038 iu

1940 1069 2128 1137 Scete;
2155 1079 2346 1125 nactus
2370 1072 2532 1141 igitur
2556 1073 2728 1140 ipsum
2754 1073 3206 1137 exercitatiorem,
3231 1084 3392 1145 atque
3413 1077 3525 1128 siu-

1938 1161 2228 1227 ceriorem,
2261 1163 2598 1216 confidenter
2623 1178 2790 1217 ausus
2811 1178 2929 1216 sum
2955 1179 3088 1217 mea:
3110 1166 3307 1219 mentis
3327 1181 3526 1219 arcana

1938 1266 2226 1322 exponere,
2264 1267 2327 1308 ac
2357 1269 2596 1307 narrare.
2619 1252 2770 1308 Tunc
2805 1253 2891 1307 hic
2916 1252 3046 1308 mihi
3077 1255 3206 1310 dicit
3227 1284 3293 1296 --
3333 1275 3346 1310 :
3373 1255 3450 1311 Ne
3476 1269 3527 1311 te

1949 1346 2226 1412 perturbet
2261 1347 2532 1414 negotium
2563 1345 2937 1413 hujuscemodi
2964 1347 3117 1415 quasi
3157 1363 3356 1402 novum
3385 1367 3399 1415 ;
3431 1367 3528 1404 nec

1941 1436 2083 1488 enim
2115 1435 2164 1489 id
2201 1436 2399 1504 pateris
2427 1451 2456 1489 e
2493 1437 2726 1505 pigritia,
2768 1447 3056 1492 attestatur
3080 1440 3280 1508 quippe
3308 1441 3406 1496 hoc
3431 1442 3527 1494 tibi

1941 1524 2095 1580 locus
2117 1527 2250 1595 ipse,
2277 1534 2389 1579 tum
2438 1537 2659 1595 propter
2702 1527 2936 1596 inopiam
2978 1544 3160 1582 rerum
3195 1531 3528 1585 necessaria-

1943 1632 2086 1680 rum,
2137 1625 2249 1670 tum
2279 1617 2440 1670 etiam
2461 1618 2588 1686 quia
2619 1617 2944 1672 feminarum
2966 1633 3072 1672 non
3090 1628 3172 1673 est
3195 1619 3280 1673 hic
3298 1635 3528 1674 conver-

267 1708 299 1776 ἡ
346 1705 480 1776 σάρξ
513 1707 644 1776 ἡμῖν
693 1704 994 1758 ἐπιτίθεται
1055 1703 1426 1773 εὐρωστοῠσα,
1485 1704 1615 1756 ποτέ
1667 1704 1722 1756 δέ
1770 1703 1838 1756 τὰ

1946 1707 2102 1769 satio,
2136 1707 2226 1761 sed
2247 1707 2428 1775 potius
2466 1706 2734 1772 astndio;
2775 1709 2963 1776 triplex
3005 1719 3087 1763 est
3107 1711 3303 1764 etenim
3327 1709 3528 1766 bellum

267 1798 410 1869 πάθη
445 1798 534 1851 διὰ
562 1798 670 1850 τῶν
709 1795 1008 1866 λογισμῶν,
1060 1795 1189 1848 ποτὲ
1239 1795 1296 1848 δὲ
1327 1795 1420 1847 καὶ
1451 1794 1612 1856 αὐτὸς
1661 1797 1688 1845 ὁ
1719 1794 1840 1846 δαί-

270 1908 382 1960 μων
419 1892 484 1961 τῇ
537 1887 819 1960 βασκανίᾳ,
870 1886 980 1955 ἐγὼ
1024 1887 1134 1956 γάρ
1183 1887 1580 1956 παρατηρήσας
1629 1883 1841 1954 εὕρηκα

265 1981 438 2034 τοῦτο.
491 1981 618 2032 Ἰδοὺ
662 1979 737 2041 ὡς
765 1979 918 2049 ope};
931 1993 998 2048 με
1037 1978 1267 2047 γέροντα
1301 1977 1610 2048 ἄνθρωπον,
1646 1993 1842 2028 τεσσα-

267 2075 498 2142 ράκοντα
541 2071 657 2133 ἔτος
682 2068 820 2140 ἔχων
847 2071 905 2122 ἐν
937 2068 1109 2138 ταύτῃ
1131 2071 1197 2138 τῇ
1233 2067 1395 2138 κέλλῃ
1423 2066 1724 2138 φροντίζων
1744 2068 1843 2136 τῆς

268 2161 504 2232 ἐμαυτοῦ
557 2164 850 2229 σωτηρίας,
903 2161 997 2212 καὶ
1036 2160 1240 2228 ταύτην
1287 2158 1425 2228 ἔχων
1475 2159 1574 2228 τὴν
1622 2157 1842 2226 ἡλικίαν

267 2254 430 2322 μέχρι
456 2252 646 2304 τούτου
679 2248 1032 2321 πειράζομαι,
1067 2251 1163 2303 καί
1200 2249 1472 2318 διώμνυτο
1501 2249 1582 2300 ὅτι
1616 2249 1706 2300 ἐπὶ
1739 2247 1842 2300 δώ-

259 2344 394 2395 δεκα
427 2342 520 2412 ἐτη
556 2341 694 2412 μετά
737 2342 798 2394 τὸ
832 2339 1197 2408 πεντηκοστὸν
1253 2339 1391 2402 ἔτος,
1439 2339 1499 2391 οὐ
1550 2337 1720 2391 νύκτα
1754 2356 1842 2408 μοι

271 2433 676 2506 συνεχώρησαν,
706 2433 803 2504 οὐχ
833 2431 1043 2502 ἡμέραν
1079 2431 1467 2497 ἐπιτιθέμενοι.
1520 2431 1844 2501 Ἐπινοήσας

263 2521 380 2586 οὖν,
407 2525 494 2576 ὅτι
522 2523 730 2593 ἀπέστη
769 2539 868 2593 μου
900 2523 928 2574 ὁ
957 2521 1108 2586 Θεὸς,
1144 2521 1224 2574 διὸ
1258 2521 1350 2574 καὶ
1381 2520 1844 2576 καταδυναστεύο-

267 2633 389 2684 μαι,
465 2614 808 2685 ᾑρετισάμην
857 2613 1146 2668 ἀποθανεῖν
1190 2612 1420 2680 ἀλόγως,
1465 2613 1500 2684 ἢ
1540 2613 1702 2666 πάθει
1743 2611 1846 2665 σώ-

269 2723 440 2776 ματος
470 2705 931 2778 ἐνασχημονῆσαι,
963 2705 1057 2757 καὶ
1101 2702 1352 2770 ἐξελθὼν,
1403 2705 1497 2756 καὶ
1541 2701 1845 2774 περιελθὼν

268 2796 365 2866 τὴν
397 2795 492 2867 ἐρη
504 2813 624 2865 μον,
665 2790 822 2866 εὗρον
856 2795 1118 2865 σπήλαιον
1162 2795 1372 2865 ὑαίνης,
1403 2797 1483 2858 εἰς
1515 2795 1544 2847 ὃ
1577 2795 1844 2866 σπήλαιον

269 2887 441 2956 ἔθηκα
469 2887 703 2956 ἐμαυτὸν
725 2889 783 2940 ἐν
813 2887 995 2957 ἡμέρᾳ
1023 2886 1250 2955 γυμνὸν,
1279 2887 1365 2940 ἵνα
1388 2885 1671 2953 ἐξελθόντα
1697 2889 1844 2958 φάγῃ

271 2995 338 3048 με
364 2978 430 3031 τὰ
469 2977 667 3047 θηρία·
698 2977 774 3040 ὡς
805 2977 898 3031 οὖν
941 2979 1160 3045 ἐγένετο
1203 2978 1414 3050 ἑσπέρα
1463 2978 1605 3032 κατά
1644 2979 1704 3032 τὸ
1753 2997 1846 3048 γε-

271 3071 621 3140 γραμμένον·
659 3089 677 3121 ι
727 3071 891 3124 Ἐθου
944 3071 1156 3133 σκότος,
1213 3073 1307 3126 καὶ
1359 3071 1576 3139 ἐγένετο
1627 3070 1742 3136 νὺξ,
1788 3073 1844 3124 ἐν

269 3163 405 3231 αὐτῇ
461 3160 819 3215 διελεύσονται
867 3163 1058 3236 πάντα.
1089 3162 1157 3215 τὰ
1202 3162 1368 3233 θηρία
1426 3163 1519 3216 τοῦ
1567 3163 1761 3232 ἀγροῦ,
1822 3182 1840 3214 ι

267 3253 577 3318 ἐξελθόντες
603 3255 651 3306 οἱ
679 3253 840 3322 θῆρες
860 3253 888 3306 ὃ
922 3269 980 3304 τε
1007 3253 1307 3323 ἄρσην,κα“ι
1333 3255 1366 3323 ἡ
1391 3253 1578 3322 θήλεια
1600 3254 1850 3324 ὼσφράνο

269 3341 442 3411 θησάν
463 3359 562 3411 μου
595 3343 702 3394 ἀπὸ
716 3342 955 3412 κεφαλῆς
977 3341 1080 3406 ἕως
1097 3341 1274 3394 ποδῶν
1295 3359 1359 3395 πε
1368 3343 1720 3414 ριλείξαντες,
1751 3346 1846 3397 καὶ

265 3432 342 3494 ὡς
394 3435 734 3504 προσεδόκων
783 3433 1080 3506 βρωθῆναι,
1145 3437 1501 3505 ἀνελώρησαν
1545 3436 1639 3489 ἀπ’
1689 3436 1823 3505 ἐμοῦ

270 3520 452 3573 πεσὼν
486 3522 578 3575 οὖν
609 3523 697 3576 διὰ
727 3524 906 3592 πάσης
936 3525 1128 3586 νυκτὸς
1173 3525 1273 3577 οὐκ
1302 3523 1570 3596 ἐϐρώθην.
1611 3525 1847 3592 Λογισά-

269 3625 434 3680 μενος
463 3611 556 3664 οὖν
585 3613 663 3665 ὄτι
695 3613 946 3680 ἐφείσατό
981 3630 1081 3682 μου
1109 3615 1136 3666 ὁ
1157 3613 1308 3679 Θεὸς,
1337 3610 1490 3676 αὖθις
1522 3616 1848 3685 ὑποστρέφω

269 3703 352 3764 εἰς
387 3703 484 3771 τὴν
529 3702 746 3755 κέλλαψ
805 3705 1152 3773 καρτερήσας
1191 3700 1284 3756 οὖν
1323 3706 1352 3757 ὁ
1393 3703 1600 3773 δαίμων
1633 3706 1848 3776 ἡμέρας

267 3793 455 3859 ὀλίγας
479 3793 702 3846 ἐπέθετό
733 3810 823 3863 μοι
856 3793 1210 3864 σφοδρότερον
1235 3793 1328 3846 τοῦ
1351 3794 1570 3864 πρώτου
1592 3795 1668 3858 ὼς
1698 3797 1846 3866 παρὰ

272 3883 468 3952 μικρὸν
496 3881 907 3953 βλασφημῆσαι.
943 3883 1495 3952 Μετασχηματισθεὶς
1526 3881 1618 3938 οὖν
1651 3886 1730 3948 είς
1750 3888 1846 3939 Αί-

268 3973 564 4044 Θιόπισσανι
585 3975 752 4046 κόρην
785 3977 872 4046 (ἢν
901 3975 1120 4044 έώρακά
1181 3992 1308 4028 ποτε
1355 3979 1410 4029 ἐν
1441 3977 1648 4049 νεότητι
1683 3981 1761 4042 εἰς
1788 3979 1848 4032 τὸ

271 4065 428 4134 θέρος
457 4066 1228 4138 καλαμωμένην),ἐπεκάθητό
1259 4085 1358 4138 μου
1386 4071 1499 4133 τοῖς
1519 4070 1728 4139 γόνασι,
1753 4072 1846 4124 καὶ

269 4157 366 4208 ἐπὶ
397 4155 651 4210 τοσοῦτον
688 4175 754 4228 με
786 4159 1058 4229 ἐκίνησεν,
1107 4159 1182 4221 ὡς
1223 4159 1442 4230 νομίσαι
1490 4179 1557 4232 με
1594 4165 1849 4232 συγγενέ-

273 4248 420 4302 σθαι.
471 4247 603 4300 Ἀπὸ
635 4249 832 4318 μανίας
861 4246 953 4304 οὖν
998 4251 1174 4304 ἔδωκα
1205 4253 1341 4323 αὐτῇ
1377 4253 1594 4318 κόσσον,
1629 4257 1723 4308 καὶ
1753 4255 1845 4324 γέ-

1952 1796 2340 1860 meretricium,
2365 1811 2490 1849 nam
2526 1796 2794 1850 interdum
2821 1813 2947 1853 caro
2970 1799 3192 1854 robuste
3227 1804 3528 1856 valensno»

1952 1885 2036 1940 bis
2063 1886 2372 1951 insidiatur,
2398 1902 2790 1956 nonnunquam
2813 1904 2942 1943 vero
2966 1891 3248 1958 passiones
3273 1907 3369 1960 per
3389 1895 3530 1963 cogi-

1943 1978 2192 2044 tationes,
2238 1977 2529 2046 aliquando
2567 1987 2621 2032 et
2675 1979 2886 2034 daemon
2919 1979 3034 2048 ipse
3062 1995 3126 2034 ex
3155 1979 3376 2046 invidia,
3427 1996 3530 2046 ego

1945 2067 2091 2119 enim
2147 2066 2486 2119 observando
2526 2065 2630 2119 hoc
2658 2068 2930 2121 adinveni.
2980 2064 3118 2122 Ecce
3168 2076 3226 2122 ut
3260 2083 3345 2122 me
3375 2069 3528 2123 vides

1950 2171 2136 2211 senem
2170 2154 2467 2221 hominem,
2500 2170 2622 2209 cum
2651 2157 2815 2228 356
2833 2159 3024 2228 degam
3065 2174 3268 2212 annum
3293 2161 3529 2229 quadra-

1945 2245 2210 2313 gesimum
2235 2245 2286 2297 in
2307 2244 2412 2297 hac
2435 2243 2589 2308 cella,
2621 2247 2884 2300 sollicitus
2909 2246 2974 2300 de
2997 2247 3076 2302 eis
3096 2263 3215 2316 qua:
3246 2250 3312 2303 ad
3336 2265 3510 2304 meam

1952 2336 2470 2404 spectantsalutem,
2502 2344 2556 2390 et
2579 2337 2698 2391 licet
2740 2337 2804 2390 ad
2850 2337 3009 2392 istam
3043 2341 3354 2410 pertigerim
3391 2351 3524 2396 atta-

1948 2434 2076 2492 tam,
2099 2425 2362 2480 hactenus
2393 2435 2568 2480 tenter
2589 2445 2604 2492 ;
2628 2457 2698 2466 ——
2719 2426 3110 2498 aﬂirmavilque
3153 2431 3284 2484 mihi
3321 2431 3528 2502 jureju-

1945 2515 2115 2569 rando
2139 2515 2345 2580 dicens,
2362 2516 2504 2586 quod
2526 2515 2700 2570 —Per
2712 2516 2998 2572 duodecim
3029 2533 3200 2575 annos
3225 2534 3344 2591 post
3365 2523 3527 2592 quin-

1955 2608 2236 2678 quaginta,
2272 2623 2446 2678 neque
2473 2619 2657 2675 noctu,
2687 2623 2787 2665 nec
2826 2611 3058 2665 interdiu
3095 2613 3229 2666 mihi
3267 2629 3525 2684 peperce-

1950 2708 2080 2753 runt
2139 2699 2521 2766 insidiatores;
2571 2716 2693 2754 cum
2755 2716 2883 2769 ergo
2939 2702 3298 2771 cogitassem,
3355 2706 3522 2774 quod,

1947 2786 2074 2856 quia
2108 2801 2137 2842 a
2170 2803 2255 2841 me
2285 2787 2424 2842 Deus
2443 2790 2674 2853 abesset,
2709 2791 2945 2859 potentia
2973 2793 3317 2860 opprimebar
3339 2803 3525 2865 tyran-

1949 2879 2092 2945 nica,
2125 2879 2258 2949 elegi
2289 2881 2468 2948 potius
2507 2882 2739 2936 absurde
2764 2883 2925 2947 mori,
2971 2900 3131 2952 quam
3167 2885 3237 2939 ob
3276 2892 3524 2958 corporis

1951 2971 2262 3039 paSsiouem
2319 2973 2548 3040 turpiter
2599 2987 2794 3042 agere;
2853 2986 3181 3046 quapropter
3225 2993 3519 3048 egressus,

1950 3062 2383 3133 circumiensque
2404 3053 2748 3118 solitudinem
2775 3065 2952 3121 inveni
2974 3069 3282 3136 speluncam
3313 3072 3522 3142 hyenae,

1949 3151 2136 3220 inqua
2164 3151 2420 3222 spelunca
2454 3153 2608 3222 posui
2639 3168 2724 3207 me
2757 3153 2984 3222 nudum,
3011 3169 3068 3213 ut
3097 3172 3356 3216 exeuntes
3390 3163 3518 3216 ferae

1954 3258 2042 3296 me
2099 3243 2460 3310 devorarent;
2517 3246 2701 3315 itaque
2736 3263 2956 3316 vespere
3004 3248 3145 3304 facto
3181 3250 3519 3322 (secundum

1954 3333 2096 3403 quod
2125 3333 2383 3402 scriptum
2414 3346 2496 3388 est
2526 3354 2538 3390 :
2574 3356 2591 3387 ι
2629 3336 2864 3393 Posuisti
2890 3341 3163 3403 tenebras,
3198 3352 3252 3396 et
3273 3342 3414 3396 facta
3439 3354 3523 3396 est

1950 3437 2078 3484 nox,
2127 3421 2179 3474 in
2216 3422 2332 3489 ipsa
2369 3426 2776 3491 pertransibunt
2812 3443 3001 3484 omnes
3045 3431 3229 3485 bestia:
3276 3435 3392 3502 agri
3418 3435 3518 3500 "),

1951 3523 2211 3568 exeuntes
2243 3514 2391 3573 ferae,
2445 3525 2663 3584 tamque
2708 3532 2824 3572 mas
2879 3533 3042 3586 quam
3088 3519 3284 3576 femina
3323 3522 3522 3577 olfeee~

1951 3612 2076 3656 runt
2107 3619 2192 3658 me
2221 3619 2252 3657 a
2303 3605 2477 3672 capite
2529 3621 2701 3674 usque
2738 3607 2804 3661 ad
2854 3610 3038 3677 pedes,
3080 3617 3134 3664 et
3166 3612 3518 3668 circumcirca

1950 3694 2250 3758 linxerunt,
2307 3710 2540 3765 cumque
2585 3711 2672 3750 me
2717 3697 3084 3752 devorandum
3128 3713 3516 3770 exspectarem.

1950 3793 2292 3840 secesserunt
2313 3801 2342 3838 a
2373 3802 2481 3852 me,
2509 3787 2698 3857 sicque
2729 3803 2823 3858 per
2847 3797 3012 3843 totam
3039 3801 3250 3846 noctem
3281 3805 3522 3862 prostra-

1951 3887 2062 3941 tus,
2109 3887 2286 3932 tamen
2334 3877 2624 3934 devoratus
2661 3895 2768 3934 non
2804 3879 2901 3934 fui.
2952 3883 3240 3938 Arhitrans
3300 3870 3516 3956 itaque.

1948 3969 2092 4039 quod
2125 3980 2440 4040 pepercerat
2465 3971 2594 4024 mihi
2622 3969 2784 4037 Deus,
2809 3987 3002 4028 rursus
3027 3974 3093 4028 ad
3123 3977 3310 4032 cellam
3343 3994 3518 4034 meam

1952 4071 2214 4126 revertor,
2231 4076 2465 4129 cumque
2487 4076 2582 4130 per
2603 4079 2805 4131 paucos
2825 4065 2941 4120 dies
2971 4065 3183 4121 daemon
3211 4071 3515 4134 tolerasset.

1949 4151 2148 4205 invasit
2177 4165 2264 4206 me
2285 4151 2678 4219 vehementius,
2713 4169 2875 4223 quam
2913 4158 3080 4223 prius,
3115 4167 3165 4211 ut
3203 4175 3392 4229 parum
3432 4162 3523 4216 ab-

1950 4241 2132 4306 fuerit,
2178 4243 2310 4312 quin
2369 4243 2824 4312 blasphemarem.
2878 4245 3322 4306 Transformatus
3359 4253 3520 4323 igitur

267 4355 426 4408 γονεν
474 4339 724 4407 ἄφαντος.
772 4340 892 4392 Ἐπὶ
921 4340 1123 4393 διετίαν
1149 4337 1242 4394 οὖν
1287 4345 1386 4413 τῆς
1437 4343 1696 4408 δυσωδίας
1743 4346 1840 4416 τῆς

1954 4331 2006 4384 in
2055 4333 2288 4401 puellam
2333 4332 2722 4403 Aithiopissam
2760 4335 2943 4406 (quam
2995 4338 3100 4391 vidi
3135 4342 3405 4408 quondam
3463 4344 3516 4396 in

267 4431 454 4502 χειρός
488 4447 590 4501 μου
643 4429 936 4501 ἀνέχεσθαι
965 4433 1064 4484 οὐκ
1084 4433 1363 4505 ἠδυνάμην
1385 4452 1397 4464 ·
1429 4435 1844 4508 μικροψυχήσας

264 4523 384 4586 οὖν,
422 4525 515 4576 καὶ
547 4523 948 4593 ἀπευὸοκὴσας,
987 4524 1206 4594 ἐξῆλθον
1247 4528 1326 4588 εἰς
1381 4526 1478 4597 τὴν
1529 4529 1846 4600 πανέρημον

271 4612 576 4684 ἀλώμενος.
631 4617 724 4666 καὶ
776 4613 948 4684 εὑρὼν
997 4615 1196 4667 ἀσπίδα
1248 4618 1468 4687 μικράν,
1524 4621 1618 4672 καὶ
1669 4619 1848 4673 λαϐὼν

266 4704 444 4774 αὐτὴν
485 4705 780 4774 προσφέρω
830 4708 939 4766 τοῖς
965 4710 1300 4775 γεννητικοίς
1355 4725 1456 4777 μου
1506 4711 1713 4780 μορίοις
1763 4713 1846 4765 ἵνα

266 4791 375 4845 κᾶν
425 4793 566 4846 οὕτω
613 4795 832 4864 δηχθεὶς
882 4795 1161 4864 ἀποθάνω,
1217 4801 1309 4851 καὶ
1359 4801 1703 4870 προστρέψας
1750 4801 1843 4855 τοῦ

267 4884 462 4954 θηρίου
512 4885 612 4956 τὴν
661 4886 904 4957 κεφαλὴν
940 4889 1051 4950 τοῖς
1099 4889 1309 4959 μορίοις
1358 4889 1452 4941 τοῦ
1504 4889 1776 4960 σώματος,
1811 4892 1848 4945 δι

266 4976 422 5029 αἴτιά
458 4993 547 5046 μοι
576 4974 670 5029 τοῦ
712 4977 1161 5048 πειρασμοῦ,οὺκ
1199 4979 1448 5050 ἐδήχθην.
1482 4981 1727 5035 Ἤκουσα
1755 4981 1846 5037 οὖν

266 5067 456 5137 φωνῆς
481 5067 740 5138 ἐλθούσης
769 5071 828 5120 ἐν
842 5071 907 5140 τῇ
942 5069 1151 5140 διανοίᾳ
1181 5088 1305 5140 μου,
1337 5071 1598 5138 Ἀπελθε,
1628 5073 1843 5143 Πάχων,

264 5158 566 5227 ἀγωνίζου,
610 5157 698 5212 sta
741 5159 852 5231 γάρ
884 5158 1044 5213 τοῦτο
1074 5161 1265 5230 ἀφῆκά
1296 5178 1376 5226 σε,
1411 5163 1844 5216 καταδυναστευ-

267 5243 454 5314 Θῆναι,
487 5246 573 5300 ἶνα
622 5248 696 5318 μὴ
745 5248 886 5318 μέγα
936 5251 1212 5322 φρονήσῃς
1263 5251 1338 5313 ὡς
1374 5252 1690 5322 δυνάμενος,
1729 5252 1845 5306 ἀλλ’

265 5335 530 5404 ἐπιγνούς
561 5353 655 5389 σου
685 5339 785 5408 τὴν
817 5339 1101 5393 ἀσθένειαν
1140 5342 1215 5413 μὴ
1267 5342 1547 5416 θαρσήσῃς
1591 5347 1656 5415 τῇ
1692 5344 1844 5398 πολι-

264 5425 393 5496 τείᾳ
432 5441 545 5488 σου,
574 5427 707 5480 ἀλλὰ
741 5429 1095 5502 προσδράμῃς
1131 5434 1193 5500 τῇ
1227 5430 1318 5484 τοῦ
1357 5430 1490 5500 (θεοῦ
1522 5431 1835 5501 δυναστείᾳ.

347 5602 394 5634 ³⁵
427 5601 572 5656 Psal.
604 5619 715 5669 cm,
743 5606 830 5658 9.0.

1949 4423 2318 4477 adolescentia
2336 4439 2428 4493 per
2457 4437 2717 4487 aestatem,
2741 4427 2864 4480 dum
2890 4430 3132 4498 meteret)
3161 4432 3356 4485 insedit
3383 4433 3518 4486 meis

1945 4513 2191 4582 genibus,
2235 4523 2288 4568 et
2337 4515 2473 4569 adeo
2522 4531 2608 4570 me
2663 4522 2980 4584 commovit,
3021 4528 3080 4572 ut
3113 4536 3201 4574 me
3237 4537 3359 4576 cum
3402 4522 3516 4590 ipsa

1944 4606 2173 4660 coivisse
2234 4617 2511 4676 putarem;
2558 4623 2667 4677 pra:
2717 4609 2900 4664 furore
2956 4595 3120 4678 igitur
3155 4611 3363 4680 alapam
3416 4613 3519 4682 ipsi

1943 4699 2086 4759 dedi,
2116 4708 2167 4752 et
2195 4699 2483 4753 invisibilis
2511 4698 2697 4754 effecta
2725 4701 2980 4768 evanuit;
3008 4717 3104 4771 per
3127 4703 3403 4757 biennium
3433 4720 3522 4757 ve-

1951 4806 2014 4845 ro
2058 4790 2279 4843 fetorem
2307 4807 2497 4846 manus
2523 4807 2656 4846 meae
2680 4793 2950 4860 sustinere
2985 4809 3091 4849 non
3113 4805 3377 4864 poteram.
3409 4798 3520 4849 Ab-

1948 4884 2091 4950 jecto
2143 4896 2270 4949 ergo
2309 4881 2514 4945 animo,
2555 4892 2608 4937 et
2663 4884 3020 4939 inhonoratus
3057 4886 3196 4940 exivi
3245 4889 3298 4940 in
3340 4889 3518 4941 locum

1954 4972 2175 5025 omnino
2232 4973 2514 5026 desertum
2571 4974 2957 5042 vagabundus,
3026 4991 3258 5044 cumque
3299 4993 3520 5046 parvam

1955 5064 2193 5132 aspidem
2230 5063 2580 5130 invenissem,
2610 5064 2894 5133 ipsamque
2933 5066 3282 5135 accepissem,
3316 5068 3521 5136 genita-

1949 5155 2092 5208 libus
2137 5157 2272 5208 meis
2320 5155 2578 5210 membris
2611 5155 2772 5225 357
2805 5156 3046 5219 admovi,
3101 5167 3156 5211 ut
3209 5158 3400 5212 saltem
3448 5159 3519 5212 ita

1948 5246 2235 5300 demersus
2261 5262 2570 5313 emererer;
2604 5264 2728 5302 cum
2764 5263 2890 5302 vero
2937 5249 3120 5302 bestiae
3167 5249 3518 5304 obvertissetu

1951 5347 2112 5407 caput
2143 5338 2208 5391 ad
2252 5340 2498 5406 corporis
2540 5340 2781 5394 membra
2818 5349 3004 5410 utpote
3039 5356 3160 5410 quae
3192 5357 3355 5396 causa
3390 5343 3517 5395 mihi

1958 5427 2272 5483 tentationis
2301 5443 2474 5492 erant,
2510 5447 2850 5485 connuorsus
2881 5448 2984 5486 non
3021 5432 3116 5497 fui,
3152 5434 3302 5503 atqui
3336 5449 3516 5488 vorent
