3990 6204
455 279 593 342 1319
1398 267 1545 331 JOS.
1588 263 1852 326 ΜΑΡιΙᾹΞ
1885 259 2240 322 SUARESII
2286 265 2775 326 DlSSERTATIO
3582 266 3722 330 1320

453 395 635 445 verbis
686 403 806 443 esse
851 385 1159 441 sollicitum.
1208 382 1339 437 Cavi
1396 391 1598 439 tamen,
1649 375 1830 446 quoad
1881 373 2027 442 potui

453 482 758 549 diligenter,
791 478 935 546 quod
970 484 1191 530 sanctus
1219 472 1515 542 Gregorius
1542 470 1769 539 Magnus
1795 467 1861 519 ad
1890 465 2028 518 Nar-

454 587 548 624 sen
595 569 837 629 scribens
896 568 991 621 lib.
1040 582 1114 629 vt,
1164 567 1323 635 epist.
1382 564 1475 627 27,
1515 561 1893 629 conqueritur,
1929 571 2031 609 suo

453 671 691 727 tempore
740 659 794 711 in
850 659 1071 713 civitate
1130 654 1763 724 Constantiuopolitaua,
1814 649 1910 719 qui
1964 647 2031 699 de

450 750 637 804 ϐπεοο
671 750 726 802 in
764 749 1040 813 Latinum,
1079 760 1134 803 et
1164 751 1227 802 de
1248 747 1438 801 Latino
1467 746 1522 800 in
1548 744 1794 799 Grmcum
1829 742 2030 794 dictata

450 841 585 894 bene
625 838 977 903 transferant,
1040 839 1185 892 viros
1218 853 1323 891 non
1355 837 1557 899 fuisse;
1600 834 1715 888 cavi
1762 829 2031 901 (inquam)

451 948 518 985 ne
543 932 683 986 sicut
722 931 820 994 illi,
850 931 978 984 dum
1022 931 1185 984 verba
1219 929 1578 989 custodirem,
1623 935 1678 980 et
1704 939 1902 978 sensus
1929 923 2031 974 mi-

449 1025 595 1076 nime
636 1023 1007 1087 attenderem,
1057 1036 1159 1074 nec
1196 1021 1360 1074 verba
1409 1016 1633 1086 intelligi
1674 1015 1938 1078 facerem,
1978 1022 2032 1067 et

448 1128 644 1168 sensus
670 1112 1003 1182 frangerem;
1035 1121 1201 1181 utque
1221 1111 1411 1165 scribit
1444 1118 1667 1163 sanctus
1697 1106 1938 1160 Hilarius
1971 1106 2024 1158 in

450 1206 548 1259 lib.
601 1206 675 1257 De
717 1205 952 1272 synodis,
999 1221 1062 1259 ex
1109 1205 1302 1258 Graeco
1340 1203 1395 1256 in
1424 1200 1677 1255 Latinum
1711 1200 1778 1253 ad
1804 1199 2026 1252 verbum

446 1310 700 1365 expressa
747 1296 1031 1349 translatio
1070 1294 1225 1349 affert
1264 1294 1583 1362 plerumque
1606 1290 2019 1354 obscuritatem,

445 1386 573 1438 dum
622 1387 889 1441 custodita
936 1385 1226 1438 verborum
1263 1383 1480 1437 collatio
1525 1380 1768 1435 eamdem
1811 1380 2031 1433 absolu-

450 1474 656 1528 tionem
710 1490 816 1529 non
867 1481 1045 1543 potest
1091 1471 1159 1525 ad
1210 1468 1577 1539 intelligentia:
1626 1466 2026 1535 simplicitatem

446 1581 790 1621 conservare.

517 1656 839 1711 Versionum
886 1656 1139 1725 equidem
1201 1654 1443 1723 quinque
1496 1661 1625 1706 sunt
1673 1666 1893 1722 genera.
1928 1648 2023 1714 Ea,

444 1765 565 1818 qua:
618 1758 843 1803 vocatur
899 1746 1039 1799 κατὰ
1095 1745 1275 1808 λέξιν,
1339 1761 1369 1797 a
1416 1742 1825 1812 jurisconsultis
1883 1740 2024 1792 κατὰ

445 1839 630 1903 πόδας,
667 1837 1043 1908 interpretatio
1082 1834 1150 1888 ad
1183 1835 1428 1897 verbum,
1461 1834 1529 1886 ad
1578 1833 1905 1897 dictionem,
1956 1831 2020 1884 ad

443 1928 696 1994 litteram,
725 1944 885 1997 quam
920 1937 977 1981 ut
1008 1926 1344 1982 securiorem
1373 1921 1716 1978 Justinianus
1741 1921 2021 1990 Augustus

442 2018 625 2070 sanxit
660 2025 870 2070 tantum
904 2015 1299 2084 usurpandam.
1346 2014 1585 2067 Sanctus
1632 2021 1813 2070 autem
1850 2012 2020 2065 Atha-

444 2106 631 2159 nasius
661 2104 830 2173 Epist.
872 2104 935 2158 ad
980 2103 1279 2158 Marcellin.
1311 2102 1387 2155 De
1426 2101 1634 2155 Psalm.
1686 2103 2017 2168 interpretat.

439 2211 505 2249 ex
538 2211 587 2250 c.
636 2212 694 2248 ιιι
745 2197 913 2264 Epist.
949 2196 1123 2249 sancti
1169 2194 1319 2248 Pauli
1360 2194 1427 2247 ad
1468 2192 1707 2248 Timoth.
1746 2194 2023 2260 accepisse

438 2304 468 2340 a
498 2301 627 2341 sene
657 2286 961 2355 φιλοπόνῳ,
1007 2286 1061 2338 id
1091 2294 1173 2339 est
1201 2285 1403 2338 laboris
1440 2293 1703 2345 amatore,
1745 2286 1837 2352 qui
1865 2284 2017 2338 Psal-

438 2376 634 2430 terium
670 2377 908 2442 tenebat,
951 2375 1098 2430 istud
1132 2376 1522 2430 documentum
1564 2374 1831 2429 allii-mat:
1862 2375 2019 2429 Πᾶσα

436 2469 544 2538 γὰρ
601 2462 667 2539 (ὦ
713 2468 991 2539 τέκνον)ή
1043 2467 1164 2521 καθ’
1218 2469 1364 2538 ἡμᾶς
1418 2469 1608 2538 Γραφὴ
1646 2466 1858 2522 Παλαιὰ
1919 2468 2016 2520 καὶ

435 2560 613 2629 Καινὴ
694 2560 1046 2624 Θεόπνευστός
1126 2563 1263 2626 ἐστι,
1347 2561 1442 2613 καὶ
1518 2560 1791 2629 ὠφέλιμος
1881 2559 2019 2629 πρὸς

432 2650 799 2715 διδασκαλίαν,
839 2651 914 2713 ὡς
952 2651 1283 2721 γέγραπται,
1317 2649 1372 2703 ld
1390 2659 1491 2704 est:
1538 2649 1720 2704 Omnis
1767 2650 1906 2702 enim
1952 2651 2016 2719 (ο

430 2740 543 2809 ﬁli)
579 2741 859 2809 Scriptura
901 2743 1003 2795 sive
1038 2758 1190 2808 nova,
1233 2743 1339 2795 sive
1370 2751 1511 2794 vetus
1547 2739 1797 2793 Numinis
1834 2742 2014 2812 aﬂlatu

434 2833 684 2883 mstiucta
726 2833 945 2899 prodiit,
989 2843 1039 2886 et
1090 2834 1276 2887 idonea
1306 2845 1383 2887 est
1423 2832 1493 2886 ad
1534 2832 1875 2886 erudiendum
1917 2832 2012 2887 sub

428 2939 490 2975 ea
538 2923 708 2990 forma
749 2926 1013 2991 specieque
1046 2924 1340 2991 verborum,
1366 2942 1470 2994 qua
1512 2937 1786 2992 concepta,
1819 2933 1867 2978 et
1897 2942 2015 2978 con-

429 3013 626 3081 scripta
656 3024 766 3067 est:
795 3014 934 3067 unde
964 3013 1250 3067 litteralem
1283 3015 1589 3068 versionem
1621 3012 1736 3067 fore
1764 3013 1817 3066 in
1841 3015 2013 3068 sacris

428 3102 615 3158 Bibliis
660 3106 922 3173 potiorem
964 3104 1155 3173 liquet,
1210 3103 1438 3173 ideoque
1488 3104 1797 3173 vulgatam,
1829 3113 1884 3158 et
1922 3119 2012 3158 ve-

428 3205 598 3249 terem
630 3195 875 3249 Latinam
912 3195 1137 3264 reliquis
1171 3195 1582 3263 praeferendam.

501 3285 595 3338 Est
642 3296 696 3340 et
743 3284 1060 3354 Ecpbrasis,
1107 3286 1345 3339 elocutio
1390 3284 1621 3349 scilicet,
1665 3300 1787 3354 qum
1827 3293 2013 3339 narrat

428 3376 733 3445 perspicue,
775 3377 846 3429 ita
903 3386 960 3429 ut
1001 3378 1202 3444 picttnn
1246 3376 1501 3444 graphice
1543 3374 1819 3440 videatur,
1865 3376 2011 3443 quod

425 3467 680 3534 effertur,
725 3468 1173 3537 exprimaturque
1225 3469 1295 3522 ob
1346 3470 1535 3522 oculos
1585 3470 1864 3538 positum,
1915 3468 2011 3523 sed

425 3559 519 3617 illa
558 3574 663 3613 non
696 3572 779 3613 est
811 3560 1101 3623 utendum,
1140 3561 1229 3614 ubi
1262 3561 1496 3615 brevitas
1527 3570 1611 3614 est
1644 3561 1901 3615 dilucida.

497 3648 864 3720 Periphrasis,
894 3650 1152 3705 addenda:
1182 3652 1337 3715 lucis,
1383 3663 1474 3706 aut
1520 3651 1861 3707 necessitatis
1887 3667 2010 3721 gra-

425 3741 519 3803 tia,
552 3742 985 3807 circumlocutio,
1020 3753 1073 3796 et
1102 3744 1388 3797 circuitus.

493 3830 869 3901 Paraphrasis,
907 3834 1069 3887 latior
1114 3836 1405 3904 expositio,
1453 3852 1573 3904 qua:
1626 3838 1867 3891 admittit
1925 3840 2010 3892 lu-

423 3922 569 3975 mina
604 3924 937 3977 exornandaa
979 3924 1265 3991 orationis,
1320 3926 1598 3980 schemata
1646 3942 1741 3982 seu
1784 3931 2005 3999 liguras,

422 4023 631 4081 tropos,
677 4023 840 4083 atque
882 4016 1249 4085 metaphoras.

489 4105 844 4175 Metaphrasis
878 4117 961 4161 est
990 4108 1362 4175 interpretatio
1407 4124 1526 4177 qua:
1568 4112 1887 4179 paraphrasi
1926 4123 2009 4167 est

420 4196 692 4251 astrictior
717 4237 732 4261 ,
771 4199 912 4253 sicut
949 4206 1030 4253 est
1059 4199 1277 4253 liberior
1319 4212 1371 4255 et
1416 4200 1666 4256 diffusior
1713 4217 1877 4271 quam
1937 4205 2009 4258 sit

420 4289 690 4342 litterulis.

488 4379 613 4433 llaec
642 4390 819 4433 autem
856 4381 965 4436 fere
994 4399 1188 4452 genera
1225 4387 1498 4438 variarutn
1539 4389 1852 4443 versionum
1878 4405 2007 4444 enu-

419 4480 590 4524 merat
625 4470 843 4525 Godefri
868 4474 948 4528 lus
984 4472 1305 4528 Tilmannus
1335 4475 1733 4532 Carthusianus
1781 4479 1835 4531 in
1877 4478 2004 4548 Epi-

388 4563 556 4616 .stola
612 4566 1031 4634 nuncupatoria,
1076 4582 1240 4635 quam
1295 4567 1361 4621 ad
1389 4566 1695 4623 Pandecten
1747 4572 2002 4625 Antiochi

417 4652 709 4709 Laurensis
735 4658 982 4725 praeﬁxit,
1012 4668 1068 4711 et
1095 4675 1154 4711 ea
1188 4660 1517 4729 colliguntur
1539 4677 1602 4714 ex
1637 4660 1998 4730 Quintiliano,

416 4740 451 4796 Ι.
480 4762 596 4807 vm,
629 4762 677 4800 c.
708 4747 761 4814 6;
790 4757 841 4801 et
866 4749 903 4801 l.
935 4766 988 4812 Χ,
1014 4765 1063 4804 c.
1097 4750 1128 4802 5
1162 4749 1401 4804 lnstitut.
1429 4763 1631 4807 orator.

488 4836 760 4906 lntcrpres
788 4839 864 4909 (ut
896 4844 1117 4913 censeo)
1153 4844 1411 4898 adhibere
1438 4846 1552 4899 haec
1580 4846 1765 4900 omnia
1798 4863 1997 4917 genera

413 4923 588 4989 debet,
619 4937 780 4995 prout
811 4926 914 4983 fert
948 4934 1191 4994 occasio.
1227 4950 1491 5004 mensque
1522 4941 1783 5003 auctoris,
1816 4952 1869 4992 et
1895 4940 1999 4992 liu-

413 5032 531 5084 gua:
561 5019 864 5087 proprietas
915 5024 1104 5092 exigit.
1142 5026 1331 5095 Itaque
1374 5027 1646 5081 interdum
1701 5032 1995 5099 paraphra-

413 5110 567 5175 stice,
599 5125 988 5182 nonnunquam
1016 5117 1434 5185 metaphrastice
1475 5116 1581 5173 Nili
1615 5120 1903 5187 dictiones,
1944 5133 1996 5176 et

409 5200 655 5265 phrases,
706 5212 871 5273 atque
918 5206 1172 5273 periodos
1206 5209 1363 5274 verti,
1413 5226 1537 5263 raro
1581 5214 1988 5281 periphrastice,

410 5291 587 5344 rarius
616 5295 972 5361 eephrastice,
1025 5312 1241 5367 semper
1272 5315 1401 5353 vero
1427 5301 1491 5353 ad
1527 5302 1784 5365 litteram,
1821 5303 1985 5374 595.

408 5394 528 5433 nea
583 5396 744 5437 sensu
794 5386 1143 5452 aberrarem,
1191 5391 1539 5460 potissimum
1607 5396 1816 5459 curavi,
1868 5398 1989 5451 rudi

410 5468 535 5524 licet
576 5476 865 5529 verborum
914 5480 1073 5550 stylo,
1120 5482 1353 5535 candido
1405 5493 1583 5538 tamen
1617 5494 1672 5539 et
1715 5489 1982 5555 espolito,

410 5560 717 5619 sinceritate
773 5578 934 5636 atque
988 5572 1212 5627 veritate
1275 5576 1577 5628 versionem
1640 5579 1801 5630 istam
1864 5592 1984 5631 sum

411 5663 756 5720 prosecutus;
791 5661 1002 5724 pertzesi
1041 5664 1131 5716 alii
1174 5679 1349 5719 meam
1388 5667 1765 5734 rusticitatem,
1803 5668 1968 5725 fontis

2139 376 2301 445 hujus
2370 376 2605 443 Nilotici,
2678 378 2943 431 hactenus
3010 377 3209 441 abditi,
3274 378 3722 449 “uentorumque

2136 486 2306 539 aquas
2331 481 2587 541 argenteo
2619 470 2813 526 melius
2848 486 2972 526 vase
3000 471 3366 539 pr0pinandas
3403 472 3722 526 sitientibus

2134 565 2522 618 existimabunt
2555 583 2569 618 :
2601 564 2789 619 calicis
2831 565 2978 618 enim
3011 564 3312 630 idoneitas,
3366 580 3427 618 ut
3473 565 3722 635 loquitur

2136 651 2326 709 Petrus
2375 655 2543 709 abbas
2592 654 2877 716 Cellensis,
2920 654 3013 708 lib.
3061 671 3120 720 ιι,
3160 656 3320 723 epist.
3344 656 3400 719 4,
3443 671 3540 711 seu
3582 673 3720 712 con-

2133 747 2380 811 gruentia
2425 756 2587 815 auget
2621 748 2940 816 plerumque
2979 748 3216 803 bibentis
3262 748 3619 817 voluptatem,
3662 763 3719 803 et

2132 838 2243 890 vini
2279 837 2492 892 bonitas
2530 840 2794 894 accrescit
2815 855 2881 893 ex
2924 854 3024 893 ea:
3058 839 3174 903 sed,
3203 839 3291 892 cui
3325 839 3419 891 uni
3442 841 3720 907 placuisse

2133 926 2321 981 laboro
2369 937 2555 982 sancta
2586 927 2827 981 Romana
2876 926 3143 992 Ecclesia,
3199 925 3532 994 reliquarum
3561 927 3720 994 prin-

2131 1035 2295 1088 ceps,
2351 1029 2405 1074 et
2453 1021 2732 1091 magistra,
2800 1020 3001 1088 cuique
3049 1018 3334 1072 assiduum
3383 1017 3717 1071 famulatum

2132 1128 2243 1166 tam
2288 1112 2520 1168 libenter
2571 1112 2861 1182 impendo,
2909 1126 3031 1180 qua:
3075 1108 3313 1164 Verbum
3364 1109 3716 1163 incarnatum

2133 1205 2331 1274 pannis
2369 1204 2694 1269 involutum,
2733 1219 2840 1258 non
2878 1201 3179 1267 laciniosis,
3225 1217 3291 1256 ac
3332 1203 3575 1270 pretiosis
3616 1203 3718 1256 in-

2133 1295 2407 1350 dumentis
2452 1311 2665 1351 summa
2701 1296 3050 1363 simplicitate
3085 1293 3348 1347 divinitus
3383 1293 3564 1347 datum
3602 1311 3717 1347 ΘΧ*

2133 1386 2297 1455 cepit,
2337 1397 2498 1455 atque
2529 1386 2659 1440 colit
2684 1386 2854 1455 ;‘ipsa
2894 1398 3051 1453 pura,
3097 1383 3327 1452 integra,
3366 1383 3712 1451 incorrupta,

2133 1478 2281 1530 omni
2309 1492 2375 1532 ex
2398 1487 2550 1547 parte
2580 1493 2681 1531 suo
2716 1476 2949 1547 fulgente
2984 1475 3241 1540 candore,
3276 1474 3439 1529 radiis
3471 1475 3717 1542 ejusrnet

2132 1568 2428 1634 illustrata,
2472 1569 2701 1623 veritate
2752 1569 2947 1638 gaudet
2977 1568 3097 1621 sine
3143 1565 3288 1630 fuco,
3337 1566 3390 1619 in
3420 1580 3586 1633 eaque
3616 1582 3716 1618 ac-

2130 1660 2379 1727 quiescit,
2410 1676 2511 1714 nec
2548 1660 2900 1729 improbabit,
2933 1668 2990 1713 ut
3020 1660 3234 1728 opinor,
3270 1673 3402 1711 mea:
3442 1656 3712 1711 versionis

2129 1751 2451 1817 consilium;
2506 1752 2676 1820 ipsius
2732 1767 2927 1820 nempe
2968 1748 3212 1805 calculus
3254 1749 3385 1802 mihi
3432 1750 3569 1803 satis
3609 1765 3715 1802 su-

2129 1856 2332 1909 perque
2364 1840 2546 1908 fuerit,
2590 1843 2938 1912 quantumvis
2967 1842 3127 1896 hodie
3166 1841 3237 1895 sit
3299 1840 3715 1909 periculosioris

2127 1930 2256 1981 alczr
2279 1945 2408 1984 suas
2434 1931 2487 1984 in
2510 1934 2686 1986 lucem
2710 1931 2951 2000 proferre
2980 1930 3383 1985 lucubrationes
3401 1970 3415 1992 ,
3443 1939 3496 1982 et
3525 1928 3711 1997 ingra-

2131 2020 2373 2073 tissimus
2394 2020 2849 2089 passimjactetur
2876 2021 3026 2075 labor
3050 2021 3406 2088 interpretum
3464 2018 3711 2072 Canebat

2126 2126 2240 2163 aevo
2267 2124 2367 2164 suo
2395 2109 2681 2166 Lucretius
2709 2110 2825 2181 (lib.
2867 2128 2882 2165 ι
2932 2112 3004 2166 De
3043 2129 3145 2167 rer.
3185 2125 3385 2177 natur.,
3428 2128 3573 2167 vers.
3612 2113 3711 2165 1'57

2123 2202 2266 2272 sqq.)
2292 2218 2304 2254 :

2196 2310 2309 2367 Nec
2338 2331 2417 2369 me
2447 2312 2612 2368 animi
2643 2314 2785 2384 fallit
2822 2315 3125 2371 Gra'corum
3153 2318 3374 2370 obscura
3404 2328 3613 2385 reperta

2206 2384 2429 2453 Difﬁcile
2459 2386 2732 2438 illustrare
2764 2385 2970 2439 Latinis
3002 2387 3230 2440 versibus
3261 2405 3393 2450 esse,

2194 2449 2368 2508 Multa
2401 2458 2545 2508 novis
2576 2457 2739 2508 verbis
2769 2460 3064 2523 prwsertim
3096 2474 3211 2509 cunt
3243 2460 3314 2511 sit
3344 2458 3631 2525 agendum,

2196 2526 2421 2593 Propter
2449 2536 2731 2595 egestatem
2764 2528 2957 2596 lingua:
3005 2537 3054 2579 et
3087 2543 3263 2579 rerum
3291 2537 3599 2580 novitatem.

2123 2634 2187 2688 Et
2243 2643 2363 2690 erat
2418 2651 2592 2690 aevum
2648 2636 2779 2690 illud
2849 2652 3047 2691 canum
3102 2638 3403 2707 licebatque
3464 2642 3711 2710 proferre

2119 2727 2444 2795 pomarium
2475 2727 2674 2799 lingua:
2724 2727 2945 2793 Latinae,
2982 2738 3035 2783 et
3087 2730 3246 2784 verba
3287 2729 3470 2786 Gt'atca
3496 2732 3715 2786 donare

2118 2818 2335 2872 civitate
2376 2817 2637 2873 Romana.
2690 2818 2971 2888 Praecipue
3013 2817 3387 2873 dillieilhmum
3429 2830 3528 2885 est,
3558 2827 3711 2890 quod

2116 2925 2179 2965 ex
2244 2912 2468 2981 antiquo
2514 2912 2769 2981 quopiam
2815 2925 2870 2967 et
2936 2914 3138 2968 diserto
3179 2912 3402 2968 doctore
3432 2915 3543 2983 jam
3570 2918 3708 2970 olim

2116 3002 2323 3057 editum
2384 3003 2457 3059 sit
2505 3019 2571 3058 ex
2623 3014 2794 3073 parte,
2853 3006 2906 3058 iu
2961 3006 3194 3060 alienam
3249 3007 3485 3076 linguam
3520 3019 3710 3062 trans-

2116 3090 2379 3159 fundere;
2437 3093 2653 3162 quando
2717 3093 2981 3163 quidquid
3029 3105 3218 3150 sancte
3278 3098 3704 3165 qttantumlibei,

2116 3200 2180 3238 ac
2218 3202 2340 3240 vere
2384 3185 2604 3250 dixeris,
2642 3187 2755 3255 rapi
2806 3197 2981 3256 potest
3020 3188 3074 3240 iu
3121 3190 3418 3258 pessimam
3456 3202 3702 3260 partem;

2118 3272 2278 3325 habet
2311 3272 2510 3325 etenim
2539 3274 2794 3342 qurelibet
2825 3273 3010 3344 lingua
3038 3275 3296 3329 idiomata
3331 3291 3459 3341 sua,
3487 3278 3709 3333 nativos

2117 3367 2346 3436 lepores,
2365 3377 2420 3422 et
2437 3370 2687 3438 proprios
2703 3372 3076 3441 χαρακτῆρας,
3098 3381 3281 3441 atque,
3314 3382 3370 3426 ut
3395 3374 3463 3427 ita
3492 3374 3707 3438 dicam,

2115 3460 2417 3529 peculiares
2429 3463 2693 3531 quosdam
2713 3464 2921 3533 genios,
2939 3480 3078 3533 quos
3094 3466 3201 3531 vix,
3224 3481 3287 3519 ac
3304 3482 3364 3518 ne
3377 3466 3458 3517 vix
3477 3466 3711 3533 quidem

2115 3551 2170 3605 in
2210 3551 2315 3605 alia
2381 3554 2560 3621 possis
2605 3555 2928 3622 exprimere,
2991 3565 3223 3624 apteque
3272 3566 3707 3624 reprtesentare.

2114 3646 2247 3713 quin
2273 3654 2593 3699 extraneum
2615 3646 2816 3712 oleant,
2850 3648 3174 3717 sapiantque
3212 3648 3573 3717 peregrinum.

2185 3740 2317 3802 ρυω
2362 3737 2482 3792 ideo
2533 3738 2747 3807 praefari
2795 3739 2984 3803 libuit,
3048 3751 3104 3795 et
3149 3755 3460 3809 praeponere
3524 3742 3708 3795 instar

2114 3829 2283 3897 clypei
2327 3829 2690 3896 septemplicis
2737 3830 2801 3884 ad
2845 3831 3245 3885 retundendam
3290 3831 3596 3895 Zoilorum,
3648 3843 3705 3885 ct

2112 3921 2554 3974 Aristarcborum
2597 3937 2925 3977 sarcasmos.
2969 3925 3129 3979 Plura
3165 3925 3215 3977 in
3262 3926 3701 3980 Adnotationum

2115 4018 2290 4081 libris,
2333 4017 2428 4085 qui
2472 4015 2893 4085 subsequentur,
2931 4018 3077 4073 bono
3115 4034 3237 4073 cum
3275 4017 3404 4083 Deo,
3445 4034 3568 4071 mox
3610 4030 3705 4071 at-

2114 4127 2327 4180 texam;
2355 4128 2501 4168 nunc
2534 4112 2602 4166 ad
2637 4111 2902 4175 ordinem,
2950 4110 3256 4179 seriemque
3289 4110 3699 4178 Opusculorutn

2113 4213 2349 4257 transeo.

2183 4293 2496 4349 Tractatum
2527 4304 2673 4348 certe
2694 4293 2762 4347 de
2790 4292 3087 4346 mouastiea
3121 4291 3510 4344 exercitatione
3548 4306 3697 4358 prm-

2112 4391 2257 4453 misi,
2296 4389 2421 4458 quia
2464 4387 2612 4456 prior
2652 4394 2967 4439 orcurrerat
2998 4384 3051 4437 in
3092 4384 3279 4437 codice
3318 4384 3701 4450 manuscripto

2111 4483 2449 4536 bibliotheca:
2483 4478 2825 4542 Barberinre;
2858 4477 2913 4530 in
2938 4477 3057 4546 ejus
3102 4476 3308 4539 indice,
3348 4477 3437 4555 qui
3474 4477 3703 4529 calanm

2109 4574 2273 4627 etiam
2316 4582 2431 4627 erat
2465 4581 2719 4626 exaratus
2754 4571 2940 4626 Graace
2987 4569 3177 4623 titulus
3219 4578 3512 4636 conreptus
3542 4567 3652 4621 fuit
3682 4587 3697 4621 :

2108 4664 2212 4715 Τοῦ
2243 4665 2298 4715 ἐν
2329 4664 2503 4732 ἁγίοις
2531 4663 2740 4731 Harpe;
2772 4660 2926 4731 ἡμῶν
2962 4660 3159 4712 Νείλου
3196 4660 3367 4725 Λόγος
3391 4657 3702 4726 dominaris;

2107 4756 2236 4826 περὶ
2279 4756 2376 4824 τῆς
2401 4758 2477 4817 εἰς
2528 4755 2762 4826 Χριστὸν
2804 4752 3156 4819 Φιλοσοφίας,
3195 4762 3361 4820 utque
3407 4750 3461 4803 in
3514 4749 3704 4818 ipsius

2105 4847 2391 4902 'l‘ractatus
2418 4848 2564 4901 calce
2594 4845 2883 4901 ascribitur
2909 4863 2921 4898 :
2955 4845 3062 4896 Καὶ
3093 4843 3238 4903 οἴους
3286 4837 3423 4893 εἶναι
3451 4839 3533 4891 δεῖ
3562 4841 3705 4901 τοὺς

2101 4940 2275 5011 ταύτῃ
2341 4938 2835 5009 προσερχομένους,
2896 4936 2990 4987 καὶ
3030 4937 3111 4987 ὅτι.
3165 4932 3270 5001 πρὸ
3321 4931 3419 5000 τῆς
3468 4930 3701 4994 τελείας

2101 5036 2158 5086 ἐν
2184 5037 2249 5103 τῇ
2279 5035 2443 5105 ἀρετῇ
2469 5032 2633 5097 ἕξεως
2664 5030 3002 5083 ἐπικίνδυνον
3026 5027 3085 5080 τὸ
3108 5026 3314 5096 ἑτέρων
3333 5023 3702 5093 ἀναδέχεσθαι

2101 5126 2455 5196 προστασίας.
2495 5126 2547 5179 ld
2577 5134 2696 5178 est:
2730 5122 2917 5177 Sancti
2958 5118 3137 5172 Patris
3179 5118 3344 5171 nostri
3379 5114 3493 5168 Nili
3527 5120 3705 5169 Trac-

2099 5227 2242 5270 tatus
2272 5217 2337 5270 de
2366 5217 2659 5270 monastica
2683 5214 3074 5276 exercitatione,
3104 5211 3219 5264 sive
3248 5208 3324 5261 De
3352 5208 3704 5276 philosophia

2096 5327 2176 5375 ea,
2210 5326 2326 5381 qua:
2362 5310 2430 5362 ad
2472 5308 2741 5362 Christum
2782 5306 3025 5372 pertinet,
3076 5312 3126 5356 et
3165 5301 3467 5368 cujusmodi
3502 5299 3703 5353 deccat

2095 5392 2216 5455 illas
2254 5417 2385 5465 esse,
2438 5402 2527 5471 qui
2558 5400 2625 5452 ad
2697 5401 2866 5465 ipsam
2922 5396 3196 5458 accedunt,
3245 5408 3506 5462 quamque
3557 5403 3706 5446 ante

2093 5495 2337 5562 perfecta:
2376 5494 2587 5547 virtutis
2624 5491 2861 5544 habitum
2920 5489 3277 5557 periculosum
3334 5488 3405 5540 sit
3449 5486 3702 5538 aliorum

2093 5587 2356 5655 suscipere
2418 5584 2814 5653 praefecturam.
2866 5582 3059 5637 Petrus
3126 5564 3455 5636 Franciseus
3511 5578 3702 5633 linus

2093 5674 2388 5729 canonicus
2434 5672 2595 5743 595
2625 5672 2957 5728 Veronensis
2991 5681 3226 5728 verterat
3268 5687 3299 5726 e
3327 5670 3515 5725 Grzeco
3539 5666 3703 5725 Tra-
