3994 6182
305 223 431 288 1321
517 282 522 287 .

1511 225 1608 285 DE
1645 222 2027 286 OPERIBUS
2068 227 2127 287 S.
2174 224 2357 287 NILI.

3441 222 3572 294 l3?!

294 351 497 394 ctutum
533 339 718 405 istum,
765 348 817 393 et
850 339 1201 409 inscripserat
1228 342 1529 395 Sermonem
1563 344 1871 396 asceticum.
1908 351 1952 406 Α
1988 340 2151 413 596
2176 357 2238 397 ex
2277 339 2553 396 Herodoto
2587 341 2750 396 etiam
2803 341 2895 395 lib.
2933 357 3006 405 ιι,
3050 343 3140 408 qui
3182 345 3459 415 sexaginta
3497 348 3573 401 illi

293 432 359 483 At
384 446 484 499 ego
512 429 669 499 λόγον
711 429 1097 499 interpretatus
1129 447 1249 485 sum
1286 441 1591 500 tractatum,
1635 432 1739 486 hoc
1774 442 1878 495 est,

294 521 744 586 dissertationem,
790 521 1216 591 descriptionem,
1264 525 1709 589 enarrationem,
1756 540 1881 577 con-

295 615 517 679 cionem,
562 622 620 667 ut
662 613 780 669 fuse
814 615 1009 683 probat
1051 615 1343 670 Scholiast.
1374 616 1438 669 ad
1472 616 1508 669 l.
1546 631 1581 669 ιι
1611 616 1674 671 C.
1710 616 1882 671 Theo-

292 706 411 760 dos.
450 705 521 759 De
549 707 650 771 his,
684 707 772 775 qui
812 723 967 773 super
1002 707 1152 777 relig.
1182 707 1427 761 contend.
1462 709 1497 762 Ι.
1543 723 1671 775 va;
1703 724 1733 763 a
1770 717 1880 762 tra-

295 798 509 859 ctando,
549 798 625 849 uti
668 797 947 865 accipiunt
983 797 1174 853 Cicero
1217 798 1251 852 l.
1287 814 1303 852 ι
1346 798 1650 852 Academic.
1694 809 1879 869 quam.

292 896 345 940 et
378 886 415 940 l.
445 901 481 939 ιι
519 885 590 939 lle
616 886 777 956 legib.
808 888 861 940 in
888 902 1121 957 prooem.
1163 890 1199 943 Ι.
1230 905 1365 955 vm;
1397 888 1719 955 Quintilian.
1749 891 1783 946 l.
1809 905 1879 956 v;

296 980 432 1035 Plin.
466 996 515 1035 c.
554 981 605 1043 4,
634 982 672 1035 Ι.
717 970 827 1045 xlv;
867 991 921 1037 et
965 998 1015 1037 c.
1050 982 1141 1047 22,
1177 983 1213 1036 l.
1259 999 1333 1037 xu
1361 1000 1375 1049 ;
1404 985 1703 1053 prtesertim
1752 999 1882 1039 vero

297 1073 436 1128 hanc
459 1088 648 1128 vocem
693 1084 957 1128 tractatus
1003 1084 1334 1145 acceperunt
1370 1090 1436 1129 eo
1468 1090 1633 1130 sensu
1659 1086 1881 1132 sanctus

293 1166 650 1231 Ambrosius,
691 1173 745 1220 et
783 1175 1005 1221 sanctus
1050 1166 1412 1237 Augustinus,
1463 1167 1667 1237 aliique
1714 1167 1879 1223 Chri-

294 1257 455 1311 stiani
485 1260 758 1323 doctores,
787 1268 839 1313 et
868 1273 1149 1314 sacrarum
1188 1258 1522 1312 Litterarum
1548 1259 1881 1329 interpretes

294 1349 421 1402 ἀὶυιὶ
462 1349 613 1405 fuere
651 1358 987 1415 tractatores,
1041 1362 1101 1406 ut
1151 1352 1407 1406 observat
1455 1351 1787 1409 Sirmondus
1826 1354 1881 1408 in

295 1439 448 1495 Notis
475 1442 540 1495 ad
578 1440 748 1511 Epist.
787 1442 1017 1507 Sidonii,
1058 1452 1112 1498 et
1136 1452 1361 1499 sanctus
1389 1444 1755 1515 Augustinus,
1782 1446 1814 1500 Ι.
1844 1460 1880 1500 ιι

295 1531 496 1586 Contra
531 1533 741 1587 Julian.
785 1534 1096 1589 divinorum
1130 1534 1477 1604 eloquiorum
1515 1545 1880 1604 pertractato-

296 1640 384 1678 res
440 1626 708 1689 nominat,
746 1635 800 1681 et
853 1626 890 1681 l.
947 1641 999 1680 tv
1048 1627 1216 1681 divini
1276 1626 1481 1696 eloquii
1535 1635 1879 1684 tractatores.

1987 431 2177 483 tribuit
2224 428 2422 495 stadia,
2475 430 2845 484 Callimachus
2900 438 2953 483 et
2982 429 3104 497 ejus
3140 432 3412 486 meminit.
3467 432 3575 488 lle-

1986 521 2113 574 brtei
2159 521 2367 575 diutius
2412 522 2465 574 in
2512 518 2746 591 [Egypto
2779 522 2998 584 versati,
3034 529 3086 576 et
3122 522 3382 588 divcxali,
3423 541 3575 579 men-

1985 629 2146 669 suras
2203 615 2329 669 inde
2383 613 2541 669 funes
2596 621 3012 683 nuncuparunt;
3070 615 3280 684 psalmo
3335 632 3403 671 xv
3461 615 3575 671 lies

1988 703 2259 774 Propheta
2301 704 2574 761 concinit:
2622 703 2798 758 Funes
2845 706 3141 760 ceciderunt
3197 708 3326 761 mini
3356 709 3411 765 in
3448 724 3578 777 prae-

1985 795 2167 861 claris,
2209 805 2264 849 et
2314 811 2369 851 c.
2415 811 2567 849 xxx"
2650 792 3066 849 Dentcronomii.
3130 795 3326 861 Moses,
3366 809 3416 852 ll
3464 799 3499 853 Ι.
3534 799 3589 852 Il‘

1988 886 2120 959 Reg.
2152 902 2201 942 e.
2234 904 2351 952 vm,
2391 903 2491 943 nec
2534 888 2732 941 mirum
2782 888 2828 941 si
2876 903 3218 957 unaquaeque
3250 905 3381 960 gens
3426 902 3577 946 certa

1989 988 2261 1034 terrarum
2310 980 2485 1048 spatia
2530 979 2647 1032 suis
2675 978 3135 1048 appellationibus
3167 991 3341 1045 vocet,
3381 982 3578 1037 Rastas

1983 1068 2263 1133 Germani,
2295 1067 2476 1123 Latini
2517 1068 2765 1123 Milliaria
2801 1078 2854 1123 et
2920 1067 3140 1138 Iugera,
3174 1071 3312 1126 Galli
3344 1071 3576 1139 Leucas,

1984 1156 2167 1214 Persae
2196 1157 2560 1229 Parasangas,
2598 1159 2770 1214 Graeci
2801 1161 3096 1229 σταθμούς,
3133 1164 3250 1217 sive
3274 1165 3575 1229 stationes;

1986 1257 2101 1303 tum
2147 1259 2401 1320 vergente
2436 1250 2685 1305 Romano
2717 1252 2948 1319 imperio
2983 1254 3316 1319 mansiones,
3346 1254 3416 1310 de
3456 1258 3581 1326 qui-

1984 1339 2088 1395 bus
2111 1339 2477 1406 Herodianus,
2510 1342 2547 1395 l.
2576 1357 2614 1396 ιι
2641 1352 2695 1397 et
2720 1342 3007 1413 Bergerius
3032 1344 3126 1399 lib.
3160 1344 3236 1400 De
3264 1347 3392 1416 imp.
3420 1346 3575 1403 Rom.

1984 1432 2287 1495 viis,‘erant
2337 1432 2558 1511 termini
2606 1432 2926 1488 militarium
2978 1436 3409 1505 expeditionum.
3465 1436 3579 1491 Hos

1988 1521 2198 1575 minum
2257 1530 2339 1577 est
2395 1523 2736 1578 consuetudo
2804 1524 3020 1580 facilius
3063 1540 3125 1580 ea
3173 1525 3406 1594 discere,
3457 1544 3582 1599 qua:

1986 1614 2161 1669 divisa
2222 1615 2400 1671 solent
2434 1616 2759 1681 :evidentius
2807 1618 3149 1685 eluceseere,
3206 1620 3283 1673 uti
3337 1621 3582 1691 loquitur

296 1715 500 1771 llarum
547 1733 740 1773 vocum
787 1718 940 1787 origo
987 1719 1208 1774 ducitur
1247 1734 1277 1773 a
1312 1718 1477 1774 verbo
1524 1720 1709 1786 traho,
1754 1721 1883 1790 quia

1989 1706 2354 1763 Cassiodorus
2399 1723 2449 1761 c.
2483 1708 2518 1760 2
2548 1707 2624 1762 De
2653 1709 2869 1761 Anima.
2903 1707 2944 1761 Ε
2986 1709 3341 1765 distinctione
3378 1712 3583 1783 quippe

294 1810 445 1864 varia
472 1811 833 1881 undequaque
861 1811 1150 1865 trahuntur
1201 1811 1267 1865 ad
1295 1826 1439 1875 eam,
1470 1813 1648 1881 quade
1680 1814 1879 1881 agitur,

296 1915 409 1954 rem
440 1902 758 1970 spectantia,
807 1902 934 1956 hinc
962 1901 1252 1956 deducitur
1292 1912 1463 1954 tracto
1508 1903 1734 1957 verbum
1774 1902 1882 1959 fre-

296 1993 701 2061 quentativum;
757 1994 901 2049 sicut
942 2008 973 2048 a
1012 1993 1179 2050 verbo
1221 2009 1338 2049 sero
1384 1994 1660 2049 derivatur
1688 2010 1881 2059 sermo.

296 2084 424 2154 quia
465 2084 686 2140 diversa
730 2094 1024 2152 seruntur,
1067 2097 1122 2141 et
1163 2085 1548 2151 conferuntur,
1595 2087 1722 2142 hinc
1757 2104 1884 2158 pro-

296 2174 535 2243 gignitur
556 2176 779 2241 dissero,
811 2187 864 2231 et
889 2178 1135 2240 disserto,
1180 2179 1324 2231 unde
1358 2178 1694 2233 dissertatio.
1723 2181 1887 2236 Asce-

298 2265 393 2318 tici
431 2266 757 2321 vocabulum
792 2267 1039 2322 Graecum
1075 2268 1126 2320 in
1163 2262 1503 2323 duas‘voces
1538 2269 1757 2325 Latinas
1794 2285 1884 2327 re‘

298 2356 437 2410 solvi
486 2357 902 2426 periphrastice,
946 2359 1107 2427 idque
1152 2359 1219 2412 de
1264 2359 1568 2414 monastica
1615 2362 1887 2417 exercita-

295 2443 448 2498 tione
499 2444 759 2513 exposui,
811 2459 909 2499 nec
962 2446 1108 2498 enim
1160 2445 1323 2500 unico
1360 2455 1539 2515 potest
1584 2449 1883 2518 explicari;

301 2550 425 2588 nam
457 2552 558 2589 vox
592 2538 804 2590 ascetici
832 2536 1019 2592 Graeca
1050 2546 1152 2605 est,
1188 2553 1295 2592 non
1326 2549 1506 2593 autem
1540 2540 1756 2607 Latina,
1791 2541 1887 2597 sed

302 2627 356 2679 in
381 2626 788 2699 Lexicographo
806 2630 1257 2696 Adnotationum,
1280 2632 1446 2704 inque
1468 2649 1599 2688 Voce
1615 2635 1886 2705 ⁸Λσκησις

299 2718 457 2787 plura
488 2719 760 2788 congessi.
790 2719 1131 2792 Rosweydus
1159 2722 1378 2791 quidem
1406 2725 1489 2777 vir
1520 2725 1886 2792 pereruditus,

301 2819 358 2865 et
382 2812 435 2865 in
464 2811 644 2883 Belgio
675 2812 951 2882 quondam
988 2812 1121 2866 mihi
1168 2815 1495 2883 peramicus,
1535 2815 1586 2869 in
1623 2814 1780 2872 Notis
1820 2817 1888 2871 ad

300 2897 624 2954 Puradisum
673 2900 969 2957 Heraclidis
1016 2902 1200 2957 laudat
1230 2897 1631 2959 ‘Onomasticon
1688 2907 1741 2960 in
1790 2922 1887 2960 vo-

302 2992 460 3047 cibus
496 2991 811 3058 Tractatus,
843 3002 897 3048 et
938 2992 1220 3047 Tractator
1240 3010 1259 3057 ,'
1298 3003 1352 3048 tu
1383 2998 1628 3063 consule,
1653 2997 1696 3052 si
1734 3013 1887 3067 repe-

302 3085 414 3140 rire
462 3084 639 3155 possis
683 3100 893 3155 reapse,
943 3101 1137 3156 meque
1188 3084 1402 3140 felicior
1442 3087 1642 3142 habeas
1677 3087 1886 3141 Mercu-

302 3178 444 3232 rium
486 3177 864 3233 dexteriorem.

373 3268 772 3341 Consequitur:
834 3269 939 3323 Τοῦ
989 3270 1137 3322 ὁσίου
1201 3269 1411 3340 Πατρὸς
1469 3268 1637 3341 ἡμῶν,
1691 3266 1883 3321 Νείλου

304 3361 442 3432 πρδς
497 3359 748 3427 Ἀγάθιον
801 3360 1125 3430 μονάζοντα.
1180 3360 1244 3413 Ἦ
1291 3362 1431 3432 ἀρχῇ
1463 3378 1476 3391 ⁸
1510 3362 1669 3423 Ἕθος
1708 3360 1884 3431 ἔχοντί

310 3468 419 3521 μοι,
469 3466 590 3520 quae
618 3453 686 3505 ita
722 3452 984 3506 converti.
1021 3450 1207 3505 Sancti
1243 3451 1419 3504 Patris
1456 3452 1625 3503 nostri
1666 3449 1780 3503 Nili
1810 3450 1879 3503 ad

304 3539 589 3608 Agat/tium
614 3541 960 3592 monasticam
982 3541 1142 3592 vitam
1162 3552 1397 3609 agentem
1420 3538 1712 3593 Peristeria
1730 3580 1745 3603 ,
1771 3542 1886 3595 sive

308 3630 590 3684 Tractatus
619 3630 681 3684 de
695 3631 977 3685 virtutibus
1001 3630 1302 3684 excolendis
1324 3641 1373 3683 et
1400 3631 1541 3684 vitiis
1569 3632 1833 3700 fugiendis
1865 3648 1883 3685 :

303 3710 537 3791 exemplo
584 3723 883 3777 Peristeria:
930 3724 1245 3776 clarissima:
1295 3722 1492 3776 swculo
1554 3739 1614 3777 eo
1652 3714 1882 3792 fantium.

306 3815 667 3884 lncipit,Cnm
699 3832 808 3868 meo
838 3833 1001 3879 more,
1018 3825 1123 3869 etc.
1146 3816 1282 3881 Quia
1317 3831 1445 3870 vero
1478 3823 1742 3871 tractatus
1769 3828 1887 3873 erat

307 3907 588 3975 prolixior,
620 3906 673 3959 in
706 3906 770 3958 12
797 3907 1212 3976 rpﬁpamﬁive
1245 3906 1516 3962 sectiones
1545 3921 1670 3961 eum
1701 3908 1884 3976 divisi,

306 4014 445 4069 quas
477 4000 532 4053 in
579 4000 753 4069 capita
784 3999 1071 4067 subdivisi,
1105 4000 1567 4069 (pientadmodum
1604 4010 1657 4055 et
1688 4009 1887 4056 tracta-

309 4100 421 4145 tum
468 4090 541 4145 De
584 4093 875 4145 monastica
928 4093 1307 4146 exercitatione
1363 4092 1415 4145 in
1472 4092 1648 4162 capita
1698 4092 1883 4147 itidem

307 4184 695 4251 distinxerant;
732 4199 797 4238 ne
844 4198 953 4237 uno
1000 4185 1194 4253 spiritu
1244 4185 1378 4239 liber
1422 4194 1567 4240 totus
1616 4185 1885 4254 perlectus

309 4272 473 4327 nitnis
521 4272 768 4341 fatigaret
819 4272 1099 4334 lectorem,
1153 4287 1305 4339 neve,
1353 4273 1529 4342 spatio
1559 4273 1706 4325 nullo
1731 4273 1883 4334 dato,

1988 1799 2078 1852 lux
2111 1799 2351 1870 eﬂulget;
2385 1807 2522 1855 teste
2557 1799 2729 1855 Paulo
2773 1798 3081 1857 Juriscons.
3117 1803 3152 1858 Ι.
3193 1819 3204 1857 ι
3243 1802 3308 1858 D.
3350 1803 3428 1859 De
3469 1806 3583 1860 doli

1988 1891 2117 1944 ntali
2149 1902 2350 1961 except.
2399 1892 2492 1947 ubi
2530 1891 2705 1947 Gloss.
2747 1903 2797 1947 et
2850 1892 3095 1950 lnstitut.
3136 1896 3163 1968 §
3195 1896 3286 1952 sed
3320 1914 3445 1963 non,
3485 1916 3580 1954 usi

1985 1998 2093 2052 que
2109 1983 2173 2037 de
2200 1983 2361 2053 legat.
2395 1982 2762 2049 Quamobrem
2793 1985 2955 2039 etiam
2986 1984 3294 2056 Jurisperiti
3325 1988 3392 2041 de
3427 2003 3581 2043 more

1990 2072 2189 2127 habent
2219 2072 2433 2143 aperire
2461 2074 2655 2143 legem,
2685 2089 2849 2143 quam
2886 2075 3099 2143 publice
3132 2077 3580 2146 interpretantur,

1988 2163 2041 2216 in
2102 2173 2323 2234 partes,
2370 2174 2426 2219 et
2477 2165 2662 2219 Codex
2711 2164 3007 2220 Justiniani
3042 2168 3094 2220 in
3126 2167 3167 2221 Il
3196 2180 3397 2237 tomos,
3436 2171 3581 2228 Pan-

1986 2255 2144 2309 decta
2176 2269 2307 2309 vero
2340 2256 2393 2308 in
2436 2256 2538 2310 tria
2573 2256 2875 2322 volumina,
2925 2259 3055 2312 torni
3085 2270 3266 2315 autem
3300 2262 3353 2316 in
3390 2264 3579 2330 libros,

1989 2345 2111 2401 libri
2142 2356 2402 2416 praeterea
2436 2348 2490 2401 in
2521 2348 2739 2411 titulos,
2782 2365 2874 2403 seu
2907 2350 3175 2416 rubricas,
3202 2360 3256 2408 et
3283 2354 3365 2409 ha:
3397 2356 3452 2410 in
3485 2370 3582 2412 ca-

1988 2437 2181 2507 pitula,
2218 2438 2332 2493 sive
2370 2439 2516 2509 leges
2562 2440 2989 2509 distribuuntur,
3025 2444 3261 2513 capitula
3298 2461 3492 2502 rursus
3525 2448 3583 2502 iu

1988 2530 2381 2600 paragraphos.
2429 2531 2601 2587 Biblia
2630 2549 2849 2605 quoque
2884 2551 3038 2591 sacra
3080 2537 3134 2591 in
3186 2538 3419 2608 capitula
3452 2549 3582 2594 sunt

1990 2623 2298 2693 dispertita.
2329 2623 2671 2680 Peristeriam
2700 2626 2904 2692 addidi,
2930 2637 2983 2683 et
3006 2629 3399 2700 periphrastice
3421 2631 3583 2701 quid-

1990 2716 2120 2784 quid
2156 2717 2209 2771 in
2252 2726 2485 2774 tractatu
2517 2719 2919 2787 continebatur,
2962 2731 3020 2776 ut
3053 2723 3337 2779 materiem
3370 2724 3582 2779 indica-

1992 2823 2128 2871 rem,
2164 2817 2217 2863 et
2250 2824 2472 2865 causam
2496 2852 2509 2875 ,
2547 2826 2709 2881 quam
2750 2813 2982 2881 praebuit
3020 2814 3327 2870 clarissima
3369 2812 3577 2871 femina

1992 2899 2288 2968 plurimum
2354 2902 2760 2969 commendata,
2790 2913 2845 2958 et
2866 2903 3021 2973 juxta
3052 2920 3211 2959 suum
3241 2921 3437 2962 nomen
3472 2907 3583 2962 Co-

1993 2991 2175 3047 lumba
2225 3008 2410 3062 paceni
2464 2995 2721 3051 nuntians
2774 2996 2957 3061 terris,
3013 3013 3115 3053 nec
3164 2998 3381 3070 ambigo
3430 2999 3582 3055 illam

1993 3081 2163 3149 ipsam
2212 3080 2403 3147 fuisse,
2443 3083 2510 3137 de
2547 3100 2650 3154 qua
2707 3086 2987 3157 Ischyrion
3020 3088 3283 3145 diaconus
3325 3089 3583 3146 Ecclesiae

1987 3173 2391 3242 Alexandrinae,
2428 3177 2495 3231 ad
2530 3177 2769 3234 Leonem
2818 3195 3016 3250 papam
3064 3190 3119 3237 et
3144 3181 3330 3240 Patres
3360 3184 3583 3240 concilii

1987 3264 2450 3323 Chalcedonensis
2476 3268 2527 3323 in
2549 3269 2730 3326 libello
2757 3271 2966 3353 inserto
2995 3274 3196 3328 actioni
3228 3276 3419 3341 tertiae,
3455 3292 3578 3348 pag.

1986 3352 2091 3408 €232
2139 3355 2283 3409 Edit.
2318 3356 2479 3412 Rom.
2522 3358 2593 3414 ita
2648 3361 2869 3431 scripsit
2907 3352 2926 3416 :7
2952 3363 3026 3415 Τὸ
3070 3365 3178 3437 γὰρ
3217 3367 3309 3419 καὶ
3354 3366 3453 3437 τὴν
3480 3368 3582 3436 τῆς

1986 3442 2247 3515 λαμπρᾶς
2263 3444 2457 3514 μνείας
2475 3448 2839 3520 Περιστερίαν
2862 3455 3095 3523 πρᾶγμα
3120 3455 3294 3518 οὐδεὶς
3315 3457 3576 3525 ἠγνόησε,

1987 3535 2084 3588 καὶ
2126 3535 2363 3605 μάλιστα
2412 3536 2521 3591 τῶν
2549 3539 2904 3596 ἐνοικούντων
2936 3544 3140 3615 ταύτην
3182 3546 3281 3616 τὴν
3339 3547 3583 3617 βασιλίδα

1988 3627 2114 3680 νέαν
2148 3625 2391 3698 Ῥώμην,
2428 3630 2647 3700 ἐκείνης
2676 3633 2817 3705 ὑπὲρ
2846 3631 2944 3706 τῆς
2978 3633 3181 3708 ἑαυτῆς
3213 3638 3393 3711 ψυχῆς
3426 3641 3581 3712 ἐντῷ

1986 3716 2322 3771 διατίθεσθαι
2384 3721 2949 3795 παρακελευσαμένης
2991 3726 3253 3797 πλείστην
3304 3728 3580 3799 ποσότητα

1988 3810 2215 3879 χρυσίου
2262 3812 2679 3883 παρασχεθῆναι
2728 3816 2843 3879 τοῖς
2890 3820 3294 3889 μοναστηρίοις,
3344 3821 3408 3873 οὐ
3466 3823 3581 3893 μὴν

1988 3901 2125 3956 ἀλλὰ
2165 3902 2261 3956 καὶ
2310 3906 2421 3967 τοῖς
2466 3902 2691 3968 ξενεῶσι
2748 3905 2843 3960 καὶ
2886 3909 3196 3979 πτωχείας,
3232 3912 3327 3965 καὶ
3368 3913 3581 3984 ἑτέροις

1987 3997 2184 4066 πένησι
2216 3996 2315 4065 τῆς
2327 3998 2703 4066 Αἰγυπτιακῆς
2731 3998 2916 4071 χώρας
2938 4017 2952 4066 ;
2977 3999 3287 4071 Ἀχθεσθεὶς
3306 4007 3333 4058 ὁ
3350 4005 3575 4061 εὐλαϐέ-

1990 4104 2183 4151 στατος
2211 4090 2350 4160 ἀνὴρ
2381 4089 2715 4162 (Διόσκορος)
2766 4092 3155 4164 Ἀλεξανδρεὺς
3200 4095 3502 4163 ἐπίσκοπος
3542 4101 3576 4171 ἦ

1988 4181 2354 4251 πατριάρχης,
2389 4181 2475 4249 ἐφ’
2505 4177 2587 4246 οἷς
2641 4184 2740 4236 οὐκ
2787 4186 2867 4247 εἰς
2910 4185 3203 4255 πρόσωπον
3261 4189 3415 4260 αὐτῷ
3444 4208 3578 4245 κατ-

1988 4272 2199 4339 έλειφεν
2222 4275 2636 4342 παρασκευάζει
2654 4276 2842 4329 ἐκεῖνα
2856 4278 2919 4329 τὰ
2941 4278 3045 4350 χρή
3055 4296 3200 4349 ματα
3221 4280 3370 4353 αὑτῷ
3401 4298 3580 4354 παρα-

307 4363 562 4434 colligere
597 4363 685 4417 ille
736 4379 793 4418 se
850 4378 913 4416 ac
942 4362 1365 4431 interquiescere
1411 4379 1515 4417 non
1560 4372 1763 4432 posset,
1794 4378 1882 4415 ve-

1995 4365 2273 4435 σχεθῆναι,
2298 4367 2393 4420 καὶ
2418 4368 2538 4421 ἀντὶ
2561 4367 2935 4441 ἐλεημοσύνης
2962 4371 3222 4443 θυμέλαις
3238 4377 3332 4429 καὶ
3361 4376 3579 4447 θεατριο

312 4470 430 4508 rnm
498 4456 766 4508 tantillum
838 4454 1208 4508 allevaretur:
1268 4471 1391 4508 nam
1445 4455 1588 4509 sicut
1649 4454 1886 4506 llntilius

309 4544 690 4610 Numatianus,
738 4546 833 4599 lib.
878 4561 913 4599 ιι
957 4543 1233 4598 ltinerarii
1280 4546 1495 4611 cecinit,

382 4659 673 4716 Intervalla
714 4661 809 4713 vite
841 4659 991 4723 fessis
1020 4671 1274 4727 praetore
1302 4659 1525 4721 videtur,

454 4731 557 4796 Qui
593 4740 737 4785 notat
764 4731 1049 4799 inscriptus
1081 4730 1251 4782 millia
1286 4729 1450 4781 multa
1482 4729 1639 4793 lupis.

308 4824 576 4880 Praefatur
623 4831 845 4877 sanctus
888 4819 1252 4890 Hieronymus
1298 4821 1446 4874 Isaiae
1483 4821 1746 4875 visio:.em
1789 4836 1884 4875 ex-

310 4918 612 4989 positurus,
633 4917 815 4979 lilmv,
840 4929 889 4968 c.
923 4914 1007 4978 ll,
1038 4928 1095 4967 se
1122 4928 1214 4982 per
1247 4922 1426 4983 partes
1453 4927 1570 4967 eam
1595 4917 1887 4982 explanare

312 5008 482 5072 velle,
530 5020 596 5059 ne
663 5003 827 5057 simul
874 5000 1150 5071 proposita
1193 5010 1353 5070 atque
1393 5000 1623 5055 disserta
1670 5001 1887 5057 lectoris

312 5097 606 5154 confundat
637 5092 991 5158 memoriam;
1023 5090 1165 5145 idem
1202 5091 1422 5145 adnotat
1454 5092 1521 5145 ad
1556 5106 1604 5145 c.
1660 5107 1716 5145 ιιι
1746 5090 1883 5146 Jocl.

312 5190 366 5242 in
393 5186 514 5240 Nilo
548 5184 789 5247 ﬂumine,
824 5184 936 5237 sive
964 5183 1016 5235 in
1063 5183 1194 5235 rivis
1224 5182 1340 5251 ejus
1380 5182 1568 5236 solit0s
1604 5182 1887 5253 Aigyptios

312 5280 535 5334 funibus
580 5292 743 5331 naves
777 5276 995 5329 trahere
1035 5283 1180 5327 certa
1230 5274 1490 5328 habentes
1526 5275 1723 5343 spatia,
1767 5290 1889 5343 «pne

313 5371 579 5443 appellant
627 5366 918 5428 funiculos,
966 5377 1021 5417 ut
1051 5365 1220 5419 labori
1262 5362 1599 5418 defessorum
1649 5366 1887 5419 recentia

314 5460 646 5516 trahentium
704 5455 841 5510 colla
903 5454 1240 5518 succedant;
1284 5453 1562 5506 trahentes
1600 5452 1887 5508 helciarios

310 5563 473 5611 vocat
493 5569 688 5607 curvos
716 5549 991 5604 Sidonius.
1018 5547 1143 5605 Inde
1168 5546 1465 5611 funiculus,
1488 5547 1605 5602 sive
1635 5548 1885 5618 σχοινίον,

314 5646 398 5702 vel
455 5647 660 5715 σχοῖνος
692 5645 843 5712 juxta
900 5639 1183 5710 Egyptios
1230 5649 1311 5691 est
1362 5654 1615 5695 mensura
1652 5640 1883 5706 itineris,

557 5762 843 5833 Pu‘ItOL.
894 5759 1009 5819 Gn.
1063 5756 1344 5819 LXXIX.

365 5827 393 5849 Ι

1992 4459 2106 4520 κοῖς
2150 4458 2361 4529 ἑτέροις
2419 4460 2766 4532 προσώποις,
2810 4461 2951 4517 ὥστε
3002 4468 3173 4537 μηδὲν
3211 4469 3309 4540 τὴν
3348 4470 3581 4525 εὐωδίαν

1988 4546 2090 4619 τὴν
2119 4550 2225 4603 ἀπὸ
2252 4553 2351 4621 τῆς
2382 4552 2574 4617 θυσίας
2600 4555 2700 4625 τῆς
2728 4554 2987 4626 λαμπρᾶς
3023 4561 3123 4629 τὴν
3159 4563 3382 4631 μνήμην
3414 4563 3579 4633 Περι-

1992 4638 2211 4707 στερίας
2264 4641 2617 4712 ἀνενεχθῆναι
2666 4645 2803 4715 πρὸς
2852 4646 2943 4700 τὸν
3000 4647 3154 4711 Θεὸν,
3205 4649 3271 4703 τὸ
3314 4651 3439 4715 ὅσον
3491 4653 3578 4706 ἐπ’

1990 4726 2160 4797 αὐτῷ,
2197 4729 2332 4783 ἀλλὰ
2373 4731 2583 4801 φανερὰ
2634 4733 2666 4802 ή
2703 4730 2963 4803 πρόθεσις
3002 4736 3216 4809 ἐκείνης
3254 4742 3576 4816 ἀπεδείχθη.

1990 4818 2043 4872 Id
2090 4828 2198 4872 est:
2262 4820 2521 4875 Craterum
2563 4822 2876 4881 clarissima:
2935 4831 3206 4885 memoria:
3275 4832 3580 4893 Peristeriw

1990 4913 2251 4980 negotium
2303 4914 2481 4969 nullus
2524 4914 2810 4985 ignoravit,
2867 4924 3047 4973 eoru‘.n
3100 4925 3331 4979 maxime
3358 4927 3449 4996 qui
3481 4928 3578 4983 Ita-

1991 5001 2159 5054 bitare
2204 5014 2496 5057 noscuntur
2551 5008 2605 5061 in
2651 5004 2749 5061 hac
2807 5012 2948 5077 regia
3002 5009 3127 5066 urbe
3173 5012 3324 5068 Nova
3372 5017 3577 5087 Ronta;

1990 5093 2083 5146 illa
2129 5109 2351 5165 namque
2403 5112 2498 5164 pro
2558 5099 2751 5151 animo:
2809 5117 2920 5155 sna;-
2967 5106 3140 5158 salule
3202 5116 3576 5165 testamentum

1989 5188 2216 5241 candens
2258 5190 2418 5257 jussit
2467 5190 2688 5244 multam
2746 5188 3100 5262 quantitatem
3147 5201 3386 5268 pecunia:
3437 5218 3575 5270 prte-

1990 5279 2121 5331 stari
2148 5281 2505 5349 monasteriis,
2538 5301 2734 5337 necnon
2765 5288 2925 5339 etiam
2951 5288 3288 5345 xenodocltiis
3318 5294 3459 5357 (sire
3483 5294 3575 5349 lto-

1990 5371 2207 5438 spitnm)
2243 5380 2292 5423 et
2332 5374 2598 5439 parocltiis
2629 5376 2646 5444 (
2667 5378 2844 5443 potius
2880 5375 3241 5432 mendicorum
3276 5395 3575 5451 receptacu-

1991 5458 2091 5513 lis)
2126 5470 2172 5513 et
2206 5463 2332 5513 aliis
2361 5467 2683 5532 pauperibus
2730 5465 3069 5538 Λῖρῃριίιιεαξ
3102 5472 3406 5538 ρνοινὶιιεὶατ,
3438 5476 3575 5543 quod

1994 5554 2206 5605 moleste
2266 5554 2436 5621 fyrens
2502 5557 2637 5609 idem
2684 5561 3148 5616 reverendissimus
3189 5566 3267 5617 vir
3330 5566 3582 5637 (Diosco-

1993 5655 2111 5711 rus)
2148 5645 2536 5703 Alexandrinus
2583 5648 2884 5723 episcopus,
2917 5655 3022 5709 sive
3052 5659 3393 5724 patriarcha,
3426 5660 3489 5712 ob
3530 5657 3584 5710 id

3071 5771 3144 5831 42
