3990 6204
477 362 608 425 1323

1402 351 1849 415 JOS..M.~\RLE
1883 349 2244 409 SUARESIl
2291 346 2785 408 DISSERTATIU

3597 338 3752 402 132i

460 472 599 540 quod
638 473 688 524 iu
727 484 945 538 persona
973 467 1087 534 eius
1128 466 1235 519 luci:
1277 465 1487 518 minime
1521 472 1643 517 διιιιι
1671 463 1914 524 dimissa,
1964 460 2040 524 fc-
2070 468 2111 520 Α
2142 474 2248 528 que
2293 457 2374 512 vel
2417 474 2476 512 se
2513 455 2882 524 recipiebant,
2927 453 3006 505 vel
3044 451 3465 506 retrudcbautnr
3520 450 3750 518 publici

461 565 532 617 cit
564 563 773 617 easdem
809 559 1056 628 pecunias
1089 574 1184 626 pro
1212 556 1540 627 eleemosytta
1567 556 1778 616 scortis,
1806 570 1896 607 seu
1924 552 2035 604 sal-

462 652 771 715 tatricibus,
806 661 854 703 et
887 650 1010 702 aliis
1045 649 1321 702 theatricis
1353 648 1631 717 dispertiri
1665 645 1942 715 personis;
1977 652 2032 696 ut

459 743 621 814 597
671 751 834 811 neque
878 740 1056 794 odoris
1117 740 1418 809 fragrantia
1470 738 1589 807 [usa
1638 751 1702 791 ea:
1769 736 2034 790 oblatione

459 835 604 889 illius
644 834 957 888 clarissima:
988 830 1585 888 memoriae-Peristeriaz
1631 836 1918 899 (quantum
1966 829 2034 880 ad

458 941 577 978 eum
606 923 894 993 pertinuit)
937 923 1097 990 fuerit
1135 921 1316 975 oblata
1361 920 1503 985 Deo;
1535 919 1624 974 sed
1654 920 1799 972 illius
1826 919 2035 988 quidem

461 1018 802 1086 manifestum
854 1015 1182 1084 propositum
1240 1012 1659 1066 demonstratum
1713 1019 1810 1063 est.
1863 1008 2035 1074 Quem

459 1110 641 1172 locum
675 1122 851 1162 meam
884 1107 936 1160 iu
979 1103 1300 1159 memoriam
1371 1102 1642 1158 revocavit
1687 1101 2037 1156 doctissimus

459 1211 515 1257 et
563 1199 1049 1257 reverendissimus
1081 1196 1241 1251 Pater
1291 1194 1630 1266 Hyacinthus
1676 1193 1914 1248 Libellus
1948 1208 2038 1247 or-

459 1291 606 1346 dinis
644 1289 818 1346 sancti
868 1287 1156 1352 Dominici,
1195 1287 1453 1356 magister
1485 1285 1625 1340 sacri
1665 1283 1872 1353 palatii,
1921 1299 2036 1337 me-

461 1383 568 1442 rito
593 1381 931 1450 ingeniorum
978 1382 1223 1432 omnium
1285 1377 1616 1446 censor,qui
1672 1375 2036 1444 ὲγκυκλοπαι-

459 1473 629 1538 δεὶαν,
664 1471 717 1526 id
751 1482 834 1527 est
863 1471 1218 1526 scientiarum
1259 1469 1469 1531 orbem,
1511 1477 1661 1522 tanta
1713 1483 1837 1521 cum
1881 1465 2038 1519 laude

461 1565 713 1629 confecit,
756 1564 1099 1633 nec,pietatis
1135 1563 1317 1616 minus
1364 1575 1514 1630 ergo,
1562 1573 1728 1628 quam
1777 1557 2038 1612 doctrina:

463 1657 668 1724 passim
714 1655 1038 1710 celebratur.
1085 1653 1215 1707 Jure
1248 1661 1431 1706 autem
1481 1651 1782 1706 Peristerite
1820 1650 2035 1704 titulum

461 1744 648 1800 censui
694 1741 1099 1798 attribuendnm
1163 1741 1248 1794 isti
1300 1739 1592 1801 tractatui;
1649 1737 1850 1791 etenim
1909 1750 2034 1788 enm

2140 559 2479 618 peccatores,
2529 555 2584 600 ut
2619 544 2890 622 eloanne
2941 543 3199 606 Climace,
3255 551 3415 610 atque
3466 543 3752 595 collatom

2138 641 2399 697 Cassiano
2437 641 2635 710 liquet;
2686 637 3078 692 monachorum
3126 634 3427 703 (inquam)
3479 633 3751 688 emnobi-

2140 743 2317 787 tarum
2363 747 2477 786 srve
2525 729 2927 800 synoditarum,
2977 727 3069 795 qui
3104 726 3266 780 simul
3300 725 3662 788 victitabant,
3693 733 3760 777 et

2139 825 2194 880 in
2223 838 2514 880 commune
2561 838 2659 876 sua
2688 821 2873 874 omnia
2919 817 3243 872 referebant.
3285 817 3418 870 Nam
3461 827 3750 886 prmtcrea

2138 913 2376 968 eremita:
2405 912 2571 977 fuere,
2605 911 2695 980 qui
2725 909 2955 964 desertis
2985 907 3150 978 598
3178 907 3230 960 in
3257 907 3390 961 locis
3421 907 3751 976 degebant;

2138 1016 2192 1062 et
2217 1005 2577 1070 anacltorelzc,
2615 1005 2708 1073 qui
2775 1013 3114 1056 recesserant
3162 1001 3213 1054 in
3259 1011 3429 1063 vaSta,
3463 1011 3524 1053 et
3561 1000 3754 1062 invia,

2138 1097 2540 1164 remotioraqne
2584 1103 2813 1149 secreta.
2862 1091 3128 1162 Σιλϐιανῷ
3163 1091 3484 1164 κοινοϐιώτῃ
3541 1092 3757 1145 szribit

2140 1185 2329 1250 Nilus,
2371 1185 2530 1256 epist.
2568 1186 2692 1248 307,
2733 1183 2898 1236 Iih.l.
2933 1184 2972 1236 E
3001 1186 3290 1239 emnohitis
3326 1185 3574 1238 ercmitzc
3611 1200 3754 1247 pro-

2142 1275 2347 1340 dibant,
2395 1284 2558 1343 atque
2608 1273 2985 1336 anachoretzc,
3041 1276 3116 1326 uti
3163 1273 3343 1342 prodit
3387 1272 3750 1334 Cassianus,

2140 1365 2439 1420 Collatione
2497 1367 2585 1428 18,
2639 1363 2739 1418 c.l
2785 1371 2837 1416 et
2897 1363 2958 1426 ἓ,
2996 1379 3024 1416 e
3080 1361 3136 1414 S.
3180 1361 3378 1424 Paulo,
3412 1377 3538 1430 cap.
3579 1377 3642 1414 ιιι
3679 1363 3754 1414 ad

2142 1455 2490 1524 llcbr.,quin
2547 1463 2600 1507 ct
2655 1453 2934 1523 στυλῆται,
2987 1455 3038 1506 in
3091 1453 3287 1522 quibus
3333 1467 3532 1521 agmen
3585 1452 3755 1505 ducit

2143 1546 2385 1610 Simeon,
2433 1558 2486 1597 et
2525 1544 2590 1597 de
2628 1543 2830 1613 quibus
2864 1541 3148 1612 Rosweyd.
3201 1543 3253 1593 in
3295 1539 3418 1596 Not.
3455 1542 3528 1595 ad
3584 1539 3754 1594 Vitas

2143 1638 2384 1692 Patrum.
2447 1636 2586 1689 Sunt
2629 1644 2682 1689 et
2733 1635 2977 1704 epistola:
3028 1633 3131 1686 Nili
3182 1632 3452 1687 Nicandro
3500 1632 3751 1704 στυλίτῃ

2143 1731 2416 1799 inscriptae
2467 1729 2566 1782 illi
2612 1739 2664 1782 et
2699 1728 2819 1791 115,
2873 1728 2964 1797 qui
3002 1736 3054 1780 et
3103 1727 3352 1788 κιονὶται,
3390 1723 3594 1779 Latine
3649 1742 3746 1777 co—

463 1835 614 1889 Nilus
637 1848 891 1903 egressus
922 1832 1054 1887 urbe
1081 1828 1688 1897 Constantitwpoliutna
1725 1842 1823 1896 pro
1860 1841 2033 1888 more,
2071 1802 2108 1855 Β
2140 1825 2416 1888 lumnarii,
2449 1823 2576 1878 dicti
2608 1831 2729 1876 sunt
2756 1820 3116 1890 ;ἒγκλειστοι,
3149 1835 3243 1874 seu
3273 1819 3482 1882 reclusi,
3513 1821 3585 1872 lle
3616 1819 3747 1886 qui-

464 1935 523 1979 ut
557 1925 738 1978 aditus
785 1924 1125 1992 importunos
1163 1921 1385 1985 vitaret,
1426 1918 1599 1973 ollicia
1635 1919 1864 1982 scilicet,
1895 1918 2038 1972 sicut

462 2034 562 2087 ego
596 2017 851 2081 arbitror,
899 2028 954 2071 et
994 2015 1374 2077 salutationes,
1407 2021 1571 2080 atque
1601 2011 1902 2064 domestica
1939 2024 2035 2062 nc-

461 2111 605 2180 gotia
679 2108 876 2178 (cujus
903 2110 1075 2161 instar
1102 2105 1359 2158 Biethius
1391 2109 1694 2157 secesserat
1724 2101 1778 2154 in
1807 2100 2039 2153 Aurelize

465 2208 698 2265 montes,
733 2208 894 2268 atque
913 2197 1193 2267 Apennini
1231 2195 1386 2249 villas
1411 2193 1627 2255 deinde,
1663 2201 1720 2245 nt
1753 2192 1870 2260 ipse
1903 2206 2039 2260 pra:-

467 2291 614 2345 fatur
641 2292 693 2342 in
725 2287 1008 2358 Porphyrii
1037 2284 1291 2354 Dialogos
1321 2299 1350 2336 a
1384 2281 1664 2335 Victorino
1697 2278 2037 2346 translatos),

462 2378 910 2432 deambulaturns
937 2384 1060 2428 ante
1088 2375 1360 2428 civitatem
1394 2373 1446 2425 in
1485 2385 1704 2424 nemore
1735 2369 2036 2431 retnotiori,

462 2479 514 2524 et
567 2468 848 2538 Agatbius,
877 2482 1036 2535 quem
1068 2473 1224 2518 vocat
1257 2462 1578 2532 μονάζοντα,
1613 2460 1714 2513 hoc
1735 2468 1844 2520 est,
1877 2474 2038 2528 agen-

463 2567 570 2610 tem
604 2557 768 2609 vitam
810 2554 1188 2608 monasticam.
1245 2548 1480 2618 Degebat
1542 2548 1742 2616 quippe
1775 2544 2037 2613 Agathins

401 2653 410 2662 '
463 2646 692 2702 seorsim
771 2642 1091 2706 solitarius,
1153 2650 1206 2694 et
1282 2637 1462 2692 adhuc
1513 2636 1629 2690 sive
1683 2632 2038 2704 p'itilosnpltizc

463 2735 818 2796 Christiana),
857 2732 970 2784 sive
1003 2732 1361 2784 monachatus
1411 2724 1723 2780 tirocinium
1767 2724 2035 2793 ponebat,

464 2825 560 2880 sed
611 2809 767 2892 quasi
817 2820 1025 2890 μέλλων
1070 2818 1393 2884 monachus,
1444 2817 1795 2887 prepiorique
1842 2813 2034 2885 gradu,

463 2925 518 2969 et
556 2911 798 2983 proxime
860 2908 1180 2978 cingendus.
1225 2909 1394 2961 Erant
1441 2907 1586 2960 enim
1641 2906 2034 2958 monachorum

466 3008 542 3063 uti
582 3004 956 3076 paenitentiam
992 2999 1187 3056 diversi
1239 2998 1460 3070 gradus,
1492 2995 1559 3050 de
1597 2996 1798 3065 quibus
1840 2995 1924 3063 egi
1957 2994 2038 3046 fu-

465 3100 580 3156 sius
636 3098 688 3150 in
737 3095 936 3166 Exagio
989 3079 1128 3148 meo
1158 3091 1225 3147 de
1271 3089 1554 3160 frequente
1611 3088 2034 3149 connnunioiie,

465 3201 629 3260 atque
663 3188 754 3244 ubi
785 3185 1018 3242 disserui
1056 3185 1124 3240 de
1167 3181 1485 3252 paenitentia
1533 3179 1776 3250 publica,
1821 3193 1942 3247 cap.
1981 3176 2033 3240 4,

464 3291 520 3336 et
563 3280 784 3350 quidam
833 3275 1239 3349 πρόσκλαυσιν,
1289 3290 1383 3329 seu
1428 3273 1695 3343 ploratum
1749 3281 1802 3324 et
1852 3269 2034 3324 ﬂetum

466 3371 730 3434 edebant;
758 3367 850 3422 alii
878 3366 1215 3434 usurpabant
1235 3363 1518 3432 ἀκρόασιν,
1558 3361 1673 3416 sive
1706 3357 2036 3414 audientiam

464 3449 704 3532 deputati
760 3475 880 3515 cum
940 3445 1345 3513 catecbntnenis
1403 3452 1756 3508 audientibus
1810 3441 2035 3504 verbum

465 3539 702 3618 Domini;
731 3549 974 3606 nonnulli
1012 3548 1368 3610 ὑπόπτευσιν,
1399 3545 1830 3614 contemplantes
1865 3541 2037 3611 dispi-

463 3645 675 3714 ciebant
723 3643 944 3697 humum
991 3656 1113 3696 cum
1159 3637 1591 3710 competentibus
1642 3637 2034 3701 meditahundi,

466 3754 570 3791 non
630 3735 775 3790 velut
806 3733 1063 3797 ἐπόπται,
1093 3731 1144 3784 id
1177 3738 1259 3784 est
1321 3728 1668 3797 iuspicientes
1703 3727 1755 3781 in
1795 3725 2038 3798 profanis

467 3827 622 3882 Isidis
653 3822 842 3890 sacris,
884 3823 977 3878 sed
1015 3820 1261 3889 exemplo
1297 3817 1577 3873 Publiceni
1622 3833 1730 3872 non
1769 3818 2041 3872 audebant

466 3915 710 3970 attollere
736 3915 946 3979 oculos,
977 3911 1192 3979 obstipo
1227 3899 1427 3978 capite,
1481 3918 1536 3963 et
1567 3908 1792 3978 figentes
1831 3908 2037 3962 lumina

465 4019 640 4073 terrae,
682 3997 892 4068 cernui,
930 4005 1038 4057 imo
1084 3991 1266 4072 potius
1317 4000 1651 4065 ὑπόπτωσιν,
1687 4001 1811 4068 quia
1860 3999 2040 4053 ﬂecte-

468 4102 597 4153 bant
627 4113 801 4168 geuua
833 4095 1082 4159 subinde,
1111 4094 1253 4164 quod
1280 4093 1332 4146 in
1369 4091 1541 4148 sacris
1571 4092 1832 4160 diaconus
1861 4092 2040 4146 adhuc

468 4189 750 4252 inclamat,
809 4187 1158 4243 succidebant
1205 4187 1257 4239 in
1309 4201 1521 4254 genua,
1569 4193 1624 4239 et
1666 4184 1733 4238 de
1776 4182 2040 4254 geniculis

467 4281 784 4344 adorabunt,
819 4279 893 4333 uti
938 4278 1181 4348 loquitur
1209 4275 1605 4340 Tertullianus,
1633 4274 1959 4329 inclinantes
1983 4290 2041 4329 se

467 4369 833 4438 γονυκλίσεσι.
880 4368 956 4421 Ita
1009 4368 1198 4421 orabat
1249 4377 1474 4422 sanctus
1525 4365 1726 4420 Paulus
1763 4383 1812 4421 c.
1865 4381 1925 4421 ιιι
1971 4366 2038 4420 ad

2141 1917 2244 1972 bus
2293 1916 2504 1969 Miratus
2560 1915 2690 1967 mihi
2751 1929 2964 1983 quoque
3036 1914 3342 1981 pet-anticus
3404 1912 3457 1964 in
3545 1910 3746 1980 Belgio

2141 2007 2249 2076 agit
2301 2007 2352 2059 in
2402 2003 2583 2057 Fastis
2638 2002 2884 2073 Belgicis.
2917 2001 3216 2070 lloSpitinm
3271 2013 3538 2056 memorat
3597 2003 3743 2056 Gre-

2140 2098 2324 2166 gorius
2365 2095 2637 2149 Turonen.
2695 2096 2896 2146 Histor.
2948 2091 3211 2146 Francor.
3246 2091 3335 2145 lib.
3374 2108 3446 2166 vt__,
3472 2109 3528 2146 c.
3576 2092 3654 2158 6;
3693 2103 3746 2147 it

2142 2163 2217 2244 be
2271 2191 2439 2258 gloria
2500 2188 2888 2257 confessorem,
2939 2202 2988 2241 c.
3025 2185 3128 2252 97,
3204 2163 3449 2254 aliosque
3519 2186 3748 2254 plures,

2140 2297 2279 2351 quos
2311 2291 2554 2336 recenset
2585 2280 2776 2334 Petrus
2817 2278 3072 2333 Jofredns
3108 2279 3160 2332 in
3192 2278 3370 2332 Nica'a
3418 2278 3744 2344 illustrant,

2142 2389 2194 2441 p.
2229 2371 2362 2438 105;
2396 2373 2689 2426 incluserat
2723 2385 2780 2424 se
2807 2369 2853 2423 is
2883 2377 3075 2438 sponte
3129 2368 3180 2419 iu
3221 2369 3352 2420 turri
3381 2385 3394 2433 ;
3437 2367 3504 2422 de
3551 2366 3744 2423 Probo

2143 2465 2350 2519 incluso
2391 2465 2442 2516 in
2484 2461 2815 2515 monasterio
2852 2459 2910 2514 S.
2942 2461 3102 2527 Greg.
3147 2459 3216 2512 Μ.
3259 2460 3417 2529 epist.
3451 2459 3550 2524 99,
3605 2461 3644 2514 l.
3686 2461 3740 2516 9.

2141 2553 2474 2607 Columnarii
2517 2553 2733 2606 stabant
2776 2541 2939 2620 supra
2974 2552 3298 2615 Columnas;
3353 2551 3560 2605 inclusi
3609 2568 3742 2623 age-

2141 2645 2270 2698 bant
2317 2643 2372 2696 in
2433 2643 2783 2697 conclavibus
2854 2658 2949 2697 seu
3019 2642 3385 2696 domunculis.
3443 2642 3740 2697 Philume-

2141 2751 2268 2788 num
2306 2735 2636 2803 ἕγκλειστον,
2668 2733 2732 2787 ad
2775 2749 2938 2803 quem
2969 2734 3158 2788 scribit
3208 2731 3395 2798 Nilus,
3433 2734 3603 2802 epist.
3640 2735 3740 2800 9‘5,

2141 2828 2235 2880 lib.
2295 2843 2352 2891 ιι,
2400 2826 2540 2881 male
2592 2826 2754 2879 vertit
2806 2825 3074 2894 interpres
3128 2825 3350 2878 Latinus
3382 2825 3739 2892 {valcas-tow.

2139 2921 2436 2980 enclistum,
2479 2918 2555 2972 uti
2609 2926 2753 2986 patet
2801 2931 2830 2970 e
2880 2917 3055 2972 verbis
3112 2917 3396 2986 epistolae:
3433 2919 3582 2970 κατὰ
3645 2918 3740 2969 τὸν

2140 3009 2486 3080 ὲγκλεισμδν,
2520 3018 2573 3063 et
2595 3009 2672 3078 τῷ
2705 3008 2912 3080 οἰκιὸἱῳ
2944 3007 3382 3072 κατακλεισθείξ.
3415 3008 3538 3062 Erat
3580 3011 3736 3063 cnint

2141 3098 2382 3168 profecto
2413 3099 2686 3164 reclusus;
2719 3081 2927 3166 lapsum
2958 3097 3057 3150 viri
3109 3096 3201 3148 τοῦ
3235 3096 3376 3148 πάνυ
3409 3096 3740 3151 observavit

2143 3201 2196 3244 et
2225 3185 2533 3245 emendavit
2572 3190 2924 3244 doctissimus
2965 3187 3226 3243 Pessinus
3258 3189 3309 3242 in
3344 3177 3633 3244 Glossario
3665 3194 3736 3244 ad

2142 3280 2510 3335 Andronicum
2564 3279 2762 3348 Georg.
2819 3279 3194 3349 t’aehymeris,
3239 3291 3291 3333 et
3339 3278 3735 3346 hujuscemodi

2143 3371 2432 3426 conclusos
2459 3371 2511 3424 in
2545 3369 2833 3434 cubiculis,
2857 3378 2910 3423 et
2951 3370 3214 3432 οἰκίσκοις
3263 3369 3433 3422 dictos
3483 3370 3736 3422 κουϐου-

2142 3463 2412 3526 κλεισίους
2465 3463 2687 3538 adnotat
2736 3463 2899 3516 etiam
2943 3478 2973 3515 e
3017 3463 3275 3532 scriptore
3334 3460 3461 3514 Vita:
3502 3474 3739 3516 saneta:

2145 3555 2324 3609 Marize
2347 3554 2580 3623 junioris
2609 3569 2901 3624 anonymo,
2942 3555 3128 3609 codice
3162 3553 3405 3606 Vaticano
3428 3553 3552 3616 800,
3583 3569 3734 3623 pag.

2142 3647 2263 3702 492.
2295 3647 2718 3717 Opponebantur
2744 3656 2797 3701 et
2826 3645 3195 3711 xowoﬁttittat;
3243 3646 3294 3698 hi
3334 3645 3425 3714 qni
3470 3647 3738 3713 appella-

2142 3741 2340 3794 bantur
2359 3739 2681 3809 ήσυχασταὶ,
2715 3738 3166 3792 anaehorctarnm
3210 3739 3408 3806 specie,
3440 3737 3680 3791 solitarii
3719 3757 3735 3804 ;

2142 3839 2388 3885 amantes
2427 3833 2662 3901 quietis,
2699 3831 3004 3900 tranquilla:
3037 3830 3157 3883 vita:
3188 3830 3464 3884 studiosos
3494 3832 3736 3898 exponit

2142 3937 2419 3990 nunquam
2463 3923 2594 3976 satis
2628 3923 2880 3975 laudatus
2922 3921 3182 3976 Pessinus
3222 3921 3276 3974 in
3325 3921 3553 3989 epistola
3625 3922 3736 3975 192

2141 4005 2246 4062 Nili
2291 4011 2356 4063 ad
2394 4007 2646 4062 Rufinum
2703 4011 3034 4079 ὴσυχαστὴν,
3081 4010 3271 4063 dubito
3310 4025 3377 4063 an
3425 4010 3496 4062 sit
3539 4009 3611 4074 is,
3657 4011 3731 4062 ad

2143 4115 2302 4168 quem
2339 4100 2476 4154 idem
2522 4099 2739 4170 scripsit
2773 4100 2892 4162 188,
2937 4100 3088 4152 ιιιιΙΙο
3122 4100 3307 4152 addito
3334 4099 3601 4167 epitheto.
3631 4102 3730 4153 sed

2143 4188 2435 4257 utrobique
2480 4189 2588 4258 agit
2627 4189 2693 4241 de
2736 4187 3259 4258 perturbationilnts,
3297 4188 3410 4242 sive
3450 4187 3733 4256 passioni-

2145 4279 2268 4334 bus.
2329 4279 2479 4333 llanc
2532 4280 2778 4333 ultimam
2842 4278 3071 4332 Allatius
3125 4278 3374 4332 inscribit
3432 4277 3735 4330 Charitoni

2144 4375 2180 4428 l.
2215 4391 2295 4440 ιιι,
2323 4377 2482 4444 epist.
2507 4377 2638 4440 ἕως
2675 4387 2726 4428 at
2753 4374 2949 4428 liulino
2978 4374 3286 4444 perbrevem
3319 4373 3443 4426 263.
3476 4374 3733 4428 Primam

467 4455 750 4527 Ephesios,
798 4469 848 4508 v.
883 4454 984 4519 M;
1017 4463 1069 4506 et
1112 4463 1335 4508 sanctus
1368 4453 1580 4520 Petrus,
1611 4469 1661 4508 c.
1692 4470 1745 4508 Ix
1778 4455 2036 4520 Aetuum,

2143 4477 2322 4522 autem
2375 4469 2570 4520 ltntino
2606 4469 2679 4520 illi
2722 4467 2820 4536 ipsi
2875 4467 3208 4537 hesychastre
3251 4466 3286 4519 l.
3319 4479 3390 4528 tv,
3431 4465 3598 4533 epist.
3639 4467 3737 4528 54,

468 4567 517 4601 ν.
562 4547 669 4614 4ος
706 4548 836 4618 qttin
888 4545 1142 4616 prostrati
1179 4546 1468 4616 μετάνοιαν
1519 4545 1825 4616 βάλλοντες,
1873 4547 2042 4617 proji-

465 4640 682 4696 ciebant
733 4654 853 4694 sese
900 4637 967 4692 ad
1015 4637 1412 4707 paenitentiam.
1467 4637 1648 4707 Aliqui
1685 4637 1942 4690 σύστασιν
1989 4639 2039 4692 id

466 4740 551 4786 est
576 4721 884 4794 stationem,
920 4728 1282 4783 consistentes
1322 4744 1446 4782 cum
1481 4728 1750 4795 ﬁdelibus,
1795 4729 1922 4783 dum
1961 4745 2041 4784 sa-

466 4822 731 4878 crificium
790 4819 1190 4886 celebraretur,
1247 4830 1434 4890 postea
1497 4821 1788 4890 μέστωσιν,
1851 4823 1902 4878 id
1961 4835 2042 4880 est

469 4913 922 4985 complementum
973 4911 1342 4978 adhibebant,
1404 4914 1625 4981 quando
1677 4929 1871 4986 nempe
1926 4932 2042 4986 poe-

472 5005 754 5060 nitentiam
799 5002 1186 5072 expleverant,
1229 5013 1282 5056 et
1315 4993 1776 5060 reconciliationis
1828 5015 2042 5075 tempus

470 5095 872 5166 exspectabant.
908 5093 1060 5149 llaud
1087 5093 1338 5148 dissimili
1364 5095 1523 5148 modo
1554 5107 1707 5150 erant
1735 5108 1786 5150 et
1817 5100 2036 5166 gradus,

471 5188 586 5242 sive
633 5186 851 5242 ordines
889 5185 1305 5248 monachorum,
1355 5187 1444 5254 qui
1499 5187 1877 5241 vocitahautnr
1931 5205 2038 5241 non

473 5289 679 5333 tantum
728 5279 955 5349 populus
1000 5285 1220 5332 sanctus
1261 5276 1382 5339 Dei,
1433 5286 1488 5331 ut
1534 5279 1585 5330 in
1630 5280 1874 5341 collecta.
1920 5297 2042 5350 quze

475 5365 727 5426 recitatur
764 5369 1117 5425 hebdomadis
1156 5379 1354 5423 saneta:
1395 5367 1524 5422 feria
1564 5379 1736 5432 sexta,
1775 5387 1839 5426 eo
1877 5388 2040 5427 voca-

477 5462 603 5516 bulo
633 5462 1031 5533 comprehensi,
1064 5471 1116 5515 et
1144 5478 1172 5516 a
1211 5461 1432 5530 reliquis
1483 5462 1635 5516 laicis
1665 5465 1893 5518 necdum
1925 5468 2041 5521 dis-

476 5553 654 5616 tincti,
699 5570 792 5624 pro
843 5553 1038 5621 quibus
1083 5554 1378 5617 orabatur;
1437 5569 1624 5608 verum
1674 5567 1727 5610 et
1771 5557 2040 5626 lugentes,

476 5651 635 5707 atque
680 5645 1018 5711 plangentes,
1065 5653 1118 5698 et
1181 5645 1233 5696 in
1287 5645 1634 5709 monasteria,
1694 5647 2042 5716 claustraque

481 5735 622 5784 velut
644 5732 697 5782 in
729 5729 1061 5798 pceuitentiaa
1089 5733 1362 5788 domicilia
1385 5777 1399 5799 ,
1448 5737 1736 5803 ergastula,
1775 5734 2043 5793 carceres-

2145 4559 2273 4627 quiu
2307 4568 2358 4610 et
2381 4559 2540 4610 aliam
2569 4558 2761 4610 ltulino
2794 4556 3132 4611 Scholastico
3161 4553 3249 4616 76,
3281 4554 3372 4607 lib.
3401 4570 3436 4612 ι.
3463 4553 3528 4606 ad
3553 4571 3737 4622 quem

2143 4655 2303 4705 etiam
2337 4661 2580 4720 spectare
2625 4649 2855 4702 arbitror
2884 4649 2946 4699 77
2983 4657 3036 4702 et
3065 4646 3132 4700 78
3154 4686 3168 4709 ,
3215 4639 3337 4714 qua:
3377 4658 3737 4713 Consequitu-

2145 4756 2270 4810 tnr;
2315 4743 2562 4796 fortassis
2609 4749 2722 4795 erat
2758 4739 2896 4793 idem
2942 4737 3191 4802 Rufinus,
3233 4738 3325 4808 qui
3367 4753 3398 4791 e
3429 4737 3548 4790 foro
3599 4753 3739 4805 pro-

2144 4835 2326 4898 diens,
2360 4833 2676 4902 legibusque
2708 4831 2964 4898 publicis,
3019 4845 3155 4899 quas
3211 4829 3594 4898 prolitebatnr,
3637 4844 3740 4882 cx-

2143 4924 2395 4996 quirebat
2445 4938 2613 4976 sacrae
2667 4921 2960 4990 Scriptnrzn
2993 4931 3050 4975 ut
3079 4919 3232 4974 Nilus
3261 4921 3376 4974 loca
3409 4919 3512 4974 sibi
3541 4921 3740 4988 expli-

2145 5027 2312 5076 caret.
2336 5033 2453 5069 eam
2491 5015 2752 5076 delibans,
2787 5025 2839 5067 et
2864 5015 2915 5066 ni
2943 5014 3120 5074 fallor,
3155 5025 3332 5080 posset
3354 5027 3474 5066 esse
3502 5013 3739 5067 celeber

2146 5109 2233 5161 ille
2272 5107 2606 5176 Orig-uiista,
2638 5122 2734 5158 nec
2769 5108 2911 5158 cnim
2948 5121 3117 5158 aevum
3154 5105 3441 5172 discrepat.
3477 5103 3737 5172 Γαερίη).

2147 5197 2418 5266 Μονπχοῦ,
2455 5200 2543 5248 καὶ
2574 5196 2876 5263 ἡσυχειστοῦ
2915 5195 3006 5248 τοῦ
3058 5195 3215 5263 ὄρους
3247 5195 3458 5264 Λάτρου
3506 5195 3734 5262 exolvunt

2149 5291 2337 5359 legitur
2379 5273 2429 5341 in
2461 5289 2614 5341 Scala
2667 5287 2891 5341 Joannis
2938 5273 3210 5349 Ciitnacis,
3250 5305 3301 5356 p.
3336 5287 3458 5340 365.
3512 5285 3573 5338 lli
3629 5305 3734 5340 no-

2147 5397 2266 5433 men
2299 5381 2594 5432 sortiuntur
2623 5379 2728 5430 ἀπὸ
2762 5379 2858 5445 τῆς
2901 5379 3151 5447 ἡσυχίας,
3183 5379 3236 5431 id
3261 5387 3340 5432 est
3383 5397 3412 5428 a
3455 5377 3634 5445 quiete
3665 5394 3732 5428 ac

2145 5469 2374 5522 silentio.
2405 5468 2476 5522 De
2506 5470 2605 5522 hac
2648 5471 2843 5521 virtute.
2881 5469 2998 5523 fuse
3033 5471 3436 5538 suprascriptus
3475 5465 3726 5520 Joannes

2145 5563 2311 5628 grai-iu
2377 5561 2474 5621 ‘27,
2519 5577 2637 5628 pag.
2684 5549 2818 5614 ιυδξ
2853 5562 2989 5616 Istos
3032 5579 3137 5616 non
3183 5563 3373 5629 probat
3418 5558 3725 5613 Cassianus

2145 5651 2324 5705 collnt.
2370 5651 2454 5714 l8,
2507 5667 2555 5704 c.
2606 5654 2670 5713 8,
2707 5653 2772 5705 de
2812 5663 3005 5721 quarto
3053 5667 3247 5721 genere
3287 5653 3718 5710 monachorum,

2145 5744 2298 5810 quasi
2337 5744 2563 5810 tepidos,
2608 5745 2729 5812 quia
2775 5745 2962 5799 sedent
3005 5744 3286 5814 (scribit),
3321 5759 3346 5796 a
3387 5742 3598 5796 nemine
3647 5742 3722 5792 la.
