3994 6182
282 300 404 362 1325

1456 295 1552 356 DE
1590 294 1970 356 OPERIBUS
2010 297 2067 354 S.
2110 289 2298 356 NILI.

3381 289 3519 354 1326

273 404 469 464 c.:ssiti.
505 409 557 455 ct
605 399 892 470 patientes,
935 406 1098 466 atque
1149 400 1448 463 mansueti,
1504 414 1567 453 ac
1602 399 1834 454 hmnilcs
1865 410 1905 460 Α
1941 398 2159 453 nomine
2195 398 2516 462 monachus,
2548 413 2643 454 seu
2691 399 3046 454 monasticam
3087 397 3252 452 vitam
3291 399 3516 468 degens,

273 493 522 552 aestimari
555 491 889 552 desiderant,
936 504 1034 542 nec
1064 488 1128 540 ad
1174 487 1557 556 perfectionem
1599 505 1837 558 unquam

275 585 604 656 perveniunt,
646 589 699 634 et
734 580 786 652 hi
824 579 1047 632 forsitan
1084 580 1348 646 appellari
1384 589 1612 646 possunt
1645 596 1839 632 vacan-

275 677 358 732 tiri
391 688 519 728 voce
553 671 873 742 Synesiaua,
907 669 1061 738 quasi
1104 679 1365 722 vacantes.
1393 671 1498 724 Sed
1539 671 1842 742 ἡσυχασταὶ

275 765 376 820 veri
419 779 484 817 ac
535 761 687 832 probi
723 759 1031 814 residebant
1071 763 1340 813 mansueti
1395 776 1517 813 cum
1547 761 1842 826 silentioel

274 855 447 924 quiete
491 851 688 914 auitni,
722 864 822 902 nec
866 850 1048 904 minus
1078 864 1136 902 se
1179 849 1284 916 piis
1335 835 1591 916 Operihus
1622 850 1842 904 a.ldicc-

274 948 426 1008 baut,
461 952 514 997 et
562 941 796 1010 anno-tv
842 955 1057 1008 quoque
1103 940 1156 993 in
1199 942 1454 1004 amando,
1505 941 1844 1010 colendoque

275 1036 456 1094 Detnn.
489 1043 544 1086 ct
595 1019 892 1100 diligendo,
937 1031 1356 1100 adjuvandoque
1404 1032 1710 1100 proximum
1759 1047 1844 1086 se-

273 1105 570 1189 ctabantur,
603 1123 871 1191 Θεοφιλεῖς
901 1130 1056 1176 erant
1103 1121 1422 1185 Christiani,
1465 1122 1628 1192 599
1658 1123 1708 1175 id
1740 1130 1842 1186 est,

273 1225 538 1272 amatores
585 1214 674 1267 Dei
709 1213 818 1283 (ait
856 1213 970 1279 ipse
1003 1211 1214 1266 Climax
1258 1215 1426 1282 gradu
1474 1215 1570 1283 l);
1619 1224 1846 1268 ornatur

273 1307 409 1362 enim
453 1305 622 1359 titulis
663 1304 813 1357 hisce
850 1302 1174 1372 Χριστιανὸς
1208 1301 1493 1374 Θεοφιλὴε,
1538 1304 1842 1373 ἐγκρατὴς,

276 1396 524 1468 μοναχός.
568 1393 802 1448 Sanctus
841 1391 1018 1446 Lucas
1041 1393 1416 1460 apostolorum
1458 1394 1625 1445 Actus
1666 1393 1849 1461 dirigit

273 1487 337 1542 ad
377 1486 761 1554 Theophilum,
801 1493 854 1540 et
893 1483 1196 1552 intelligere
1238 1483 1369 1534 mihi
1410 1482 1624 1535 videtur
1654 1499 1719 1536 eo
1749 1501 1848 1536 no-

272 1580 412 1633 mine
457 1576 841 1636 Christianum.
907 1573 1176 1628 Exstitere
1235 1573 1454 1643 quidam
1519 1575 1844 1644 ἐγκρατεῖς,

273 1685 361 1723 St'u
397 1671 738 1722 continentes
761 1707 776 1733 ,
825 1665 918 1735 qui
954 1673 1007 1718 et
1041 1665 1530 1735 éyxpa-cauopsvov
1567 1681 1595 1718 a
1637 1666 1845 1719 solatiis

1943 500 2035 544 ant
2102 493 2166 544 a-t
2229 507 2347 544 eam
2411 492 2698 560 adspirans
2764 491 3212 562 significabatur,
3281 491 3422 546 sicut
3463 501 3520 544 et

1943 582 2302 652 θεραπευτοῦ,
2350 583 2399 635 iul
2453 592 2536 637 est
2595 584 2881 638 servientis
2930 583 3077 645 Deo,
3137 598 3233 638 seu
3269 583 3432 648 servi,
3465 591 3520 636 et

1944 672 2130 726 famuli
2162 673 2262 727 .Dei
2292 675 2548 742 epitheto,
2595 690 2659 729 ex
2693 675 2936 738 Philone,
2988 673 3244 745 Dionysio
3277 676 3517 742 Areopa-

1943 764 2052 834 gita
2095 765 2299 832 colligit
2349 773 2401 816 ιιι
2424 779 2485 816 ex
2541 765 2655 833 ipso
2685 765 2807 819 Nilo
2837 774 3042 830 nostro,
3085 765 3375 820 cartlinalis
3401 765 3522 818 Bel-

1946 855 2232 920 larminus,
2289 859 2322 908 l.
2377 873 2432 920 ιι,
2475 872 2523 908 c.
2581 858 2629 910 1.
2677 855 2750 911 De
2794 857 3061 910 monachis
3109 856 3244 915 fuse.
3285 856 3523 910 Consule

1945 961 2039 1014 pra
2061 955 2204 1000 terea
2285 946 2519 1000 lilaltlnei
2583 948 2805 1007 Galeni,
2870 934 3216 1015 \i’eStcapelli
3278 947 3520 1016 Origines

1947 1033 2265 1086 monasticas
2309 1034 2481 1087 editas
2530 1033 2751 1103 Dilingze
2797 1034 2932 1086 1563
2971 1033 3024 1086 iu
3056 1043 3290 1102 quarto;
3342 1033 3523 1104 lingu—

1948 1138 2068 1176 nem
2101 1122 2415 1176 Manardum
2449 1123 2500 1176 in
2531 1121 2789 1192 Regulam
2822 1124 2986 1194 600
3015 1126 3189 1178 sancti
3225 1124 3520 1186 Benedicti,

1947 1229 1997 1266 c.
2032 1229 2111 1276 ιιι,
2137 1215 2224 1264 ubi
2258 1214 2324 1267 de
2353 1213 2671 1284 λαυρ-ἡταις,
2702 1229 2731 1267 e
2758 1227 2807 1266 c.
2843 1213 2876 1266 5
2907 1209 3061 1265 Prati
3084 1211 3391 1282 SpirituaL,
3415 1215 3525 1266 ἀπὸ

1947 1305 2054 1356 τῶν
2080 1305 2320 1375 λαυρῶν,
2357 1321 2386 1358 a
2417 1307 2569 1376 cellis
2592 1321 2808 1374 nempe,
2844 1305 2894 1356 in
2940 1307 3140 1374 quibus
3179 1305 3334 1358 turba
3375 1306 3524 1374 ipso-

1951 1408 2069 1445 rum
2126 1393 2177 1445 in
2233 1408 2398 1445 unum
2457 1394 2681 1446 collecta
2733 1408 2884 1445 more
2924 1393 3302 1461 religiosorum
3363 1407 3524 1460 apqu

1948 1493 2085 1535 erat.
2116 1483 2154 1538 E
2182 1481 2500 1551 praefatione
2519 1481 2743 1557 liegnlte
2771 1481 2943 1534 sancti
2975 1477 3244 1543 Ferreoli,
3273 1480 3527 1534 diceban-

1951 1585 2038 1627 tur
2061 1583 2114 1626 et
2148 1576 2324 1636 nonni,
2358 1583 2409 1626 et
2448 1574 2698 1640 religiosi,
2743 1582 2795 1624 ct
2836 1565 3153 1639 philosophi,
3177 1582 3231 1626 at
3278 1572 3429 1639 plura
3460 1573 3528 1624 de

1951 1667 2264 1735 gyrovagis,
2289 1676 2341 1718 el
2375 1661 2780 1718 circellionibus
2822 1664 3042 1716 ibidem.
3076 1662 3285 1715 Accinit
3313 1663 3378 1715 de
3405 1678 3527 1714 mo-

273 1759 525 1812 connnbii
565 1765 722 1820 erant
764 1757 814 1809 hi
865 1756 1094 1825 sejuncti
1128 1795 1142 1813 ,
1182 1755 1632 1824 ἀππαττὸμενοι,
1680 1758 1840 1809 vitam
1882 1736 1921 1789 Β
1951 1754 2127 1808 nacho
2180 1753 2538 1808 Numatiauns
2584 1768 2709 1806 cum
2760 1737 3048 1820 conjuge’m
3101 1752 3386 1821 reliquisse
3438 1752 3526 1804 in-

273 1849 514 1904 cmhbem
545 1847 886 1901 all‘ectabant.
925 1845 1228 1898 Concilium
1263 1844 1694 1914 Carthaginensc
1738 1855 1846 1898 ter-

275 1937 402 1990 tium
436 1951 484 1989 c.
532 1935 626 1995 58,
680 1949 824 1987 anno
856 1933 1059 1987 Christi
1101 1933 1227 1994 597,
1266 1933 1316 1985 in
1350 1932 1608 1986 Africano
1658 1933 1846 1988 codice

274 2029 482 2084 illorum
525 2027 800 2090 meminit,
831 2035 882 2079 et
910 2025 1238 2080 Cresconius
1277 2024 1330 2078 in
1371 2024 1610 2079 Breviar.
1641 2043 1690 2080 c.
1716 2027 1842 2087 255,

273 2119 392 2174 etl..
434 2135 502 2173 xx
539 2117 676 2174 Coel.
713 2116 985 2171 Theodos.
1040 2115 1113 2169 De
1157 2116 1316 2183 episc.
1354 2128 1399 2168 et
1429 2116 1552 2171 τίεν,
1590 2117 1679 2184 qui
1717 2134 1846 2169 con-

273 2211 546 2264 tinentium
595 2223 654 2262 se
705 2207 895 2260 volunt
947 2206 1168 2258 nomine
1213 2205 1548 2274 nuncupari,
1591 2207 1676 2258 ubi
1729 2205 1847 2260 fuse

283 2301 635 2355 Scholiastes.
685 2299 1010 2354 Dicebantur
1040 2297 1201 2350 etiam
1237 2307 1580 2365 temperantes
1607 2339 1620 2360 ,
1677 2298 1847 2368 llesy-

275 2390 430 2443 chius
476 2389 805 2458 ἐγκράτειαν
853 2388 1240 2456 interpretatur
1271 2387 1526 2456 ἄσκησινς
1559 2391 1850 2444 contende-

277 2481 404 2533 bant
445 2480 644 2550 quippe
697 2481 1043 2543 continentes,
1093 2493 1157 2532 ex
1201 2476 1444 2534 Palladio
1491 2479 1542 2531 in
1583 2479 1845 2536 Lausiaca

275 2573 360 2625 τὸν
421 2573 518 2642 τῆς
589 2571 947 2642 ἐγκρατείας,
1018 2571 1112 2623 καὶ
1178 2568 1402 2638 ἁγνείας
1474 2570 1848 2642 ἀναδήσασθαι

279 2663 556 2730 στέφανον,
583 2662 633 2716 id
654 2671 735 2717 est
759 2703 772 2726 ,
799 2661 1041 2716 redimiri
1065 2677 1265 2718 corona
1295 2663 1661 2727 continentia',
1690 2673 1850 2733 atque

276 2753 564 2816 castitatis,
597 2754 810 2808 vivente
852 2754 1029 2826 adhuc
1058 2753 1226 2822 aliqui
1266 2751 1498 2824 conjuge
1519 2795 1533 2819 ,
1564 2755 1645 2808 vel
1677 2770 1706 2809 e
1736 2771 1850 2808 me-

275 2846 365 2899 dio
399 2833 630 2913 sublata,
665 2855 717 2901 et
753 2845 842 2899 alii
863 2845 1008 2899 nulla
1035 2845 1196 2900 ducta
1258 2845 1400 2899 intra
1434 2846 1671 2915 privatas
1704 2848 1850 2903 aedes

275 2938 464 3008 aliqui.
507 2937 741 2992 Sanctus
772 2937 1108 3008 Augustinus
1140 2937 1257 2993 inse
1291 2939 1346 2991 in
1377 2938 1606 3001 epistola
1653 2938 1748 2992 199
1785 2940 1848 2992 ad

227 3031 236 3040 ’
277 3031 546 3084 Ecdiciam
587 3030 715 3099 agit,
749 3044 910 3098 quam
957 3021 1426 3100 religiosissimam
1466 3039 1626 3084 vocat
1662 3018 1847 3093 filiam,

1949 1861 2142 1909 uuens,
2174 1855 2225 1898 et
2251 1853 2376 1897 nota
2407 1853 2490 1898 est
2519 1843 2779 1898 'l'hcrasia
2811 1842 3021 1896 Paulini
3051 1858 3080 1896 e
3123 1843 3354 1913 conjuge
3387 1842 3526 1898 facta

1947 1950 2142 2001 Soror;
2187 1936 2411 1989 consule
2458 1933 2824 1988 Iustinianum
2867 1935 3248 2003 imperatorem
3310 1932 3528 1988 Novella

1952 2029 2073 2081 122.
2107 2027 2340 2080 Leonem
2385 2025 2503 2096 Aug
2567 2027 2656 2092 35,
2699 2027 2734 2080 l.
2772 2021 2947 2082 lCOtl.
2991 2009 3262 2080 Theodos.
3307 2025 3378 2078 De
3405 2043 3486 2081 mo
3513 2056 3531 2068 ς

1949 2119 2148 2183 nnc/tis;
2187 2128 2239 2170 et
2269 2118 2310 2170 'l.
2357 2134 2422 2170 xx
2465 2118 2600 2171 Cod.
2649 2119 2874 2181 colem,
2939 2117 3012 2170 De
3045 2119 3206 2186 episc.
3254 2128 3300 2170 et
3333 2118 3528 2172 cleric:

1950 2209 1986 2261 l.
2029 2223 2138 2267 xvi,
2192 2205 2389 2258 ibidem
2439 2205 2511 2257 De
2561 2207 2746 2273 pernis,
2798 2207 2884 2259 ubi
2930 2217 3070 2260 nota:
3123 2210 3396 2276 pneclarae
3443 2218 3530 2262 at-

1950 2304 2242 2358 texuntur;
2286 2303 2337 2346 et
2375 2294 2516 2348 hunc
2557 2294 2789 2362 primum
2833 2295 3227 2350 monachorum
3277 2298 3527 2366 gradum,

1949 2389 2064 2442 sive
2107 2386 2388 2446 ordinem,
2434 2387 2547 2440 sive
2587 2387 2766 2454 potius
2808 2387 2916 2441 Deo
2944 2403 3063 2443 sese
3104 2389 3434 2452 dicantium,
3478 2405 3532 2446 et

1951 2479 2014 2534 ad
2048 2479 2430 2532 monachatum
2474 2479 2807 2533 tendentium
2860 2475 3233 2535 limen'fuisse
3268 2481 3526 2536 arbitror.

1955 2555 1958 2557 Δ
2022 2571 2310 2626 Secundus
2345 2580 2461 2625 erat
2491 2581 2815 2638 ascetarnm,
2855 2586 2959 2626 non
2994 2573 3290 2642 generatim
3342 2574 3394 2628 et
3427 2573 3533 2630 late

1951 2675 2312 2736 sumptorum,
2363 2681 2548 2720 verum
2610 2666 2995 2735 particulatim,
3046 2673 3100 2720 et
3157 2667 3391 2736 proprie,
3437 2667 3530 2735 qui

1951 2757 2016 2811 ad
2069 2767 2258 2812 nutum
2311 2758 2582 2822 abbatum,
2633 2773 2725 2812 seu
2781 2755 3160 2826 praefectorum
3212 2759 3534 2812 exercebant

1953 2843 2072 2904 sese
2116 2849 2375 2920 jejuniis,
2428 2835 2920 2912 meditationibus
2968 2847 3343 2915 oratiunibus,
3391 2839 3535 2919 psal-

1953 2941 2181 3004 modiis,
2233 2948 2286 2995 et
2336 2941 2458 2994 aliis
2517 2941 2732 3009 pietatis
2790 2951 2844 2996 et
2893 2933 3536 3010 pmnitentiae'vaeahant

1954 3030 2164 3096 ofﬁciis,
2185 3032 2297 3101 jam
2330 3031 2706 3098 Continentcs,
2732 3031 2799 3086 de
2827 3032 3028 3101 quibus
3059 3018 3253 3086 Petrus
3284 3033 3531 3086 Damian.

276 3121 471 3190 cuique
505 3121 692 3175 tribuit
719 3122 1441 3191 reverentiam,vovisseque
1472 3137 1594 3176 cmn
1634 3119 1852 3183 marito,
1885 3113 1926 3173 C
1962 3131 2156 3175 tractat
2196 3120 2249 3174 in
2302 3120 2567 3176 Sermone
2609 3122 2674 3176 de
2713 3131 2903 3176 sancto
2947 3120 3194 3184 Nicolao,
3239 3122 3407 3178 instar
3439 3123 3539 3178 Sn-

275 3228 307 3268 e
337 3228 445 3281 quo
475 3212 641 3266 tilium
680 3222 1023 3283 susceperat,
1055 3213 1442 3267 continentiam
1478 3213 1606 3278 Deo,
1644 3221 1847 3275 narrat,

277 3303 577 3372 annuitque
615 3312 672 3356 ut
705 3312 875 3372 gestet
918 3303 1172 3357 vestitum
1224 3302 1602 3366 matronalem,
1645 3303 1736 3356 sed
1771 3301 1853 3354 iu-

279 3395 388 3446 vito
426 3393 539 3446 viro
566 3409 632 3448 ne
665 3394 932 3448 vidualem
975 3402 1186 3464 gestare
1216 3403 1402 3463 pergat
1432 3393 1684 3462 prohibet
1725 3410 1852 3461 pru-

277 3486 484 3540 denter.
531 3485 766 3541 Sanctus
815 3484 1182 3556 Hieronymus
1221 3485 1273 3538 in
1317 3484 1563 3553 epistolis
1597 3483 1667 3535 28
1697 3493 1750 3536 et
1785 3483 1855 3538 29

279 3578 345 3632 ad
376 3563 744 3642 Theodoram,
777 3577 1020 3632 insinuat
1045 3576 1180 3630 satis
1213 3590 1331 3628 eam
1367 3590 1488 3629 cum
1521 3574 1717 3628 marito
1751 3574 1856 3627 Lu-

278 3669 422 3724 ciuio
453 3669 658 3724 Bmtico
690 3677 898 3723 castam
931 3667 1154 3722 duxisse
1183 3667 1346 3720 vitam
1369 3705 1384 3729 ,
1417 3668 1503 3720 cui
1531 3665 1723 3719 doctor
1768 3665 1858 3720 ille

280 3761 432 3829 ponit
476 3760 833 3830 epitaphium,
871 3767 920 3814 el
965 3757 1144 3812 mariti
1183 3772 1303 3810 eam
1351 3756 1430 3809 uti
1465 3770 1708 3810 sororem
1757 3771 1857 3809 no—

281 3851 490 3917 minat;
525 3853 575 3906 in
605 3862 805 3906 sancta:
845 3849 1070 3919 Agnetis
1098 3848 1284 3902 Romae
1312 3855 1491 3903 exstat
1518 3847 1854 3917 epitaphium

279 3944 602 4009 Tlteodorre,
633 3960 754 4014 quze
791 3945 924 3998 vixit
961 3943 1120 3998 annis
1145 3943 1236 4010 2|,
1270 3941 1552 3997 mensibus
1580 3942 1632 4007 7,
1665 3942 1858 3998 diebus

276 4037 353 4092 2i
413 4039 466 4093 in
515 4054 666 4108 pace.
725 4037 818 4094 Est
863 4039 1159 4102 bisomum,
1212 4037 1400 4100 idest,
1445 4037 1556 4110 duo
1603 4051 1854 4105 corpora,

282 4145 480 4212 nempe
529 4131 702 4200 ipsius
746 4138 802 4184 et
850 4130 1029 4183 mariti
1091 4128 1301 4198 Evagrii
1353 4128 1640 4184 continens
1681 4128 1860 4197 sepul-

278 4237 436 4276 crum
469 4239 592 4278 cum
630 4223 779 4278 hisce
817 4223 1086 4288 versibus,
1135 4232 1190 4276 et
1221 4230 1346 4276 nota
1383 4223 1716 4277 consulum:

352 4349 391 4400 Α
404 4349 687 4417 rupti/imm
714 4349 954 4418 sequitur
981 4348 1144 4401 vitam
1175 4347 1301 4399 dum
1329 4358 1481 4400 casta
1513 4345 1824 4412 Aphrodite,

361 4439 507 4494 Fecit
536 4441 604 4494 ad
630 4452 778 4495 astra
809 4442 970 4504 uiam,
997 4439 1194 4495 Christi
1220 4439 1373 4491 modo
1405 4439 1599 4507 gaudet
1622 4439 1673 4490 in
1699 4436 1857 4500 aula;
1894 4465 1938 4520 ι)

359 4521 568 4585 Restitit
595 4532 703 4585 ha'c
731 4531 936 4594 mundo
965 4547 1167 4599 semper
1191 4529 1420 4584 caelestia
1446 4543 1683 4598 quazrens
1704 4569 1717 4593 ,

360 4624 574 4691 Optima
603 4624 860 4676 servatrix
904 4623 1053 4692 legis,
1085 4622 1311 4690 ﬁdeique
1346 4620 1624 4688 magistra,

359 4716 512 4769 Inter
539 4717 759 4770 eximios
797 4714 1046 4768 Paradisi
1079 4722 1260 4782 regnat
1285 4710 1471 4764 odores

361 4801 608 4869 Tempore
647 4801 894 4854 continuo
940 4807 1154 4853 vernant
1191 4799 1277 4851 ubi
1326 4800 1566 4867 gramina
1606 4798 1746 4857 rivis.

363 4895 512 4947 Dedit
545 4895 800 4964 egregiam
847 4893 1046 4946 sanctis
1089 4909 1180 4959 per
1215 4890 1411 4943 stecula
1443 4900 1683 4952 mentem,

368 4985 750 5053 [inspectatque
810 4985 974 5036 Deum
1001 4999 1218 5051 superas
1245 4998 1346 5051 quo
1375 4991 1554 5049 surgat
1584 4980 1652 5032 ad
1679 4998 1860 5044 auras,

363 5081 471 5129 Hoc
499 5078 669 5144 posuit
704 5093 890 5143 corpus
930 5075 1134 5130 tumulo
1170 5073 1421 5126 mortalia
1449 5073 1689 5141 linquens

367 5167 730 5234 ("nudavitque
777 5165 947 5217 (ocuzn
979 5164 1208 5232 conjuna:
1259 5161 1516 5232 Euagrius
1563 5179 1743 5214 orans.

277 5291 284 5299 .
367 5255 374 5261 ’
437 5256 584 5311 DEP.
631 5258 851 5312 DlE.....
1766 5305 1778 5324 ι

251 5323 262 5328 ’
301 5385 305 5387 .
362 5347 662 5402 ANTONIO
700 5350 772 5403 Ψ.
816 5346 1114 5402 SYAGRIO
1140 5361 1320 5402 conss.
1371 5347 1486 5401 sive
1525 5359 1668 5398 anno
1706 5323 1865 5400 c.N.

365 5441 469 5493 ’585
511 5439 528 5510 (
551 5439 595 5492 Ε
640 5441 894 5493 I’anvinio
1209 5437 1214 5441 ’

289 5554 448 5609 Hanc
481 5555 642 5609 etiam
680 5571 926 5609 servasse
961 5553 1351 5608 continentiam
1391 5553 1443 5604 in
1483 5549 1738 5619 coniugio
1777 5549 1867 5603 illa

291 5648 486 5711 verba,
517 5655 666 5700 casta
694 5646 1009 5716 Aphl'odile,
1030 5645 1163 5698 satis
1192 5644 1466 5707 III-dicant;
1499 5652 1552 5695 et
1582 5640 1868 5708 Evagrium

293 5740 560 5792 maritum
638 5737 896 5792 Orantem
980 5737 1186 5796 fuisse,
1267 5735 1381 5788 sive
1459 5733 1682 5798 ἱκέτην,
1760 5745 1869 5799 quo

1961 3212 2324 3278 rabaitarum,
2363 3221 2455 3266 aut
2487 3195 2944 3286 Sarabaritarum,
2979 3204 3201 3268 forsitan
3237 3217 3265 3266 a
3304 3214 3536 3268 Saraha-

1961 3317 2020 3356 ra
2067 3310 2234 3367 veste,
2276 3303 2343 3356 de
2389 3319 2494 3370 qua
2533 3303 2586 3358 in
2625 3303 3008 3358 dissertatione
3043 3307 3172 3358 mea"
3205 3303 3270 3358 de
3301 3302 3539 3358 'Fanone

1961 3395 2214 3457 disserui,
2251 3396 2342 3464 qui
2383 3405 2436 3450 et
2482 3397 2600 3450 suis
2649 3395 2701 3471 in
2750 3397 3060 3459 domiciliis,
3111 3408 3205 3450 aut
3264 3399 3472 3452 cellulis
3508 3416 3538 3452 a

1963 3505 2022 3552 se
2075 3477 2402 3543 constructis
2443 3498 2721 3543 morantes
2769 3490 3073 3543 consistunt
3140 3489 3366 3542 arbitrio
3414 3505 3537 3556 Sim,
3588 3558 3593 3563 _

1963 3589 2015 3632 et
2081 3592 2219 3648 quos
2270 3579 2491 3632 damnat
2554 3577 2874 3642 Cassianus,
2911 3594 3097 3633 vocem
3161 3573 3536 3648 Egyptiacam

1963 3685 2194 3726 censeas
2223 3669 2618 3736 significantem
2654 3670 2924 3734 renuitas,
2957 3670 3071 3738 sive
3097 3669 3348 3723 abbatem
3389 3667 3541 3722 refu~

1963 3771 2162 3823 tantes,
2197 3760 2377 3814 collat.
2417 3759 2470 3820 8,
2503 3775 2553 3814 c.
2587 3759 2639 3823 3,
2673 3759 2751 3812 uti
2787 3770 3012 3815 sanetus
3050 3755 3394 3823 Benedictus,
3424 3775 3472 3812 ο.
3509 3760 3544 3814 5

1967 3854 2204 3923 Regulus,
2243 3862 2303 3906 ut
2329 3861 2412 3906 est
2438 3852 2628 3921 optimi
2661 3848 2898 3921 pessima
2938 3851 3237 3920 corruptio,
3273 3851 3400 3919 quia
3434 3865 3541 3905 non

1965 3947 2255 3999 servabant
2283 3953 2692 4013 actemosynen,
2730 3943 2845 3998 sive
2874 3941 3174 3996 nuditatem
3211 3957 3389 3995 rerum
3424 3938 3542 3994 6m-

1964 4037 2156 4100 nium,
2230 4044 2714 4106 paupertatemque
2793 4043 3029 4099 arctam,
3083 4050 3178 4090 seu
3239 4034 3350 4104 (uti
3397 4037 3546 4090 canit

1967 4129 2258 4200 Horatius)
2313 4139 2598 4199 angustam
2649 4113 2986 4201 pauperiem,
3034 4145 3132 4185 nec
3161 4131 3547 4186 abdicaverant

1939 4235 2087 4278 ‘sese
2124 4222 2597 4292 possessionibus,
2631 4237 2732 4277 nec
2768 4221 3130 4296 obedientiam
3163 4213 3548 4285 observabant,

1967 4313 2196 4369 necdum
2245 4303 2470 4384 perfecti
2523 4314 2800 4377 monachi,
2853 4315 2899 4370 si
2950 4329 3058 4368 non
3098 4315 3239 4368 ultra
3285 4330 3547 4384 propera.

1967 4414 2106 4459 rent.
2145 4405 2368 4461 Exstant
2397 4405 2501 4460 Nili
2525 4407 2592 4461 ad
2631 4407 2812 4460 varios
2848 4416 3060 4462 ascetas
3090 4407 3364 4474 epistolas;
3399 4403 3548 4459 nem.

1967 4514 2032 4568 pe
2064 4499 2100 4552 l.
2138 4514 2197 4564 ιι,
2242 4499 2306 4553 ad
2345 4495 2691 4554 Vincentium
2744 4499 2846 4563 51,
2883 4513 3006 4568 quas
3054 4507 3371 4551 numeratur
3403 4497 3546 4565 apud

1965 4592 2252 4646 Possiuum
2285 4591 2380 4644 ‘28I
2418 4608 2432 4657 ;
2482 4591 2547 4645 ad
2592 4589 2785 4645 Zosam
2828 4590 3018 4644 eodem
3070 4587 3164 4641 lib.
3211 4603 3270 4652 ιι,
3320 4594 3404 4640 est
3440 4587 3545 4651 75;

1965 4680 2198 4754 denique
2225 4683 2291 4734 ad
2329 4682 2746 4743 Thaumasium,
2774 4694 2866 4735 seu
2897 4677 3294 4738 Thaumarum,
3322 4677 3409 4742 55,
3447 4677 3544 4730 lib.

1965 4783 2184 4843 ltt,’qua-:
2215 4775 2387 4842 prima
2421 4761 3040 4840 Possino,imtncupatur
3064 4769 3154 4824 hic
3181 4766 3548 4822 Thaumasius

1967 4867 2021 4919 in
2066 4864 2244 4919 indice
2290 4864 2588 4918 monachus
2619 4864 2686 4916 ab
2727 4862 2941 4915 Allatio.
2988 4859 3094 4914 Sed
3146 4858 3230 4912 ad:
3279 4857 3552 4927 (benigne

1967 4957 2171 5024 lector)
2220 4955 2418 5007 librum
2469 4969 2708 5007 mearum
2755 4951 3166 5005 adnotationum
3224 4948 3548 5018 Lexicogra‘

1968 5044 2134 5112 phum
2169 5043 2219 5096 in
2266 5057 2398 5097 voce
2440 5044 2728 5112 Ἀσκησις,
2763 5037 2838 5094 uti
2871 5040 3198 5110 praemonui.

2040 5178 2254 5233 Tertius
2285 5177 2516 5248 gradus,
2562 5186 2623 5231 ut
2656 5193 2774 5232 mea
2822 5175 3039 5246 quidem
3081 5189 3228 5228 nunc
3277 5175 3381 5228 fert
3425 5189 3551 5228 sene

1972 5270 2164 5332 tentia,
2207 5270 2308 5322 fuit
2362 5267 2744 5337 μοναζόντων,
2807 5268 2900 5336 qui
2958 5269 3124 5320 vitam
3186 5266 3548 5326 sanctiorem,

1969 5369 2132 5426 atque.
2160 5359 2516 5412 monasticam
2568 5358 2860 5416 ducebant,
2901 5358 3204 5424 aspir-antes
3234 5355 3453 5424 propius
3481 5353 3547 5424 ad

1971 5449 2390 5510 monacbatum,
2442 5458 2496 5501 et
2547 5449 2667 5515 ejus
2708 5448 2871 5500 veluti
2926 5447 3197 5500 candidati
3234 5464 3248 5499 :
3283 5453 3360 5498 Sic
3409 5444 3551 5514 apud
3587 5475 3600 5490 ι

1974 5536 2218 5592 Vestales
2264 5538 2516 5606 profanas
2559 5537 2835 5591 Romanas
2879 5536 3302 5611 μελλιέραιειιιιι
3341 5549 3560 5589 ιιιιιιοιιι

1974 5639 2111 5699 pata:
2156 5632 2268 5698 (nti
2306 5631 2630 5683 Plutarchus
2675 5628 2905 5697 asserit)
2948 5644 3070 5696 qute
3105 5627 3325 5681 fuerunt
3359 5639 3568 5684 conse-

1973 5721 2212 5774 crationi
2263 5721 2546 5790 proxume.
2602 5717 2658 5773 In
2703 5717 2962 5787 Epistolis
3015 5717 3256 5786 proiecto
3299 5715 3423 5774 Nili
3468 5716 3586 5770 nc“

3983 3860 3987 3998 ι

3983 4427 3987 4581 ι

3985 5253 3987 5308 l
