3994 6182
363 176 495 241 1329

360 385 664 452 σπουδάζω,
697 387 963 458 σχολάζω,
990 391 1237 458 meum,
1254 399 1498 467 πεεράςω
1517 403 1817 473 emphasim
1839 408 1934 461 ha—

358 476 505 540 bere,
557 488 718 550 atque
773 482 1012 539 indicare
1036 487 1288 543 videntur
1314 488 1567 548 affectum
1624 500 1935 569 quemdam,

358 578 412 622 et
444 572 866 640 prOtensioncm,
886 574 965 629 sie
993 576 1099 629 ἀπὸ
1130 578 1221 631 τοῦ
1257 582 1509 649 μονάξειν
1541 585 1589 638 ol
1619 585 1941 656 μονάζοντες

357 660 617 728 erantqui
639 660 845 729 jamdiu
870 666 1191 733 appetebant
1218 669 1422 740 ingenti
1454 688 1577 728 cum
1601 675 1797 732 aﬂ‘cctu
1822 696 1940 735 mo-

360 749 675 811 nachatum.
698 759 752 805 et
772 752 935 806 veluti
966 756 1342 827 pertingebant
1366 765 1522 833 quasi
1554 768 1801 835 proxime
1825 772 1943 825 cin-

356 839 538 904 gendi,
591 850 643 894 et
674 842 1062 909 melloproximi
1108 863 1240 903 voce
1296 850 1714 911 Graeco-Latina
1768 856 1945 914 Juris-

357 930 759 995 consultorum,
792 947 890 999 pro
921 933 1121 990 cinctis
1148 938 1534 1007 censebantur,
1560 943 1944 999 sumebantur-

357 1034 464 1087 quc
515 1022 827 1087 promiscue
865 1039 963 1094 pro
996 1029 1300 1093 monachis,
1341 1032 1417 1085 uti
1469 1034 1676 1091 tirones
1756 1038 1944 1093 multis

357 1107 641 1176 ειίριιιιόίἱε
671 1113 922 1181 expletis,
948 1123 1043 1168 aut
1073 1117 1341 1187 προλνταὶ
1372 1122 1620 1189 pluribus
1646 1128 1807 1182 annis
1825 1141 1942 1182 Stu-

355 1197 446 1251 dio
476 1199 919 1269 jurisprudentia:
947 1205 1212 1276 impensis
1232 1250 1246 1274 ,
1302 1214 1653 1271 continentia:
1724 1234 1939 1288 nempe,

356 1302 452 1341 seu
484 1291 752 1346 castitatis
779 1294 1055 1362 specimen
1087 1298 1349 1355 dederant
1403 1313 1793 1374 temperantes,
1847 1324 1940 1363 seu

356 1382 670 1451 ἐγκρατεῖς,
704 1391 760 1437 at
789 1390 1149 1456 paupertatis,
1178 1400 1233 1445 et
1262 1392 1612 1461 obedientiat,
1638 1399 1766 1452 dum
1790 1415 1944 1454 asce-

360 1483 442 1525 tas
473 1484 720 1543 egerant,
752 1486 844 1531 aut
874 1481 1270 1538 exercitatores
1298 1501 1311 1538 :
1346 1485 1582 1557 denique
1638 1491 1799 1545 trium
1842 1492 1941 1546 ha-

355 1579 476 1617 rum
518 1566 943 1631 virtutum,dum
976 1571 1303 1640 μονάζοντες
1341 1574 1541 1645 forent,
1581 1580 1743 1651 603
1786 1582 1939 1651 quasi

356 1656 723 1711 maturitatem
757 1662 1208 1730 assequebantur.

425 1788 484 1843 lu
554 1793 921 1852 ecclesiastica
975 1799 1205 1857 historia
1268 1806 1663 1862 monachorum
1732 1812 1942 1879 species

356 1881 522 1936 varia:
570 1895 1010 1953 pereensentur:
1068 1907 1170 1963 ego
1212 1909 1341 1950 vero
1398 1898 1757 1955 animadverti
1816 1917 1943 1972 per-

356 1972 655 2027 scrutando
708 1974 1024 2046 diligentius
1070 1982 1235 2038 hosce
1276 1986 1547 2056 praecipue
1578 1996 1689 2044 tres
1743 1996 1942 2061 gradus

352 2079 543 2133 parum
575 2070 643 2121 ab
668 2068 790 2123 aliis
820 2070 1280 2138 observatos,imo
1309 2078 1627 2150 plerumque
1650 2082 1929 2151 confusos,

354 2164 407 2207 et
437 2156 739 2224 μονὰζοντα
790 2163 1016 2229 exposui
1052 2175 1300 2233 agentem
1340 2170 1702 2225 monasticam
1741 2175 1932 2229 vitam.

355 2244 621 2314 Agathius
656 2248 820 2316 igitur
851 2251 957 2306 iste
984 2258 1341 2311 monasticam
1374 2258 1538 2313 vitam
1566 2276 1732 2331 agens
1758 2263 1940 2321 Nilum

358 2336 808 2393 meditabundum
841 2350 1098 2411 tanquam
1133 2360 1200 2399 ex
1234 2346 1449 2404 insidiis
1483 2351 1708 2409 adortus
1752 2366 1859 2421 εδει,
1887 2367 1944 2413 et

359 2443 650 2498 aggressus
677 2431 1058 2503 improvisum,
1086 2446 1138 2493 et
1162 2440 1392 2497 suadere
1414 2446 1577 2514 erepit
1613 2459 1670 2502 ut
1696 2447 1941 2507 Ethieam

358 2522 695 2590 quampiam,
727 2538 820 2578 seu
855 2524 1111 2582 Moralem
1163 2530 1596 2589 lucubrationem
1630 2540 1943 2595 conscribe-

360 2621 462 2665 ret.
496 2613 564 2666 At
590 2612 747 2670 Nilus
777 2617 831 2669 in
867 2616 1216 2688 Expositione
1245 2621 1587 2680 Psalmorum
1619 2641 1938 2700 occupatus,

359 2703 517 2771 cujus
565 2703 877 2775 fragmenta
935 2710 1196 2764 nonnulla
1250 2714 1602 2782 reperiuntur
1662 2718 1717 2772 in
1754 2720 1943 2775 codice

358 2792 658 2851 Barberino
690 2800 1086 2869 manuscripto,
1122 2810 1175 2855 et
1205 2805 1346 2873 apud
1380 2803 1682 2879 Bessonum
1743 2810 1798 2863 in
1835 2811 1941 2866 Ca-

360 2898 539 2943 tenam
580 2888 833 2961 Procopii
878 2908 1039 2978 super
1079 2894 1320 2951 Canticis
1360 2898 1725 2967 canticorum,
1777 2902 1941 2973 tergi-

1557 195 1655 256 DE
1691 198 2072 266 OPERIBUS
2104 208 2165 269 S.
2199 212 2383 275 NILI.

355 291 885 363 productione,aCm,
905 299 982 353 uti
1034 302 1276 372 κωμάζω
1301 346 1314 366 ,
1342 306 1603 376 ὲορτάζω,
1664 315 1931 385 χειμάζω,
1962 322 2010 379 Α

3493 224 3630 291 1330

2041 328 2435 385 tentationibus
2481 346 2606 387 eum
2641 332 2962 399 admonens,
3013 351 3123 405 quo
3169 335 3303 406 ipsis
3362 334 3626 403 obsistat;

2039 426 2093 471 et
2148 417 2376 476 forsnan
2429 425 2496 478 ad
2550 425 2891 481 diaconatum
2953 430 3265 497 promoveri
3330 439 3624 485 meruerat-

2042 502 2269 561 Exstant
2326 520 2379 563 et
2430 510 2935 569 lsidoriPclusiotte
2972 516 3089 584 qui.
3132 515 3323 570 eodem
3384 526 3630 585 tempore

2043 596 2245 653 vixisse
2276 600 2508 666 videtur,
2540 613 2593 658 et
2621 606 2871 660 eumdem
2905 606 3228 674 magistrum
3274 595 3632 663 habuit'san-

2044 695 2191 740 ctum
2212 686 2477 744 Joannem
2503 692 2982 764 Chrysostomum,
3007 697 3075 750 ad
3100 698 3372 767 Agathum
3402 698 3628 767 presby-

2045 786 2218 833 terum
2260 780 2295 834 l.
2332 797 2367 834 ι.
2421 783 2579 852 epist.
2607 786 2733 850 270,
2771 796 2825 841 et
2858 788 2892 841 Ι.
2944 804 3028 850 ιιι,
3067 789 3226 857 epist.
3262 789 3345 854 18,
3379 791 3470 854 9.7,
3504 789 3625 853 160,

2041 869 2167 934 296,
2206 872 2329 937 303,
2357 874 2472 929 sive
2500 875 2987 945 Agathodazmona.
3025 881 3105 933 Eo
3139 880 3398 933 nimirum
3431 889 3631 950 tempoo

2043 980 2102 1018 re
2134 966 2333 1034 srepius
2377 984 2406 1020 c
2438 970 2724 1024 monachis
2753 970 2968 1025 diaconi
3015 973 3414 1049 deligebantur,
3462 974 3629 1028 immo

2043 1057 2346 1125 presbyteri
2400 1068 2453 1113 et
2499 1061 2768 1130 episcopi,
2824 1074 3043 1117 auctore
3096 1065 3246 1119 card.
3293 1064 3530 1119 Baronio
3562 1066 3631 1120 ad

2044 1163 2173 1203 ann.
2208 1150 2311 1205 398
2342 1149 2403 1205 C.
2439 1151 2529 1216 N.,
2574 1164 2627 1207 et
2661 1155 2828 1223 liquet
2857 1172 2886 1209 e
2936 1157 2972 1209 Ι.
3029 1173 3201 1211 xxxzi.
3240 1157 3301 1211 C.
3353 1156 3625 1211 Theodos.

2045 1241 2122 1297 De
2155 1245 2317 1312 episc.
2351 1256 2399 1297 et
2428 1245 2605 1301 cle’ric.
2639 1245 2811 1301 Tanta
2841 1258 2960 1301 erat
3009 1251 3405 1304 monachorum
3442 1249 3628 1303 multi-

2044 1334 2177 1387 tudo
2206 1373 2221 1397 ,
2268 1344 2346 1388 tot
2376 1337 2626 1391 examina
2672 1353 2956 1393 servorum
3013 1339 3138 1394 Dei:
3175 1340 3290 1394 haec
3333 1340 3478 1393 enim
3523 1354 3626 1394 vox

2046 1420 2063 1491 (
2089 1430 2147 1474 ut
2170 1422 2284 1489 jam
2319 1425 2507 1478 monui
2537 1426 2553 1492 )
2592 1428 2892 1483 monachos
2924 1428 3208 1499 signiﬁcat.
3241 1430 3477 1486 Sanetus
3498 1430 3631 1486 Gre-

2043 1512 2229 1580 gorius
2259 1511 2442 1568 M.|ib.
2475 1531 2525 1568 χ.
2558 1517 2902 1585 epist.5l,et
2929 1521 3021 1575 lib.
3056 1538 3117 1575 ιι.
3149 1523 3311 1591 epist.
3350 1522 3421 1576 24
3452 1532 3505 1577 et
3534 1522 3626 1586 9|,

2046 1603 2138 1657 lib.
2173 1620 2267 1659 vtu
2292 1617 2345 1660 et
2374 1622 2561 1660 χχχιι.
2590 1607 2685 1664 lib.
2709 1625 2801 1663 xxx
2830 1625 2874 1665 ε.
2904 1612 3240 1669 12.8anctus
3267 1613 3630 1685 Hieronymus

2045 1696 2239 1764 psalm.
2277 1698 2398 1751 155.
2431 1698 2792 1768 Θεραπευταὶ,
2826 1701 3061 1759 Sanctus
3098 1704 3387 1775 Dionysius
3423 1705 3625 1760 Eccles.

2047 1786 2327 1842 Hieran-It.
2355 1788 2561 1854 ;.Philo
2620 1792 2713 1846 lib.
2770 1792 2848 1847 De
2886 1796 2978 1848 vit.
3017 1796 3341 1866 contempl.;
3392 1796 3628 1853 Sanctus

2046 1879 2386 1950 AUgustinus
2403 1885 2649 1954 epist.56
2671 1903 2686 1953 ;
2712 1886 2995 1946 Ennodius
3024 1890 3060 1945 l.
3087 1892 3462 1961 tn.epist.99;
3494 1895 3625 1964 quin

2044 1984 2099 2030 et
2128 1977 2380 2032 homines
2405 1978 2571 2049 60E.
2593 1978 2708 2043 Dei,
2744 1981 2844 2035 viri
2872 1981 3000 2045 Dei;
3034 1982 3107 2036 ita
3150 1993 3374 2038 sanctus
3404 1986 3628 2039 Alexius

2045 2070 2336 2133 vocitatus,
2373 2079 2426 2124 et
2441 2068 2773 2141 Porphyrius
2809 2074 2863 2127 in
2890 2072 3013 2127 Vita
3035 2076 3209 2129 sancti
3231 2075 3465 2144 Agapiti,
3490 2084 3544 2129 et
3574 2077 3625 2129 in

2045 2156 2321 2228 Martyrol.
2356 2156 2514 2213 Rom.
2546 2158 2616 2212 20
2642 2161 2895 2229 Augusti.
2932 2161 3092 2215 Anno
3123 2161 3260 2216 1658
3294 2161 3491 2215 effossa
3529 2163 3627 2215 luit

2024 2250 2150 2305 sub
2176 2250 2413 2305 statione
2436 2249 2690 2306 Cohortis
2718 2251 3089 2306 Helvetiorum
3119 2253 3382 2323 praetoriae
3411 2255 3462 2306 in
3488 2257 3626 2307 Area

2047 2338 2309 2395 Vaticana
2368 2340 2751 2409 hujuscemodi
2804 2353 2961 2397 vetus
3005 2342 3316 2412 inscriptio,
3365 2357 3525 2412 quam
3558 2342 3624 2395 ad

2044 2448 2248 2487 annum
2290 2433 2497 2488 Christi
2531 2433 2658 2501 403,
2715 2450 2859 2490 coss.
2908 2433 3221 2490 Theodosio
3256 2434 3473 2501 juniore
3515 2436 3627 2504 prl-

2046 2541 2194 2580 mum
2231 2535 2285 2581 et
2312 2525 2660 2592 Rumoridio,
2700 2526 3108 2582 eruditissimus
3140 2525 3456 2581 Holstenius
3481 2536 3627 2579 retu-

2045 2617 2136 2672 lit:
2170 2615 2532 2682 Quintilianus
2577 2618 2729 2671 Itomo
2764 2617 2858 2672 Dei
2910 2619 3235 2684 conﬁrmans
3290 2617 3627 2681 Trinitatem,

2045 2726 2230 2764 amans
2264 2711 2596 2773 castitatem,
2639 2725 2884 2778 respuens
2920 2711 3172 2761 mundum
3198 2709 3481 2778 requiescet
3521 2722 3627 2760 una

2046 2803 2579 2873 cum.......quivixit
2607 2819 2736 2857 ann.
2758 2802 2824 2856 P.
2847 2805 2923 2858 M.
2946 2800 3462 2857 X.......Tlteodosio
3488 2798 3624 2868 Aug.

2044 2905 2095 2949 et
2130 2895 2196 2949 R.
2233 2895 2324 2950 ubi
2354 2895 2506 2950 vides
2535 2894 2801 2949 castitatis
2841 2908 3104 2957 amorem,
3136 2903 3190 2947 et
3221 2891 3409 2946 mundi
3441 2890 3626 2959 deSpi-

356 2982 701 3066 versahatur,
735 2994 998 3041 causatus
1038 2989 1219 3043 saieuli
1254 2991 1577 3060 nequitiam,
1618 3010 1783 3063 quam
1818 3011 1939 3051 cor-

2044 2988 2322 3052 cientiam,
2355 2987 2469 3042 sive
2491 2986 2743 3056 ἄσκησιν,
2785 2994 2839 3041 et
2861 2987 3210 3056 ἐγκράτειαν.
3255 2984 3344 3039 Isti
3377 2983 3628 3039 homines

356 3054 480 3142 ri'gi,
539 3088 603 3126 ae
659 3076 932 3129 emendari
968 3077 1309 3147 desperabat,
1343 3095 1467 3136 eum
1505 3098 1613 3137 non
1641 3094 1803 3150 esset,
1850 3086 1944 3157 qui

356 3162 562 3218 faceret
619 3166 822 3220 bonum
897 3184 1069 3238 usque
1113 3171 1178 3224 ad
1226 3187 1393 3226 unum
1480 3174 1518 3239 ¹,
1565 3187 1619 3229 et
1688 3177 1944 3233 vanitatis

355 3251 569 3308 (iamnon
603 3263 777 3311 terras
815 3257 1068 3326 tudagine
1108 3259 1371 3330 cingeret,
1411 3265 1778 3335 expansisque
1808 3268 1941 3321 reti-

356 3345 460 3400 lius
489 3354 713 3401 cunctos
740 3348 1000 3403 mortales
1022 3349 1391 3421 illaqueassct,
1417 3353 1489 3408 ita
1516 3363 1574 3409 ut
1601 3355 1651 3409 hi
1684 3358 1943 3425 expedire

356 3452 413 3490 se
464 3452 569 3490 non
629 3447 870 3506 possent,
926 3440 1004 3493 uti
1084 3442 1482 3497 monachorum
1544 3446 1943 3514 antesignanus

354 3528 491 3582 alter
515 3537 739 3584 sanctus
770 3530 1043 3584 Antonius
1070 3532 1346 3600 quondam
1394 3534 1624 3599 viderat,
1656 3551 1705 3589 e.
1744 3536 1806 3589 2i
1841 3536 1942 3591 Le-

353 3620 534 3690 gendte
567 3619 760 3673 Claud.
794 3620 857 3675 de
884 3620 1041 3673 Rota.
1088 3623 1354 3690 Agathius
1396 3639 1527 3695 ergo
1593 3625 1939 3682 Peristeriam

354 3713 778 3776 commendavit,
823 3722 879 3767 et
928 3712 1069 3766 hanc
1125 3730 1288 3768 unam
1343 3719 1600 3785 opposuit
1627 3718 1774 3773 vitiis
1835 3720 1941 3774 late

357 3806 729 3860 crescentibus
775 3805 1192 3876 exemplumque
1229 3807 1377 3862 dedit
1406 3826 1420 3874 ;
1450 3814 1626 3880 atque
1678 3811 1817 3866 adeo
1849 3814 1932 3867 di-

357 3894 616 3958 laudavit,
656 3903 714 3948 ut
748 3902 911 3949 tanta:
971 3896 1188 3951 virtutis
1219 3898 1580 3954 admiratione
1642 3904 1929 3970 perculsus

356 3986 510 4042 I\'ilus
535 3988 788 4043 alacriter
839 3997 1127 4044 tractatum
1173 3990 1334 4044 istum
1369 3991 1439 4046 sit
1483 4008 1733 4058 exorsus,
1777 4004 1939 4066 atque

358 4078 672 4151 perfecerit;
720 4079 865 4134 unde
908 4096 939 4134 a
982 4081 1294 4147 Peristcria,
1329 4099 1450 4151 quae
1498 4084 1627 4139 huic
1682 4089 1934 4143 tractatui

355 4188 577 4226 causam
610 4173 904 4241 praebuisse
934 4174 1167 4237 videtur,
1206 4176 1419 4231 titulum
1474 4193 1592 4233 sum
1628 4189 1931 4235 mutuatus.

358 4264 420 4318 Et
477 4264 646 4319 sectio
704 4264 945 4333 quidem,
1009 4283 1170 4336 quam
1210 4276 1392 4321 statuo
1448 4267 1739 4334 decimam,
1795 4273 1935 4340 sapit

2049 3095 2144 3135 seu
2176 3078 2317 3133 servi
2359 3076 2451 3133 Dei
2474 3077 2833 3141 definiuntur,
2861 3076 2953 3146 qui
2979 3074 3045 3129 ad
3077 3074 3270 3129 facient
3315 3073 3629 3139 ministrant

2048 3173 2297 3228 Domino.
2363 3168 2539 3225 llomo
2609 3168 2816 3225 Graecis
2892 3166 3285 3222 recentioribus
3339 3164 3627 3235 ἄνθρωπος

2046 3266 2210 3328 idem,
2242 3264 2336 3335 qui
2368 3277 2580 3318 servus.
2609 3260 2954 3316 Constantin.
2993 3258 3069 3312 De
3088 3258 3396 3311 administr.
3433 3257 3621 3324 imper.

2046 3355 2122 3410 La
2152 3356 2325 3411 Cerda
2362 3371 2411 3409 c.
2445 3354 2567 3407 146.
2602 3371 2655 3408 n.
2692 3354 2779 3407 12.
2827 3352 3113 3407 Adversar.
3146 3367 3288 3404 sacr.
3325 3350 3531 3419 passim
3568 3349 3622 3401 in

2046 3446 2200 3502 libris
2248 3446 2555 3500 feudorum.
2599 3444 2774 3498 llomo
2799 3453 2881 3498 est
2911 3444 3200 3505 vassallus,
3233 3451 3287 3495 et
3324 3440 3623 3496 hominium

2045 3538 2188 3602 inde,
2226 3537 2372 3606 quod
2399 3537 2520 3591 aliis
2571 3535 2884 3603 homagium
2932 3535 3001 3588 ab
3062 3532 3199 3601 ὠμῷ
3246 3532 3409 3601 ἁγίῳ,
3452 3533 3504 3584 id
3543 3539 3626 3585 est

2044 3637 2236 3685 sancto
2264 3625 2627 3697 jurejurando
2668 3625 2924 3678 trahitur.

2118 3717 2514 3787 Sum-ascripta:
2562 3714 2787 3770 decima:
2838 3714 3067 3769 sectioni
3117 3712 3337 3767 adtexui
3398 3710 3628 3766 undeci-

2043 3826 2211 3876 mam,
2248 3809 2336 3863 cui
2385 3808 2575 3863 titulus
2615 3815 2751 3872 erat,
2789 3807 2924 3876 Περὶ
2961 3805 3057 3859 τοῦ
3110 3805 3331 3875 Ἰωσὴφ,
3374 3804 3467 3856 καὶ
3528 3803 3628 3866 τῆς

2045 3902 2331 3963 Σωσάννας
2387 3899 2470 3952 ὅτι
2506 3898 2707 3968 μείζων
2744 3900 2771 3950 ὁ
2797 3897 2892 3950 τοῦ
2938 3896 3136 3965 Ἰωσὴφ
3172 3896 3321 3965 ἁγὼν
3355 3895 3453 3964 τῆς
3488 3893 3631 3946 κατὰ

2041 3994 2140 4064 τὴν
2178 3991 2452 4063 μακαρίαν
2499 3991 2803 4044 Σωσάνναν.
2836 3988 2912 4042 De
2960 3987 3210 4057 Joseplto,
3242 3996 3398 4057 atque
3427 3985 3629 4040 Susan-

2043 4103 2132 4151 na,
2164 4096 2526 4154 certamenque
2576 4084 2739 4152 fuisse
2777 4082 2949 4151 majus
2981 4080 3201 4149 Iosephi
3252 4097 3311 4133 eo
3357 4080 3496 4148 quod
3529 4079 3627 4131 ad-

2042 4194 2217 4232 versus
2270 4177 2473 4230 beatam
2523 4173 2825 4229 Susannam
2853 4183 3149 4240 susceptum
3186 4172 3307 4241 fuit.
3361 4170 3625 4224 Przeterea

2042 4269 2417 4323 duodecimam
2437 4265 2732 4321 sectionem
2757 4264 2976 4334 appiuxi
3003 4282 3015 4317 :
3039 4262 3176 4332 Περὶ
3198 4262 3294 4332 τῆς
3313 4259 3627 4332 παραϐολῆς

338 4354 624 4426 ξορίἔοεξιιιιι
672 4356 914 4431 χοροιτίς,
964 4357 1079 4412 sive
1145 4359 1599 4423 conclusionem;
1663 4362 1933 4415 convertit

2043 4360 2132 4413 τοῦ
2194 4358 2552 4430 ἀμπελῶνος,
2610 4357 2704 4411 καὶ
2754 4355 2862 4411 τῶν
2912 4354 3291 4426 μισθωθέντων
3352 4352 3622 4422 ἐργατῶν,

339 4440 497 4504 'enim
534 4464 653 4505 sese
680 4450 914 4518 scriptor
946 4450 1012 4505 ad
1073 4452 1334 4516 amicum,
1364 4453 1656 4521 Agathium
1706 4455 1931 4509 scilicet.

362 4539 556 4594 Verum
593 4555 716 4593 eum
747 4539 799 4592 in
829 4537 1093 4593 Vaticano
1127 4542 1315 4596 codice
1347 4542 1670 4610 reperisscm
1702 4544 1935 4613 inscrip-

357 4643 472 4687 tum
536 4632 751 4686 titulum
804 4631 877 4685 De
923 4638 1192 4685 beatorum
1274 4636 1697 4701 conversatione,
1778 4637 1938 4706 deque

353 4723 555 4777 diaboli
586 4723 1089 4793 malignitate,illam
1119 4740 1312 4778 nonam
1342 4726 1635 4779 sectionem
1667 4728 1936 4794 posui,et,

356 4826 416 4872 ιιι
448 4818 503 4871 in
533 4818 711 4888 capite
738 4818 773 4871 ’Ξ
804 4818 872 4871 ab
900 4818 1017 4886 ipso
1058 4818 1176 4872 Nilo
1208 4820 1382 4882 innui,
1416 4818 1759 4874 Peristeriam
1787 4836 1937 4876 eam-

353 4910 475 4964 dem
511 4907 768 4962 adnotavi
820 4923 984 4977 quam
1035 4908 1201 4962 variis
1250 4908 1503 4963 alllictam
1554 4910 1835 4975 mrumnis,
1885 4919 1939 4963 et

353 5001 652 5056 exercitam
699 4999 1093 5055 tentationibus
1157 4999 1418 5055 affirmat.
1465 5000 1544 5055 Ad
1594 5000 1740 5055 hunc
1792 5004 1936 5069 Aga-

355 5093 531 5147 thium
567 5091 819 5161 suspicor
851 5092 1108 5161 scriptam
1141 5108 1168 5144 a
1202 5091 1321 5147 Nilo
1355 5093 1641 5162 epistolam
1678 5092 1778 5149 152
1809 5093 1939 5147 Pos-

356 5184 650 5248 sinianam,
682 5184 865 5254 ibique
887 5195 1167 5253 nuncupat
1211 5184 1447 5239 Allatius
1482 5185 1773 5255 Agathium
1823 5186 1939 5239 dia-

358 5289 581 5338 conum,
613 5275 760 5328 illam
804 5275 1090 5345 epistolam
1128 5274 1179 5327 in
1227 5275 1365 5330 duas
1410 5275 1658 5329 dividens
1696 5276 1789 5329 lib.
1851 5290 1935 5329 ιιι.

357 5366 515 5434 epist.
547 5366 654 5421 2l5
676 5374 729 5419 et
753 5365 879 5424 216.
912 5382 1035 5436 qua:
1087 5382 1366 5435 perperam
1422 5367 1474 5420 in
1532 5365 1724 5421 Grarco
1761 5365 1937 5421 Indice

359 5467 681 5511 numeratur
712 5472 808 5526 pro
828 5457 954 5522 216,
987 5473 1110 5510 eum
1146 5458 1214 5509 sit
1240 5458 1468 5526 trajecta
1503 5456 1619 5511 l62.
1657 5457 1842 5527 lhique
1873 5458 1937 5510 de

436 5644 449 5673 ¹
496 5642 634 5697 l‘snl.
664 5658 777 5704 xm,
816 5643 883 5707 5;
920 5640 1059 5697 l’sal.
1094 5657 1187 5696 tu.
1216 5640 1267 5695 ‘2.

2041 4448 2184 4503 κατὰ
2240 4448 2535 4518 διαφόρους
2600 4445 2785 4517 ὧρας,
2854 4445 2933 4499 De
2995 4443 3256 4514 parabole
3307 4443 3504 4506 vincte,
3576 4452 3624 4495 et

2042 4545 2275 4597 mercede
2336 4541 2609 4595 conductis
2681 4540 2935 4608 operariis
2993 4537 3061 4591 ad
3123 4539 3280 4591 horas
3345 4537 3626 4597 diversas;

2041 4636 2512 4705 subsequebantur
2566 4633 2766 4701 quippe
2857 4633 2976 4685 ista:
3049 4628 3172 4682 dum
3218 4628 3627 4682 lucubrationes

2001 4734 2333 4778 tractatum
2378 4721 2702 4785 Peristerim,
2764 4729 2819 4774 ct
2870 4718 3200 4789 appendices
3275 4715 3623 4769 videbantur.

2040 4814 2355 4868 Tractatum
2405 4822 2576 4867 totum
2628 4812 2881 4880 insignivi
2924 4811 3028 4864 hoc
3060 4809 3216 4862 titulo
3244 4807 3430 4862 Greece
3463 4822 3476 4857 :
3513 4804 3623 4858 Τοῦ

2037 4907 2187 4959 ὁσίου
2225 4905 2432 4975 [ἰατρὸς
2454 4905 2611 4975 ἡμῶν
2628 4903 2822 4956 Νείλου
2854 4902 2989 4972 πρὸς
3018 4899 3271 4968 ’Λγαοιον
3300 4898 3622 4966 μονάζοντα,

2042 5001 2147 5055 Sed
2209 4999 2359 5052 illum
2415 4999 2578 5053 latius
2636 4996 2867 5065 expandi
2911 4995 3133 5048 Latine:
3188 4992 3373 5048 Sancti
3439 4990 3623 5044 Patris

2041 5094 2208 5147 nostri
2296 5089 2412 5155 Nili
2515 5090 2585 5142 ad
2657 5088 2941 5159 Agat/tium
3036 5086 3385 5139 monasticam
3462 5085 3624 5137 vitam

2039 5195 2275 5256 agentem
2352 5182 2661 5246 Peristeria,
2736 5197 2825 5233 seu
2916 5178 3195 5233 Tractatus
3260 5178 3322 5230 de
3412 5178 3625 5230 virtuti-

2041 5281 2134 5331 bus
2164 5276 2485 5341 excolendis,
2517 5285 2565 5329 et
2603 5274 2747 5327 uitiis
2776 5272 3039 5343 fugiendis
3067 5270 3301 5340 exemplo
3326 5269 3624 5324 Peristeria:

2040 5371 2352 5424 clarissima:
2403 5386 2461 5421 ro
2507 5366 2700 5423 uacula
2764 5367 2996 5437 (erilium.
3036 5364 3092 5419 ln
3144 5366 3452 5430 sectioncs,
3508 5364 3624 5418 sive

2040 5466 2300 5535 τμήματα
2329 5480 2397 5517 χιι
2445 5459 2827 5516 ιιὶι·ἰδί.ῐίὶηιιι
2857 5460 3098 5514 continet
3149 5459 3324 5529 capita
3374 5475 3465 5513 sex
3522 5473 3618 5511 eru
