3990 6204
424 199 554 271 1331

1347 209 1492 269 JOS.
1544 211 1808 271 mare
1845 179 2200 272 suanssn
2243 213 2748 275 DISSERTATIO'

3553 201 3704 267 1332

418 319 823 384 Praefationem,
863 318 1103 374 secunda
1158 322 1224 374 de
1274 325 1635 393 temperantia
1668 326 1781 381 sive
1835 327 2004 381 ahsti-
2038 333 2080 391 Α
2113 325 2272 385 nibus
2306 331 2597 402 egentibus
2657 326 3009 398 suppeditans
3063 324 3350 382 auxilium.
3391 335 3500 374 non
3527 336 3713 375 cessa-

416 411 624 475 nentia,
663 424 786 477 cap.
836 409 1110 478 quinque;
1163 411 1320 466 tertia
1368 415 1433 466 de
1489 429 1627 467 vana
1679 416 1884 485 gloria,
1920 432 2012 470 ca-

417 500 527 568 pita
567 498 711 578 tria;
745 507 939 566 quarta
969 499 1036 552 de
1064 498 1320 565 lectione,
1349 513 1402 556 et
1441 506 1708 568 oratione,
1739 522 1858 575 cap.
1892 523 2013 576 scp-

425 588 754 653 temdecim;
797 589 1173 658 quinta,quod
1218 593 1415 648 animae
1463 597 1761 650 amantium
1790 597 2013 652 divitias

423 678 548 732 vitae
579 677 792 746 cupidae
819 695 964 748 aegre
991 681 1117 735 hinc
1160 682 1493 740 divelluntur
1523 685 1577 739 in
1621 686 1755 739 liora
1784 688 1974 740 mortis
2000 727 2012 750 ,

422 785 544 838 cap.
582 771 720 835 tria;
755 781 930 838 sexta,
966 773 1110 842 quod
1142 776 1338 829 merito
1360 777 1688 846 puniuntur,
1719 778 1811 846 qui
1844 775 2015 831 facul-

423 870 566 915 tates
594 863 904 932 promiscue
931 866 1348 937 quibuscunquc
1377 868 1710 938 relinquunt,
1731 885 1850 939 cap.
1877 871 2017 934 duo;

426 957 656 1024 septima
690 955 890 1018 dehis,
922 957 1014 1026 qui
1047 957 1098 1010 in
1139 967 1383 1027 tempore
1438 959 1631 1013 mortis
1668 961 1872 1014 nullam
1904 975 2019 1014 suae

429 1047 620 1102 salutis
648 1061 836 1102 curam
887 1048 1110 1112 habent,
1145 1048 1239 1102 sed
1285 1059 1336 1103 et
1365 1059 1692 1104 testamenta
1724 1051 2023 1105 scribentes

427 1139 623 1206 jubere
675 1153 734 1193 se
773 1137 964 1192 dicunt
1019 1138 1088 1192 de
1119 1140 1202 1193 his
1253 1155 1488 1208 quorum
1541 1151 1863 1210 potestatem
1915 1157 2023 1195 non

433 1231 654 1296 habent,
697 1244 819 1299 cap.
857 1231 1148 1295 undecim;
1205 1240 1396 1286 octava
1434 1233 1499 1287 de
1530 1224 1857 1296 haercdibus,
1904 1249 2024 1303 cap.

433 1336 602 1374 unum
627 1337 642 1383 ;
670 1336 835 1384 nona,
857 1322 1170 1390 suggillatio
1198 1338 1414 1385 eorum,
1434 1325 1525 1392 qui
1555 1331 1873 1379 testamenta
1895 1326 2030 1379 scri-

431 1409 590 1470 bunt,
630 1423 749 1476 cap.
781 1407 1004 1474 decem;
1051 1409 1264 1464 decima
1318 1410 1391 1464 de
1427 1412 1712 1466 beatorum
1743 1428 2033 1468 conversa—
2079 1431 2082 1436 ·

435 1501 605 1566 ιίλυρ,
649 1515 772 1570 cap.
822 1511 1060 1570 septem;
1108 1499 1392 1556 undecima
1474 1517 1592 1571 cap.
1665 1502 1854 1573 viginti
1895 1503 2031 1567 tria;

435 1607 676 1661 quorum
711 1592 996 1662 aliquibus
1027 1593 1168 1646 tituli
1201 1600 1332 1647 sunt
1359 1592 1640 1663 impositi;
1681 1592 2029 1657 duodecima,

440 1698 563 1752 cap.
600 1682 881 1737 tredecim.
1191 1697 1196 1700 ·

508 1770 848 1841 Opusculum
875 1770 980 1826 Nili
1012 1772 1182 1826 locavi
1215 1773 1466 1838 subinde,
1499 1773 1642 1842 quod
1679 1773 2032 1828 inscribitur:

439 1863 585 1935 Πρὸς
680 1865 778 1933 τὴν
842 1865 1397 1934 σεμνοπρεπεστὰτην
1466 1865 1692 1933 Μὰγναν
1769 1865 1870 1934 τὴν
1921 1866 2039 1920 διά·

443 1973 598 2009 κονον
645 1954 936 2026 Ἀγκύρας.
969 1955 1137 2024 Λόγος
1164 1956 1291 2025 περὶ
1329 1957 1734 2027 ἁκτημοςύνης.
1778 1957 1860 2010 Ad
1896 1963 2048 2012 rene.

445 2049 651 2102 ratione
699 2047 1066 2116 dignissimam
1135 2046 1388 2116 Magnam
1445 2048 1804 2102 diaconissam
1854 2050 2039 2117 Ancy-

447 2152 555 2202 ηε,
601 2145 860 2190 tractatus
900 2135 962 2189 de
1009 2136 1310 2190 uoluntaria
1353 2147 1698 2206 paupertate,
1747 2138 1864 2193 sive
1908 2137 2042 2192 nihil

449 2227 798 2294 possidendo.
833 2225 1170 2296 Principium
1197 2225 1388 2298 πρώην
1429 2226 1779 2298 μέν.ιΝιῳοι·
1809 2228 2040 2298 quidem.

447 2317 697 2390 Magnam
731 2319 920 2373 vocavi
949 2333 1056 2372 non
1091 2318 1446 2388 Magnesiam,
1483 2329 1710 2375 secutus
1741 2319 2037 2375 Vaticanus

449 2412 668 2467 codices
692 2410 796 2466 655
823 2421 875 2466 et
908 2411 1066 2476 1454,
1087 2419 1142 2464 et
1169 2409 1668 2482 lleracliileaaos
1695 2411 1748 2465 in
1777 2409 2043 2465 Pal-adiso

449 2505 622 2567 c.'55,
658 2521 753 2560 seu
787 2503 1090 2558 Palladium
1118 2504 1172 2557 in
1207 2502 1410 2557 Ilistar.
1437 2503 1703 2557 Lunsiaca
1725 2519 1776 2559 c.
1805 2505 1928 2569 151,
1953 2505 2044 2572 qui

453 2597 704 2667 Magnam
738 2605 980 2661 vocant;
1031 2607 1085 2650 et
1114 2595 1390 2651 Palladius
1428 2595 1648 2665 quidem
1709 2595 1806 2649 lib.
1839 2609 1934 2648 vni
1971 2595 2047 2649 De

453 2689 548 2741 ait.
583 2685 827 2751 Patrum,
857 2687 1062 2742 relatus
1093 2704 1144 2758 p.
1177 2690 1299 2754 776,
1327 2689 1407 2741 sic
1435 2687 1629 2742 habet:
1673 2705 1692 2737 ι
1725 2685 1780 2740 In
1823 2685 2044 2740 civitate

456 2781 671 2847 Ancyra
705 2777 830 2848 (est
859 2795 924 2834 ea
967 2781 1300 2849 metropolis.
1323 2780 1552 2834 Galatiae
1583 2780 1636 2833 in
1672 2779 1801 2834 Asia
1840 2778 2049 2833 Minore

456 2869 815 2924 celeberrima
851 2870 1058 2940 synodo
1106 2870 1239 2924 inibi
1277 2871 1460 2925 habita
1521 2886 1664 2924 anno
1708 2871 1770 2924 (3.
1814 2868 1877 2922 N.
1919 2869 2047 2933 514,

457 2962 574 3018 sive
639 2970 696 3016 ut
751 2962 1088 3031 Rosweydus
1153 2962 1226 3016 ibi
1263 2963 1483 3016 adnutat
1522 2979 1554 3016 e
1611 2978 1743 3028 ms.,
1799 2962 2048 3018 Ctnsarea

458 3052 818 3122 Cappadocia:
865 3068 918 3122 p.
969 3053 1107 3122 799.)
1165 3062 1294 3108 sunt
1365 3053 1549 3106 multa:
1618 3053 1836 3120 quidem
1927 3053 2047 3108 alite

459 3145 699 3212 virgines
726 3185 740 3210 ,
794 3160 988 3214 nempe
1019 3145 1086 3199 ad
1118 3146 1302 3199 decem
1347 3144 1513 3197 millia
1552 3144 1696 3215 (duo
1733 3144 1899 3198 millia
1948 3144 2049 3199 lle-

463 3237 652 3290 raclidi
701 3246 754 3290 et
805 3238 1069 3306 amplius)
1110 3253 1232 3306 qum
1281 3231 1627 3299 exercentur,
1678 3247 1732 3290 ct
1781 3237 1834 3290 in
1899 3237 2050 3291 onmi

463 3329 682 3382 virtutis
716 3328 1063 3384 institutione
1094 3330 1345 3390 militant,
1403 3344 1706 3396 omnesque
1740 3339 2051 3397 temperan~

467 3423 558 3475 tia:
588 3419 800 3489 legibus
861 3421 1022 3474 clarae
1053 3431 1108 3474 et
1142 3421 1383 3491 insignes
1435 3419 1670 3484 feminaa,
1702 3428 1756 3472 et
1807 3421 2052 3474 divinum

467 3524 742 3568 certamen
781 3513 963 3567 studio
1017 3529 1216 3583 magno
1279 3521 1664 3582 exsequentes,
1721 3512 1860 3566 inter
1915 3528 2055 3582 quas

469 3605 832 3676 principatum
863 3606 1073 3658 obtinet
1105 3605 1157 3657 in
1195 3605 1394 3674 pietate
1430 3603 1626 3672 Magna
1662 3604 2054 3660 honestissima

470 3694 672 3750 femina
727 3704 782 3748 et
841 3696 1194 3764 probissima,
1228 3711 1390 3762 quam
1421 3695 1607 3750 nescio
1649 3697 1778 3765 quid
1820 3697 1921 3751 sim
1957 3713 2057 3751 no-

470 3785 802 3846 minaturus,
857 3783 1146 3852 virginem,
1181 3801 1247 3836 an
1283 3784 1552 3837 viduam?
1583 3800 1614 3839 a
1653 3792 1828 3838 matre
1859 3785 2058 3855 quippe

475 3891 568 3943 per
603 3875 710 3927 vim
740 3875 856 3928 viro
899 3875 1213 3943 conjuncta,
1262 3891 1384 3928 cum
1433 3884 1616 3929 tamen
1655 3874 1846 3930 fefellit
1894 3876 2060 3931 variis

473 3967 726 4020 inescans
756 3966 1202 4032 dilationibus,et
1223 3968 1468 4036 corporis
1493 3968 1712 4022 morbos
1735 3977 2056 4036 praetexens,

474 4073 504 4108 a
553 4055 926 4124 cOrruptionis
959 4056 1088 4110 vitio
1127 4056 1336 4126 integra
1391 4067 1444 4112 et
1504 4059 1706 4114 iniacta
1739 4058 2059 4127 permansit,

476 4159 537 4204 ut
563 4150 754 4206 dicunt
797 4151 918 4218 ejus
953 4151 1285 4217 necessarii;
1335 4167 1570 4220 cumque
1605 4152 1766 4220 paulo
1799 4161 1922 4220 post
1967 4153 2062 4206 de-

475 4242 735 4296 cessisset
781 4243 902 4310 ejus
957 4243 1207 4308 maritus,
1265 4245 1509 4298 omnium
1561 4245 1724 4298 simul
1779 4245 1918 4298 faeta
1981 4254 2064 4299 est

2111 863 2233 929 non
2298 891 2460 930 sensu
2503 892 2514 926 :

2119 423 2209 475 bat
2245 421 2494 476 hilariter
2536 419 2836 490 dispartiri,
2889 428 2941 472 et
2991 415 3205 485 Operari
3237 415 3491 481 pietatem
3523 411 3711 465 late-

2118 520 2222 574 ter,
2281 519 2335 564 ct
2390 526 2483 580 per
2537 525 2618 574 se,
2675 517 2729 563 et
2787 523 2882 577 per
2942 521 3131 562 servos
3184 503 3591 557 fidelissimos:
3645 499 3715 555 ab

2123 601 2357 656 coelesia
2390 617 2497 654 non
2529 599 2808 666 recedens,
2841 608 3008 654 noctu
3051 597 3309 661 maxime,
3347 595 3399 648 in
3451 594 3718 648 omnibus

2121 707 2385 748 exercens
2414 707 2472 747 se
2495 701 2714 762 propter
2736 704 2886 758 spem
2916 689 3059 758 ejus,
3084 703 3208 757 quae
3238 701 3362 741 vero
3391 694 3494 752 est,
3528 686 3713 738 vine.-

2123 781 2190 837 Et
2246 782 2436 837 eadem
2483 779 2798 836 Heraclides
2845 779 3028 833 verbis
3053 777 3333 848 paululum
3383 775 3718 840 immutatis,

2576 872 2780 943 Magnae
2832 886 3030 926 nomen
3095 869 3358 924 Romanis
3419 875 3720 927 notum.et

2129 969 2448 1028 usurpatum
2503 956 2622 1019 fuit,
2656 967 2709 1010 et
2747 952 2961 1022 Magnia
3005 952 3204 1008 Urbica
3261 949 3518 1004 Maxentii
3569 952 3716 1018 Aug.

2131 1067 2290 1115 uxor,
2331 1051 2472 1120 apud
2506 1047 2895 1119 Spanhemium
2943 1045 2995 1098 in
3038 1043 3318 1110 Nummis;
3350 1052 3399 1096 et
3439 1043 3494 1095 in
3524 1041 3722 1094 inscri-

2130 1145 2315 1215 ptione
2349 1143 2616 1205 Romana,
2646 1141 2698 1191 in
2722 1138 2846 1192 villa
2879 1134 3092 1190 Felieiae
3131 1133 3508 1186 Pallavieinte:
3535 1131 3602 1183 D.
3641 1129 3718 1183 ιι,

2135 1231 2353 1304 Magnia
2385 1227 2557 1303 Tyche
2592 1230 2712 1300 fecit
2743 1229 2845 1283 sibi
2871 1237 2918 1280 et
2945 1226 3088 1279 Itaris
3118 1225 3225 1278 suis
3251 1221 3311 1276 Τ.
3340 1222 3558 1291 Magnio
3582 1227 3725 1289 Ang-

2133 1337 2244 1382 ceto
2267 1339 2316 1380 et
2341 1325 2401 1378 T.
2435 1324 2649 1393 Magnio
2674 1307 2950 1390 Eutycltio,
2973 1328 3021 1370 et
3049 1315 3115 1382 ρ.
3143 1314 3302 1368 Tillio
3326 1310 3616 1382 Figuliana
3639 1317 3725 1364 be-

2136 1415 2536 1476 nemcrentibus,
2568 1421 2615 1465 et
2647 1410 2894 1472 Libertis,
2929 1404 3364 1472 Libertabusque,
3396 1403 3724 1472 posterisque

2135 1521 2315 1560 eorum
2356 1502 2430 1556 11".
2456 1499 2535 1554 Μ.
2562 1499 2629 1552 D.
2670 1497 2748 1553 Μ.
2801 1496 2866 1548 Α.
2905 1494 2982 1564 (id
3017 1503 3122 1548 est.
3161 1511 3174 1546 :
3213 1490 3352 1544 Huic
3388 1498 3724 1542 monumenta

2139 1597 2288 1652 dolus
2322 1595 2491 1649 malus
2545 1591 2767 1659 abesto.)
2816 1585 2950 1642 Item
2995 1591 3050 1642 Τ.
3083 1583 3310 1640 Claudio
3342 1581 3647 1645 Hanorato,
3677 1590 3722 1633 et

1988 1734 1990 1736 τ
2063 1659 2108 1722 Β
2140 1691 2381 1746 Claudia:
2400 1686 2674 1742 Marcella:
2703 1681 2890 1738 amicis
2917 1677 3240 1750 ﬁdelissimis
3259 1692 3384 1729 vasa
3405 1673 3724 1728 obrendaria

2138 1784 2270 1846 dna,
2304 1782 2428 1834 item
2457 1777 2681 1832 olicaria
2711 1776 2816 1828 tria
2847 1770 3231 1827 introeuntibus
3251 1778 3400 1837 parte
3427 1769 3719 1820 dextera...

2139 1875 2384 1942 orefecit,
2437 1881 2486 1923 et
2546 1867 2780 1922 donavit.
2845 1861 3178 1918 Obrendaria
3239 1860 3469 1924 corbes,
3524 1858 3721 1928 quibus

2142 1964 2413 2021 vindemia
2454 1961 2717 2022 defertur,
2769 1958 2912 2027 apud
2945 1953 3283 2008 Lombardos
3306 1951 3412 2006 dici
3442 1951 3652 2012 solent,
3675 1961 3723 2003 et

2142 2059 2285 2114 dolia
2319 2054 2548 2118 vinaria,
2580 2068 2674 2108 seu
2706 2065 2878 2120 cupas.
2907 2049 3271 2103 Nominantur
3301 2037 3354 2098 in
3379 2043 3721 2097 Gruteriauis

2145 2147 2599 2218 inscriptionibus
2641 2141 2841 2212 Magna
2906 2138 3115 2201 Ironia,
3167 2137 3415 2206 Ma'gneia
3459 2133 3723 2204 jucunda,

2143 2241 2439 2311 Magnesia,
2471 2233 2688 2306 Magnia
2725 2233 2786 2287 Τ.
2826 2233 2890 2286 L.
2913 2232 3106 2299 Melite,
3146 2229 3477 2295 Maximiola,
3534 2227 3724 2290 Statis,

2145 2343 2199 2389 et
2239 2331 2297 2386 S.
2330 2327 2598 2399 Magnilus
2633 2327 2715 2380 bis
2772 2335 2960 2392 terque
2992 2323 3456 2377 eomme‘mnratur
3503 2319 3560 2372 in
3595 2317 3728 2397 Pila:-

2147 2423 2418 2497 tyr010gio
2466 2421 2688 2474 Lucano
2735 2417 2804 2471 ab
2831 2414 3282 2484 eloquentissimo
3319 2421 3376 2466 et
3409 2410 3727 2466 doctissimo

2146 2514 2506 2572 Florentinio.
2553 2511 2593 2564 A
2657 2508 2856 2578 Magna
2912 2505 3094 2560 vocari
3156 2503 3336 2573 potuit
3394 2500 3638 2570 Magnia,
3684 2508 3728 2552 et

2151 2605 2418 2675 Magnisia
2456 2612 2508 2657 et
2541 2597 2876 2669 Magnisilla,
2919 2610 3013 2650 seu
3045 2594 3313 2663 Magnesia
3342 2599 3397 2646 et
3424 2590 3731 2660 Magnesilla

2150 2695 2608 2769 ὑποκοριστικῶς.
2635 2693 2695 2746 Ui
2727 2689 2837 2760 γὰρ
2868 2686 3102 2758 ἐρῶντες
3140 2683 3363 2737 εἰώθασι
3405 2683 3571 2752 606
3611 2681 3729 2741 τῡῦς

2149 2791 2464 2863 ἐρωμένους
2483 2783 2762 2858 ὲρῳτικῶς
2781 2780 2848 2834 δι’
2872 2777 3263 2848 ὑποκορισμῶν
3280 2775 3488 2838 καλεῖν,
3515 2791 3543 2828 e
3566 2772 3731 2826 Suida

2152 2885 2205 2937 in
2240 2880 2540 2952 εὑριπίδιον
2563 2893 2575 2907 ·
2610 2878 2683 2930 ita
2723 2872 2992 2928 Romulus
3043 2879 3097 2924 et
3124 2867 3462 2938 Augustulus
3511 2865 3732 2918 delicia-

2075 3002 2118 3056 ρ
2154 2988 2274 3027 rum
2303 2982 2469 3024 causa
2501 2975 2555 3020 et
2607 2961 3018 3024 blanditiarum,
3057 2960 3110 3012 in
3157 2957 3357 3026 quibus
3402 2953 3734 3009 diminutivis

2155 3059 2384 3116 Rotuani
2417 3058 2676 3126 majestas
2712 3053 2922 3122 imperii
2955 3051 3057 3106 fuit
3089 3050 3355 3105 diminuta
3387 3047 3474 3118 (‘).
3506 3046 3583 3100 De
3621 3045 3734 3099 dia-

2153 3153 2384 3210 conissis
2424 3151 2546 3204 fuse
2594 3148 2646 3200 in
2677 3147 2770 3200 lib.
2821 3141 3260 3211 Lexicographo,
3309 3139 3482 3213 deque
3548 3153 3737 3206 σεμνο-

2154 3241 2538 3314 πρεπεστὰτης
2600 3237 2862 3306 epitheto.
2927 3232 3215 3287 Tractatus
3263 3232 3365 3285 iste
3423 3237 3738 3283 numeratur

2157 3334 2429 3390 secundus
2471 3332 2523 3384 in
2570 3329 2762 3382 codice
2791 3324 3055 3379 Vaticano
3085 3323 3246 3385 1454,
3282 3320 3420 3374 unde
3469 3317 3740 3386 subsequi

2156 3443 2279 3480 cum
2313 3423 2586 3480 decuisset
2624 3427 2916 3472 tractatum
2950 3415 3025 3469 De
3049 3413 3349 3467 mouastica
3380 3409 3739 3463 exercitatio-

2159 3532 2256 3580 ne,‘
2299 3524 2357 3569 ut
2415 3513 2588 3583 prima
2640 3509 2802 3564 verba
2836 3507 3078 3561 indicant
3125 3504 3311 3559 etiam.
3350 3501 3410 3555 At
3455 3501 3509 3553 in
3545 3499 3742 3554 codice

2159 3587 2462 3661 Barbcrino
2500 3619 2605 3656 ms.
2664 3611 3042 3668 compererant
3097 3604 3224 3663 post
3251 3593 3422 3657 illurn,
3453 3601 3740 3645 tractatum

2159 3699 2227 3754 de
2259 3695 2553 3750 virtutibus
2603 3701 2658 3746 et
2701 3690 2846 3744 vitiis
2878 3690 3146 3743 directum
3182 3687 3248 3739 ad
3291 3683 3578 3756 Agathium
3602 3725 3618 3748 ,
3652 3698 3740 3736 seu

2159 3787 2535 3850 Peristeriam,
2568 3783 2812 3853 ideoque
2839 3779 3068 3844 inserui,
3116 3778 3308 3847 religio
3340 3789 3576 3846 namque
3615 3774 3741 3826 mihi

2161 3883 2264 3938 fuit
2315 3881 2563 3934 ordinem
2619 3875 2935 3946 scriptionis
2970 3875 3023 3928 in
3068 3873 3310 3928 editione
3343 3886 3452 3924 non
3505 3883 3740 3924 servare.

2175 3971 2587 4044 Ἀκτημοσύνην
2621 3969 2917 4039 potuissem
2957 3975 3163 4020 vertere
3190 3980 3315 4018 eum
3347 3961 3620 4017 Cassiano
3650 3974 3744 4012 nu-

2163 4068 2385 4122 ditatem
2410 4079 2611 4128 rerum,
2647 4062 2728 4116 vel
2756 4059 3040 4115 enuntiare
3072 4059 3264 4112 Latino
3293 4055 3563 4111 vocabulo
3589 4053 3742 4106 Acte-

2169 4171 2477 4222 tnosvnem,
2495 4154 2587 4208 sed
2605 4150 2941 4221 expressisse
2965 4148 3288 4203 concinnius
3307 4145 3610 4199 arbitratus
3633 4156 3744 4198 sum

2171 4249 2539 4306 voluntariam
2568 4252 2969 4316 paupertatem,
3004 4257 3102 4296 seu
3136 4239 3272 4294 nihil
3304 4237 3615 4308 possidere.

477 4335 649 4387 lnercs
681 4333 862 4394 unica,
949 4343 1004 4386 et
1029 4335 1419 4402 temporalibus
1448 4345 1794 4390 comrnutans
1842 4345 2064 4402 ,λειω-ηδ,
2100 4343 2146 4399 D
2243 4341 2456 4410 Excipit
2483 4345 2776 4419 tractatum
2807 4336 2952 4387 hunc
2975 4333 3042 4387 dc
3066 4339 3382 4401 paupertate
3426 4327 3650 4389 Ἠθικὸς
3673 4324 3751 4419 λεξ-

477 4423 591 4478 Dco
621 4435 786 4479 totam
836 4427 1072 4494 soipsam
1123 4425 1342 4490 obtulit,
1379 4441 1592 4480 summe
1646 4442 1832 4480 curam
1867 4442 2064 4496 gerens

478 4515 605 4570 vitae
661 4533 782 4592 qum
811 4532 1026 4585 semper
1057 4525 1258 4580 manet,
1293 4517 1410 4571 suis
1439 4516 1656 4571 famulis
1681 4516 2068 4570 honestissime

478 4604 778 4671 imperans,
830 4605 1033 4673 degens
1068 4603 1610 4669 lahoriosissime,‘ct
1644 4617 1808 4671 agens
1852 4603 2066 4671 plenam

480 4695 896 4763 temperantiam
948 4696 1362 4757 monachorum.
1412 4695 1465 4753 in
1517 4710 1809 4763 congressu
1843 4704 1950 4748 tam
1982 4709 2069 4749 se-

483 4799 632 4850 vera,
678 4796 737 4838 ut
787 4786 965 4854 ipsum
999 4786 1119 4856 ejus
1177 4797 1454 4856 aspectum
1503 4795 1879 4840 revererentur
1905 4786 2066 4840 etiam

481 4877 928 4933 excellentissimi
958 4877 1203 4949 episc0pi
1237 4887 1456 4947 pmptcr
1484 4877 1753 4946 illSlgltt'tll
1791 4879 2070 4946 pietatem,

484 4985 550 5024 ac
577 4970 914 5040 religionem.
958 4973 1135 5041 Atque
1180 4975 1297 5042 ipsa
1326 4971 1544 5041 quidem
1604 4982 2069 5040 Supervacaneum

485 5071 540 5114 et
566 5063 790 5116 nimiam
809 5079 973 5133 apum
995 5069 1279 5120 materiam
1305 5064 1641 5134 paupertatis
1667 5065 1788 5132 igne
1819 5077 2073 5118 consum-

491 5154 634 5222 psit;
673 5171 796 5224 qute
843 5166 1022 5210 autem
1061 5167 1387 5226 supererant
1435 5174 1494 5211 ca
1515 5157 1797 5212 constituit
1841 5157 1906 5210 ad
1945 5156 2074 5210 sub-

493 5247 945 5301 ministrationem
1001 5250 1370 5314 monasteriis,
1427 5249 1698 5315 ecclesiis,
1747 5248 2076 5316 pauperibus

495 5341 925 5407 transeuntibus,
965 5341 1256 5412 episcopis,
1305 5343 1587 5410 orphanis,
1639 5341 1840 5405 viduis,
1877 5350 1928 5396 et
1961 5358 2076 5396 om-

2172 4451 2290 4506 γος,
2341 4433 2434 4486 καὶ
2477 4415 2812 4496 πολξδμερὴς,
2849 4427 2908 4477 ὲν
2970 4417 3316 4491 ᾧνουθεσὶαι
3364 4415 3751 4488 πνευματικοὶ,

2176 4529 2228 4584 id
2259 4536 2341 4582 est
2376 4515 2658 4580 Tractatus
2686 4518 2926 4582 moralis,
2955 4525 3004 4571 et
3050 4514 3400 4583 multifarius,
3431 4513 3487 4566 in
3519 4528 3627 4580 quo
3657 4509 3754 4576 spi-

2177 4618 2397 4673 rituales
2417 4624 2539 4670 sunt
2559 4613 2986 4672 admonitiones;
3018 4614 3072 4658 et
3099 4602 3368 4672 capitibus
3393 4609 3640 4668 quatuor
3664 4596 3753 4648 ab-

2177 4710 2430 4762 solvitur.
2474 4706 2808 4775 Prineipium
2867 4708 2948 4753 est
2995 4694 3330 4765 πολυμερὴς,
3363 4691 3458 4744 καὶ
3498 4687 3757 4756 πολύτρο-

2179 4818 2280 4864 tto;
2313 4799 2625 4870 πρόκειται.
2667 4798 2780 4851 lloc
2810 4791 3136 4865 cpusculum
3160 4794 3252 4844 "est
3299 4783 3458 4856 quasi
3487 4782 3690 4837 concio
3711 4787 3758 4833 et

2179 4892 2503 4948 admonitio.

2253 4985 2428 5038 Erunt
2465 4982 2559 5052 qui
2603 4989 2792 5052 putent
2833 4994 2918 5033 me
2974 4985 3154 5032 actum
3209 4972 3408 5041 egisse,
3439 4968 3569 5039 quia
3611 4967 3758 5019 Ἐπι-

2182 5078 2381 5147 κτὴτου
2412 5073 2750 5145 ἐγχειρίδιον,
2782 5087 2876 5126 seu
2925 5068 3226 5123 Manualctn
3287 5066 3482 5117 librum
3515 5057 3754 5128 Epicteti.

2175 5165 2332 5235 quasi
2363 5163 2622 5217 crambcn
2653 5167 2925 5214 recoctam
2961 5155 3169 5210 intexui
3201 5151 3304 5205 Nili
3333 5147 3636 5220 opusculis,
3662 5159 3758 5235 nec

2179 5232 2371 5328 ignoro
2429 5251 2726 5323 abjudicari
2778 5249 2900 5302 Nilo
2945 5247 3104 5302 istam
3143 5243 3616 5302 lucubrationem;
3670 5232 3756 5288 sed

2178 5351 2268 5421 qui
2303 5347 2704 5418 pt'tecipitantcr
2743 5341 2913 5396 tulere
2945 5339 3269 5396 sententiam
3319 5335 3499 5397 istam,
3546 5345 3612 5384 ne
3637 5335 3756 5397 qu:-

668 5563 796 5619 V'lalc
849 5567 882 5617 !.
926 5570 956 5620 73
988 5571 1045 5624 (ὲ.
1108 5569 1313 5623 "fbeod.
1347 5568 1414 5621 De
1442 5570 1534 5636 [ἐι-ἕ.
1569 5578 1613 5621 cl
1649 5570 1762 5637 jnr.
1799 5569 1931 5620 ltllSl.
1977 5581 2020 5622 rt

2187 5574 2356 5644 Epist.
2422 5571 2734 5643 Symmarh.
2786 5568 2881 5622 lib.
2945 5584 3009 5631 v,
3068 5564 3140 5618 Ile
3207 5559 3468 5631 .lfagttillo
3555 5550 3758 5606 l'iratio

503 5630 715 5712 ἐξελέξω.
