3990 6204
395 241 530 307 1333

1610 256 1706 316 DE
1746 260 2124 321 OPERIBUS
2166 267 2224 322 S.
2267 265 2450 326 Nl‘lJ.

3503 271 3633 342 1334

390 353 510 455 dem
539 370 601 406 ex
641 355 918 410 breviculo
965 356 1268 427 recitalam,
1305 363 1348 417 si
1382 364 1745 435 dispexissent
1792 384 1954 428 atten-
1997 381 2040 436 Α
2073 379 2238 445 cium,
2270 388 2365 434 aut
2392 379 2563 450 Pugio
2600 395 2660 433 ρει
2705 379 2809 446 bis,
2848 399 2966 451 qum
3013 385 3298 455 reliquerat
3335 387 3631 451 Epictetus.

392 443 497 496 tius
538 445 668 498 illud
699 461 838 516 opus
878 465 907 502 a
955 451 1078 506 Nilo
1123 456 1424 522 cuneisum,
1481 469 1534 512 et
1583 461 1962 533 interpolatum

389 545 500 588 tam
550 549 820 604 accurate,
869 540 1030 595 sicuti
1067 546 1400 626 przescripsi,
1457 549 1580 606 Nilo
1613 555 1800 626 utique
1841 557 1965 626 jure

391 627 778 684 vindicassent.
811 630 942 686 Nam
975 649 1099 688 cum
1129 634 1356 706 Epicteti
1380 642 1513 698 liber
1537 643 1695 702 fusus
1726 661 1890 713 esset,
1911 663 1965 706 et

389 716 646 786 copiosus
713 721 1080 793 liberiorque“
1117 729 1192 781 uti
1227 744 1558 802 compertum
1595 739 1795 796 habent
1841 747 1962 813 qui-

389 822 606 877 cunque
637 810 992 868 illustrissimi
1051 817 1466 893 doctissimique
1515 827 1776 898 Stephani
1830 810 1960 890 Cra-

389 897 463 950 dii
497 899 738 954 codicem
769 913 1051 958 exaratum
1085 909 1318 976 calamo,
1347 923 1400 967 et
1428 897 1837 990 perantiquum,
1871 942 1964 996 np-

390 990 534 1043 tima:
588 991 668 1060 (si
709 994 834 1061 quis
883 995 1020 1050 alius
1047 1000 1163 1066 est)
1217 1013 1376 1070 notre,
1427 1015 1479 1060 et
1533 1024 1724 1066 aurum
1777 990 1962 1070 contra

389 1082 768 1136 :estimandum
827 1087 1232 1156 pervolverunt,
1293 1104 1346 1149 et
1405 1111 1529 1152 cum
1598 1102 1756 1157 editis
1811 1106 1964 1162 libris

387 1185 778 1237 compararunt
816 1191 828 1226 :
862 1177 1014 1230 illum
1087 1179 1310 1249 Epicteti
1361 1169 1780 1246 Commentariis
1851 1197 1964 1252 suis

391 1263 680 1317 illustravit
717 1265 881 1320 fctum
914 1267 1176 1327 Arrianus
1204 1274 1423 1330 Adriani
1477 1279 1701 1350 Augusti
1735 1287 1826 1354 qui
1852 1303 1965 1343 τιενο

389 1351 586 1409 florens
615 1356 932 1424 παράπλους
960 1363 1308 1432 conscripsit,
1349 1379 1400 1423 et
1448 1351 1764 1429 Alexandri
1787 1377 1962 1449 Magni

394 1442 603 1511 Vitam;
662 1462 838 1518 neque
877 1465 1006 1506 vero
1051 1452 1350 1512 libellulum
1409 1461 1582 1528 illum,
1628 1468 1720 1534 qui
1762 1442 1962 1537 passim

391 1535 640 1590 manibus
691 1541 934 1594 omnium
985 1547 1192 1611 teritur,
1252 1553 1406 1619 quasi
1441 1570 1582 1610 veran
1625 1535 1820 1616 Stoica:
1847 1563 1966 1632 phi-

391 1624 652 1695 l050phizn
711 1645 911 1686 succus
973 1649 1282 1706 expressus,
1341 1649 1506 1711 utque
1558 1624 1963 1707 alcbimicido-

2069 480 2122 522 et
2197 471 2460 538 ampliora
2544 486 2606 526 ea
2695 473 2864 539 fuisse
2938 477 3335 531 convincuntur
3403 487 3516 533 tum
3603 496 3636 536 θ

2067 558 2252 614 codice
2293 562 2682 631 suprascripto,
2719 572 2830 618 tum
2860 580 2890 619 e
2937 564 3357 623 Commentariis
3383 569 3632 637 Arriani,

2067 658 2120 702 et
2148 650 2315 720 liquet
2345 667 2408 704 ex
2448 651 2508 706 Α.
2543 651 2743 727 Gellio,
2778 662 2829 707 et
2863 652 3070 709 Joanne
3111 655 3361 722 Stobaeo;
3391 674 3491 713 nec
3521 675 3634 734 pex-

2064 751 2172 796 stat
2221 741 2274 794 in
2309 741 2618 797 Enchiridio
2648 744 3054 799 celeberrimum
3081 735 3299 824 effatum
3336 748 3488 815 illud,
3525 765 3636 819 quo

2067 841 2177 886 tota
2252 833 2372 902 ejus
2450 833 2791 903 philosophia
2873 838 3205 901 continetur,
3264 838 3457 910 ἀνέχου
3541 840 3635 892 καὶ

2067 923 2295 993 ἀπέχου.
2363 924 2562 978 Verum
2590 926 2854 980 hactenus
2876 925 3232 981 desideratur.
3265 928 3418 984 Nilus
3453 938 3632 983 autem

2067 1014 2386 1072 EthniciSmi
2445 1035 2626 1072 naevos
2685 1028 2738 1072 et
2783 1019 3027 1072 maculas
3083 1019 3322 1082 sustulit,
3378 1019 3636 1090 pleraque

2069 1111 2383 1171 resecando,
2419 1120 2582 1180 atque
2638 1095 2916 1175 mutando,
2974 1112 3131 1180 plane
3183 1121 3376 1182 aptans
3406 1128 3634 1184 opuscu-

2067 1201 2174 1254 lum
2207 1201 2538 1266 Christiano,
2569 1204 2700 1272 quin
2750 1213 2802 1258 et
2846 1206 3114 1258 monacho
3168 1205 3630 1268 accommodavit;

2065 1305 2185 1358 quae
2216 1291 2419 1358 turpia,
2466 1306 2586 1362 qua:
2611 1293 3011 1361 superstitiosa,
3047 1293 3128 1348 vel
3160 1293 3520 1348 idololatriam
3545 1311 3632 1349 sa—

2065 1381 2282 1448 piebant
2326 1382 2540 1447 delevit,
2583 1382 2692 1436 imo
2748 1390 2802 1450 et
2843 1383 3083 1438 Socratis
3140 1399 3332 1438 nomen
3379 1386 3630 1449 sustulit;

2065 1467 2330 1541 Paulique
2377 1475 2662 1544 supposuit
2721 1473 2985 1544 Apostob,
3023 1462 3183 1544 atque
3215 1477 3438 1531 omnino
3472 1492 3632 1530 suum

2063 1561 2262 1616 effecit.
2314 1561 2500 1632 itaque
2540 1563 2681 1618 sicut
2709 1563 2839 1644 illud
2871 1567 3010 1620 inter
3059 1566 3322 1646 opuscula
3348 1563 3450 1618 Nili
3477 1567 3634 1620 adin-

2066 1667 2343 1716 veneram,
2384 1655 2464 1708 sic
2510 1655 2795 1724 dercliqui.
2825 1657 3203 1725 rationemque
3260 1657 3482 1710 reddam
3540 1672 3631 1710 co-

388 1727 654 1814 quuntur,
701 1719 887 1786 Elixir,
939 1725 1202 1796 cujusque
1252 1731 1602 1804 principium,
1652 1739 1759 1794 τῶν
1793 1742 1962 1797 ὄντων
1997 1717 2035 1770 Β
2066 1745 2271 1814 piosius
2317 1745 2370 1798 in
2412 1717 2888 1810 Adnotatio'nibus,
2923 1747 3012 1799 ubi
3045 1717 3361 1800 tle-amante
3389 1748 3633 1802 Platonis

387 1807 454 1894 τξι
487 1808 586 1876 μέν
638 1810 786 1863 ἐστιν
822 1815 908 1882 ἐφ’
962 1818 1125 1886 ἡμῖν,
1174 1821 1223 1873 id
1276 1833 1357 1877 est
1394 1829 1752 1884 exsistentinm
1787 1851 1958 1896 rerum

386 1903 625 1970 qnwdam
653 1916 772 1958 sunt
798 1907 848 1964 in
886 1909 1050 1975 nobis,
1091 1912 1364 1981 Epictetus
1409 1918 1480 1972 ita
1516 1925 1816 1992 contexuit,
1875 1925 1961 1981 ille

388 1991 684 2087 (inquam)-
713 1995 1011 2087 Epictctus,
1068 2004 1161 2072 qui
1227 2017 1379 2062 ortus
1408 1994 1677 2082 Hierapoli
1715 2015 1961 2087 Pbrygim

389 2080 756 2150 Epaphrodito
777 2085 1006 2143 Neronis
1031 2091 1260 2163 Augusti
1294 2095 1514 2155 Liberto
1544 2080 1731 2157 serviit
1775 2080 1961 2162 nolim

384 2180 436 2225 ct
470 2171 760 2230 Domitiani
794 2178 1020 2248 Augusti
1054 2183 1335 2241 dominatu
1379 2190 1640 2257 offensus,
1679 2196 1762 2248 vel
1801 2198 1870 2250 ob
1900 2195 1957 2252 S.

385 2259 726 2328 Cnnsultum,
749 2287 858 2350 quo
889 2274 1027 2339 pulsi
1063 2273 1279 2330 fuerunt
1309 2278 1360 2331 in
1383 2283 1608 2349 patriam
1628 2286 1956 2357 philosophi,

393 2350 442 2444 in
471 2369 588 2405 eam
627 2371 896 2419 reversus,
935 2364 984 2414 in
1012 2362 1251 2432 Nic0p0li
1281 2371 1479 2441 oppido
1507 2350 1652 2444 Epiri
1685 2350 1959 2434 Novae-ha-

387 2436 594 2506 bitavit,
630 2454 680 2497 et
712 2462 1034 2514 permanens
1076 2456 1140 2508 ad
1174 2455 1244 2511 Μ.
1274 2436 1530 2515 Antonini
1553 2436 1806 2535 tempora
1838 2484 1960 2538 per-

385 2535 558 2598 venit,
607 2544 662 2590 ut
705 2537 975 2596 alIirtnant
1025 2543 1223 2600 Suidas
1276 2559 1328 2602 et
1380 2550 1616 2620 Angelus
1653 2535 1956 2612 Politianus

387 2624 438 2718 in
473 2627 696 2694 epistola
732 2632 946 2698 praefixa
978 2649 1040 2688 ex
1085 2634 1146 2689 Α.
1181 2635 1349 2693 Gellio
1397 2653 1449 2694 et
1488 2643 1628 2700 aliis.
1683 2645 1960 2718 Epaphro-

384 2715 528 2770 ditus
567 2726 746 2772 autem
779 2720 1011 2778 Neronis
1041 2725 1314 2793 Libertus,
1352 2740 1404 2785 et
1439 2748 1466 2786 a
1497 2715 1739 2802 Libellis,
1767 2715 1816 2792 ct
1851 2739 1958 2792 τῶν

388 2808 879 2876 σωματοφυλάκων,
903 2813 951 2866 id
979 2825 1057 2870 est
1087 2822 1330 2888 corporis
1362 2825 1698 2892 custodibus,
1732 2829 1823 2898 qui
1855 2828 1959 2884 Ne-

385 2910 570 2949 ronem
609 2898 660 2952 in
696 2904 1080 2960 consciscenda
1115 2910 1215 2963 sibi
1247 2921 1418 2967 morte
1446 2914 1672 2983 adjuvit,
1707 2933 1736 2972 e
1765 2919 1957 2972 Sueto-

386 2986 477 3039 nio
538 2989 590 3040 in
648 2989 878 3054 Nerone,
931 3011 994 3051 ac
1019 2996 1345 3065 Domitiano,
1395 3012 1448 3057 et
1481 2987 1689 3072 Tacito,
1737 3007 1828 3062 lib.
1864 3025 1952 3070 xv,

382 3078 576 3131 Annal.
592 3080 985 3139 condemnatus
1003 3086 1098 3141 fuit
1117 3089 1234 3142 ideo
1253 3105 1280 3143 a
1300 3089 1769 3149 Domitian‘o.Sunt
1790 3097 1952 3167 607

383 3167 449 3222 de
479 3169 584 3221 isto
617 3170 846 3241 aliisque
905 3178 1316 3245 cognominibus
1353 3168 1732 3252 Epapliroditis
1785 3187 1955 3256 pluri-

385 3273 486 3313 ma:
517 3259 896 3332 inscriptiones
927 3268 1063 3335 apud
1095 3269 1406 3342 Gruterum.
1455 3274 1686 3331 Sanctus
1755 3277 1956 3334 Paulus

384 3350 436 3403 in
470 3352 624 3420 epist.
660 3356 724 3407 ad
750 3354 1141 3426 Philippenses,
1169 3377 1216 3415 c.
1251 3377 1307 3422 ll,
1346 3379 1394 3416 v.
1431 3366 1520 3430 ‘25,
1543 3368 1787 3423 meminit
1815 3368 1955 3440 Epa-

381 3442 896 3511 phroditifratris,et
925 3453 1312 3518 cooperator-is,
1345 3464 1396 3507 et
1422 3459 1811 3513 commilitonis
1843 3461 1952 3523 sui,

383 3531 624 3599 ipsorum
664 3547 844 3590 autem
886 3541 1215 3606 apostoli,id
1270 3553 1369 3604 est,
1405 3554 1463 3598 ut
1523 3547 1778 3614 arbitrOr,
1837 3551 1955 3618 epi-

382 3626 552 3692 scopi,
572 3642 729 3695 quem
762 3631 1126 3682 neccssarium
1147 3631 1476 3687 existimavit
1510 3637 1720 3692 mittere
1749 3639 1814 3692 ad
1838 3655 1959 3695 cos-

385 3711 532 3776 dcm,
566 3721 618 3765 et
648 3728 840 3767 rursus
880 3730 927 3768 c.
967 3731 1037 3779 tv,
1076 3732 1127 3769 v.
1171 3716 1262 3783 22,
1349 3723 1622 3790 accepisse
1649 3740 1706 3778 se
1758 3726 1956 3783 fatetur

385 3802 452 3857 ab
488 3804 624 3872 ipso,
659 3822 778 3874 quae
815 3807 886 3861 illi
921 3808 1222 3874 miserant;
1259 3818 1312 3864 et
1341 3813 1542 3866 salutat
1591 3829 1688 3870 eos
1735 3819 1955 3875 nomine

388 3893 621 3946 maxime
652 3894 891 3961 illorum,
930 3897 1021 3966 qui
1047 3899 1112 3953 de
1169 3899 1400 3955 Caesaris
1430 3900 1593 3956 domo
1625 3915 1774 3969 sunt,
1817 3923 1951 3962 san-

385 3993 630 4051 ctorum;
662 3986 801 4040 hanc
824 3989 888 4041 ad
920 3987 1292 4061 Philippenses
1347 3995 1635 4063 Epistulam
1693 4001 1951 4070 scriptam

386 4078 554 4133 fuisse
574 4079 757 4135 Romae
777 4097 870 4150 per
897 4082 1343 4154 Epaphroditum,
1370 4088 1950 4164 Theodoretusanctor

383 4177 486 4224 est.
515 4171 822 4226 Cardinalis
851 4173 1115 4229 Baronius
1141 4175 1192 4228 in
1229 4174 1377 4232 Notis
1406 4178 1472 4232 ad
1497 4178 1768 4252 Martyrol.
1794 4181 1948 4238 Rom.

381 4263 468 4316 die
502 4263 569 4314 2'2
597 4262 793 4327 Martii,
823 4265 1247 4336 Epaphroditum
1279 4269 1591 4340 cpisc0pum
1635 4271 1946 4329 Terra-cina

2078 1836 2357 1890 veritatem
2391 1835 2694 1910 'l‘heosebio
2757 1837 3101 1906 philosopho,
3129 1827 3233 1906 qui
3313 1829 3634 1892 Antoninia-

2063 1942 2146 1982 nae
2174 1927 2570 1982 lucubrationis
2599 1929 2666 1982 de
2697 1943 2757 1984 se
2783 1928 2927 1998 ipso,
2965 1913 3057 1983 Seu
3086 1930 3150 1983 de
3185 1927 3305 1984 Vita
3332 1945 3428 1985 sua
3462 1931 3631 1985 inter-

2061 2019 2294 2088 polator,
2331 2018 2444 2074 sive
2488 2027 2775 2086 excerptor
2806 2020 3016 2074 videtur
3047 2022 3099 2074 in
3147 2021 3631 2095 Ἐγχειριδίῳδευ-

2057 2110 2200 2180 τέρῳ
2243 2111 2591 2180 Ἐπικτήτου,
2621 2111 2764 2182 quod
2788 2113 3114 2188 conscripsit
3147 2112 3312 2164 multa
3352 2127 3382 2166 e
3427 2112 3630 2166 scholis

2061 2198 2287 2268 Epicteti
2343 2199 2609 2265 delibans,
2638 2208 2734 2255 seu
2779 2216 2810 2256 e
2867 2201 3092 2264 scholio,
3151 2217 3328 2272 agam.
3387 2203 3632 2258 Theose-

2062 2277 2218 2343 bium.
2253 2291 2322 2345 ab
2364 2291 2588 2360 Apamia
2629 2292 2846 2346 civitate
2871 2293 3009 2347 Asiae
3043 2294 3364 2352 translatum
3395 2295 3462 2348 ad
3523 2293 3632 2348 Eu-

2059 2378 2413 2448 doxiopolim,
2466 2396 2589 2450 quae
2611 2381 2814 2438 dudum
2867 2367 3167 2437 Salembria
3213 2392 3458 2448 vocatur,
3513 2400 3627 2438 me-

2062 2478 2237 2522 morat
2267 2470 2538 2536 Auxilius,
2583 2471 2675 2526 lib.
2705 2489 2717 2526 ι
2751 2471 2827 2526 De
2853 2474 3271 2548 ordinationibus
3301 2491 3331 2527 α
3371 2472 3626 2529 Formosa

2058 2575 2194 2629 papa
2235 2560 2414 2628 factis,
2454 2578 2502 2617 c.
2551 2578 2586 2616 ll
2617 2580 2630 2629 ;
2663 2572 2716 2618 et
2743 2564 2838 2618 lib.
2871 2581 2932 2628 ιι,
2972 2580 3022 2618 c.
3047 2564 3136 2629 22,
3183 2566 3498 2638 episcopum
3526 2585 3540 2632 ;
3577 2577 3629 2622 ct

2061 2652 2460 2723 Eudoxiaapolis
2477 2656 2895 2726 nuncupabatur
2925 2657 3220 2730 Selymbria
3242 2659 3432 2715 civitas
3461 2658 3630 2713 Thra-

2059 2743 2170 2798 ciae.
2202 2745 2514 2813 provincias,
2573 2756 2679 2801 act.
2729 2747 3012 2805 lConcilii
3059 2745 3460 2807 Chalcedonen.
3505 2769 3625 2823 pag.

2057 2831 2184 2906 401.
2217 2835 2464 2890 Concilio
2498 2837 3105 2908 Constat'ttinopolitano
3141 2841 3242 2894 sub
3281 2837 3513 2895 Damaso
3539 2857 3629 2911 pa-

2060 2941 2127 2996 pa
2157 2941 2301 2980 anno
2331 2927 2392 2981 C.
2434 2925 2498 2980 N.
2523 2928 2646 2992 58!,
2677 2929 2999 2999 subscripsit
3064 2932 3203 2984 inter
3261 2932 3396 2987 alios
3447 2930 3624 2987 Theo-

1983 3037 2024 3094 α
2059 3019 2243 3073 sebius
2276 3019 2562 3088 episcopus
2593 3019 3028 3077 Philomeliensis
3055 3023 3346 3092 provincia:
3412 3021 3624 3080 Pisidiae

2058 3123 2152 3176 per
2185 3105 2411 3160 Bassum
2435 3107 2810 3178 presbyterum
2843 3107 3041 3179 Lyciae,
3076 3125 3130 3180 p.
3153 3110 3278 3177 240,
3315 3127 3467 3165 num.
3525 3111 3626 3166 H9

2059 3200 2110 3254 in
2166 3200 2314 3254 calce
2352 3199 2673 3255 Crabbianaa
2711 3199 3017 3268 Editionis;
3069 3216 3137 3256 an
3183 3202 3271 3257 hic
3331 3203 3625 3258 translatus

2057 3289 2181 3343 inde
2215 3289 2285 3342 sit
2318 3288 2745 3359 Eudoxiaepolim
2768 3291 2934 3361 608
2963 3305 3069 3344 non
3107 3293 3344 3346 arbitror
3374 3293 3628 3364 indagan-

2057 3377 2220 3442 dum;
2251 3395 2370 3432 nam
2407 3379 2608 3432 diserte
2631 3379 2927 3435 translatus
2959 3381 3026 3435 ab
3043 3382 3265 3452 Apamia
3285 3383 3626 3449 enuntiatur,

2057 3485 2154 3523 nec
2187 3486 2254 3522 an
2287 3471 2354 3524 sit
2399 3471 2752 3524 Antoniniani
2785 3473 3029 3539 Opusculi
3061 3482 3258 3538 sector,
3293 3475 3435 3544 quod
3471 3476 3624 3544 prin-

2057 3559 2229 3626 cipem
2271 3559 2442 3620 tlecet,
2481 3574 2587 3611 non
2639 3560 2821 3612 minus
2883 3577 3044 3628 quam
3106 3560 3328 3630 Epicteti
3379 3563 3624 3617 Manuale

2057 3651 2248 3702 civem.
2283 3648 2434 3702 Nilus
2463 3650 2630 3701 abbas
2658 3649 2847 3704 scribit
2869 3649 3193 3718 Tlteosebio,
3225 3652 3384 3721 epist.
3409 3653 3497 3714 15,
3528 3653 3622 3708 lib.

2057 3753 2091 3790 ll
2130 3737 2200 3792 De
2239 3737 2442 3791 duabus
2475 3738 2624 3791 olivis
2660 3739 2835 3793 aureis
2878 3741 3016 3807 apud
3084 3739 3404 3794 Zachariam
3431 3759 3478 3795 ι’.
3547 3757 3620 3806 tv,

2055 3844 2192 3898 quas
2241 3829 2475 3898 explicat
2507 3827 2848 3885 Christianos
2882 3847 2946 3884 ex
2983 3829 3222 3886 llebrzeis
3273 3840 3324 3886 et
3351 3831 3620 3902 gentibus.

2054 3919 2381 3990 Jamdudum
2409 3919 2658 3990 equidem
2697 3921 2914 3975 animus
2955 3930 3039 3976 est
3071 3936 3221 3976 meas
3261 3937 3327 3978 eo
3362 3923 3429 3977 de
3483 3939 3624 3992 opu~

2055 4013 2208 4067 sculo
2237 4021 2393 4067 notas
2431 4013 2720 4084 evulgare:
2751 4011 2945 4069 Suidas
2968 4013 3212 4068 meminit
3239 4015 3380 4068 illius
3411 4016 3464 4068 in
3489 4015 3624 4068 Επίο

2053 4123 2270 4177 κτητος,
2303 4115 2355 4160 et
2393 4105 2624 4161 Mericus
2653 4107 3216 4178 Casaubonusnarrat
3267 4106 3320 4160 in
3357 4107 3500 4162 notis
3553 4108 3621 4162 ad

2053 4196 2315 4252 Antonini
2340 4196 2531 4252 libros.

2127 4287 2344 4356 Subjeci
2400 4286 2777 4342 Narrationcm
2823 4289 3075 4343 monachi
3106 4287 3344 4355 Pachon,
3376 4304 3497 4359 qua:
3517 4287 3622 4346 Lao-

381 4363 597 4418 censet;
634 4366 686 4408 at
717 4355 908 4410 Petrus
939 4357 1002 4412 de
1030 4355 1308 4414 Natalibus
1340 4360 1431 4413 lib.
1465 4377 1534 4426 νι,
1571 4377 1619 4415 c.
1658 4365 1760 4417 100
1840 4366 1948 4419 lla-

2059 4378 2169 4433 tine
2197 4379 2413 4448 quidem
2447 4395 2603 4434 versa
2635 4379 2736 4434 fuit
2767 4396 2795 4434 a
2827 4379 3095 4435 Centiano
3119 4378 3354 4435 Herveto
3388 4379 3623 4436 eGraacn

381 4447 533 4511 drizc,
559 4447 672 4502 sive
701 4447 985 4503 Andriaem
1026 4450 1280 4504 Ecclesiae
1323 4453 1632 4518 pt‘ml‘ertum
1705 4470 1952 4512 autumat

382 4550 440 4586 e'
471 4534 741 4589 Dorotheo
771 4536 963 4591 abbate
999 4537 1050 4590 in
1083 4539 1302 4608 synopsi
1342 4540 1407 4592 de
1449 4539 1515 4591 72
1545 4541 1824 4611 distipulis
1849 4543 1953 4595 Dn-

382 4625 534 4679 tnini.
570 4626 649 4679 Ad
678 4641 800 4680 eum
834 4643 939 4681 non
987 4629 1260 4698 pertinere
1283 4629 1604 4685 crediderim
1642 4635 1950 4706 inscriptio-

385 4731 526 4781 nem,
556 4732 647 4772 seu
673 4719 1031 4789 epitaphium,
1062 4721 1208 4789 quod
1251 4721 1306 4774 in
1341 4736 1464 4776 arca
1522 4741 1830 4783 marmorea
1866 4745 1952 4783 se-

379 4810 601 4876 pulcrali
635 4811 864 4866 incisum
898 4813 1022 4883 legi,
1055 4814 1116 4866 Θ.
1146 4816 1214 4866 Κ.
1237 4814 1540 4868 ΑΥΡΠΛῘΩ
1577 4815 1952 4891 Ἐπαφροδίτῳ

382 4901 605 4972 Συμόἱῳ
632 4901 929 4960 ΛΝΤΩΝΙΑ
961 4905 1192 4978 Βαλέρισ.
1213 4906 1398 4977 ἔθηκε.
1434 4905 1562 4960 Erat
1593 4909 1725 4963 illud
1778 4911 1831 4964 in
1864 4927 1953 4965 ar-

380 4994 749 5065 chiepiscopio
779 4994 1150 5066 Lugdunensi,
1184 5011 1236 5054 ct
1270 5001 1659 5070 inspiciebatur
1683 5002 1948 5072 insculpta

378 5087 543 5140 Ceres
569 5088 620 5140 in
662 5102 846 5153 curru,
888 5105 1050 5158 quem
1111 5091 1396 5146 trahebant
1450 5108 1676 5164 angues,
1731 5083 1951 5165 perqui-

381 5195 506 5234 rens
536 5179 697 5234 ftliam
721 5180 1100 5251 Proserpinam
1133 5198 1162 5236 a
1193 5181 1422 5240 Plutone
1470 5193 1702 5254 raptam.
1765 5186 1868 5242 Sed
1921 5205 1952 5242 e

380 5272 574 5326 semita
623 5274 674 5325 in
709 5273 872 5327 viam.
912 5273 1194 5329 Contraxit
1252 5275 1477 5345 Epicteti
1546 5292 1683 5345 opus
1737 5288 1948 5332 vastum

383 5361 697 5432 Simplicius
726 5364 1083 5435 philosophus
1112 5367 1286 5423 hostis
1320 5368 1775 5433 Christianorum,
1810 5370 1953 5425 sicut

385 5458 592 5511 amicus
627 5457 1112 5526 olim,nmltiplicis
1180 5459 1265 5512 vir
1325 5459 1570 5514 lectionis
1621 5459 1953 5529 Tthphilus

383 5547 712 5618 llaynaudus
745 5551 796 5603 in
833 5550 928 5603 lib.
963 5550 1034 5604 De
1077 5551 1208 5604 bono
1239 5552 1484 5621 regimine
1510 5552 1754 5612 adnotat,
1793 5555 1863 5607 ita
1894 5565 1951 5608 ut

384 5639 736 5696 Eucbiridion
770 5642 944 5698 solum
988 5655 1132 5696 cssct
1179 5645 1242 5696 a-l
1292 5660 1531 5711 manum,
1606 5661 1700 5701 seu
1760 5645 1948 5714 Pycta-

2055 4483 2327 4535 sermone,
2365 4471 2710 4540 referturque
2745 4473 2796 4524 in
2849 4487 2898 4526 c.
2935 4471 3003 4526 ΞΕ)
3055 4469 3310 4523 Historia:
3349 4468 3623 4540 Lausiacw

2052 4557 2277 4614 Palladii
2329 4576 2356 4613 a
2393 4560 2543 4616 ΚΡ.
2594 4561 2917 4633 llosweydo,
2974 4563 3068 4616 lib.
3128 4577 3218 4615 vm
3271 4561 3344 4612 De
3380 4558 3481 4614 Vit.
3513 4560 3622 4614 Pa-

2055 4663 2214 4717 trum,
2251 4654 2341 4723 qui
2372 4655 2599 4725 Evagrio
2633 4655 2804 4724 ipsam
2831 4640 3040 4720 tribuit,
3077 4653 3230 4720 cuius
3257 4666 3308 4711 et
3341 4656 3474 4710 alias
3501 4659 3620 4707 ten-

2055 4744 2286 4798 tationes
2319 4743 2479 4798 refert
2522 4760 2553 4796 e
2590 4759 2640 4798 c.
2663 4743 2732 4798 86
2785 4743 3032 4808 Palladii,
3074 4754 3128 4800 et
3161 4746 3213 4800 in
3245 4745 3411 4812 notis,
3467 4758 3619 4798 num.

2055 4833 2120 4886 70
2149 4845 2201 4888 et
2233 4835 2354 4898 155,
2381 4834 2474 4888 sed
2493 4842 2546 4888 et
2587 4834 2770 4890 Graece
2797 4836 2996 4892 ibidem
3031 4837 3247 4908 legitur,
3313 4852 3366 4892 c.
3424 4849 3621 4904 nempe

2053 4923 2120 4976 8-3
2180 4923 2476 4978 Lausiacac.
2509 4923 2769 4990 Quamvis
2825 4926 3056 4981 luxuria:
3091 4927 3297 4982 crimen
3319 4925 3456 4980 adeo
3484 4940 3620 4978 con-

2052 5021 2294 5067 temnere
2330 5012 2574 5068 videatur
2609 5014 2915 5068 daemonum
2951 5016 3201 5086 princeps
3247 5013 3484 5080 Lucifer,
3513 5014 3621 5070 sic-

2055 5115 2113 5159 ut
2141 5105 2186 5158 ci
2218 5105 2382 5175 aliqui
2423 5106 2513 5159 alii
2571 5106 2796 5171 diaboli,
2856 5107 2984 5177 quia
3044 5122 3314 5162 memores
3381 5106 3620 5176 antiqua:

2053 5211 2164 5250 suae
2194 5195 2492 5250 nobilitatis
2521 5195 2650 5249 illud
2681 5195 3060 5265 dedignantur,
3093 5196 3204 5250 imo
3256 5211 3356 5251 nec
3412 5195 3618 5249 daemo-

2056 5299 2182 5338 num
2236 5284 2492 5354 princeps
2525 5284 2780 5354 dignatus
2809 5285 2880 5339 sit
2911 5284 2978 5338 de
3007 5285 3098 5338 illo
3125 5284 3401 5339 Christum
3435 5283 3619 5337 Domi.

2056 5389 2181 5428 num
2212 5381 2419 5426 tentare
2449 5374 2503 5427 in
2549 5373 2788 5436 deserto,
2822 5375 3286 5444 quemadmodum
3321 5391 3386 5429 ex
3444 5377 3612 5444 magi-

2055 5465 2182 5519 stris
2219 5463 2402 5517 rctulit
2441 5475 2665 5519 sanctus
2699 5463 2942 5519 Thomas
2995 5466 3264 5535 Aquinas,
3309 5466 3616 5536 Thcologia‘e

2055 5554 2389 5608 scholastica:
2405 5555 2886 5623 praestantissimus
2915 5555 3267 5620 architectus,
3291 5555 3378 5610 lib.
3404 5572 3456 5618 ν,
3476 5570 3526 5609 c.
3549 5554 3608 5609 21

2060 5645 2130 5698 Dc
2158 5646 2455 5699 eruditione
2478 5646 2807 5714 principum;
2847 5646 3049 5702 conscii
3081 5656 3258 5702 tamen
3294 5646 3620 5718 perduelliov
