3994 6182
410 249 545 316 1335

1319 260 1467 322 JOS.
1507 262 1770 323 ΜΑΒΙᾸΞ
1807 264 2161 325 SUARESII
2205 264 2696 327 DISSERTATIO

3508 258 3649 324 1336

405 367 491 423 tris
548 368 727 424 czeteri
776 367 998 440 maligni
1051 369 1279 440 spiritus
1335 372 1486 442 ipsos
1533 358 1850 441 monachos,
1919 384 1970 430 et
2002 381 2044 436 Α
2078 377 2217 430 tibus
2260 378 2507 443 .lnotat;
2533 386 2589 432 et
2621 378 2686 433 ad
2722 391 2917 432 manus
2958 372 3387 444 impositiouem,
3428 382 3645 441 aposto—

404 466 784 531 auacltoretas,
818 465 927 520 imo
954 481 1314 539 quoscunque
1369 470 1454 540 pie
1479 470 1691 527 vivendi
1752 475 1967 528 modum

398 568 687 623 capessere
738 565 959 621 norunt,
996 572 1103 612 non
1129 559 1233 614 alia
1268 560 1440 630 magis
1490 560 1765 625 illecebra,
1808 578 1968 633 quam

402 640 771 709 itnptttlicilia’,
814 658 909 698 seu
948 643 1324 702 fornicationis
1351 649 1619 720 decipere,
1676 660 1840 721 atque
1902 653 1971 706 ab

401 728 650 783 instituto
682 740 924 788 avertere
954 743 1243 796 conantur,
1277 737 1642 794 meretricium
1692 740 1798 794 illis
1858 740 1971 795 bel-

399 816 511 870 lum
546 817 895 885 intentantes,
922 837 1021 877 nec
1054 838 1149 878 eos
1183 825 1549 893 solummodo,
1580 829 1671 899 qui
1695 831 1870 885 aetatis
1917 832 1969 885 itt

400 907 533 963 ﬂore
582 912 829 980 corporis
876 911 1057 983 vigent
1086 915 1303 981 robore,
1338 933 1524 972 verum
1553 928 1608 973 et
1653 921 1806 975 senio
1838 937 1970 975 con-

398 1000 570 1055 fectos
605 1002 897 1061 identidem
930 1006 1339 1076 aggrediuntur.
1377 1007 1571 1063 Narrat
1612 1019 1833 1064 sanctus
1857 1010 1970 1064 Au-

398 1092 648 1161 gustithts
672 1095 737 1149 de
769 1096 989 1151 homine
1019 1106 1211 1171 agente
1245 1099 1515 1167 octoginta
1539 1109 1770 1169 quatuor
1797 1115 1969 1156 annos

396 1183 491 1251 qui
530 1184 781 1254 religiose
807 1202 931 1241 cum
974 1188 1204 1258 conjuge
1253 1190 1508 1258 religiosa
1544 1191 1751 1245 vixerat
1795 1206 1970 1247 annos

396 1272 486 1339 24,
521 1290 645 1329 eum
671 1275 869 1331 emisse
906 1278 972 1332 ad
1014 1279 1293 1335 libidinem
1328 1281 1429 1335 sibi
1507 1281 1820 1351 lyristriam,
1871 1281 1966 1336 lib.

404 1381 465 1419 ttt
513 1366 773 1421 Adversus
807 1366 1107 1436 lulianum,
1155 1388 1210 1425 ιι.
1236 1372 1359 1426 561.
1389 1372 1533 1428 Adeo
1558 1373 1701 1426 nulla
1733 1382 1815 1427 est
1838 1380 1969 1427 retas

398 1457 659 1516 immunis
704 1459 770 1515 ab
795 1460 1005 1517 infestis
1033 1461 1341 1517 daemonum
1370 1463 1513 1519 circa
1548 1463 1816 1517 luxuriam
1882 1464 1965 1517 in-

397 1551 573 1615 sidiis,
615 1567 754 1621 quas
786 1553 861 1607 illi
896 1562 1046 1610 tanto
1077 1563 1306 1609 struunt
1335 1555 1613 1610 molimine
1644 1555 1777 1610 viris
1811 1555 1968 1608 undi-

395 1657 501 1711 que
525 1645 795 1714 praecipue
822 1644 1108 1715 religiosis.
1144 1646 1217 1701 De
1243 1646 1425 1701 divina
1455 1645 1818 1713 Providentia,
1849 1661 1971 1716 qua:

396 1733 591 1787 cedere
617 1733 832 1790 videtur
865 1735 920 1789 ln
947 1735 1092 1790 lucta
1127 1746 1314 1793 contra
1378 1736 1668 1799 Venerem.
1723 1747 1777 1792 et
1835 1754 1963 1807 per-

396 1822 563 1876 mittit
596 1823 870 1880 hominem
899 1824 1237 1894 spiritualem
1262 1842 1323 1881 ea
1370 1826 1584 1893 fcedari,
1618 1837 1677 1882 ut
1708 1839 1967 1898 agnoscat

395 1908 656 1964 vilitatem
700 1926 851 1966 suam
879 1952 893 1977 ,
950 1911 1258 1971 Diadochus
1289 1917 1579 1988 episcopus
1612 1916 1864 1973 Plrotices
1908 1918 1960 1973 itt

396 1995 561 2065 Epiro
592 2007 771 2057 vetere
826 1999 1023 2070 Illyrici
1057 2018 1175 2074 cap.
1207 2004 1275 2059 99
1309 2003 1631 2061 Sermonum
1672 2006 1847 2063 fusius
1868 2023 1963 2062 cx-

396 2104 625 2159 ponens.
667 2089 1035 2157 Quamobrem
1063 2103 1116 2149 et
1163 2098 1319 2149 istam
1351 2097 1721 2151 narrationem
1770 2115 1960 2153 mona-

393 2180 482 2232 «Ιιί
514 2178 730 2234 Pachon
762 2182 942 2237 denuo
979 2183 1217 2240 inserere
1268 2201 1376 2239 non
1432 2186 1697 2252 dubitavi,
1761 2204 1790 2241 e
1855 2205 1959 2258 qtra

393 2271 554 2339 plane
572 2273 739 2342 liquet
760 2273 911 2344 alapa
929 2273 1100 2346 fugari
1122 2276 1445 2342 daemonem,
1466 2287 1522 2332 ut
1540 2279 1679 2349 apud
1711 2292 1959 2335 sanctum

393 2359 709 2431 Gregorium
748 2362 998 2435 Magnum
1031 2366 1084 2419 in
1116 2365 1323 2436 Dialog.
1367 2367 1402 2422 l.
1441 2384 1498 2434 tt,
1533 2383 1580 2423 c.
1605 2367 1691 2433 30,
1735 2370 1963 2425 traditur

391 2452 457 2506 rlc
485 2461 675 2509 sancto
711 2455 1034 2522 Benedicto;
1074 2467 1127 2513 et
1177 2458 1322 2523 inde,
1388 2474 1510 2513 cum
1562 2472 1958 2518 sacramentum

392 2543 824 2601 confirmationis
852 2546 1291 2614 administratur,
1321 2550 1459 2605 solet
1507 2551 1799 2621 episc0pus
1844 2552 1961 2606 ala-

393 2649 518 2703 pam
549 2634 849 2706 obsignatis
879 2636 1139 2709 infligere.
1160 2639 1317 2709 quasi
1343 2638 1645 2694 dremonem
1675 2642 1959 2695 infirmita-

392 2725 464 2780 tis
522 2726 576 2779 in
627 2727 731 2782 fide
764 2736 926 2799 atque
976 2730 1445 2801 pusillattitnitatis
1503 2732 1803 2803 expellens.
1858 2732 1961 2787 Ca-

393 2816 737 2888 vendumque
792 2834 1005 2890 semper
1050 2831 1134 2877 est
1194 2838 1220 2875 a
1252 2824 1544 2879 tcntatione
1616 2825 1963 2895 impudicitia:

392 2918 873 2980 quantumcunque
895 2911 1082 2965 affecta
1116 2912 1290 2967 simus
1320 2924 1495 2978 aetate,
1526 2916 1821 2985 tardusque
1845 2916 1964 2971 am-

391 2999 514 3068 guis
554 2998 828 3064 hebescat,
863 3009 915 3053 et
946 3000 1173 3069 frigeant
1202 3000 1343 3055 vires
1404 2999 1562 3055 elieto
1627 3002 1679 3054 in
1712 3017 1957 3071 corpore.

394 3088 626 3145 lirsiuus
655 3091 939 3161 presbyter
990 3091 1041 3147 itt
1097 3091 1333 3147 Ecclesia
1397 3090 1606 3147 Nursiae
1658 3091 1961 3160 ordinatus,

391 3197 517 3233 eum
550 3180 763 3251 longam
793 3183 913 3236 vita:
939 3183 1212 3252 implesset
1243 3191 1478 3247 aetatem,
1513 3183 1739 3253 jamque
1799 3185 1965 3239 mori-

394 3268 857 3338 lrutrdusjaeerct,
895 3271 1096 3342 conjurt
1142 3273 1259 3343 ejus
1295 3272 1638 3343 Presbytera,
1682 3289 1847 3345 quam
1909 3285 1967 3330 ut

392 3372 635 3412 sororem
663 3360 918 3430 diligebat
955 3363 1142 3431 procul
1199 3379 1228 3416 a
1260 3379 1319 3419 se
1379 3373 1665 3429 remotam,
1738 3381 1967 3436 quasque

394 3466 668 3521 nunquam
734 3453 800 3508 ad
861 3468 984 3507 eum
1050 3463 1356 3509 accesserat
1404 3453 1570 3525 609
1622 3455 1836 3522 exinde,
1872 3473 1964 3512 ve-

394 3540 495 3598 nit.-
588 3550 643 3597 et
765 3542 1033 3597 resolutos
1117 3552 1269 3597 artus
1368 3545 1657 3614 aspiciens,
1740 3546 1966 3616 ipsoque

393 3632 752 3696 conclamato,
801 3634 1052 3701 apposuit
1107 3650 1294 3687 aurem
1339 3635 1404 3687 ad
1457 3637 1963 3706 nares,exploratu-

395 3740 451 3777 ra
469 3724 629 3777 vitale
648 3724 917 3793 spiramen
938 3740 1004 3778 an
1018 3723 1437 3793 adhucincssct;
1463 3736 1574 3781 tum
1601 3727 1688 3781 ille
1709 3727 1963 3795 colligens

393 3830 602 3875 vocem.
637 3815 1039 3886 fugientemque
1056 3817 1215 3871 veluti
1240 3832 1499 3872 revocans
1525 3817 1761 3873 animam
1783 3819 1964 3873 excla-

393 3906 559 3960 trravit
596 3926 607 3960 :
637 3905 847 3961 Recede
873 3923 902 3963 a
940 3922 1043 3971 me,
1078 3908 1291 3975 mulier,
1326 3909 1625 3964 etiamnum
1662 3911 1794 3965 vivit
1822 3910 1961 3981 igni-

391 3996 568 4051 culus.
635 3995 816 4052 Refert
885 3997 998 4051 hrec
1036 3998 1266 4068 ipsemet
1301 4010 1524 4055 sanctus
1569 4001 1733 4070 Greg.
1776 4001 1867 4056 lib.
1910 4019 1960 4055 tv

397 4086 744 4158 Dialogorum
777 4082 896 4157 cap.
937 4088 1245 4144 undecimo.
1293 4090 1636 4161 Agnoscebat
1686 4093 1960 4163 capularis

391 4193 552 4232 senex
606 4180 803 4233 veteris
850 4180 1081 4234 flamma:
1130 4181 1350 4251 vestigia
1414 4183 1466 4236 itt
1519 4183 1868 4239 semimortua
1910 4193 1962 4236 ct

392 4272 639 4323 l'uucrata
685 4285 871 4325 carne.
914 4268 1162 4340 EpiscOpi
1203 4281 1378 4326 autem
1427 4273 1718 4342 colaphum
1764 4274 1961 4346 impin-

391 4363 526 4425 gunt
556 4356 892 4412 continuatis
940 4368 1051 4412 tum
1091 4362 1455 4431 suprascripta
1490 4361 1557 4415 tle
1603 4377 1791 4427 causa,
1843 4373 1954 4416 ttttn
1993 4383 2034 4437 ῃ

390 4447 551 4501 rtizun
588 4456 647 4501 ttt
675 4459 1013 4517 assuescant,
1047 4451 1139 4518 qtti
1165 4461 1563 4507 sacramentum
1605 4455 1747 4510 istud
1781 4456 1956 4511 susci-

390 4540 562 4608 piunt,
597 4540 788 4611 alapis,
818 4550 871 4595 et
911 4543 1215 4607 tormentis,
1248 4556 1369 4610 qua:
1395 4548 1605 4614 tyranni
1660 4561 1958 4602 consueve-

393 4637 515 4683 rant
541 4629 816 4684 Christum
864 4634 1248 4687 confitentibus
1288 4634 1505 4699 inl'ert'c,
1553 4655 1687 4693 neve
1726 4639 1957 4709 ignomi-

390 4721 498 4781 nia”,
538 4738 640 4789 qua
673 4724 998 4777 notabantur
1026 4724 1094 4777 ab
1137 4724 1399 4790 lithnicis,
1444 4729 1845 4793 erubescerent,
1880 4734 1955 4785 uti

390 4810 556 4864 refert
610 4813 904 4883 episcopus
952 4814 1224 4869 Mimaten.
1277 4818 1595 4871 Guillelrnus
1648 4821 1954 4885 Durandus,

390 4902 484 4954 ιιι).
539 4918 588 4956 vt
646 4902 942 4957 Ratiormlis
989 4906 1212 4960 divitior.
1247 4910 1460 4977 afﬁcior.
1492 4911 1531 4979 Ῑ.
1583 4911 1709 4977 206,
1763 4914 1869 4967 eol.
1918 4930 1954 4966 ι.

387 4993 550 5044 tiarrl.
585 4992 833 5048 Bellartn.
868 5005 998 5051 tom.
1035 5013 1069 5052 tt
1102 5010 1307 5053 contra.
1350 5002 1386 5055 Ι.
1428 5018 1486 5063 tt,
1517 5020 1561 5055 r.
1594 5003 1645 5065 3,
1694 5004 1766 5055 ait
1793 5020 1957 5074 quar-

390 5097 497 5135 tam
518 5088 895 5142 creretnnniaut
922 5089 972 5139 irt
997 5092 1425 5146 conlit'utationis
1448 5103 1788 5147 sacramento
1814 5111 1955 5158 esse,

391 5184 447 5226 rrt
481 5179 860 5230 conlirtnatutn
891 5180 1178 5247 episcopus
1217 5198 1376 5235 tnatttt
1403 5182 1591 5237 leviter
1628 5185 1817 5249 eat-dat,
1850 5203 1957 5254 quo

394 5267 658 5336 intelligat
710 5282 769 5321 se
833 5281 1022 5323 contra
1073 5269 1424 5338 ignominiam
1481 5283 1533 5326 et
1576 5275 1796 5330 verbera
1861 5295 1958 5347 pro

387 5358 606 5410 tllrristo
661 5358 880 5413 ferenda
918 5359 1186 5430 pra-cipue
1216 5375 1484 5418 armatum
1534 5366 1809 5435 patientia.
1846 5370 1951 5421 Atl-

386 5470 397 5497 r
428 5459 465 5499 tt
508 5446 810 5514 Durandus,
847 5452 1120 5507 tttctnot'izc
1151 5454 1198 5507 id
1247 5472 1408 5509 eausa
1443 5456 1575 5521 liet'i,
1615 5467 1672 5510 tit
1706 5459 1958 5529 obsigna-

386 5548 477 5589 ιιι»
510 5540 840 5603 recordetur,
893 5558 1022 5595 neve
1050 5542 1248 5595 oblivio
1296 5545 1641 5615 subreperet;
1676 5548 1817 5617 quod
1874 5548 1956 5601 Vi-

383 5642 653 5687 .rwutcs,
687 5632 772 5685 liti,
807 5649 862 5696 ιι,
898 5651 937 5687 ‹·,
976 5636 1032 5687 l'.’
1072 5636 1140 5691 De
1184 5634 1351 5708 intra.
1391 5640 1818 5705 (fori/ituralieni»
1859 5642 1955 5694 Ιὶι·

2073 472 2251 524 lorum
2277 486 2427 526 more
2471 471 2855 534 revocandam,
2894 468 3037 525 sicut
3076 467 3130 520 in
3178 464 3333 518 novis
3364 463 3643 527 militibus,

2073 560 2359 616 Durandus
2408 561 2521 616 fieri
2559 560 2783 616 solitum
2812 559 2886 615 ἰιι
2924 556 3299 629 percutiuntur
3338 553 3542 622 prodit,
3594 560 3651 606 et

2073 649 2125 702 in
2167 650 2338 704 servis
2375 650 2469 719 qui
2504 650 2982 704 manumittuntur.
3025 648 3162 701 Hinc
3194 645 3449 713 :pulsata
3474 643 3652 712 fronte

2071 739 2284 817 recedit.
2336 740 2441 796 Et:
2486 739 2551 794 In
2598 742 2761 796 civem
2804 742 3025 794 rubuere
3063 754 3229 808 genre,
3282 736 3429 791 canit
3484 735 3651 790 Clau-

2071 831 2267 886 dianus
2298 831 2370 885 De
2404 832 2691 888 consulatu
2728 841 2923 902 quarto
2947 830 3169 885 Honorii
3193 846 3208 894 ;
3232 843 3357 882 nam
3382 828 3647 881 videban-

2071 928 2162 975 tur
2200 923 2436 987 asserti,
2496 922 2587 993 qui
2650 923 3150 985 conlirmabantur,
3203 921 3257 973 in
3317 919 3645 973 libertatem.

2073 1009 2388 1067 Vicecomes
2408 1012 2603 1067 ibidem
2621 1012 2804 1066 laudat
2823 1021 3069 1067 sanctum
3088 1010 3343 1065 Basilium
3365 1008 3645 1062 Exhortor.

2070 1103 2139 1155 ad
2157 1102 2415 1170 Baptism.
2437 1121 2454 1154 t
2475 1104 2606 1171 quin
2626 1104 2838 1173 alapam
2866 1118 3083 1171 quoque
3107 1102 3322 1171 plagam
3344 1109 3646 1153 extremam

2073 1208 2355 1248 servorum
2382 1208 2477 1262 pro
2497 1194 2818 1249 liberatione
2839 1193 3021 1248 omnis
3043 1192 3094 1245 itt
3116 1190 3360 1244 futurum
3387 1191 3643 1253 infamia,

2071 1298 2133 1337 ac
2166 1283 2347 1352 probri
2372 1284 2602 1338 libenter
2624 1284 2901 1340 sustines?
2936 1304 2954 1335 ι
2996 1290 3141 1337 certe
3168 1281 3423 1335 Christus
3462 1279 3647 1332 Domi.

2071 1389 2174 1427 nus
2208 1373 2379 1443 alapis
2401 1389 2572 1428 cassus
2607 1373 2707 1427 fuit
2744 1391 2758 1439 ;
2787 1382 2842 1428 et
2876 1381 3097 1427 sanctus
3124 1370 3330 1425 Paulus
3382 1370 3571 1423 scribit
3604 1367 3645 1421 ll

2072 1461 2194 1518 Cor.
2232 1478 2261 1516 c
2301 1479 2360 1526 tt,
2401 1480 2452 1517 v.
2482 1463 2551 1516 20
2584 1483 2597 1517 :
2632 1462 2935 1526 Sustinetis,
2983 1463 3027 1515 si
3058 1466 3175 1531 quis
3209 1462 3265 1514 in
3297 1461 3489 1528 faciem
3548 1478 3644 1516 ros

2078 1551 2269 1617 ca’dil;
2301 1550 2367 1604 de
2403 1552 2575 1606 servis
2615 1551 2990 1615 manumissis,
3034 1550 3127 1619 qui
3166 1550 3409 1618 percussi
3449 1550 3644 1618 alapis,

2071 1642 2259 1698 Isidor.
2297 1642 2571 1713 llispalen.
2607 1643 2643 1697 l.
2679 1641 2746 1697 IX
2772 1642 3027 1713 Etymol.,
3060 1657 3111 1696 c.
3138 1640 3462 1697 De'rivibus.
3505 1639 3646 1695 Boe-

2072 1735 2181 1789 tius
2219 1735 2272 1788 in
2310 1734 2486 1803 Topic.
2533 1733 2775 1790 Valerius
2822 1733 2984 1789 Proh.
3022 1733 3099 1787 De
3136 1734 3294 1786 notis.
3347 1732 3542 1787 Donat.
3585 1733 3642 1786 in

2072 1824 2295 1893 Adelph.
2321 1833 2373 1880 et
2403 1823 2886 1893 Hcrmogenianus.
2918 1822 3270 1892 libapismata
3299 1819 3643 1876 Jrrstiniatrus

2070 1914 2298 1983 appellat
2333 1914 2613 1984 colaphos,
2659 1914 2857 1984 quibus
2920 1914 3073 1967 liberi
3106 1912 3265 1972 credi,
3300 1926 3425 1966 cum
3453 1926 3642 1965 eman-

2069 2003 2402 2073 ciparentur,
2435 2012 2857 2065 consueverunt,
2885 2004 2919 2057 ι.
2945 2002 3041 2056 ult.
3071 2018 3099 2055 c
3122 2041 3135 2055 .
3164 2004 3228 2055 de
3262 2002 3639 2067 emancipatio-

2075 2092 2252 2158 nibus,
2309 2102 2358 2146 et
2404 2091 2612 2146 novella
2660 2090 2748 2146 82.
2795 2090 3039 2160 Opinor,
3086 2089 3232 2160 quod
3281 2089 3645 2145 abdicationis

2068 2197 2237 2253 genus
2250 2183 2517 2254 quoddam
2534 2197 2656 2239 esse
2673 2183 2972 2237 videbatur.
2998 2181 3272 2237 Cornutus
3300 2186 3353 2235 tn
3373 2179 3641 2247 Persium,

2068 2288 2255 2327 servos
2297 2274 2482 2338 tradit,
2517 2273 2739 2344 quando
2772 2273 3307 2337 manumitterentur,
3347 2271 3483 2327 czedi
3522 2288 3646 2342 per-

2068 2365 2287 2434 cutique
2318 2363 2506 2418 solitos
2524 2363 2702 2434 alapa,
2736 2372 2791 2418 et
2818 2362 3138 2433 circumagi,
3170 2371 3334 2431 atque
3353 2362 3645 2417 confirma-

2068 2455 2265 2509 bantur
2315 2456 2385 2508 ita
2435 2454 2608 2508 liberi.
2660 2457 3002 2508 llotomanus
3055 2454 3107 2506 in
3169 2451 3534 2516 Commentar,
3578 2454 3644 2509 de

2069 2545 2211 2600 verb.
2241 2545 2471 2615 signi/ie.
2496 2543 2814 2611 Balduinus,
2856 2547 2910 2599 in
2958 2543 3265 2599 Iustiniano
3293 2554 3447 2614 putat
3477 2546 3642 2614 ῥαπί-

2068 2654 2252 2708 σματα
2278 2636 2381 2691 ista
2407 2636 2575 2692 fuisse
2592 2636 2730 2692 ictus
2766 2637 3014 2691 vindicta:
3060 2651 3155 2690 seu
3193 2635 3418 2705 virgulae
3444 2644 3641 2704 przeto-

2068 2727 2191 2795 rize;
2211 2742 2333 2779 nam
2353 2726 2602 2796 ῥαπίζειν
2621 2726 2889 2797 significat
2907 2735 2959 2780 et
2973 2726 3264 2796 ῥαϐδίξειν.
3279 2726 3465 2795 Cujac.
3482 2726 3571 2778 lib.
3596 2724 3639 2779 V

2072 2816 2347 2872 Observat.
2373 2817 2494 2871 Jur.
2525 2832 2577 2873 e.
2614 2817 2700 2871 13.
2730 2815 3121 2881 Gothofredus,
3156 2818 3222 2871 ad
3253 2816 3307 2871 d.
3338 2815 3640 2878 Novellam,

2067 2925 2189 2980 quae
2222 2909 2523 2964 Authrntic.
2560 2908 2741 2963 collat.
2775 2908 2829 2971 6,
2854 2910 2936 2962 tit.
2968 2908 3022 2973 9,
3058 2908 3397 2969 inscribitur,
3429 2905 3642 2959 Consti-

2069 3001 2223 3065 tutio,
2254 3016 2371 3069 quae
2391 2999 2759 3069 dignitatibus,
2786 3010 2834 3053 et
2864 3000 3166 3067 episcopatu
3190 2998 3377 3051 liberat
3410 3015 3443 3049 a
3464 3000 3640 3066 patria

2066 3101 2321 3163 potestate
2353 3092 2405 3145 in
2438 3107 2491 3146 v.
2535 3091 2725 3161 alapis,
2759 3091 2850 3146 ubi
2880 3091 3315 3162 Glossograpltus
3347 3100 3642 3146 consuetu-

2067 3186 2249 3240 dinem
2299 3185 2457 3239 istam
2494 3183 2772 3254 alaparum
2807 3183 2858 3237 in
2895 3184 3311 3251 desponsatione
3350 3182 3639 3236 mulierum

2067 3274 2271 3331 servari
2296 3273 2550 3329 Bononia:
2578 3274 2826 3328 alllrmat.
2860 3271 3254 3338 Tertullianus,
3286 3271 3360 3326 De
3376 3282 3643 3340 spectacu-

2065 3364 2154 3430 lis,
2187 3365 2467 3434 alaparum
2526 3364 2887 3419 contumelias
2926 3364 3082 3427 dixit,
3117 3363 3317 3433 quibus
3352 3364 3639 3417 utebantur

2068 3456 2123 3511 itt
2162 3456 2613 3521 manumissione,
2649 3457 2791 3511 unde
2812 3456 3149 3511 Claudianus
3178 3456 3364 3511 felices
3409 3455 3642 3525 injurias

2066 3550 2325 3619 appellat,
2371 3548 2599 3606 Vossius
2644 3549 2698 3603 in
2739 3549 2970 3620 colapho
3006 3548 3239 3620 Etymol.
3275 3549 3516 3603 Clossar.
3549 3546 3639 3601 In.

2065 3642 2256 3710 scripsi
2292 3641 2456 3712 διο
2489 3641 2856 3696 narrationem
2894 3641 3054 3696 istam
3102 3641 3353 3694 monachi
3375 3641 3641 3695 Pachon:

2063 3733 2328 3802 Διήγησις
2377 3732 2472 3785 τοῦ
2520 3732 2674 3801 ἁγίου
2726 3731 2921 3784 Νείλου
2975 3732 3103 3802 περὶ
3161 3732 3359 3799 ῐῐάχων
3403 3731 3645 3800 πόλεμον

2063 3823 2317 3893 πορνικὸν
2350 3824 2648 3894 πάσχοντος
2677 3823 2767 3876 καὶ
2792 3821 3073 3884 νικῶντος.
3104 3822 3324 3891 Ἐτεροι
3356 3821 3414 3873 δὲ
3459 3820 3644 3888 λέγουο

2066 3931 2148 3966 σιν
2196 3909 2336 3966 εἶναι
2384 3912 2479 3966 τοῦ
2522 3913 2825 3984 Εὑαγρίου,
2872 3912 3076 3983 ὁμοίως
3131 3913 3188 3965 δὲ
3232 3915 3260 3965 ὁ
3308 3913 3426 3980 μετ’
3468 3911 3642 3981 αὐτὴν

2064 4003 2403 4071 Δογματικὸς
2436 4001 2613 4070 λόγος.
2658 4001 2917 4055 Narratio
2947 4004 3119 4055 sancti
3162 4000 3277 4054 Nili
3322 4003 3385 4053 de
3428 4000 3640 4054 Padum

2061 4095 2291 4162 patiente
2337 4093 2532 4147 bellum
2577 4094 2951 4157 meretricium,
2992 4103 3039 4146 et
3074 4094 3324 4146 rincente.
3374 4093 3485 4145 Alii
3519 4109 3639 4146 tero

2060 4186 2241 4237 dicunt
2275 4182 2491 4254 Evagrii
2534 4201 2664 4245 esse.
2715 4194 2773 4237 ut
2819 4186 3019 4253 pariter
3047 4195 3094 4240 et
3131 4186 3219 4248 qui
3247 4194 3363 4252 post
3413 4202 3526 4238 eam
3560 4201 3641 4239 se-

2060 4276 2243 4346 quitur
2299 4290 2469 4328 sermo
2505 4273 2845 4343 Dogmaticus
2878 4292 2896 4330 :
2928 4285 3040 4330 erat
3074 4277 3126 4330 in
3158 4292 3260 4331 ms.
3286 4276 3483 4329 Codice
3510 4277 3641 4328 titu-

2064 4365 2145 4423 lus
2169 4364 2263 4419 τοῦ
2294 4365 2453 4431 ἁγίου
2486 4364 2715 4434 Evagrio
2747 4365 3075 4436 adscriptus,
3103 4380 3262 4434 quem
3306 4365 3498 4427 delevi,
3538 4382 3643 4417 no—
3728 4410 3731 4411 ν

2063 4465 2255 4525 lasque
2294 4457 2660 4511 consulendus
2695 4456 2955 4513 admonui
2991 4475 3005 4511 :
3038 4458 3222 4525 incipit
3268 4456 3487 4525 συνέϐη,
3522 4456 3642 4509 Ϊο·
3718 4438 3727 4505 ἶ

2060 4564 2149 4601 tuo
2195 4547 2231 4600 ll
2265 4548 2603 4603 Bibliotheca:
2637 4548 2859 4602 Patrum
2892 4547 3333 4613 Cresco-Latium,
3372 4564 3425 4614 p.
3474 4550 3640 4602 l0l0.
3711 4534 3739 4595 ε

2064 4642 2342 4697 Habentur
2382 4642 2497 4695 haec
2533 4642 2696 4697 etiam
2742 4642 2923 4697 omnia
2955 4641 3141 4697 Griecc
3173 4657 3291 4711 cap.
3329 4642 3509 4695 itidem
3544 4641 3643 4707 86,

2065 4735 2153 4788 tibi
2191 4734 2405 4803 Evagrii
2468 4734 2811 4803 Origenistzc.
2862 4736 3020 4791 istius
3060 4736 3284 4798 scilicet,
3319 4742 3506 4804 opera",
3540 4752 3643 4791 seu

2060 4824 2281 4880 Librum
2322 4835 2538 4879 exstare
2584 4828 2880 4881 adnotatur
2919 4828 3012 4882 lib.
3046 4844 3098 4891 v,
3134 4838 3188 4882 et
3212 4828 3499 4881 laudantur
3544 4826 3646 4881 So-

2059 4928 2233 4972 cvates
2266 4917 2357 4971 lib.
2392 4934 2441 4973 tv
2468 4916 2608 4973 Hist.
2651 4938 2699 4975 c.
2736 4920 2819 4981 18,
2858 4918 3148 4977 Sozonten.
3170 4920 3264 4973 lib.
3292 4936 3364 4985 vt,
3386 4936 3437 4974 c.
3463 4919 3558 4981 50,
3589 4930 3647 4975 et

2060 5010 2398 5078 Nicephorus
2423 5010 2630 5065 Callisti
2653 5012 2829 5072 lilt.)tt,
2860 5027 2909 5066 c.
2929 5011 3017 5067 42.
3042 5010 3230 5079 Incipit
3251 5013 3410 5068 etiam
3441 5013 3647 5081 [ἰάχων

2059 5118 2141 5163 τις
2172 5100 2395 5170 ὀνόματι
2428 5103 2553 5170 περὶ
2585 5103 2651 5155 τὰ
2681 5102 3046 5171 ἐϐδομήκοντα
3080 5104 3277 5167 ἐλάσας
3317 5104 3411 5172 ἐτη
3440 5104 3647 5156 ἐκαθέ-

2061 5192 2184 5256 ζετο
2216 5195 2273 5244 ἐν
2302 5193 2517 5263 Σκήτει,
2549 5203 2602 5247 et
2628 5194 2827 5247 desinit
2854 5195 2955 5246 οὐκ
2981 5195 3062 5247 ἔτι
3093 5196 3341 5265 ἤγγισεν.
3389 5194 3512 5249 "re
3542 5212 3651 5251 all-

2065 5291 2169 5336 tetn
2202 5280 2435 5335 Ilistoria
2466 5281 2728 5335 Lnusiaca
2761 5298 2790 5335 a
2816 5283 3057 5337 l'alladio
3097 5286 3288 5338 Galata
3332 5283 3647 5353 Helenopo-

2064 5373 2230 5427 litano
2265 5372 2479 5437 (civitas
2529 5388 2652 5428 esse
2693 5371 2955 5444 Bithyniae
3001 5376 3220 5441 dicitur)
3260 5375 3517 5444 episcopo
3574 5378 3644 5429 ad

2062 5465 2299 5521 Lausum
2328 5466 2676 5537 pt'mpOsitttttt
2712 5468 2911 5537 scripta
2952 5480 3055 5532 est,
3084 5468 3173 5536 qui
3211 5467 3484 5521 Palladius
3510 5484 3648 5523 con-

2062 5557 2346 5611 suetudine
2368 5556 2721 5625 srrpraseripti
2753 5554 2985 5626 Evagrii,
3014 5574 3172 5626 quem
3202 5558 3403 5611 adierat
3432 5558 3484 5610 in
3511 5574 3639 5611 ere-

2062 5664 2169 5712 tuo,
2209 5646 2457 5717 Otigcnis
2499 5646 2731 5701 infectus
2771 5649 3068 5711 erroribus,
3118 5646 3299 5702 Nitriae
3342 5650 3641 5705 triennium
