3990 6204
1516 233 1612 297 DE
1653 238 2046 301 OPERIBUS
2086 244 2126 303 S
2191 246 2367 309 NlLl.

3392 242 3399 245 Α
3433 251 3571 324 1338

301 336 439 405 egit,
486 335 609 389 inde
659 334 1004 432 Palaestinam
1065 337 1354 432 profectus
1389 339 1612 399 Paulam
1667 347 1894 403 iliismet
1928 358 1967 411 Α
2000 347 2220 418 tiarum,
2276 364 2492 410 centum
2534 356 2589 412 in
2636 339 2870 429 capitula
2916 348 3181 432 digestum
3227 363 3571 421 anachoretil

306 442 660 495 corrumpere
696 426 897 482 frustra
935 438 1187 508 conatus,
1234 431 1510 489 obnitente
1538 445 1729 491 sancto
1760 436 1890 491 Hic-

309 534 566 589 ronymo,
619 517 926 589 Bithyniam
963 521 1115 585 adiit,
1142 536 1310 592 seque
1355 524 1652 581 insinuavit
1695 536 1891 583 sancto

306 608 509 662 Joanui
544 610 958 679 Cltrysostomo,
992 628 1021 665 a
1057 626 1167 681 qno
1213 629 1354 669 anno
1394 616 1596 672 Christi
1632 619 1760 684 400,
1790 621 1890 677 dc-

309 700 544 752 stinatus
587 697 652 751 ad
684 700 949 769 synodum
998 700 1651 775 Constantinopolitauam
1681 708 1751 762 22
1773 709 1889 781 epi-

309 804 625 858 scoporum,
650 800 704 843 et
738 789 858 843 inde
891 790 1117 844 Ruinam
1153 795 1216 846 ad
1246 793 1615 851 Innocentium
1643 800 1885 868 primum

311 898 528 950 papam,
559 896 669 950 quo
703 880 915 934 videtur
945 897 1041 950 pro
1060 881 1276 951 Pelagio
1309 888 1536 943 rediisse
1568 906 1711 945 anno
1739 893 1879 960 M7;

311 973 367 1025 in
395 972 637 1025 Siciliam
672 971 874 1025 dieitur
914 981 1071 1025 antea
1119 975 1334 1029 venisse
1368 993 1492 1030 cum
1527 978 1755 1035 Melania
1790 997 1879 1037 se-

309 1063 482 1127 niore,
517 1073 679 1130 atque
712 1061 857 1115 illius
896 1061 1209 1125 comitibus,
1240 1078 1384 1118 anno
1411 1065 1533 1130 408,
1576 1082 1696 1135 quae
1737 1083 1881 1123 anno

306 1155 414 1208 5⁸12
466 1152 761 1224 Egyptum
834 1154 1048 1208 adierat
1103 1169 1224 1207 cum
1294 1155 1507 1210 RnlIiuo
1554 1156 1877 1213 Monachum

309 1246 559 1315 professo
594 1264 606 1299 :
636 1245 1024 1316 Hierosolymis
1042 1247 1235 1302 deinde
1266 1263 1389 1302 eum
1430 1250 1620 1303 eodem
1655 1266 1685 1305 a
1718 1251 1879 1322 Didy-

306 1354 397 1392 mo
420 1354 563 1393 caeco
590 1353 803 1392 errores
828 1339 1083 1392 hauserat
1117 1337 1385 1408 Origenis,
1415 1357 1554 1409 quos
1582 1355 1725 1395 anno
1775 1341 1880 1396 597

307 1428 533 1481 Ποιιιεῐη
595 1429 843 1492 tendens,
900 1444 1153 1498 spargere
1205 1431 1461 1496 tentavit;
1509 1432 1651 1486 unde
1698 1431 1879 1486 Palla-

304 1520 455 1572 dium
480 1528 636 1572 vocat
666 1519 1015 1572 mulierosum
1055 1519 1295 1573 Isidorus
1324 1522 1596 1576 Pelusiota
1619 1523 1878 1591 cpist281

302 1610 319 1662 1
349 1611 400 1663 b.
441 1608 625 1664 n.lste
653 1618 832 1663 autem
866 1609 1140 1664 Palladius
1172 1613 1370 1681 passim
1404 1616 1557 1667 audit
1590 1615 1731 1683 apud
1774 1615 1873 1670 SS.

1998 443 2355 514 inscriptum;
2402 457 2521 504 erat
2562 450 2707 506 enim
2732 461 2784 507 et
2826 453 2940 523 ipse
2974 453 3217 509 Bullinus
3255 456 3477 525 perinde
3503 472 3569 512 ae

1997 532 2258 603 Evagrius
2298 541 2600 597 monachus
2630 544 2729 613 (uti
2760 546 3009 615 superius
3037 545 3234 612 innui),
3275 545 3400 599 item
3435 561 3569 614 pau-

1994 638 2087 678 cas
2118 626 2428 685 Sententias
2465 632 2618 688 valde
2660 635 2923 690 obscuras
2955 637 3348 691 monachorum
3388 637 3567 691 cordi-

1994 717 2096 773 bus
2123 720 2253 775 solis
2302 726 2713 793 cognoscibiles,
2767 744 2904 797 quas
2952 729 3176 783 forsitan
3222 728 3567 783 Commenta-

1992 809 2134 863 rium
2160 811 2477 869 Gnosticum
2499 827 2657 870 vocat
2696 816 2969 881 Socrates,
2996 818 3200 872 Hister.
3224 818 3422 870 Eccles.
3456 818 3490 870 Ι.
3515 832 3567 869 tv

1992 917 2041 956 c.
2069 903 2155 967 18,
2187 902 2481 971 Palladius,
2507 906 2886 977 Climacusque
2913 917 3245 972 memorant;
3278 909 3323 963 is
3354 908 3417 960 ad
3447 923 3564 960 mo-

1988 994 2197 1048 naehos
2231 1005 2348 1049 erat
2372 996 2633 1065 directus,
2666 999 2855 1053 dubito
2882 1014 2948 1053 nc
2978 1001 3085 1053 sint
3111 998 3399 1068 Κεφάλαια
3429 1014 3564 1065 γνω-

1992 1086 2156 1138 στικὰ
2208 1086 2478 1155 Εὐαγρίου
2554 1089 2824 1158 μοναχοῦ,
2877 1107 2998 1159 qua:
3052 1099 3410 1144 numerantur
3454 1088 3560 1153 6|,

1986 1193 2215 1249 quisque
2253 1180 2384 1231 verti
2423 1180 2659 1235 cGrzeco
2690 1184 2852 1234 etiam
2904 1185 3016 1251 ipse
3073 1182 3126 1236 in
3175 1182 3447 1246 Latinum,
3478 1180 3563 1232 in-

1985 1274 2323 1341 cipiuntque,
2371 1275 2397 1324 ὁ
2442 1274 2673 1342 Χριστὸς
2701 1314 2715 1336 ,
2765 1269 2800 1349 ᾖ
2854 1274 2954 1345 μέν
2993 1277 3110 1327 ἐστι
3137 1275 3393 1345 Χριστὸς,
3448 1273 3560 1341 ἔχει

1983 1365 2081 1435 τὴν
2113 1364 2318 1433 γνῶσιν
2355 1366 2452 1433 τὴν
2502 1365 2752 1435 οὐσιώδη,
2796 1376 2901 1419 etc.
2952 1365 3225 1430 Christus,
3269 1381 3369 1433 quo
3408 1374 3566 1433 pacto

1984 1457 2193 1525 quidem
2221 1456 2462 1511 Christus
2489 1467 2585 1521 est,
2626 1458 2776 1510 habet
2821 1460 3167 1525 cognitionem
3211 1455 3559 1509 essentialem.

1986 1547 2217 1616 Evagrio
2241 1560 2387 1602 certe
2422 1548 2735 1602 tribuuntur
2770 1550 2821 1602 in
2854 1549 3053 1604 Codice
3084 1548 3397 1607 Bat'berino.
3426 1547 3557 1600 etin

1988 1637 2248 1693 Vaticano
2276 1639 2379 1691 62.5
2422 1640 2696 1692 desinunt.
2718 1641 2797 1691 Τὰ
2820 1639 2873 1691 δὲ
2896 1640 3021 1708 τρία
3064 1639 3301 1709 καθαρὰ,
3344 1638 3559 1691 ἀνείδεα

306 1701 698 1771 ¹¹ί⁰¹’⁰“)’¹¹¹¹¹¹“
728 1742 742 1766 ’
794 1709 847 1754 (ἰ
888 1701 1270 1797 EP‘P_"‘P'{‘"""
1310 1705 1613 1774 Origenism
1636 1746 1651 1770 ν
1706 1715 1759 1761 οι
1810 1708 1875 1762 ad
1909 1712 1952 1766 Β
1980 1730 2037 1783 δὲ
2069 1732 2239 1782 εἴκοσι
2267 1730 2430 1785 ὀκτώ.
2472 1731 2526 1784 Id
2574 1740 2678 1792 est,
2714 1729 2837 1783 Tres
2882 1701 3000 1783 vero
3033 1701 3234 1783 notitiae
3262 1701 3440 1797 purw;
3476 1731 3560 1780 in-

303 1810 465 1860 quem
510 1801 726 1846 exstant
768 1794 939 1847 sancti
986 1790 1089 1845 Nili
1122 1784 1377 1863 'epistolte
1417 1796 1538 1851 dua:
1586 1798 1651 1851 ad
1690 1796 1879 1851 Mona-

303 1886 491 1948 clmm,
528 1900 720 1952 nempe
756 1885 876 1948 135,
909 1885 1001 1938 lib.
1039 1901 1100 1948 tt,
1136 1885 1296 1939 Allat.
1330 1887 1382 1940 in
1414 1902 1520 1956 qua
1570 1903 1695 1942 eum
1728 1904 1879 1943 com-

303 1989 452 2045 parat
489 1974 735 2029 Jonathae
765 1977 1071 2045 degustanti
1105 1978 1207 2032 mel
1236 1979 1538 2049 spirituale,
1572 1989 1623 2035 et
1659 1981 1879 2045 τελείως

304 2069 735 2140 κεκαθάρμενον,
754 2070 805 2128 id
831 2070 1179 2139 est,perl'ccte
1211 2081 1498 2141 purgatum
1531 2074 1626 2126 ait.
1663 2071 1719 2126 lu
1748 2074 1878 2140 alia,

306 2162 508 2215 st-ilicet
554 2162 676 2224 151,
710 2161 941 2214 aﬂirniat
988 2176 1111 2213 eum
1154 2160 1444 2232 ἀναζητεῖν
1500 2162 1710 2232 ὑψηλὰς
1742 2164 1879 2217 Θεω-

310 2254 452 2322 ρίας,
488 2255 760 2323 requirere
799 2255 937 2308 altas
969 2256 1477 2321 contemplationes,
1510 2255 1648 2310 forte
1676 2274 1799 2310 eum
1824 2258 1877 2312 in

310 2355 491 2397 monte.
521 2345 727 2406 Nitriae,
767 2354 929 2413 atque
977 2345 1266 2399 solitudine
1316 2357 1659 2401 moraretur:
1687 2348 1882 2418 legitur

306 2446 354 2489 et
395 2438 485 2490 lib.
516 2454 593 2491 lli.
616 2437 768 2505 epist.
798 2436 925 2501 259,
958 2438 1021 2491 ad
1048 2437 1347 2491 Palladium
1376 2438 1777 2509 Presbyterum,
1809 2456 1878 2495 an

305 2529 606 2584 eumdem?
648 2530 713 2584 t’e
766 2529 897 2594 Deo,
937 2531 1027 2599 qui
1086 2538 1345 2586 exoratus
1371 2532 1632 2601 disperdit
1683 2533 1879 2601 impias

304 2621 701 2689 cogitationes,
730 2620 1006 2675 Palladius
1034 2621 1298 2691 (inquam)
1331 2622 1382 2677 in
1412 2639 1473 2677 ea
1504 2622 1761 2677 Lausiaca
1789 2625 1884 2677 mi.

304 2712 471 2765 rilicis
497 2711 647 2764 eliert
682 2710 929 2767 laudibus
949 2710 1236 2780 Evagrium
1276 2712 1559 2769 Ponticum
1588 2730 1618 2769 e
1665 2716 1881 2771 civitate

306 2803 605 2866 lberorum,
642 2820 762 2872 quae
816 2804 959 2857 circa
1010 2803 1281 2858 Euxinum
1341 2806 1443 2859 sita
1496 2808 1667 2861 estin
1706 2809 1880 2863 Ponto

304 2894 559 2956 Amasite,
595 2893 673 2945 \el
699 2892 1077 2962 llclenoponti,
1105 2910 1210 2948 non
1245 2894 1299 2947 itt
1338 2894 1743 2960 Polemoniaco,
1778 2915 1877 2951 na-

304 2994 418 3037 ttttu
451 3002 463 3037 :
500 2984 624 3036 hinc
674 2994 895 3038 sanctus
930 2985 1294 3056 Hieronymus
1326 2986 1739 3057 llyperboritam
1786 3005 1877 3057 ap-

307 3073 504 3141 pellat,
571 3070 880 3142 Presbyteri
939 3074 1141 3139 lilium,
1194 3075 1447 3127 lectorem
1506 3077 1814 3130 ordinatum
1848 3093 1877 3131 a

303 3176 493 3219 sincto
520 3162 717 3217 Basilio
746 3164 998 3234 episcopo
1038 3164 1300 3219 Caesarea:
1344 3168 1410 3220 ad
1449 3168 1721 3237 Argaeum,
1764 3180 1876 3223 tum

299 3252 591 3306 diaconum
637 3262 945 3321 promotum
998 3269 1027 3307 a
1080 3264 1269 3309 sancto
1309 3255 1572 3328 Gregorio
1619 3258 1877 3312 Nazianz.

295 3346 390 3413 qui
440 3346 506 3398 ad
564 3346 857 3400 concilium
899 3346 1565 3418 Constantinopolitanum
1613 3352 1879 3407 accedens

294 3453 443 3489 anno
482 3435 575 3489 581
620 3437 861 3490 habitum
922 3454 951 3491 a
1007 3438 1105 3491 1ὸο
1137 3440 1433 3507 episcopis,
1468 3442 1519 3493 in
1550 3457 1725 3509 eoque
1756 3458 1880 3496 con-

298 3530 548 3580 ﬁrmatus
601 3527 1020 3594 Constantinop.
1075 3528 1382 3595 episcopus,
1446 3529 1685 3582 Maximo
1716 3530 1880 3599 Cyni-

302 3633 366 3667 co
395 3616 666 3682 deposito,
712 3625 763 3667 cl
797 3615 1033 3681 Spiritus
1092 3618 1264 3669 sancti
1314 3618 1530 3668 decreta
1574 3617 1877 3682 divinitate,

298 3705 449 3771 juxta
495 3704 745 3756 volumen
778 3704 997 3757 Patrum
1058 3705 1497 3770 occidentalium,
1551 3704 1617 3759 de
1665 3722 1774 3774 quo
1824 3708 1878 3759 in

300 3800 526 3852 (lunone
542 3798 911 3868 quintoell
936 3798 1135 3867 agitur,
1158 3797 1371 3866 reliquit
1391 3797 1703 3869 Evagrium,
1726 3813 1878 3851 cont-

303 3888 682 3958 mendavitque
698 3905 813 3942 suci
831 3889 1005 3943 essuri
1030 3904 1131 3943 suo
1148 3886 1419 3942 Nectario.
1436 3889 1533 3942 llic
1546 3897 1725 3942 autem
1742 3887 1882 3942 Eva-

301 3976 452 4047 gritts
503 3976 807 4044 discipulus
862 3977 1035 4031 sancti
1076 3975 1236 4046 Greg.
1278 3976 1539 4033 Nazianz.
1585 3986 1881 4045 censetur,

302 4071 487 4139 lapsus
530 4079 709 4123 tamen
761 4071 814 4123 in
854 4067 1107 4139 Origenis
1141 4075 1343 4123 sectam
1406 4068 1474 4122 ab
1503 4082 1592 4121 an.
1632 4067 1758 4133 579,
1789 4066 1881 4121 Di-

300 4163 464 4234 dytuo
522 4162 779 4227 docente;
818 4162 911 4216 sed
962 4178 1082 4217 cum
1131 4160 1606 4230 Constantinopoli
1662 4160 1878 4214 diaconi

304 4252 619 4322 iungeretur
648 4267 894 4317 munere,
929 4252 1001 4306 ibi
1035 4261 1369 4321 pertentatus
1403 4252 1470 4305 ab
1502 4266 1673 4305 uxore
1700 4251 1879 4321 cujus-

1982 1822 2176 1887 formes
2207 1838 2345 1883 vero,
2378 1838 2467 1875 seu
2514 1821 2801 1874 invisibiles
2852 1821 3033 1891 viginti
3079 1832 3215 1874 octo.
3263 1818 3562 1875 Sententiae

1988 1923 2172 1967 autem
2206 1912 2433 1967 forsitan
2470 1920 2625 1966 erant
2659 1912 2762 1965 illze
2787 1921 3025 1977 centum,
3066 1928 3203 1982 quas
3228 1928 3351 1966 mox
3382 1910 3556 1980 subji-

1982 2005 2067 2059 cio
2096 1994 2323 2059 numero
2356 2005 2441 2069 1⁸5,
2469 2004 2534 2057 14
2581 2013 2633 2057 et
2665 2004 2752 2065 l5,
2791 2002 3193 2071 przeferuntque
3232 2003 3446 2055 tilulum
3466 2018 3558 2053 κε-

1980 2096 2225 2163 φαλαίων
2254 2096 2335 2163 λγ¹
2378 2096 2521 2147 κατὰ
2553 2093 2877 2147 ἀκολουθίαν
2907 2113 2921 2148 :
2950 2095 3003 2148 id
3045 2106 3149 2155 est,
3188 2095 3419 2161 capitum
3462 2094 3555 2158 55,

1981 2202 2073 2255 per
2088 2186 2284 2256 gradus
2302 2185 2556 2254 quosdam
2578 2186 2745 2235 instar
2756 2185 3133 2252 consequentia:
3154 2184 3556 2251 dispositorum,

1983 2286 2097 2329 tum
2129 2258 2424 2329 νουθεσιῶν
2442 2274 2829 2343 πνευματικῶν
2860 2274 2978 2328 κατ’
3006 2275 3315 2343 ἀλφάϐητον
3346 2275 3552 2345 ἕτερον,

1984 2364 2360 2435 Spiritualium
2397 2364 2813 2415 admonitionum
2869 2363 3153 2415 secundum
3200 2362 3554 2430 alphabetum,

1982 2457 2246 2518 alterum;
2294 2461 2789 2522 computanturque
2835 2454 2938 2507 illa:
2962 2453 3053 2506 25.
3099 2454 3325 2507 Demum
3359 2452 3554 2506 subse-

1982 2556 2220 2618 quuntur
2247 2547 2366 2600 alia:
2405 2562 2598 2615 nempe
2644 2545 2958 2609 Sententiae,
3004 2543 3555 2609 autAdmonitiones,

1980 2630 2400 2709 ἕτὲραιγνῶμαι
2422 2637 2454 2707 ἦ
2473 2635 2764 2695 νουθεσίαι.
2800 2646 3261 2703 numerantur-que
3290 2633 3377 2687 26.
3408 2633 3559 2687 Prin-

1982 2732 2182 2801 cipium
2203 2729 2575 2797 Capitulorum
2599 2738 2711 2781 est:
2732 2727 2946 2796 ἰκτερός
2980 2727 3125 2778 ἐστιν
3145 2726 3258 2790 ἕξις
3274 2726 3518 2797 χειρίστη
3536 2767 3553 2791 ,

1982 2822 2037 2877 id
2068 2829 2173 2885 est,
2212 2817 2428 2873 Morbus
2469 2826 2723 2887 arquatus
2766 2824 2841 2869 est
2886 2814 3095 2867 habitus
3125 2816 3379 2880 pessimus
3409 2833 3423 2869 :
3454 2814 3557 2867 ini—

1983 2914 2117 2967 tium
2150 2911 2378 2963 alterius
2408 2908 2695 2976 Alphabeti
2728 2906 3160 2959 admonitionum
3190 2904 3552 2975 spiritualium

1982 3004 2062 3058 sic
2091 3010 2170 3055 est
2189 3008 2530 3068 conceptum,
2560 2998 2758 3051 ἄτοπόν
2777 2998 2911 3061 ἐστι,
2944 2996 2995 3049 id
3023 3005 3103 3050 est
3131 2996 3417 3048 absurdum
3442 3008 3556 3051 est:

1982 3093 2215 3161 denique
2256 3090 2523 3158 incipiunt
2571 3089 2691 3142 alia:
2736 3089 3016 3142 sententiae
3061 3087 3202 3157 ἀρχὴ
3236 3087 3473 3156 ἀγάπης,
3503 3087 3555 3141 id

1983 3195 2088 3245 est,
2144 3180 2467 3251 principium
2513 3179 2816 3243 charitatis,
2852 3178 3237 3247 contineutque
3283 3178 3559 3231 Abeceda-

1985 3276 2124 3328 rium
2156 3273 2409 3342 amplius,
2444 3281 2498 3324 et
2530 3271 2794 3324 collectus
2840 3284 3101 3323 numerus
3134 3269 3369 3338 capitum
3407 3269 3475 3323 33
3505 3280 3561 3324 et

1981 3368 2052 3420 25
2079 3377 2129 3420 et
2160 3366 2229 3419 26
2252 3364 2491 3433 exsurgit
2524 3362 2591 3416 ad
2616 3362 2683 3416 8-1
2708 3380 2722 3425 ;
2751 3362 2953 3431 quibus
2979 3363 3024 3416 si
3042 3361 3307 3431 adjeceris
3331 3361 3401 3415 25
3432 3378 3556 3416 νου-

1984 3459 2192 3522 θεσίας,
2245 3459 2357 3513 sive
2397 3457 2622 3526 γνώμας
2676 3457 3009 3527 δογματικὰς
3064 3461 3182 3511 κατ’
3222 3458 3555 3529 ἀλφάϐητον,

1982 3564 2103 3617 qua:
2133 3548 2201 3600 ah
2243 3546 2545 3601 llolstcinio
2582 3548 2927 3601 vindicantur
2977 3560 3165 3600 onmes
3210 3546 3459 3613 Evagrio,
3505 3554 3561 3601 et

1986 3639 2311 3692 inchoantur
2346 3636 2546 3707 :‘Apyg‘q
2575 3638 2785 3704 σοφίας,
2818 3639 2900 3690 vcl
2949 3636 3245 3705 σωτηρίας,
3282 3636 3562 3690 adnotavit

1984 3732 2129 3786 enim
2170 3732 2249 3785 vir
2298 3730 2493 3783 doctus
2553 3729 2686 3783 istas
2729 3727 2953 3797 γνώμας
2998 3728 3319 3790 sententias,
3373 3735 3467 3781 aut
3511 3726 3558 3782 si

1985 3821 2143 3875 malis
2180 3818 2482 3884 νουθεσίας,
2533 3818 2628 3869 καὶ
2675 3816 2944 3885 κεφάλαια
2973 3855 2987 3879 ,
3036 3816 3087 3870 id
3116 3826 3199 3871 est
3237 3816 3561 3869 Admonitio-

1986 3930 2071 3966 nes
2116 3925 2162 3967 et
2216 3910 2465 3979 Capitula
2510 3909 2724 3979 Evagrii
2778 3907 2951 3977 Opera
2997 3923 3139 3972 esse,
3172 3923 3265 3962 seu
3308 3907 3561 3978 παραινέ-

1986 4022 2119 4067 σεις,
2162 4004 2213 4059 id
2246 4014 2326 4059 est
2356 4004 2519 4074 612
2538 4002 2967 4066 Adhortationes,
2993 4014 3055 4051 ex
3083 3998 3434 4068 inscriptione
3461 4016 3559 4050 an-

1985 4089 2280 4159 tiquissimi
2312 4091 2516 4144 codicis
2547 4088 2661 4142 BB.
2700 4087 2802 4143 BB.
2856 4088 2919 4141 Et
2943 4087 3069 4156 quia
3125 4086 3368 4156 ejusdem
3422 4085 3562 4140 Eva-

1984 4182 2086 4252 grii
2129 4181 2349 4236 nomine
2382 4181 2581 4250 passim
2634 4181 2875 4234 citantur
2912 4179 2964 4233 in
2996 4177 3206 4232 Melissa
3235 4179 3405 4233 sancti
3445 4177 3561 4231 Ma-

1987 4273 2141 4335 ximi,
2173 4281 2221 4325 et
2262 4270 2508 4336 Antonii,
2556 4272 2659 4325 etsi
2694 4268 2814 4323 Nilo
2862 4269 3232 4324 inscribautur
3266 4268 3316 4321 in
3362 4267 3562 4320 Biblios

302 4347 427 4400 dm"
467 4362 495 4400 ε
535 4346 824 4415 Puniceus:
862 4356 917 4400 ει
948 4348 1064 4401 νῖδυ
1103 4348 1325 4401 ιυννίιυε
1356 4346 1570 4417 003"“r
1620 4349 1883 4401 excedere
1910 4370 1960 4430 ι)
1990 4366 2145 4420 theca
2182 4363 2435 4418 Veterum
2466 4365 2686 4419 Patrum
2717 4362 3120 4419 Graeco-Latina
3155 4360 3380 4415 Parisiis
3416 4360 3560 4413 edita

302 4439 772 4508 divinoimpulsu.
808 4438 1090 4494 Melaniam
1141 4440 1325 4509 itaque
1373 4440 1646 4494 seniorem
1696 4439 1883 4493 invisit

210 4597 221 4609 ο
302 4529 695 4602 Hierosolymis
729 4542 1054 4594 versantem,
1097 4540 1151 4585 et
1181 4531 1407 4585 adhaesit
1439 4532 1521 4598 ei;
1558 4547 1790 4600 cumque
1826 4531 1879 4585 in

304 4628 556 4681 morbum
602 4628 904 4693 incidisset,
948 4628 1173 4682 Melania
1206 4628 1381 4681 induit
1422 4644 1546 4681 eum
1584 4627 1766 4681 habitu
1801 4628 1883 4699 (ut

303 4720 578 4777 Palladius
617 4723 832 4785 asserit)
868 4722 1193 4787 monastico,
1218 4732 1271 4776 et
1303 4722 1510 4775 dimisit
1534 4722 1598 4777 ad
1642 4733 1879 4777 montem

306 4811 513 4877 Nitrim,
572 4814 660 4866 ubi
729 4829 822 4883 per
867 4814 1146 4868 biennium
1193 4824 1563 4869 commoratus
1609 4824 1724 4881 est;
1767 4825 1879 4869 ttnu

305 4905 438 4958 abiit
472 4906 522 4958 in
556 4905 930 4969 solitudinem,
970 4906 1151 4974 ibique
1180 4922 1354 4959 annos
1376 4907 1787 4975 quatuordccim
1825 4907 1878 4960 in

302 4998 491 5054 Celliis
522 5000 676 5058 vixit.
726 4999 984 5052 insistens
1012 4997 1237 5066 jejuniis
1268 5006 1321 5051 et
1370 5000 1732 5061 orationilms,
1765 5000 1882 5053 lou-

305 5105 538 5158 gantquc
566 5090 856 5159 complevit
898 5099 1147 5143 tetatem:
1182 5090 1488 5159 composuit
1521 5091 1783 5159 plurimos
1820 5091 1852 5143 li

307 5181 454 5235 bros.
493 5175 660 5243 Οὗτος
683 5181 888 5251 ἔγραψε
918 5182 1172 5253 διάφορα.
1206 5182 1301 5236 καὶ
1343 5182 1645 5253 ὑπόμνημα
1677 5184 1753 5245 εἰς
1788 5184 1884 5247 τὰς

306 5272 616 5342 Παροιμίας
649 5272 739 5325 τοῦ
777 5273 1136 5343 Σολομῶντος.
1170 5274 1272 5327 Isle
1301 5273 1515 5343 scripsit
1557 5275 1793 5337 diversa,
1834 5287 1886 5329 ct

308 5361 775 5415 Continentarittm
842 5362 893 5413 in
947 5362 1235 5416 Proverbia
1298 5361 1609 5416 Salomonis
1667 5366 1886 5433 (inquit

311 5451 529 5521 Suidas)
560 5452 624 5505 ad
659 5452 895 5522 virgines
946 5454 1053 5505 Dco
1087 5461 1353 5513 sacratas,
1391 5454 1630 5508 libellunt
1661 5471 1883 5525 compe-

310 5552 508 5599 tenlctu
539 5543 690 5597 sexui
717 5553 768 5596 ct
793 5532 1059 5610 religioni,
1086 5560 1111 5595 τι
1140 5544 1349 5598 l’udliuo
1376 5547 1688 5615 presbytero
1718 5549 1886 5616 Aqui-

312 5638 501 5693 ieiensi
538 5654 751 5692 \‘CtS'dllt
791 5639 842 5692 in
878 5637 1314 5705 LJIiltUlil,L-i£ul
1343 5651 1389 5693 et
1424 5641 1619 5695 libtuut
1657 5641 1887 5696 Senten-

1986 4473 2131 4511 anno
2168 4455 2332 4519 1624,
2358 4469 2553 4524 nempe
2579 4454 2767 4525 viginti
2794 4464 2901 4509 tres
2932 4463 3219 4523 postremae
3250 4451 3412 4506 simul
3440 4465 3558 4503 cum

1987 4547 2109 4601 aliis
2144 4545 2274 4609 206,
2312 4562 2449 4613 quas
2498 4547 2615 4615 ipse
2657 4544 2839 4610 omisi,
2881 4544 3005 4614 quia
3047 4544 3209 4597 vertit
3250 4558 3344 4595 cas
3394 4539 3561 4593 Zinus

1987 4641 2391 4708 suprascriptus
2417 4637 2631 4699 Latine,
2666 4634 3012 4705 Venetiisque
3042 4631 3564 4704 promulgavitanno

1989 4732 2146 4795 15η,
2188 4740 2240 4783 et
2282 4729 2570 4797 incipiunt,
2600 4728 2768 4781 Φόϐον
2794 4727 2883 4797 ἔχε
2918 4725 3072 4788 Θεοῦ,
3105 4724 3154 4780 id
3188 4733 3287 4786 est,
3324 4723 3561 4773 timorem

1986 4824 2115 4875 habe
2160 4822 2252 4874 Dei
2283 4839 2300 4880 :
2332 4831 2381 4874 et
2414 4821 2465 4874 in
2490 4820 2784 4873 Parisiensi
2827 4819 3065 4873 editione
3098 4815 3279 4871 σηιξιό
3318 4827 3381 4866 ac
3412 4809 3559 4863 Lati-

1990 4930 2056 4967 ne
2083 4913 2245 4966 simul
2285 4921 2537 4975 exstant;
2575 4909 2868 4962 Latinitate
2915 4918 3095 4961 autem
3132 4902 3326 4958 donavi
3360 4901 3427 4953 53
3453 4899 3560 4953 C3-

1990 5007 2179 5075 pitula,
2229 5003 2592 5058 Abeeedarias
2629 5001 2826 5055 alteras
2865 4998 3262 5052 admonitiones
3305 4993 3375 5046 25
3404 5002 3456 5047 et
3489 4991 3561 5047 26

1990 5099 2309 5163 sententias,
2343 5113 2462 5165 qua!
2495 5112 2600 5149 una
2652 5110 2774 5148 cum
2814 5092 3002 5162 viginti
3056 5090 3226 5143 tribus
3261 5089 3561 5152 exsurgunt

1988 5191 2055 5246 ad
2090 5191 2230 5253 ltt'i;
2286 5195 2621 5257 possuntque
2675 5182 2969 5235 Sententia:
3024 5179 3124 5231 illa!
3167 5185 3381 5230 centum
3438 5186 3560 5228 esse

1988 5279 2229 5350 Evagrii,
2268 5294 2405 5348 quas
2429 5277 2677 5331 Bullinus
2696 5273 2886 5327 Latine
2922 5268 3099 5332 vertit,
3128 5268 3267 5321 sicut
3298 5266 3416 5318 alia:
3452 5276 3561 5316 mo-

1994 5372 2295 5425 nachorqu
2329 5368 2588 5423 cordibus
2623 5363 3014 5437 cognoscibiles
3043 5357 3294 5411 videntur
3326 5370 3446 5410 esse
3467 5370 3560 5406 κε-

1994 5461 2197 5529 φάλαια
2242 5458 2521 5513 Γνωστικὰ
2573 5455 2824 5524 Evagrii,
2880 5448 3226 5522 quantumvis
3279 5446 3344 5499 ad
3402 5457 3555 5496 oram

1996 5551 2348 5619 tnatsuscriptt
2378 5548 2579 5602 codicis
2606 5543 2949 5604 [iatbcritti,e
2971 5556 3078 5609 quo
3108 5536 3373 5605 exscripta
3402 5541 3551 5592 sunt,

1993 5645 2261 5712 appittunt
2288 5643 2353 5697 sit
2384 5660 2442 5697 ca
2466 5641 2517 5694 in
2551 5641 2734 5694 codice
2760 5635 3016 5689 Vaticano
3046 5630 3173 5684 1451
3207 5628 3557 5693 tiranii???“
