3990 6204
584 241 716 311 I339

573 359 857 425 exsistere,
907 364 1112 413 etesse
1165 355 1294 420 Nili,
1343 355 1410 410 ab
1447 357 1697 426 ipsemet,
1753 374 1928 428 neque
1975 361 2153 424 fallor,
2190 369 2230 422 Α

578 450 898 510 llolstcinio,
923 447 1016 516 qui
1055 457 1232 501 tamen
1281 449 1394 502 haec
1447 449 1632 502 omnia
1679 450 1897 504 demum
1939 452 2151 522 Evagrii

576 560 702 600 esse
733 543 866 596 vult.
900 541 1032 596 Utut
1068 540 1162 606 sit,
1197 542 1607 599 lucubrationes
1638 543 1802 599 hasce
1849 545 1986 600 duas
2016 547 2153 598 Eva-

581 635 706 702 grii,
739 648 860 701 quae
897 633 966 686 ad
1009 633 1390 698 anachoretas,
1435 644 1489 688 et
1519 635 1826 690 monachos
1862 636 2150 705 pertinent,

577 723 828 777 [iuiIinus
867 725 1250 793 interpretatus
1275 735 1376 786 est,
1415 726 1490 778 uti
1514 725 1778 778 Libellum
1803 724 1869 778 ad
1906 723 2153 794 Virgines

578 811 691 864 Deo
731 813 974 879 devotas,
1015 814 1148 883 quin
1191 823 1244 867 et
1271 813 1578 868 Doctriuam
1632 824 1812 880 aptam
1851 815 1971 867 vita:
2006 830 2153 868 com-

577 903 762 956 munis
793 904 1103 966 cmnobilis,
1151 913 1205 958 et
1245 903 1520 974 Synoditis
1552 904 1616 957 ad
1669 903 1946 974 Virginem
1991 903 2153 958 Mela-

577 993 724 1047 niam
749 994 818 1047 ab
855 995 1043 1048 eodem
1081 995 1312 1065 Evagrio
1335 997 1568 1064 scripue,
1603 995 1744 1050 sicut
1774 1005 1996 1050 sanctus
2026 996 2150 1050 Ilie-

576 1096 838 1152 ronymus
869 1091 1133 1146 testatur;
1161 1083 1382 1152 insuper
1416 1085 1610 1137 librum
1651 1085 1725 1138 De
1758 1087 1877 1138 vitis
1903 1085 2147 1147 Patrum,

577 1173 624 1224 si
657 1188 764 1241 qua
801 1172 933 1226 fides
959 1173 1262 1237 Gennadio,
1293 1186 1346 1227 et
1377 1185 1500 1228 onto
1523 1175 1864 1244 librus,quos
1895 1178 2152 1246 opposuit

577 1263 846 1331 Evagrins
877 1264 1138 1320 adversus
1169 1275 1293 1320 octo
1325 1267 1706 1337 principalium
1739 1268 1990 1322 vitiorum
2022 1285 2152 1339 Sng-

576 1350 886 1418 gesriones,
939 1368 1079 1422 quos
1130 1355 1447 1410 Gennadius
1495 1357 1684 1425 jussus
1734 1357 1924 1412 Latine
1972 1360 2150 1414 reddi-

574 1441 693 1494 dit‘:
721 1455 978 1510 prieterea
1031 1443 1284 1506 Librum,
1335 1462 1426 1500 seu
1481 1447 1834 1502 Sententiam.
1867 1451 1996 1520 περὶ
2048 1450 2150 1519 τῆς

573 1531 864 1596 ἀπαθείας,
900 1535 966 1587 de
1017 1535 1460 1604 impassibilitate
1488 1539 1652 1603 ,sive
1685 1539 2149 1609 imperturbabili-

573 1632 704 1687 tate,
739 1625 837 1692 qui
883 1623 1190 1694 Pelagianis
1219 1644 1410 1682 ansam
1460 1631 1709 1699 praebuit,
1753 1648 1984 1700 quorum
2018 1648 2149 1703 ope-

1503 245 1648 304 JOS.
1688 247 1949 306 ΜΑΙῖΙι-ΙΞ
1987 249 2341 308 SUAIiESII
2390 249 2886 310 DISSERT.\TIO

3713 250 3842 313 1ΪῖΞέ

2330 360 2543 429 Evagrii
2577 361 2821 431 quidem,
2853 369 2904 414 et
2932 357 3035 413 Nili
3069 360 3327 428 opuscula
3354 362 3428 412 ita
3474 368 3616 412 sunt
3649 377 3838 428 perun.

2258 461 2360 512 sta.
2395 461 2448 506 et
2481 452 2706 517 inserta,
2741 466 2806 505 ne
2837 451 3012 506 dicam
3047 452 3275 505 confusa
3325 452 3377 504 in
3410 452 3674 520 antiquis
3697 460 3838 507 codi-

2255 543 2412 597 cibus
2460 543 2669 596 calamo
2722 542 2981 606 exaratis,
3036 551 3094 596 ut
3128 557 3268 610 a’gre
3311 541 3562 596 discerni
3616 545 3837 611 possint,

2259 633 2601 701 arduumque
2628 633 3019 702 sitdijudicare
3067 632 3132 685 ad
3166 647 3326 701 quem
3369 647 3437 686 ex
3473 633 3566 687 his
3609 648 3678 686 ea
3735 651 3834 703 sps»

2254 731 2400 776 ctent
2424 722 2770 776 librariorum
2797 737 2987 776 errore
3006 723 3192 776 titulos
3215 737 3502 792 perperam
3525 723 3832 778 inscriber-

2256 814 2391 868 tium
2427 833 2440 867 :
2473 814 2644 883 stylus
2678 815 2792 884 ipse
2820 829 3190 881 compressus,
3232 825 3284 867 et
3320 815 3372 866 in
3397 825 3633 868 arctum
3665 816 3832 869 coiere

2255 906 2308 958 in
2339 905 2610 975 capitulis,
2646 906 2954 970 sententiis,
2997 914 3160 973 atque
3205 904 3463 960 brevibus
3509 906 3834 959 adsnonitin.

2253 995 2415 1050 nibus
2443 1012 2551 1050 non
2591 1006 2674 1049 est
2703 996 2837 1050 satis
2868 1007 3050 1050 certus
3114 1011 3179 1050 ac
3218 1004 3370 1050 tutus
3397 995 3598 1060 index,
3650 997 3828 1050 chara—

2253 1097 2476 1158 cterque
2503 1088 2758 1143 dictionis
2803 1103 3195 1156 nonnunquam
3231 1088 3392 1141 etiam
3446 1088 3642 1142 fusius
3676 1105 3830 1142 exun-

2252 1175 2435 1230 dantis
2459 1175 2682 1228 minime
2729 1175 2930 1244 arguit,
2957 1173 3211 1242 clareque
3237 1173 3494 1242 patefacit
3527 1185 3828 1236 auctorem,

2260 1265 2450 1320 eadem
2476 1266 2541 1320 de
2583 1264 2835 1328 materia,
2867 1265 3057 1318 eadem
3088 1273 3269 1329 aetate,
3307 1265 3361 1318 in
3391 1266 3598 1319 eadem
3641 1267 3829 1334 ιπυτςς-

2252 1357 2404 1410 sione
2443 1355 2820 1410 disserentem.
2865 1355 2954 1409 llle
2985 1355 3098 1425 ipse
3140 1353 3409 1419 Socrates,
3445 1357 3544 1426 qui
3601 1357 3826 1409 visitm.

2249 1461 2358 1516 quo
2392 1444 2546 1501 Nilus
2576 1455 2630 1500 et
2668 1446 2932 1515 Evagrius
2965 1446 3197 1500 floruere
3246 1447 3701 1508 s:eculo,tribuit
3722 1448 3827 1498 Eva-

2250 1537 2369 1606 grio
2414 1537 2609 1589 librum
2657 1537 2730 1590 De
2757 1538 2982 1590 ascetira
3027 1539 3154 1600 vita,
3198 1537 3311 1592 sive
3355 1539 3700 1602 asceticum,
3727 1555 3826 1592 cum

2252 1636 2432 1682 tamen
2463 1627 2644 1681 nullus
2689 1629 2962 1681 iulieictur
3005 1627 3186 1682 Nilum
3215 1629 3334 1697 ejus
3373 1640 3675 1684 auctorem
3709 1648 3823 1684 esse.

574 1729 694 1765 rum
719 1723 924 1782 septem
949 1714 1215 1785 interpres
1232 1716 1458 1774 Latinus
1484 1721 1585 1775 fuit
1603 1721 1868 1786 Rullinus,
1893 1723 1959 1777 ad
1983 1702 2146 1794 quem
2180 1702 2221 1756 Β
2255 1718 2484 1788 Evagrio
2508 1732 2724 1786 quoque
2753 1720 3100 1774 ascribuntur
3122 1720 3222 1774 150
3249 1721 3564 1780 sementim.
3596 1729 3656 1773 el
3677 1723 3822 1789 capita

572 1804 885 1874 ἡσυχαστὴν
941 1806 1162 1875 scripsit
1218 1808 1391 1873 Nilus,
1439 1811 1517 1863 uti
1571 1812 1822 1880 superius
1868 1814 2147 1876 adnotavi,

573 1895 666 1962 qui
701 1893 951 1964 Origenis
977 1913 1193 1967 quoque
1217 1899 1386 1954 libros
1411 1899 1564 1956 Latio
1590 1903 1756 1966 dedit,
1789 1904 1882 1957 sed
1915 1904 2146 1959 infelici—

576 1997 694 2050 tct';
740 2002 864 2040 nam
908 1989 1040 2040 tanti
1075 1988 1196 2053 viri,
1250 2005 1379 2060 quo,
1430 1991 1518 2045 ubi
1559 1993 1696 2047 bene
1755 1995 1945 2055 sensit,
1988 2010 2149 2050 nemo

575 2077 791 2138 tnelius,
838 2079 927 2131 ubi
961 2079 1123 2144 male,
1160 2096 1318 2134 nemo
1353 2083 1527 2151 pejus,
1561 2099 1776 2138 errores
1825 2086 2059 2145 imbibit,
2094 2096 2146 2140 et

570 2179 662 2220 eos
697 2169 859 2222 tutari
889 2169 1016 2224 dum
1045 2180 1296 2233 conatur,
1333 2172 1515 2241 lapsus
1547 2185 1629 2228 est
1658 2176 1906 2245 turpiter.
1944 2192 2007 2230 ac
2039 2177 2147 2245 glo-

570 2257 683 2320 riae,
713 2274 877 2326 quam
909 2279 939 2314 e
971 2263 1217 2317 versione
1241 2262 1493 2316 Historia:
1519 2264 1892 2320 ecclesiastica:
1923 2265 2141 2320 Eusebii

566 2343 945 2411 Caesariensis,
974 2349 1059 2402 cui
1095 2349 1234 2406 duos
1263 2351 1432 2405 libros
1479 2353 1729 2415 attexuit,
1761 2363 1949 2423 totque
1980 2353 2142 2408 \‘olu-

568 2435 779 2489 tuinutn
806 2436 906 2491 SS.
939 2438 1147 2505 Basilii,
1178 2441 1422 2512 Gregorii
1449 2440 1797 2504 Nazianzeni,
1821 2455 1874 2498 et
1908 2446 2138 2498 aliormu

565 2526 667 2578 sibi
713 2538 1117 2598 construxerat,
1163 2534 1440 2586 cumulum
1476 2535 1637 2588 diruit
1690 2534 1790 2588 hoc
1839 2537 2013 2605 lapsu,
2049 2537 2141 2591 de-

567 2627 816 2674 mortuus
850 2620 901 2672 in
955 2622 1171 2688 Sicilia;
1226 2635 1414 2677 sancto
1450 2624 1779 2697 Hieronymo
1816 2629 2013 2690 indice,
2047 2631 2140 2694 qui

564 2726 687 2762 eum
725 2709 1035 2780 Scorpium,
1064 2726 1116 2768 et
1155 2701 1666 2780 Grunnium'vocat,
1697 2729 1749 2772 et
1796 2719 1986 2774 scribit
2017 2719 2140 2774 Tri-

566 2800 766 2852 nacria:
811 2799 978 2853 humo
1026 2808 1196 2870 premi
1249 2805 1387 2858 inter
1421 2805 1746 2860 Enceladum
1789 2820 1842 2863 et
1899 2810 2140 2882 Porphy-

567 2889 732 2952 rium,
764 2890 814 2942 in
841 2894 1073 2957 primum
1104 2893 1564 2949 Commentarium
1589 2899 1652 2950 ad
1683 2897 1878 2955 Ezech.
1914 2903 1964 2955 in
1993 2904 2135 2956 Prac-

566 2981 662 3033 fat.
714 2981 778 3034 ad
817 2981 1169 3036 Eustochium
1204 2995 1336 3038 tom.
1369 2987 1430 3039 IV
1456 3028 1470 3050 ,
1511 3006 1628 3058 pag.
1659 2993 1782 3051 530,
1819 2993 1869 3044 id
1923 3004 2024 3055 est,
2071 2996 2138 3048 ad

567 3071 810 3126 Etuam.
862 3075 1168 3129 (Iardinalis
1211 3077 1476 3132 Bai-unius
1528 3082 1818 3133 verisinnle
1876 3091 2028 3151 putat
2075 3101 2139 3140 eo

567 3162 842 3217 liuffinum
886 3181 1009 3218 cum
1054 3166 1282 3219 Melania
1306 3167 1639 3237 confugisse,
1675 3181 1832 3238 capta
1875 3172 2043 3225 Roma
2072 3176 2139 3228 ad

567 3269 696 3305 ann.
727 3253 788 3308 C.
819 3255 944 3308 410.
997 3255 1204 3309 Laudat
1247 3275 1369 3311 eum
1412 3270 1634 3314 sanctus
1668 3260 1945 3325 Paulinus,
1978 3267 2135 3333 epist.

569 3345 602 3396 9
648 3346 713 3396 ad
749 3345 1036 3411 Severum,
1085 3348 1382 3417 scribitque
1418 3351 1484 3403 ad
1518 3353 1766 3405 eutudem
1800 3355 1959 3422 epist.
1989 3357 2052 3408 47
2087 3370 2140 3412 et

566 3435 657 3488 48.
708 3434 1142 3504 Origenistarum
1190 3443 1580 3510 antesignanus
1629 3443 1732 3498 fuit
1779 3447 2034 3510 habitus,
2083 3451 2136 3502 in

567 3543 727 3595 quem
771 3538 994 3584 sanctus
1037 3529 1396 3602 Hieronymus
1429 3535 1556 3588 olim
1601 3539 1783 3592 socius
1818 3549 1870 3592 et
1904 3541 2135 3604 amicus,

565 3620 766 3688 stylum
799 3621 935 3674 adeo
963 3623 1158 3675 acerbe
1199 3624 1468 3694 stringere
1515 3637 1739 3684 coactus
1799 3642 1899 3686 est.
1938 3632 2138 3686 Dolen-

565 3710 695 3764 dum
746 3712 989 3780 profecto
1029 3714 1094 3767 de
1133 3714 1377 3786 Didymi,
1423 3717 1682 3784 Melanite,
1713 3721 1960 3787 Palladii,
1999 3723 2137 3778 lava-

567 3801 689 3868 grii,
733 3801 1044 3871 Ruﬂinique
1087 3807 1327 3870 casibus,
1364 3819 1417 3860 et
1461 3809 1642 3862 stellas
1713 3812 1874 3866 hasce
1903 3815 2137 3870 caducas

565 3887 824 3945 Ecclesia:
861 3893 1058 3948 deflere
1097 3895 1419 3950 deberemus
1455 3900 1717 3964 amarius,
1762 3902 1862 3955 nisi
1894 3907 2133 3972 suspica-

564 3995 752 4034 remur
780 3983 848 4034 ab
881 3984 964 4036 his
1001 4000 1107 4038 non
1144 3993 1250 4037 tam
1287 3997 1552 4055 proterve,
1586 3997 1803 4058 tamque
1842 3995 2134 4061 pertinaci-

564 4081 646 4123 ter
668 4088 862 4139 pravas
889 4072 1138 4144 Origenis
1163 4077 1448 4146 opiniones
1478 4079 1646 4135 fuisse
1667 4081 1937 4145 defensus,
1975 4087 2133 4157 613

563 4165 812 4230 quamvis
831 4175 887 4219 ut
905 4183 1080 4222 scenae
1099 4172 1383 4237 servirent,
1406 4172 1483 4225 ira
1497 4181 1865 4229 transversum
1887 4179 2008 4240 acti,
2026 4196 2133 4232 cer-

564 4255 824 4322 tandique
847 4256 1117 4322 studio,et
1134 4261 1314 4314 calore
1332 4261 1608 4328 fuerint,et
1629 4267 1844 4321 nomine
1869 4268 2128 4340 Pamphili

2252 1817 2374 1862 octo
2418 1810 2682 1863 adversus
2729 1817 2852 1862 octo
2907 1809 3251 1870 vitiositatcs,
3286 1825 3407 1878 qua:
3439 1809 3654 1862 Latine
3696 1816 3821 1864 venit

2252 1899 2431 1952 omnia
2465 1899 2779 1953 Gennadius
2799 1939 2813 1963 ,
2846 1914 2914 1952 an
2941 1898 3221 1954 Bullinus?
3247 1915 3352 1954 non
3378 1911 3575 1954 autem
3618 1902 3746 1954 liber
3771 1905 3816 1956 de

2253 1985 2388 2042 Vitis
2420 1987 2665 2052 Patrum,
2700 1989 2750 2042 iu
2784 1990 2983 2058 quibus
3021 1999 3230 2044 tantum
3256 1991 3512 2046 laudatur
3548 1990 3810 2061 Evagrins.

2253 2087 2311 2132 ut
2369 2080 2478 2133 vult
2524 2078 2856 2150 Rosweydus
2903 2078 2954 2131 iu
2999 2078 3319 2134 Lausiacam
3374 2079 3648 2142 Palladii,
3698 2093 3740 2135 et
3779 2103 3810 2134 ις,

2249 2175 2647 2243 prolegomenis
2692 2175 2758 2227 ad
2795 2172 2945 2227 Vitas
2982 2171 3224 2224 Patrum.
3260 2171 3314 2224 lu
3352 2172 3630 2227 confesso
3671 2185 3808 2226 ευιεεπτ

2246 2275 2328 2321 cst
2356 2265 2610 2318 omnibus
2639 2265 2832 2319 harum
2879 2265 2978 2318 150
3005 2264 3426 2327 sententiarum,
3462 2263 3624 2318 sicut
3651 2277 3702 2318 et
3725 2269 3804 2317 lis-:i

2246 2353 2504 2406 adversus
2527 2360 2650 2404 octo
2670 2352 2997 2406 vitiositatcs
3027 2361 3307 2404 auctorem
3327 2365 3454 2404 esse
3476 2349 3698 2404 Nilum.
3718 2351 3764 2402 Vi
3785 2371 3806 2403 ·τ

2244 2447 2574 2500 eardinalem
2632 2446 2921 2500 Baronium
2982 2446 3036 2499 in
3079 2453 3191 2499 not.
3247 2445 3311 2498 ad
3381 2445 3804 2515 Martyrologlazza

2247 2537 2571 2602 Romanum,
2615 2537 2964 2592 Possevinum
3007 2538 3156 2591 illum
3191 2553 3314 2590 cum
3355 2536 3715 2592 Antiocheno
3745 2542 3806 2590 ili-

2245 2641 2506 2685 scentein.
2541 2630 2813 2701 Quidquid
2849 2633 2936 2696 sit,
2969 2632 3082 2684 sive
3111 2632 3242 2684 alter
3273 2631 3342 2683 ab
3389 2631 3582 2684 altero
3620 2633 3689 2684 sit
3723 2648 3805 2682 mu-

2245 2730 2452 2785 tuatus,
2485 2722 2707 2775 damnat
2729 2722 3016 2793 Evagrimn
3043 2721 3279 2774 Joannes
3307 2721 3630 2785 Climacus,
3668 2733 3719 2775 et
3751 2724 3809 2774 ia-

2243 2814 2692 2883 sipientissimum
2739 2813 2992 2883 appellat,
3040 2821 3091 2865 et
3138 2812 3226 2862 τὸν
3255 2811 3565 2880 θεηλάτην,
3604 2812 3654 2864 id
3679 2821 3808 2865 est:

2245 2905 2385 2957 malo
2434 2905 2531 2957 Dei
2573 2906 2766 2973 spiritu
2827 2905 3088 2973 agitatum
3138 2903 3286 2970 grad.
3337 2904 3441 2965 14.
3477 2920 3536 2972 p.
3569 2903 3695 2956 205.
3735 2904 3809 2954 Sel

2246 3011 2366 3047 mox
2393 2997 2670 3064 copiosius
2705 2996 2805 3048 hac
2835 2995 2900 3048 de
2930 2996 3155 3048 mistura
3180 2997 3455 3059 tractabo,
3485 2997 3672 3065 deque
3697 2997 3812 3063 capi—

2245 3087 2389 3140 llbUS
2420 3089 2679 3142 adversus
2710 3097 2835 3141 octo
2875 3088 3024 3140 vitia.

2310 3177 2562 3231 Occurrit
2583 3180 2725 3231 enim
2751 3178 3008 3247 ἐπιστολὴ
3035 3179 3340 3248 δογματικῆ
3368 3178 3508 3249 περὶ
3542 3181 3644 3248 τῆς
3683 3180 3814 3245 ἐτὶ;;

2242 3271 2470 3338 Τριάδος
2496 3271 2633 3340 πρὸς
2668 3272 2791 3332 τοὺς
2826 3272 2884 3322 ὲν
2924 3272 3145 3341 πατρίδι
3176 3270 3520 3341 μονάζοντας
3573 3272 3730 3340 ἡνίκα

2241 3359 2298 3409 ἐν
2333 3358 2902 3411 Κωνσταντινουπόλει
2925 3358 3060 3428 μετὰ
3094 3356 3189 3410 τοῦ
3224 3360 3502 3430 μακαρίου
3533 3360 3578 3411 Γ
3581 3361 3817 3428 ρητορὶω

2239 3449 2678 3519 Ναζιανζηνοῦἢ
2729 3451 3032 3503 ἐπισκόπου
3076 3449 3417 3513 Ναζιάνζου,
3453 3451 3578 3502 sive
3623 3452 3818 3516 607:4:-

2239 3540 2389 3601 στιχὸς
2412 3539 2591 3608 λόγος,
2629 3549 2687 3593 ut
2719 3541 2916 3608 legitur
2961 3542 3014 3594 in
3049 3540 3379 3594 Narrationis
3413 3539 3641 3593 Pachon
3703 3541 3820 3609 Epi-

2239 3632 2460 3698 graphe,
2499 3630 2706 3700 incipit,
2738 3631 3001 3694 πολλάκις
3027 3630 3334 3701 ἐθαύμασα,
3365 3631 3411 3683 τί
3442 3632 3660 3700 ἱήποτε
3699 3634 3820 3702 πρὶς

2238 3721 2405 3789 ὑμᾶς.
2459 3721 2607 3790 Sa‘pe
2647 3725 2842 3791 sa'pius
2882 3723 3179 3775 admiratus
3221 3723 3320 3791 fui,
3366 3740 3462 3775 cur
3507 3724 3730 3775 tandem
3769 3741 3814 3775 ea

2241 3828 2348 3866 vos.
2391 3811 2609 3867 Titulus
2636 3824 2818 3867 autem
2853 3815 3026 3867 editus
3063 3822 3144 3866 cst
3170 3823 3223 3866 ct
3261 3813 3310 3866 in
3344 3812 3616 3868 Latinum
3653 3831 3814 3868 versus

2238 3904 2480 3970 trajectis
2504 3905 2899 3974 aliquantisper
2925 3905 3124 3969 verbis,
3162 3915 3213 3958 et
3237 3921 3360 3958 cum
3400 3917 3688 3960 tractatus
3711 3923 3818 3959 nau-

2237 3998 2424 4063 cupari
2465 3997 2768 4060 debuisset,
2800 3997 2978 4050 dictus
3011 4009 3093 4050 est
3129 3994 3333 4059 Sermo,
3378 3997 3490 4049 sire
3531 3998 3815 4066 dogmatis:

2239 4086 2480 4152 Epistola
2511 4087 2573 4139 de
2603 4097 2790 4140 sancta
2826 4086 3085 4139 Trinitate
3119 4088 3187 4139 ad
3233 4104 3342 4150 eos,
3373 4089 3468 4156 qui
3501 4089 3685 4161 614
3726 4106 3816 4140 nio-

2237 4180 2492 4231 nastiram
2543 4180 2704 4230 vitam
2747 4179 2940 4247 degunt
2996 4179 3048 4230 in
3088 4181 3284 4244 patria,
3318 4179 3446 4230 dum
3513 4197 3668 4234 esset
3709 4183 3819 4234 Cet:-

2235 4269 2586 4337 slautiuopoli
2615 4286 2732 4322 cum
2776 4270 2923 4321 beato
2951 4269 3206 4341 Gregorio
3236 4272 3490 4340 episcopo
3545 4271 3818 4333 Nazianzi,

566 4345 820 4430 martyris
860 4361 956 4412 pro
1006 4362 1072 4399 eo
1125 4350 1439 4420 Apologiam
1482 4353 1707 4408 ediderzt
1746 4356 2032 4425 Eusi-bius,
2080 4371 2132 4414 et
2169 4370 2208 4420 ι)
2233 4376 2323 4412 seu
2359 4358 2703 4412 Nazianzeno
2734 4361 3038 4428 :potuisset
3067 4361 3174 4414 dici
3203 4361 3584 4428 dogmalicus,
3613 4379 3712 4418 seu
3733 4363 3820 4430 dig“

547 4429 828 4496 .Ruflinus,
865 4436 958 4500 qui
990 4438 1128 4492 duas
1156 4439 1208 4493 in
1259 4452 1506 4496 sanctum
1560 4443 1945 4517 Hieronymum
1986 4452 2132 4504 inve.-

561 4524 734 4580 CIivas
766 4528 927 4579 itiam
959 4529 1166 4598 effudit,
1214 4530 1410 4601 Sulpit.
1447 4535 1632 4590 Sever.
1683 4539 1881 4608 dialog.
1915 4560 1950 4605 t,
1995 4560 2042 4597 c.
2075 4546 2128 4609 5,

559 4624 614 4668 et
635 4617 759 4672 licet
789 4620 1038 4677 absurda:
1095 4634 1147 4678 et
1180 4624 1384 4679 insauze
1421 4625 1620 4682 fuerint
1655 4629 1995 4696 Ot'igeuiame
2029 4635 2132 4690 illa:

561 4725 594 4761 n
618 4720 842 4768 anantes
870 4729 900 4768 e
947 4715 1287 4786 philosophia
1321 4718 1558 4774 Platonis
1591 4725 1888 4789 sementim,
1914 4744 2016 4780 non
2049 4739 2130 4782 ta-

557 4817 684 4855 men
704 4806 926 4862 omnino
947 4808 1215 4863 damnatae
1239 4810 1455 4864 fuerunt
1485 4825 1609 4866 ante
1633 4813 1884 4884 Vigilium
1911 4834 2125 4888 papam,

562 4893 638 4946 uti
675 4894 1033 4954 Cassiodorus
1080 4903 1299 4964 asserit,
1340 4915 1392 4958 et
1424 4914 1548 4958 ante
1578 4908 1822 4974 quintam
1859 4913 2124 4980 synodum

560 4984 614 5036 in
651 4985 798 5039 calce
824 5003 944 5042 can.
979 4991 1041 5054 ll,
1078 5004 1184 5046 tam
1213 4995 1432 5058 disi-rte,
1463 5006 1520 5049 ut
1552 4996 1812 5067 Origenes
1845 5000 2129 5055 han-cliens

531 5078 874 5131 censeretur
910 5087 1145 5149 penitus,
1191 5101 1313 5140 cum
1352 5089 1645 5156 praesertim
1680 5091 1801 5157 ejus
1833 5107 1996 5156 Opera
2031 5093 2128 5146 fal-

558 5176 674 5218 sata
709 5167 875 5221 fuisse
899 5172 1241 5240 dicerentur;
1271 5193 1376 5244 qua
1411 5178 1476 5232 de
1507 5195 1563 5232 re
1593 5179 1832 5234 Joannes
1864 5184 2044 5244 Picus,
2073 5194 2124 5238 et

558 5255 834 5310 Gilbertus
877 5259 1254 5320 Gcnebraidus
1292 5270 1608 5324 Consulendi
1645 5284 1791 5338 sunt,
1841 5285 1892 5327 et
1937 5292 2128 5330 recen-

559 5345 728 5401 tiOres
744 5347 980 5415 Binetus,
1011 5353 1328 5418 lialloixius,
1369 5371 1416 5412 et
1449 5359 1640 5415 Petrus
1663 5363 1846 5417 Daniel
1879 5363 2121 5430 IIuetius,

560 5435 810 5501 quiante
859 5443 1142 5496 triennium
1177 5445 1459 5518 Rotomagi
1514 5451 1726 5505 duobus
1773 5455 1932 5509 tomis
1974 5471 2121 5524 qua:-

563 5538 776 5612 cunque
849 5533 1069 5596 reperiri
1129 5545 1418 5601 potuerunt
1481 5539 1729 5608 Origenis
1777 5545 2119 5612 scriptiones,

559 5607 743 5668 Gra‘cc
787 5618 1079 5689 Latineque
1107 5625 1411 5692 publicavit,
1451 5641 1500 5683 ct
1533 5632 1810 5688 adornavit
1844 5638 2006 5689 uotis.

2238 4454 2487 4518 ma'icus,
2519 4453 2610 4506 sed
2651 4452 2846 4506 retinui
2878 4452 3163 4506 lectionem
3203 4451 3532 4522 dogmatici.
3595 4455 3818 4518 Quatuor

2236 4560 2431 4612 genera
2467 4544 2719 4610 docendi,
2757 4545 2871 4599 sive
2902 4543 3293 4613 interpretandi
3326 4559 3558 4598 sacram
3595 4546 3822 4614 Scriptu-

2236 4651 2349 4689 ratn
2395 4646 2794 4690 recensentur:
2841 4636 3076 4704 primum
3127 4635 3661 4703 cstdo‘gmaticum,
3692 4637 3822 4707 quasi

2234 4727 2620 4792 decretorium,
2654 4729 2888 4783 alterum
2921 4729 3345 4800 προστακτικὸν,
3383 4733 3512 4785 sive
3557 4733 3822 4802 imperati-

2234 4834 2382 4879 vum.
2419 4819 2640 4874 tertium
2685 4821 2982 4890 ὁριστικόν,
3020 4821 3326 4874 definiendo
3355 4835 3600 4890 nempe,
3656 4839 3721 4878 ac
3751 4824 3824 4874 dc-

2232 4911 2607 4975 tertninando;
2657 4922 2910 4980 quartum
2964 4914 3338 4982 propheticum
3364 4954 3381 4978 ,
3418 4913 3822 4970 denuntiando.

2233 5011 2391 5070 atque
2415 5003 2776 5071 praedicendo.
2811 5004 3115 5069 Διεξοδιχὸν
3141 5017 3225 5059 est
3255 5004 3422 5058 etiam
3441 5003 3730 5070 docendi,
3751 5019 3824 5058 se!

2233 5094 2502 5148 scrilrendi
2553 5111 2723 5163 genus
2785 5095 2860 5159 id,
2909 5110 3017 5164 quo
3086 5109 3173 5150 res
3227 5106 3536 5149 narrantur
3573 5109 3825 5166 perpetua

2232 5199 2392 5238 cursu
2415 5186 2702 5240 orationis.
2728 5184 2930 5254 Dogma
2950 5186 3207 5240 definitur
3227 5203 3256 5240 a
3293 5186 3474 5240 Psello
3499 5189 3562 5241 in
3593 5188 3828 5241 oratione

2231 5278 2300 5330 Η.
2328 5280 2499 5332 sancti
2529 5277 2773 5348 Gregorii
2803 5277 3128 5333 Narianzeni
3163 5295 3213 5348 p.
3242 5279 3350 5334 939
3371 5320 3385 5340 ,
3417 5281 3501 5332 rei
3541 5282 3760 5341 dubia’.
3789 5287 3829 5330 et

2231 5381 2594 5423 cmuroversm
2621 5378 2741 5438 post
2770 5381 3082 5425 accuratam
3131 5371 3564 5440 inquisitionem
3603 5387 3830 5438 pronun-

2230 5461 2358 5512 tiata
2387 5461 2673 5514 sententia.
2702 5461 2984 5516 Vocantur
3016 5463 3267 5531 dogmata
3299 5463 3504 5529 placita
3560 5477 3826 5517 sectarum

2231 5567 2256 5602 a
2287 5560 2474 5604 sancto
2501 5553 2842 5622 Augustino,
2883 5554 2918 5606 I.
2958 5572 2993 5615 ι,
3026 5571 3074 5607 c.
3113 5554 3193 5616 10,
3241 5555 3447 5619 Qua'sl.
3480 5554 3822 5626 Evangelia.

2232 5642 2309 5694 sic
2367 5640 2625 5710 Dogmata
2672 5645 2995 5698 Μαῦροι-ηιμ
3041 5663 3068 5697 :t
3121 5657 3309 5700 sancto
3361 5645 3722 5718 Hieronymo
3771 5647 3828 5698 ai
