3990 6204
297 180 429 246 1341

1486 191 1582 251 DE
1625 195 2005 256 Ol‘ElllBUS
2041 198 2098 257 S.
2147 199 2325 258 Nl”.

3399 203 3537 268 1342

295 303 605 363 Paulinum,
633 303 954 371 .«lphorismi,
979 315 1031 358 et
1071 305 1374 372 Upim’ones.
1398 307 1511 362 sive
1540 309 1862 376 Sententite;
1896 318 1939 374 Λ
1971 313 2114 367 edita
2146 313 2265 378 fuit,
2325 332 2447 368 nam
2489 317 2791 384 appositum
2825 317 2870 369 ei
2912 315 3030 382 fuit,
3086 332 3182 371 nec
3217 321 3533 384 essentiam,

294 396 379 450 sic
413 395 672 464 Dogmata
699 394 1129 463 pliilosOpIioram
1151 413 1178 448 a
1214 397 1495 462 Cicerone,
1523 410 1575 452 et
1603 403 1758 465 aliis;
1784 405 1866 457 sic

294 470 513 557 iiegulo'
533 489 920 556 ;uris.ct}uris
944 488 1324 543 consultorum.
1355 489 1447 542 Est
1470 502 1520 544 et
1546 491 1868 548 Erotetnati-

293 593 424 631 cunt
460 577 734 631 scribendi
783 591 976 646 genus,
1021 581 1401 648 interrogando
1431 581 1659 644 scilicet,
1705 585 1868 652 atque.

293 676 704 744 respondendo,
757 676 901 744 quod
939 686 992 728 ct
1021 677 1210 729 Cit-ero
1254 680 1448 745 probat
1494 680 1545 731 in
1607 681 1759 735 libris
1798 681 1868 733 De

294 780 510 819 oratore
539 767 604 819 ad
635 767 697 830 Q.
727 766 992 828 Fratrem,
1022 775 1076 819 et
1104 767 1155 819 iu
1193 767 1595 832 Partitionibus,
1625 787 1717 824 seu
1753 770 1870 824 Dia-

295 859 556 928 logicum,
578 860 719 910 unde
746 857 1038 925 Dialogis:a
1062 858 1240 912 dictus
1271 860 1575 915 Antoninus
1591 863 1655 914 A.
1682 879 1710 915 a
1739 862 1870 918 Cas-

294 948 402 1010 sio,
441 955 498 998 ut
533 945 808 998 Vulcatius
838 945 1150 999 Gallicanos
1191 945 1453 1010 allirmat;
1487 948 1564 1000 sic
1597 948 1869 1001 Deﬁnitio-

295 1051 396 1090 nes
447 1036 762 1088 orthodoxa:
813 1034 982 1098 Fidei,
1027 1053 1122 1090 seu
1164 1037 1412 1090 Canones
1441 1076 1455 1099 ,
1511 1037 1865 1106 llegulmque,

299 1125 680 1179 Ecelesiastica
715 1126 990 1194 Dogmata,
1035 1126 1101 1180 de
1149 1129 1344 1196 quibus
1379 1129 1671 1196 inscriptus
1695 1140 1776 1185 cst
1809 1131 1871 1182 li-

297 1221 396 1272 ber
441 1218 704 1272 Gennadii
763 1217 1143 1282 Massiliensis,
1175 1221 1446 1287 ascriptus
1493 1219 1629 1274 falso
1681 1229 1870 1274 sancto

211 1302 217 1307 ’
294 1312 623 1379 Augustino,
655 1322 706 1363 et
733 1308 1118 1362 Confessiones
1157 1310 1304 1373 ﬁdei,
1346 1325 1440 1364 seu
1485 1309 1782 1376 Ἐκθέσεις,
1817 1311 1868 1363 id

295 1408 404 1464 est,
461 1397 857 1466 Expositiones,
896 1397 1205 1466 cujusmodi
1240 1410 1320 1451 est
1355 1399 1445 1451 illa
1475 1397 1769 1452 Justiniani
1805 1401 1867 1452 Α.

296 1503 421 1555 qua:
452 1489 652 1541 inserta
685 1488 786 1542 fuit
811 1487 850 1544 ι.
882 1488 1027 1540 Inter
1045 1489 1219 1541 claras
1246 1489 1298 1552 4,
1334 1490 1394 1543 C.
1433 1489 1506 1541 De
1529 1507 1719 1542 summ.
1755 1489 1872 1543 Tri-

297 1583 397 1634 m't.
447 1581 587 1634 etin
638 1581 886 1635 conciliis
931 1581 1302 1644 tecunienicis,
1346 1581 1426 1634 vel
1453 1583 1872 1649 partienlarilms

296 1686 640 1740 quaecunque
665 1671 934 1752 symbolo,
970 1671 1082 1739 jam
1114 1687 1284 1740 usque
1313 1687 1342 1724 a
1373 1672 1534 1725 Nicaei
1560 1688 1592 1724 ο
1635 1683 1868 1736 exstant,
1907 1651 1945 1704 Β

297 1764 520 1816 memini
546 1777 632 1817 me
657 1763 787 1815 olim
821 1762 1020 1831 legisse
1050 1763 1102 1815 in
1130 1763 1264 1816 Cod.
1293 1761 1412 1816 Vat.
1449 1764 1605 1827 1455,
1653 1779 1704 1831 p.
1733 1764 1868 1830 σλγν,

297 1869 396 1908 seu
439 1848 545 1908 9.55
591 1868 840 1906 manusc.
891 1853 1004 1906 haec
1053 1871 1067 1906 :
1125 1853 1220 1904 Ἐκ
1257 1853 1355 1921 τῆς
1409 1852 1872 1922 ἐκκλησιαστικῆς

300 1951 545 2022 ἱστορίας
595 1949 869 2020 Θεοδώρου
940 1947 1313 2012 Ἀναγνὼστου
1367 1948 1873 2001 Κωνσταντινουπό-

297 2042 454 2105 λεως.
484 2043 651 2095 Πόσαι
679 2043 735 2093 αἱ
765 2042 860 2112 τῆς
898 2041 1133 2103 πίστεως
1173 2040 1416 2103 ἐκθέσεις
1443 2057 1458 2071 ·
1487 2034 1647 2094 αὗται
1685 2040 1782 2108 μὲν
1814 2041 1873 2092 ἐν

297 2134 863 2186 Κωνσταντινουπόλει
890 2133 1011 2185 τότε
1048 2133 1450 2200 ἀνεγνὼοησαν.
1494 2133 1651 2200 ἡμεῖς
1686 2131 1743 2183 δὲ
1779 2131 1874 2184 τὸν

296 2225 621 2293 λοιὸύρινοον
659 2225 766 2275 τῶν
811 2224 1077 2276 ἐκθέσεων
1105 2221 1203 2288 ὀψέ
1246 2237 1374 2272 ποτε
1410 2221 1757 2283 διανύσαντες
1784 2221 1876 2273 τὸν

301 2314 720 2384 ἀπαριομισμὺν
752 2313 933 2366 αὐτῶν
993 2313 1374 2381 συνηγάγομεν
1398 2326 1410 2339 ·
1448 2313 1585 2380 μετὰ
1617 2312 1722 2382 γὰρ
1775 2313 1876 2382 τὴν

302 2408 359 2457 ὲν
386 2405 587 2474 Νικαίᾳ
607 2404 810 2466 πίστιν,
835 2402 1062 2472 ὕστερον
1098 2403 1155 2454 ὲν
1198 2403 1501 2471 Ἀντιοχείᾳ
1529 2404 1640 2464 τοῖς
1686 2403 1876 2468 ἐγκαι-

299 2495 434 2558 νίοις
479 2495 668 2550 δισσὰς
704 2492 948 2554 ἐκθέσεις
989 2493 1392 2562 ὑπηγόρευσαν,
1429 2492 1588 2562 τρίτη
1621 2492 1678 2544 δέ
1728 2493 1876 2543 ἐστιν

299 2589 334 2655 ὴ
356 2585 665 2638 ὲπιδοθεῖσα
684 2585 788 2637 ὑπὸ
802 2583 908 2636 τῶν
927 2583 1054 2652 περὶ
1073 2584 1381 2652 Νάρκισσον
1405 2583 1461 2633 ὲν
1479 2585 1599 2644 ταῖς
1628 2581 1873 2644 Pollitta;

299 2679 377 2747 τῷ
415 2679 622 2747 βασιλεῖ
652 2677 1016 2728 Κωνστὰντει.
1053 2675 1210 2744 "Apri
1234 2672 1512 2744 [τετάρτη]
1542 2673 1598 2724 δὲ
1624 2671 1742 2741 ἡδί
1775 2673 1878 2724 Εὑ-

300 2770 477 2834 ὂοξίου
520 2771 631 2831 τοῖς
686 2769 742 2819 ἐν
789 2767 990 2837 Ἰταλίᾳ
1032 2766 1369 2834 πεμφθεῖσα.
1432 2765 1520 2817 Ἐν
1551 2765 1607 2816 δὲ
1665 2764 1876 2834 Σιρμίῳ

300 2865 452 2932 τρεῖς
511 2859 966 2931 ὑπηγορεύοησαν
1028 2853 1102 2913 ὧν
1145 2859 1243 2929 μία
1295 2861 1352 2911 ἐν
1429 2855 1688 2928 Ἀριμίνῳ
1740 2857 1877 2926 μετὰ

1969 421 2144 472 neque
2174 404 2576 457 subsistentiain
2628 405 2680 457 in
2745 405 2854 458 lico
2911 406 3107 460 dicere.
3161 405 3250 460 Isti
3295 408 3536 475 Ulpliilas

1969 496 2293 549 Gothorum
2317 497 2605 564 episcopus
2639 505 2766 549 tunc
2797 497 3026 566 primum
3061 499 3361 564 consensit,
3393 509 3538 554 ante-

1969 585 2100 639 riori
2135 601 2370 653 namque
2404 596 2642 655 tempore
2680 602 2823 649 eam,
2867 603 2988 655 qua:
3015 586 3206 641 Nicaea:
3241 590 3340 641 fuit
3369 590 3535 658 stabi-

1969 675 2083 741 lita,
2134 675 2288 728 ﬁdem
2340 677 2621 742 amplexus
2657 686 2740 729 est
2785 678 3110 732 subsecutus
3155 677 3536 747 Theophilum,

1967 768 2057 834 qui
2087 767 2406 820 Gottliorum
2444 768 2733 834 episcopus
2769 767 2996 821 Nieamze
3028 770 3230 838 synodo
3273 769 3536 833 interfuit,

1967 862 2418 929 subscripsitqne.
2470 859 2590 913 llaec
2619 861 2836 928 quidem
2862 860 2928 913 de
2958 861 3057 912 ista
3094 877 3149 914 re
3187 861 3327 914 dicta
3354 863 3480 914 sint.
3515 881 3532 910 ι

1968 952 2098 1017 Quae
2126 953 2566 1020 quamloquidem
2603 951 2656 1002 in
2682 951 3038 1004 Collectancis
3072 951 3240 1018 ipsius
3272 950 3537 1003 Theodori

1971 1045 2192 1112 prolatis
2223 1045 2276 1096 in
2309 1043 2544 1095 editione
2575 1042 2869 1095 Parisiensi
2931 1043 3068 1095 1544
3101 1042 3151 1094 in
3188 1042 3279 1094 fol.
3320 1059 3423 1094 non
3454 1059 3538 1094 re-

1973 1135 2276 1201 periuntur,
2336 1133 2422 1185 hic
2462 1134 2614 1185 libuit
2657 1135 2917 1185 intexere.
2957 1132 3027 1185 Ea
3082 1135 3324 1200 proferto
3368 1133 3540 1184 ill(‘.tll|

1971 1223 2237 1290 accipient
2276 1222 2633 1276 clarissimam
2675 1238 2736 1274 ex
2775 1222 2893 1284 his,
2950 1238 3069 1287 qua:
3120 1223 3271 1274 all'ert
3310 1225 3542 1278 Sevi-rus

1973 1312 2233 1380 Sttlpitius
2283 1313 2335 1364 in
2388 1314 2482 1364 lib.
2515 1329 2548 1365 ll
2581 1312 2759 1366 Sacra:
2811 1312 3086 1374 llistoriit',
3122 1322 3173 1364 et
3205 1321 3387 1364 narrat
3419 1329 3544 1364 san—

1971 1415 2094 1458 ctus
2120 1405 2453 1458 Athanasius
2504 1408 2565 1455 de
2599 1404 2832 1474 Synodis
2881 1405 3132 1466 Arimini,
3165 1414 3216 1456 et
3259 1405 3540 1462 Seleuciae,

1971 1511 2036 1548 ac
2072 1497 2272 1564 passim
2331 1505 2383 1548 et
2437 1494 2865 1564 Ilisloriographi
2909 1495 3285 1548 ecclesiastici.
3321 1494 3546 1550 Exstant

1975 1587 2145 1656 ipsius
2179 1587 2352 1641 saneti
2390 1587 2672 1639 Athanasii
2717 1587 3044 1652 symbolum,
3095 1586 3237 1652 quod
3293 1586 3345 1637 in
3373 1584 3544 1637 eccle-

1972 1679 2195 1732 siastico
2247 1677 2502 1730 recitatur
2549 1676 2756 1738 Oilieio,
2808 1685 2860 1729 et
2913 1675 3192 1742 Evpositio
3251 1674 3542 1739 ﬁdei;diu

1972 1779 2130 1824 antea
2163 1785 2193 1822 a
2223 1771 2382 1823 beato
2411 1767 2621 1821 Joanne
2653 1768 2984 1833 evangelista
3003 1776 3224 1820 sanctus
3250 1766 3546 1834 Gregorius

1971 1861 2442 1920 Neoca‘sariensis.
2481 1876 2509 1912 a
2541 1859 2926 1913 miraculorum
2961 1859 3114 1926 copia
3153 1860 3333 1912 dictus
3365 1857 3536 1911 Thau-

1973 1959 2278 2022 maturgus,
2313 1952 2576 2005 didicerat
2613 1952 3004 2006 interveniente
3043 1952 3392 2005 sanctissima
3421 1949 3544 2002 Vir-

1972 2044 2096 2112 gine
2127 2043 2215 2096 Dei
2271 2043 2546 2096 Genitriee
2591 2043 2804 2094 brevem
2863 2041 2982 2095 ﬁdei
3024 2041 3445 2103 confessionem,
3479 2040 3543 2100 _in

1973 2149 2077 2202 qua
2126 2135 2409 2194 asseritur,
2445 2127 2523 2195 εἷς
2576 2133 2706 2194 Θεὸς
2736 2131 2944 2199 Πατὴρ,
2987 2125 3066 2191 εἷς
3109 2129 3241 2192 Θεὸς
3291 2131 3355 2181 ὲκ
3408 2128 3544 2181 Θεοῦ

1975 2224 2156 2290 σοφία,
2189 2222 2244 2274 ἒν
2267 2223 2491 2289 Πνεῦμα
2520 2223 2695 2289 ἅγιον,
2742 2239 2794 2290 p.
2829 2223 2882 2273 ll
2925 2220 3182 2289 Operutn.
3227 2219 3546 2289 Pretnulga-

1975 2315 2052 2366 vit
2072 2314 2118 2366 is
2143 2313 2362 2380 insuper
2385 2312 2456 2364 Ex
2467 2314 2788 2381 positionem
2813 2313 2934 2365 lidei
2964 2313 3225 2386 adversus
3243 2309 3541 2364 IEIiantun.

1975 2405 2385 2460 Consuev'erant
2433 2405 2498 2457 ad
2535 2404 2826 2456 discrimen
2881 2404 3259 2456 hiuretieorum
3295 2403 3545 2456 catholici

1975 2497 2215 2564 episcopi
2272 2511 2461 2549 recens
2515 2496 2667 2548 electi
2703 2496 2917 2548 mittere
2957 2494 3413 2562 Cbirograpltum,
3451 2509 3545 2546 seu

1977 2577 2102 2643 ﬁdei
2155 2588 2466 2642 Formulam
2522 2588 2587 2641 ad
2624 2588 2758 2641 alios
2805 2587 3118 2655 episcopos;
3173 2595 3354 2655 postea
3401 2586 3545 2638 enim

1978 2683 2311 2753 pullularunt
2359 2683 2591 2736 [hereses
2625 2689 2879 2748 tauquam
2916 2681 3123 2733 zizania
3171 2680 3222 2732 in
3273 2678 3548 2747 Evangelii

1978 2790 2108 2844 agro
2133 2790 2256 2828 cum
2298 2785 2542 2828 semente
2573 2775 2712 2827 bona
2745 2775 2915 2826 laetius
2943 2773 3279 2839 germioantc
3308 2789 3320 2823 :
3353 2771 3405 2823 in
3439 2771 3548 2824 ele—

1978 2865 2174 2920 ctionis
2217 2863 2527 2933 primordiis
2559 2863 2794 2931 episcopi
2819 2861 3255 2915 transmittebant
3289 2859 3390 2912 sibi
3434 2875 3550 2910 llllt-

302 2951 1871 3018 τῆςύπατεὶας....................

1983 2967 2079 3009 tuo
2111 2955 2402 3024 Epistolas,
2437 2962 2490 3005 et
2523 2952 2586 3005 ad
2625 2952 2778 3005 lloiii.
2834 2951 3163 3021 pontiﬁcem,
3195 2958 3247 3003 et
3287 2949 3352 3001 ad
3387 2947 3546 3000 liora.

307 3041 592 3111 (Εὑσεϐίου
631 3041 724 3094 καὶ
761 3040 1074 3112 Taurica),
1108 3041 1340 3111 legerem
1370 3053 1399 3090 e
1433 3037 1765 3093 Gothofredo
1822 3037 1874 3090 in

302 3133 565 3185 Chronol.
591 3131 722 3185 Cod.
759 3130 1030 3185 Theodos.
1064 3133 1129 3184 ad
1166 3145 1368 3183 annum
1408 3130 1608 3182 (Zhristi
1651 3128 1714 3182 Ν.
1747 3128 1871 3182 559.

317 3221 676 3290 Ἀνεγνὼσθη.
718 3222 977 3290 Ὀγδόηδέ
1033 3223 1179 3273 ἐστιν
1225 3222 1257 3290 ἡ
1316 3222 1374 3273 ὲν
1431 3220 1756 3288 Σελευκείᾳ,
1810 3218 1876 3287 ἢν

305 3313 350 3361 οἱ
378 3312 503 3379 περὶ
562 3310 814 3362 Ἀκάκιον
845 3308 1274 3375 ἁνεγνὼκεισαν,
1325 3309 1611 3362 τελευταία
1650 3309 1703 3360 δὲ
1756 3309 1877 3378 ἣτις

303 3401 359 3450 ἐν
389 3400 1199 3471 Κωνσταντινουπόλειμετὰτῆς
1232 3399 1549 3466 προσθήκης
1584 3397 1874 3448 ὲκεὲὃοται.

307 3490 632 3559 ιῐροσέκειτο
683 3490 792 3557 γὰρ
823 3489 959 3556 αὐτῇ
1009 3490 1142 3555 μήτε
1167 3487 1376 3548 οὐσίαν,
1415 3488 1550 3554 μήτε
1581 3485 1878 3535 ὑπόστασιν

305 3584 397 3632 ἐπὶ
429 3569 798 3646 ﬁsci-Mysum
834 3579 1018 3646 Ταύτῃ
1053 3579 1146 3630 καὶ
1189 3577 1461 3644 Οὺλφὶλας
1510 3576 1618 3628 τῶν
1669 3575 1880 3627 Γότθων

307 3670 602 3729 ὲπίσκοπος
641 3669 761 3719 τότε
779 3667 994 3734 πρῶτον
1017 3666 1290 3718 συνέθετο·
1311 3666 1416 3717 τῶν
1439 3665 1547 3733 γὰρ
1573 3664 1882 3732 ἔμπροσθεν

307 3760 538 3828 χρόνων,
570 3758 666 3827 τὴν
703 3760 760 3810 ἐν
809 3758 1015 3826 Νικαίᾳ
1061 3756 1246 3808 πίστιν
1281 3756 1556 3816 ἁσπάζετο
1612 3755 1880 3823 ἑπόμενος

307 3848 551 3918 θειφίλῳ
580 3848 636 3909 ὃς
665 3846 771 3898 τῶν
800 3845 1012 3898 Γότθων
1045 3844 1344 3906 ἐπίσκοπος
1368 3842 1443 3896 ὢν
1479 3846 1545 3914 τῇ
1595 3845 1650 3895 ὲν
1675 3843 1882 3913 Νικαίᾳ

309 3941 518 4008 Συνόδῳ
573 3939 762 4009 παρὼν
812 3937 1224 4008 καθυπέγραψε.
1289 3936 1539 3990 Τοσαῦτα
1592 3936 1690 4006 μὲν
1753 3937 1882 4004 περὶ

307 4030 478 4084 ταῦτα
503 4031 762 4101 εἰρήσθω.
797 4029 928 4094 Qua:
948 4028 1136 4082 Latine
1165 4029 1236 4081 ita
1271 4026 1477 4080 reddidi
1501 4045 1512 4080 :
1539 4043 1556 4076 I
1587 4025 1671 4080 Ex
1699 4026 1881 4078 Eccle-

309 4125 526 4177 siastica
563 4122 808 4175 Historia
838 4105 1110 4175 Theodori
1137 4120 1320 4173 Lector
1338 4119 1384 4173 is
1416 4120 1880 4186 Constantinopo-

313 4216 398 4272 lis.
442 4217 669 4281 Quanta:
711 4215 817 4266 sint
867 4211 1015 4265 Fidei
1059 4211 1453 4279 Expositioues.
1501 4208 1618 4264 lslte
1659 4211 1877 4278 quidem

1987 3045 2304 3108 Ecclesiam,
2366 3058 2487 3113 qua:
2517 3042 2672 3111 quasi
2725 3044 2788 3096 ad
2823 3053 3068 3096 centrum
3121 3042 3274 3094 lineae
3307 3039 3547 3093 omnium

1977 3139 2360 3207 episcoporum
2387 3133 2868 3190 ecireumferentia
2899 3134 3066 3187 totius
3093 3133 3254 3186 Orbis
3279 3141 3546 3184 terrarum

1979 3229 2353 3284 referebantur
2387 3270 2401 3293 ,
2441 3229 2708 3282 vocabant
2767 3226 3078 3295 lincyclieas
3106 3264 3120 3288 ,
3174 3222 3548 3277 communica-

1980 3322 2185 3375 toriase
2213 3339 2258 3375 s.
2278 3319 2509 3388 August.
2533 3319 2688 3386 epist.
2719 3317 2840 3378 165,
2867 3325 2919 3370 et
2939 3316 3196 3370 formatas
3231 3330 3296 3369 ex
3337 3314 3541 3382 0plat.,

1979 3426 2210 3478 quarum
2243 3410 2501 3463 societate
2529 3409 2938 3461 concordabant
2966 3425 2978 3460 :
3017 3407 3403 3475 professionem
3449 3405 3552 3459 ill.c

1981 3501 2352 3560 continebant,
2390 3515 2484 3553 seu
2521 3497 2812 3550 formulam
2845 3496 2988 3556 ﬁdei,
3040 3497 3116 3548 uti
3157 3506 3417 3550 tesseram
3455 3510 3551 3562 pro

1981 3589 2348 3644 ecclesiastica
2387 3587 2759 3647 unanimitate,
2797 3594 2958 3653 atque
2983 3586 3366 3639 communione
3400 3602 3414 3638 :
3446 3585 3550 3637 hu-

1977 3679 2281 3748 juscemodi
2318 3687 2397 3731 est
2436 3677 2664 3744 epistola
2693 3675 2911 3729 Damasi
2945 3692 3094 3744 papze
3129 3676 3288 3744 primi
3323 3675 3387 3729 ad
3413 3675 3552 3728 l‘au-

1983 3772 2154 3824 linum
2187 3769 2502 3836 episc0pum
2546 3767 2940 3821 Antiochenam
2991 3768 3042 3818 in
3075 3776 3206 3820 tom.
3241 3766 3468 3821 Concill.
3495 3781 3548 3836 p'.

1980 3862 2106 3916 2‘28.
2140 3862 2271 3915 edit.
2315 3860 2512 3914 Crabb.
2555 3859 2879 3912 Tlieodoret.
2927 3859 3074 3913 Hist.
3121 3857 3320 3910 Eccles.
3361 3857 3453 3911 lib.
3499 3875 3550 3918 v,

1982 3971 2032 4008 c.
2067 3952 2154 4008 l0.
2197 3951 2326 4024 Vide
2359 3951 2629 4004 Honorem
2685 3949 2909 4003 llonorii
2962 3967 2992 4004 a
3043 3965 3127 4004 me
3180 3950 3551 4013 vindicatum;

1985 4061 2108 4098 nam
2148 4053 2202 4099 et
2234 4053 2358 4097 ante
2383 4045 2849 4096 consecrationem
2890 4042 3122 4096 edebant
3170 4039 3290 4095 ﬁdei
3346 4039 3555 4094 formu-

1983 4138 2111 4202 lam;
2134 4143 2188 4190 et
2220 4135 2333 4204 ipse
2361 4133 2640 4190 Romanus
2672 4131 2911 4204 pontifex
2937 4132 3270 4201 reliquorum
3305 4131 3556 4199 princeps

1983 4229 2144 4283 istum
2168 4241 2497 4280 eousensnm
2523 4225 2832 4295 praestabat,
2863 4240 2954 4278 seu
2978 4222 3372 4292 professionem
3407 4221 3556 4284 lidei,

311 4306 780 4374 Constantinopoli
828 4314 958 4358 tunc
993 4305 1142 4358 lecta:
1181 4302 1433 4364 fuerunt,
1478 4318 1577 4356 nos
1620 4317 1746 4355 vero
1784 4302 1880 4354 La-
1915 4325 1956 4377 ο
1985 4335 2104 4388 qum
2142 4318 2336 4387 legum-
2365 4318 2415 4370 in
2449 4317 2680 4371 ροηρηίο
2704 4316 3076 4370 constanti“.
3107 4312 3330 4368 5055.59
3357 4313 3555 4366 editio-

314 4401 624 4473 byrintlmm
678 4396 1090 4466 Expositiouum
1150 4396 1363 4448 tandem
1421 4394 1713 4462 aliquando
1758 4409 1880 4448 cum

312 4489 928 4565 pet-fecissemus,615
967 4503 1253 4542 numerum
1279 4489 1492 4540 illarum
1546 4487 1880 4553 collegimus.

313 4588 523 4641 Etenim
558 4595 677 4654 post
695 4584 852 4637 [idem
885 4581 1076 4635 Nicaae
1103 4582 1324 4644 editam,
1348 4580 1470 4632 dein
1505 4580 1805 4634 Antiochia:
1831 4580 1882 4630 in

315 4678 602 4742 Enemuiis,
648 4679 761 4732 sive
805 4683 1058 4728 renovata
1093 4672 1354 4732 Ecclesia,
1391 4681 1480 4724 aut
1516 4672 1694 4740 potius
1739 4671 1888 4724 esci-

315 4779 426 4826 tato
460 4770 758 4832 Dominico,
783 4784 846 4822 ex
902 4766 1255 4836 Hieronymo,
1296 4765 1537 4829 Sor-rata
1577 4763 1886 4817 Sozomeuo

315 4881 366 4923 et.
409 4869 672 4923 Albanas.
741 4865 985 4933 duplices
1042 4861 1423 4930 Eapositioues
1473 4871 1883 4929 suggesscrunt.

317 4960 493 5014 Tertia
541 4975 671 5012 vero
716 4969 818 5019 est,
854 4972 974 5025 qua:
1016 4955 1210 5006 tradita
1241 4953 1339 5005 fuit
1379 4952 1447 5005 ab
1491 4954 1600 5014 his,
1635 4953 1885 5020 quicum

317 5056 575 5111 Narcisso
604 5064 760 5108 erant
794 5055 846 5106 in
890 5051 1101 5112 Galliis,
1136 5059 1187 5104 et
1219 5049 1397 5104 oblata
1425 5048 1739 5118 imperatori
1787 5047 1889 5101 fuit

319 5147 627 5204 Constanti.
680 5146 885 5209 Quarta
915 5154 1095 5196 autem
1137 5142 1206 5195 ab
1236 5141 1482 5195 Eudoxio
1511 5141 1676 5192 missa
1720 5155 1889 5208 nuper

320 5237 424 5302 Lis,
454 5238 545 5306 qui
579 5245 734 5289 erant
769 5237 820 5288 in
849 5234 1035 5300 ltalia;
1070 5231 1252 5285 Sirmii
1283 5247 1411 5284 vero
1452 5242 1562 5285 tres
1594 5230 1889 5285 enuntiata:

321 5334 462 5387 sunt,
484 5339 715 5394 quarum
742 5339 847 5376 uua
875 5321 1101 5375 Arimini
1135 5331 1251 5389 post
1281 5321 1623 5374 consulatum
1650 5318 1886 5382 Eusebii,

317 5413 599 5486 etllypatii
636 5415 768 5467 lecta
803 5413 930 5474 fuit;
962 5411 1158 5465 Octava
1209 5419 1308 5476 est,
1362 5427 1480 5477 qua:
1527 5411 1625 5463 fuit
1673 5412 1887 5464 condita

325 5505 598 5568 Seleuciae,
647 5521 808 5574 quam
856 5506 944 5574 qui
997 5521 1118 5559 eum
1170 5506 1368 5557 Aeacio
1419 5513 1572 5556 erant
1626 5503 1884 5572 legerunt.

326 5601 517 5656 l'ltima
549 5600 801 5663 denique,
837 5614 955 5664 cpite
976 5597 1442 5666 Constantinopoli
1471 5612 1591 5651 eum
1617 5596 1889 5650 additi-ene

1679 5803 1702 5828 Ο

1987 4411 2072 4464 nis
2109 4409 2448 4473 Crabbiame,
2481 4417 2533 4462 et
2559 4408 2610 4461 iu
2642 4407 2910 4461 Basileeo.
2955 4421 3093 4462 sess.
3124 4405 3195 4459 25
3235 4414 3290 4459 et
3334 4403 3424 4458 58.
3461 4402 3554 4456 Di-

1987 4503 2128 4556 rexit
2160 4501 2494 4554 Francorum
2527 4500 2636 4566 regi
2678 4499 3024 4554 Childeberto
3065 4497 3316 4565 Pelagius
3347 4510 3480 4564 papa
3504 4510 3554 4548 c.

1988 4590 2372 4660 Satageudum,
2412 4591 2578 4660 616
2596 4590 2689 4651 ‘25,
2712 4605 2766 4658 q.
2787 4587 2826 4651 l,
2842 4587 3089 4657 Philippo
3121 4587 3301 4640 itidem
3322 4583 3558 4636 Franco-

1987 4700 2106 4738 rum
2121 4699 2335 4752 quoque
2353 4682 2482 4751 Regi
2498 4684 2547 4750 (e
2561 4681 2778 4745 Bzovio,
2792 4689 2844 4734 et
2861 4677 3068 4749 Rubeo)
3086 4677 3390 4731 Bonifacius
3411 4684 3562 4729 octa-

1987 4791 2087 4829 vus
2111 4791 2255 4839 eam,
2300 4789 2463 4842 quam
2519 4782 2646 4824 tunc
2696 4772 2810 4840 ipse
2859 4771 3202 4833 recitaverat,
3237 4769 3366 4824 dum
3398 4767 3558 4822 iniret

1991 4867 2384 4935 pontiﬁcatum,
2437 4873 2722 4932 exstatque
2778 4878 2879 4918 ms.
2932 4863 2986 4915 in
3050 4861 3248 4916 Codice
3301 4857 3562 4914 Vaticano

1988 4958 2148 5012 4905.
2187 4956 2370 5010 Refert
2395 4965 2450 5010 et
2485 4956 2623 5007 hanc
2651 4952 3046 5021 professionem
3074 4950 3368 5006 cardinalis
3395 4948 3562 5003 Baro-

1991 5051 2116 5104 nins
2169 5062 2318 5102 tomo
2373 5047 2416 5100 Χ
2448 5047 2740 5101 Annalium
2789 5043 3281 5100 ecclesiasticarum
3321 5040 3390 5094 ad
3429 5055 3557 5093 ann.

1990 5140 2114 5205 869,
2161 5158 2190 5194 e
2226 5139 2425 5194 Codice
2472 5138 2685 5190 calamo
2726 5143 2954 5190 exarato
2984 5134 3207 5188 Antonii
3248 5131 3558 5201 Augustini,

1991 5234 2082 5301 qui
2101 5257 2110 5282 l
2130 5249 2215 5284 am
2241 5232 2605 5299 exscripserat
2629 5244 2660 5283 e
2677 5229 2874 5282 diurno
2905 5227 3093 5282 codice
3114 5224 3376 5278 Vaticano
3397 5220 3559 5277 5⁸502.

1993 5326 2123 5379 Eam
2149 5323 2272 5376 inde
2301 5321 2501 5386 laudat,
2523 5331 2576 5376 et
2599 5339 2629 5376 e
2655 5320 2944 5396 Panormia
2985 5303 3162 5372 lv'onis
3188 5313 3560 5376 Carnotensis,

1993 5414 2284 5470 eardinalis
2301 5413 2579 5474 Cusanus,
2610 5428 2705 5466 seu
2738 5412 2802 5466 de
2841 5411 3005 5470 CUSII,
3037 5410 3128 5462 lib.
3156 5423 3190 5462 ιι
3229 5405 3300 5459 De
3345 5419 3561 5458 concor.

1995 5508 2176 5559 domin
2199 5505 2478 5566 catholica,
2505 5519 2554 5571 p.
2592 5503 2711 5557 743.
2749 5501 2820 5556 De
2845 5502 2930 5555 illa
2957 5501 3200 5566 (lrcspet.
3237 5497 3287 5550 in
3309 5495 3369 5548 ν.
3404 5494 3564 5562 Papa:

1996 5599 2268 5668 professio.
2329 5594 2730 5650 Professioncm
2765 5594 2886 5648 ﬁdei
2921 5592 3192 5647 Adrianus
3237 5588 3397 5644 etiam
3427 5601 3560 5656 papa
