3898 6196
443 241 580 308 1343

1371 232 1520 293 JOS.
1565 228 1830 312 b-IARIA‘I
1873 227 2232 289 SUARESII
2271 222 2770 290 DISSEBTATIO

3579 207 3728 271 134i

437 356 801 415 exhibuerat;
841 348 1066 403 abbates
1095 356 1311 414 quoque
1344 351 1506 412 atque
1546 341 1670 395 laici
1706 338 2014 393 Professio—
2043 342 2090 398 Α
2119 339 2315 408 opinor
2363 335 2622 404 scriptam
2653 327 2950 400 Epistolam
2981 323 3081 415 25l
3135 321 3230 375 lib.
3270 337 3283 372 ι
3320 318 3518 373 lsidori
3550 318 3732 415 Pelu-

441 465 539 504 nes
560 445 865 506 ediderunt,
892 447 946 494 et
977 435 1398 492 transmiserunt
1432 448 1605 504 papte,
1635 441 1694 486 ut
1722 431 2015 502 Gregorius

343 548 348 552 '
441 541 730 595 Panzanus
759 533 1048 604 episcopus
1085 528 1321 583 Mileten.
1371 526 1424 580 in
1481 541 1582 579 ms.
1632 523 2020 578 Dissertatione

442 628 511 682 de
542 623 850 680 obedientia
877 619 1118 692 pontiﬁci
1140 617 1377 670 Maximo
1399 614 1643 669 exhiberi
1671 612 1832 665 solita
1865 626 1894 664 a
1930 625 2011 664 re-

447 720 648 791 gibus:
685 715 1020 771 recensetita
1063 712 1290 767 Flaccus
1319 709 1568 773 Albinus,
1610 708 1723 760 sive
1759 705 2024 760 Aleuinus

446 827 588 875 eam,
621 824 783 879 quam
833 806 1198 878 promulgavit
1253 803 1316 856 lt.
1349 802 1407 856 P.
1441 799 1766 854 Franciscus
1811 797 2025 852 Chiﬁie-
2070 799 2081 809 '

451 900 596 964 tius,
640 898 869 952 Divione
914 895 1052 950 1656
1094 895 1146 948 in
1184 893 1238 946 4.
1277 892 1351 945 Ita
1405 889 1691 944 Herae-lius
1733 888 2028 957 imperator

449 994 595 1048 circa
628 981 1124 1052 llionothelismuni,
1146 1002 1238 1042 seu
1275 986 1609 1038 voluntatem
1631 982 1845 1037 unicam
1872 981 2030 1036 Chri-

451 1086 520 1138 sti
542 1084 695 1153 ;jure
710 1080 987 1135 damnavit
1005 1079 1148 1131 illam
1167 1075 1404 1130 Joannes
1426 1091 1558 1144 papa
1585 1074 1638 1127 in
1655 1072 1884 1144 synodo,
1905 1082 1959 1126 et
1976 1073 2029 1126 in

452 1175 703 1244 epistola,
737 1187 899 1242 quam
927 1169 1145 1239 scripsit
1175 1169 1240 1222 ad
1271 1167 1688 1222 Constantinum
1708 1165 1776 1219 A.
1807 1180 1836 1218 e
1859 1161 2034 1217 Theo-

455 1266 652 1335 phane,
699 1271 750 1317 et
789 1262 1058 1316 Cedreno.
1091 1259 1155 1312 Et
1202 1259 1496 1327 imperator
1533 1270 1703 1311 ausus
1754 1269 1895 1308 areae
1941 1252 2033 1308 Dei

460 1369 682 1408 manum
713 1353 1024 1414 admovere,
1061 1353 1236 1405 instar
1264 1349 1430 1411 Ozias,
1461 1359 1514 1401 et
1553 1345 1834 1400 thuribulo
1873 1358 2038 1413 super

461 1444 630 1496 altare
659 1440 1050 1512 thymiamatis,
1089 1439 1233 1492 velut
1275 1436 1458 1500 Ozias,
1499 1435 1697 1488 misere
1731 1433 2036 1495 cruciatus,

460 1545 516 1589 et
540 1549 830 1604 percussus
861 1533 1084 1595 interiit,
1114 1533 1257 1586 sicut
1291 1530 1420 1583 Saul
1443 1527 1639 1581 offerre
1665 1525 2036 1580 holocaustum

459 1630 517 1676 et
565 1622 787 1691 pacilica
821 1621 968 1690 (R'g.
1001 1621 1092 1673 lib.
1127 1619 1144 1671 I
1175 1635 1223 1674 c.
1261 1633 1378 1680 xui,
1417 1626 1469 1670 et
1503 1617 1595 1669 lib.
1630 1613 1692 1678 11,
1727 1629 1844 1683 cap.
1878 1622 2040 1679 v1;ct

2121 429 2276 484 siotaa
2305 426 2378 480 De
2422 423 2571 478 Veste
2599 417 2864 482 Ludibrii,
2900 414 2989 468 ubi
3029 415 3326 467 Diaeonum
3357 425 3486 464 eum
3536 409 3732 492 norni-

2121 526 2326 583 nat;et
2373 516 2599 570 forsitan
2643 512 2708 565 ad
2752 510 2873 579 ejus
2905 515 3152 576 patrem,
3197 513 3285 556 est
3333 501 3512 570 ipsius
3539 498 3728 554 sancti

2121 607 2362 677 Gregorii
2403 602 2732 660 Nazianzeni
2763 599 2924 669 epist.
2968 597 3092 650 155.
3148 595 3246 648 Est
3265 600 3319 647 et
3361 594 3505 646 inter
3544 589 3730 659 Opera

2123 697 2448 754 Nazianzeni
2479 697 2544 751 de
2589 695 2694 748 lide
2724 692 2940 745 Nicama
2983 695 3276 746 tractatus,
3305 699 3399 738 seu
3426 681 3731 736 Confessio

2127 792 2247 847 ﬁdei
2282 793 2334 844 in
2367 788 2610 842 oratione
2642 787 2741 848 50,
2775 782 2992 836 Rulﬁuo
3023 777 3352 847 Presbytero
3401 772 3616 827 Latino
3649 771 3734 823 in-

2130 892 2394 952 terprete,
2437 895 2485 949 p.
2535 876 2690 932 1006.
2733 873 2801 927 Ει
2841 881 2970 928 sunt
3019 869 3142 924 duas
3171 865 3482 924 orationes,
3531 877 3741 928 nempe

2129 975 2192 1030 51
2225 984 2277 1027 et
2316 973 2419 1034 52,
2456 971 2522 1024 ad
2561 965 2887 1022 Cledonium
2920 961 3304 1032 presbyterum
3342 957 3409 1010 de
3432 953 3738 1020 Capitibus

2133 1065 2252 1120 lidei
2275 1107 2288 1130 ,
2338 1077 2458 1132 quae
2497 1057 2734 1114 conferri
2777 1061 3006 1124 possunt
3043 1065 3168 1104 cum
3198 1049 3302 1102 isto
3325 1056 3606 1107 tractatu,
3643 1059 3740 1096 seu

2132 1156 2360 1225 epistola
2397 1151 2645 1220 Evagrii;
2689 1148 2830 1202 sicut
2872 1155 2926 1199 et
2961 1143 3139 1198 oratio
3170 1141 3240 1195 49
3275 1139 3343 1194 de
3382 1138 3527 1199 lide,
3571 1135 3743 1202 cujus

2090 1267 2092 1270 '
2135 1248 2402 1316 interpres
2435 1243 2538 1298 fuit
2569 1241 2708 1296 idem
2739 1236 3014 1300 Bullinus,
3049 1249 3102 1303 p.
3126 1233 3252 1288 997.
3277 1229 3518 1282 Amabat
3545 1237 3744 1279 autem

2137 1354 2266 1396 Suos
2303 1338 2568 1392 diaconos
2597 1340 2820 1387 sanctus
2867 1325 3164 1396 Gregorius
3199 1321 3595 1375 Nazianzenus
3627 1356 3646 1378 ,
3695 1327 3748 1368 et

2139 1430 2534 1490 condiaconos,
2571 1431 2630 1476 ut
2664 1420 2896 1490 appellat
2923 1428 2976 1471 et
3006 1413 3307 1483 Eugenium
3332 1453 3345 1475 ,
3379 1423 3550 1480 atque
3582 1423 3748 1462 corn-

2142 1522 2366 1576 mcndat
2398 1516 2710 1572 Euthalium
2747 1511 2912 1580 epist.
2950 1508 3052 1563 158
3078 1516 3136 1561 et
3179 1506 3300 1560 159.
3351 1503 3621 1572 Synodos
3653 1515 3750 1552 au-

2145 1625 2250 1668 tern
2275 1604 2744 1674 ConstantinOpoli
2772 1605 2909 1657 duas
2935 1612 3063 1656 tunc
3083 1598 3295 1652 habitas
3339 1594 3516 1648 fuiSse
3548 1592 3624 1646 ad
3651 1607 3750 1645 an-

465 1677 797 1781 Putiulipom.
825 1677 944 1764 ‘lih:
977 1710 1042 1773 ll,
1083 1726 1202 1778 cap.
1248 1677 1410 1773 xxvi;
1452 1706 1508 1761 S.
1544 1677 1908 1775 Augustinus,
1942 1677 2035 1760 lib.
2069 1677 2115 1736 Β
2147 1721 2275 1760 ιιιιιιι
2307 1721 2336 1758 a
2365 1701 2429 1756 C.
2461 1699 2524 1752 N.
2559 1697 2656 1752 581
2693 1694 2960 1764 Sagaritcr
2989 1690 3178 1763 Binius
3213 1689 3266 1740 in
3299 1685 3460 1781 bimis
3497 1681 3751 1781 ad‘Con-

465 1818 576 1856 xvu
608 1801 682 1855 De
711 1802 921 1856 civitate
956 1799 1071 1864 Dei,
1102 1815 1222 1868 cap.
1257 1799 1310 1864 4,
1333 1807 1387 1852 et
1415 1797 1484 1851 ibi
1506 1795 2044 1866 Coaneus),praesu-

467 1906 644 1956 mens,
673 1891 1029 1960 etprOphela:
1057 1904 1280 1950 munus,
1326 1897 1490 1956 atque
1533 1886 1833 1947 sacerdotis
1886 1901 2046 1940 usur-

471 1998 627 2052 pans,
675 1983 920 2050 abjectus
951 1981 1051 2035 fuit
1075 1997 1104 2034 a
1143 1981 1274 2034 Deo.
1326 1979 1392 2033 At
1425 1978 1596 2032 multo
1630 1976 1845 2032 felicius
1878 1992 2046 2047 expo-

469 2075 580 2128 suit
614 2088 770 2127 suam
811 2072 994 2126 Fidem
1021 2072 1346 2126 catholicam
1377 2069 1739 2134 Justiniauus,
1779 2078 1837 2122 ut
1882 2084 2044 2140 snpe-

469 2165 588 2218 rius
615 2163 923 2219 observavi.
959 2162 1244 2217 Mittehant
1274 2161 1554 2230 pontiﬁces
1585 2159 1724 2214 Max.
1754 2160 1904 2214 Fidei
1936 2161 2047 2214 for-

478 2255 684 2308 mulam
728 2255 793 2308 ad
819 2255 956 2309 alios
978 2254 1287 2323 episcopos,
1323 2262 1376 2306 et
1419 2251 1487 2305 ad
1536 2252 1647 2305 AA.
1682 2260 1740 2306 ut
1795 2251 1893 2320 ipsi
1929 2267 2048 2306 eam

470 2347 950 2416 amplecterentur,
979 2354 1034 2400 et
1059 2353 1454 2415 sequerentur;
1491 2352 1546 2400 at
1585 2344 1820 2413 episcopi
1855 2345 1967 2409 alii,
1999 2353 2049 2397 et

469 2438 585 2494 AA.
625 2440 691 2493 ad
722 2439 1002 2509 pontiﬁces
1041 2438 1328 2504 Maximos,
1363 2450 1421 2491 ut
1450 2438 1523 2490 illi
1566 2455 1685 2491 eam
1725 2438 2048 2507 comproba-

469 2539 618 2595 rent,
660 2531 706 2584 si
735 2545 868 2585 sana
927 2539 1112 2595 esset;
1158 2531 1241 2584 vel
1283 2531 1620 2598 corrigerent
1669 2531 1713 2584 si
1773 2544 2048 2604 perversa,

470 2620 592 2676 fuse
623 2619 908 2676 Ferrarius
958 2621 1010 2673 in
1059 2620 1154 2674 lib.
1194 2619 1267 2673 De
1317 2621 1496 2688 Antiq.
1532 2620 1803 2685 epistolar.
1845 2618 2049 2673 Eccles.

471 2729 668 2782 genen,
689 2712 988 2781 praesertim
1016 2712 1108 2766 lib.
1139 2727 1199 2776 ιι,
1226 2727 1274 2765 c.
1308 2709 1359 2764 6.
1401 2710 1594 2765 Verum
1627 2722 1685 2768 ut
1716 2721 1958 2766 revertar
1983 2711 2052 2766 ad

472 2803 836 2873 dogmaticam
871 2803 1031 2857 istatn
1077 2803 1387 2872 epistolam,
1431 2803 1512 2856 vel
1542 2818 1883 2864 sermonem,
1940 2803 2056 2856 sive

473 2901 787 2957 tractatum,
822 2893 1082 2962 ἐπιστολὴ
1113 2909 1349 2962 namque
1397 2894 1617 2960 dicitur,
1650 2901 1812 2963 atque
1855 2892 2012 2960 λόγος
2038 2932 2052 2956 ,

2144 1797 2266 1854 cilia
2291 1793 2658 1849 subodoratus
2680 1798 2782 1842 est.
2805 1784 3068 1848 Primam,
3095 1781 3146 1834 in
3170 1794 3276 1849 qua
3298 1777 3548 1832 Maximo
3573 1775 3750 1844 Cyni-

2145 1903 2212 1943 co
2243 1887 2456 1940 intruso
2475 1879 2705 1950 depulso
2729 1893 2758 1932 e
2785 1874 2910 1930 sede
2931 1867 3549 1936 Constantinopolitana
3567 1908 3586 1930 ,
3614 1863 3750 1919 Gre-

2147 1976 2334 2046 gorius
2355 1970 2764 2031 Nazianzenus,
2794 1963 2888 2034 qui
2920 1961 3333 2016 administrarat
3365 1956 3552 2021 illam,
3581 1971 3747 2024 quam

2149 2065 2375 2136 regebat
2417 2059 2742 2132 jamdudum
2791 2057 2860 2110 ab
2913 2069 3005 2108 an.
3053 2050 3157 2106 579
3201 2048 3309 2120 (uti
3344 2056 3594 2102 testatur
3637 2047 3750 2116 ipse

2151 2156 2449 2228 Gregorius
2490 2155 2544 2206 in
2593 2149 2795 2204 lambis
2832 2147 2896 2200 de
2939 2145 3062 2199 Vita
3100 2160 3230 2204 sua,
3282 2140 3470 2209 p.15)
3503 2139 3746 2192 delectus

2151 2248 2254 2302 fuit
2285 2267 2297 2302 :
2336 2247 2428 2301 illo
2461 2241 2730 2312 (inquam)
2766 2239 3027 2300 Maximo,
3059 2235 3228 2304 quiin
3266 2231 3459 2286 babitu
3497 2230 3643 2283 idoli
3677 2229 3745 2282 iu-

2152 2341 2410 2403 cedebat,
2463 2337 2514 2390 id
2576 2345 2658 2388 est
2712 2332 3006 2402 palliatus.
3055 2335 3114 2380 ut
3163 2324 3376 2380 erudite
3426 2321 3748 2375 llolstenius

2153 2429 2410 2490 adnotat,
2444 2440 2497 2494 p.
2522 2422 2626 2477 259
2671 2423 2723 2474 in
2759 2417 2978 2474 Collecl.
3013 2413 3252 2468 Romana
3293 2413 3449 2480 (qua:
3489 2410 3752 2464 beneﬁcio

2153 2512 2598 2585 splendidissimo
2623 2506 2964 2564 eminentiss.
2996 2501 3285 2557 cardinalis
3316 2498 3622 2552 Barberini
3662 2498 3749 2550 bo-

2157 2622 2227 2661 no
2279 2604 2539 2658 Ecclesiae
2579 2601 2690 2654 nati
2743 2597 2971 2654 feliciter
3003 2595 3177 2648 lucem
3221 2591 3432 2661 aspexit
3469 2589 3490 2659 )
3531 2606 3563 2642 e
3592 2587 3756 2642 Caele-

2113 2697 2300 2751 'stino
2352 2709 2486 2763 papa
2516 2733 2530 2757 ,
2565 2704 2618 2744 et
2650 2688 2980 2744 Tertullian.
3025 2696 3080 2738 et
3127 2687 3241 2737 Act.
3292 2681 3396 2737 SS.
3442 2679 3672 2748 Perpct.
3710 2687 3759 2732 et

2158 2787 2372 2842 Felicit.
2399 2784 2596 2854 quibus
2621 2781 2816 2836 addam
2850 2792 3097 2832 sanetum
3138 2773 3516 2844 Augustinum
3543 2811 3562 2834 ,
3593 2781 3757 2826 tract.

2159 2881 2226 2945 7,
2269 2896 2389 2948 cap.
2431 2894 2444 2930 ι
2495 2877 2548 2928 in
2589 2871 2867 2942 Evangelii
2904 2868 3134 2924 Joannis
3162 2865 3528 2936 Expositione
3571 2881 3630 2933 p.
3662 2865 3762 2929 il,

473 2982 794 3038 crediderim
830 2982 979 3037 illius
1028 2957 1305 3038 auctorem
1335 2957 1646 3054 Evagrlum,
1691 2957 1781 3052 qui
1831 2987 1895 3036 ad
1929 2957 2055 3036 idin-
2083 3005 2128 3066 ρ
2161 2974 2255 3029 ubi
2301 2971 2519 3026 novisse
2562 2981 2621 3022 se
2667 2964 2859 3021 scribit
2907 2962 3094 3030 aliquo
3162 2968 3408 3026 tempore
3444 2957 3608 3066 illius
3648 2957 3761 3066 pal:

475 3083 730 3128 conatum
761 3081 1053 3143 provectus
1077 3072 1178 3128 fuit
1201 3089 1231 3127 a
1257 3084 1445 3128 sancto
1469 3073 1731 3142 Gregorio
1761 3073 2058 3127 Nazianze-

482 3180 576 3231 no,
611 3175 666 3220 ut
695 3165 1017 3234 praedicaret
1063 3165 1230 3234 (quod
1278 3172 1398 3219 erat
1438 3179 1634 3218 mimus
1683 3166 2055 3226 diaeonorum,
2089 3172 2097 3180 °

478 3255 640 3324 idque
686 3255 740 3308 in
792 3255 1140 3310 ordinatione
1193 3255 1433 3323 ipsorum
1489 3255 1647 3308 hodie
1697 3271 1914 3324 quoque
1953 3255 2060 3309 illis

477 3345 884 3414 committitur);
917 3359 1093 3413 neque
1127 3360 1253 3399 vero
1288 3345 1480 3399 licebat
1517 3345 1601 3400 liis
1629 3345 1922 3414 prmdieare
1957 3345 2060 3399 nisi

479 3436 662 3498 ﬁdem,
704 3451 866 3504 quam
905 3435 1315 3503 prolitebantur,
1347 3445 1609 3498 tenerent,
1645 3447 1700 3491 ul
1739 3453 1856 3491 eam
1890 3453 2060 3507 popu-

480 3527 548 3581 lis
575 3528 982 3586 aununtiarent,
1013 3528 1141 3594 quin
1167 3525 1492 3596 Episcopum
1519 3527 1896 3582 custodiebant
1923 3545 2060 3581 con-
2108 3544 2114 3550 ·

482 3619 792 3672 eionantem
824 3658 837 3680 ,
884 3635 952 3674 ne
992 3617 1120 3686 quid
1176 3617 1276 3687 ipsi
1328 3618 1600 3672 excideret
1637 3619 1742 3674 nisi
1798 3618 2062 3673 orthodo-

481 3725 610 3762 xum
659 3718 712 3763 et
762 3709 908 3762 Fidei
967 3709 1166 3780 regulis
1214 3723 1556 3776 consonum;
1623 3711 1764 3764 unde
1811 3711 2062 3766 Clemens

415 3796 426 3806 ’
483 3801 538 3854 in
564 3800 992 3856 Constitutionib.
1029 3801 1264 3870 Apostol.
1315 3803 1408 3856 lib.
1437 3818 1495 3867 ιι,
1532 3817 1582 3856 e.
1618 3801 1708 3866 ﬁl,
1736 3801 2060 3872 Episcopum

485 3890 845 3945 Gubernatori
876 3890 1108 3955 confert,
1138 3890 1404 3946 Diaconos
1433 3891 1636 3945 nautis.
1672 3891 1730 3946 S.
1776 3891 2064 3963 Dionysius

484 3982 759 4037 diaconos
816 3993 1148 4052 purgantes,
1207 3981 1492 4050 episcopos
1557 3983 1899 4052 perﬁcientes
1955 3999 2063 4037 vo-

487 4083 619 4139 rat,
671 4084 936 4143 erantque
1000 4075 1254 4129 custodes
1316 4072 1516 4127 Levitae
1575 4074 1948 4136 tabernaculi,
2007 4084 2066 4128 ut

487 4164 636 4220 Elias
680 4167 733 4220 in
771 4167 1072 4220 orationem
1130 4166 1152 4219 i
1217 4167 1389 4220 sancti
1444 4165 1690 4235 Gregorii
1735 4164 2062 4220 Nazianzeni

491 4265 641 4308 notat
687 4273 739 4324 p.
797 4257 937 4321 157;
991 4259 1148 4324 quasi
1203 4256 1344 4310 oculi
1402 4259 1816 4326 episcoporum,
1871 4257 2061 4311 Isidor.

2163 3066 2274 3120 liati
2306 3064 2418 3134 (sic
2447 3061 2591 3115 enim
2630 3055 2915 3128 legendum
2947 3061 3028 3108 est
3057 3067 3157 3120 pro
3191 3052 3391 3120 pileato
3419 3049 3764 3119 utrobique)

2161 3152 2496 3208 sacerdotem
2534 3149 2708 3203 solere
2749 3145 2929 3198 dicere
2962 3161 2975 3197 :
3026 3142 3090 3195 Et
3138 3141 3250 3209 ipse
3287 3140 3552 3208 palliatus
3594 3139 3764 3193 Chri-

2161 3245 2370 3298 stianus
2417 3253 2536 3308 est;
2586 3241 2638 3294 id
2679 3248 2761 3292 est
2807 3234 3062 3304 Serapis,
3113 3233 3272 3302 cujus
3318 3231 3537 3286 idolum
3590 3231 3764 3299 pallio

2162 3334 2561 3390 amiciebatur:
2598 3331 2786 3385 ethoc
2815 3340 2934 3391 est,
2971 3327 3118 3395 quod
3159 3329 3209 3379 in
3255 3325 3482 3394 epistola
3527 3323 3766 3376 Adriani

2163 3428 2225 3480 A.
2284 3425 2426 3495 apud
2469 3422 2764 3493 Vopiscum
2815 3418 3170 3480 enuntiatur,
3217 3414 3428 3483 Serapis
3472 3413 3769 3468 Christia-

2164 3531 2291 3570 llllS.

2233 3605 2360 3660 Fuit
2399 3603 2642 3676 synodus
2687 3598 2961 3664 secunda,
3010 3598 3064 3651 in
3109 3611 3216 3666 qua
3272 3608 3390 3650 sese
3444 3591 3768 3648 abdicaui:

2165 3706 2354 3753 sancto
2372 3694 2634 3766 Gregorio
2653 3691 3022 3753 Nazianzeno,
3041 3701 3096 3746 et
3122 3685 3394 3760 episcopis
3415 3685 3768 3752 junioribus,

2163 3785 2260 3857 qui
2307 3787 2692 3856 pertraxerunt
2733 3783 2799 3838 ad
2843 3798 2902 3837 se
2931 3781 3069 3837 alios
3102 3781 3384 3839 seniores,
3428 3775 3770 3844 subrogatus

2164 3877 2214 3931 ei
2246 3877 2346 3930 fuit
2375 3876 2682 3939 Nectarius,
2707 3875 2774 3929 ad
2795 3889 2958 3944 quem
2986 3883 3038 3927 et
3068 3873 3182 3941 ipse
3209 3877 3434 3924 sanctus
3457 3867 3772 3936 Gregorius

2167 3969 2354 4039 dirigit
2383 3969 2690 4023 orationem
2729 3965 2818 4031 16,
2854 3968 2906 4019 iit
2939 3981 3045 4034 qua
3077 3964 3321 4032 deplorat
3353 3963 3626 4015 Ecclesiae
3665 3974 3776 4014 sta-

2169 4073 2282 4118 tum
2313 4063 2606 4132 ipsumque
2635 4059 2906 4119 hortatur,
2944 4064 3004 4109 ut
3042 4058 3276 4109 han-eses
3328 4061 3696 4120 compescat,
3727 4063 3778 4107 et

2168 4155 2472 4212 hirreticos.
2535 4151 2612 4206 Eo
2657 4165 2790 4205 sane
2835 4147 3066 4202 consilio
3125 4160 3258 4200 usus
3306 4143 3606 4198 Nectarius
3650 4159 3777 4197 cum

2169 4243 2440 4316 episcopis
2483 4241 2582 4295 l50
2622 4241 2640 4312 (
2677 4248 2756 4293 tot
2796 4238 2942 4293 enim
2991 4242 3393 4297 convenerant,
3431 4242 3486 4288 et
3515 4232 3778 4287 diversa—

490 4322 782 4407 l’elusiota,
835 4322 1124 4414 epist._29,
1173 4347 1262 4400 lib.
1321 4363 1358 4401 ι.
1406 4322 1520 4400 Non
1575 4322 1774 4401 mirum
1833 4348 1995 4418 igitur
2021 4349 2063 4402 si
2102 4337 2142 4389 ι)
2175 4339 2370 4390 bﬂnllll‘
2398 4329 2904 4416 (ἷοηδῐειηῐῖηυβυιί)
2936 4325 3207 4381 Eucherio
3247 4335 3297 4378 ει
3328 4322 3568 4418 Syagrio
3584 4337 3780 4418 ξοεεςν

488 4435 733 4506 ejusdem
790 4435 1218 4504 Evpositionem,
1263 4451 1357 4490 seu
1418 4434 1822 4491 Professionem
1876 4446 2065 4506 protu-

490 4527 615 4581 lerit
669 4523 932 4597 Fvagrius
969 4525 1256 4589 Diaconos,
1301 4542 1424 4580 cum
1467 4529 1766 4597 prmsertim
1817 4543 1883 4582 eo
1934 4537 2068 4581 tem-

489 4632 621 4686 pore
664 4617 906 4688 synodus
941 4616 1234 4671 haberetur
1279 4616 1791 4684 Constantinopoli,
1837 4630 2068 4669 consue-

486 4707 650 4777 617
713 4707 994 4776 verintque
1036 4707 1251 4761 diaconi
1306 4707 1564 4762 assistere
1597 4749 1611 4772 ,
1660 4722 1723 4760 ac
1757 4706 2070 4762 ministrare

488 4801 606 4853 suis
645 4799 916 4868 episcopis
959 4816 973 4853 :
1020 4799 1093 4854 ita
1145 4811 1368 4855 sanctus
1419 4799 1753 4854 Athanasius
1803 4799 2070 4854 diaconus

489 4890 872 4945 Alexandrinae
917 4889 1175 4946 Ecclesiae
1224 4892 1538 4946 Alexandro
1579 4893 1836 4960 episcopo
1882 4891 2073 4945 aderat

489 4983 634 5051 apud
663 4980 934 5036 Nicaenam
962 4981 1255 5052 synodum;
1292 4993 1428 5037 teste
1447 4982 1650 5037 Severo
1669 4983 1902 5048 Sulpitio
1920 4981 2013 5036 lib.
2035 4997 2070 5034 ιι

492 5072 650 5129 Sacr.
665 5073 944 5129 Histor.Et
959 5076 1082 5131 hinc
1096 5075 1455 5146 ἀνιστορησία
1473 5073 1676 5128 infandi
1701 5073 2074 5128 haeresiarcha!

491 5163 932 5232 deprehenditur,
959 5176 1011 5221 et
1035 5166 1353 5222 confutatur
1375 5208 1390 5233 ,
1430 5169 1522 5236 qui
1553 5176 1799 5220 sanetum
1836 5166 2077 5220 Athana-

495 5255 635 5308 sium
673 5255 1171 5328 Nicaenae_Synodo
1217 5255 1503 5326 praefuisse
1551 5255 1809 5310 somniat.
1857 5253 2075 5324 Legitur

497 5355 646 5401 tomo
692 5346 711 5400 l
754 5321 994 5417 Operitm
1039 5321 1494 5418 sancti-Gregorii
1520 5344 1846 5401 Nazianzeni
1889 5321 2074 5399 oratio

501 5436 587 5498 45,
643 5438 708 5491 ad
765 5437 1052 5509 Evagrium
1100 5438 1468 5501 monachum,
1517 5437 1678 5492 istum
1720 5435 1890 5502 forte,
1945 5435 2072 5488 dum

501 5523 675 5579 adhuc
706 5527 1018 5581 diaconatui
1059 5543 1166 5582 non
1201 5525 1696 5593 fuisset'initiatus,
1733 5525 2072 5592 interrogan-

508 5626 609 5668 tem
659 5616 727 5668 De.
777 5617 1095 5682 Dirinilate,
1156 5635 1209 5685 p.
1261 5617 1383 5672 988.
1428 5617 1502 5671 Ad
1555 5619 1729 5686 ipsum
1782 5615 2071 5685 Evagrium

2175 4429 2290 4483 sive
2341 4411 2555 4478 anno'a
2589 4421 2659 4475 C.
2698 4419 2763 4474 N.
2799 4419 2923 4483 581,
2976 4433 3006 4470 a
3053 4431 3238 4469 mense
3270 4414 3410 4467 Maio
3448 4411 3525 4466 ad
3584 4411 3618 4463 7
3660 4413 3784 4464 ldus

2173 4519 2349 4572 Julias
2377 4513 2641 4586 synodum
2673 4511 2863 4565 habuit
2889 4506 3283 4563 (ncumenicam
3305 4545 3320 4568 ,
3356 4503 3550 4572 quoad
3577 4501 3786 4556 Orien-

2177 4623 2282 4666 tem
2313 4607 2600 4679 (Chronie.
2635 4603 2890 4659 llistoric.
2918 4599 3054 4655 Cod.
3079 4592 3470 4664 'i‘heodosian.)
3507 4602 3566 4647 et
3595 4593 3785 4647 Mace-

2177 4702 2444 4756 donianos
2499 4697 2848 4769 potissimum
2909 4691 3222 4754 damnans,
3283 4685 3530 4755 Spiritus
3596 4682 3788 4738 sancti

2177 4794 2515 4849 divinitatem
2561 4788 2900 4848 inﬁciantes,
2954 4782 3162 4838 sarcire
3194 4787 3425 4834 conatus
3467 4788 3564 4830 est
3613 4775 3789 4828 dissi-

2179 4885 2266 4939 dia
2306 4883 2592 4944 Ecclesiae,
2632 4877 2800 4948 318
2835 4886 3133 4944 pacemque
3165 4867 3484 4923 conciliare.
3543 4863 3606 4917 In
3658 4863 3788 4916 llol-

2181 4975 2361 5030 steinii
2395 4972 2613 5043 quidem
2663 4970 3061 5036 Diagrainmate
3099 4955 3516 5013 chronotactico
3553 4956 3790 5024 pontiﬁ-

2183 5060 2590 5119 catus'Damasi
2620 5099 2634 5121 ,
2665 5055 2812 5127 quod
2879 5053 3020 5106 inter
3047 5049 3168 5118 ejus
3209 5045 3438 5103 schedas
3487 5054 3790 5113 repertum

2183 5151 2444 5206 insertum
2483 5147 2584 5201 fuit
2615 5145 2876 5198 Romana:
2907 5135 3223 5192 Collectioni
3251 5175 3265 5198 ,
3305 5148 3358 5200 p.
3388 5131 3488 5184 501
3522 5171 3536 5193 ,
3571 5133 3653 5183 ad
3697 5146 3798 5182 au-

2185 5259 2314 5301 num
2341 5241 2467 5302 458,
2499 5241 2733 5292 locatum
2757 5231 3050 5288 concilium
3075 5223 3475 5284 meumenicum
3504 5221 3796 5276 Constan-

2185 5335 2602 5406 tinopolitanum
2634 5328 2876 5382 habitum
2910 5338 3096 5378 mense
3121 5319 3262 5374 Maio
3285 5359 3300 5380 ,
3342 5313 3570 5369 Maximi
3609 5323 3799 5366 teme-

2185 5405 2315 5482 ritas
2375 5427 2684 5479 damnatur.
2745 5414 3042 5485 Gregorius
3110 5410 3485 5480 episcopatum
3548 5405 3804 5474 deponit

2185 5527 2400 5590 propter
2425 5513 2747 5570 discordiam
2776 5507 3193 5576 episcoporum,
3227 5498 3472 5553 Mclctitts
3497 5496 3804 5550 Constan-

2186 5609 2408 5678 tinopoli
2456 5605 2714 5666 mmizur,
2766 5599 3022 5655 sulIeclus
3062 5593 3354 5649 Flavianus
3389 5590 3800 5658 episcopatum
