3994 6182
278 288 283 291 ’
328 300 463 367 tius
495 322 498 325 λ

1500 295 1594 355 DE
1650 290 2028 353 OPERIBUS
2067 291 2128 351 S.
2169 290 2354 350 Nll.l.

3438 284 3574 354 1318

321 415 439 485 ejus
463 411 918 481 suscipitvivcute
937 409 1181 473 Paulino,
1200 406 1446 477 Gregorii
1471 407 1591 461 loco
1608 405 1895 461 Nectarius
1925 409 1965 464 Α
2000 403 2074 456 thi
2104 416 2289 457 eremo
2326 400 2525 469 passim
2562 408 2739 468 agitur
2770 399 2823 453 in
2876 398 3006 452 Vitis
3042 397 3301 465 Patrum,
3333 401 3426 455 ubi
3456 402 3577 471 piu-

320 504 570 572 eligitur;
615 516 734 570 qum.
754 498 1345 567 omnia'congeruntur,
1365 498 1441 551 ιιιί
1469 498 1631 551 simul
1654 495 1792 550 facta
1811 535 1825 557 ,
1847 502 1902 549 et

323 600 501 645 tamen
518 591 745 644 multum
766 589 1023 657 temporis
1038 589 1367 652 intercessit,
1387 588 1516 641 dum
1535 584 1904 640 sanctusGre-

320 682 504 750 gorius
523 682 734 736 clavum
756 678 1009 734 Ecclesiae
1032 670 1238 740 tenuit,
1263 677 1602 745 tentavitque
1622 676 1898 730 Orientem

319 772 597 827 Occidenti
626 788 816 826 rursus
838 772 1067 840 juugere
1089 810 1102 833 ,
1138 784 1202 824 ac
1231 768 1453 823 collisas
1484 768 1733 837 regiones
1758 766 1902 822 ans

320 862 707 917 schismatibus
760 876 822 915 ac.
865 860 1161 913 liaaresibus
1179 858 1244 912 ad
1268 872 1446 911 arcem
1469 855 1765 925 Religionis
1788 854 1901 908 Ro-

320 968 534 1006 manam
554 952 871 1013 Ecelesiam,
888 952 1239 1021 polaremque
1261 949 1469 1003 stellam
1490 947 1779 1011 reducere;
1802 960 1898 999 ne-
1920 1012 1923 1015 ν

319 1043 614 1111 quidquam
650 1052 828 1096 tamen
860 1058 873 1092 :
917 1048 972 1094 et
997 1041 1119 1093 ideo
1143 1039 1477 1107 distinguere
1499 1037 1635 1089 duas
1661 1034 1898 1106 synodos

321 1148 416 1199 par
444 1141 555 1186 est:
593 1131 843 1200 quamvis
870 1131 921 1183 in
943 1130 1086 1183 uotis
1107 1144 1158 1197 p.
1184 1128 1289 1182 960
1312 1169 1324 1192 ,
1359 1127 1424 1179 ad
1446 1127 1659 1179 Damasi
1685 1125 1899 1194 Episto-

282 1221 428 1273 ‘Alam
451 1222 720 1284 observet,
745 1219 884 1273 istud
916 1219 1203 1272 concilium
1236 1215 1707 1283 Constantinopoli
1733 1214 1898 1267 colle-

285 1296 464 1385 :ctum
504 1312 571 1364 ad
613 1309 1050 1365 substituendqu
1084 1302 1551 1374 Constantinopoli
1582 1306 1897 1373 episcopum

289 1403 538 1457 ~Maximi
564 1404 701 1464 vice,
722 1402 814 1471 qui
836 1401 1011 1455 fuerat
1038 1400 1316 1463 exclusus,
1353 1398 1517 1451 fuisse
1542 1398 1889 1467 particularc.

320 1498 474 1563 Quod
497 1504 680 1551 autem
702 1496 942 1566 appingit
969 1494 1269 1549 Ecclesiam
1294 1494 1594 1546 Romanam
1618 1506 1897 1561 nunquam

320 1590 372 1643 id
410 1590 664 1643 habuisse
684 1603 780 1657 pro
806 1588 1071 1659 generali,
1096 1587 1162 1640 de
1192 1587 1369 1655 primo
1395 1583 1774 1645 concederem,
1802 1582 1896 1637 sed

322 1695 427 1734 non
458 1680 523 1734 de
552 1679 822 1743 secundo;
859 1678 1002 1747 quod
1034 1692 1129 1746 pro
1152 1675 1387 1745 generali
1414 1673 1683 1727 nominari
1719 1674 1899 1727 videa-

1999 493 2328 563 guescebaut
2365 491 2611 559 speciosa
2650 490 2870 553 deserti,
2897 499 2949 544 et
2983 490 3307 543 lzetabautur
3335 491 3570 552 deserta,

1997 594 2053 639 et
2082 584 2225 638 iunia
2258 623 2273 647 ,
2309 592 2364 638 et
2387 583 2695 638 exsultabat
2723 581 2996 643 solitudo,
3049 581 3204 649 juxta
3253 582 3570 636 vaticinium

1998 676 2151 730 Isaia:
2187 690 2237 729 c.
2269 691 2412 728 xxxv
2436 717 2449 739 ,
2476 690 2525 727 ιν.
2560 674 2621 740 1,
2653 688 2771 728 eam
2804 672 3168 727 incolentibus
3192 672 3429 742 undique
3460 689 3577 728 mo-

1999 766 2295 819 nachorum
2335 763 2680 819 examinibus
2705 803 2719 827 ,
2770 771 2824 817 et
2861 763 3316 816 anaehorctarum
3354 763 3573 818 turmis.

1999 857 2283 928 Seythiaca
2322 856 2489 927 regio,
2519 866 2704 924 postea
2737 854 2936 916 Sectis,
2978 854 3060 908 vel
3094 852 3258 907 Scitis
3284 854 3575 922 appellata,

1999 948 2071 1001 ibi
2121 962 2283 1003 mons
2325 956 2409 1001 est
2450 946 2659 1008 Sectis,
2712 945 2804 999 ubi
2845 944 3259 1014 philosophatus
3298 955 3378 998 est
3411 950 3577 997 Arse—

1998 1039 2123 1093 nius
2167 1039 2225 1092 S.
2254 1037 2316 1092 li.
2356 1038 2412 1090 Ε.
2451 1036 2777 1107 card.(?)de
2808 1052 2916 1105 quo
2948 1036 3013 1088 l9
3038 1034 3163 1089 Julii
3205 1036 3254 1087 in
3291 1034 3573 1105 Martyrol.

1996 1128 2371 1197 suprascripto
2393 1166 2407 1190 ,
2439 1138 2492 1180 et
2513 1142 2673 1196 quem
2704 1125 2902 1180 accolae
2943 1124 3170 1178 Nitriam
3195 1112 3411 1185 voeant,
3449 1126 3576 1194 quia

1996 1223 2150 1276 vicus
2184 1222 2404 1292 quidam
2449 1222 2496 1274 ei
2528 1221 2737 1274 vicinus
2775 1229 2856 1275 est
2878 1260 2894 1286 ,
2951 1218 3004 1272 in
3041 1234 3148 1287 quo
3180 1217 3392 1271 Nitrum
3423 1219 3579 1273 colli-

1996 1315 2141 1384 gitur
2180 1333 2192 1368 ε
2235 1314 2431 1368 ibidem
2480 1312 2811 1366 monasteria
2855 1311 3108 1380 contigua
3158 1325 3265 1364 non
3318 1312 3576 1378 pauciora

1997 1421 2162 1475 quam
2199 1404 2287 1471 50,
2325 1418 2558 1473 querum
2586 1402 2834 1456 monachi
2875 1402 3074 1465 simul,
3113 1401 3194 1454 vel
3222 1401 3449 1454 seorsim
3486 1401 3582 1453 lia-

1998 1498 2172 1551 hitant
2198 1539 2212 1562 ,
2243 1504 2298 1550 et
2331 1494 2620 1565 Nicephor.
2654 1492 2861 1547 Callisti
2907 1508 2957 1545 c.
3004 1492 3073 1546 58
3098 1530 3114 1554 ,
3162 1492 3254 1544 lib.
3286 1507 3321 1545 ιι
3370 1492 3579 1545 Histor.

2000 1587 2203 1641 Eccles.
2232 1590 2389 1641 Anno
2425 1585 2616 1639 salutis
2650 1584 2875 1653 publicm
2907 1580 3387 1651 septingentesimo
3418 1580 3581 1649 quin-

1998 1679 2315 1748 quagcsimo
2354 1693 2418 1731 ex
2451 1690 2716 1743 respexiso
2747 1673 3023 1726 Zacharia:
3063 1671 3334 1738 pontificis
3359 1666 3584 1723 Maximi

322 1772 496 1839 tui-.ibi
519 1811 534 1835 ,
563 1782 616 1825 et
643 1772 693 1826 in
720 1770 1060 1840 professione
1080 1768 1203 1822 fidei
1229 1766 1527 1820 Romanor.
1557 1764 1895 1833 pontificum.

2009 1767 2338 1821 llhilderirus
2360 1810 2375 1832 ,
2415 1772 2510 1819 aut
2557 1762 2866 1817 llildericus
2901 1777 2991 1815 rex
3039 1758 3373 1813 Francorum
3408 1774 3437 1812 ο
3471 1756 3584 1811 Me-

320 1867 389 1920 At
406 1883 623 1920 manum
644 1866 707 1919 de
724 1865 904 1919 tabula
927 1880 940 1914 ε
965 1863 1099 1916 satis
1118 1862 1420 1929 hucusque.
1435 1856 1652 1911 Interim
1671 1856 1897 1923 Evagrio

320 1957 725 2013 Professionem
757 1957 915 2011 istam
950 1954 1133 2017 tribui,
1159 1968 1187 2005 a
1219 1966 1329 2021 quo
1351 1961 1573 2005 sanctus
1599 1946 1752 2002 Nilus
1777 1962 1896 2001 eam

320 2050 556 2119 excepit,
613 2063 879 2116 suamque
910 2045 1107 2100 fecisse
1140 2044 1352 2097 videtur
1373 2079 1389 2105 ,
1417 2043 1546 2095 dum
1579 2039 1899 2108 comproba-

319 2141 417 2203 vit,
446 2150 498 2193 et
528 2141 808 2193 monachis
840 2140 958 2192 suis
983 2135 1379 2190 observandam
1400 2133 1569 2197 misit,
1600 2142 1657 2185 ut
1685 2132 1899 2199 opinor,

324 2233 554 2300 ideoque
592 2231 711 2285 Nilo
753 2231 1079 2283 vindicatur.
1112 2230 1153 2280 Α
1181 2235 1370 2281 sancto
1394 2225 1653 2294 Gregorio
1678 2223 1904 2277 Nazian-

326 2337 459 2375 zeno
488 2322 681 2375 hausta
725 2320 937 2385 fuerat,
971 2329 1025 2371 et
1054 2317 1298 2371 derivata
1319 2356 1334 2381 ,
1365 2331 1430 2370 ex
1462 2315 1749 2383 colloquiis
1778 2328 1902 2368 cum

325 2427 389 2467 eo
415 2412 615 2467 habitis
636 2454 649 2477 ,
686 2413 758 2465 uti
792 2412 984 2479 legitur
1014 2410 1067 2463 in
1104 2408 1429 2463 Praefatione
1462 2407 1528 2461 ad
1561 2404 1863 2459 monachus
1886 2445 1900 2467 ,

325 2508 417 2574 qui
465 2514 621 2560 erant
665 2506 715 2557 in
759 2504 1089 2568 solitudine,
1126 2517 1289 2571 quam
1344 2500 1574 2570 patriam
1625 2498 1901 2556 nominat:

328 2609 451 2647 nam
483 2608 702 2647 ercmus
728 2601 811 2647 est
836 2591 1007 2659 patria
1028 2605 1175 2653 vera,
1197 2592 1487 2656 solumque
1508 2586 1687 2641 natale
1719 2601 1908 2640 mona-

326 2691 577 2752 chorum,
605 2688 694 2742 ubi
733 2686 933 2740 mortui
967 2683 1190 2747 mundo,
1213 2681 1542 2750 Christoque
1565 2679 1676 2734 nati
1710 2694 1906 2733 nomen

327 2782 629 2846 dederunt,
676 2787 730 2834 et
765 2779 974 2832 vivunt.
1024 2778 1087 2831 lli
1124 2790 1252 2830 vero
1295 2773 1541 2828 monachi
1582 2771 1909 2827 revocabant

332 2873 504 2941 ipsum
534 2882 812 2924 auctorem
838 2909 852 2934 ,
882 2869 977 2939 qui
1008 2882 1231 2921 causam
1267 2880 1434 2919 morte
1467 2864 1749 2933 prwtendit
1775 2862 1910 2917 Gre-

330 2965 465 3035 gorii
510 2963 839 3018 Nazianzeni
888 2959 1343 3015 consuetudinem
1372 2996 1386 3020 ,
1436 2973 1499 3011 ac
1553 2956 1863 3010 Doetrinam
1891 2995 1906 3019 ,

2000 1859 2164 1911 rowci
2216 1858 2385 1927 stirpe
2418 1857 2643 1910 ultimus
2672 1854 2951 1922 depositus
2976 1861 3080 1913 est,
3111 1863 3387 1919 regnoque
3408 1847 3584 1901 Fran-

1998 1964 2188 2003 corum
2222 1948 2373 2002 abire
2410 1948 2632 2017 jussus,
2685 1954 2740 1999 et
2788 1951 3041 1997 attonsus
3089 1941 3393 1995 monastico
3433 1954 3585 1993 more

2003 2052 2255 2095 retrusus
2302 2039 2403 2092 fuit
2450 2039 2504 2091 in
2545 2037 2935 2091 monasterium
2979 2033 3152 2088 sancti
3196 2030 3439 2097 Bertini,
3470 2029 3584 2083 sive

2003 2134 2177 2186 sant-ti
2208 2129 2504 2186 Audomari
2534 2145 2548 2193 ;
2588 2134 2641 2179 et
2677 2141 2771 2194 per
2800 2126 3015 2179 diversa
3048 2119 3275 2175 latibula
3311 2128 3588 2174 monaste-

2005 2225 2215 2278 riorum
2250 2224 2552 2276 diverratus
2578 2258 2592 2282 ,
2632 2216 2844 2271 tandem
2889 2214 3023 2269 obiit
3057 2214 3110 2267 in
3150 2212 3448 2275 Sithiensi,
3490 2228 3583 2266 an.

2006 2314 2128 2368 754.
2180 2312 2267 2367 Jo.
2316 2310 2433 2365 Jac.
2483 2306 2713 2362 Chimet.
2758 2306 2811 2359 in
2852 2304 3103 2358 Anastas.
3145 2300 3476 2365 Childeriei,
3529 2300 3585 2353 in

2007 2407 2181 2462 Sithia
2222 2419 2359 2473 ,seu
2407 2401 2603 2464 Sithii;
2650 2399 2754 2453 hoc
2800 2397 2987 2451 datum
3038 2394 3215 2450 fuerat
3265 2407 3463 2446 nomen
3508 2392 3585 2446 illi

2005 2498 2289 2561 cceuobio,
2347 2496 2400 2549 in
2445 2508 2555 2564 quo
2579 2490 2942 2545 versabantur
2978 2486 3233 2541 monachi
3281 2483 3586 2554 persimilcs

2009 2590 2230 2648 Sithicis
2260 2586 2528 2658 Egyptiis
2558 2581 2736 2653 quoad
2781 2581 3116 2635 inStitutum.
3151 2578 3306 2647 Apud
3332 2574 3584 2631 Godefri-

2007 2682 2136 2735 dum
2168 2676 2572 2733 Henschenium
2617 2671 2907 2728 Societatis
2935 2669 3087 2723 Jesu.
3143 2667 3578 2737 Deportahantur

2008 2771 2280 2842 quondam
2319 2767 2504 2823 Oasim
2536 2761 2884 2819 confessores
2909 2757 3205 2814 Christiani
3237 2756 3339 2810 sub
3366 2753 3587 2809 Juliano

2011 2864 2178 2935 impio
2204 2869 2473 2933 apostata,
2499 2873 2653 2913 nunt.
2690 2854 2813 2918 562,
2841 2869 2895 2922 p.
2929 2851 3017 2905 Η.
3051 2850 3243 2903 Baron.
3282 2846 3357 2901 lbi
3390 2845 3588 2901 Calen-

2011 2961 2139 3015 dion
2171 2956 2470 3013 catholicus
2498 2953 2787 3021 episeOpus
2819 2944 3146 2999 Antiochen.
3177 2941 3353 2995 fuerat
3388 2940 3590 3010 relega-

333 3065 624 3124 monetque
652 3056 796 3116 illos,
828 3062 884 3106 ut
913 3060 1142 3106 caveant
1167 3066 1196 3105 a
1227 3049 1542 3112 Philistzeis,
1572 3046 1911 3101 Macedonia—
1937 3074 1979 3132 ϐ
2014 3061 2123 3114 ωε,
2156 3046 2459 3117 ιηςίῇεειειιὶε
2491 3049 2781 3098 accusatus
2812 3052 2954 3093 anno
2984 3035 3088 3089 489.
3114 3033 3419 3103 ,Baron.p.
3450 3031 3589 3097 355;

333 3145 415 3197 nis
447 3160 658 3213 nempe,
694 3143 782 3211 qui
817 3141 1040 3211 Spiritui
1070 3148 1259 3195 sancto
1289 3138 1675 3208 abjudicabant
1713 3136 1910 3190 divini-

337 3247 541 3301 tatem;
596 3235 845 3289 Haeretici
901 3236 1097 3303 quippe
1142 3232 1441 3286 monachos
1498 3230 1810 3297 simplices,
1858 3235 1912 3281 et

333 3329 648 3396 plerumque
685 3327 879 3379 idiotas
914 3325 1135 3378 inlicere
1186 3323 1301 3377 suis
1325 3321 1607 3375 erroribus
1628 3321 1909 3373 conaban-

333 3429 438 3473 tur.
472 3420 626 3484 lline,
660 3420 787 3472 licet
821 3417 911 3470 diu
942 3428 1101 3486 post,
1135 3417 1381 3485 queritur
1410 3422 1638 3468 sanctus
1668 3412 1908 3479 Fulgen-

335 3515 441 3567 tius
472 3522 644 3566 lerras
670 3510 961 3564 Thebaida:
988 3507 1226 3578 regionis
1255 3506 1307 3558 in
1342 3504 1577 3573 )Egypto
1600 3517 1630 3554 a
1662 3516 1907 3555 commu-

334 3606 498 3659 nione
529 3604 669 3657 beati
699 3602 843 3655 Petri
870 3600 941 3655 ob
969 3597 1228 3667 perfidam
1256 3594 1655 3649 dissensionem
1689 3606 1909 3660 separa-

336 3706 453 3758 tas,
504 3695 582 3748 uti
625 3692 826 3748 certior
872 3688 1048 3743 factus
1096 3685 1273 3740 fuerat
1320 3686 1387 3738 ab
1416 3682 1625 3737 Eulalio
1654 3681 1909 3751 episcopo

338 3789 705 3859 Syracusano,
729 3797 853 3838 cum
881 3780 1114 3850 migrare
1165 3792 1229 3831 ac
1256 3789 1477 3846 pergere
1501 3768 1911 3841 concupisceret

338 3882 403 3933 ad
434 3890 728 3932 extremam
766 3874 911 3928 illius
945 3884 1186 3927 eremum
1223 3886 1236 3922 :
1300 3866 1529 3921 afﬁrmat
1556 3865 1658 3918 hoc
1682 3861 1911 3917 Cartha-

339 3969 582 4039 giuensis
617 3966 869 4021 Eeelcsire
895 3964 1160 4017 diaconus
1190 3956 1504 4014 Ferraudus
1549 3956 1599 4008 in
1636 3953 1757 4007 l'ita
1786 3968 1912 4007 san-

340 4065 409 4114 cti
448 4060 719 4131 Fulgentii
744 4100 756 4122 ,
790 4073 838 4111 c.
884 4054 982 4116 12,
1025 4070 1079 4123 p.
1114 4051 1251 4115 2'22,
1286 4050 1351 4104 ad
1383 4064 1531 4102 num.
1578 4047 1610 4100 6
1646 4040 1911 4100 anui456

339 4155 561 4209 Cardin.
601 4152 796 4205 Baron.
846 4164 897 4219 p.
932 4146 1073 4210 650,
1105 4159 1198 4199 eas
1239 4142 1449 4198 scilicet
1494 4140 1547 4194 in
1593 4135 1913 4192 solitudines

340 4244 608 4316 deportati
635 4239 1013 4297 haeresiarchae
1051 4235 1397 4305 decipiebant
1438 4231 1829 4287 anachoretas,
1862 4233 1915 4277 ct

345 4336 640 4390 illudebant
665 4330 949 4385 monachis
981 4327 1194 4381 vicinis.
1249 4322 1532 4377 Nestorius
1580 4317 1910 4377 damnatus,
1960 4377 1966 4383 _

2012 3151 2067 3196 at
2101 3140 2294 3195 deinde
2327 3136 2520 3206 impii,
2557 3143 2608 3188 et
2635 3129 2872 3186 haeretici
2893 3168 2907 3192 ,
2944 3125 3221 3181 Severiani
3247 3165 3261 3189 ,
3291 3122 3550 3191 Accphali
3571 3163 3587 3187 ,

2007 3242 2058 3287 et
2100 3232 2190 3286 alii
2231 3231 2343 3299 jam
2391 3223 2739 3282 enumerati:
2790 3221 2871 3275 sic
2906 3217 3298 3272 monachorum
3333 3214 3485 3269 cellae
3527 3214 3585 3267 iu

2009 3324 2301 3391 speluncas
2356 3327 2409 3373 et
2440 3316 2634 3386 spelzea
2663 3314 2934 3367 latronum
2970 3322 3140 3363 versa:
3170 3314 3318 3361 sunt.
3352 3306 3593 3374 Agamus

2009 3411 2151 3480 quod
2183 3411 2386 3471 instat,
2421 3407 2464 3460 si
2499 3418 2762 3457 monuero
2795 3400 3086 3470 Evagrium
3121 3396 3413 3450 diaconum
3443 3394 3593 3448 ordi-

2012 3510 2198 3551 natum
2228 3510 2257 3549 a
2285 3500 2479 3548 sancto
2507 3490 2771 3560 Gregorio
2798 3487 3075 3555 Theologo
3108 3484 3466 3548 Nazianzeno,
3495 3500 3593 3537 cu~

2006 3589 2098 3659 jus
2128 3595 2245 3641 erat
2273 3582 2597 3653 discipulus,
2630 3590 2756 3652 post
2788 3578 2907 3648 ejus
2932 3577 3231 3631 discessum
3262 3591 3290 3627 a
3320 3573 3593 3628 Consmn-

2012 3677 2370 3748 tin0politana
2410 3673 2580 3737 urbe,
2634 3670 2883 3724 relictum
2934 3664 3068 3717 inibi
3111 3662 3475 3725 remansisse,
3533 3671 3590 3714 ιιι

2009 3769 2261 3825 Nectario
2290 3764 2598 3822 successori
2641 3763 2696 3816 in
2724 3760 2851 3816 sede
2881 3757 3031 3812 illius
3063 3754 3318 3810 Ecclesia:
3351 3752 3418 3806 ad
3456 3752 3588 3829 dog-

2012 3877 2157 3921 mata
2190 3862 2541 3933 disquirenda
2571 3868 2714 3914 esset
2761 3855 3116 3924 adjumento;
3158 3850 3238 3905 sic
3276 3848 3343 3904 ad
3387 3861 3592 3901 annum

2011 3957 2148 4023 581,
2181 3953 2476 4011 cardinalis
2517 3947 2785 4003 Baronius
2811 3944 3098 4002 observat,
3140 3954 3195 4008 p.
3221 3936 3325 3991 448
3354 3936 3589 3997 Anual.;

2014 4064 2112 4104 nec
2136 4047 2280 4102 enim
2317 4045 2449 4099 satis
2482 4043 2699 4096 illorum
2726 4037 2927 4106 peritus
2956 4041 3074 4087 erat
3102 4029 3407 4084 Nectarius.
3442 4026 3593 4082 Desi-

2015 4140 2090 4193 nit
2114 4140 2215 4192 iste
2246 4143 2510 4189 tractatus
2542 4132 2595 4185 in
2625 4128 2801 4183 verbis
2829 4167 2843 4191 ,
2885 4125 2980 4177 καὶ
3032 4124 3064 4193 ἡ
3101 4119 3365 4191 παροιμία
3420 4118 3587 4189 φησί,

2013 4242 2063 4286 et
2097 4228 2434 4283 Prorerbium
2470 4232 2715 4280 testatur.

2089 4341 2341 4397 Succedit
2401 4335 2503 4389 Nili
2568 4336 2649 4389 ὅτι
2699 4331 3040 4400 διαφέρουσιν
3111 4325 3219 4379 τῶν
3267 4327 3324 4377 ἐν
3375 4321 3590 4374 πόλεσιν

342 4436 394 4479 et
425 4425 477 4478 in
518 4424 768 4477 exsilium
805 4420 1006 4472 missus
1043 4418 1095 4469 in
1125 4413 1252 4469 Oasi
1299 4411 1543 4463 habitare
1575 4405 1908 4474 dignoscitur

2017 4433 2347 4503 οἰκουμένων
2400 4431 2448 4481 οἱ
2494 4431 2552 4480 ἐν
2596 4426 2820 4495 ἐρήμοις
2861 4418 3240 4491 ἡευχὰζοντες,
3298 4414 3451 4478 Quod
3494 4429 3589 4467 cx-

346 4516 551 4589 (inquit
586 4513 869 4567 Liberatus
892 4510 944 4562 in
978 4504 1253 4560 Breviario
1276 4498 1721 4555 Nestorianorum
1746 4510 1797 4564 p.
1823 4494 1910 4559 55,

346 4583 476 4660 tom.
531 4603 572 4655 11
607 4600 831 4657 Concill.
885 4605 938 4652 et
989 4596 1243 4649 Socrates
1285 4587 1425 4657 apud
1485 4583 1912 4645 Cassiodorum,

348 4700 472 4751 Lxu
518 4696 662 4749 Hist.
699 4691 932 4759 Tripart.
970 4702 1020 4741 c.
1054 4685 1141 4754 5),
1176 4682 1317 4735 sicut
1347 4676 1676 4733 diemonium
1717 4673 1784 4727 ab
1815 4686 1914 4725 an-

352 4789 468 4853 gelo
499 4783 769 4854 llaphaele
807 4780 1089 4846 religatum
1116 4773 1290 4825 fuerat.
1328 4767 1379 4820 in
1408 4765 1623 4819 deserto
1648 4760 1913 4828 superiori

350 4852 600 4954 (Egypli,
644 4872 824 4927 Tol.i;c
858 4885 976 4937 cap.
1024 4867 1077 4930 8,
1112 4880 1160 4916 v.
1186 4862 1238 4915 4.
1273 4856 1566 4911 Mouaehos
1597 4853 1823 4922 Scythas
1862 4852 1913 4902 in

568 4962 982 5034 Septemtrione,
1014 4957 1101 5011 ubi
1141 4954 1435 5008 etiamnum
1484 4942 1787 4999 Nestoriani
1823 4942 1917 4993 de-

353 5030 521 5130 ᾧῆιῖ,
565 5030 660 5111 sed
708 5051 1073 5122 Entyehianos
1113 5039 1405 5099 cardinalis
1456 5036 1596 5089 idem
1647 5030 1916 5083 Baronius

355 5157 620 5205 memorat
645 5144 1000 5199 tumultuatos
1027 5136 1187 5191 etiam
1217 5131 1477 5185 adversus
1504 5134 1786 5193 paternum
1817 5134 1916 5171 an-

356 5237 954 5296 tistitem'l‘omitanum,
975 5238 1028 5282 et
1046 5227 1230 5280 turbas
1246 5222 1405 5276 etiam
1429 5216 1692 5270 excitasse
1711 5210 1915 5270 Romae,

356 5336 421 5388 ad
449 5347 649 5387 annum
690 5327 823 5391 5l9,
855 5340 910 5393 p.
954 5321 1023 5375 38
1057 5327 1107 5372 et
1140 5315 1229 5368 46.
1260 5314 1404 5367 Idem
1433 5310 1551 5361 fuse
1577 5305 1687 5372 agit
1724 5300 1917 5393 «fetia-

357 5427 508 5480 sibus
535 5433 641 5476 tam
676 5418 910 5486 majore,
939 5427 1100 5481 quam
1130 5407 1343 5460 minore
1374 5442 1388 5464 ,
1425 5401 1477 5453 in
1508 5394 1660 5449 Notis
1688 5392 1755 5447 ad
1786 5390 1921 5443 Mar-

338 5497 683 5585 tyrologium
722 5507 1021 5558 Romanum
1054 5497 1140 5551 die
1170 5493 1230 5546 12
1256 5490 1424 5545 Junii.
1459 5486 1681 5550 Insuper
1713 5490 1767 5534 et
1794 5494 1921 5533 eru-

362 5574 664 5659 ditissimus
692 5596 945 5651 Nieolaus
977 5587 1243 5643 Antonius
1265 5622 1279 5645 ,
1330 5582 1422 5633 lib.
1450 5578 1525 5631 De
1549 5574 1734 5628 exsilio
1773 5587 1823 5635 ι,
1867 5585 1917 5624 c.

365 5701 450 5761 Η,
476 5715 527 5752 ιι.
555 5698 619 5751 ll
646 5705 697 5750 et
726 5686 1076 5761 sequentibus
1097 5721 1110 5747 ,
1148 5679 1234 5733 ubi
1270 5687 1321 5730 et
1355 5674 1420 5729 de
1447 5673 1646 5744 Gypso.
1690 5668 1764 5723 De
1790 5667 1924 5736 Sey-I

2016 4528 2233 4587 celltmt,
2264 4524 2352 4594 qui
2380 4523 2538 4575 vitam
2563 4527 2724 4587 agunt
2754 4512 3097 4583 tranquillam
3121 4508 3339 4562 desertis
3370 4507 3422 4557 iu
3455 4504 3589 4557 soli-

2018 4619 2322 4680 tudinibus,
2368 4629 2477 4681 prie
2520 4613 2593 4664 Ilii
2632 4610 2723 4678 qui
2768 4606 3007 4657 Ιιηωιαηι
3054 4603 3106 4653 in
3154 4598 3398 4659 urbibus;
3427 4610 3587 4663 quem

2016 4694 2337 4765 titulum‘ita
2387 4703 2636 4759 contraxi
2668 4719 2681 4753 :
2712 4699 2785 4751 De
2823 4694 3131 4766 pra'stantia
3184 4689 3587 4751 monachorum,

2017 4820 2129 4866 seu,
2170 4801 2304 4870 quod
2331 4800 2395 4851 iis
2422 4837 2434 4859 ,
2467 4797 2555 4864 qui
2581 4794 2818 4845 habitant
2864 4791 2917 4842 in
2960 4786 3174 4840 urbibus
3198 4781 3591 4852 prwstantiores

2016 4898 2120 4949 sint
2157 4895 2513 4963 quiescentes,
2558 4896 2605 4939 ct
2644 4885 2856 4937 silentes
2897 4883 2949 4933 in
3002 4879 3185 4933 eremis
3211 4917 3225 4943 ,
3273 4875 3369 4928 etsi
3412 4872 3591 4925 multis

2016 4986 2298 5052 inexpertis
2344 4979 2671 5034 contrarium
2725 4974 2986 5026 videntur.
3038 4967 3229 5035 Incipit
3264 4966 3365 5018 iste
3393 4970 3594 5016 tracta-

2020 5089 2143 5133 tus:
2177 5077 2385 5144 Τέχνης
2420 5072 2517 5141 μὲν
2554 5067 2771 5136 ἁπάσης
2796 5063 2862 5117 τὰ
2897 5060 3121 5131 τεχνητὰ
3144 5097 3158 5121 ,
3210 5056 3262 5111 id
3290 5063 3372 5109 cst
3399 5095 3413 5120 ,
3449 5052 3595 5104 Artis

2017 5183 2224 5255 quidem
2266 5178 2429 5250 620
2469 5174 2717 5243 cujusque
2756 5166 3036 5235 arti/acia:
3077 5160 3309 5223 desiuit,
3346 5158 3593 5219 αἰώνιον,

2021 5288 2070 5340 id
2108 5294 2189 5339 est
2224 5295 2497 5336 wternum.
2537 5277 2693 5331 Certe
2726 5268 3065 5325 Theodosius
3115 5263 3342 5332 Magnus
3387 5261 3452 5312 A.
3497 5268 3593 5317 ιιι,

2019 5378 2331 5447 quicunque
2384 5369 2485 5425 sub
2530 5363 2869 5437 professione
2922 5354 3172 5411 tnouachi
3211 5350 3595 5421 reperiuntur,

2020 5440 2256 5524 deserta
2276 5466 2391 5517 loca
2414 5500 2428 5523 ,
2460 5470 2511 5515 et
2535 5467 2713 5511 vastas
2744 5452 3065 5508 solitudines
3091 5446 3279 5514 sequi,
3311 5454 3475 5510 atque
3504 5440 3599 5491 ha.

2022 5578 2195 5631 bitare
2241 5572 2364 5624 illos
2405 5569 2684 5638 jusscrat,
2737 5561 2851 5630 lege
2886 5556 3008 5638 data
3058 5555 3091 5608 5
3134 5549 3274 5603 Non.
3322 5541 3597 5638 Septemb.

2024 5665 2249 5721 Veronae
2278 5633 2652 5715 Valentiniano
2685 5652 2747 5708 Α.
2777 5647 2841 5704 ιγ
2862 5660 2915 5703 et
2947 5635 3195 5699 Neoterio
3223 5654 3397 5698 coss.,
3431 5633 3485 5687 id
3521 5638 3604 5682 est
