3898 6196
435 321 572 390 1ζρξ7

1344 323 1470 380 JOS
1532 319 1790 380 ΜΑΡιῐίΕ
1825 317 2190 380 Ξῐῖίὶῖὶιτᾲδιῖ
2224 313 2724 375 DISSERTATIO

429 451 574 490 anno
600 435 662 489 C.
691 433 754 486 N.
787 431 912 492 590,
943 445 1004 484 ex
1033 428 1181 483 card.
1212 427 1466 490 Baronio,
1499 444 1552 482 ιι.
1581 429 1670 488 47.
1702 427 1790 480 48.
1817 425 2005 478 Exstat
2036 437 2075 485 Α
2117 435 2334 486 verunt,
2370 423 2424 476 in
2451 421 2651 492 primis
2671 421 2846 482 decet,
2870 417 3026 485 juxta
3053 415 3256 471 Christi
3286 415 3504 469 Domini
3529 417 3714 468 verba

431 544 494 580 ea
532 529 582 579 in
611 526 742 578 Cod.
767 522 1037 576 Theodos.
1066 521 1168 574 sub
1193 521 1412 574 nomine
1439 521 1606 590 impp.
1635 519 1998 572 Valentiniani

435 615 707 670 'l‘heodos.
743 622 797 666 et
823 612 1041 666 Arcadii
1084 611 1196 663 AA.
1251 610 1316 663 ad
1361 609 1647 662 Tatiannm
1684 607 1998 678 praefectum

430 704 685 773 pt'wlorio
711 701 968 757 Orientis.
993 701 1097 755 Sed
1132 701 1269 754 idem
1299 698 1638 753 Theodosius
1665 713 1783 751 eam
1815 695 2004 764 viginti

433 805 554 864 post
586 794 864 848 mensibus
884 793 1176 855 revocavit,
1209 801 1262 844 et
1285 791 1561 858 antiquata
1587 789 1784 857 priore,
1814 801 2008 841 mona-

431 886 552 938 chis
583 886 784 938 liberos
822 885 876 938 in
903 883 1110 953 Oppida
1140 883 1361 952 largitur
1393 882 1703 950 ingressus,
1741 879 1854 947 lege
1882 879 2010 932 data

435 979 502 1031 15
534 977 652 1030 Kal.
691 977 812 1029 Maii
846 975 1336 1043 Constantinopoli,
1372 973 1566 1025 Arcad.
1597 971 1664 1026 A.
1695 969 1762 1023 XI
1786 979 1840 1025 ot
1873 969 2012 1025 Ruf-

435 1071 543 1122 lino
571 1084 717 1122 coss.
755 1068 866 1121 sive
893 1084 1020 1119 ann.
1053 1066 1112 1118 C.
1141 1064 1203 1118 Ν.
1237 1065 1343 1118 599.
1373 1080 1432 1118 ex
1469 1061 1720 1120 llaronio.
1745 1075 1869 1114 cum
1902 1074 2013 1128 quo

436 1160 676 1228 iniquius
713 1159 1042 1226 digladiatur
1080 1156 1410 1209 Scholiastcs
1443 1153 1576 1207 Cod.
1607 1151 1878 1208 Thcodos.
1923 1149 2013 1204 ln-

435 1260 620 1317 crcpat
675 1257 853 1300 autem
903 1257 956 1298 ct
1015 1246 1344 1299 monastrias
1395 1245 1473 1306 εἰς
1535 1243 1690 1295 πόλιν
1743 1240 2016 1308 (portion;

437 1342 606 1410 συχνά
646 1341 885 1394 Isidorus
915 1339 1239 1402 Pelusiotes,
1267 1338 1361 1391 lib.
1419 1352 1469 1400 ι,
1507 1335 1666 1403 epist.
1697 1333 1821 1387 567.
1863 1329 2020 1396 Unde

435 1433 714 1486 Clausura:
764 1433 915 1484 initia
953 1431 1358 1498 deprehendere
1397 1428 1712 1486 facillimum
1745 1435 1870 1478 est:
1909 1423 2020 1477 imo

435 1538 612 1591 neque
646 1523 930 1575 coenobiue
975 1527 1228 1588 poterant
1261 1519 1519 1587 evagari,
1562 1534 1611 1570 c.
1653 1516 1870 1586 quidam
1919 1514 2018 1572 16,

435 1631 492 1684 q.
556 1617 615 1675 1,
680 1630 710 1667 c
750 1631 874 1671 can.
927 1616 997 1666 23
1042 1613 1273 1665 Concilii
1319 1610 1719 1665 Chalcedoncn.
1781 1623 1904 1662 can.
1955 1605 2022 1658 16

1328 1704 1380 1756 in
1427 1701 1659 1772 Synopsi
1713 1699 2017 1760 Basilicon,

435 1706 661 1760 Concilii
713 1705 975 1757 Toronen.
1018 1705 1232 1756 secmuli
1269 1721 1282 1768 ;

2104 533 2152 570 c.
2186 533 2277 571 nx
2303 515 2563 576 Matthrei,
2605 523 2659 567 ct
2685 523 2883 566 secutae
2913 509 3204 564 consilium
3235 509 3471 577 apostoli
3507 508 3717 566 Pauli.

2104 626 2152 662 c.
2188 627 2260 664 vtt
2298 611 2484 678 prima:
2517 609 2586 662 ad
2619 606 2860 660 Corinth.
2899 620 3024 658 cum
3063 619 3230 658 sexus
3269 603 3344 658 sit
3371 602 3627 672 fragilis,
3662 612 3718 656 ct

2108 717 2175 756 ne
2224 702 2426 770 passim
2477 707 2737 768 vagantes
2779 697 2980 751 laniant
3034 694 3348 763 opinionem
3401 693 3712 755 Ecclesia,

2106 807 2231 844 can.
2261 792 2330 843 55
2359 790 2582 844 Concilii
2617 789 2756 842 tertii
2791 786 3247 855 Carthaginiensis.
3305 785 3549 840 Sanetus
3585 786 3718 840 Hie-

2110 897 2372 952 ronymus
2399 881 2470 934 ita
2499 880 2853 935 Eustochium
2886 877 3118 932 affatur:
3145 895 3164 928 ι
3205 878 3430 946 Semper
3466 886 3522 932 te
3545 879 3719 932 cubi-

2110 977 2216 1030 euli
2250 975 2324 1028 tui
2362 983 2571 1029 secreta
2604 973 2920 1028 custodiant
2941 1011 2958 1036 ,
2985 985 3199 1039 semper
3234 968 3490 1038 Sponsus
3519 981 3717 1025 tecum

2113 1067 2405 1121 claudatur
2437 1065 2766 1119 intrinsecus
2787 1105 2800 1126 ,
2828 1077 2935 1118 etc.
2973 1062 3110 1116 Nolo
3145 1072 3193 1116 te
3234 1063 3515 1127 Sponsum
3547 1076 3716 1130 quae-

2118 1175 2234 1212 rere
2269 1174 2364 1226 per
2397 1157 2606 1226 plateas
2627 1199 2641 1220 ,
2674 1156 2810 1209 foris
2837 1165 3106 1226 vagantur
3140 1155 3320 1208 stulta:
3363 1154 3616 1224 virgines
3639 1193 3654 1210 .
3691 1172 3712 1203 ι

2117 1250 2210 1318 lib.
2247 1266 2325 1310 ιι,
2376 1249 2536 1318 epist.
2589 1249 2682 1314 17;
2743 1257 2797 1302 ct
2843 1248 2984 1301 inter
3030 1262 3256 1300 munera
3303 1246 3491 1300 offerri
3542 1246 3716 1300 solita

2121 1317 2360 1392 vetandis
2386 1339 2684 1407 virginibus
2712 1339 2898 1391 sellam
2943 1345 3227 1390 numerat.
3262 1344 3322 1388 ut
3354 1335 3506 1403 virgo
3551 1336 3718 1386 foras

2121 1430 2281 1498 pedes
2321 1446 2426 1482 non
2463 1438 2706 1491 moveat,
2749 1429 2842 1482 lib.
2877 1444 2916 1491 ι,
2950 1429 3108 1495 epist.
3141 1427 3204 1480 41
3248 1427 3312 1484 ad
3361 1425 3718 1479 Marcellam.

2123 1523 2288 1575 Erant
2329 1522 2492 1574 etiam
2550 1520 2828 1574 nonnulla:
2871 1519 3136 1584 reclusae,
3184 1527 3243 1571 ut
3290 1516 3611 1570 Alexandra
3659 1517 3716 1569 in

2123 1621 2476 1665 monumento
2497 1652 2510 1674 ,
2545 1611 2787 1665 Palladio
2820 1619 2988 1676 teste,
3015 1609 3206 1674 Maria,
3234 1607 3421 1671 Thais,
3462 1619 3520 1661 et
3549 1606 3718 1660 Pela-

2123 1703 2208 1772 gia
2250 1704 2300 1756 in
2330 1701 2571 1757 Cellulis.
2607 1702 2868 1763 P-botius,
2915 1701 3005 1756 lib.
3043 1717 3057 1754 ι
3106 1699 3403 1752 Nomocan.
3439 1713 3494 1752 c.
3526 1698 3586 1762 4,
3618 1697 3714 1751 ubi

435 1798 529 1850 lib.
565 1813 614 1848 tv
637 1837 651 1859 ,
698 1812 747 1850 c.
783 1797 883 1859 16,
929 1799 1010 1848 tit.
1054 1797 1070 1847 l
1099 1813 1118 1860 ς
1154 1762 1360 1848 Concil.
1393 1762 1676 1847 i’h'e'ldensis
1703 1836 1717 1859 ,
1753 1809 1878 1846 can.
1913 1790 2018 1863 19;
2056 1762 2094 1816 Β
2124 1762 2439 1852 lialsamon,
2471 1789 2554 1842 tit.
2579 1789 2667 1850 90,
2698 1804 2746 1841 c.
2781 1789 2800 1840 1
2842 1762 2895 1842 ct
2924 1804 3046 1842 can.
3086 1789 3184 1842 ttlt.
3215 1788 3444 1841 Concilii
3477 1786 3716 1856 Mogun-

437 1888 768 1958 Agathensis,
801 1903 923 1939 can.
951 1887 1021 1940 58
1046 1925 1060 1950 ,
1095 1895 1184 1938 aut
1218 1900 1248 1938 e
1285 1883 1618 1938 monasterio
1648 1883 1798 1938 exire
1819 1924 1833 1947 ,
1866 1889 2020 1935 extra

443 1980 586 2048 quod
634 1979 939 2032 monachus
984 1986 1068 2031 est
1111 1977 1252 2031 sicut
1293 1977 1460 2046 piscis
1496 1985 1651 2030 extra
1698 1990 1930 2043 aquam,
1967 1982 2020 2028 et

443 2071 552 2124 vita
581 2080 765 2132 caret,
795 2078 930 2122 teste
956 2070 1096 2137 Papa
1129 2067 1329 2135 Eugen.
1361 2083 1483 2120 can.
1517 2066 1726 2118 Placuit
1755 2065 1841 2128 16,
1873 2081 1926 2134 q.
1960 2065 2005 2117 l.

442 2162 590 2216 Adde
623 2176 745 2215 can.
788 2159 822 2212 6
859 2159 1063 2214 Concil.
1101 2159 1377 2220 Toletani,
1417 2159 1650 2212 edictum
1694 2157 2011 2226 Luitpraudi

432 2254 579 2323 regis
621 2251 1106 2321 Langobardorum
1131 2291 1145 2312 ,
1183 2251 1266 2303 tit.
1301 2251 1371 2302 29.
1397 2261 1449 2302 et
1485 2250 1584 2314 73;
1635 2261 1796 2318 atque
1829 2249 2010 2305 Theo-

385 2345 388 2347 “
433 2325 562 2413 phili
601 2341 1184 2408 Constantinopolimni
1229 2341 1606 2408 imperatoﬁs,
1653 2341 1706 2393 in
1741 2341 1830 2395 lib.
1879 2341 2004 2394 Jnr.

435 2432 742 2498 0ricnta!.;
797 2431 1008 2484 constit.
1062 2430 1098 2482 2
1151 2429 1225 2482 De
1251 2432 1622 2482 monachorum
1677 2433 2000 2499 expulsion.

433 2522 666 2574 Sanctus
722 2517 1078 2582 Benedictus,
1147 2532 1196 2569 c.
1260 2517 1293 2570 5
1343 2516 1552 2585 Regula:
1608 2519 1829 2572 damnat
1889 2534 2002 2572 Ino--

433 2613 637 2666 nacltos
657 2610 991 2682 Gyrovages,
1023 2625 1160 2680 quos
1184 2608 1374 2662 Petrus
1408 2609 1652 2664 Damiani
1679 2611 1866 2664 miscet
1885 2627 2008 2665 cum

432 2702 764 2768 Sarabaitis;
813 2711 866 2754 et
911 2701 1172 2772 Syncsius
1199 2703 1359 2771 epist.
1403 2702 1505 2762 67,
1542 2703 1622 2756 Ad
1666 2702 2010 2772 Theophilum

431 2803 709 2862 nuncupat
741 2793 1065 2846 Vacantivos
1091 2833 1104 2852 ,
1136 2791 1202 2845 de
1235 2793 1433 2861 quilms
1466 2794 1718 2860 superius
1756 2793 2004 2859 egimus:

428 2885 734 2955 quibusque
775 2892 1002 2951 possunt
1043 2884 1258 2952 adiungi
1307 2882 1670 2948 Gallodromi,
1712 2896 1764 2937 ct
1797 2884 2007 2953 Spatio-

427 2972 606 3028 dromi
631 3015 646 3036 ,
686 2987 918 3040 quorum
955 2972 1156 3024 mentio
1198 2972 1250 3024 in
1284 2973 1421 3024 Vitis
1459 2972 1712 3038 Patrum,
1759 2974 2006 3032 Circum-

428 3066 707 3129 celliones,
742 3063 1127 3128 Circelliones,
1161 3072 1214 3116 ct
1247 3063 1556 3131 Agonastici
1605 3063 1746 3132 apud
1787 3064 2005 3118 Douati-
2036 3110 2075 3132 ι,

428 3167 574 3218 stas,
619 3157 684 3210 de
733 3156 934 3224 quibus
989 3155 1046 3207 S.
1093 3154 1378 3223 Augustin.
1423 3155 1476 3206 in
1528 3154 1722 3222 psalnn.
1767 3168 2002 3218 cxxuv,

428 3263 484 3317 p.
517 3247 642 3301 556.
677 3245 762 3299 Uti
787 3245 854 3298 de
880 3245 1111 3314 Stylitis,
1141 3261 1234 3297 seu
1269 3244 1517 3308 Cionitis,
1545 3244 2004 3309 etColumnariis,

427 3339 604 3406 deque
632 3336 897 3397 Reclusis,
929 3352 958 3389 e
984 3335 1248 3402 Gregorio
1275 3334 1552 3390 Toronen.
1587 3335 1680 3390 lib.
1712 3352 1761 3388 γι
1798 3335 2006 3392 Hister.

431 3426 633 3482 Franc.
665 3443 714 3482 c.
745 3428 777 3480 6
800 3436 854 3480 et
879 3429 946 3486 8;
991 3426 1163 3494 Deque
1191 3425 1363 3493 gloria
1391 3426 1773 3494 confessorem,
1802 3444 1850 3481 c.
1883 3428 2003 3494 1.05,

430 3516 522 3570 ubi
559 3531 664 3588 non
695 3513 872 3567 solum
907 3512 1237 3580 Hospitium,
1273 3514 1366 3565 sed
1397 3523 1453 3566 et
1475 3513 1798 3581 Eparcbium
1828 3513 2002 3568 Julia-

429 3619 670 3673 numque
709 3611 995 3667 recenset,
1044 3603 1120 3655 uti
1158 3602 1437 3658 Palladius
1465 3619 1516 3658 c.
1549 3604 1646 3658 1.11
1699 3606 2002 3665 Lausiacre.

432 3696 806 3762 Eustathium;
845 3704 900 3750 et
929 3695 1268 3764 NiCephorus
1300 3694 1539 3762 Callisti,
1583 3697 1678 3750 lib.
1711 3711 1823 3761 Χιγ,
1857 3713 1907 3752 c.
1935 3697 1995 3751 51

433 3790 579 3844 Eccl.
625 3791 828 3844 Hister.
866 3788 1202 3852 Simeonem,
1237 3797 1398 3856 atque
1427 3787 1743 3844 Danielem:
1783 3805 1848 3845 ac
1876 3789 2002 3861 Gly-

426 3897 522 3936 cas
553 3883 746 3936 Annal.
779 3893 914 3935 tom.
951 3881 1016 3934 IV
1047 3899 1061 3935 :
1099 3881 1192 3936 sed
1226 3892 1280 3935 et
1311 3893 1535 3936 sanctus
1559 3884 1854 3952 Gregorius
1883 3884 1998 3940 Ma-

425 3989 567 4045 gnus
599 3973 968 4028 Set-undinum
1001 3973 1303 4041 inclusum;
1336 3989 1566 4044 quorum
1596 3975 1710 4030 vice
1737 3993 1881 4030 nunc
1905 3979 2001 4032 Elo-

425 4065 1018 4119 rcntCamaldulenscs
1050 4065 1154 4119 sub
1197 4065 1398 4136 Regula
1441 4067 1616 4121 sancti
1668 4067 1952 4123 Romualdi
1982 4108 1998 4131 ,

424 4167 480 4211 et
518 4157 939 4212 Carthusienscs
983 4172 1050 4210 ex
1094 4158 1340 4212 lustituto
1381 4160 1554 4214 sancti
1590 4159 1896 4226 Brunonis,
1932 4163 1999 4216 de

425 4245 627 4310 quibus
662 4243 836 4300 Lucas
861 4246 913 4297 in
950 4247 1309 4300 llomualdina
1341 4248 1431 4303 lib.
1459 4265 1510 4313 ν,
1548 4265 1596 4303 c.
1625 4250 1679 4312 6,
1717 4261 1766 4305 et
1805 4251 1998 4308 Petrus

423 4333 740 4387 Cluniaccn.
781 4335 940 4402 epist.
980 4335 1076 4399 12,
1107 4338 1198 4390 lib.
1241 4354 1314 4396 vt.
1367 4338 1423 4392 S.
1463 4341 1722 4395 Antoniu.
1779 4352 1918 4411 part.
1957 4359 1993 4396 ιι

2125 1881 2285 1934 tinea.
2344 1880 2533 1935 Patres
2592 1897 2706 1935 mvo
2758 1880 3023 1950 Arnulphi
3083 1879 3431 1949 imperatoris
3498 1879 3710 1934 nullam

2124 1972 2483 2037 monacham,
2537 1986 2632 2025 seu
2679 1971 2976 2025 Ascctriam
3026 1986 3054 2024 a
3088 1971 3418 2024 mem-sterio
3456 1968 3710 2022 abstrahi

2125 2061 2406 2126 patiuntur
2447 2100 2460 2123 ,
2526 2061 2636 2115 imo
2691 2062 2945 2116 claustris
3005 2061 3325 2131 regulariter
3393 2055 3710 2136 constringi

2124 2154 2401 2214 mandant.
2437 2165 2490 2208 et
2528 2155 2862 2223 permittitur
2898 2156 3178 2223 ingressus
3216 2168 3313 2223 pro
3353 2153 3553 2208 missis
3587 2161 3712 2206 tau-

2127 2257 2239 2299 tum
2294 2247 2424 2300 viris
2481 2248 2722 2316 probatae
2768 2248 2921 2312 vitae,
2967 2263 3031 2301 ac
3084 2249 3258 2300 aetatis
3307 2255 3596 2315 provecta:
3643 2244 3711 2299 ad

2123 2342 2486 2403 monasteria,
2526 2358 2648 2396 can.
2685 2341 2756 2398 58
2800 2341 3006 2394 Concil.
3055 2340 3326 2409 Epaunen.
3379 2337 3464 2392 Ita
3513 2347 3712 2394 sancta

2117 2427 2351 2484 Caesar-ia
2381 2447 2554 2500 usque
2581 2431 2646 2484 ad
2675 2432 2818 2485 diem
2846 2432 3108 2485 transitus
3141 2447 3247 2485 non
3280 2447 3509 2500 egressa
3560 2431 3707 2495 fuit,

2116 2537 2215 2576 nec
2252 2523 2368 2588 ejus
2425 2537 2681 2587 sorores,
2735 2521 2865 2576 Vitae
2889 2524 3060 2576 sancti
3108 2523 3328 2577 Cmsarii
3384 2523 3706 2578 Arelatens.

2113 2615 2381 2682 scriptore
2431 2623 2710 2668 narrante.
2758 2614 3108 2668 Innocentius
3145 2613 3210 2666 IV
3259 2613 3520 2668 Pontifex
3557 2615 3706 2669 Max.

2108 2707 2266 2773 epist.
2295 2706 2395 2759 139
2415 2749 2428 2768 ,
2463 2722 2607 2759 anno
2638 2707 2983 2773 pontiﬁcatus
3010 2721 3058 2760 vt
3091 2750 3104 2772 ,
3137 2707 3361 2771 scribit,
3391 2710 3710 2764 sanctimo-

2111 2796 2280 2849 nialcs
2319 2796 2474 2863 quasi
2516 2796 2667 2849 viras
2715 2797 2765 2848 in
2802 2798 3133 2851 monasterio
3167 2799 3410 2866 sepultas
3435 2842 3450 2863 ,
3491 2801 3709 2853 mundo

2108 2897 2352 2941 mortuas
2391 2888 2567 2941 vivere
2591 2889 2812 2943 Christo
2831 2931 2845 2954 ,
2893 2890 3106 2957 illisque
3132 2901 3446 2959 perpetuam
3476 2892 3708 2947 clausu-

2108 2990 2223 3027 ram
2254 2975 2448 3030 indixit
2471 2973 2786 3030 Bouil‘acins
2817 2969 2948 3041 Vlll,
2979 2993 3101 3046 cap.
3128 2976 3458 3038 Periculosa:
3483 2988 3604 3035 est.
3626 2980 3704 3034 De

2110 3075 2235 3118 stat.
2271 3066 2435 3133 regal.
2468 3065 2561 3118 lib.
2590 3081 2641 3118 Vl
2663 3104 2677 3126 ,
2725 3065 2815 3125 ubi
2855 3066 2980 3122 licet
3015 3066 3253 3124 Joannes
3282 3069 3520 3125 Andrca:
3550 3083 3707 3129 notet

2113 3157 2254 3211 istud
2303 3157 2599 3224 capitulum
2659 3158 2712 3210 in
2759 3173 2926 3228 regno
2964 3157 3204 3214 lt'rancia:
3251 3177 3357 3216 non
3405 3161 3584 3218 fuisse
3615 3181 3706 3220 re-

2110 3256 2350 3315 ceptum,
2387 3263 2539 3316 reges
2582 3257 2764 3303 tamen
2801 3247 3136 3304 Francorum
3174 3250 3461 3322 episcopos
3501 3255 3705 3310 admo-

2108 3349 2271 3406 nent,
2331 3351 2389 3392 ιιι
2430 3342 2717 3412 diligenter
2759 3353 2986 3398 caveant
3031 3347 3338 3400 clausuram
3382 3350 3706 3403 sanctimo-

2108 3432 2331 3486 nialium
2369 3437 2609 3499 servari,
2649 3436 2848 3491 Codice
2887 3434 3250 3501 lleuririauo,
3287 3440 3371 3491 lib.
3404 3453 3452 3501 ι,
3495 3441 3586 3495 tit.
3629 3443 3704 3496 11

2109 3523 2184 3576 De
2214 3525 2445 3594 religios.
2486 3535 2586 3580 art.
2620 3525 2654 3580 8
2688 3537 2742 3582 et
2783 3528 2815 3582 9
2839 3567 2854 3591 ,
2887 3527 3179 3583 Brouchel.
3220 3530 3271 3584 in
3302 3530 3514 3584 Basilic.
3549 3531 3704 3588 Jur.

2108 3613 2356 3670 Francic.
2392 3627 2447 3671 et
2475 3617 2527 3670 in
2553 3618 2856 3687 Conferant.
2883 3619 3243 3690 imperatores
3267 3623 3423 3680 etiam
3445 3623 3706 3680 Germa-

2105 3707 2214 3761 nici
2248 3709 2308 3762 .in
2348 3707 2598 3764 Comitiis
2637 3713 2964 3779 Augustam,
3018 3712 3045 3784 ᾗ
3089 3712 3445 3773 Monialibus.
3482 3717 3573 3770 tit.
3617 3717 3704 3770 De

2103 3809 2388 3853 monaster.
2423 3809 2478 3854 et
2502 3799 2692 3856 Patres
2723 3805 2866 3857 sacri
2899 3805 3094 3868 concil.
3124 3788 3368 3860 Trident.
3403 3821 3551 3862 scss.
3575 3807 3656 3862 25
3680 3851 3697 3868 .

2102 3905 2151 3946 c.
2187 3893 2222 3947 5
2257 3892 2332 3947 De
2363 3897 2642 3960 retormat.
2694 3904 2748 3949 et
2789 3896 3075 3966 pontifices
3104 3895 3229 3952 Pius
3252 3899 3293 3952 ιτ
3321 3898 3700 3970 Gregoriique

2100 3983 2220 4036 Xlll
2255 3993 2310 4038 et
2341 3984 2465 4050 XV,
2508 3997 2658 4054 parte
2685 3988 2924 4042 secunda
2954 3988 3176 4043 Bullarii
3200 4031 3214 4055 ,
3252 3990 3396 4044 bulla
3431 3993 3504 4057 8,
3539 4009 3698 4049 anno

2103 4077 2261 4140 1566,
2289 4087 2343 4132 et
2369 4078 2511 4131 bulla
2543 4079 2597 4143 8,
2625 4095 2754 4132 ann.
2787 4079 2948 4142 1572,
2977 4090 3030 4135 et
3057 4082 3199 4135 bulla
3235 4083 3322 4144 18,
3355 4098 3491 4138 ann.
3523 4087 3692 4141 1621‘.

2103 4167 2341 4224 Sanctus
2375 4170 2604 4223 Carolus
2633 4171 2970 4228 Borromzrus
3001 4171 3059 4227 S.
3091 4174 3155 4227 ll.
3187 4174 3248 4227 Ε.
3277 4176 3606 4240 cardinalis,
3636 4192 3698 4233 et

2099 4262 2546 4331 archiepisc0pus
2571 4261 2959 4320 Mediolancns.
2985 4267 3036 4318 in
3062 4268 3258 4321 concil.
3291 4269 3690 4337 provim—ialih.

2099 4352 2192 4406 lib.
2225 4367 2277 4404 vt
2305 4393 2319 4415 ,
2359 4353 2442 4406 tit.
2477 4352 2554 4406 De
2580 4353 2832 4408 clausura
2861 4356 3080 4409 mouial.
3115 4373 3168 4410 ιι.
3195 4357 3297 4422 59;
3327 4360 3695 4430 Cancgianus

424 4423 672 4522 Chronic.
702 4425 944 4522 Δ11615,
985 4441 1035 4522 c.
1062 4429 1166 4522 “2‘2,
1210 4444 1262 4497 p.
1293 4429 1382 4482 8‘2.
1416 4431 1619 4486 Alanus
1655 4437 1720 4488 de
1754 4434 1903 4504 Rupe
1941 4439 1994 4489 in
2032 4438 2072 4493 D
2099 4445 2540 4513 archiepiscopus
2575 4445 2814 4514 Aqnens.
2867 4447 2918 4500 in
2956 4449 3272 4517 provinciali
3301 4423 3550 4522 synodo,
3579 4470 3698 4507 an-

421 4517 643 4574 Ordinis
692 4517 1037 4574 Carthusiani
1085 4519 1492 4590 Prterogativis,
1527 4523 1869 4583 Justinianus
1923 4531 1987 4584 A.

423 4608 614 4662 uoveil.
651 4609 756 4664 9'25
793 4608 866 4663 De
891 4611 995 4663 dir.
1033 4610 1180 4666 Eccl.
1220 4614 1483 4681 Capitul.,
1524 4617 1685 4670 relata
1722 4619 1903 4674 collat.
1935 4622 1986 4684 9,

417 4699 506 4752 tit.
551 4700 624 4754 De
654 4701 850 4755 sanctis
896 4702 1148 4771 episcop.,
1193 4705 1412 4759 mandat
1461 4709 1837 4764 sanctissimos
1876 4711 1991 4780 epi-

417 4806 615 4860 scopos
639 4792 878 4846 locorum
912 4794 1215 4862 providere,
1242 4806 1298 4850 ut
1322 4813 1495 4867 neque
1519 4801 1789 4862 monachi,
1815 4817 1991 4871 neque

417 4885 696 4940 monachae
733 4886 1070 4940 circumeant
1101 4888 1386 4955 civitates;
1431 4891 1678 4961 idemque
1715 4895 1903 4948 statuit
1936 4896 1987 4949 in

415 4975 452 5027 Ι.
487 4973 816 5028 Generaliter
850 4976 919 5029 ι10
945 5017 958 5039 ,
1009 4993 1056 5030 c.
1100 4976 1176 5031 De
1207 4981 1364 5048 episc.
1397 4991 1445 5034 et
1479 4984 1656 5036 cleric.
1691 5001 1852 5053 quant
1889 4987 1989 5039 sub

412 5066 611 5121 Leonis
639 5068 858 5121 nomine
889 5070 1116 5138 Augusti
1147 5072 1308 5126 refert
1343 5073 1634 5131 Gratianus
1668 5093 1716 5130 c.
1754 5076 1984 5130 Genera—

412 5159 533 5210 litrr
555 5160 649 5224 16,
679 5176 732 5227 (ι.
771 5161 820 5212 1.

484 5249 637 5315 Quod
669 5253 714 5304 si
745 5261 950 5304 veteres
980 5261 1146 5320 poetae
1181 5251 1372 5306 Veneri
1410 5257 1779 5324 ascripserunt
1808 5266 1984 5313 testu-

413 5338 589 5393 dinem
616 5381 630 5404 ,
667 5349 726 5394 ut
762 5333 1064 5396 indicarent
1095 5343 1350 5397 mulieres
1378 5343 1540 5398 domo
1579 5346 1765 5414 pedem
1791 5348 1983 5403 ell‘errc

415 5447 518 5483 nun
579 5433 817 5492 debere,
898 5434 991 5486 sed
1071 5434 1214 5486 sicut
1283 5434 1495 5488 .animal
1573 5437 1732 5506 621
1806 5438 1980 5503 illud,

411 5517 765 5584 οἰκοφὺὶακες
800 5535 940 5585 esse,
975 5522 1227 5576 custodes
1257 5523 1542 5578 domorum
1580 5546 1591 5579 :
1626 5529 1676 5582 id
1714 5544 1838 5584 vero
1868 5549 1983 5586 mo-

413 5599 635 5670 nac-has,
674 5609 874 5676 Deique
905 5613 1132 5679 puellas,
1164 5616 1236 5666 uti
1269 5625 1463 5668 vocant
1490 5618 1675 5674 Patres
1708 5619 1982 5679 Toletanae

412 5695 602 5767 synodi
635 5698 840 5764 primae,
873 5714 919 5751 c.
944 5701 997 5762 6,
1026 5702 1136 5768 jam
1173 5702 1410 5769 laudato,
1441 5723 1561 5774 qua:
1588 5725 1645 5764 se
1675 5710 1784 5766 Deo
1814 5713 1980 5769 devo-

2099 4549 2166 4586 no
2193 4534 2332 4588 1585
2353 4575 2366 4598 ,
2399 4535 2483 4588 tit.
2527 4534 2599 4588 De
2624 4535 2982 4601 monialibus;
3017 4539 3310 4594 cardinalis
3345 4540 3692 4606 Taurusius,

2095 4624 2535 4694 archiepiscopus
2579 4625 3036 4682 Avenionens.‘in
3085 4633 3402 4699 provinciali
3453 4649 3695 4704 quoque.

2094 4718 2300 4786 synodo
2325 4733 2469 4771 acino
2505 4719 2621 4784 157,
2658 4720 2739 4773 tit.
2777 4720 2847 4774 De
2868 4723 3314 4777 sanctimonialib.
3345 4725 3412 4776 de
3433 4742 3694 4794 quarum

2092 4807 2258 4862 variis
2290 4808 2550 4862 institutis
2579 4808 2772 4865 Petrus
2799 4812 3045 4866 Damiani
3077 4816 3228 4868 card.
3254 4799 3496 4872 Ostiens.
3533 4835 3588 4873 c.
3629 4823 3692 4886 9,

2091 4914 2280 4966 opusc.
2353 4899 2442 4953 50.
2509 4899 2709 4955 Verum
2759 4902 2849 4958 fcl.
2901 4921 3065 4960 mem.
3120 4907 3576 4976 vigilantissimus
3631 4927 3694 4967 et

2090 4989 2476 5060 integerrimus
2530 4993 2756 5047 antistes
2809 4997 2957 5050 card.
3013 4996 3282 5051 Antonius
3313 4998 3692 5069 Barberinus,

2087 5079 2127 5131 C
2151 5081 2520 5147 -puccinorum
2553 5083 2742 5144 decus,
2779 5085 3168 5154 Senogalliensi
3205 5088 3256 5140 in
3290 5091 3506 5157 synodo
3541 5108 3692 5148 con-

2089 5170 2396 5225 stitutiones
2449 5188 2546 5240 pro
2589 5175 2918 5231 ntonialibos
2960 5179 3142 5231 sanxit
3176 5181 3640 5240 acruratissimas
3671 5226 3688 5248 ,

2087 5275 2209 5328 quzc
2240 5261 2381 5330 typis
2411 5271 2628 5316 exstant
2649 5264 2826 5317 edice.

2162 5351 2528 5421 Subseqttitur
2580 5355 2673 5407 τοῦ
2728 5357 2890 5409 αὐτοῦ
2951 5360 3240 5430 (Νείλου)
3299 5364 3475 5431 Λόγος
3536 5369 3689 5436 πρὸς

2085 5445 2344 5514 Εὐλὸγιον
2376 5448 2628 5518 μόναχον,
2649 5447 2898 5518 Ejusdem
2928 5451 3044 5505 Nili
3080 5454 3358 5509 Tractatus
3390 5458 3460 5510 ad
3497 5457 3686 5512 Eata-

2083 5537 2226 5607 qium
2264 5541 2611 5606 monachum,
2649 5541 2700 5593 in
2740 5557 2854 5610 quo
2890 5543 3178 5612 Capitula,
3222 5564 3315 5601 seu
3367 5548 3686 5604 Sermones

2086 5627 2280 5682 diversi
2322 5645 2350 5683 a
2399 5647 2484 5684 me
2529 5647 2624 5701 per
2653 5635 2826 5702 capita
2875 5635 2942 5688 5i
2973 5637 3151 5697 divisi.
3207 5640 3370 5708 622
3434 5641 3679 5709 Incipit,

2085 5720 2146 5772 Οἱ
2181 5720 2266 5771 τὸν
2300 5723 2550 5792 οὐράνιον
2590 5723 2764 5793 χῶρον
2795 5727 3081 5795 νεμόμενοι
3115 5747 3126 5758 ·
3187 5731 3289 5794 Qui
3338 5731 3544 5785 (calcati
3579 5734 3680 5786 rii-

3554 298 3710 362 1343
3767 301 3780 310 ’

3727 1269 3776 1380 ε
