3998 6214
292 261 425 328 1349

1467 265 1563 322 DE
1599 264 1976 324 OPERIBUS
2013 265 2071 323 S.
2109 263 2285 324 N111.

3416 256 3552 321 1350

286 390 558 429 versamur
615 375 666 426 in
715 374 863 439 loro;
922 383 972 426 et
1017 374 1253 436 desilit,
1297 374 1362 426 τὰ
1397 374 1453 427 δὲ
1509 376 1727 445 ῥήματά
1767 393 1870 446 μου
1903 387 1944 438 Α
1976 378 2103 431 Item
2145 375 2480 445 supeliorem
2519 380 2807 426 tractatum
2861 369 2935 424 De
2973 377 3090 423 octo
3125 369 3320 422 vitiosis
3351 368 3551 437 cogita-

283 467 554 534 τηρήσαις
588 467 653 534 σῇ
689 465 907 534 καρδίᾳ.
941 465 1017 517 Τιι
1055 481 1170 517 vero
1194 481 1305 518 mea
1332 465 1603 518 observato
1639 469 1790 518 verba
1815 467 1870 518 in

287 555 442 608 corde
474 564 563 608 tuo
593 595 606 616 ,
641 567 744 608 etc.
787 555 1070 622 Eulogiqu
1106 567 1285 609 autern
1346 556 1498 610 illum
1539 559 1867 611 monachum

287 647 611 702 crediderim
651 646 844 710 fuisse,
877 647 941 699 ad
984 663 1142 714 quem
1194 648 1385 701 scribit
1423 647 1663 702 lsidorus
1710 647 1836 701 Pelu

289 737 488 800 siotes,
518 738 610 792 lib.
647 754 696 798 ι,
735 738 895 805 epist.
929 735 1031 790 257
1077 737 1149 789 De
1178 737 1292 790 luce
1323 739 1617 803 matutina;
1656 737 1762 792 9.89
1801 739 1872 794 De

289 826 492 890 Cruce;
526 827 629 879 διε
673 827 745 879 De
773 827 903 896 lege,
940 827 1029 881 ubi
1081 829 1248 880 lector
1280 828 1632 892 inscribitur,
1669 829 1760 881 lib.
1798 848 1830 883 ιι
1854 870 1868 894 ,

289 915 448 983 epist.
490 916 554 966 77
583 927 634 969 et
667 916 757 978 85,
793 915 1082 984 Presbyter
1112 928 1463 986 iniucupatur
1484 959 1496 982 ,
1529 925 1584 972 et
1611 919 1718 972 202
1737 959 1751 982 ,
1779 919 1872 973 de-

292 1006 456 1074 nique
494 1007 586 1061 lib.
623 1023 718 1069 ιιι,
760 1008 916 1076 epist.
955 1007 1055 1061 l84
1099 1018 1153 1060 et
1196 1007 1321 1062 956.
1367 1008 1516 1063 llunc
1561 1018 1776 1071 autem,
1805 1009 1870 1062 ad

290 1112 451 1166 quem
480 1097 634 1152 t‘tilus
663 1099 845 1168 dirigit
883 1100 1044 1152 istum
1076 1101 1272 1153 librum
1303 1115 1582 1155 censerem
1620 1100 1870 1154 eumdem

291 1203 409 1244 esse
436 1229 452 1253 ,
481 1191 573 1258 qui
610 1189 839 1245 Joannis
883 1181 1328 1260 archiepiscopi,
1357 1207 1450 1246 seu
1493 1192 1663 1244 sancti
1700 1193 1873 1263 Chry-

292 1283 517 1334 SOSIomi
561 1279 1153 1350 Constantinopolitani
1205 1282 1528 1350 patriarclne
1573 1282 1874 1350 discipulus

292 1378 346 1422 et
374 1371 654 1440 presbyter
686 1373 784 1424 fuit
813 1411 827 1433 ,
868 1373 1148 1426 abstinens
1173 1414 1186 1437 ,
1222 1382 1385 1441 atque
1416 1373 1707 1440 jejunans;
1739 1372 1874 1426 diei-

293 1471 486 1530 turque
516 1463 716 1517 adiisse
739 1465 987 1516 abbatem
1017 1462 1216 1532 Joseph
1247 1466 1298 1517 in
1334 1465 1453 1516 loco
1481 1506 1494 1527 ,
1531 1465 1620 1532 qni
1651 1476 1874 1518 vocatur

293 1547 570 1618 Panepho,
597 1552 665 1604 ab
692 1553 900 1606 incerto
931 1562 1172 1616 anetore,
1202 1552 1294 1605 lib.
1327 1568 1378 1615 ν,
1398 1551 1476 1604 De
1500 1553 1590 1606 cit.
1626 1552 1871 1616 Patrum,

291 1641 449 1710 cujus
470 1640 694 1695 Latinus
711 1645 978 1711 interpres
1000 1652 1084 1696 est
1101 1642 1367 1711 Pelagius,
1384 1652 1436 1695 et
1457 1628 1671 1696 lib.vnl.
1697 1644 1874 1712 Atque

1976 470 2210 521 tionibus
2241 509 2256 532 ,
2293 466 2450 535 cujus
2479 463 2641 535 623
2679 462 2890 519 initium
2922 471 3025 527 est,
3061 461 3126 514 de
3152 459 3298 529 gula,
3329 475 3380 527 p.
3409 459 3548 520 975.

1973 560 2209 628 reperies
2245 558 2296 610 in
2325 555 2446 611 eod.
2477 556 2669 624 quinto
2703 562 2886 620 tomo;
2921 567 3082 622 quem
3113 551 3280 604 alium
3327 565 3449 604 esse
3484 549 3554 601 ab

1971 659 2092 704 octo
2124 649 2277 703 libris
2302 690 2316 712 ,
2351 663 2490 716 quos
2535 646 2790 716 opposuit
2838 644 3102 714 Evagrius
3146 643 3404 697 adversus
3430 652 3556 694 octo

1973 741 2350 810 principalium
2398 739 2652 792 vitiorum
2693 737 3066 805 suggestiones
3095 775 3110 797 ,
3155 734 3448 795 existimo,
3501 741 3557 786 et

1969 832 2038 886 de
2065 847 2174 900 quo
2213 830 2466 898 superius
2491 828 2596 894 egi.
2635 826 2790 881 Certe
2821 825 2994 878 bestia
3021 864 3035 887 ,
3094 823 3160 876 de
3195 839 3297 892 qua
3331 831 3558 877 sanctus

1970 920 2210 974 Joannes
2255 919 2444 974 Scribit
2485 934 2533 971 c.
2575 917 2636 969 l7
2681 915 3020 984 Apocalypsis
3049 952 3063 978 ,
3111 922 3313 980 septem
3370 907 3566 964 habuit-

1972 1027 2175 1067 cornua
2206 1052 2222 1076 ,
2277 1019 2329 1063 et
2379 1008 2627 1063 diabolus
2675 1016 2879 1075 septem
2930 1005 3170 1073 suggerit
3223 1002 3390 1065 vitia,
3433 1016 3566 1068 quae

1972 1098 2295 1160 eriminalia,
2329 1105 2387 1150 ut
2418 1105 2636 1164 peccata
2675 1093 2924 1162 capitalia
2962 1091 3335 1151 nominantur,
3370 1097 3424 1141 et
3445 1088 3559 1140 vel-

1974 1199 2032 1243 ut
2066 1189 2232 1257 hydra
2281 1185 2545 1252 septieeps
2572 1225 2586 1248 ,
2634 1183 2717 1236 his
2749 1179 2988 1248 assurgit
3045 1178 3310 1230 adversus
3343 1173 3509 1228 Deum
3539 1191 3555 1228 :

1980 1279 2298 1349 principalia
2334 1276 2495 1329 etiam
2534 1284 2692 1328 vocat
2730 1272 2920 1325 Petrus
2955 1269 3293 1323 Lombardus
3321 1307 3335 1331 ,
3379 1265 3475 1318 ill).
3519 1279 3558 1317 II

1975 1372 2395 1433 Sententiarum,
2430 1367 2770 1421 distinction.
2803 1363 2890 1428 44,
2926 1372 2977 1415 et
3005 1367 3286 1413 enumerat
3312 1373 3342 1411 e
3371 1365 3563 1438 sancto,

1973 1463 2235 1534 Gregorio
2271 1461 2464 1530 Magno
2497 1459 2549 1511 in
2589 1457 2772 1510 Exodo
2797 1497 2810 1518 ,
2859 1463 2952 1507 aut
3011 1452 3193 1520 potius
3237 1448 3516 1502 Ezechiele
3539 1484 3556 1508 ,

1975 1556 2084 1608 imo
2113 1570 2174 1609 ex
2214 1569 2306 1607 χιιι
2344 1551 2620 1605 Moralium
2652 1566 2665 1613 ;
2717 1559 2769 1601 et
2809 1547 2879 1600 ait
2913 1561 2942 1599 e
2971 1543 3362 1613 Chrysostomo
3389 1538 3562 1604 signi-

1978 1646 2132 1698 ficata
2168 1645 2336 1698 fuisse
2373 1643 2424 1693 in
2461 1649 2668 1707 septem
2703 1636 2933 1706 populis,
2977 1633 3069 1702 qui
3100 1641 3296 1684 terram
3322 1629 3560 1698 promis-

294 1731 543 1786 l'ortassis
571 1733 734 1798 idem,
769 1733 858 1801 qui
886 1734 1410 1786 communicantium
1444 1744 1650 1787 mentes
1683 1734 1874 1802 digno-
1904 1729 1942 1782 Β
1973 1736 2166 1800 sinnis,
2207 1747 2368 1802 quam
2411 1731 2553 1783 Dens
2597 1729 2776 1782 Israeli
2811 1725 3082 1794 pollicitus
3117 1721 3313 1785 fuerat,
3343 1719 3555 1773 detine-

290 1823 496 1890 seebat,
523 1832 577 1876 et
605 1823 671 1875 de
697 1838 809 1892 quo
844 1821 1112 1888 llul'linus,
1143 1823 1177 1876 l.
1207 1839 1274 1886 ιι,
1304 1839 1352 1876 c.
1377 1823 1471 1888 Μ,
1511 1824 1869 1887 Sozomenns,

291 1916 327 1970 Ι.
355 1931 448 1979 vr,
494 1931 543 1967 c.
576 1914 685 1979 28;
728 1914 1040 1968 (Iassiodor.
1082 1915 1288 1968 Ilistor.
1340 1913 1572 1982 Tripart.
1631 1916 1665 1967 Ι.
1728 1931 1822 1968 νιιι
1853 1957 1868 1981 ,

291 2022 340 2058 e.
374 2005 394 2057 l
426 2022 441 2070 ;
477 2003 763 2074 Nicl-phor.
806 2005 843 2058 ι.
882 2021 932 2058 ιιι
957 2044 973 2070 ,
1005 2019 1054 2058 c.
1082 2005 1170 2058 54.
1227 2004 1334 2059 Nec
1364 2008 1509 2059 enim
1552 2005 1689 2058 ratio
1726 2014 1865 2058 tem-

293 2096 440 2163 poris
477 2097 698 2164 patitur,
738 2106 794 2148 ιιι
827 2097 898 2149 sit
932 2097 1020 2148 ille
1053 2096 1353 2150 monachus
1381 2095 1800 2161 Alexandrinus,
1844 2111 1874 2149 θ

293 2187 633 2240 Scholastico
663 2227 675 2248 ,
733 2186 824 2254 qui
858 2187 920 2238 ad
961 2197 1209 2240 sanctum
1247 2186 1540 2238 Antonium
1594 2189 1869 2254 perrexit,

296 2277 362 2330 de
391 2292 499 2346 quo
528 2277 837 2339 Palladius,
873 2293 918 2329 c.
953 2278 1023 2329 9.6
1061 2277 1340 2331 Lausiacze
1363 2319 1378 2342 ,
1421 2275 1747 2331 et'lncertus
1773 2293 1874 2330 an-

297 2379 452 2436 t-tor,
489 2369 581 2422 lib.
612 2385 684 2422 vn
729 2368 801 2422 De
834 2370 928 2422 vit.
979 2368 1199 2421 Patrum
1232 2411 1245 2434 ,
1284 2370 1440 2435 cujus
1480 2370 1746 2438 interpres
1775 2370 1876 2423 fuit

299 2460 648 2514 Paschasius.
688 2462 873 2529 Itaque
904 2462 1177 2530 colligitur
1216 2477 1277 2514 ex
1331 2463 1431 2514 ista
1475 2462 1832 2530 inscriptione
1857 2501 1872 2525 ,

298 2551 476 2604 Nilum
509 2567 646 2619 aevo,
676 2568 785 2621 quo
816 2551 1074 2616 Isidorus,
1103 2552 1381 2620 Eulogius,
1414 2553 1696 2621 Agathius,
1733 2553 1876 2605 Eva-

298 2644 470 2710 grius,
497 2651 550 2695 et
578 2643 669 2696 alii
703 2644 992 2708 vixerunt,
1038 2643 1310 2698 ﬂoruisse.
1345 2643 1510 2696 Ornat
1538 2652 1683 2696 certe
1715 2640 1878 2696 Eulo-

299 2732 445 2800 ginm
497 2732 663 2808 istum
733 2731 933 2800 insigni
995 2731 1186 2802 Elogio
1249 2733 1436 2786 be..tus
1492 2731 1684 2798 Nilus,
1746 2735 1874 2786 dum

301 2821 511 2890 μύστην
572 2821 680 2873 τῶν
728 2821 939 2891 ἀρετῶν
997 2811 1312 2891 nuncupat,
1359 2825 1447 2891 qui
1513 2823 1614 2876 fuit
1679 2823 1876 2892 impul-

298 2927 424 2974 sor,
480 2920 534 2965 et
570 2912 971 2982 ὲργοδιὼκτης,
1035 2923 1094 2967 ιιι
1158 2929 1296 2982 opus
1372 2915 1512 2967 istud
1571 2915 1873 2967 conscribe-

299 3011 410 3070 ret,
446 3014 636 3058 auctor
678 3005 936 3058 nimirum
959 3047 972 3068 ,
1016 3015 1179 3060 exuta
1212 3005 1414 3058 tumida
1450 3005 1634 3058 carnis
1663 3005 1876 3058 sarcina

296 3089 656 3144 eclebrandus
684 3128 698 3154 ,
735 3091 879 3144 unde
906 3091 1076 3159 ipsius
1110 3107 1169 3146 se
1210 3091 1549 3145 commendat
1579 3091 1871 3160 sumagiis.

369 3201 669 3271 Snbjicitur
703 3203 794 3255 τοῦ
826 3203 988 3256 αὑτοῦ
1023 3205 1039 3274 (
1066 3203 1254 3256 Νείλου
1285 3200 1518 3272 nempe)
1556 3202 1710 3270 λόγος
1742 3201 1877 3272 πρὸς

299 3293 387 3344 τὸν
415 3292 575 3346 αὑτὸν
609 3293 861 3360 Εὐλόγιον
893 3295 1020 3364 περὶ
1053 3292 1151 3356 τὰς
1183 3292 1504 3360 ἀντιζύγους
1533 3293 1641 3344 τῶν
1671 3293 1877 3362 ἀρετῶν

300 3383 516 3446 κακίας.
561 3383 814 3452 Ejusdem
845 3385 991 3454 (Nili
1027 3387 1278 3455 scilicet)
1329 3386 1398 3437 ad
1427 3386 1664 3438 eumdem
1712 3383 1879 3438 Eulo-

299 3478 438 3546 gium
471 3477 613 3530 circa
653 3479 784 3531 vitia
814 3477 1094 3530 virtutibus
1124 3478 1384 3546 opposita,
1417 3485 1511 3528 aut
1560 3475 1636 3526 uti
1684 3475 1879 3542 legitur

299 3573 351 3626 in
385 3571 573 3625 Graeco
617 3571 796 3625 Indice
843 3572 970 3640 περὶ
1025 3571 1130 3623 τῶν
1172 3570 1474 3636 ἀντιζύγων
1516 3570 1622 3621 τῶν
1669 3568 1878 3636 ἀρετῶν

299 3663 547 3728 κακιῶν,
589 3661 666 3715 De
692 3662 832 3715 vitiis
859 3703 874 3727 ,
926 3677 1048 3730 qua:
1083 3671 1206 3713 sunt
1254 3662 1493 3729 opposita
1554 3659 1877 3713 virtutibus:

301 3756 526 3825 incipit,
581 3757 878 3823 ἀναγκαῖον
925 3753 1166 3824 ἡγοῦμαι
1215 3753 1311 3806 καὶ
1361 3753 1458 3816 τὰς
1507 3752 1828 3821 ἀντιζύγους
1863 3791 1877 3816 ,

303 3845 674 3900 Necessarium
699 3847 934 3900 arbitror
960 3847 1196 3914 opposita
1223 3861 1446 3915 quoque,
1479 3846 1679 3900 desinit
1706 3846 1757 3898 in
1795 3845 1880 3899 his

301 3939 479 3993 verbis
509 3938 812 4008 θελήματος
839 3937 1005 3991 αὐτοῦ
1037 3936 1215 3999 εύοδος
1241 3977 1255 4001 ,
1297 3937 1582 3991 voluntatis
1630 3953 1740 3991 sua:
1781 3937 1880 3990 iter

298 4029 457 4096 facile
497 4045 515 4082 :
555 4040 792 4099 quatuor
843 4030 1112 4098 capitibus
1164 4029 1492 4090 absolvitur,
1543 4039 1595 4083 et
1651 4045 1879 4084 enume-

301 4127 492 4170 rantur
525 4118 653 4171 vitia
687 4133 904 4183 novem,
941 4119 1273 4186 totidemque
1301 4118 1548 4183 virtutes,
1577 4120 1728 4174 deest
1749 4120 1880 4189 quid

301 4208 372 4262 sit
392 4208 642 4275 ἀφθονία,
672 4209 861 4274 idest,
889 4225 987 4261 non
1021 4207 1331 4274 invidentia,
1365 4211 1486 4278 quid
1511 4209 1876 4280 ὑπερηφανία,

241 4363 250 4372 ,
301 4299 430 4368 quid
461 4298 786 4360 ταπείνωσις
809 4338 823 4359 ,
874 4315 968 4352 seu
1009 4299 1260 4367 superbia
1284 4341 1298 4363 ,
1337 4309 1388 4352 et
1418 4301 1690 4352 humilitas
1719 4318 1732 4364 ;
1783 4302 1876 4354 sed

1975 1828 2105 1881 bant
2135 1845 2146 1879 :
2183 1841 2248 1878 ex
2281 1825 2367 1878 his
2401 1822 2554 1893 quasi
2589 1829 2792 1890 septem
2824 1816 3067 1870 fontibus
3099 1823 3308 1867 cuncta:
3345 1811 3561 1864 anima-

1975 1935 2094 1973 rum
2128 1918 2425 1973 mortifera!
2456 1917 2778 1986 corruptela:
2819 1913 3124 1966 dimanant.
3169 1910 3434 1962 Dicuntur
3471 1921 3563 1959 ca-

1974 2010 2181 2081 pitalia,
2209 2010 2335 2079 quia
2362 2025 2427 2062 ex
2458 2008 2540 2060 his
2572 2006 2755 2060 omnia
2786 2004 2923 2056 mala
2950 2001 3201 2054 oriuntur
3227 2015 3242 2063 ;
3274 2006 3325 2049 ct
3353 1995 3560 2048 nullum

1976 2113 2059 2156 est
2105 2103 2305 2168 malum
2339 2139 2353 2164 ,
2402 2099 2546 2168 quod
2600 2113 2706 2150 non
2762 2096 2943 2150 trahat
2982 2090 3246 2160 originem
3281 2089 3350 2140 ab
3378 2086 3562 2154 aliquo

1976 2193 2239 2262 ipsorum.
2263 2165 2556 2258 “Cupiditas
2594 2187 2811 2256 quidem
2857 2194 2942 2238 est
2978 2182 3132 2236 radix
3167 2180 3414 2232 omnium
3447 2191 3565 2230 ma-

1980 2283 2151 2335 lorum
2185 2281 2236 2334 in
2266 2279 2635 2344 exsecutione,
2670 2276 2827 2330 sicuti
2854 2273 3108 2343 superbia
3141 2271 3354 2324 initium
3385 2268 3562 2322 omnis

1979 2375 2182 2444 peccati
2215 2373 2389 2442 quoad
2417 2370 2805 2433 intentionem;
2844 2377 2970 2421 sunt
2993 2376 3170 2420 tamen
3197 2365 3281 2417 illa
3309 2377 3513 2432 septem
3543 2379 3557 2415 :

1979 2465 2154 2518 inanis
2184 2464 2369 2533 gloria,
2402 2462 2500 2525 ira,
2530 2460 2730 2514 invidia
2754 2496 2768 2521 ,
2802 2457 2982 2510 acetlia
3021 2454 3105 2508 vel
3144 2452 3359 2506 tristitia
3385 2492 3400 2517 ,
3429 2465 3560 2504 ava-

1981 2557 2125 2621 ritia,
2153 2554 2553 2624 gastritnargia,
2585 2566 2680 2606 seu
2712 2549 2855 2620 gula,
2893 2558 2945 2602 et.
2976 2545 3214 2599 luxuria.
3248 2542 3390 2597 Fuse
3427 2542 3559 2612 pits-

1980 2647 2154 2700 simus
2214 2655 2265 2699 et
2295 2645 2517 2699 dettiss.
2551 2643 2782 2697 Carolus
2817 2637 3175 2694 Thomassius
3210 2635 3440 2691 clericus
3474 2649 3561 2687 rc-

1979 2741 2182 2810 gularis
2215 2781 2230 2803 ,
2278 2755 2441 2808 quem
2481 2752 2712 2790 veneror
2760 2735 2829 2789 ob
2873 2734 3005 2788 istas
3033 2732 3208 2795 dotes,
3250 2729 3302 2782 in
3353 2727 3562 2780 Arbore

1981 2830 2244 2885 Docti-inte
2279 2831 2452 2883 sancti
2489 2828 2732 2881 Thomte.
2767 2826 2840 2880 De
2879 2824 3062 2878 accdia
3103 2817 3560 2885 Diadochus,epi-

1980 2937 2176 2989 scopus
2204 2919 2455 2976 Photiees
2507 2918 2558 2971 in
2593 2916 2755 2990 Epiro
2785 2914 2982 2968 veteris
3011 2911 3229 2981 "lyrici,
3255 2909 3344 2976 qui
3378 2905 3557 2960 ﬂoruit

1981 3028 2124 3066 anno
2145 3011 2206 3065 C.
2233 3009 2292 3065 N.
2323 3011 2449 3073 590,
2470 3025 2519 3064 e.
2550 3009 2639 3062 58.
2675 3007 2854 3077 ipsam
2877 3005 3124 3059 dividunt
3155 3001 3387 3057 morales
3411 2999 3560 3052 theo-

1982 3101 2084 3169 logi
2146 3102 2196 3153 in
2253 3116 2393 3164 eam,
2435 3114 2556 3168 qum
2588 3109 2772 3166 torpor
2793 3103 2888 3148 'cst
2930 3103 2981 3147 et
3021 3091 3239 3146 ttedium
3291 3090 3556 3143 bonorum

1978 3208 2224 3260 Opetum,
2261 3201 2312 3245 et
2344 3192 2396 3245 in
2426 3191 2596 3254 illam,
2626 3203 2746 3258 qua:
2775 3185 3011 3256 pondere
3038 3183 3273 3253 quodam
3301 3187 3558 3250 aggrava'.

1981 3285 2212 3339 tristitia:
2245 3286 2540 3338 humanum
2574 3281 2851 3339 animum,
2898 3279 3156 3331 inducens
3202 3271 3557 3344 pusillanimi-

1980 3381 2141 3425 tatem
2188 3383 2241 3425 et
2292 3371 2751 3438 desperationem.
2795 3365 2935 3418 Fusc
2976 3366 3042 3418 de
3075 3363 3221 3416 vitiis
3256 3360 3556 3414 monacho—

1980 3478 2099 3516 rum
2129 3462 2320 3516 Petrus
2359 3459 2650 3514 cardinalis
2674 3457 2917 3510 Damiani
2943 3498 2958 3522 ,
2983 3471 3172 3522 Opusc.
3203 3455 3238 3507 2
3273 3457 3348 3507 De
3373 3450 3554 3505 stet-uti

1979 3561 2302 3619 contemptu,
2328 3551 2418 3619 qui
2445 3551 2623 3619 gulam
2651 3548 2853 3600 omittit
2880 3547 3020 3598 inter
3047 3544 3302 3613 capitalia
3330 3551 3553 3612 peccata

1983 3644 2074 3696 lib.
2121 3642 2197 3696 De
2225 3643 2368 3694 [toris
2403 3642 2708 3704 canonicis;
2748 3647 2926 3690 tamen
2965 3637 3220 3690 lloratius
3247 3677 3262 3701 ,
3301 3634 3554 3686 etimit-us

1981 3746 2034 3790 et
2058 3735 2356 3805 Epicureus
2400 3745 2605 3802 septem
2651 3739 3009 3786 comiutnerat
3051 3729 3200 3782 hisce
3249 3727 3499 3782 versibus
3533 3764 3552 3790 ,

1983 3829 2074 3881 lib.
2111 3844 2123 3880 l
2153 3867 2167 3891 ,
2219 3826 2376 3894 epist.
2409 3825 2432 3878 1
2464 3866 2478 3890 ,
2519 3823 2587 3876 (ιά
2630 3822 2966 3877 Μανεεηαεειη
2991 3836 3010 3875 :

2088 3913 2274 3969 Fervet
2310 3914 2566 3981 avaritia,
2603 3914 2897 3982 miseraque
2930 3910 3175 3980 cupidine
3205 3921 3407 3981 pectus,

1981 4004 2174 4059 deinde
2209 4020 2223 4056 :

2085 4115 2328 4179 Invidus,
2361 4117 2670 4182 iracundus,
2704 4115 2870 4179 iners,
2908 4117 3140 4181 vinosus,
3177 4124 3404 4168 amator.

2048 4210 2120 4266 At
2147 4211 2300 4281 plura
2341 4209 2633 4265 Gratianus
2673 4210 2725 4263 in
2763 4209 2986 4264 Decreto
3021 4209 3087 4262 ad
3131 4224 3178 4263 e.
3211 4207 3382 4262 Unum
3423 4223 3546 4260 ora-

1984 4303 2121 4355 rium
2149 4303 2220 4358 25
2264 4303 2418 4364 dish,
2457 4311 2759 4356 recensete
2802 4311 2990 4356 sancto
3021 4300 3325 4370 Augustino
3366 4301 3546 4354 homi-

303 4389 417 4443 htec
447 4389 688 4457 suppleri
735 4390 989 4442 ridentur
1014 4389 1191 4457 quoad
1241 4389 1368 4443 vitia
1423 4389 1473 4442 in
1524 4397 1752 4444 tractatu
1791 4405 1876 4444 se-
1910 4386 1952 4440 D
1983 4395 2050 4447 lia
2078 4394 2142 4446 de
2173 4395 2291 4463 igne
2324 4393 2656 4463 purgator-in,
2689 4409 2783 4447 seu
2821 4393 3167 4459 transitorio,
3201 4394 3314 4447 sive
3342 4410 3552 4447 sermo-

301 4480 487 4548 queuti
513 4521 526 4543 ,
565 4480 653 4533 cui
691 4479 879 4533 titulus
910 4489 988 4534 est
1016 4523 1029 4546 ,
1076 4479 1182 4533 Τοῦ
1215 4477 1377 4533 αὑτοῦ
1426 4482 1552 4550 περὶ
1585 4480 1691 4532 τῶν
1731 4479 1876 4533 ὀκτὼ

302 4571 632 4641 πνευμάτων
660 4570 756 4640 τῆς
784 4571 1080 4641 πονηρίας,
1127 4568 1377 4634 Eiusdem
1405 4570 1534 4639 (Nili
1593 4571 1872 4641 nimirum)

302 4661 380 4715 De
434 4673 550 4714 orto
595 4661 866 4731 spiritibus
894 4662 1152 4728 malitiae;
1205 4673 1257 4715 et
1309 4661 1536 4730 incipit,
1595 4661 1725 4731 περὶ
1776 4661 1876 4730 τῆς

299 4754 778 4824 γαστριμαργίας,
845 4754 893 4807 id
948 4765 1072 4819 est,
1123 4756 1184 4807 de
1237 4753 1398 4822 gula.
1452 4753 1562 4806 sive
1609 4753 1871 4822 ingluvie,

299 4844 476 4914 ἁρχὴ,
537 4845 910 4916 καρποφορίας
962 4844 1120 4908 ὄιιοος
1146 4884 1160 4907 ,
1193 4845 1243 4897 ttl
1271 4853 1382 4906 est,
1414 4843 1730 4911 principium
1755 4843 1872 4911 {ru-

300 4944 412 4987 ctus
467 4937 719 5003 a/[erentli
785 4936 922 5004 ﬂos;
991 4934 1331 4995 desinit,ml.
1386 4931 1605 4994 πολλαῖς
1657 4933 1875 5000 ἀρεταῖς

301 5027 649 5096 φαιδρύνεται
701 5030 1025 5089 ταπείνωσις
1074 5026 1298 5094 ἀνδρὸς,
1363 5035 1408 5077 et
1459 5023 1556 5076 viri
1604 5022 1873 5076 humilitas

301 5119 500 5170 ntultis-
547 5121 839 5187 resplendet
897 5120 1179 5172 virtutibus
1206 5160 1218 5182 ,
1256 5118 1307 5170 in
1338 5116 1510 5184 capita
1543 5116 1604 5169 l9
1634 5116 1873 5169 disseca-

300 5219 404 5264 tur.
438 5209 666 5264 Exstant
717 5211 934 5280 quidem
979 5211 1252 5263 orationes
1297 5215 1419 5260 octo
1469 5206 1658 5259 Latine
1701 5209 1872 5262 sancti

296 5298 404 5352 Nili
443 5303 706 5355 adversus
759 5300 886 5353 vitia
910 5341 923 5363 ,
982 5307 1130 5352 tomo
1175 5295 1245 5358 V,
1283 5304 1433 5364 parte
1468 5309 1503 5347 ιι
1542 5293 1874 5348 Bibliotheca:

302 5391 530 5446 Patrum
561 5395 614 5448 in
669 5393 906 5447 editione
944 5389 1257 5446 Coloniensi
1311 5402 1457 5442 anno
1500 5387 1657 5441 1618.
1701 5387 1868 5456 lneip.

301 5487 408 5539 Hoc
455 5496 528 5538 est
577 5485 918 5554 proﬁciendi,
954 5486 1016 5537 de
1054 5484 1216 5555 gula,
1247 5492 1350 5538 etc.
1397 5498 1450 5552 p.
1488 5483 1612 5547 969,
1657 5485 1760 5538 col.
1801 5485 1869 5548 1,

299 5575 350 5628 in
389 5575 480 5628 lol.
515 5576 744 5630 Eosdem
779 5578 937 5630 vertit
995 5577 1047 5629 in
1100 5575 1350 5628 Latinum
1405 5573 1597 5628 Petrus
1650 5573 1871 5627 Franci-

296 5681 424 5720 st'us
471 5667 640 5722 Zinus
701 5670 750 5721 in
800 5671 1035 5722 editione
1071 5668 1268 5722 Veneta
1324 5669 1374 5719 in
1423 5668 1494 5730 8,
1534 5684 1676 5720 anno
1715 5667 1864 5720 1574.

1979 4501 2045 4539 ne
2072 4485 2132 4538 4i
2171 4484 2236 4538 de
2267 4485 2498 4548 sanctis,
2529 4494 2583 4538 et
2609 4485 2640 4537 lt
2671 4483 2738 4538 de
2762 4483 3051 4537 animabus
3085 4483 3321 4537 lidelium
3350 4484 3550 4537 defun-

1976 4585 2207 4631 ctarum.
2240 4576 2410 4629 Graeci
2439 4575 2598 4628 modo
2621 4583 2908 4628 numerant
2941 4584 3062 4627 octo
3083 4615 3096 4636 ,
3126 4573 3290 4626 modo
3322 4589 3546 4642 novem,

1976 4677 2036 4722 ut
2083 4669 2134 4722 in
2184 4668 2334 4723 hisee
2379 4668 2700 4722 tractatibus
2735 4667 3097 4736 perSpieitur;
3132 4667 3272 4720 unde
3316 4667 3545 4719 libenter

1974 4757 2332 4812 exelamarem
2363 4774 2485 4810 cum
2517 4773 2637 4826 rege
2663 4755 2862 4820 Psalte,
2887 4755 3091 4809 Delicta
3119 4757 3235 4825 quis
3259 4755 3546 4824 intelligit?

1975 4845 2153 4916 (Psal.
2187 4863 2316 4900 xvnt
2339 4888 2353 4910 ,
2390 4846 2514 4915 19..)
2553 4845 2608 4898 ιιι
2643 4847 2882 4901 editione
2915 4847 3222 4900 Coloniensi
3279 4855 3546 4901 tractatus

1975 4938 2074 4991 iste
2122 4937 2196 4991 De
2243 4948 2357 4990 octo
2406 4938 2609 4991 vitiosis
2671 4938 3072 5006 cogitationibus
3133 4945 3308 4992 exstat.
3353 4937 3546 4991 Latine

1974 5044 2095 5080 cum
2139 5026 2476 5092 Prtelatione,
2524 5027 2684 5096 cujus
2712 5027 2997 5080 exordium
3038 5042 3049 5074 :
3089 5025 3159 5079 De
3191 5035 3306 5078 octo
3340 5026 3543 5079 vitiosis

1973 5121 2381 5189 cogitationibus
2407 5161 2419 5180 ,
2465 5137 2554 5173 seu
2596 5119 2956 5188 a/fectionibus
2996 5119 3217 5171 scribere
3261 5117 3542 5170 instituen-

1976 5223 2069 5276 tes,
2091 5221 2194 5265 ete.
2220 5221 2330 5263 tutu
2363 5212 2551 5280 incipit
2576 5231 2588 5266 :
2625 5209 2688 5262 Ut
2717 5211 2928 5280 frugum
2950 5209 3266 5278 principium
3294 5209 3415 5276 ﬂos,
3435 5218 3538 5262 etc.

1973 5303 2124 5356 valde
2155 5303 2383 5356 diversa:
2411 5299 2543 5357 sunt
2570 5303 2772 5371 periodi
2799 5320 2812 5368 ;
2852 5305 2943 5356 sed
2976 5304 3208 5370 scriptor
3243 5311 3366 5356 octo
3415 5302 3540 5355 vitia

1972 5393 2286 5462 exsequitur
2306 5394 2566 5462 persitnili
2585 5395 2772 5451 orditur
2791 5396 3091 5463 _'pr;elixum
3113 5402 3196 5446 est
3215 5394 3542 5448 distichum:

2077 5508 2216 5561 Area
2254 5511 2391 5577 rigat
2425 5508 2583 5562 Nilus
2619 5511 2832 5578 ﬂuvius.
2865 5510 2954 5564 sed
2983 5517 3196 5577 pectora
3231 5524 3400 5561 sermo

2151 5579 2231 5630 lia:
2264 5581 2506 5632 monac/ti
2543 5579 2660 5633 Nili
2689 5581 2779 5650 qui
2809 5580 2928 5648 [luit
2965 5597 3089 5641 ore,
3122 5583 3275 5648 rigat.

1971 5669 2069 5734 Qui
2102 5672 2238 5725 volet
2268 5673 2567 5727 versionem
2596 5674 2739 5726 illam
2771 5673 3036 5738 consulet,
3062 5687 3184 5742 qua)
3215 5672 3367 5739 longe
3390 5673 3578 5728 abest
