3898 6196
444 304 595 371 ηίὲιι

1381 302 1530 360 JOS.
1572 299 1833 358 MAlilii
1872 299 2225 358 SUARESII
2272 298 2767 358 DlSSERTATlO

2538 130 2561 143 ι

3588 298 3734 361 135ἳ

456 432 489 472 a
531 425 676 469 textu
717 412 903 467 Graeco
940 408 1105 481 62!;
1140 407 1347 463 codicis
1392 409 1696 461 Barberiui.
1734 406 1894 460 Forte
1938 408 1985 461 is
2010 449 2024 470 ,
2061 418 2101 471 Α
2130 410 2266 463 dunt
2303 409 2423 462 alia:
2454 408 2723 462 inchoata:
2751 406 2919 459 Φόϐον
2951 404 3038 476 ἔχε
3072 405 3242 470 Θεοῦ,
3282 406 3349 460 ad
3393 406 3524 471 $229,
3572 424 3734 463 com-

456 514 552 577 qui
590 505 766 567 vertit,
820 502 985 555 alium
1039 501 1277 555 codicem
1326 501 1600 551 diversum
1647 508 1840 551 nactus
1871 507 2028 560 erat,

457 596 541 648 vel
579 593 852 661 indulgere
882 591 1085 644 amavit
1118 605 1180 643 ac
1230 588 1483 642 vclilirari
1510 587 1729 655 eloquio
1758 601 1878 640 suo.
1921 585 2032 656 Ego

457 684 655 752 quippe
690 699 812 736 cum
868 682 970 736 fide
1018 697 1230 736 summa
1281 678 1569 743 transtuli,
1613 679 1757 732 sicut
1789 678 2031 746 ejusdem

456 772 561 825 Nili
601 782 891 825 tractatum
940 771 1017 824 De
1069 772 1335 833 oratione,
1383 784 1477 822 seu
1523 766 1617 819 τοῦ
1667 766 1830 818 αὑτοῦ
1880 766 2036 832 λόγον

459 865 594 933 Περὶ
619 863 716 931 τῆς
746 862 1053 931 προσευχῆς
1084 862 1164 923 εἰς
1203 865 1315 929 ρνγ¹
1330 858 1600 927 κεφάλαια
1628 856 2032 925 διειλημμένον,

460 956 513 1008 in
573 955 812 1024 capitula
862 954 966 1007 155
1016 954 1359 1005 distinctum.
1413 952 1723 1003 Conversus
1757 947 1930 1000 fuerat
1980 946 2032 998 iu

462 1046 713 1099 Latinum
765 1047 865 1098 iste
911 1052 1172 1098 tractatus
1219 1060 1248 1095 a
1304 1041 1593 1095 Francisco
1621 1040 1894 1092 Turriano
1922 1078 1936 1098 .
1986 1047 2038 1092 et

467 1137 651 1189 editus
684 1136 992 1203 Antuerpiae
1027 1136 1077 1185 iu
1121 1136 1292 1186 lucem
1321 1136 1461 1196 apud
1493 1132 1798 1185 Plautinum
1841 1130 1891 1182 in
1932 1129 1997 1181 l2
2021 1165 2035 1191 ,

467 1236 579 1279 tum
609 1242 637 1278 a
673 1225 982 1294 Margarino
1013 1223 1228 1291 Bignmo
1250 1263 1264 1287 ,
1316 1232 1368 1277 et
1417 1221 1551 1274 Ziuo
1589 1220 1826 1273 Venetiis
1857 1218 1994 1271 1574
2020 1235 2035 1284 ;

464 1319 595 1387 quin
628 1326 678 1370 et
710 1317 761 1369 in
797 1317 1121 1369 Bibliotheca
1151 1314 1372 1367 Patrum
1404 1313 1644 1367 Coloniae
1685 1328 1739 1381 p.
1777 1310 1900 1364 950.
1931 1311 2037 1365 Vc-

465 1423 583 1461 rum
617 1408 955 1460 desideratur
989 1416 1166 1459 textus
1226 1403 1468 1468 Gra'cus,
1505 1412 1558 1456 et
1590 1400 1777 1455 Latine
1827 1398 2039 1453 Grame-

462 1512 569 1565 que
602 1496 926 1563 proonnium
950 1535 966 1560 ,
998 1494 1144 1564 quod
1196 1494 1282 1548 hic
1319 1492 1573 1561 apposui,
1608 1492 1866 1561 quodque
1896 1490 2035 1543 inei-

463 1589 542 1657 pit
572 1587 914 1658 [Ιυρέττοντά
969 1603 1035 1654 με
1065 1624 1080 1648 ,
1124 1586 1176 1638 id
1211 1595 1316 1646 est,
1352 1582 1756 1637 Febricitantem
1792 1599 1891 1635 me.
1937 1579 2042 1634 lni-

466 1679 599 1729 tium
641 1686 820 1729 autem
884 1684 1178 1737 tractatus,
1231 1690 1327 1727 seu
1382 1675 1619 1742 capitum
1673 1680 1795 1733 est,
1851 1671 1915 1723 Ei’
1958 1687 2042 1732 τις

466 1768 706 1836 βούλοιτο
740 1806 753 1829 ,
796 1764 854 1819 Si
893 1766 1007 1835 quis
1041 1766 1304 1828 voluerit;
1343 1764 1615 1817 clauditur
1657 1773 1711 1817 et
1752 1763 1855 1815 hoc.
1896 1763 2041 1814 line:

465 1860 720 1929 Εὖρηκας
745 1861 1072 1927 προσευχήν.
1107 1855 1360 1909 Invenisti
1390 1856 1680 1908 orationem
1712 1872 1727 1921 ;
1756 1863 1810 1908 et
1846 1855 1899 1906 in
1927 1869 2046 1908 ver-

464 1956 619 2008 sione
654 1969 770 2004 mea
807 1952 945 2003 forte
982 1953 1148 2004 lector
1174 1961 1430 2019 agnoscvt
1456 1948 1779 2018 πιστοτέρας
1807 1987 1820 2009 ,
1866 1950 1909 2002 si
1939 1963 2045 2001 non

464 2039 778 2108 σοφωτέρας
834 2037 1123 2107 φροντίδας
1154 2038 1445 2107 δευτέρας;
1492 2040 1542 2093 id
1572 2047 1655 2093 est
1678 2079 1692 2104 ,
1726 2035 2043 2100 Fideliores,

463 2143 510 2184 el
534 2132 879 2200 sapientiores
910 2129 1164 2181 secundas
1190 2144 1368 2181 curus.

534 2221 765 2276 Omissis
802 2222 1009 2290 aliquot
1036 2221 1316 2289 opusculis
1340 2258 1353 2281 ,
1384 2219 1450 2272 de
1476 2218 1675 2287 quibus
1708 2233 1833 2272 mox
1866 2218 2045 2273 disse-

466 2330 615 2377 ram,
664 2313 869 2381 subjeci
929 2312 1021 2363 τοῦ
1072 2310 1236 2363 αὑτοῦ
1303 2308 1582 2379 (Νείλου)
1623 2308 1894 2377 κεφάλαια
1963 2309 2045 2373 κζ’

466 2405 599 2475 Περὶ
626 2403 897 2473 διαφόρων
960 2401 1211 2472 πονηρῶν
1243 2400 1520 2470 λογισμῶν
1543 2439 1558 2463 ,
1600 2398 1850 2467 Ejusdem
1892 2398 2048 2469 (Nili

466 2496 686 2566 nempe)
725 2494 964 2564 capitula
1003 2495 1071 2547 27
1126 2492 1201 2545 De
1236 2494 1455 2546 diversis
1490 2492 1737 2561 malignis
1769 2492 2046 2561 cogitatio-

466 2588 617 2641 nibus
672 2596 760 2645 εει
818 2588 905 2641 hic
942 2596 1207 2641 tractatus
1239 2586 1488 2639 connecti
1529 2584 1716 2638 debuit
1755 2584 1877 2637 aliis
1910 2584 2048 2637 duo-

465 2681 567 2735 bus
602 2679 855 2749 superius
886 2678 1171 2733 collocatis
1194 2718 1209 2742 ,
1245 2686 1298 2730 et
1328 2691 1393 2729 ex
1439 2677 1524 2728 his
1574 2674 1800 2729 forsitan
1830 2674 2047 2744 collegit

466 2786 621 2822 suam
654 2770 960 2823 versionem
986 2768 1143 2837 quasi
1190 2774 1473 2822 centonem
1502 2780 1793 2828 consuens,
1822 2766 1901 2819 vel
1930 2765 2044 2819 cin-

466 2876 597 2913 num
632 2869 933 2924 contexens
970 2869 1160 2914 auctor
1187 2900 1200 2924 ,
1246 2868 1342 2915 aut
1370 2859 1637 2927 interpres
1668 2865 1934 2911 tractatus
1974 2854 2049 2909 De

467 2958 585 3004 octo
625 2950 828 3003 vitiosis
869 2950 1270 3018 cogitationibus
1318 2950 1559 3001 insertus
1588 2945 1897 3000 Coloniensi
1929 2944 2045 2998 edi-

2136 506 2335 569 putatis
2385 499 2528 563 istis,
2562 516 2683 568 qua:
2714 507 3070 563 numerantur
3096 499 3167 553 26
3194 499 3297 554 sub
3328 500 3485 554 titulo
3518 502 3731 555 Νείλου

2136 592 2430 644 ἐπισκόπου
2508 595 2602 644 καί
2677 591 2949 661 μάρτυρος
3027 590 3292 657 κεφάλαια
3346 631 3362 657 ,
3455 593 3631 663 625
3700 596 3734 663 ἦ

2137 683 2497 752 παραίνεσις,
2559 680 2610 735 id
2673 690 2794 747 est,
2863 679 2982 734 Nili
3061 683 3288 750 episcopi
3352 694 3405 736 et
3467 694 3734 753 martyris

2137 776 2407 843 capitula,
2457 791 2548 827 seu
2597 774 2916 827 exhortatio.
2951 773 3241 827 Abundant
3281 773 3334 827 in
3365 775 3563 828 codice
3598 775 3735 827 Bar-

2139 869 2325 923 berino
2353 866 2468 921 istae
2494 865 2858 921 beatitudiues
2902 864 3036 934 (ride
3064 881 3225 932 supra
3275 867 3374 918 col.
3408 866 3576 930 1261,
3613 866 3733 931 1).).

2209 959 2464 1013 Arbitror
2509 969 2559 1011 et
2610 957 2952 1025 adjungenda
3013 957 3265 1024 capitulis
3315 958 3422 1011 illis
3472 959 3648 1012 editis
3681 962 3734 1011 in

2142 1060 2290 1103 tonio
2323 1050 2360 1101 ll
2394 1050 2531 1103 Bibl.
2567 1047 2990 1103 Grteco-Latinze
3020 1048 3317 1103 l’arisiensi
3366 1050 3416 1102 id
3468 1052 3629 1118 quod
3663 1051 3719 1104 ih

2138 1145 2484 1200 desideratur
2523 1151 2646 1213 post
2675 1158 2795 1211 cap.
2834 1142 2903 1196 97
2940 1152 2993 1196 et
3022 1141 3207 1196 Grarce
3238 1142 3290 1194 in
3343 1142 3466 1196 eod.
3524 1142 3714 1196 Barbe

2140 1239 2260 1292 rino
2318 1237 2514 1305 reperi.
2589 1234 2741 1306 (Hoc
2801 1235 3152 1304 fragmentum
3219 1236 3491 1302 posuimus
3570 1250 3737 1300 supra

2141 1332 2242 1385 col.
2278 1331 2436 1393 l257,
2469 1329 2558 1382 ubi
2594 1328 2762 1380 locum
2795 1327 3216 1393 opportuniorem
3249 1322 3497 1393 obtinet.)

2211 1421 2316 1473 Τοῦ
2341 1418 2676 1491 θἎθαὺτοῦ
2694 1419 2751 1469 ὲν
2764 1417 2935 1484 ἁγίοις
2957 1416 3167 1485 Πατρδς
3188 1417 3220 1485 ἡ
3228 1416 3343 1484 μῶν
3356 1415 3559 1466 Νείλου
3586 1415 3739 1485 Ila;-

2143 1515 2347 1577 αίνεσις
2399 1512 2533 1582 πρὸς
2571 1510 2856 1579 Μοναχοὺς
2894 1509 3240 1578 supponitur,
3281 1507 3441 1575 cujus
3479 1507 3734 1571 initium,

2156 1602 2472 1672 Ἀκρασίαν,
2511 1599 2563 1653 id
2594 1608 2695 1662 εει,
2734 1598 3231 1665 intemperantiam;
3266 1595 3389 1650 linis
3423 1596 3570 1665 μηδὲ
3612 1613 3737 1647 eav-

2144 1694 2344 1746 εσθίειν
2385 1690 2567 1753 καλὸν,
2597 1690 2771 1753 idest,
2803 1706 2967 1758 neque
2997 1704 3113 1740 cum
3144 1704 3203 1741 eo
3234 1690 3505 1741 comedere
3536 1688 3733 1741 bonum

2147 1794 2243 1839 est.
2287 1782 2572 1836 Tractatus
2606 1780 2788 1850 hujus,
2812 1779 2924 1835 sive
2956 1777 3306 1832 Institutionis
3339 1781 3410 1831 ad
3438 1782 3733 1834 monachos

2147 1876 2387 1946 ejusdem
2432 1874 2605 1928 sancti
2641 1873 2816 1926 Patris
2846 1872 3013 1927 nostri
3043 1871 3149 1925 Nili
3180 1872 3510 1941 principium
3550 1873 3609 1925 in
3646 1871 3732 1925 Vi-

2118 1969 2221 2022 ctis
2253 1967 2472 2022 Patrum
2508 1965 2771 2020 llcriberti
2804 1964 3090 2033 Rosweydi
3120 1980 3170 2033 p.
3201 1964 3326 2028 598,
3361 1964 3603 2017 nomine
3623 1965 3729 2017 lan-

2148 2061 2311 2115 datur
2360 2058 2611 2128 Evagrii;
2662 2057 2713 2110 in
2757 2055 2992 2111 editione
3030 2054 3144 2108 Ziui
3186 2065 3241 2108 et
3282 2056 3333 2108 in
3382 2054 3730 2110 Bibliotheca

2150 2160 2459 2206 sanctorum
2492 2150 2712 2204 Patrum
2746 2162 2948 2201 excusa
2993 2145 3232 2200 Colonia:
3265 2147 3441 2201 sancti
3482 2145 3603 2199 Nili
3639 2148 3731 2201 ab-

2149 2240 2289 2296 batis
2311 2256 2433 2293 cum
2465 2238 2620 2293 titulo
2652 2240 2919 2307 reperitur
2946 2252 2999 2306 p.
3031 2236 3156 2291 968.
3190 2235 3319 2290 Eam
3348 2235 3597 2307 Evagrio
3627 2238 3734 2290 rin-

2148 2332 2294 2387 dicat
2333 2328 2661 2385 llolsteinius
2688 2344 2719 2383 ε
2747 2329 3116 2398 manuscripto
3150 2328 3251 2380 ΒΒ.
3275 2327 3378 2380 Illi.
3419 2328 3519 2397 qui
3569 2330 3733 2383 multa

2148 2422 2338 2477 deesse
2376 2420 2609 2490 capitula
2642 2418 2947 2473 observavit
2986 2418 3282 2488 supplenda
3325 2434 3391 2473 ex
3438 2420 3568 2488 ipso
3602 2420 3731 2472 Era-

2149 2512 2289 2581 grio.
2311 2526 2431 2580 qua:
2458 2511 2508 2564 in
2536 2510 2639 2563 alio
2662 2508 2846 2563 codice
2868 2507 3215 2561 Bibliotheca:
3236 2505 3341 2561 BB.
3370 2508 3481 2561 sub
3516 2507 3729 2578 Exagrii

2149 2602 2368 2657 nomine
2403 2602 2685 2670 comperit.
2712 2600 2823 2669 Ego
2854 2613 2979 2653 vero
3016 2614 3122 2653 non
3154 2599 3395 2653 dubitari
3439 2601 3583 2669 quin
3614 2615 3735 2653 sae-

2150 2706 2241 2752 cto
2288 2694 2410 2748 Nilo
2462 2694 2837 2758 inscriberem,
2881 2708 2910 2746 a
2944 2707 3051 2761 quo
3088 2691 3375 2762 Eragrium
3415 2703 3733 2747 mutuatum

2150 2789 2317 2842 fuisse
2350 2786 2669 2842 crediderim
2697 2784 2870 2847 facile,
2914 2785 2988 2838 uti
3016 2784 3181 2853 φίλων
3219 2784 3283 2836 τὰ
3327 2785 3511 2837 πάντα
3555 2786 3733 2846 κοινὰ,

2151 2878 2229 2933 sic
2254 2876 2410 2944 λόγον
2457 2874 2783 2944 δογματικὺν
2810 2874 2879 2927 ab
2911 2874 3158 2942 Evagrio,
3187 2873 3293 2927 imo
3314 2889 3344 2926 a
3380 2871 3442 2927 S.
3470 2873 3736 2944 Gregorio

2153 2967 2497 3022 Nazianzeno
2549 2966 2781 3034 sumpsit
2829 2964 2885 3019 S.
2937 2964 3113 3026 Nilus,
3160 2964 3251 3018 sed
3293 2963 3478 3019 fusius
3516 2966 3574 3017 in
3619 2964 3735 3018 Vita

469 3040 800 3109 ιὶοιιίηίὶετιε
831 3040 884 3092 lii
918 3049 1025 3093 tres
1057 3047 1317 3092 trartatus
1349 3037 1490 3091 circa
1521 3037 1708 3089 eadem
1742 3044 2045 3097 versantur,
2076 3076 2117 3132 Ο
2151 3062 2266 3131 ipsa
2291 3059 2347 3114 δ.
2376 3060 2479 3113 Nili
2503 3058 2887 3113 demonstrabo
2912 3055 3089 3111 Nilum
3116 3057 3166 3109 in
3194 3056 3453 3124 capitula,
3476 3056 3605 3110 ma:
3630 3058 3741 3121 svi.

469 3132 717 3203 quamvis
752 3132 805 3184 in
842 3129 1544 3198 manuscriptoBarherino
1578 3126 1931 3194 interpositus
1976 3127 2048 3179 sit

471 3232 737 3275 tractatus
780 3221 846 3274 de.
894 3219 1169 3284 oratione,
1225 3219 1356 3271 mihi
1400 3204 1587 3287 religio
1643 3215 1745 3269 fuit
1796 3216 2045 3270 ordinem

469 3315 687 3367 (Iudicis
725 3313 928 3366 exarati
978 3312 1187 3365 calamo
1223 3310 1594 3364 intervertere.
1653 3306 1866 3360 Initium
1921 3318 2045 3361 est:

472 3406 594 3459 Τῶν
631 3404 1022 3474 ἀντικειμένων
1084 3402 1353 3471 δαιμόνων
1400 3403 1466 3472 τῇ
1517 3402 1792 3471 πρακτικῇ
1834 3400 1883 3452 id
1933 3407 2048 3465 est,

479 3497 522 3550 Ε
560 3498 628 3550 du
648 3496 884 3548 monibus
951 3494 1204 3562 oppositis
1260 3493 1443 3545 activa:
1501 3492 1659 3553 vine;
1705 3500 1760 3543 et
1811 3488 2049 3553 desiuit,

473 3584 551 3643 Οὖ
609 3588 701 3641 καὶ
770 3586 1101 3657 ῥυσοείημεν
1153 3584 1336 3655 χάριτι
1391 3582 1483 3634 τοῦ
1548 3574 1824 3651 Χριστοῦ,
1892 3590 2048 3635 ctc.:

474 3684 515 3734 A
545 3697 645 3750 quo
671 3680 948 3731 liberemur
976 3678 1148 3746 gratia
1174 3675 1374 3730 Christi
1402 3716 1415 3739 ,
1449 3684 1552 3727 etc.

547 3771 739 3826 Addidi
784 3768 875 3821 τοῦ
912 3768 1077 3822 αὐτοῦ
1125 3767 1397 3834 κεφάλαια
1422 3763 1503 3833 λγ⁹
1530 3763 1651 3817 κατ’
1691 3762 2012 3816 ἀκολουθίαν
2035 3801 2051 3827 ,

477 3861 530 3916 id
570 3870 656 3916 est
682 3902 695 3923 ,
751 3858 1003 3929 Ejusdem
1045 3858 1281 3927 capitula
1322 3857 1391 3910 55
1414 3896 1428 3922 ,
1460 3871 1551 3925 per
1577 3854 1774 3923 gradus
1801 3854 2055 3924 quosdam

476 3953 730 4021 disposita
761 3951 1158 4019 consequentur.
1189 3948 1455 4017 Incipiunt
1492 3963 1553 4001 ea
1580 3944 1828 4015 εῖκτερός
1870 3948 2015 3998 ἐστιν
2037 3986 2053 4011 ,

481 4044 530 4096 id
566 4052 682 4108 est,
714 4041 930 4095 Morbus
956 4051 1235 4111 arquatus,
1279 4056 1368 4092 seu
1410 4039 1575 4108 regius
1605 4047 1678 4090 est
1706 4078 1720 4100 ,
1756 4038 2055 4090 terminau-

480 4144 568 4186 tur
590 4175 605 4197 ,
649 4132 1005 4186 καταϐάλλειν
1057 4130 1484 4199 πεπιστευμέναι
1514 4168 1527 4190 ,
1578 4143 1695 4196 qua!
1729 4136 1957 4194 prwsuut
1989 4125 2058 4177 ad

476 4223 818 4293 repellendos.
858 4221 963 4276 lsta
996 4234 1357 4276 consectanea
1395 4230 1525 4275 sunt
1556 4219 1850 4288 persiniilia
1885 4216 2056 4270 sancti

478 4311 727 4363 Eucherii
767 4312 1214 4379 Expositionibus
1256 4309 1591 4364 brevissimis
1620 4306 2057 4374 sacraaScriptu-

2156 3152 2325 3205 ritalis
2353 3152 2677 3204 documenta
2697 3148 3033 3202 contraxisse
3056 3147 3408 3217 peritissime,
3444 3160 3501 3200 ut
3524 3149 3626 3217 qui
3650 3166 3742 3199 κε-

2157 3242 2463 3313 φαλαιώτου
2525 3242 2798 3311 epitheton
2860 3239 2987 3293 inde
3027 3238 3302 3301 meruerit,
3347 3248 3399 3290 et
3446 3238 3502 3290 in
3547 3253 3742 3291 eremo

2158 3333 2365 3388 diutius
2423 3340 2699 3386 versatum
2748 3345 2871 3384 cum
2914 3327 3197 3384 monachis
3230 3343 3288 3382 ea
3322 3328 3592 3381 diuturno
3637 3345 3745 3381 usu

2158 3424 2434 3487 calluisse,
2460 3422 2551 3491 qui
2594 3435 2786 3489 nempe
2810 3419 3082 3489 specimen
3113 3417 3401 3487 prudentia:
3434 3433 3556 3470 sua:
3590 3420 3749 3486 pall-

2161 3514 2280 3568 ticae
2306 3513 2358 3566 in
2390 3514 2709 3582 praefectura
2732 3510 2879 3564 urbis
2901 3508 3499 3577 Constantinopolitanm
3528 3508 3756 3575 patria:

2124 3620 2274 3685 J3me
2332 3618 2457 3657 cum
2512 3600 2846 3670 imperatori,
2882 3608 2995 3653 tum
3039 3600 3381 3670 popularibus
3429 3598 3555 3651 suis
3592 3615 3757 3669 pra:-

2161 3698 2372 3761 buerat,
2411 3698 2575 3750 etiam
2628 3695 2680 3748 in
2726 3694 3017 3748 solitudine
3055 3704 3163 3748 tam
3208 3694 3516 3759 cmuobitis,
3572 3708 3753 3763 quam

2162 3788 2504 3842 anachoretis
2533 3786 2761 3841 coasilia
2800 3786 3157 3839 saluberrima
3183 3785 3658 3839 subministravit.

2232 3879 2462 3933 Μιειυί
2512 3877 2619 3931 Τοῦ
2673 3878 2838 3932 αὐτοῦ
2897 3877 3043 3930 ὁσίου
3083 3877 3291 3948 [ἰατρὸς
3343 3876 3505 3945 ἡμῶν
3546 3876 3753 3928 Νείλου

2164 3969 2386 4039 γνώμας
2419 3971 2526 4023 ἀπο
2546 3969 2737 4035 ratiost;
2760 3969 2868 4021 τῶν
2897 3968 3173 4039 φθαρτῶν,
3202 3969 3297 4021 καὶ
3323 3967 3618 4029 κολλώσας
3644 3972 3757 4027 τοίς

2165 4060 2459 4129 ἁφθάρτοις
2518 4060 2610 4111 τὸν
2670 4060 2975 4128 ἄνθρωπον.
3032 4059 3282 4129 Ejusdem
3335 4061 3509 4112 sancti
3572 4057 3757 4112 Patris

2165 4152 2331 4204 nostri
2363 4149 2479 4203 Nili
2506 4151 2789 4203 sententias
2827 4149 3184 4202 abstrahentes
3222 4167 3252 4201 a
3281 4150 3760 4218 corruptibilibes.

2164 4256 2211 4296 et
2266 4242 2527 4295 hominem
2592 4240 3074 4310 incorruptibilibus
3126 4242 3549 4311 agglutinuntes.
3600 4242 3764 4296 llunc

2167 4337 2382 4405 quidem
2439 4334 2651 4388 titulum
2708 4332 3002 4388 Sententiis
3041 4334 3167 4397 illis,
3212 4349 3348 4403 quas
3394 4336 3764 4402 prmterniisi,

480 4417 594 4495 ne,
631 4402 1057 4495 qum-legitimor-
1087 4401 1138 4451 in
1162 4398 1443 4495 ‘l-sirinensi
1483 4397 1847 4495 Chronologia
1880 4398 2059 4495 relala‘
2095 4421 2134 4474 Ι)
2165 4397 2292 4495 quia
2318 4425 2431 4495 jam
2468 4425 2783 4493 prostabant
2818 4425 2976 4480 edita:
3014 4424 3196 4478 Graece
3229 4397 3303 4477 ac
3342 4397 3541 4478 Latine
3574 4425 3635 4477 in
3678 4423 3787 4475 8w.

478 4506 508 4543 a
540 4491 823 4544 Vincentio
853 4489 1094 4553 Bari-ali;
1125 4489 1412 4558 allegorice
1444 4487 1665 4556 quippe,
1694 4496 1856 4555 atque
1886 4487 2055 4539 auda-

477 4591 593 4634 cter
618 4621 631 4646 ,
668 4591 720 4635 et
760 4580 1092 4650 trepologice
1120 4594 1206 4634 res
1237 4579 1470 4647 explicat
1505 4593 1691 4631 sacras
1713 4619 1728 4641 ,
1775 4589 1827 4630 et
1856 4580 2061 4632 morbis

476 4675 722 4742 corporis
755 4672 1102 4741 {egritudines
1124 4671 1428 4722 animorum
1464 4669 1776 4724 assimilans
1805 4668 2063 4736 explanat

480 4770 572 4815 'eas
608 4760 684 4815 uti
733 4760 994 4830 spiritalis
1043 4760 1285 4813 medicus
1337 4755 1528 4821 Nilus,
1576 4758 1683 4811 illis
1723 4757 1987 4811 adhibens
2031 4774 2061 4812 ε

485 4853 663 4906 ΙΛιιιηίς
703 4853 873 4906 sacris
904 4852 1224 4920 deprompta
1270 4850 1684 4903 medicamenta.
1730 4849 2059 4904 Ριοεειενιιιιεί

484 4944 576 4996 τοῦ
612 4944 776 4996 αὐτοῦ
809 4943 1087 5005 νουθεσίας
1127 4943 1503 5012 πνευματικὰς
1531 4941 1675 4994 κατὰ
1704 4943 2015 5011 ἁλφάὅητον
2047 4984 2060 5006 ,

484 5050 720 5103 quorum
780 5036 1111 5099 exordium,
1168 5033 1310 5104 ἀρχὴ
1363 5034 1576 5102 σοφίας,
1638 5036 1731 5086 καί
1789 5035 2063 5103 σωτηρίας

487 5128 521 5196 ἡ
558 5125 786 5179 σεαυτοῦ
824 5126 1213 5193 κατάγνωσιςς
1258 5125 1308 5177 id
1350 5135 1432 5178 est
1455 5165 1469 5188 ,
1518 5125 1771 5193 Ejusdem
1803 5127 2064 5180 Admoni-

486 5220 653 5271 tiones
677 5217 975 5285 spirituales
1003 5218 1184 5270 ordine
1206 5217 1530 5285 alphabetico
1549 5259 1561 5283 ,
1586 5233 1818 5287 quorum
1851 5220 2060 5273 initium

487 5321 589 5377 est,
620 5311 947 5380 Principium
990 5313 1264 5379 sapientia?
1310 5320 1357 5362 et
1391 5311 1581 5363 salutis
1612 5320 1687 5364 est
1723 5312 1807 5365 sui
1839 5327 2063 5363 accusa-

490 5405 561 5454 tio
597 5405 792 5467 ipsins;
832 5413 885 5456 at
934 5404 1055 5457 linis
1098 5412 1207 5468 est,
1236 5404 1412 5455 Ὠτων
1462 5406 1553 5455 καὶ
1587 5403 1838 5473 γλώσσης
1890 5405 2063 5473 μέγας

489 5495 519 5545 ὁ
550 5495 812 5553 κίνδυνος.
845 5495 1061 5545 Aurium
1086 5536 1099 5559 ,
1131 5509 1174 5547 et
1213 5495 1403 5563 lingua:
1454 5510 1699 5563 magnum
1739 5505 1814 5546 est
1854 5496 2063 5562 pericu-

489 5579 596 5630 lum
621 5596 635 5642 ;
660 5580 784 5646 quia
832 5583 986 5634 editze
1015 5593 1141 5635 sunt
1162 5581 1347 5637 Gricce
1378 5594 1538 5652 atque
1564 5584 1753 5638 Latine
1779 5586 1831 5637 in
1862 5584 2063 5637 Biblio-

490 5669 645 5718 theca
673 5667 1083 5720 Grmco-Latiua
1101 5682 1415 5725 sanctorum
1443 5670 1662 5725 l‘atruni
1692 5682 1837 5726 tomo
1863 5689 2059 5727 secun—

491 5759 564 5811 do
600 5755 855 5809 editionis
888 5756 1180 5813 Parisiens.
1222 5763 1388 5829 lG‘Z-i,
1428 5765 1521 5818 fol.
1567 5766 1736 5829 nos,
1782 5775 1835 5820 et
1872 5781 2064 5822 succe-

2168 4517 2432 4570 bliotheca
2466 4525 2777 4569 sanctorum
2809 4514 3031 4568 Patrum
3074 4513 3372 4569 Parisicns.
3402 4529 3563 4567 anno
3604 4513 3769 4572 i625,
3808 4539 3825 4545 -

2167 4618 2313 4660 tonio
2357 4608 2395 4660 ll
2448 4608 2577 4662 edit.
2612 4608 2664 4660 in
2696 4605 2787 4661 fol.
2828 4623 2949 4677 pag.
2999 4606 3149 4671 ll68,
3190 4622 3257 4659 ea
3299 4606 3771 4674 Orthodosogra-

2166 4699 2287 4765 phis
2321 4698 2374 4750 in
2412 4697 2724 4759 Germania,
2753 4698 3032 4766 praslixnm
3065 4696 3243 4748 ferunt
3276 4703 3329 4747 et
3361 4703 3481 4747 ista:
3515 4693 3772 4747 Senten-

2167 4787 2271 4846 tiw,
2316 4785 2407 4839 sed
2444 4785 2596 4839 valde
2630 4785 2921 4850 dilferunt;
2968 4784 3235 4851 incipiunt
3268 4783 3439 4845 enim,
3483 4782 3658 4844 Ὁδὸς
3693 4787 3773 4841 είς

2163 4877 2362 4947 ἀρετὴν
2392 4875 2594 4945 ἀγαθὴ,
2623 4876 2716 4929 καί
2743 4875 3003 4944 σύντομος
3031 4877 3062 4945 ή
3091 4872 3184 4926 τοῦ
3211 4874 3325 4943 βίον
3358 4873 3535 4942 φυγή,
3573 4873 3634 4926 id
3668 4884 3771 4931 est,

2176 4963 2270 5017 l'ia
2298 4964 2505 5017 virtutis
2533 4964 2667 5018 bona
2715 4973 2763 5017 et
2795 4964 3004 5018 concisa
3026 4976 3099 5018 est
3130 4963 3400 5019 swcularis
3441 4964 3573 5016 vim:
3605 4964 3773 5033 fuga;

2165 5056 2422 5110 desinunt
2475 5072 2603 5111 vero
2658 5057 3067 5126 ἀπολλυμένων,
3121 5058 3171 5111 id
3215 5065 3320 5121 est,
3369 5059 3772 5123 pereuntium;

2167 5149 2283 5202 ista:
2314 5157 2671 5202 numerantur
2713 5148 2831 5211 154,
2872 5149 2976 5201 illa:
3022 5164 3148 5201 vero
3183 5145 3301 5212 229,
3353 5147 3478 5214 plus
3533 5148 3771 5206 minus;

2166 5250 2219 5292 et
2249 5239 2365 5293 istm
2392 5240 2602 5293 collatae
2634 5240 2995 5295 fueruntcum
3028 5241 3309 5294 codicibus
3340 5236 3650 5292 Vaticanis
3672 5238 3780 5291 655

2166 5355 2218 5400 ct
2249 5345 2418 5400 1434:
2448 5356 2613 5415 atque
2642 5347 2744 5400 illa:
2769 5347 3123 5415 praeferebant
3151 5345 3312 5400 etiam
3343 5345 3577 5398 titulum
3615 5344 3781 5413 Πιρο

2168 5451 2444 5514 αινέσεων,
2469 5451 2501 5520 ἢ
2528 5450 2848 5518 Κεφαλαίων
2877 5451 3167 5521 διαφόρων,
3200 5451 3253 5504 id
3284 5459 3386 5514 est,
3413 5449 3785 5502 Admonitio-

2170 5573 2313 5623 uunt,
2335 5573 2424 5611 seu
2459 5556 2827 5625 Capitulorum
2864 5557 3026 5627 627
3058 5558 3381 5609 diversorum
3402 5571 3423 5609 :
3445 5556 3786 5623 saepiusque

2172 5660 2346 5713 lucem
2380 5669 2705 5727 aspexerant
2734 5674 2947 5725 recusa,
2989 5658 3313 5713 Franekera:
3337 5657 3530 5711 Graece
3577 5659 3786 5709 itidem

2177 5779 2240 5818 ac
2270 5762 2456 5820 Latine
2484 5765 2536 5818 in
2562 5765 2649 5831 1‘2,
2676 5781 2818 5821 anno
2850 5764 3005 5821 1608.
3042 5763 3347 5833 Stephanus
3375 5760 3683 5832 Schoning
3718 5775 3789 5815 ea
