3998 6214
360 286 495 356 1353
530 248 537 255 ’

1552 276 1651 342 DE
1689 278 2072 343 OPERIBUS
2110 282 2169 342 S.
2200 276 2385 342 NILI.

3459 271 3593 340 1354

356 414 415 455 se
464 392 772 452 traduxisse
808 388 1071 464 gioriuns,
1119 395 1171 446 et
1217 386 1539 445 testimoniis
1577 400 1691 443 tum
1727 389 1920 451 sacris,

2044 407 2174 444 ιατα
2192 391 2271 459 είς
2291 390 2389 463 τὴν
2413 387 2688 462 ἀναίρεσιν
2710 388 2815 441 τῶν
2834 390 2890 441 ἐν
2912 388 3039 461 Σινᾷ
3054 389 3149 443 καὶ
3179 387 3392 447 Ῥαιῢοῦ
3424 390 3596 457 ἁγίων

356 496 469 542 tum
493 481 740 554 profanis
772 481 1097 544 illustrasse,
1128 478 1311 549 potius
1345 477 1462 549 ipsa
1490 479 1719 534 multum
1748 478 1924 555 Calvi~

356 577 504 632 niani
546 572 772 629 fut-luris
806 572 1122 641 inspergens
1158 570 1487 641 inquinavit.

422 664 749 721 Coronidem
778 663 929 717 hisce
955 660 1432 717 lucubrationibus
1450 659 1675 716 Niliacis
1696 661 1924 732 imposui

338 748 664 813 sermonem
718 754 859 809 beati
906 752 1010 807 Nili
1062 753 1115 807 in
1172 752 1391 807 effatum
1457 752 1588 808 illud
1650 751 1926 823 Evangelii

356 849 500 919 quod
535 846 665 901 dicit
706 864 719 899 :
758 843 915 897 Nunc
947 844 1036 914 qui
1070 842 1222 898 habet
1277 842 1569 910 saeculum,
1596 843 1748 897 tollat
1778 844 1928 897 simi-

356 938 477 991 liter
524 945 571 991 et
623 952 824 1005 peram,
864 946 913 990 et
957 936 1048 1005 qui
1098 951 1200 989 non
1248 934 1421 998 habet,
1466 933 1652 988 vendat
1705 933 1929 1003 pallium

355 1043 531 1093 suum,
560 1038 609 1082 et
636 1035 777 1083 emat
797 1026 1058 1096 gladium.
1087 1026 1178 1081 Sic
1203 1034 1385 1080 autem
1421 1040 1480 1080 se
1511 1025 1671 1080 habet
1705 1025 1927 1080 Graece:

356 1117 530 1186 Δὸγος
566 1115 661 1170 τοῦ
714 1116 988 1187 μακαρίου
1020 1115 1218 1169 Νείλου
1246 1116 1327 1178 είς
1349 1113 1409 1169 τὸ
1437 1114 1600 1186 ῥητὸν
1626 1112 1723 1167 τοῦ
1748 1114 1931 1184 Edax-

357 1208 538 1277 γελίου
594 1206 656 1261 τὸ
715 1207 943 1277 φάσκον.
1002 1205 1117 1260 Νῦν
1154 1208 1183 1260 ὁ
1234 1206 1371 1278 ἔχων
1421 1204 1702 1276 βαλάντιον
1745 1207 1934 1280 ἀράτω

358 1299 559 1369 ὁμοίως
613 1301 706 1352 καί
756 1301 958 1369 πήραν,
1009 1298 1103 1352 καὶ
1143 1297 1173 1350 ὁ
1215 1297 1291 1369 μὴ
1334 1296 1494 1368 ἔχων,
1534 1296 1843 1367 πωλησάτω
1874 1295 1934 1350 τὸ

364 1390 580 1460 ἱμάτιον
627 1389 814 1455 αὑτοῦ,
860 1389 955 1442 καὶ
997 1387 1325 1459 ἀγορασάτω
1359 1387 1653 1458 μάχαιραν.
1688 1384 1813 1441 Fuit
1845 1386 1936 1443 ltic

360 1496 543 1536 sermo
580 1480 886 1550 exscriptus
924 1496 952 1534 e
982 1480 1173 1535 codice
1209 1477 1523 1534 Cassinensi
1566 1477 1936 1547 manuscripto

360 1587 515 1626 num.
578 1571 720 1635 $78,
782 1571 836 1624 in
904 1570 1092 1625 codice
1160 1568 1405 1640 Gregorii
1470 1568 1795 1622 Nazrsnzeni
1850 1568 1937 1623 in-

361 1671 559 1732 quarto
604 1676 770 1732 prope
814 1661 998 1716 linem.
1040 1660 1253 1731 Incipit,
1310 1659 1384 1713 Τὸ
1434 1658 1793 1729 προκείμενον
1835 1659 1934 1731 ρη-

361 1731 474 1820 τόν,
520 1755 572 1808 id
628 1731 734 1817 est,
790 1751 1128 1821 Propositum
1182 1751 1445 1820 effatum;
1487 1748 1806 1805 terminatur
1850 1748 1937 1805 bis
1967 1731 2009 1787 Β

363 1844 564 1908 verbis,
606 1842 705 1897 Διὰ
753 1842 955 1905 παντὸς
1001 1841 1381 1912 φυλασσομένη
1420 1838 1696 1905 εὐλάϐεια,
1732 1839 1787 1894 id
1828 1846 1936 1907 est,

362 1934 704 1993 Custodiente
724 1933 918 2002 pietate
940 1940 1207 2001 perpetuo.

435 2023 575 2080 Sunt
601 2032 656 2079 et
685 2022 775 2078 alii
798 2035 1080 2078 sermones
1106 2018 1232 2085 Nili,
1256 2019 1485 2084 scilicet,
1511 2020 1621 2077 duo
1644 2019 1934 2085 contracti,

363 2130 457 2171 seu
517 2114 702 2185 potius
748 2128 941 2168 eorum
995 2112 1246 2182 epitonia:
1302 2110 1360 2166 in
1403 2110 1599 2165 festum
1656 2108 1939 2165 Paschalis

365 2204 529 2268 diem,
560 2211 615 2257 et
654 2210 765 2257 tres
811 2202 869 2257 in
910 2201 1300 2256 Ascensionem
1334 2197 1571 2264 Domini,
1611 2200 1753 2269 apud
1791 2198 1938 2253 Pho-

368 2293 501 2347 tium
527 2293 580 2345 in
604 2290 977 2363 Μυριοϐίὸλῳ,
1006 2305 1102 2345 seu
1133 2289 1463 2360 Βιϐλιοθήκῃ
1485 2288 1670 2343 codice
1693 2287 1820 2354 206,
1843 2303 1940 2361 pa-

369 2385 495 2453 gina
530 2383 655 2447 855,
689 2398 827 2452 quos
859 2381 1048 2437 Latine
1075 2382 1236 2436 vertit
1265 2381 1511 2435 Andreas
1550 2378 1810 2435 Scbottus
1842 2379 1942 2435 So-

369 2476 583 2530 cietatis
610 2460 759 2539 Jesu,
782 2472 913 2528 mihi
942 2474 1104 2528 etiam
1135 2471 1188 2527 in
1219 2471 1403 2543 Belgio
1425 2480 1605 2536 notus,
1629 2478 1685 2527 et
1712 2484 1943 2541 comun-

369 2567 672 2631 ctissimus,
713 2580 820 2619 non
851 2562 1189 2619 humanitate
1212 2562 1415 2628 minus,
1452 2577 1614 2633 quam
1652 2561 1943 2618 bumanioé

368 2670 492 2712 rum
523 2657 824 2711 litterarum
850 2655 1042 2726 peritia
1069 2654 1535 2710 commendandus
1559 2671 1573 2709 :
1598 2652 1704 2709 illae
1725 2654 1945 2726 quando

370 2750 528 2803 editae
566 2756 695 2803 sunt
718 2748 902 2803 Graece
941 2747 1010 2801 ab
1044 2745 1357 2802 Hmschelio
1390 2760 1480 2801 an.
1514 2745 1644 2802 160!
1686 2745 1947 2815 Augusta:

373 2838 782 2894 Vindelicorum
816 2840 868 2894 in
896 2838 1049 2905 lolio,
1075 2847 1130 2893 et
1166 2838 1372 2902 Graece,
1400 2835 1699 2909 Latineque
1727 2838 1796 2894 ab
1824 2834 1948 2893 illo-

372 2941 482 2986 tuet
517 2930 762 2994 Sebetto,
799 2931 1130 3001 scholiisque
1169 2928 1439 2985 auctiores
1482 2929 1801 2999 prodierunt
1844 2944 1946 2984 an-

375 3034 445 3073 no
492 3018 630 3073 1655
691 3015 1013 3087 Botbomagi
1057 3032 1275 3087 quoque
1329 3017 1384 3071 in
1421 3014 1583 3083 folio;
1629 3016 1704 3071 ibi
1738 3024 1947 3073 suntet

377 3200 647 3264 oratione,
679 3198 745 3253 de
780 3212 889 3267 quo
919 3195 1171 3267 superius
1212 3196 1293 3265 egi
1324 3195 1518 3266 pagina
1555 3193 1678 3260 624,
1704 3192 1800 3250 sed
1838 3209 1946 3249 nu-

377 3304 529 3345 mero
582 3290 680 3345 90l
741 3288 992 3343 Pltotiani
1054 3285 1355 3358 Myriobibli
1410 3295 1622 3341 tantum
1672 3284 1893 3341 titulum
1927 3328 1942 3352 ,

376 3394 777 3451 numerumque
806 3381 1047 3450 capitum
1080 3376 1343 3448 comperi,
1376 3377 1501 3433 licet
1536 3377 1765 3434 Photius
1797 3376 1948 3445 judi-

376 3472 519 3526 cium
551 3470 688 3525 l'erat
715 3478 899 3540 postea
930 3468 1222 3525 conferens
1245 3483 1371 3523 eum
1396 3480 1521 3521 cum
1545 3464 1804 3521 Diadocbi
1834 3465 1950 3535 epi-

376 3562 526 3628 seOpi
571 3559 824 3613 PbotiCes
859 3555 1287 3621 deﬁnitionibus,
1318 3563 1371 3610 et
1393 3554 1683 3623 capitibus,
1715 3566 1950 3623 cumque

376 3650 539 3705 Marci
589 3650 840 3704 monachi
893 3645 1187 3709 Asccticls;
1230 3654 1286 3699 at
1329 3659 1479 3698 num.
1521 3638 1643 3698 276.
1675 3642 1947 3700 Prommia

376 3740 719 3793 Orationum,
746 3752 836 3783 seu
871 3742 1190 3783 buz‘ttmtmltt
1212 3749 1261 3783 ιιι
1284 3732 1576 3792 Pascbate:
1605 3742 1713 3787 tam
1743 3734 1949 3803 primae,

378 3842 540 3893 quam
574 3822 741 3876 tertiae
765 3822 1001 3875 humilia:
1029 3824 1094 3874 de
1123 3823 1322 3877 Christi
1342 3821 1700 3888 Ascensione,
1730 3834 1784 3879 et
1812 3824 1950 3879 aliae

381 3927 502 3967 rum
530 3911 867 3983 Compendia
896 3925 911 3965 :
939 3925 1117 3981 neque
1156 3925 1242 3966 me
1270 3912 1532 3969 cohibere
1562 3928 1783 3985 possum
1817 3915 1948 3985 quin

382 4005 472 4059 hic
502 4003 704 4059 Nicolai
735 4002 955 4057 Antonii
983 4002 1089 4058 viri
1120 4018 1401 4074 nunquam
1433 4005 1566 4061 satis
1604 4007 1807 4062 laudati
1851 4007 1948 4062 lib.

386 4100 461 4148 De
484 4094 689 4159 exsilio,
725 4093 1158 4148 observationem
1185 4094 1237 4148 in
1264 4095 1403 4148 hanc
1427 4096 1637 4149 tertiam
1671 4096 1949 4150 bomiliam

381 4185 670 4240 ascribam.
718 4184 951 4239 Sanctus
994 4182 1173 4249 Nilus,
1213 4199 1380 4253 agens
1407 4185 1474 4241 de
1505 4184 1691 4242 Enoch
1723 4196 1778 4243 et
1810 4186 1950 4253 Elia,

380 4278 571 4333 scribit
599 4294 613 4332 :
646 4277 885 4347 Κατέχει
917 4275 1027 4348 γὰρ
1058 4274 1279 4340 τούτους
1309 4278 1338 4330 ὁ
1365 4274 1617 4350 Πλάστης
1653 4279 1712 4332 ὲν
1739 4276 1949 4349 σώματι

2028 483 2286 553 ΙΙατέρων
2311 482 2389 545 είς
2411 476 2695 535 Θεόδουλον
2721 479 2813 533 τὸν
2837 480 2950 533 υἱὸν
2981 478 3144 534 αὑτοῦ
3166 497 3179 510 ·
3210 479 3323 535 Nili
3355 483 3597 537 mt'ﬂdt‘lli

2027 572 2259 626 eremita:
2281 568 2653 634 Narrationes,
2674 570 2861 641 quibus
2879 570 3046 625 credes
3066 571 3441 626 monachorum
3461 589 3598 624 mo».

2029 664 2096 717 tis
2116 661 2276 725 Sina,
2297 672 2343 715 et
2363 660 2582 729 Rliaitu,
2600 646 2648 717 et
2665 661 2938 729 captivitas
2961 658 3215 715 Theoduli
3230 660 3334 729 ﬁlii
3350 664 3599 715 deserit).-

2030 763 2152 821 tur;
2194 771 2319 809 natn
2366 755 2583 810 titulum
2615 754 2866 809 Latinum
2899 753 2970 808 ita
3002 755 3239 824 concipit
3279 771 3343 809 ex
3389 755 3599 822 Graeco,

2030 865 2192 922 quem
2227 848 2384 905 aliter
2410 846 2659 906 inscribit
2692 848 2759 903 Β.
2793 849 2948 904 Pater
2983 845 3243 902 Possiuus
3284 846 3416 923 mihi
3456 862 3604 900 seu».

2030 956 2125 1013 per
2162 941 2490 1005 laudandus,
2526 950 2579 996 et
2619 942 2674 1003 in
2712 950 2917 1012 septem
2953 938 3199 995 distinxit
3230 935 3603 991 Narrationes.

2032 1030 2172 1089 Tum
2194 1030 2287 1087 τοῦ
2314 1035 2376 1087 ὲν
2404 1034 2579 1103 ἁγίοις
2606 1032 2818 1105 Πατρδς
2848 1032 3003 1103 ἡμῶν
3027 1031 3219 1085 Νείλου
3247 1028 3339 1084 τοῦ
3366 1027 3607 1100 πρεσϐυ-

2029 1117 2190 1195 τέρου
2218 1118 2299 1187 είς
2342 1122 2623 1177 Ἀλὸιανδν
2650 1121 2827 1192 λόγος.
2855 1120 3041 1176 Sancti
3073 1120 3258 1175 Patris
3294 1118 3461 1172 nostri
3488 1116 3605 1170 Nili

2031 1216 2336 1287 presbyteri,
2366 1216 2421 1269 in
2444 1214 2733 1270 Albianum
2762 1212 2970 1279 Oratio,
2992 1212 3170 1269 Vitam
3196 1212 3295 1267 viri
3323 1210 3608 1266 sanctissi-

2034 1305 2107 1360 mi
2148 1306 2505 1362 describendo
2556 1316 2609 1361 et
2656 1305 3089 1361 commendando
3140 1322 3155 1359 :
3206 1318 3326 1374 quae
3388 1303 3606 1374 quidem

2035 1398 2209 1467 Opera
2261 1396 2448 1453 Grzece
2529 1395 2829 1468 Latineque
2881 1409 3144 1452 conversa
3201 1411 3326 1450 cum
3384 1394 3610 1450 Parisiis

2037 1489 2339 1558 prodierint
2372 1505 2465 1547 an.
2496 1489 2654 1556 1659,
2704 1489 2757 1545 in
2783 1490 2835 1555 4,
2865 1490 3130 1561 attingere
3163 1487 3435 1560 piaculum
3478 1503 3610 1543 cen-

2037 1577 2144 1636 sui.
2186 1577 2341 1634 Notis
2374 1579 2576 1649 quippe
2607 1579 2689 1634 vir
2730 1577 2872 1634 idem
2912 1594 3144 1649 magnus
3191 1593 3252 1634 ea
3295 1578 3609 1640 illustravit,

2038 1678 2093 1725 et
2138 1669 2390 1740 quamvis
2421 1668 2627 1747 aliquid
2655 1668 2874 1739 adjungi
2923 1678 3128 1739 posset,
3172 1668 3609 1723 lucubrationeni

2039 1769 2241 1823 tamen,
2275 1765 2336 1812 ut
2362 1757 2590 1812 Veneris
2626 1756 2749 1811 Coae
2783 1757 2851 1811 ab
2875 1756 3064 1827 Apelle
3095 1756 3335 1812 nondum
3360 1756 3612 1827 perlecta-

2038 1851 2304 1915 tabulam,
2358 1850 2458 1920 ipsi
2501 1848 2887 1920 perﬁciendam
2946 1849 3446 1921 absolvendamque
3496 1852 3614 1907 suis

2037 1942 2296 1998 omnibus
2322 1942 2566 1997 numeris
2593 1942 2862 2012 relinquo,
2891 1934 3031 1997 Plin.
3070 1942 3144 1997 lib
3169 1958 3333 2010 xxxv,
3373 1958 3425 1999 c.
3460 1944 3525 1998 l0
3559 1953 3615 2000 et

2042 2032 2130 2097 ll,
2152 2032 2331 2088 Cicer.
2364 2041 2416 2087 et
2438 2031 2679 2088 Etruscae
2695 2030 2964 2088 facundiae
2980 2033 3185 2102 pltarus
3201 2033 3429 2089 Carolus
3448 2033 3616 2091 Datus

2042 2121 2095 2177 in
2113 2119 2238 2177 Vita
2253 2122 2455 2192 Apellis
2472 2137 2524 2191 p.
2547 2121 2637 2186 97,
2651 2131 2705 2177 et
2728 2122 2781 2176 in
2804 2122 3281 2186 Adnotationibus,
3303 2138 3356 2194 ι).
3380 2124 3615 2195 i45,qui

2041 2214 2126 2267 vir
2172 2211 2574 2267 illustrissimus
2605 2213 2896 2284 omnigena
2935 2215 3129 2285 plenus
3162 2226 3246 2271 est
3281 2217 3612 2272 eruditione.

2043 2301 2238 2373 incipit
2266 2303 2354 2358 his
2388 2303 2568 2359 verbis
2605 2320 2621 2359 :
2649 2291 2961 2375 ’Δλώμενὸς
2989 2304 3099 2375 ἐγὼ
3131 2307 3269 2377 μετὰ
3302 2309 3400 2376 τὴν
3429 2308 3617 2377 ἔφοδον

2042 2393 2150 2447 τῶν
2178 2393 2477 2467 Βαρϐάρων
2498 2413 2510 2425 ·
2540 2395 2591 2450 id
2622 2403 2728 2461 est,
2758 2394 3104 2451 Errabnndus
3151 2414 3243 2467 ego
3267 2410 3382 2468 post
3414 2398 3617 2453 Barba-

2048 2502 2225 2540 rorum
2256 2487 2505 2557 infestum
2539 2489 2841 2544 adventum.
2871 2489 3080 2544 Desinit
3117 2492 3169 2545 in
3204 2492 3340 2558 lucc,
3377 2487 3444 2563 ἧς
3479 2494 3620 2546 ἁπο-

2046 2576 2263 2643 λαῦσαι,
2294 2581 2391 2634 καὶ
2415 2580 2533 2643 νῦν,
2561 2581 2654 2635 καὶ
2688 2583 2747 2635 ὲν
2779 2582 2857 2653 τῷ
2882 2583 3130 2654 μέλλοντι
3165 2585 3323 2639 αἰῶνι
3350 2601 3363 2615 ·
3421 2587 3472 2641 id
3514 2599 3616 2652 est.

2047 2687 2149 2741 qua
2183 2672 2477 2742 perfruaris
2510 2684 2558 2727 et
2585 2691 2742 2741 nunc,
2787 2676 2917 2730 etin
2947 2675 3129 2745 futuro
3172 2678 3386 2734 sarculo.
3420 2677 3618 2736 Deista

2047 2766 2362 2825 incursione
2413 2768 2730 2836 Barbaries,
2774 2780 2831 2826 et
2877 2787 2987 2842 quo
3036 2781 3281 2843 tempore
3333 2774 3622 2846 contigerit

2050 2859 2164 2927 illa,
2193 2859 2315 2916 fuse
2343 2861 2397 2916 in
2429 2862 2602 2932 ipsius
2628 2860 2735 2918 Nili
2766 2862 2907 2918 Vita.

2119 2951 2393 3024 Epistolas
2439 2954 2607 3010 etiam
2661 2952 2769 3009 Nili
2808 2969 2918 3011 non
2952 2955 3193 3025 inserui;
3253 2958 3372 3029 ipse
3424 2960 3622 3030 quippe

378 3046 445 3073 ΙΙυ
492 3046 630 3073 ιυυο
692 3046 1013 3087 ιιυιιιυιιιᾶιδι
1057 3046 1275 3087 quoquc
1330 3046 1384 3071 ΙΙΙ
1421 3046 1583 3083 ιυιιυ,
1629 3046 1704 3071 ιυι
1738 3046 1865 3073 θυΙΙΙν
1894 3046 1944 3071 ει

378 3112 533 3175 lecta,
567 3123 661 3164 seu
708 3116 962 3177 excerpta
1014 3122 1044 3163 e
1086 3106 1355 3177 capitibus
1390 3106 1492 3162 155
1555 3103 1843 3162 Tractatus
1876 3104 1944 3161 de

482 3200 515 3213 ,ο
697 3198 710 3213 Ι
872 3212 879 3213 κ
1072 3195 1161 3213 λΰγκ
1220 3211 1236 3213 _
1281 3196 1292 3207 ⁸
1327 3195 1509 3213 ..θηεκΑ
1556 3193 1651 3213 (In:
1709 3192 1797 3213 _-j
1840 3209 1910 3213 μ--

2048 3046 2307 3105 Pessinus
2345 3063 2441 3105 eas
2478 3047 2665 3107 Graec
2706 3050 3008 3123 Latineque
3052 3052 3356 3123 publicarat
3394 3052 3622 3110 Parisiis

2045 3140 2211 3207 1657,
2245 3140 2299 3196 in
2344 3151 2561 3213 quarto,
2601 3157 2728 3199 cum
2766 3142 2944 3211 Notis,
2985 3145 3094 3201 imo
3137 3156 3193 3201 et
3229 3144 3341 3200 Leo
3369 3146 3621 3213 Allatius,

2601 3157 2728 3199 cum
2766 3142 2944 3211 Notis,
2985 3145 3094 3201 imo
3137 3156 3193 3201 et
3229 3144 3341 3200 Leo
3369 3146 3621 3213 Allatius,

2048 3232 2143 3304 qui
2172 3230 2397 3291 Graecis
2432 3236 2580 3293 illius
2610 3238 2900 3305 naturalis,
2926 3253 3114 3306 vernn,
3145 3247 3200 3295 et
3236 3240 3530 3309 genuinus,
3558 3256 3624 3295 ac

2048 3325 2224 3394 ipsius
2251 3326 2455 3383 ocellus
2479 3343 2511 3382 a
2533 3328 2843 3399 mejamdiu
2869 3340 3241 3402 nuncupatus,
3271 3334 3622 3404 externisque

2049 3416 2419 3487 praeferendus
2443 3418 2746 3485 videbatur,
2774 3420 2959 3476 Roma:
2986 3426 3128 3493 typis
3158 3423 3469 3482 Bsrberinis
3493 3428 3621 3499 Εμίο

2047 3507 2217 3564 stolas
2255 3523 2400 3563 anno
2428 3508 2585 3575 i668,
2617 3510 2674 3565 in
2709 3509 2839 3566 folio
2865 3514 3227 3584 promulgavit
3264 3519 3503 3585 easdem,
3529 3523 3622 3574 sed

2050 3601 2307 3657 adsuetas
2344 3610 2396 3656 et
2450 3601 2605 3659 libris
2661 3603 2835 3658 tribus
2874 3604 3163 3661 distinctas
3186 3608 3252 3663 ad
3294 3610 3465 3676 lOGl;
3498 3626 3622 3665 cum

2053 3692 2217 3747 variis
2258 3692 2581 3749 lectionibus
2625 3695 2678 3749 in
2715 3697 3083 3753 narrationem
3123 3700 3288 3756 credis
3323 3704 3624 3759 m0nachov

2051 3802 2197 3851 rum,
2226 3795 2281 3842 et
2307 3787 2547 3843 Diatriba
2570 3789 2638 3845 de
2660 3788 2819 3855 Nilis,
2845 3805 3146 3861 eorumque
3176 3793 3414 3864 scriptis,
3443 3804 3498 3849 et
3523 3812 3621 3849 sua

2051 3880 2300 3935 versione
2334 3879 2547 3945 Latina,
2580 3895 2631 3936 et
2667 3882 2825 3938 unica
2861 3883 3375 3955 notula,lndiceque
3400 3886 3621 3955 duplici,

2051 3973 2332 4028 nominum
2361 3972 2569 4029 scilicet
2586 3988 2777 4028 eorum
2804 3973 2871 4028 ad
2901 3988 3041 4043 quos
3067 3973 3376 4043 diriguntur
3409 3975 3625 4046 Episto-

2012 4096 2015 4099 ν
2052 4063 2137 4129 lae,
2171 4081 2237 4119 ac
2278 4066 2581 4121 initiorum.
2629 4064 2778 4121 Inter
2822 4066 2957 4122 istas
2998 4065 3271 4138 Epistolas
3322 4068 3625 4125 Allatianas

2051 4166 2182 4211 sunt
2219 4157 2288 4213 55
2318 4159 2489 4215 variis
2509 4158 2805 4230 inscriptae,
2844 4174 2966 4229 quas
3006 4159 3062 4215 in
3098 4158 3288 4216 codice
3329 4159 3625 4218 Barberino

2049 4250 2154 4307 sub
2184 4266 2291 4305 una
2320 4252 2686 4319 continentur,
2719 4267 2838 4323 pag.
2876 4252 2995 4317 l65,
3027 4268 3149 4308 cum
3180 4253 3283 4310 hoc
3310 4256 3487 4321 titulo,
3515 4257 3624 4311 Τοῦ

346 4434 349 4437 ν
378 4367 724 4438 ψυχαγωγῶν
764 4342 864 4437 silv
900 4342 1174 4437 ἐξόριστον
1211 4365 1391 4436 φύσιν,
1433 4368 1492 4431 ὃς
1530 4342 1623 4422 καὶ
1673 4342 1950 4439 μετάντὴν
1982 4388 2027 4446 ι)
2051 4342 2209 4446 ίγίέυ
2235 4344 2430 4446 δείλοθ
2464 4344 2721 4446 ἐπιστολὴ
2745 4346 2945 4446 εζξυῗα
2988 4363 3117 4446 βέφσ
3144 4345 3246 4446 vis
3280 4346 3466 4403 sum“
3506 4348 3625 4402 Nm

384 4458 674 4530 ὑπερόριον
699 4459 877 4530 φυγὴν
908 4459 1070 4512 πάλιν
1098 4460 1198 4525 είς,
1224 4459 1338 4513 sive
1366 4460 1464 4529 τῆς
1487 4458 1805 4525 ἀθανασίας,
1834 4458 1944 4514 sive

2054 4440 2299 4512 Epistula
2325 4442 2519 4497 habens
2548 4444 2729 4512 capita
2766 4444 2857 4499 55.
2893 4443 3079 4513 incipit
3113 4458 3126 4494 :
3176 4443 3303 4496 Ἐὰν
3337 4446 3527 4515 μηδείς
3561 4462 3622 4498 σε

380 4550 480 4621 ’τὴν
520 4550 812 4615 ἀθάνατον,
866 4550 1156 4618 ἐπανάγων
1205 4550 1497 4604 πολιτείαν.
1544 4549 1600 4604 ld
1650 4558 1754 4615 est,
1793 4550 1949 4605 Tenet

381 4640 476 4694 Iros
525 4639 746 4693 Creator
786 4642 841 4693 in
859 4654 1092 4706 corpore,
1118 4649 1366 4693 naturam
1407 4638 1732 4694 exsulantem
1764 4656 1948 4695 conso-

380 4733 521 4796 lans,
541 4733 631 4801 qui
653 4734 809 4785 etiam
826 4741 939 4799 post
968 4731 1211 4785 exsilium
1236 4731 1384 4784 illam
1401 4732 1589 4786 iterum
1608 4734 1950 4787 restituturus

381 4826 452 4877 sit
495 4824 903 4887 immortalitati,
950 4839 1039 4877 seu
1078 4830 1193 4892 post
1228 4823 1409 4893 fugam
1453 4834 1604 4878 extra
1652 4824 1802 4894 ﬁnes,
1845 4826 1950 4877 im~

384 4914 729 4967 mortalitatis
761 4914 927 4967 statui
955 4916 1295 4969 restituturus
1335 4916 1439 4980 sit;
1479 4914 1801 4986 prtel'ertque
1828 4931 1951 4968 vcr-

384 5007 592 5060 sioncm
652 5004 901 5069 Sclmtti,
964 5007 1198 5061 versioni
1260 5006 1520 5062 Desiderii
1573 5004 1789 5061 lleraldi
1854 5006 1951 5062 lib.

383 5097 835 5154 Adversariorum
857 5140 871 5164 ,
908 5098 999 5167 qui
1042 5098 1391 5167 ψυχαγωγῶν
1425 5113 1610 5153 vocem
1645 5097 1953 5152 reddiderat

392 5204 635 5253 evocans,
659 5187 819 5259 cujus
860 5188 1163 5252 sententiae,
1190 5186 1394 5243 Nicolai
1421 5203 1631 5259 nempe,
1662 5187 1803 5242 ultro
1826 5186 1953 5257 sub-

298 5284 305 5287 ‘
385 5279 585 5334 scribo.

457 5367 729 5425 Hactenus
764 5372 995 5426 indicari
1027 5369 1200 5443 Opera
1226 5369 1281 5427 S.
1311 5368 1438 5437 Nili,
1466 5387 1587 5442 qum
1633 5372 1824 5427 in‘boc
1858 5383 1948 5425 rm

387 5459 567 5515 lumen
591 5464 862 5533 congessi,
889 5479 1035 5520 nunc
1055 5480 1138 5532 ea,
1158 5479 1279 5534 qua:
1300 5463 1647 5535 praetermisi,
1673 5460 1955 5519 recensere

385 5565 566 5624 operae
596 5557 824 5624 pretium
864 5558 1014 5613 duxi.

384 5686 391 5693 κ
459 5643 515 5699 In
534 5647 722 5716 primis
738 5648 931 5702 Νείλου
954 5632 1275 5719 μονὰξοντος
1295 5650 1461 5722 628
1478 5650 1575 5719 ἰρη
1586 5646 1738 5720 μῖτου
1763 5648 1955 5718 Διηγή·

714 5768 979 5827 Γιιτιιοι..
1036 5770 1148 5828 Gn.
1214 5767 1502 5829 LXXIX.

2048 4531 2221 4606 διώκῃ
2277 4532 2540 4606 τύραννος
2580 4533 2802 4605 Ἕλλην,
2830 4533 2948 4588 Etsi
2983 4533 3159 4587 nullus
3197 4544 3248 4587 te
3280 4544 3626 4605 persequatur

2052 4632 2308 4693 tyrannus
2341 4623 2565 4679 Gentilis
2584 4640 2603 4689 ;
2632 4640 2796 4695 quam
2828 4625 3098 4680 concisam
3120 4626 3416 4694 comperio,
3451 4636 3504 4680 ct
3539 4629 3626 4682 inm

2052 4724 2133 4769 tcr
2163 4716 2516 4773 Possinianas
2547 4716 2801 4782 numJl,
2830 4731 2955 4789 pag.
2982 4718 3070 4778 69.
3100 4718 3359 4774 directam
3387 4720 3452 4774 ad
3486 4721 3626 4775 Plia-

2052 4808 2371 4864 tismanium
2406 4825 2580 4880 usque
2609 4810 2674 4863 ad
2707 4811 3043 4884 στρατιώτης
3062 4811 3154 4866 τοῦ
3180 4813 3436 4885 Χριστοῦ.
3472 4813 3622 4883 Apud

2051 4900 2308 4955 Atlatium
2340 4901 2431 4957 lib.
2471 4919 2549 4968 ιιι,
2575 4902 2802 4973 cpistola
2829 4904 2918 4969 7i,
2940 4892 3290 4971 numeratur;
3318 4905 3626 4963 Pharisms-

2054 4995 2202 5051 nimo
2253 4994 2591 5063 Decembrio,
2615 5012 2709 5053 seu
2740 4995 3134 5066 Decempriiuo,
3173 4998 3247 5052 uti
3283 5000 3517 5069 corrigo,
3543 5012 3628 5057 est

2054 5088 2335 5158 inscripta.
2358 5086 2675 5145 Contulerat
2697 5090 2837 5144 hanc
2860 5088 3153 5159 Epistolam
3178 5091 3354 5159 capita
3386 5090 3451 5147 55
3476 5106 3628 5147 com—

2053 5182 2377 5250 plectenteut
2426 5180 2743 5239 llolstenius
2791 5197 2913 5238 cum
2950 5183 3139 5239 codice
3188 5182 3451 5241 Vaticano
3490 5185 3626 5255 653;

2053 5283 2106 5328 et
2128 5268 2488 5347 'c‘ontinuarat
2513 5290 2636 5330 cum
2671 5274 2811 5340 aliis,
2848 5290 2878 5330 e
2908 5274 3127 5346 quibus,
3159 5276 3303 5343 quod
3338 5276 3631 5348 consequi-

2054 5375 2144 5420 tur
2176 5362 2337 5436 caput
2374 5366 2612 5436 Epistola
2639 5375 2742 5430 est,
2773 5382 2897 5436 qua:
2930 5365 3072 5436 apud
3113 5368 3273 5441 Allat.
3318 5369 3393 5423 lib
3425 5385 3505 5430 ut,
3544 5371 3597 5423 lo
3624 5400 3628 5404 ι

2054 5465 2172 5513 cata
2198 5457 2297 5513 fuit
2323 5474 2472 5513 num.
2512 5457 2637 5513 295.
2669 5459 2879 5531 Incipit,
2915 5460 3007 5529 Μὴ
3042 5460 3413 5530 κατοκνῶμεν,
3434 5460 3489 5514 Μ
3522 5442 3629 5527 est,

2058 5542 2141 5605 Ne
2162 5566 2428 5605 versemur
2449 5551 2788 5621 negligenter,
2816 5551 3133 5627 inscribitur
3163 5550 3388 5623 Didyme
3418 5552 3639 5611 lectori.

2057 5642 2197 5697 sicut
2250 5658 2416 5713 penes
2448 5641 2760 5709 Pes-sinum,
2792 5660 2844 5697 ιι.
2890 5644 2941 5696 4..
2980 5642 3204 5704 Βειείιιίι,
3243 5643 3299 5706 ἐξ
3327 5635 3401 5697 ὢν
3443 5644 3470 5697 ὁ
3503 5642 3646 5702 -νοῢς

3276 5758 3347 5819 43
