3998 6214
352 347 482 413 1357
506 294 521 303 φ

1545 348 1642 408 DE
1673 340 2058 411 OPERIBUS
2095 344 2156 412 Ξ.
2187 344 2373 413 NILI.
3467 343 3607 409 1358

342 456 436 529 qui
462 454 761 511 arbitratur
788 470 853 511 ex
883 453 1302 526 Agatharchlde,
1333 468 1452 525 cap.
1482 455 1572 520 l6,
1597 455 1773 512 leonis
1802 469 1925 513 esse
1951 459 1999 517 Α
2025 455 2128 511 Iob
2165 457 2304 512 libro
2327 456 2489 513 unico
2518 473 2530 512 :
2565 472 2584 507 ι
2612 455 2751 525 Quia
2778 454 2941 527 rapit,
2979 462 3035 512 et
3075 453 3285 511 occulte
3323 458 3607 526 prosequi-

343 547 605 617 speciem,
646 554 701 602 et
727 546 862 601 nihil
905 547 975 601 ab
1009 546 1133 602 aliis
1169 544 1389 602 differre
1430 556 1603 617 putat,
1640 548 1747 604 nisi
1780 548 1928 619 quod

344 638 541 693 habeat
564 653 754 692 aversa
783 638 1059 709 genitalia,
1085 638 1386 709 nititurque
1408 638 1459 692 id
1484 640 1717 708 probare
1744 639 1839 695 vel
1856 655 1927 696 ex

341 727 571 799 Vulgata
610 729 860 786 versione
888 730 948 784 in
978 744 1099 798 cap.
1132 745 1184 784 tv
1211 727 1334 798 Job,
1359 747 1415 786 ν.
1451 732 1537 798 ll,
1575 733 1670 788 ubi
1713 732 1926 805 rugitus

340 820 516 876 leonis
571 835 674 890 pro
728 821 1220 891 myrmeco-leone,
1267 835 1334 878 ac
1376 823 1532 892 tigris
1574 825 1740 879 etiam
1791 824 1923 895 legi-

340 921 429 966 tur
466 926 482 966 :
523 918 638 965 tum
662 925 694 965 e
722 910 1007 974 Strabone,
1042 911 1137 965 lib.
1176 927 1293 977 ut,
1320 911 1505 969 leones
1538 912 1746 970 aversis
1774 914 1931 985 geni-

340 1002 539 1057 talibus
583 1015 705 1056 esse
756 1001 811 1055 in
861 1000 1247 1074 Troglodytica
1295 1002 1531 1067 Arabiae,
1564 1004 1658 1074 qui
1693 1004 1921 1077 μύρμηο

338 1109 435 1157 res;
473 1100 772 1158 vocantur;
812 1102 869 1148 at
907 1091 1507 1164 lormicae‘simpliciter
1543 1092 1790 1162 Elianu,
1822 1097 1918 1152 lib.

2032 558 2124 605 tur
2152 547 2449 617 frumenta,
2481 564 2604 620 qna:
2644 548 2863 604 sublato
2890 546 3051 603 oculo
3086 545 3220 601 facit
3262 560 3369 601 non
3406 548 3609 617 germi-

2023 654 2197 706 nare;
2233 656 2252 692 ι
2291 639 2385 695 ubi
2419 647 2643 695 sanctus
2670 642 2861 694 doctor
2884 638 3106 697 oculum
3148 636 3348 707 accipit
3380 650 3482 705 pro
3517 652 3605 700 co,

2018 729 2175 799 “quod
2193 729 2349 786 estin
2380 729 2638 784 arborum
2667 727 2925 793 surculis,
2944 726 3089 782 unde
3117 726 3246 795 ipsa:
3263 726 3607 796 germinant:

2028 822 2112 878 sic
2144 821 2383 879 sumitur
2414 822 2563 890 apud
2602 821 2886 886 Catonem,
2922 818 2999 873 De
3036 834 3091 871 re
3130 819 3352 873 rustica.
3380 818 3608 884 Oculus,

2016 914 2173 971 ’unde
2213 913 2514 975 inoculare.
2549 914 2603 967 in
2638 911 2957 976 Columella,
2989 909 3094 965 lib.
3144 924 3220 974 χι,
3269 925 3390 979 cap.
3425 910 3479 976 2,
3526 919 3612 966 est

2013 1003 2245 1058 oculum
2270 1003 2433 1058 ttnius
2462 1002 2676 1059 arboris
2704 1002 2859 1057 alteri
2892 1002 3172 1065 adhibere,
3215 1002 3330 1056 sive
3373 1002 3607 1070 aperire,

2025 1103 2088 1151 ut
2138 1095 2194 1150 in
2246 1094 2446 1151 Plinio.
2489 1096 2632 1151 Beda
2680 1097 2733 1149 in
2769 1093 2965 1149 Jobum
3003 1113 3017 1148 :
3050 1092 3182 1157 Leo,
3215 1092 3438 1165 quando
3497 1094 3611 1165 agit

336 1197 475 1247 xvtt,
510 1194 630 1251 cap.
670 1180 762 1244 42,
796 1182 1004 1237 aversis
1032 1181 1358 1252 genitalibus
1393 1183 1449 1238 in
1489 1181 1801 1254 Babylonia,
1840 1185 1919 1241 uti
2014 1188 2263 1258 raedam
2315 1189 2383 1244 de
2432 1188 2599 1243 rebus
2658 1186 2959 1257 majoribus
3011 1186 3064 1240 in
3119 1186 3348 1253 sanctis,
3379 1186 3606 1242 formica

336 1272 433 1328 lib.
508 1287 608 1337 vu,
664 1286 789 1342 cap.
853 1272 941 1339 ιι,
1006 1272 1098 1327 ubi
1162 1272 1495 1331 Casaubono
1555 1289 1665 1329 non
1727 1290 1918 1332 assen-

339 1367 489 1429 titur,
550 1365 639 1421 cui
680 1380 785 1419 vox
830 1362 1185 1420 formicarum
1253 1374 1528 1435 suspecta.
1571 1366 1730 1437 Apud
1780 1369 1920 1425 Ara-

340 1458 437 1511 bas
466 1466 550 1514 est
574 1457 794 1512 leonum
818 1456 1051 1527 species,
1084 1458 1177 1527 qui
1208 1458 1469 1514 dicuntur
1494 1459 1655 1531 631
1700 1461 1915 1525 hirmis,

2014 1280 2245 1352 quando
2273 1280 2342 1335 dc
2355 1277 2609 1335 minimis
2634 1296 2650 1344 ;
2684 1278 2798 1348 piis
2826 1278 3148 1341 formicam,
3170 1277 3362 1346 impiis
3398 1277 3606 1332 leonem

2022 1370 2225 1425 asserit
2276 1369 2749 1440 Olympiodorns;
2805 1377 2861 1423 at
2911 1368 3065 1424 Nilus
3119 1368 3174 1422 in
3254 1367 3477 1431 Catena,
3550 1378 3612 1424 ut

2022 1458 2485 1531 Theophylactus,
2522 1461 2578 1516 in
2596 1460 2820 1520 “eam,
2853 1460 2982 1529 quia
3015 1459 3243 1529 impellit
3274 1460 3326 1513 in
3353 1460 3607 1529 graviora

336 1550 483 1604 unde
506 1548 710 1604 factum
736 1547 983 1619 μύρμηξ.
1012 1547 1151 1603 Sunt
1169 1549 1697 1606 etformicazlndica:
1721 1568 1916 1608 aurum
2022 1568 2125 1607 nos
2180 1553 2345 1624 633
2398 1569 2430 1610 a
2486 1553 2674 1621 parvis
2708 1552 2899 1615 initiis,
2927 1556 3073 1622 quod
3120 1565 3266 1622 patet
3298 1553 3363 1607 'in
3410 1569 3606 1623 supra-

336 1640 656 1696 el'fodientes
686 1656 883 1696 canum
915 1642 1090 1697 instar
1123 1658 1218 1699 seu
1248 1643 1529 1712 luporum,
1558 1644 1706 1715 apud
1736 1646 1913 1701 Hero-
2016 1646 2227 1715 scripta
2267 1645 2497 1716 epistola
2549 1643 2676 1707 265,
2739 1644 2834 1698 lib.
2895 1659 2952 1697 Ill
2990 1644 3192 1707 Allatii,
3230 1658 3353 1712 quae
3402 1644 3609 1700 directa

334 1731 551 1799 dotnm,
600 1731 693 1787 lib.
742 1747 822 1797 tn,
878 1747 909 1785 e
958 1731 1225 1798 Nearcho,
1289 1732 1609 1801 Dalmacbu,
1643 1744 1696 1789 et
1735 1735 1913 1806 Mega-
1960 1805 1966 1806 γ
2021 1747 2103 1791 est
2122 1735 2277 1791 Iona:
2308 1735 2598 1798 monacho,
2629 1742 2684 1789 et
2710 1743 3044 1788 sitinter-stur
3078 1732 3175 1787 l89
3196 1748 3372 1803 penes
3418 1733 3609 1789 Possi-

336 1825 552 1889 stbene,
586 1839 696 1879 non
750 1823 977 1893 pedibus
1026 1824 1302 1890 leoninis,
1346 1824 1423 1880 uti
1470 1826 1648 1881 visum
1705 1805 1917 1895 Solino,
1952 1805 1994 1858 Β
2031 1843 2183 1891 num,
2218 1827 2535 1895 videturque
2563 1825 2878 1892 deprompta
2930 1840 2961 1877 c
3014 1839 3066 1880 c.
3094 1824 3163 1879 89
3212 1823 3502 1880 Tractatus
3539 1824 3610 1879 de

338 1930 462 1985 cap.
502 1914 592 1981 30,
620 1914 676 1969 in
719 1912 1018 1986 Ethiopia.
1043 1913 1271 1971 Videndi
1302 1915 1503 1972 Strabo
1532 1917 1625 1971 lib.
1661 1929 1697 1973 ιι
1726 1929 1781 1974 et
1819 1934 1921 1986 xv;

335 2006 557 2062 Arrian.
583 2007 635 2061 in
673 2004 850 2062 India.
876 2006 1015 2062 Plin.
1043 2005 1080 2062 l.
1111 2022 1186 2074 at,
1215 2021 1336 2078 cap.
1372 2006 1471 2072 30;
1504 2006 1706 2064 Elian.
1742 2009 1836 2065 lib.
1865 2025 1923 2065 ιιι

341 2098 552 2155 Hister.
580 2114 702 2169 cap.
727 2099 799 2166 ις
830 2107 887 2153 et
906 2097 1181 2154 Heliodor.
1209 2100 1302 2154 lib.
1330 2115 1358 2153 χ
1393 2098 1600 2155 Hister.
1625 2099 1920 2170 ΔλιῐιΙιὲορὲιξ.

344 2186 468 2244 Ιειε⁵
497 2187 719 2259 quidem
750 2186 949 2242 Indica:
973 2196 1103 2241 sunt
1132 2196 1339 2241 statura
1370 2188 1588 2255 canina,
1609 2188 1705 2245 sed
1734 2188 1925 2259 praefe-

339 2288 468 2333 runt
484 2280 721 2347 speciem
746 2278 1133 2333 formicarum:
1155 2276 1442 2344 Thuanus,
1463 2278 1556 2333 lib.
1580 2294 1705 2333 mv
1723 2280 1921 2334 Annal.

339 2369 408 2424 ad
440 2385 646 2423 annum
694 2368 854 2423 1559.
889 2367 1032 2421 Inter
1072 2382 1298 2423 munera
1338 2368 1482 2439 regis
1523 2366 1815 2425 Persarum
1856 2372 1925 2426 ad

338 2459 698 2530 Solymarum
729 2473 892 2514 unam
917 2458 1090 2514 fuisse
1118 2468 1303 2513 narrat
1328 2457 1676 2529 Busbequius
1707 2461 1869 2531 epist.
1892 2461 1924 2516 ι

340 2553 419 2607 De
443 2553 708 2622 legatione
754 2549 963 2605 Turcic.
1026 2548 1230 2606 Forsan
1294 2564 1327 2604 a
1377 2551 1591 2620 populis
1634 2550 1925 2623 Ethiopiaz

341 2643 709 2699 Marmacibus
730 2642 920 2697 leones
948 2639 1170 2696 fuerunt
1186 2641 1475 2706 nominati,
1503 2657 1738 2712 quorum
1761 2660 1925 2715 popu-

339 2736 521 2791 lorum
571 2735 824 2791 meminit
877 2732 1186 2804 Stephanus
1226 2732 1363 2804 Περὶ
1391 2733 1600 2788 πόλεων
1643 2750 1705 2789 ex
1748 2733 1910 2789 Heca-

341 2836 447 2883 taeo
477 2843 491 2879 :
527 2828 671 2883 sicut
695 2825 1059 2897 ἱππομύρμηξ
1081 2826 1221 2895 apud
1244 2823 1580 2893 Lucianum;
1609 2826 1706 2882 sed
1734 2841 1925 2883 cense-

342 2929 431 2976 tur
450 2920 669 2976 ‘animal
702 2920 909 2984 ﬁctum,
941 2927 1001 2974 ut
1025 2917 1401 2985 hircocervus,
1433 2918 1802 2989 tragelaphus,
1838 2919 1922 2973 vel

335 3013 620 3079 chimaera,
654 3012 876 3082 spbimt,
910 3010 1094 3065 latnia.
1135 3008 1487 3081 Septuaginta
1514 2998 1954 3080 interpretesitr

346 3121 463 3176 sap.
497 3121 551 3160 tv
579 3102 684 3159 Job
710 3104 951 3169 laudato,
977 3110 1216 3169 vertunt,
1246 3101 1418 3156 Periit
1445 3102 1524 3156 leo
1558 3102 1943 3183 formicarius,

335 3197 480 3267 quod
539 3211 641 3250 non
702 3194 911 3250 haberet
973 3209 1171 3249 escam.
1225 3192 1464 3250 Sanctus
1504 3193 1797 3265 Gregorius
1846 3194 1922 3249 ibi

337 3287 439 3344 lib.
503 3304 553 3352 v,
611 3303 733 3358 cap.
772 3288 859 3355 15,
913 3301 1139 3357 parvum
1194 3300 1317 3343 esse
1360 3286 1563 3340 animal
1615 3300 1921 3358 myrtneco-

338 3382 555 3437 leonem
592 3388 801 3446 censet,
829 3378 1075 3434 formicis
1104 3376 1386 3442 infestum,
1409 3378 1555 3449 quod
1586 3392 1647 3433 se
1672 3379 1777 3433 sub
1800 3379 1923 3448 pul-

338 3489 463 3529 vere
482 3473 784 3539 abscondit,
806 3486 1009 3543 easque
1043 3469 1318 3526 frumenta
1344 3478 1620 3542 gestantes
1646 3470 1922 3537 interﬁcit,

339 3577 393 3624 et
416 3568 729 3624 interiectas
757 3566 1033 3622 consumit
1065 3565 1221 3634 quasi
1254 3564 1340 3619 leo
1367 3563 1662 3626 devorans,
1685 3573 1742 3618 et
1770 3563 1924 3633 quasi

344 3660 568 3716 formica
591 3660 884 3713 devoratur
904 3657 975 3710 ab
995 3655 1122 3710 aliis
1149 3655 1375 3710 minutis
1403 3654 1797 3711 animantibus.
1826 3654 1926 3709 lsi-

344 3755 479 3809 doro
518 3751 614 3805 lib.
650 3765 722 3804 su
744 3747 968 3818 Δὀινίςιὶιι
997 3760 1127 3816 cap.
1172 3745 1260 3812 15,
1296 3744 1658 3812 Formicaleo,
1689 3753 1745 3801 et
1792 3746 1924 3802 Vin-

344 3843 525 3900 centio
552 3839 928 3895 Bellovacens.
960 3836 1055 3890 lib.
1095 3851 1184 3893 xv:
1211 3834 1532 3902 Doetrinal.,
1561 3850 1681 3905 cap.
1717 3835 1840 3899 U7,
1872 3844 1927 3891 et

343 3936 398 3990 in
457 3933 744 3989 Petaviana
801 3928 1130 3984 bibliotheca
1188 3936 1359 3997 poetae
1426 3925 1694 3992 Barbare,
1764 3942 1923 3981 num.

345 4026 525 4090 1544‘;
557 4023 649 4077 alii
706 4021 915 4075 dictum
958 4019 1034 4077 ita
1073 4019 1390 4088 opinantur,
1443 4017 1570 4087 quia
1609 4017 1855 4074 nascitur
1896 4033 1927 4071 e

332 4117 576 4173 formica
611 4124 665 4170 et
698 4116 871 4180 leone,
892 4110 1223 4167 animalculo
1251 4124 1464 4180 nempe,
1499 4109 1587 4164 cui
1608 4120 1691 4164 est
1718 4110 1925 4179 species

345 4208 581 4266 .eonina.
621 4205 879 4259 Eustath.
929 4203 983 4257 in
1021 4199 1382 4255 Hexaemeron
1430 4201 1513 4255 bis
1562 4208 1923 4265 memoratur,

344 4308 533 4358 sancto
564 4295 916 4366 Hieronymo,
960 4293 1075 4347 sive
1102 4291 1317 4347 auctori
1359 4291 1441 4359 (si
1476 4291 1603 4361 quis
1633 4292 1774 4346 alius
1805 4292 1925 4360 est)

342 4390 587 4462 epistolae
623 4388 689 4442 ad
720 4384 1047 4441 Presidium
1087 4384 1155 4438 de
1183 4398 1347 4437 cereo
1380 4382 1629 4437 Paschal.
1662 4380 1737 4436 De
1776 4398 1924 4453 myro

2025 1916 2327 1972 Monastica
2358 1916 2769 1976 exercitatione,
2796 1929 2927 1985 pag.
2968 1914 3068 1971 ‘86.
3121 1914 3299 1972 Edidit
3331 1913 3609 1971 Patricius

2022 2004 2224 2063 Junius
2271 2007 2532 2063 Catenam
2572 2006 2891 2062 Graecorum
2926 2006 3148 2061 Patrum
3180 2006 3232 2061 in
3258 2007 3459 2063 Jobum
3493 2009 3608 2062 col-

2018 2102 2223 2156 lectam
2253 2113 2284 2153 a
2317 2098 2529 2164 Niceta,
2556 2112 2788 2168 eamque
2839 2098 3074 2153 reddidit
3112 2096 3303 2155 Latine
3324 2113 3342 2164 ς
3376 2097 3609 2154 Londini

2019 2192 2205 2251 lucem
2233 2191 2449 2261 aspexit
2471 2190 2595 2253 illa;
2629 2189 2699 2243 ibi
2734 2205 2786 2257 ρ.
2812 2188 2942 2251 tibi,
2979 2204 3008 2242 e
3030 2187 3156 2242 Nilo
3185 2188 3299 2245 Ita-c
3323 2189 3610 2259 proferun-

2026 2293 2118 2339 tnr
2149 2301 2165 2338 :
2194 2283 2351 2353 Τάχα
2372 2281 2429 2335 δὲ
2469 2280 2562 2334 καὶ
2590 2283 2621 2333 ὁ
2654 2280 2831 2350 μέγας
2861 2278 2995 2332 ’Ἰὼϐ
3017 2279 3143 2334 καθ’
3168 2280 3361 2335 ἑαυτὸν
3392 2282 3608 2351 φιλοσο-

2025 2372 2145 2444 φῶν
2174 2360 2417 2426 τοιοῦτόν
2454 2386 2577 2424 τινα
2608 2372 2941 2425 αινίττεταιο
2973 2370 3229 2427 Forsitan
3259 2388 3378 2427 rere
3413 2382 3465 2428 et
3493 2389 3609 2429 ma-

2010 2481 2159 2537 gnus
2197 2462 2300 2520 Job
2341 2462 2414 2517 ad
2442 2462 3077 2533 seipsumplr‘ilosophaus
3101 2464 3466 2533 hujuscemodi
3501 2467 3609 2520 ali-

2012 2571 2179 2627 quem
2233 2554 2453 2609 obscure
2494 2554 2764 2624 designat,
2798 2562 2920 2609 'etc.
2970 2552 3362 2625 Adiunguntur
3389 2555 3606 2621 etiista,

2025 2660 2148 2716 quae
2177 2644 2377 2701 desunt
2405 2643 2458 2698 in
2484 2645 2860 2714 manuscripto
2886 2644 3184 2701 Barberino
3208 2643 3612 2715 Codice,atque

2027 2737 2083 2793 in
2116 2737 2358 2793 editione
2405 2752 2548 2803 mea,
2578 2755 2629 2807 p.
2660 2738 2750 2800 57,
2781 2750 2905 2807 post
2949 2736 3269 2802 ὀπλίζουσαι
3323 2737 3466 2792 κατὰ
3506 2738 3611 2808 τῆς

2023 2830 2222 2902 ψυχῆς,
2256 2829 2353 2885 sed
2377 2829 2797 2885 illicabundant
2820 2828 2992 2883 ταῦτα
3017 2830 3074 2883 δὲ
3103 2830 3203 2900 οὐχ
3227 2829 3304 2894 ὡς
3326 2829 3424 2884 τοῦ
3453 2829 3610 2884 ’Ἑλί-

2027 2922 2137 2990 φαζ
2162 2921 2307 2976 οὕτω
2339 2923 2635 2994 νοήσαντος
2671 2923 2781 2989 (ισ.
2812 2920 3128 2991 νοήσαντες)
3188 2922 3608 2993 ὲθεωρήσαμεν,
3714 2962 3717 2965 .

2027 3014 2142 3070 ἀλλ’
2167 3014 2244 3078 ὼς
2274 3013 2591 3083 δυναμένων
2623 3013 2731 3067 τῶν
2759 3014 3024 3084 ῥημάτων
3066 3016 3159 3068 καὶ
3193 3015 3331 3087 πρὸς
3377 3015 3609 3086 ἀλληγο-

2017 3105 2153 3176 ’ρεαν
2194 3103 2520 3175 τρέπεσθαι,
2560 3102 2689 3156 ὅταν
2732 3104 2774 3173 »ἡ
2804 3102 2976 3173 ιεχρέῐα
3004 3103 3235 3174 καλέσῃο
3270 3106 3364 3158 καὶ
3405 3104 3516 3177 γὰρ
3554 3106 3607 3162 οἱ

2021 3195 2379 3266 παλαιότεροι
2422 3196 2491 3265 τῇ
2528 3192 2737 3265 θεωρίᾳ
2788 3194 3267 3264 ὲχρήσαντοίκαὶ
3315 3213 3609 3268 μυρμηκο-

2016 3287 2217 3342 -λέοντα
2265 3287 2359 3342 τὸν
2405 3285 2652 3340 διάϐολον
2684 3284 2955 3355 -ὲνόησαν,
3012 3285 3202 3357 ἐπειδὴ
3254 3288 3428 3357 μικρά
3484 3305 3610 3343 τινα

2026 3377 2663 3453 προίσ1παρασκευάζων
2696 3378 3053 3450 ἁμαρτάνειν,
3084 3379 3180 3433 καὶ
3208 3379 3482 3451 λαβραίως
3506 3382 3610 3437 ὑπ-

2027 3470 2236 3538 εισιὼν,
2258 3472 2338 3533 εἰς
2363 3470 2577 3540 μεγάλα
2601 3469 2828 3539 τελευτᾷ
2857 3468 3052 3533 ἐθίζων
3068 3476 3459 3543 καταφρονεῖν.
3486 3491 3611 3545 (μω

2031 3560 2103 3615 ita
2129 3559 2325 3614 Latina
2354 3567 2507 3613 veste
2535 3557 3067 3613 amicirecontendi.
3092 3557 3218 3612 'lsta
3244 3576 3369 3614 vero
3406 3578 3507 3616 non
3547 3574 3608 3618 ut

2030 3651 2254 3721 Elipltas
2308 3650 2570 3705 intellexit
2605 3650 2721 3717 (aut
2750 3650 3049 3705 secundum
3087 3650 3250 3706 aliam
3296 3653 3607 3721 lectionem,

2029 3742 2401 3815 intelligentes)
2422 3742 2767 3811 dispeximtts,
2790 3758 2968 3796 rerum
2990 3745 3277 3798 secundum
3306 3762 3464 3816 quant
3487 3762 3613 3816 pos-

2028 3844 2152 3890 sunt
2187 3834 2341 3889 verba
2367 3835 2420 3888 in
2460 3833 2800 3903 aliegoricum
2830 3837 3328 3901 sensum'converti,
3354 3839 3611 3908 quando-

2028 3943 2230 3999 cunque
2263 3942 2387 3981 usus
2434 3930 2703 3997 exegerit;
2736 3928 2926 3980 etenim
2978 3930 3301 3997 antiquiores
3354 3932 3437 3985 nsi
3488 3944 3612 3988 sunt

2026 4020 2401 4090 speculatione.
2442 4034 2505 4071 ac
2548 4018 3040 4088 myrmeco~leonem
3085 4021 3357 4075 diabolum
3381 4024 3609 4079 .intelle-

2022 4122 2256 4177 atertmt;
2277 4111 2532 4182 siquidem
2553 4121 2827 4180 postquam
2856 4111 3176 4179 disposuerit
3205 4114 3275 4166 ad
3290 4117 3611 4182 peccandum

2029 4205 2087 4258 in
2114 4204 2318 4275 exiguis
2340 4202 2674 4273 quibusdam,
2700 4203 2839 4255 ciant
2866 4218 2987 4256 mox
3008 4204 3394 4262 subintrartstin
3417 4224 3613 4279 magna

2029 4295 2253 4352 devolvit
2282 4293 2639 4363 assuefaeiens
2667 4293 2737 4346 ad
2764 4294 3217 4350 contemnendum.
3257 4295 3424 4353 ‘Jnsta
3473 4299 3612 4355 Pro-

2029 4386 2179 4442 verb.
2209 4399 2330 4455 cap.
2356 4400 2518 4450 tvm,
2560 4400 2621 4438 v.
2677 4383 2734 4450 3,
2762 4382 2999 4452 slmpius,
3034 4401 3151 4439 cum
3190 4386 3245 4442 in
3274 4389 3611 4458 profundum

342 4482 661 4538 mecoleone
706 4477 892 4532 Damir
932 4475 1108 4528 Arabs
1144 4476 1212 4529 de
1265 4471 1544 4527 formicar.
1586 4472 1869 4542 speciebus
1906 4488 1921 4525 ε
1959 4479 2001 4535 D
2030 4480 2223 4535 uerterit
2277 4486 2636 4548 peccatorum,
2684 4478 3002 4533 contemnit.
3048 4476 3249 4549 itaque
3313 4480 3417 4535 ista
3477 4481 3611 4536 sub-

342 4578 476 4629 Ante
500 4573 618 4644 (ait)
662 4570 763 4633 leo,
801 4568 1025 4638 formica
1066 4574 1229 4619 retro.
1263 4562 1390 4620 Ursi
1429 4563 1731 4618 formicarii
1756 4563 1923 4634 ‘quod

340 4669 505 4724 edant
526 4664 784 4719 formicas
809 4659 951 4731 apud
975 4657 1140 4713 Indos
1160 4656 1626 4722 Occidentales,et
1651 4656 1794 4725 apud
1826 4670 1926 4710 nos

340 4750 748 4828 nuncupantur,
784 4752 1027 4821 Scaliger
1056 4750 1108 4804 in
1134 4748 1443 4804 Cardanum
1471 4746 1756 4803 exercitat.
1784 4747 1923 4814 illi;

342 4848 547 4904 Elian.
583 4846 673 4900 lib.
710 4861 784 4910 vr,
838 4858 961 4912 cap.
1007 4842 1059 4896 '5.
1102 4840 1182 4894 Ad
1230 4839 1477 4893 notitiam
1528 4839 1926 4910 myrmecoleo—

340 4956 474 4996 num
500 4941 783 5007 hucusque
806 4943 915 4989 tam
937 4948 1002 4988 ex
1024 4930 1397 4993 Aldrovando,
1415 4944 1579 4999 quam
1604 4945 1634 4985 e
1655 4929 1928 4985 Bocharto

340 5039 595 5101 excerpta
655 5031 757 5082 ista
819 5025 953 5080 satis
1007 5024 1138 5079 sint.
1189 5021 1270 5076 Es
1332 5022 1435 5076 hoc
1482 5020 1923 5083 tamenaddam,

341 5122 793 5196 Olympiodorum
827 5116 1007 5173 inlob
1038 5114 1298 5171 arbitrari
1335 5129 1442 5169 non
1474 5127 1597 5169 esse
1624 5112 1678 5167 id
1719 5112 1924 5167 animal

342 5220 764 5289 (proptereaque
814 5210 1118 5265 Boehartus
1165 5208 1306 5262 inter
1359 5204 1607 5260 fabulosa
1651 5203 1925 5259 recensuit

342 5308 621 5377 animalia)
651 5307 808 5377 juxta
846 5301 1153 5364 historiam,
1184 5300 1277 5356 sed
1313 5314 1344 5353 e
1378 5296 1783 5367 compositione
1821 5310 1920 5351 vo-

340 5418 467 5458 cum
499 5401 706 5471 eliingi;
730 5408 784 5454 et
802 5396 1061 5466 Eulogius
1081 5390 1506 5454 Alexandrinus,
1537 5389 1708 5446 lib.“
1730 5389 1786 5442 in
1811 5387 1924 5442 No-

341 5499 542 5551 vatian.
581 5495 722 5565 apud
754 5491 1006 5547 Photium
1038 5489 1091 5543 in
1132 5486 1485 5548 Bibliotheca,
1517 5482 1793 5538 diabolum
1825 5498 1923 5537 ex-

343 5590 497 5661 ponit
520 5586 826 5658 allegorice,
856 5584 947 5654 qui
980 5583 1123 5652 rugit
1145 5578 1442 5635 adveniens
1467 5575 1544 5631 uti
1575 5576 1684 5639 leo,
1714 5575 1923 5647 pudore

343 5681 588 5739 suﬁusus
617 5678 846 5737 discedit
878 5677 1033 5746 quasi
1070 5673 1328 5736 formica,
1354 5671 1621 5740 peritque,
1652 5670 1707 5725 in
1743 5668 1921 5724 homi-

346 5775 510 5830 nibus
532 5788 639 5828 non
677 5769 959 5826 inveniens
998 5780 1204 5821 escam.
1241 5760 1477 5817 Sanctus
1498 5758 1918 5847 Augustinusin

2017 4577 2249 4624 nectere
2295 4567 2473 4621 visum
2524 4575 2653 4621 est:
2709 4575 2764 4621 tu
2796 4576 3042 4623 catenam
3081 4567 3226 4621 illam
3255 4568 3514 4630 consule.
3561 4569 3607 4624 si

2020 4657 2402 4728 ‘Pnlychronii,
2458 4657 2552 4725 qui
2604 4657 2826 4711 nomine
2877 4657 3356 4727 myrmeco—Ieonis
3408 4656 3608 4714 Jobunt

2030 4750 2208 4820 ipsum
2235 4758 2389 4818 putat
2408 4748 2679 4811 trindicari,
2704 4747 3099 4819 expositionem
3136 4749 3318 4805 adhuc
3349 4752 3606 4822 requiris.

2028 4842 2099 4895 At
2129 4856 2197 4894 ne
2223 4841 2357 4910 quid
2386 4839 2576 4894 nimis.
2606 4830 2689 4894 λιι
2716 4854 2841 4911 cap.
2878 4840 2969 4906 54,
3000 4840 3175 4912 cuius
3229 4838 3448 4897 initium
3501 4854 3606 4900 est.

2017 4928 2360 4991 -msw'r:ixte
2398 4928 2634 4998 δεηθείς,
2680 4929 2733 4985 id
2774 4931 3101 5000 estvstapius
3154 4948 3346 4998 orans;
3374 4932 3611 4990 refertur

2028 5020 2258 5090 epistola
2285 5020 2415 5085 266,
2448 5020 2629 5076 lib.~m
2662 5020 2871 5083 Allatii,
2902 5037 3025 5091 quae
3062 5023 3315 5095 dirigitur
3343 5023 3606 5080 Adriano.

2029 5109 2261 5180 Adtcap.
2304 5110 2395 5175 55,
2430 5108 2764 5173 inchoatum,
2795 5109 3112 5175 Καθεύδεις,
3145 5111 3198 5166 id
3229 5121 3334 5176 est,
3381 5113 3609 5181 dormis,

2012 5202 2412 5271 tepistola'3l7,
2438 5201 2529 5256 lib.
2572 5217 2631 5256 tn
2670 5202 2835 5257 Allat.
2877 5203 3086 5273 absque
3120 5203 3499 5275 inscriptione.
3525 5208 3610 5263 Ad

2028 5311 2150 5369 cap.
2178 5294 2443 5365 56,.quod
2475 5294 2686 5366 incipit,
2717 5296 2793 5348 Οὐ
2846 5296 3007 5366 μόνον
3064 5302 3522 5369 γαστριμαργεῐν,
3555 5301 3606 5354 id

2027 5396 2260 5453 est,.non
2309 5386 2480 5440 solum
2514 5387 2639 5457 gula
2675 5384 2960 5455 indulgere,
2990 5388 3149 5458 epist.
3180 5389 3270 5453 46,
3296 5390 3387 5445 lib.
3419 5405 3477 5447 ιιι
3515 5393 3609 5445 Al-

2029 5478 2124 5532 lat.
2158 5477 2364 5532 directa
2410 5475 2631 5533 Gelasio
2674 5476 2967 5532 monacho.
3008 5475 3337 5532 Possim-26.
3365 5481 3444 5532 Ad
3482 5495 3604 5548 cap.

2028 5570 2195 5635 3,7,1)
2221 5569 2434 5640 ἡνίοχος
2457 5568 2604 5634 νοῦς,
2634 5568 2689 5623 id
2723 5577 2824 5631 est,
2855 5584 2999 5623 mens
3022 5570 3227 5639 auriga,
3246 5570 3407 5640 epist.
3444 5569 3608 5625 Allat.

2027 5662 2154 5723 268.
2187 5663 2224 5715 Ι.
2253 5676 2336 5719 ιιι.
2372 5660 2453 5719 Ad
2482 5676 2603 5731 cap.
2651 5660 2740 5724 58,
2775 5661 2889 5715 Οὐκ
2928 5659 3075 5714 ἐστιν
3118 5660 3384 5730 ἁμαρτία,
3416 5660 3467 5714 id
3506 5671 3615 5720 est.

2020 5768 2133 5810 non
2165 5764 2254 5831 (est
2292 5765 2593 5828 peccatum,
2633 5754 2796 5826 epist.
2828 5752 2919 5822 99,
2966 5753 3004 5808 ι.
3040 5769 3076 5808 ιι
3124 5752 3290 5807 Allat.
3328 5748 3627 5815 Charini
