3998 6214
498 176 635 261 1:153

1435 171 1583 263 JOb‘.
1621 166 1886 228 MARI/E
1927 164 2287 227 SUARESII
2326 162 2831 224 DISSEBTATIO

3616 162 3761 227 1360

496 292 771 347 monacho
804 290 1083 359 inscripta.
1115 285 1325 341 Pus-sin.
1351 286 1474 341 216.
1518 287 1595 338 Ad
1640 300 1758 355 cap.
1795 285 1883 349 59,
1918 285 2066 347 Ἴσως

2181 292 2295 335 tum
2330 290 2411 335 εει
2447 298 2459 333 :
2495 279 2708 341 ’Ἄλλως
2730 277 2888 347 γὰρό
2917 276 3199 348 τεχνῖτης,
3251 279 3345 332 καὶ
3375 276 3549 341 ἄλλως
3586 279 3616 331 ὁ
3661 280 3764 332 ἀν-

490 384 747 453 ᾶγνοεῖς;
788 380 935 433 Anne
984 380 1238 450 ignoras?
1285 376 1449 449 epist.
1475 378 1636 431 Allat.
1682 376 1805 440 5t8,
1840 372 1935 430 lib.
1974 389 2061 442 ιιι,

498 476 704 544 absque
728 472 902 527 titulo.
940 471 1018 525 Ad
1045 472 1113 525 40
1136 486 1252 541 cap.
1306 469 1433 523 Ἐὰν
1462 470 1642 543 γλίχῃ,
1670 468 1723 523 id
1758 477 1859 533 est,
1896 468 1943 523 si
1982 467 2065 522 lu-

500 568 639 629 beat,
684 563 842 633 epist.
891 562 1057 616 Allat.
1088 562 1214 626 286,
1262 561 1352 615 lib.
1397 576 1477 626 ιιι,
1519 576 1713 615 carens
1749 558 2063 629 epigraphe.

498 659 578 712 Ad
619 672 738 726 cap.
788 657 875 720 41,
901 656 1159 726 Μεγάλην
1196 657 1228 724 ἡ
1271 655 1569 725 προσευχὴ,
1598 653 1649 708 id
1682 661 1785 718 est,
1817 668 2066 721 magnam

500 751 691 810 oratio,
745 749 904 816 epist.
954 747 1079 811 519,
1110 746 1206 800 lib.
1241 761 1300 800 tu
1328 745 1491 799 Allat.
1543 744 1621 797 A-I
1669 759 1787 813 cap.
1830 743 1921 806 42,
1950 743 2066 813 Οὐχ

491 840 705 904 ’ἀπλῶς,
741 840 793 894 id
829 849 929 903 est,
961 854 1063 891 non
1116 837 1441 905 simpliciter.
1492 836 1649 904 epist.
1690 833 1815 896 520,
1866 832 1961 889 lib.
2008 846 2068 887 tu

498 932 740 1001 ejusdem
764 930 923 984 Allat.
954 930 1033 982 Ad
1057 944 1176 997 Cap.
1203 928 1293 992 45,
1317 927 1523 996 Μέχρις
1559 926 1624 978 ἂν
1653 925 1739 989 σύ,
1768 926 1817 978 id
1846 935 1946 987 εει,
1975 925 2071 975 do-

486 1039 592 1076 'nec
621 1032 697 1082 tu,
724 1022 883 1090 epist.
916 1019 1041 1081 272,
1073 1018 1168 1072 lib.
1200 1017 1433 1086 cjusmet
1470 1016 1629 1069 Allat.
1654 1015 1856 1069 directa
1894 1013 2070 1067 Pauli-

504 1128 574 1168 no
596 1113 914 1175 domestico,
949 1110 1162 1166 Possin.
1188 1106 1319 1162 204.
1347 1109 1425 1163 Ad
1460 1122 1575 1177 cap.
1610 1108 1697 1167 44,
1728 1106 2072 1177 Μὴάποναί-

503 1220 618 1265 νου,
656 1202 707 1256 id
739 1209 844 1263 est,
876 1216 937 1254 ne
971 1199 1289 1266 subterfuge,
1314 1197 1473 1266 epist.
1506 1197 1625 1249 sine
1641 1194 1798 1248 titulo
1819 1194 1945 1256 521,
1974 1193 2067 1246 lib.

490 1305 560 1346 ·ιιι
590 1291 751 1345 Allat.
785 1289 865 1343 Ad
899 1303 1017 1357 cap.
1050 1286 1139 1349 49,
1173 1287 1382 1355 Ὥσπερ
1427 1288 1475 1337 οἱ
1524 1283 1984 1355 εἰσπορευόμενοι,
2018 1282 2070 1336 id

490 1390 609 1441 est,
637 1380 772 1432 sicut
822 1375 1187 1447 ingredientes,
1224 1374 1384 1444 epist.
1425 1372 1550 1435 522,
1582 1373 1675 1427 lib.
1708 1387 1771 1425 ιιι
1800 1371 1965 1425 Allat.
1989 1370 2069 1426 Ad

490 1486 618 1538 cap.
645 1468 735 1532 46,
766 1468 878 1521 Οὐκ
906 1467 1050 1519 ἔστιν
1072 1464 1310 1532 εὔλογον,
1331 1464 1383 1519 id
1400 1472 1503 1529 εει,
1520 1480 1623 1516 ιιοιι
1643 1472 1718 1517 est
1741 1463 1934 1519 rationi
1956 1478 2073 1515 catt-

490 1571 825 1617 sentaneum,
849 1557 1005 1627 epist.
1033 1556 1191 1610 Allat.
1217 1556 1341 1621 520,
1369 1556 1463 1609 lib.
1489 1571 1571 1608 ιιι.
1598 1553 1676 1608 Ad
1700 1569 1819 1624 cap.
1846 1554 1935 1617 47,
1959 1554 2072 1607 Κα-

2118 386 2123 393 ·
2170 375 2510 445 επιστήμων,
2542 389 2635 428 seu
2656 372 2878 443 ἄτεχνος
2898 410 2914 435 ,
2944 372 3117 442 κρίνει
3144 372 3210 425 τὰ
3231 375 3327 443 τῆς
3353 374 3569 443 τέχνης·
3590 373 3757 427 Aliter

2175 470 2368 539 quippe
2404 467 2626 534 artifex,
2660 477 2711 518 et
2746 465 2908 517 aliter
2943 465 3044 516 tiro
3087 466 3219 517 artis
3258 465 3462 518 nescius
3490 464 3763 532 dijudiatt

2177 575 2261 623 ea,
2301 574 2421 628 quia
2459 558 2527 610 ad
2571 566 2739 610 artem
2763 565 3024 625 spectant.
3066 554 3312 624 Denique
3341 556 3583 610 occurrit
3622 556 3763 609 mihi

2172 648 2440 702 Allatiana
2463 646 2568 701 216
2595 645 2843 715 epistola,
2876 645 2969 698 lib.
3007 660 3067 708 tt,
3096 645 3256 713 cujus
3287 645 3535 712 initium,
3564 644 3765 697 Πολλοὶ

2174 740 2284 793 τῶν
2327 740 2384 792 ὲν
2424 739 2667 808 θαλάσσῃ
2696 736 3135 807 χειμαζομένων,
3171 746 3301 803 etc.,
3351 737 3402 790 id
3443 746 3557 801 est,
3594 736 3763 790 Multi

2175 846 2376 894 eorum,
2416 824 2506 899 qui
2543 835 2845 895 tempestate
2873 827 3149 895 agitantur
3176 828 3230 879 in
3262 825 3484 896 pelago;
3521 843 3765 897 qumque

2176 921 2243 974 ad
2290 918 2588 974 Zenobium
2636 918 2868 986 legatum
2920 917 3216 987 dirigitur:
3248 933 3311 971 ea
3357 934 3487 972 vero
3538 921 3765 973 videtur

2176 1010 2448 1079 exscripta
2478 1024 2509 1063 e
2530 1009 2709 1078 capite
2736 1009 2804 1061 64
2827 1007 3117 1063 'l‘ractatus
3142 1008 3366 1072 laudati,
3390 1010 3482 1062 ubi
3516 1026 3641 1078 pag.
3690 1013 3763 1064 7:

2179 1102 2293 1157 haec
2322 1100 2473 1157 tuere
2506 1103 2730 1169 scripta,
2764 1101 2821 1153 El
2857 1101 2967 1171 γὰρ
2994 1102 3051 1153 ἐν
3078 1100 3321 1171 Θαλάσσῃ
3354 1101 3613 1163 πλέοντες
3646 1121 3761 1171 χει-

2181 1192 2497 1262 μαζόμενοι,
2537 1192 2587 1246 id
2621 1200 2735 1256 est,
2780 1192 2836 1245 Si
2891 1208 3114 1261 namque
3154 1193 3206 1244 in
3250 1193 3389 1244 mari
3443 1195 3763 1261 navigantes

2176 1284 2411 1354 procella
2440 1284 2659 1350 iactati,
2692 1293 2797 1339 etc.
2830 1284 2989 1338 Certe
3019 1292 3113 1337 aut
3139 1284 3338 1352 aliquis
3355 1298 3418 1338 ex
3444 1286 3562 1338 istis
3595 1290 3761 1338 schr-

2178 1377 2263 1430 dis
2285 1415 2299 1441 ,
2331 1375 2415 1429 vel
2447 1374 2725 1445 Epistolis,
2744 1391 2879 1444 aqua:
2903 1374 3023 1429 Nilo
3049 1384 3240 1428 nostro
3269 1389 3369 1444 pro
3399 1375 3565 1429 variis
3593 1390 3762 1429 occa-

2179 1465 2427 1522 sionibus
2475 1465 2662 1520 subito
2691 1464 2899 1528 causai,
2934 1465 3137 1535 impetu
3170 1472 3334 1533 atque
3360 1464 3536 1519 calore
3575 1464 3762 1518 ﬂuxe-

2180 1564 2330 1622 runt,
2364 1566 2419 1611 et
2445 1555 2767 1611 exciderunt
2795 1556 2861 1610 ad
2886 1556 3089 1619 varios,
3111 1556 3256 1609 nulla
3281 1566 3614 1625 temporum,
3642 1559 3761 1609 sive

505 1653 675 1720 μάτου
705 1648 947 1720 χρῄζεις,
966 1649 1231 1717 praevertit
1255 1656 1301 1700 te
1324 1645 1561 1708 morbus,
1579 1646 1737 1715 epist.
1764 1645 1926 1700 Allat.
1947 1644 2066 1711 526,

2179 1647 2507 1717 dignitatum
2543 1647 2724 1702 habita
2776 1647 3020 1713 ratione,
3054 1646 3183 1702 dum
3234 1649 3320 1702 vir
3363 1656 3593 1702 sanctus
3642 1648 3761 1702 zelo

499 1745 659 1817 633
700 1744 921 1798 ibidem.
954 1740 1036 1796 Ad
1066 1754 1185 1807 cap.
1222 1738 1313 1803 48,
1349 1739 1411 1790 Εἰ
1441 1738 1489 1789 ol
1520 1735 1737 1808 ἐχθροί,
1785 1735 1838 1790 id
1879 1744 1995 1803 est,
2024 1737 2069 1789 si

500 1840 706 1899 Itastes,
741 1835 901 1904 epist.
935 1848 1056 1903 quae
1086 1830 1341 1901 Aquilino
1376 1828 1693 1883 inscribitur
1723 1827 1864 1895 275,
1897 1828 1971 1883 lib
2008 1843 2069 1883 ιιι

500 1929 659 1982 Allat.
709 1935 765 1979 at
806 1923 1021 1979 Possint.
1052 1921 1178 1977 209.
1209 1921 1291 1976 Ad
1330 1934 1450 1986 cap.
1486 1920 1577 1983 49,
1629 1918 1764 1989 Πρὶν
1804 1919 1982 1972 ἐκεῖνο
2008 1916 2070 1971 sb

501 2016 793 2087 φρικῶδες,
826 2014 877 2069 id
913 2024 1026 2077 est,
1059 2021 1339 2081 antequam
1377 2006 1701 2063 tremendum
1734 2008 1891 2078 epist.
1939 2007 2064 2063 525.

500 2109 770 2164 Allat'tana
805 2106 958 2159 ittibi.
990 2104 1070 2157 Ad
1104 2118 1221 2172 cap.
1254 2102 1344 2167 50,
1385 2100 1567 2172 Μηδὲν
1589 2099 1698 2153 τῶν
1729 2099 2068 2170 φαινομένων

502 2203 562 2254 ὲν
603 2198 683 2269 τῷ
714 2199 965 2269 παρόντι,
1016 2197 1068 2252 id
1120 2204 1221 2260 est,
1271 2196 1403 2249 nihil
1446 2194 1812 2265 apparentium
1844 2194 1896 2247 in
1929 2208 2066 2261 pra:-

500 2292 660 2353 senti,
695 2290 854 2359 epist.
886 2286 1009 2353 526,
1041 2287 1247 2356 absque
1270 2284 1645 2356 inscriptione,
1679 2282 1774 2338 lib.
1810 2298 1871 2338 ιιι
1901 2284 2065 2338 Allat.

489 2382 591 2449 qui
627 2382 755 2450 legit
786 2381 842 2433 ὲν
883 2378 962 2449 τῷ
990 2376 1319 2447 φαινομένῳ.
1369 2375 1451 2430 Ad
1485 2390 1609 2445 cap.
1663 2376 1752 2441 51,
1800 2374 2067 2429 Οὐδέποτε

498 2474 580 2524 δεῖ
596 2472 809 2540 ἀργεῖν,
835 2469 884 2523 id
908 2477 1012 2533 est,
1035 2482 1303 2538 nunquam
1324 2473 1525 2535 oportet
1547 2466 1728 2520 otiari.
1756 2466 1918 2536 epist.
1942 2464 2065 2531 166,

497 2567 595 2621 lib.
618 2582 689 2620 tu
723 2565 886 2619 Allat.
923 2565 1130 2619 directa
1166 2561 1326 2618 Petro
1358 2560 1645 2624 monacho,
1687 2560 1904 2617 Possin.
1940 2562 2063 2617 118.

500 2658 578 2710 Ad
613 2671 734 2725 cap.
764 2656 851 2717 52,
881 2655 1187 2725 Τόλμησον,
1220 2653 1272 2708 id
1303 2662 1409 2718 est,
1438 2652 1593 2717 aude,
1626 2651 1790 2707 Allat.
1829 2653 1948 2707 sine
1997 2652 2069 2706 ti-

501 2748 613 2802 tulo
647 2748 806 2815 epist.
840 2746 962 2811 527,
1000 2747 1096 2802 lib.
1134 2760 1216 2801 ιιι.
1248 2745 1331 2801 Ad
1364 2748 1692 2808 extremum,
1723 2760 1844 2815 quae
1880 2746 1932 2800 in
1970 2760 2067 2799 co-

479 2839 621 2893 .diee
655 2838 954 2892 Barbcrino
982 2839 1194 2893 locatur
1231 2845 1428 2907 quarto
1460 2836 1603 2900 loco,
1634 2836 1819 2909 Εὐχή,
1868 2838 1918 2893 id
1954 2845 2067 2905 est,

475 2931 693 2993 oratio,
728 2938 780 2983 et
825 2929 1106 2983 constituit
1143 2937 1309 2997 caput
1356 2928 1443 2983 55.
1481 2926 1611 2996 Ejus
1640 2928 1927 2986 exordium
1960 2937 2068 2997 est,

496 3021 729 3095 Βοηθός,
764 3020 949 3085 idest,
986 3018 1222 3090 adjutor,
1248 3018 1479 3076 Allatius
1508 3034 1626 3075 eam
1658 3020 2071 3091 comprehendit
2100 2997 2143 3056 θ
2177 3014 2417 3074 lsidorus
2472 3018 2746 3075 Pelusiota
2801 3018 3110 3077 Theodosio
3164 3020 3486 3091 imperatori
3568 3026 3758 3079 scribit
3866 3072 3867 3087 χ

2173 3109 2336 3179 epist.
2369 3109 2461 3174 55,
2496 3110 2587 3163 lib.
2623 3124 2662 3171 ι,
2703 3109 2766 3165 de
2803 3110 3155 3181 dispergendis
3197 3111 3403 3180 opibus,
3434 3114 3613 3181 deque
3640 3116 3758 3168 abs-
3864 3150 3865 3167 η

502 3119 555 3169 iu
615 3114 843 3181 epistola
886 3112 1026 3178 256,
1079 3127 1201 3183 qum
1249 3111 1371 3166 Nilo
1421 3111 1737 3182 presbytero
1786 3111 2067 3182 dirigitur,

498 3208 596 3264 lib.
627 3222 706 3260 ιιι.
739 3205 1023 3275 Simulque
1048 3203 1404 3260 consarcinat
1439 3204 1547 3260 duo
1568 3204 1751 3275 capita
1785 3204 1897 3270 illa,
1927 3205 2072 3260 sicut

500 3304 555 3348 et
605 3293 875 3347 Possiuus
925 3294 1085 3361 epist.
1137 3294 1201 3347 ad
1254 3293 1505 3349 eumdem
1556 3294 1736 3349 Nilum
1786 3295 2070 3366 presbyte-

496 3401 622 3442 rum
668 3384 787 3450 168,
822 3400 942 3454 qua:
976 3386 1186 3455 incipit,
1224 3386 1416 3451 Οὐδεὶς
1445 3387 1853 3458 ταπεινότερος,
1877 3403 2070 3458 quem-

499 3476 793 3534 admodum
825 3489 881 3535 et
914 3477 1186 3533 Allatiana
1210 3518 1223 3543 ,
1259 3479 1336 3532 uti
1372 3480 1760 3550 pramotabam.
1810 3479 1928 3535 Non
1977 3480 2070 3536 de—

497 3580 660 3625 erunt
687 3580 961 3626 emunctae
995 3572 1144 3625 naris
1173 3571 1443 3637 homines,
1479 3583 1533 3626 et
1565 3572 1767 3641 quibus
1797 3587 1962 3628 nasus
1984 3580 2068 3628 est

497 3662 903 3729 rhinocerotis,
950 3662 1043 3730 qui
1091 3661 1353 3715 damnent
1395 3676 1569 3716 meam
1619 3663 1975 3734 περιεργίαν,
2012 3671 2067 3718 ει

499 3753 810 3822 improbum
845 3753 1086 3807 laborem
1130 3761 1189 3805 ttt
1227 3751 1472 3805 inutilem
1503 3762 1825 3807 aversentur
1853 3752 1904 3806 in
1934 3767 2067 3807 con-

498 3844 737 3898 ferendis
772 3843 891 3897 istis
919 3842 1207 3912 Epistolis;
1246 3850 1299 3895 et
1328 3841 1492 3911 hujus
1516 3840 1765 3911 Epistula:
1792 3843 2066 3898 continua:

497 3932 894 4002 quinquaginta
959 3932 1135 3985 tribus
1190 3930 1497 4000 capitibus,
1579 3930 1820 3986 codicem
1874 3941 2065 3987 nactus

497 4022 676 4077 fuerat
709 4020 972 4077 Pessinus
1015 4022 1069 4075 in
1105 4021 1433 4077 bibliotheca
1470 4020 1742 4087 Medicaea,
1790 4022 2064 4092 Epistola-

498 4131 639 4180 rum,
694 4129 834 4185 quas
882 4114 1067 4168 emisit
1124 4114 1178 4167 in
1239 4114 1414 4168 lucem
1465 4127 1610 4168 anno
1672 4112 1830 4179 1657,
1888 4112 2059 4169 Paris.

497 4204 674 4257 Alium
719 4204 1037 4273 ampliorem
1084 4203 1195 4257 Leo
1236 4204 1509 4269 Allatius,
1571 4219 1695 4260 cum
1752 4219 1918 4275 vagas
1979 4203 2055 4259 di.

498 4310 846 4364 spersasque,
895 4295 1141 4360 collatis,
1184 4303 1305 4349 utut
1343 4295 1547 4365 potuit,
1596 4293 1864 4350 Romanis
1905 4295 2060 4350 volu-
2094 4334 2137 4388 Β

498 4387 758 4451 minibus,
802 4386 1006 4443 fascem
1039 4388 1092 4442 in
1131 4402 1300 4441 unum
1327 4388 1611 4456 coegisset,
1649 4385 1837 4442 Romae
1862 4386 2062 4443 Barba-

496 4479 631 4533 rinis
684 4479 827 4550 typis
889 4478 1182 4549 publicavit
1244 4493 1389 4533 anno
1459 4477 1616 4533 1668.
1681 4476 1786 4533 Sed
1830 4493 1953 4532 cum
2008 4480 2060 4532 in

468 4572 655 4642 -epist.
706 4569 787 4641 60.
838 4572 932 4625 lib.
978 4586 1041 4635 ιι,
1091 4569 1397 4634 Allatiana,
1435 4583 1557 4639 quae
1597 4566 1914 4623 inscribitur
1952 4565 2061 4622 Ha-

494 4663 688 4717 driano
738 4660 1046 4725 monacho,
1107 4660 1430 4730 reperissem
1480 4658 1648 4713 multa
1704 4656 1990 4729 desumpta
2033 4673 2063 4711 e

464 4755 672 4825 .capite
723 4753 788 4808 17
840 4751 1130 4807 Tractatus
1183 4753 1250 4808 de
1298 4750 1601 4809 monastica
1643 4750 2060 4814 exercitatione,

458 4868 461 4871 -
495 4842 795 4913 prarscrtim
841 4856 872 4896 e
926 4841 1151 4912 periodo
1206 4840 1517 4910 incipiente,
1546 4840 1608 4893 Et
1650 4841 1758 4910 γὰρ
1789 4838 2064 4909 ἄνθρωποι

464 4933 784 5006 .βάρ6αροι,
837 4943 967 5000 ειε.,
1023 4933 1227 4997 idest,
1286 4929 1344 4985 Si
1389 4932 1526 4985 enim
1565 4930 1797 4984 homines
1840 4929 2063 4982 Barbari

496 5032 665 5094 (sunt
702 5027 848 5080 enim
900 5027 1015 5081 haec
1046 5026 1221 5095 prima
1261 5023 1427 5077 verba
1464 5022 1657 5091 capitis
1688 5020 1931 5091 ejusdem
1968 5020 2063 5089 17)

496 5131 670 5187 usque
713 5117 779 5171 ad
831 5117 963 5180 iure,
1012 5116 1093 5178 τίς
1131 5115 1340 5175 ἔπεισε,
1371 5116 1488 5183 quis
1534 5113 1841 5180 persuasit?
1876 5121 2059 5180 postea

493 5224 621 5264 rum
656 5206 974 5262 incidissem
1006 5206 1061 5259 in
1092 5207 1256 5276 epist.
1294 5205 1363 5259 65
1386 5206 1462 5259 lib
1506 5220 1541 5257 ιι
1568 5203 1891 5257 Allatianam
1923 5217 2061 5269 quo—

490 5317 597 5373 que
634 5300 895 5355 directam
941 5297 1231 5354 Theodoro
1271 5298 1539 5352 monacho
1593 5305 1648 5350 et
1693 5296 1831 5365 apud
1878 5292 2062 5348 Possi-

488 5410 621 5449 num
659 5392 786 5457 285,
824 5392 1143 5461 insctiptam
1176 5389 1485 5446 Theodosio
1517 5387 1787 5449 monacho
1809 5427 1824 5453 ,
1869 5386 2058 5455 agnovi

487 5500 609 5539 eam
640 5496 893 5542 constare
935 5494 1103 5541 totam
1134 5501 1197 5539 ex
1240 5493 1393 5554 parte
1430 5482 1622 5550 capitis
1666 5480 1734 5535 42
1771 5478 2060 5535 Tractatus

490 5575 751 5634 illiusmct
787 5577 853 5631 de.
880 5578 1181 5636 monastica
1219 5575 1502 5637 exortitztti
1530 5591 1632 5641 me,
1665 5574 1752 5630 ubi
1790 5573 1886 5627 hoc
1924 5571 2049 5626 clla-

2179 1738 2544 1809 abriperetur,
2579 1747 2638 1792 ut
2665 1738 2718 1792 in
2750 1736 3010 1807 Epistolis
3037 1736 3106 1793 ad
3132 1737 3423 1793 Arcadium
3452 1739 3760 1809 imperato-

2176 1845 2291 1885 rem
2317 1830 2460 1886 datis
2484 1838 2594 1885 tam
2626 1844 2790 1899 penes
2818 1828 3075 1884 Allatiunt
3104 1830 3232 1896 265,
3259 1830 3354 1884 lib.
3372 1844 3436 1893 ιι,
3461 1839 3519 1885 ει
3544 1831 3655 1884 lib.
3680 1846 3754 1895 ιιι,

2174 1920 2337 1989 epist.
2369 1920 2497 1987 279,
2527 1935 2693 1990 quam
2722 1920 2865 1989 apud
2894 1919 3183 1974 Possinum
3212 1919 3372 1989 epist.
3395 1919 3506 1974 252
3532 1929 3597 1974 ει
3622 1921 3752 1983 253ς

2175 2011 2310 2080 quin
2364 2009 2616 2067 Romano
2662 2009 2828 2081 634
2875 2010 3157 2080 episcopo,
3199 2011 3361 2065 Allat.
3405 2011 3577 2081 epist.
3625 2012 3756 2075 155,

2177 2102 2214 2155 l.
2251 2118 2312 2169 ιι,
2350 2102 2404 2157 in
2438 2117 2546 2173 qua
2575 2100 2841 2157 Novatum
2874 2117 2905 2155 a
2937 2117 2996 2156 se
3036 2117 3146 2155 non
3176 2102 3342 2176 recipi
3371 2103 3601 2160 nuntiat
3634 2108 3753 2177 (nisi

2177 2192 2339 2248 fuerit
2372 2194 2423 2248 id
2454 2208 2651 2248 nomen
2674 2192 2794 2263 ejus
2825 2192 3150 2266 proprium),
3182 2197 3380 2266 aliquis
3412 2199 3701 2267 (inquam)
3730 2215 3754 2253 ε

2175 2281 2279 2335 Nili
2311 2282 2579 2337 studiosis
2605 2297 2669 2336 ex
2707 2281 2828 2338 istis
2862 2284 3121 2353 Epistolis
3161 2286 3481 2340 continuam
3514 2287 3677 2341 illam
3710 2288 3751 2340 in

2174 2373 2359 2444 capita
2388 2373 2492 2427 155
2517 2373 2831 2431 distinctam
2860 2375 3152 2445 compegit,
3186 2378 3411 2432 nomina
3441 2393 3672 2444 eorum,
3695 2381 3751 2433 ad

2176 2483 2318 2539 quos
2349 2467 2563 2524 fuerant
2590 2479 2843 2537 exaratze,
2873 2472 3291 2540 praetermittens
3316 2490 3331 2527 :
3357 2484 3454 2529 aut
3478 2477 3747 2547 quispiam

2176 2562 2591 2618 exercitamenti
2621 2563 2796 2635 gratia
2845 2563 3139 2620 dissectam
3170 2566 3457 2635 epistolam
3500 2569 3659 2623 illam
3704 2571 3752 2623 in

2176 2653 2423 2711 diversas
2445 2655 2513 2710 ad
2540 2656 2787 2712 diversos
2814 2655 3112 2711 distribuit.
3138 2654 3297 2711 Volui
3318 2672 3450 2727 ergo
3476 2661 3753 2728 specimen

2177 2743 2396 2815 aliquod
2425 2745 2588 2816 hujus
2616 2745 2884 2815 mistum,
2924 2762 3021 2802 seu
3057 2746 3408 2805 dissectionis
3437 2750 3602 2815 dare,
3660 2768 3755 2822 gu~

2179 2847 2433 2906 stumque
2471 2835 2713 2905 praebere
2739 2852 2874 2892 mea:
2912 2836 3259 2908 cogitationis
3291 2839 3505 2905 lectori,
3538 2843 3640 2912 qui
3666 2857 3756 2912 pro

2178 2925 2474 2981 acrimonia
2528 2926 2730 2997 ingenii
2783 2927 2871 2982 sui
2922 2927 3262 2983 discerneret
3310 2917 3583 2985 solértius
3636 2934 3754 2987 ista.

2174 3202 2435 3269 tiueutia,
2493 3212 2545 3255 et
2594 3203 3035 3269 mansuetudine;
3083 3202 3245 3272 epist.
3298 3212 3570 3271 pratterea
3632 3204 3755 3266 511,

2173 3293 2238 3347 de
2288 3292 2513 3347 concilio
2545 3292 2843 3362 Ephesino,
2900 3295 3125 3364 insuper
3176 3292 3380 3365 Cyrillo
3427 3297 3759 3364 patriarcha

2170 3383 2559 3446 Alexandrino,
2606 3399 2701 3438 seu
2735 3384 3009 3453 episcopo,
3042 3384 3134 3437 lib.
3165 3397 3217 3446 t,
3253 3382 3412 3453 epist.
3443 3382 3581 3448 525,
3630 3386 3754 3449 521,
3858 3396 3859 3409 ‘

2170 3473 2297 3537 570.
2328 3474 2466 3529 497:
2492 3482 2544 3528 et
2566 3473 2663 3528 lib.
2689 3488 2748 3535 ιι,
2770 3473 2931 3543 epist.
2960 3473 3093 3539 127;
3116 3482 3169 3528 ει
3195 3473 3287 3527 lib.
3316 3488 3399 3539 ιιι,
3428 3475 3606 3542 epist.
3630 3476 3751 3530 50ιί

2167 3564 2279 3621 Νεε
2326 3565 2566 3621 Isidorus
2611 3564 2835 3626 titulos,
2879 3575 2975 3618 aut
3018 3564 3364 3634 praefationes
3414 3566 3757 3643 honoriﬁcas

2169 3658 2278 3714 illis
2308 3658 2549 3713 exhibet.
2594 3657 2664 3709 Ea
2695 3665 2813 3711 erat
2845 3658 2936 3711 illo
2966 3656 3166 3712 saeculo
3198 3658 3406 3727 piorum
3442 3661 3753 3714 tuonarho-
3850 3712 3851 3731 η

2168 3748 2292 3802 rum
2326 3746 2681 3818 simplicitas,
2727 3761 2791 3800 ea
2848 3746 3202 3815 pontiﬁcum,
3251 3755 3305 3801 et
3348 3746 3754 3815 imperatomtn

2172 3839 2496 3903 moderatio,
2522 3846 2577 3891 et
2604 3836 2826 3891 nomina
2854 3837 2995 3891 nuda
3018 3837 3264 3906 epistolis
3287 3842 3753 3908 pmponebantnr

2167 3945 2321 3985 more
2352 3930 2620 4000 majorum
2648 3944 2715 3984 cx
2754 3927 3083 3999 Symmacho
3110 3930 3202 3984 lib.
3242 3946 3303 3995 tt,
3332 3930 3503 4000 epist.
3537 3933 3631 3995 35,
3670 3937 3753 3987 ubi

2165 4019 2410 4076 Juretus.
2440 4020 2729 4090 Equidem,
2770 4019 2897 4075 dum
2935 4018 3184 4074 Romana
3218 4020 3535 4090 respublica
3590 4025 3752 4092 plena

2167 4113 2485 4184 integraque
2537 4114 2786 4168 libertate
2841 4112 3029 4168 fruens
3085 4111 3460 4168 ellloresccbat
3494 4156 3512 4179 ,
3576 4116 3751 4185 ignoti

2169 4206 2389 4277 penitus
2417 4215 2575 4262 erant
2606 4206 2784 4271 tituli,
2838 4206 2934 4276 qui
2981 4221 3127 4260 nunc
3157 4205 3359 4275 passim
3403 4222 3757 4276 usurpante:

2167 4297 2222 4352 in
2252 4298 2621 4362 sermonibus,
2649 4307 2812 4368 atque
2838 4298 3056 4362 litteris,
3084 4299 3219 4352 adeo
3255 4306 3313 4352 ut
3336 4313 3487 4366 saepe
3527 4300 3755 4355 illorum

2164 4390 2535 4445 controversia
2576 4390 2799 4443 maximi
2833 4390 3092 4443 momenti
3126 4390 3473 4459 negotiorum
3522 4406 3755 4446 cursum

2165 4480 2491 4551 praepediat;
2550 4480 2767 4550 ignotus
2815 4497 2933 4534 mos
2979 4480 3279 4549 appellandi
3332 4496 3506 4533 unum
3552 4484 3755 4550 plural

2165 4585 2399 4628 numero
2435 4589 2448 4624 :
2480 4571 2612 4641 quin
2637 4571 2768 4625 illud
2788 4572 3019 4628 eruditis
3034 4572 3204 4641 quaeri
3236 4584 3611 4626 consueverat
3635 4617 3651 4637 ,
3696 4592 3753 4627 an

2167 4663 2221 4717 in
2252 4662 2484 4732 singulis
2513 4676 2732 4731 quoque.
2762 4663 2941 4716 verbis
2977 4672 3160 4732 posset
3205 4663 3316 4717 liet'i
3356 4663 3751 4721 solu‘cismus.

2166 4763 2224 4809 ut
2256 4753 2301 4809 si
2332 4769 2501 4809 unum
2536 4756 2662 4823 quis
2711 4754 2778 4809 ad
2824 4770 2884 4809 se
2912 4769 3112 4808 vocans
3144 4754 3384 4809 diceret.
3425 4753 3661 4821 Venite,
3710 4779 3754 4807 ιτ.

2165 4844 2423 4909 Obsonat
2454 4843 2843 4910 Quintilianus,
2896 4844 2990 4899 lib.
3039 4861 3079 4899 tt
3126 4844 3370 4900 Institut.
3412 4858 3644 4902 orator.
3696 4854 3757 4900 At

2165 4952 2311 4991 nunc
2348 4936 2606 4991 adulandi
2646 4936 2974 4991 lenocinium
3014 4951 3079 4990 eo
3127 4951 3299 5005 usque
3331 4940 3655 5005 processit,
3708 4954 3753 4989 ει

2164 5044 2347 5091 voces,
2377 5029 2577 5099 quibus
2606 5029 2899 5082 mentimur
2925 5029 3184 5092 dominis,
3226 5030 3356 5082 dum
3385 5028 3733 5097 singularias

2166 5130 2271 5173 tctn
2308 5119 2513 5174 honore
2556 5118 2918 5177 multitudinis
2964 5120 3306 5178 dccozamus.
3343 5120 3614 5173 omittere
3645 5124 3755 5190 ρὶεο

2163 5212 2345 5266 eulum
2377 5210 2627 5275 duoatur,
2668 5221 2721 5263 et
2750 5210 2961 5264 crimini
2994 5219 3255 5273 vertatur,
3301 5210 3594 5280 daturque
3620 5216 3751 5264 arae

2162 5318 2222 5355 ea
2267 5300 2333 5355 de
2368 5317 2458 5365 re;
2504 5301 2578 5354 uti
2618 5299 2855 5363 Joannes
2915 5300 3335 5356 Sarisherieusis
3387 5310 3755 5371 couqm-iite:

2163 5394 2217 5447 in
2240 5393 2714 5463 Polycratico,~lib.
2745 5410 2827 5458 ιιι,
2859 5408 2979 5462 cap.
3004 5393 3090 5459 l0,
3113 5410 3206 5449 seu
3243 5393 3313 5447 De
3340 5396 3502 5463 nugis
3528 5400 3707 5449 curiis.
3736 5442 3747 5447 -

2161 5494 2212 5547 et
2248 5499 2405 5552 paena
2439 5482 2703 5553 inﬂigitur
2740 5484 2846 5549 bis,
2880 5486 2970 5555 qui
3002 5487 3351 5555 magistratus
3392 5505 3510 5540 non
3561 5506 3599 5560 p
3632 5507 3749 5543 οςές

2162 5586 2403 5645 (ιιιιιιιιιιι
2426 5575 2621 5631 debitis
2652 5576 2851 5644 titulis;
2880 5578 3017 5649 quod
3047 5588 3093 5633 et
3122 5579 3431 5635 observavit
3452 5578 3501 5634 ῐὶ
3559 5580 3615 5633 P.
3642 5580 3749 5634 CJ-
