3998 6214
341 279 472 343 1361

1554 277 1650 340 DE
1680 279 2060 344 OPERIBUS
2094 283 2154 344 S.
2203 283 2388 344 NILI.

3450 285 3594 352 1362

338 413 430 452 sar
462 393 717 459 Becitlus,
745 389 980 449 Oratorii
1009 392 1232 457 sodalis,
1262 392 1470 448 amicus
1501 408 1677 462 meus,
1701 403 1755 451 et
1778 409 1906 450 eru-
1936 402 1980 458 Α
2010 393 2197 464 lupum
2221 409 2316 465 pro
2349 401 2570 464 pastore
2602 392 2930 464 suscipiens,
2954 397 3009 448 et
3037 393 3312 450 daemonas
3335 383 3600 454 inimicos

336 487 504 549 ditus,
546 485 598 539 in
633 483 791 539 Notis
821 482 890 538 ad
932 483 1104 539 Vitam
1135 485 1308 539 sancti
1333 484 1451 540 Caii
1479 501 1656 555 papaz.

405 576 590 631 Mirari
633 576 817 642 subit,
871 592 970 631 cur
1008 591 1072 632 ex
1127 575 1354 646 epistola
1397 576 1464 630 ad
1499 574 1905 643 Telemachum,

335 685 456 739 quae
491 684 599 723 una
633 676 749 732 est,
801 677 1227 737 numeraturque
1260 666 1364 722 159
1393 666 1536 736 apud
1582 667 1904 734 Possinum,

336 760 566 816 Allatius
596 768 706 814 tres
735 765 962 826 statuat,
1002 773 1196 827 nempe
1222 757 1356 823 255,
1389 757 1517 822 256,
1549 758 1676 823 257,
1700 758 1794 812 lib.
1827 775 1911 827 ιιι,

334 867 400 906 ex
434 865 541 906 una
589 849 907 905 Possiniana
955 849 1024 905 ad
1070 847 1346 904 Julianan
1391 849 1722 904 monachum
1763 849 1904 917 261,

334 943 472 998 duas
521 942 823 996 Allatianas
874 941 1241 1010 comperimus
1286 941 1382 996 lib.
1441 957 1534 1007 ut,
1567 939 1700 1009 229,
1759 940 1904 1008 256,

334 1043 480 1108 certe
515 1031 612 1087 251
648 1032 830 1087 Allatii
861 1040 945 1087 est
975 1032 1181 1104 integra
1214 1032 1320 1088 262
1349 1032 1600 1096 Possini;
1635 1032 1776 1088 sicut
1798 1032 1907 1088 252

334 1125 495 1178 Allat.
545 1133 629 1180 est
674 1139 830 1194 pura,
873 1132 999 1192 puta
1046 1122 1366 1177 Possiniana
1408 1122 1534 1176 265.
1564 1121 1763 1178 Verum
1800 1123 1910 1178 264

335 1215 549 1272 Pussini
605 1215 657 1270 ἰιι
693 1218 830 1270 duas
867 1215 1047 1269 Allatii
1084 1215 1188 1269 255
1210 1225 1265 1269 et.
1290 1215 1396 1269 254
1419 1214 1592 1270 divisa
1618 1223 1702 1270 est
1723 1225 1777 1272 et
1800 1215 1906 1270 255

334 1307 521 1362 Allatii
549 1292 732 1376 explet
773 1307 872 1362 165
917 1306 1169 1366 Possini?
1223 1297 1332 1362 Cur
1369 1321 1454 1370 ea,
1491 1322 1612 1377 qua
1645 1306 1722 1361 De
1753 1305 1908 1378 N_aas.

335 1394 372 1448 Α
387 1393 640 1446 mmouita
671 1391 933 1446 Israelitis
961 1395 1311 1448 comminaute
1335 1410 1389 1448 se
1405 1393 1637 1463 ipsorum
1659 1385 1904 1450 dextrum
1929 1443 1932 1448 .

334 1487 544 1539 oculum
573 1486 908 1553 effossarum,
937 1501 1056 1555 cap.
1095 1485 1162 1540 l5
1189 1484 1476 1541 Tractatus
1503 1485 1570 1542 de
1603 1488 1904 1544 monastica

333 1573 726 1628 exercitatione
769 1574 973 1640 retulit,
1009 1574 1060 1628 in
1105 1574 1263 1643 epist.
1304 1573 1430 1641 198,
1467 1575 1560 1630 lib.
1592 1591 1654 1643 ιι,
1694 1577 1759 1631 ad
1793 1576 1905 1632 Nu-

334 1665 576 1720 menium
605 1663 759 1719 Nilus
784 1665 977 1734 repetit
999 1665 1139 1734 apud
1163 1664 1441 1731 Allatium,
1465 1673 1520 1720 et
1548 1666 1690 1736 apud
1718 1667 1902 1724 Possi-

335 1774 465 1812 uum
499 1757 648 1813 504?
679 1756 820 1823 Quin
851 1756 956 1810 alia
985 1757 1139 1825 plura
1178 1773 1242 1812 ex
1271 1756 1552 1826 opusculis
1583 1756 1686 1812 Nili
1723 1767 1903 1815 trans-

335 1847 454 1901 fusa
500 1848 552 1901 in
606 1847 876 1917 Epistolas
916 1847 1284 1917 invenientur;
1332 1857 1426 1902 aut
1474 1849 1594 1904 vice
1632 1864 1787 1906 versa
1838 1851 1904 1905 ex

333 1938 593 2006 Epistolis
626 1938 843 1992 redacta
877 1938 928 1992 in
964 1938 1223 2008 capitula,
1245 1947 1297 1994 et
1317 1939 1637 1996 tractatibus
1659 1941 1906 1997 inserta?

333 2028 535 2084 Harum
567 2030 917 2094 divisionum,
948 2038 1002 2084 et
1027 2031 1428 2099 repetitiouum,
1465 2041 1628 2101 atque
1653 2033 1906 2087 ταυτολο-

333 2121 460 2190 γὶας
491 2137 686 2178 causas
724 2121 910 2176 rimari
943 2121 1137 2191 poterit
1165 2137 1355 2192 aequus
1385 2123 1576 2178 lector.

404 2204 566 2280 635
591 2209 808 2264 Interim
840 2210 1131 2266 Anastasio
1161 2211 1417 2280 episcopo
1445 2212 1651 2267 directa
1677 2215 1906 2284 epistola

333 2297 400 2354 de
441 2307 631 2368 sancto
679 2295 888 2352 Joanne
937 2297 1363 2369 Chrysostomo,
1411 2300 1557 2356 edita
1605 2301 1796 2358 Latine
1851 2304 1905 2360 in

335 2387 668 2442 Bibliotheca
700 2387 924 2441 Patrum
957 2387 1214 2456 Coloniae,
1251 2399 1306 2444 et
1337 2391 1479 2462 apud
1510 2391 1728 2460 Zinum,
1761 2411 1790 2449 a
1820 2410 1907 2451 me

333 2477 437 2532 fuit
459 2478 846 2548 praetermissa,
877 2477 1004 2548 quia
1035 2487 1212 2533 exstat
1240 2478 1425 2535 Graece
1453 2489 1505 2536 et
1528 2480 1719 2538 Latine
1741 2499 1907 2552 penes

335 2567 614 2636 Allatium,
647 2569 743 2623 lib.
793 2586 889 2634 ιιι,
924 2570 1084 2640 epist.
1129 2570 1254 2639 29-1,
1302 2581 1356 2626 et
1397 2573 1536 2642 apud
1580 2573 1905 2644 Possinum,

335 2660 492 2729 epist.
524 2659 650 2724 254,
693 2661 783 2730 qui
828 2663 1200 2732 presbyterum
1242 2673 1450 2717 tantum
1482 2665 1728 2720 nominat
1757 2669 1908 2722 Ana-

335 2751 562 2805 stasium
598 2751 785 2817 illum;
826 2752 1110 2821 epistolam
1143 2753 1308 2807 etiam
1345 2769 1450 2809 non
1499 2755 1907 2826 exprimendam

335 2843 475 2913 typis
504 2843 709 2910 curavi,
739 2843 881 2915 Πρὸς
909 2843 1205 2915 νεωτέρους
1230 2845 1517 2917 μοναχούς,
1558 2848 1624 2903 ad
1661 2848 1909 2919 juniores

337 2934 658 2998 monachos,
701 2933 815 2989 sive
852 2933 918 2988 ad
956 2927 1232 3004 juniorem
1282 2937 1608 2993 monachum
1636 2979 1651 3004 ,
1686 2940 1754 2995 de
1799 2957 1906 3011 qua

335 3023 588 3116 superius
635 3023 754 3092 egi;
805 3039 899 3079 seu
937 3024 1372 3095 institutionem,
1419 3043 1482 3083 ac
1535 3029 1904 3098 διδασκαλίαν,
1935 3056 1979 3116 c

335 3115 464 3183 quia
494 3112 700 3178 Graece,
727 3115 867 3170 sicut
892 3125 944 3169 et
975 3115 1163 3172 Latine
1190 3116 1290 3172 fuit
1331 3131 1534 3174 excusa
1569 3135 1732 3189 penes
1761 3121 1910 3177 Alla-

338 3203 496 3267 tium,
527 3205 620 3260 lib.
650 3220 731 3269 ιιι,
769 3207 997 3274 epistola
1041 3209 1182 3275 505;
1225 3216 1284 3263 at
1333 3208 1526 3266 Latine
1563 3211 1806 3269 Colonia:
1853 3213 1908 3268 in

337 3295 706 3366 suprascripta
752 3296 1080 3351 Bibliotheca
1108 3297 1338 3353 Patrum
1372 3307 1520 3356 tomo
1569 3301 1631 3370 V,
1659 3313 1800 3372 part.
1846 3321 1907 3372 ιι,

339 3401 458 3455 pag.
507 3385 650 3452 972;
693 3386 823 3454 quin
862 3393 918 3441 et
959 3386 1102 3456 apud
1137 3386 1332 3442 Zinum
1363 3389 1602 3446 Venetiis
1649 3392 1808 3456 1574,
1853 3394 1909 3448 in

338 3473 667 3530 Collectione
697 3472 933 3544 Operum
963 3471 1093 3538 Nili,
1141 3475 1238 3530 lib.
1291 3492 1364 3540 tv,
1395 3477 1577 3531 Allatii
1623 3479 1685 3532 61
1725 3479 1911 3552 Olym-

336 3569 567 3638 piodoro
611 3568 870 3634 eparcho,
916 3575 970 3620 et
1017 3565 1087 3620 62
1138 3565 1426 3622 Heliodoro
1454 3569 1771 3625 Silentiario
1822 3571 1907 3627 di-

338 3667 498 3713 rectae
528 3658 581 3711 in
614 3657 850 3712 secunda
895 3656 1110 3712 Nlczena
1141 3659 1370 3728 synodo,
1406 3659 1617 3715 actione
1654 3661 1720 3727 4,
1771 3679 1910 3731 quas

339 3750 704 3804 indicaveram
740 3746 963 3816 praefato
988 3748 1202 3812 Allatio,
1235 3764 1358 3803 eum
1410 3751 1542 3804 mihi
1575 3751 1742 3809 libros
1787 3753 1910 3825 Epi-

338 3841 622 3903 stolarum,
647 3853 784 3907 quos
818 3839 967 3908 prelo
994 3839 1361 3904 commiserat,
1393 3847 1741 3910 ostentasset,
1767 3844 1911 3915 jam-

339 3945 446 3999 que
502 3931 568 3982 ad
607 3928 812 3982 calcem
855 3927 1184 3996 perduxerat
1226 3943 1241 3981 :
1288 3928 1432 3984 unde
1473 3939 1752 3999 postremo
1791 3933 1911 3990 loco

337 4023 460 4077 illas
498 4023 698 4092 posuit,
734 4034 831 4074 nec
856 4029 1034 4073 tamen
1070 4021 1241 4074 ullum
1273 4021 1402 4074 mihi
1441 4023 1700 4090 persolvit
1735 4026 1910 4098 μήνυ-

337 4131 492 4184 τρον.
544 4113 600 4167 In
651 4112 981 4166 Bibliotheca
1023 4113 1238 4166 tandem
1278 4110 1500 4167 Patrum
1547 4113 1789 4172 Colonia:
1839 4117 1914 4173 le-

339 4206 484 4276 gitur
524 4203 886 4272 fragmcntum
930 4198 1060 4265 Nili,
1099 4201 1167 4257 de
1216 4202 1380 4258 nimis
1427 4204 1682 4260 diuturna
1723 4206 1912 4276 praefe-

338 4306 511 4350 ctnra.
545 4294 623 4347 En
659 4293 790 4347 illud
824 4312 836 4347 :
873 4313 890 4345 ι
921 4293 1165 4348 Tradunt
1202 4309 1384 4347 rerum
1435 4296 1769 4350 naturalium
1814 4298 1909 4353 ob-

2014 487 2297 542 adorans?
2326 484 2476 541 Vana
2525 485 2699 558 gloria
2741 494 2828 542 est
2873 487 3072 542 mentis
3107 486 3308 542 erroris
3349 487 3583 554 initium,

2011 591 2118 646 qua
2149 591 2304 632 mens
2334 577 2576 642 incitata,
2616 577 2670 632 id
2699 577 2842 648 quod
2872 577 3116 632 divinum
3149 587 3253 644 est,
3289 577 3482 635 formis
3533 589 3607 635 et-

2010 666 2200 736 tlguris
2227 665 2679 722 circumscribere
2708 673 2958 720 conatur.
2989 666 3070 720 Tu
3105 675 3286 722 autem
3337 683 3404 723 ne
3447 671 3587 724 hanc

2009 756 2228 827 quidem
2257 755 2503 812 fraudem
2537 758 2790 828 ignorare
2820 763 3070 827 oportet,
3126 760 3270 828 quod
3311 761 3585 816 daemones

2010 847 2222 918 seipsos
2268 851 2322 903 in
2352 861 2593 920 tempore
2627 848 2976 920 impertiunt,
3019 855 3074 903 et
3123 849 3170 904 si
3218 851 3364 904 visus
3413 850 3584 906 fueris

2009 937 2271 1007 auxilium
2302 949 2506 1009 petere,
2539 948 2666 996 sunt
2710 939 2966 1007 deinceps
3004 937 3055 991 iu
3098 939 3286 1008 ﬁguris
3321 941 3584 1011 angelicis

2007 1028 2227 1083 innoxii.
2258 1031 2463 1099 primos
2501 1031 2853 1100 expellentcs,
2884 1039 2940 1083 ut
2983 1029 3052 1084 ab
3083 1030 3214 1099 ipsis
3253 1034 3540 1104 decipiaris
3565 1049 3596 1100 ,'

2007 1129 2268 1189 tanquam
2321 1120 2425 1191 ipsi
2485 1123 2596 1177 sint
2642 1121 2816 1176 sancti
2869 1122 3082 1191 angeli,
3125 1123 3412 1179 daemones.
3447 1139 3592 1180 noni

2008 1227 2286 1280 nunquam
2323 1211 2678 1282 cogitationes
2715 1223 3054 1285 suggerunt,
3106 1221 3161 1268 et
3189 1221 3242 1268 te
3275 1229 3466 1270 rursus
3496 1215 3618 1268 in-'-

2005 1303 2174 1357 citant
2205 1301 2271 1356 ad
2317 1301 2396 1358 eis
2433 1303 2571 1359 male
2609 1305 2939 1373 precandum
2967 1304 3047 1359 vel
3086 1305 3167 1361 eis
3205 1305 3592 1360 contradicen-’

2006 1391 2158 1455 dum,
2191 1401 2246 1447 et
2266 1406 2364 1447 sua
2397 1401 2589 1462 sponte
2619 1393 2836 1459 cedunt,
2888 1402 2946 1448 ut
2971 1393 3175 1450 fallaris
3195 1395 3512 1450 existimans
3531 1402 3606 1449 te»

2006 1483 2238 1554 cmpisse
2276 1484 2635 1554 cogitationes
2677 1485 2919 1552 vincere,
2949 1501 3012 1542 ac
3057 1496 3258 1542 terrere
3286 1487 3580 1543 daemonas.

2005 1568 2120 1626 Non
2143 1581 2353 1642 oportet
2375 1574 2867 1643 sacerdotesjuste,
2889 1575 2970 1628 vel
3001 1575 3200 1644 injuste
3213 1575 3480 1644 judicare,
3499 1572 3591 1630 vel‘

2004 1679 2100 1718 eos
2115 1665 2454 1730 examinare,
2474 1665 2565 1720 sed
2581 1674 2634 1720 et
2655 1665 2700 1720 si
2720 1667 2840 1734 quis
2865 1667 2917 1720 in
2946 1667 3024 1722 eis
3049 1666 3269 1732 labitur,
3301 1681 3331 1718 a
3357 1663 3466 1719 Deo
3495 1665 3584 1734 ju-

2007 1756 2298 1822 di’cabitur,
2323 1766 2374 1812 et
2399 1769 2656 1827 arguetur
2671 1757 2726 1812 in
2747 1759 2869 1825 hoc,
2912 1767 2965 1812 et
2983 1758 3036 1811 in
3058 1757 3242 1812 futuro
3264 1758 3483 1821 saeculo,
3500 1758 3597 1812 vel"

2005 1863 2036 1901 a
2068 1846 2262 1917 majori
2294 1848 2592 1903 sacerdote.
2619 1846 2884 1904 Sacerdos
2912 1859 3143 1914 nonest,
3175 1849 3266 1918 qui
3286 1862 3384 1919 pro
3405 1863 3586 1904 sacer-

2005 1939 2137 1994 dotii
2165 1938 2426 2009 dignitate
2449 1955 2558 1994 non
2589 1940 2754 1996 vivit:
2777 1957 2882 1996 non
2907 1949 3119 2010 oportet
3143 1939 3338 1994 (ﬂendi
3365 1949 3586 2010 propter

2007 2045 2186 2094 sacra,
2213 2019 2336 2100 quae
2373 2031 2718 2086 celebrantur
2747 2033 2816 2086 ab
2849 2030 3098 2101 improbo
3139 2030 3457 2093 sacerdote;
3488 2043 3584 2083 ea-

2006 2120 2130 2176 dem
2167 2129 2349 2175 autem
2384 2130 2468 2175 est
2491 2121 2718 2187 oblatio,
2751 2121 2855 2176 etsi
2895 2120 3093 2175 habeat
3120 2121 3288 2174 vitam
3312 2119 3598 2189 impuram

2007 2211 2054 2266 is
2087 2211 2181 2282 qui
2224 2210 2402 2266 offert.
2437 2211 2602 2282 636
2635 2211 2904 2266 Audiendi
2949 2219 3076 2266 sunt
3129 2209 3477 2270 sacerdOtes,
3532 2219 3590 2263 et

2007 2302 2278 2368 doctores,
2309 2299 2438 2355 dum
2479 2302 2696 2371 docent,
2716 2317 2781 2355 ex
2805 2299 3002 2355 divinis
3032 2301 3240 2356 scilicet
3262 2298 3588 2368 Seripturis,

2010 2397 2070 2444 ut
2106 2389 2214 2445 Deo
2245 2390 2443 2460 placet,
2495 2397 2550 2446 et
2591 2405 2698 2445 non
2747 2389 3046 2446 secundum
3081 2390 3332 2460 preprias
3370 2389 3586 2458 cupidi-

2011 2490 2166 2548 tates,
2202 2482 2279 2536 uti
2304 2482 2571 2552 seriptum
2604 2491 2722 2548 est;
2757 2491 2810 2537 et
2831 2496 2942 2536 non
2965 2480 3218 2552 judicare
3264 2481 3436 2550 ipsos,
3479 2480 3584 2536 etsi

2009 2573 2208 2628 malam
2240 2574 2409 2630 vitam
2443 2574 2679 2630 habeant
2706 2591 2720 2629 :
2751 2580 2806 2629 et
2833 2575 2890 2628 in
2926 2573 3033 2628 fide
3064 2574 3113 2629 si
3133 2573 3354 2644 quidem
3389 2571 3584 2626 laban-

2011 2670 2123 2728 tur,
2151 2654 2283 2718 tunc
2304 2677 2415 2718 non
2443 2663 2924 2733 oportet_credere,
2943 2660 3038 2718 sed
3060 2676 3155 2716 eos
3177 2661 3342 2715 etiam
3372 2659 3582 2731 fugere.

2012 2767 2077 2806 ac
2104 2751 2378 2822 judicare.
2413 2730 2558 2810 Deus
2583 2730 2802 2826 quidem
2829 2767 2938 2838 no‘n
2979 2766 3170 2808 onmes
3197 2752 3411 2807 ordinat
3432 2730 3454 2813 ,ί
3489 2751 3585 2807 sed

2012 2859 2109 2914 per
2142 2858 2336 2902 omnes
2387 2857 2682 2916 operatur,
2744 2854 2804 2902 ut
2857 2845 3097 2902 salvetur
3142 2843 3398 2916 populus.
3445 2841 3582 2896 Dum

2013 2945 2338 2993 assuescunt
2368 2939 2683 2994 sacerdotes
2715 2948 3088 3002 contemnere,
3140 2936 3310 2991 Deum
3365 2947 3586 3005 quoque

2012 3029 2416 3096 contemniunt,
2451 3037 2506 3084 et
2552 3029 3016 3100 quemadmodum
3067 3030 3123 3084 in
3165 3027 3412 3099 periculo
3456 3040 3584 3080 vet-'-

2011 3129 2184 3187 satur,
2216 3119 2305 3176 cui
2349 3120 2649 3176 secundum
2683 3120 2949 3176 mundum
2999 3134 3100 3176 nec
3144 3118 3452 3184 exercitus,
3486 3131 3587 3173 nec

2010 3211 2246 3283 dignitas
2277 3212 2425 3282 regia
2457 3213 2754 3269 commissa
2790 3223 2893 3276 est,
2927 3213 2974 3268 si
3007 3229 3070 3269 ea
3107 3222 3232 3285 agat
3258 3227 3382 3282 qua:
3404 3211 3469 3266 ad
3495 3223 3586 3264 re-

2008 3303 2154 3372 giam
2203 3303 2522 3372 dignitatem
2573 3306 2883 3374 pertinent;
2935 3304 3008 3359 ita
3048 3315 3101 3359 et
3147 3305 3262 3376 qui,
3291 3317 3412 3374 quae
3458 3313 3586 3358 sunt

2010 3405 2236 3445 munera
2268 3392 2564 3446 sacerdotii
2610 3395 2942 3464 aggreditur,
2995 3395 3207 3449 etiamsi
3243 3396 3489 3449 videatur
3519 3394 3585 3447 iis
3633 3443 3650 3452 ,.

2009 3481 2170 3550 longe
2206 3483 2564 3551 sapientior.»
2592 3483 2667 3538 lta
2697 3483 2950 3554 Pelagius
2977 3483 3045 3538 ad
3070 3499 3270 3538 annum
3307 3500 3336 3538 a
3368 3485 3586 3539 Christo

2010 3579 2140 3623 nato
2179 3569 2284 3624 555
2335 3570 2721 3640 interpretatus
2765 3579 2852 3626 est
2881 3571 3128 3626 Graecum
3174 3581 3454 3626 auctorem
3499 3571 3586 3624 in-

2009 3665 2244 3725 certum,
2281 3674 2445 3730 quem
2465 3659 2696 3716 inseruit
2728 3659 3063 3730 Rosweydus
3085 3660 3224 3715 libro
3252 3660 3444 3730 quinto
3477 3657 3582 3712 Vit.

2013 3747 2260 3804 Patrum.
2293 3749 2341 3804 Is
2380 3749 2559 3804 libello
2591 3749 2648 3813 2,
2684 3749 2712 3820 ς
2753 3749 2838 3814 ll,
2870 3749 2986 3804 lta‘c
3011 3749 3106 3804 ait.
3146 3769 3165 3800 ι
3213 3749 3358 3802 Dixit
3415 3748 3584 3803 abbas

1990 3835 2164 3892 Nilus
2195 3857 2208 3893 :
2249 3836 2676 3910 Imperforabilis
2705 3847 2883 3893 manet
2923 3855 2958 3893 a
2989 3837 3202 3908 sagittis
3235 3838 3463 3903 inimici,
3493 3839 3584 3906 qui

2011 3939 2158 3984 amat
2188 3933 2414 4002 quietem
2441 3947 2456 3998 ;
2491 3932 2580 4001 qui
2609 3941 2785 3985 autem
2809 3931 3057 3985 miscetur
3087 3930 3439 3996 multitudini,
3471 3944 3585 3982 cre-

2014 4023 2110 4078 bra
2146 4027 2368 4094 suscipit
2400 4025 2638 4082 vulnera.
2679 4045 2698 4079 ι
2736 4025 2869 4092 Quut
2903 4026 3077 4082 sancti
3124 4023 3228 4080 Nili
3283 4025 3584 4096 fragmenta

2012 4117 2134 4172 istis
2167 4131 2357 4186 sparsa
2387 4117 2442 4170 in
2477 4117 2780 4187 opusculis,
2811 4131 3076 4188 expressa.
3102 4125 3282 4172 tamen
3310 4116 3434 4172 aliis
3465 4130 3586 4172 ver-

2013 4210 2116 4276 bis,
2135 4219 2190 4266 et
2214 4211 2296 4265 vel
2319 4209 2550 4266 forsitan
2571 4225 2636 4266 ex
2667 4209 2810 4276 aliis,
2837 4223 2960 4278 qua
2986 4217 3079 4263 aut
3113 4217 3416 4277 temporum
3445 4207 3587 4277 inju-

2013 4301 2095 4354 ria
2127 4300 2544 4366 interciderunt,
2573 4299 2689 4355 sive
2718 4299 2941 4354 latitant
2965 4297 3180 4362 adhuc,
3209 4299 3587 4366 loctanturque

337 4397 646 4442 sctVatores
669 4401 856 4456 gruem
884 4385 1104 4456 triginta
1125 4385 1238 4440 dies
1259 4385 1440 4440 avium
1467 4402 1659 4456 agmen
1685 4389 1902 4455 dueere,
1937 4390 1986 4449 D
2011 4408 2135 4448 cum
2169 4391 2360 4456 tineis,
2398 4399 2452 4448 et
2479 4391 2693 4454 blattis;
2725 4398 2780 4447 et
2801 4397 3086 4460 emergent
3121 4388 3418 4458 aliquando
3463 4397 3585 4442 tan--

337 4478 534 4532 deinde
577 4477 733 4530 alteri
767 4475 886 4545 grui
933 4490 1131 4530 munus
1173 4475 1312 4529 idem
1347 4475 1558 4530 tradere
1590 4494 1603 4529 :
1639 4479 1730 4547 qui
1768 4496 1914 4536 nunc

337 4567 483 4639 gregi
515 4578 608 4620 tuo
640 4574 833 4636 praeest
863 4566 1206 4629 ambitiosus,
1228 4567 1635 4637 imperandique
1657 4569 1908 4639 cupidus,

337 4667 397 4711 ut
433 4658 612 4720 aulio,
637 4657 850 4725 expleto
874 4655 940 4709 de
977 4669 1130 4710 more
1157 4654 1270 4724 jam
1309 4671 1454 4710 anno
1485 4659 1769 4712 ministerii
1798 4661 1907 4725 sui,

338 4767 445 4802 non
478 4748 762 4817 permittit,
806 4757 862 4800 ιιι
891 4749 1032 4802 alius
1071 4747 1291 4817 regendi
1337 4763 1558 4813 munus,
1612 4765 1912 4820 curamque

339 4841 622 4908 suscipiat.
675 4840 739 4891 Et
779 4838 909 4908 quid
947 4837 1192 4892 dicemus
1231 4838 1296 4891 ad
1344 4837 1491 4892 hoc?
1543 4857 1560 4890 ι
1624 4837 1814 4895 Exstat
1859 4851 1914 4897 et

339 4932 481 5001 apud
540 4929 772 4994 Zinu‘tn,
827 4945 949 5000 pag.
993 4929 1126 4995 HO;
1177 4930 1269 4984 sed
1319 4930 1421 4984 hoc
1455 4928 1815 5000 fragmentum
1839 4933 1914 4988 tle

339 5022 676 5094 praefectura:
695 5023 928 5086 vicibus,
953 5038 1047 5078 seu
1069 5023 1429 5079 canouarchze
1451 5039 1676 5079 munere
1706 5039 1910 5090 annuo,

340 5117 568 5186 cpistola
604 5124 686 5170 est
726 5114 937 5170 Possini
974 5115 1040 5168 ad
1080 5114 1453 5184 Aphthonium
1489 5113 1779 5172 diaconum
1808 5117 1914 5172 555

230 5201 246 5210 ’
339 5219 393 5263 et
423 5209 521 5261 241
559 5208 656 5262 lib.
689 5223 748 5262 ιιι
778 5207 980 5274 Allatii,
1023 5208 1118 5278 qui
1166 5221 1291 5263 eum
1341 5207 1714 5278 inscripsisset
1760 5209 1910 5264 illam

340 5299 654 5369 Aphthonio
683 5300 1094 5372 καθηγουμένῳ,
1156 5315 1252 5356 seu
1286 5300 1509 5370 ,abbati,
1563 5302 1704 5357 male
1743 5303 1904 5357 vertit

340 5394 792 5448 catechumenth
842 5391 1078 5448 Latine:
1114 5393 1256 5448 sicut
1303 5393 1592 5463 utrobique
1644 5392 1916 5464 fragmen-

343 5491 457 5537 tum
489 5497 519 5537 e
561 5484 799 5554 quodam
853 5490 1084 5538 tractatu
1128 5484 1450 5557 paimneticp
1497 5483 1608 5553 (uti
1652 5493 1736 5540 est
1771 5485 1913 5539 veri-

342 5572 557 5642 simile)
619 5572 766 5628 hisee
828 5573 1010 5627 verbis
1057 5590 1126 5628 :t
1180 5571 1436 5641 Nunquid
1495 5573 1770 5646 Angelos,
1830 5575 1910 5630 vel

315 5663 665 5729 -Potestates,
699 5663 780 5719 vel
809 5664 1091 5720 Christum
1143 5664 1474 5723 seusibiliter
1510 5665 1694 5722 videre
1737 5677 1906 5735 potes,

2013 4497 2178 4552 quam
2207 4499 2238 4538 e
2271 4482 2555 4553 naufragio
2603 4481 2824 4550 reliquae
2855 4480 3054 4533 tabula:
3101 4478 3244 4532 bono
3281 4492 3404 4530 eum
3451 4475 3582 4537 Deo,

2013 4574 2058 4627 si
2094 4573 2218 4643 quis
2245 4574 2482 4628 scrutari
2517 4573 2664 4637 velit,
2719 4587 2783 4625 ac
2814 4569 3181 4638 investigare,
3225 4583 3330 4619 non
3370 4565 3585 4634 ambigo

2012 4666 2145 4735 quin
2217 4665 2552 4735 eomperiat,
2603 4672 2699 4718 aut
2767 4662 2957 4716 saltem
3005 4674 3272 4715 sensum..
3313 4655 3369 4710 lu
3410 4657 3587 4726 capite

2014 4756 2264 4824 profecto
2299 4757 2368 4811 55
2392 4793 2407 4822 ,
2459 4754 2526 4810 ad
2561 4753 2871 4823 Eulogium,
2906 4751 2974 4806 de
3007 4749 3290 4804 fraudibus
3326 4748 3583 4802 insidian-

2015 4848 2148 4900 tium
2190 4847 2418 4902 subdole
2460 4846 2804 4916 maligneque
2861 4847 3166 4897 dattnonum
3199 4842 3379 4908 aliqua
3413 4841 3584 4911 persi-

2013 4940 2160 4994 tnilia
2189 4947 2498 4994 occurrent.
2518 4937 2805 4992 Baltltazar
2821 4933 3115 4989 Corderius
3139 4933 3415 4990 societatis
3433 4931 3582 4995 Jesn,

1977 5041 2262 5086 catenam
2322 5030 2394 5084 65
2462 5029 2686 5083 Patrum
2739 5027 3052 5083 Graecorum
3102 5027 3156 5080 in
3235 5024 3583 5094 Evangeliutu

2012 5119 2186 5176 sancti
2215 5118 2377 5174 Lucae
2402 5124 2739 5181 contextam,
2779 5125 2834 5170 et
2872 5116 3136 5170 latinitate
3165 5115 3420 5170 donatam
3453 5113 3587 5168 emi-

2014 5212 2087 5268 sit
2123 5212 2179 5265 in
2212 5210 2388 5264 lucem
2419 5227 2433 5264 :
2469 5209 2570 5264 hos
2601 5208 2743 5262 inter
2764 5205 2868 5261 Nili
2900 5216 3030 5262 sunt
3054 5205 3357 5275 fragmenta
3379 5220 3498 5274 cap.
3527 5205 3582 5265 4,

2015 5321 2169 5358 nutu.
2215 5303 2320 5365 25,
2376 5301 2448 5356 De
2479 5301 2656 5356 Achab
2703 5309 2752 5354 et
2796 5299 3014 5364 Eliueo,
3055 5315 3176 5369 pag.
3210 5298 3336 5364 152ς
3369 5313 3490 5365 cap.
3521 5297 3586 5358 5,

2017 5411 2169 5449 ιιιιιιι.
2207 5395 2275 5448 18
2307 5394 2382 5447 De
2407 5410 2541 5446 rana
2564 5392 2755 5462 gloria,
2787 5402 2836 5446 et
2863 5392 3032 5461 lepra,
3062 5405 3182 5459 pag.
3216 5389 3343 5454 l60;
3375 5404 3496 5458 cap.
3531 5387 3586 5449 7,

2017 5500 2167 5538 nutu.
2221 5483 2308 5549 10,
2357 5483 2432 5537 De
2470 5498 2588 5538 voce
2637 5482 2691 5536 iu
2739 5481 2945 5548 Roma,
3015 5483 3180 5550 deque
3218 5480 3331 5547 filio
3374 5481 3582 5543 uidua,

2016 5589 2138 5644 pag.
2192 5573 2327 5641 209;
2361 5589 2482 5645 cap.
2529 5574 2592 5638 9,
2641 5589 2794 5630 num.
2830 5573 2932 5637 56,
2977 5571 3053 5626 De
3086 5573 3136 5625 vi
3171 5571 3596 5633 consuetudinis,

2018 5668 2180 5740 deque
2208 5659 2442 5736 ingressu
2473 5666 2674 5737 templi,
2699 5677 2745 5723 et
2771 5682 3033 5737 regressu,
3054 5680 3176 5736 pag.
3197 5662 3330 5729 256,
3358 5677 3485 5734 cap.
3513 5659 3622 5720 18‘.
