3998 6214
436 289 574 352 ιλιι

1347 283 1494 342 30$.
1535 279 1800 340 MARIE
1825 274 2193 342 :SUARESII
2234 270 2737 333 DlSSERTATIO

3566 266 3705 333 1261

431 404 523 471 18,
557 415 749 457 rursus
776 400 851 453 De
881 414 1018 453 sana
1042 398 1234 469 gloria,
1273 410 1395 467 pag.
1427 396 1568 462 4'59;
1601 393 1678 448 De
1709 392 2005 455 Bethania,
2038 397 2083 452 Α
2115 385 2296 442 vitatis
2354 399 2462 439 non
2520 383 2658 438 adeo
2710 392 2994 447 accurata,
3047 391 3101 435 et
3150 382 3315 435 anxia
3340 419 3359 445 ,
3412 383 3707 455 verbisque

432 513 553 566 cap.
603 492 705 557 19,
743 506 899 545 num.
938 488 1043 555 18,
1092 503 1214 558 pag.
1244 485 1384 554 492;
1435 486 1671 556 denique
1711 483 1791 539 De
1830 498 2010 537 resur-

433 588 685 650 rectione,
722 599 842 653 cap.
870 582 961 648 20,
999 598 1152 636 num.
1188 581 1259 634 22
1280 621 1294 644 ,
1328 596 1449 651 pag.
1481 580 1607 635 509.
1656 576 1875 632 Nicetas
1904 573 2010 630 ﬂe-

436 677 628 730 raclea:
652 672 1025 741 metropolites
1048 671 1099 723 in
1123 668 1320 723 Jobqu
1351 677 1599 722 catenam
1625 665 1818 727 texuit,
1846 677 2011 733 quam

432 766 633 823 Junius
679 765 952 821 Patricius
986 778 1017 818 e
1061 761 1393 817 bibliotheca
1438 757 1726 813 Bodleiana
1777 752 2012 809 Londini

437 860 663 930 protulit
689 858 829 929 typis
854 870 1001 910 anno
1036 853 1197 907 1657.
1225 852 1307 907 An
1343 850 1431 905 ille
1466 848 1656 912 David,
1687 846 1779 916 qui
1818 845 1883 899 ad
1915 858 2015 897 an-

437 966 568 1005 num
606 948 711 1004 858
744 946 970 1002 ﬂoruit?
1010 943 1443 1011 Manuscriptum
1497 938 1742 994 codicem
1800 934 2016 991 Thecla:

438 1041 668 1098 illustris
703 1039 920 1095 femina:
955 1035 1227 1108 Egyptiae
1266 1044 1321 1091 et
1348 1032 1570 1096 nobilis,
1599 1030 1745 1084 circa
1773 1038 2014 1097 tempora

437 1132 643 1197 Nicaeui
672 1130 913 1197 concilii,
941 1129 1021 1183 uti
1058 1126 1302 1197 iactabat
1330 1120 1877 1195 pseudo-patriarcha
1908 1117 2016 1190 Cy-

439 1223 599 1278 rillus
626 1217 1252 1288 Constantinopolitanae
1280 1214 1549 1269 incubans
1582 1211 1720 1278 sedi,
1763 1208 2015 1271 viventis,

439 1329 627 1373 secum
667 1313 758 1369 ille
783 1312 1116 1367 Alexandria
1147 1310 1461 1373 devexerat,
1494 1316 1551 1364 et
1579 1306 1647 1361 ad
1685 1318 1868 1376 regem
1902 1300 2017 1356 Ma-

441 1422 560 1478 gnae
594 1404 890 1460 Britanniae
917 1402 1161 1457 miserat.
1190 1401 1300 1471 Ego
1335 1413 1613 1454 censerem
1648 1395 1794 1450 illam
1825 1393 2016 1467 fuisse,

442 1499 508 1552 ad
541 1512 706 1569 quam
749 1496 941 1551 scribit
980 1502 1204 1549 sanctus
1250 1490 1551 1561 Gregorius
1597 1487 1977 1543 Nazianzenus
2003 1523 2018 1549 ,

440 1588 701 1659 epistolas
733 1587 860 1650 200,
900 1584 999 1639 201
1040 1594 1094 1640 et
1125 1583 1253 1638 202.
1300 1583 1518 1638 Nicctas
1548 1581 1846 1653 (inquam)
1888 1578 2019 1632 inibi

441 1676 747 1746 desumpsit
768 1674 941 1730 eNilo
974 1690 1095 1744 pag.
1121 1673 1190 1727 53
1217 1683 1270 1727 et
1302 1672 1390 1737 51,
1417 1688 1505 1737 ea,
1531 1686 1653 1742 qua:
1676 1672 1741 1725 de
1769 1668 2019 1737 losepho,

2114 480 2398 535 adhaerens
2428 475 2637 539 citatio,
2678 482 2740 528 ut
2763 474 2895 529 olim
2926 473 2991 527 ad
3039 473 3475 528 illustrissimum
3521 475 3709 547 Augu-

2115 572 2320 626 stinum
2360 567 2678 622 Favoritum
2720 566 3054 622 scribebam:
3095 566 3269 619 virum
3299 567 3705 623 ambidextrum

2118 677 2299 734 prosa,
2324 674 2591 729 versaque
2613 658 2884 713 oratione.
2919 656 3169 727 Suntque
3194 658 3507 730 μνημονικὰ
3534 661 3709 732 ἁμαρ-

2114 758 2357 827 τήματα,
2389 753 2549 824 quasi
2599 752 2732 806 Iurvi
2755 794 2771 819 ,
2805 751 2900 821 qui
2933 752 3141 806 Iuntina
3176 752 3428 806 videntur
3459 752 3712 822 quando-

2117 862 2252 917 que,
2288 856 2450 915 atque
2497 845 2790 905 delectant.
2824 844 2902 898 uti
2936 842 3130 898 Cicero
3164 843 3257 898 lib.
3298 860 3335 907 ι,
3392 843 3467 898 De
3511 856 3711 899 natura

2116 940 2330 992 deorum
2372 939 2649 1004 observat,
2701 950 2822 1006 cap.
2855 935 2962 1000 79,
3017 945 3275 1006 tanquam
3317 948 3647 992 ornamenta
3680 953 3710 992 ο

2119 1030 2315 1096 Gellio,
2347 1046 2469 1099 cap.
2499 1031 2552 1095 l,
2582 1029 2679 1083 lib.
2711 1045 2808 1083 xu.

2193 1119 2264 1174 Se
2294 1121 2519 1189 insuper
2570 1118 2859 1187 scripsisse
2910 1117 3110 1172 librum
3157 1118 3294 1185 Περὶ
3336 1118 3710 1185 κατανύξεως,

2123 1212 2174 1266 id
2210 1222 2313 1276 cst,
2357 1211 2433 1265 De
2471 1211 2895 1280 compunctioue,
2932 1226 3026 1264 seu
3057 1212 3375 1264 contritione
3403 1209 3560 1266 Nilus
3594 1213 3715 1281 ipse

2122 1313 2353 1359 testatur
2381 1303 2435 1357 in
2463 1302 2690 1372 epistola
2719 1302 2805 1368 11,
2835 1302 2930 1355 lib.
2981 1317 3040 1356 ιιι
3084 1302 3273 1366 Allat.,
3319 1302 3386 1356 ad
3416 1301 3715 1374 Polycbro-

2123 1396 2276 1452 nium
2306 1396 2624 1457 diaconum,
2671 1394 2741 1449 ad
2769 1409 3030 1464 eumque,
3073 1395 3205 1464 quin
3243 1395 3309 1449 ad
3353 1410 3444 1449 eos
3488 1410 3716 1464 quoque

2123 1488 2219 1558 qui
2270 1502 2393 1543 cum
2442 1488 2565 1557 ipso
2613 1485 3009 1552 morabantur,
3057 1485 3326 1551 allirmat,
3380 1487 3717 1556 illorumque

2124 1580 2378 1650 precibus
2412 1595 2534 1635 sese
2561 1582 2912 1635 commendat
2939 1598 2952 1634 :
2984 1579 3179 1634 nullibi
3204 1591 3353 1648 vero
3390 1578 3553 1649 bujus
3585 1579 3719 1634 libri

2126 1672 2233 1727 alia
2268 1673 2472 1726 mentio
2502 1681 2698 1726 exstat.

441 1770 605 1838 deque
638 1768 925 1821 nudatioue
959 1766 1013 1819 iu
1043 1779 1161 1834 cap.
1195 1764 1265 1818 12
1294 1764 1364 1817 ad
1400 1763 1651 1833 Magnam
1676 1762 1896 1816 brerins
1920 1776 2027 1815 ex-
2057 1753 2098 1808 Β
2200 1762 2388 1818 Sancti
2430 1763 2532 1818 Nili
2575 1762 2985 1818 Commentaria
3028 1762 3084 1817 in
3127 1760 3417 1818 Canticum
3467 1762 3720 1817 cantico-

445 1867 628 1926 stant,
662 1858 805 1913 idem
836 1872 867 1912 e
898 1871 1017 1927 cap.
1050 1856 1141 1918 29.
1179 1856 1345 1911 etiam
1384 1854 1455 1907 De
1487 1854 1786 1906 monastica
1817 1853 2023 1905 exerci-

447 1949 642 2003 tatione
676 1956 960 2003 mutuatus
996 1957 1077 2001 est
1107 1960 1170 1999 ca
1207 1960 1327 2014 qua:
1373 1945 1626 2012 leguntur
1662 1958 1788 2014 pag.
1831 1943 1936 1997 588
1972 1950 2026 1996 et

445 2040 571 2103 590,
604 2041 671 2095 de
702 2038 947 2106 Lucifero
977 2039 1226 2103 draroue,
1262 2035 1426 2105 deque
1452 2034 1742 2103 aspidibus,
1780 2051 1869 2089 seu
1907 2050 2023 2087 scu-

446 2136 553 2198 tis;
601 2143 656 2189 et
713 2148 744 2187 e
796 2146 915 2199 cap.
979 2130 1068 2192 62,
1117 2144 1239 2198 quia
1286 2128 1348 2181 de
1389 2128 1538 2180 asino
1590 2127 1817 2180 silvestri
1861 2125 2026 2196 637

446 2242 567 2296 pag.
601 2224 736 2288 557;
771 2234 826 2277 at
858 2236 888 2276 e
927 2236 1047 2290 cap.
1086 2220 1176 2284 49,
1203 2235 1327 2289 qua:
1374 2221 1437 2272 de
1469 2219 1641 2287 scirpo
1667 2261 1682 2285 ,
1718 2227 1768 2271 et
1815 2218 1985 2270 carice
2009 2256 2023 2280 ,

446 2332 569 2389 pag.
608 2314 710 2369 141
736 2323 790 2368 et
817 2311 954 2379 200;
992 2313 1137 2367 sicut
1166 2320 1219 2365 et
1251 2310 1315 2364 de
1350 2311 1546 2364 semine
1579 2308 1899 2379 Babylonico
1936 2324 2029 2361 ex-

447 2408 810 2470 terminanda,
839 2406 995 2476 juxta
1044 2420 1096 2459 c.
1127 2420 1158 2459 ι.
1181 2444 1197 2472 ,
1238 2418 1290 2457 ν.
1324 2401 1391 2456 16
1422 2399 1692 2465 Jeremize,
1727 2417 1849 2470 pag.
1874 2400 1977 2454 476
2010 2419 2023 2453 :

446 2500 590 2556 sicut
617 2511 665 2555 et
701 2499 766 2552 de
804 2496 1041 2563 brachio,
1076 2494 1244 2565 deque
1268 2509 1457 2548 manus
1488 2492 1671 2547 osculo
1699 2508 1730 2547 e
1764 2490 2025 2553 Levitico,

448 2594 540 2650 ubi
573 2593 728 2648 locus
757 2591 920 2655 paulo
953 2589 1109 2644 aliter
1154 2586 1374 2659 legitur,
1418 2585 1599 2640 videre
1644 2585 1767 2638 licet
1808 2598 1929 2654 cap.
1964 2584 2029 2638 ll

446 2684 525 2739 De
557 2683 850 2738 muastica
896 2679 1310 2744 exercitatione,
1364 2687 1419 2733 et
1467 2676 1536 2732 65
1564 2686 1619 2731 et
1648 2676 1737 2739 66,
1782 2691 1903 2747 qure
1955 2676 2029 2730 De

447 2776 577 2831 ducs
617 2785 663 2828 et
714 2774 1055 2841 imperatore,
1109 2786 1233 2841 pag.
1264 2768 1388 2824 585.
1441 2769 1770 2823 Anastasius
1818 2768 2027 2821 Sinaita

446 2848 742 2936 cpiscopus
793 2864 1169 2918 Antiochenus
1224 2861 1424 2916 ﬂorens
1480 2874 1626 2915 anno
1683 2859 1818 2927 541,
1870 2859 2028 2930 cujus

448 2971 616 3027 opera
663 2953 849 3009 Graece
887 2952 1189 3021 Latineque
1243 2950 1538 3006 Gretscrus
1562 2951 1752 3005 edidit.
1793 2952 1845 3005 in
1873 2951 2030 3015 Qua:-

447 3050 731 3113 stiouibus,
765 3044 933 3101 refert
961 3059 990 3100 e
1010 3042 1134 3099 Nilo
1165 3042 1435 3098 monacho
1463 3041 1530 3097 ad
1568 3041 1863 3112 Agathium
1911 3056 2028 3096 mo-

2128 1871 2272 1921 rum,
2330 1856 2458 1909 item
2508 1853 2754 1926 Gregorii
2797 1854 3031 1919 stseni
3060 1894 3074 1917 ,
3121 1862 3174 1907 rt
3222 1855 3397 1910 sancti
3446 1854 3671 1907 Maximi
3699 1893 3716 1915 ,

2126 1962 2222 2002 Seu
2267 1945 2581 2018 Ἐρμηνεία,
2630 1946 2813 2011 idest,
2858 1947 3224 2013 interpretatio
3264 1946 3716 2015 paraphrastica,

2128 2056 2250 2095 cum
2291 2038 2449 2095 Psclli
2482 2040 2717 2110 Στίχοις,
2741 2039 3040 2102 παλιτικοῖς
3088 2040 3460 2109 ἐξηγητικοῖς.
3486 2038 3721 2092 Exstant

2127 2133 2272 2187 edita
2314 2133 2543 2190 Parisiis
2586 2133 2771 2189 Graece
2828 2149 2892 2188 ac
2920 2134 3132 2199 Latine,
3160 2145 3292 2187 tom.
3323 2132 3365 2185 ll
3409 2132 3584 2204 638
3624 2130 3722 2185 Bi-

2129 2224 2400 2278 bliotheca:
2464 2223 2691 2279 Patrum
2734 2223 3294 2290 Graec-Latinorum,
3349 2240 3500 2279 anno
3545 2223 3717 2287 1621,

2128 2327 2283 2371 eruta
2321 2333 2351 2371 e
2391 2317 2679 2381 Vaticana,
2735 2317 3033 2374 Fraucisco
3067 2315 3204 2373 Zino
3244 2304 3583 2387 interprete;
3628 2319 3720 2373 sed

2132 2409 2427 2463 internosci
2492 2424 2599 2464 non
2658 2420 2836 2480 potest
2891 2410 3023 2480 quid
3076 2409 3345 2480 cujusque
3394 2409 3467 2463 sit
3523 2410 3718 2464 horum

2130 2501 2293 2556 trium
2338 2499 2581 2555 Patrum.
2616 2500 2759 2557 Sunt
2794 2511 2978 2557 autem
3011 2502 3213 2573 politici
3252 2501 3574 2556 Graecorum
3605 2517 3722 2555 ver-

2132 2607 2245 2658 sus,
2289 2592 2379 2661 qui
2430 2592 2761 2662 syllabarum
2799 2608 3064 2657 numero,
3113 2609 3220 2647 non
3273 2602 3581 2662 temporum
3636 2608 3725 2646 ra-

2133 2686 2278 2738 tione
2301 2695 2573 2749 constant,
2590 2685 2720 2738 nihil
2737 2684 2907 2750 aliud,
2924 2699 3086 2753 quam
3105 2686 3416 2755 rhythmos,
3431 2701 3465 2740 e
3482 2684 3729 2757 Josepho

2134 2776 2410 2844 Scaligero
2435 2777 2488 2829 in
2515 2775 2717 2831 Euseb.
2749 2774 2994 2831 Chronic.
3025 2792 3148 2846 pag.
3187 2778 3239 2829 7.
3266 2776 3511 2831 Joannes
3542 2778 3729 2833 Meur-

2131 2867 2247 2921 sius
2299 2865 2541 2935 Lugduni
2582 2865 2911 2920 Batavorum
2955 2866 3157 2935 publici
3196 2866 3340 2936 juzis
3384 2866 3515 2922 ferit
3558 2885 3727 2938 super

2135 2957 2265 3013 illud
2289 2957 2577 3012 Canticum
2609 2955 3053 3011 Commentarios
3083 2956 3319 3022 Eusebii,
3344 2956 3725 3029 Polyclironii,

2134 3059 2189 3106 et
2227 3048 2409 3116 Pselli,
2442 3065 2586 3104 anno
2633 3050 2792 3105 1617.
2842 3051 3144 3121 Procopius
3190 3052 3419 3105 Gazmus
3473 3053 3727 3121 saphista

450 3142 710 3205 ιιθειιιιηιν
744 3138 1005 3194 editionis
1037 3134 1488 3206 Ingolsladiensis
1517 3149 1641 3205 pag.
1676 3132 1766 3196 95.
1804 3132 1881 3188 De
1910 3150 2032 3186 οτα-
2060 3110 2104 3169 C
2134 3138 2506 3206 Christianus,
2561 3155 2724 3209 quem
2775 3141 2957 3210 arguit
3016 3110 3487 3196 eminentissimus
3542 3110 3730 3212 'atqne

452 3234 591 3287 tione
626 3234 684 3285 in
736 3232 880 3285 omni
930 3230 1046 3285 loco
1095 3230 1398 3299 fundendo,
1451 3230 1627 3298 deque
1659 3227 1940 3292 Cornelio,
1981 3237 2036 3282 et

454 3340 579 3393 pag.
611 3321 682 3377 35
710 3337 776 3377 ex
813 3321 1060 3391 ejusdem
1095 3320 1316 3390 scriptis
1354 3321 1420 3375 ad
1459 3318 1790 3390 Eucarpium
1837 3334 2033 3374 mona-

451 3418 669 3472 chum:
706 3413 843 3469 nihil
897 3423 1076 3468 tamen
1129 3429 1159 3467 a
1200 3411 1325 3467 Nilo
1364 3414 1629 3483 scriptum
1686 3412 1829 3476 fuit,
1887 3412 2032 3482 quod

453 3507 648 3573 sciam,
686 3505 753 3560 ad
785 3506 1144 3575 Eucarpium,
1187 3506 1297 3560 imo
1327 3521 1429 3561 nec
1460 3506 1690 3575 epistola
1721 3505 1937 3574 quidem
1967 3507 2033 3560 ad

451 3615 576 3657 eum
603 3600 713 3654 ulla
737 3598 863 3654 data
889 3597 1189 3665 invenitur,
1211 3597 1307 3654 sed
1332 3599 1401 3652 ad
1431 3596 1681 3652 Pionium
1716 3597 2032 3663 illustrium,

456 3695 526 3747 ita
556 3689 731 3748 δι’κεί
770 3690 1204 3762 pronuntiabant
1246 3689 1539 3754 illustrem,
1570 3688 1817 3759 germani
1846 3690 2032 3755 amici,

451 3798 506 3841 et
528 3785 832 3841 beatissimi
870 3784 1125 3855 Eucarpii
1155 3784 1327 3838 filium
1358 3782 1447 3849 3t,
1479 3783 1575 3838 lib.
1606 3799 1664 3839 tu
1696 3783 1862 3841 Allat.

521 3878 705 3935 Facile
752 3879 917 3948 igitur
970 3879 1256 3933 consentio
1310 3877 1582 3933 Gentiano
1631 3877 1897 3943 llerveto,
1939 3880 2033 3949 qui

455 3969 693 4025 Maximo
725 3970 780 4024 in
805 3970 1059 4025 asceticis
1098 3984 1161 4024 ea
1193 3968 1431 4025 vindicat
1455 4008 1470 4034 ,
1521 3969 1576 4023 in
1616 3969 1818 4038 quibus
1855 3970 2035 4040 agitur

452 4065 522 4120 de
548 4064 847 4120 Salomone
872 4106 886 4129 ,
938 4062 1114 4132 deque
1156 4062 1305 4121 Giezi
1351 4070 1405 4116 et
1446 4059 1586 4117 Juda
1620 4078 1631 4114 :
1665 4060 2034 4130 subjiciuntur

454 4166 638 4210 autem
671 4154 785 4210 haec
810 4153 1034 4209 Maximi
1061 4152 1424 4225 asceticorum
1455 4150 1746 4220 excerptis,
1780 4166 1904 4205 cum
1948 4158 2032 4205 ta-

455 4261 579 4301 men
608 4255 768 4301 antea
815 4243 969 4300 Nilus
1011 4246 1154 4303 inter
1183 4253 1434 4305 sanctum
1480 4241 1750 4299 Joannem
1795 4241 2033 4314 Chryso-

454 4347 719 4402 stomum,
747 4346 802 4391 et
822 4334 1187 4406 Nicephorum
1223 4334 1586 4405 patriarcham
1637 4334 2031 4389 Constantino-

2135 3232 2488 3288 doctissimus
2518 3233 2812 3289 cardinalis
2839 3233 3209 3299 ,Bellarminus
3244 3250 3388 3288 amio
3413 3232 3478 3288 C.
3529 3235 3594 3287 Ν.
3621 3236 3729 3290 560

2136 3325 2372 3391 vixisse;
2428 3335 2479 3379 at
2542 3325 2831 3395 imperium
2892 3325 3187 3381 Theodosii
3250 3328 3410 3397 primi
3471 3330 3729 3397 attigisse

2139 3416 2394 3487 Opinatur
2435 3414 2681 3471 Joannes
2702 3416 3009 3479 Curterius.
3038 3419 3132 3488 qui
3165 3417 3388 3472 Parisiis
3413 3433 3561 3474 anno
3586 3419 3731 3473 15.80

2135 3509 2255 3580 ejus
2299 3510 2354 3564 in
2397 3509 2592 3563 Isaiam
2626 3508 3068 3566 Commentarios
3109 3508 3301 3564 Latine
3348 3526 3535 3564 versos
3566 3512 3728 3565 evul-

2136 3601 2286 3673 gavit
2320 3619 2334 3654 :
2370 3598 2697 3670 ProcOpius,
2739 3600 2983 3671 inquam,
3015 3602 3176 3671 cujus
3215 3600 3271 3653 in
3320 3599 3723 3655 Ottateuchum

2135 3694 2527 3751 Commentarii
2585 3692 2777 3748 Latine
2840 3694 3016 3749 lucem
3085 3702 3418 3764 aspexerunt
3488 3693 3721 3765 Tiguri,

2134 3787 2385 3844 Conrado
2401 3788 2665 3843 Clausero
2688 3788 3001 3856 interprete,
3027 3803 3172 3841 anno
3200 3787 3372 3852 L355;
3405 3798 3463 3842 ct
3484 3787 3725 3844 J0autus

2134 3877 2407 3934 Meursius
2450 3877 2699 3949 Lugduni
2754 3878 3082 3932 Batavorum
3145 3878 3362 3932 Scholia
3401 3878 3727 3933 Greco-La-

2132 3970 2270 4035 tina,
2311 3954 2457 4023 anno
2497 3967 2654 4034 1620,
2687 3968 3055 4038 promulgavit
3094 3967 3147 4022 in
3180 3967 3350 4022 libros
3381 3966 3622 4039 Regum,
3672 3979 3729 4023 et

2133 4060 2616 4131 Paralipomenon.
2670 4059 2903 4130 Scripsit
2953 4059 3119 4114 etiam
3164 4059 3253 4113 ille
3306 4057 3615 4130 Procopius
3670 4064 3723 4115 in

2133 4153 2451 4217 Proverbia,
2492 4162 2547 4208 et
2582 4152 2832 4219 Cantica,
2872 4167 3049 4222 caque
3095 4152 3296 4221 scripta
3342 4152 3448 4207 sibi
3498 4164 3724 4208 ostensa

2139 4244 2381 4301 Venetiis
2433 4244 2634 4299 asserit
2661 4242 2970 4300 Curterius.
3003 4242 3147 4310 Quin
3175 4241 3725 4299 JoannesBessonus

2134 4351 2253 4392 soc.
2290 4333 2418 4393 Jesu
2474 4334 2527 4388 in
2572 4331 2860 4388 Canticum
2907 4335 3249 4388 canticorum
3280 4335 3597 4404 composuit
3628 4351 3726 4389 no-

455 4429 753 4498 politsnnm
789 4429 1089 4484 collocetur
1112 4467 1129 4492 ,
1184 4443 1307 4498 pag.
1355 4428 1445 4483 95.
1505 4425 1718 4481 Rursus
1770 4441 1836 4481 ex
1888 4428 2028 4483 libro
2062 4452 2108 4508 υ
2137 4441 2231 4479 vas
2264 4424 2710 4489 Lucubrationes,
2739 4439 2859 4493 quae
2910 4424 3060 4494 prelo
3090 4422 3361 4479 Tolosauo
3387 4442 3540 4481 anno
3578 4429 3725 4484 1616

453 4519 560 4573 Nili
594 4521 660 4575 ad
690 4521 1006 4592 Agathium,
1050 4521 1163 4575 sive
1205 4519 1568 4588 Agathonem,
1624 4519 1714 4572 ubi
1765 4518 2033 4574 Hcrvetus
2072 4532 2075 4535 '

451 4611 582 4681 legit
614 4610 951 4674 Antiochum,
991 4612 1063 4664 De
1094 4611 1265 4675 bouis,
1292 4626 1409 4680 quo:
1428 4610 1628 4664 dantur
1652 4611 2027 4681 indigentibus.

456 4702 656 4759 Verum
683 4719 747 4759 ea
780 4705 1131 4760 inveniuntur
1162 4704 1214 4757 in
1266 4719 1386 4773 cap.
1412 4703 1467 4769 2,
1498 4716 1633 4759 sect.
1680 4704 1741 4768 6,
1792 4706 1858 4759 ad
1889 4708 2034 4777 Aga-

451 4795 653 4859 thium,
689 4796 804 4851 sive
836 4794 1163 4859 Peristeriae,
1202 4809 1325 4865 pag.
1364 4793 1504 4861 129,
1562 4796 1616 4851 in
1651 4796 1888 4850 editione
1928 4799 2032 4853 ista

454 4888 596 4957 typis
632 4884 947 4940 Barberinis
976 4899 1179 4941 excusa
1216 4903 1229 4940 :
1260 4900 1479 4941 rursum
1524 4895 1648 4956 post
1692 4885 2031 4944 Diadochum

450 4979 513 5032 de
556 4979 874 5049 perfectione
903 4977 1138 5047 spiritali
1169 4993 1335 5048 penes
1375 4978 1729 5034 Anastasium
1778 4981 2030 5036 eumdem

451 5071 714 5127 nonnulla
754 5070 1111 5141 proferuntur
1139 5087 1172 5126 e
1211 5080 1406 5127 sancto
1454 5070 1576 5128 Nilo
1621 5072 1687 5128 ad
1738 5074 2030 5145 Agathium

450 5167 512 5219 de
546 5166 732 5220 mortis
762 5163 988 5218 terribili
1028 5166 1300 5235 mysterio,
1333 5165 1425 5220 ubi
1469 5177 1819 5237 comparatur
1849 5168 2030 5224 anima

447 5256 721 5311 excedens
750 5270 781 5310 e
808 5270 1043 5324 corpore
1070 5255 1171 5320 illi,
1202 5256 1294 5325 qui
1323 5270 1542 5312 amaras
1565 5255 1733 5311 ebibit
1760 5257 2027 5326 potiones.

448 5344 652 5402 Verum
686 5348 888 5417 passim
918 5348 1133 5403 variant
1167 5348 1451 5412 lectiones,
1505 5356 1561 5402 ct
1602 5348 1866 5420 phrases,
1916 5350 2031 5404 sive

447 5440 548 5506 illi,
574 5441 667 5511 qui
694 5440 1100 5503 exscribebaut,
1129 5440 1314 5494 minus
1345 5448 1595 5509 poterant
1623 5439 1887 5494 memoria
1906 5454 2030 5494 con-

443 5533 627 5599 sequi,
658 5532 962 5602 eademque
987 5532 1224 5587 retinere
1253 5547 1320 5585 ac
1352 5545 1576 5585 servare
1606 5530 1792 5594 verba,
1836 5530 2026 5586 intenti

446 5622 633 5678 sensui
667 5625 787 5694 plus
805 5639 971 5694 quam
1003 5625 1170 5698 stylo,
1205 5622 1320 5678 sive
1350 5621 1637 5681 codicibus
1662 5621 1908 5677 diversas
1933 5638 2028 5677 vo-

440 5724 541 5767 ces
583 5714 986 5775 continentibus
1018 5716 1353 5791 utebantur;
1389 5725 1443 5772 et
1472 5715 1632 5773 habet
1671 5707 1877 5787 aliquid
1906 5732 2024 5795 graf

2138 4515 2492 4582 prodierunt;
2529 4515 2661 4568 etin
2698 4514 2784 4569 bis
2817 4515 3003 4569 laudat
3031 4512 3236 4581 Nilum,
3269 4514 3559 4572 Philonem
3589 4521 3727 4575 Car-

2127 4606 2406 4676 pathium,
2432 4606 2863 4671 Theodoretum,
2890 4616 2945 4661 et
2969 4605 3196 4676 Eclogas
3224 4604 3479 4678 Procopii
3503 4611 3558 4664 in
3580 4609 3725 4665 Can-

2135 4699 2264 4762 tica,
2303 4708 2357 4752 et
2397 4697 2686 4753 Proverbia
2725 4716 2739 4752 :
2777 4697 2949 4753 fertur
2986 4707 3041 4754 et
3071 4699 3126 4753 in
3160 4712 3225 4754 ea
3260 4699 3554 4769 scripsisse
3602 4701 3726 4757 Orio

2134 4804 2322 4858 genes.
2360 4790 2596 4844 Sanctus
2633 4790 2875 4849 Thomas
2902 4790 3197 4861 Angelicus
3238 4792 3328 4846 ille
3359 4792 3557 4847 doctor
3593 4797 3725 4848 dum

2134 4877 2412 4932 allectaret
2447 4879 2680 4946 caelum,
2714 4880 2777 4933 ad
2820 4880 2964 4951 quod
3008 4880 3293 4951 migravit,
3330 4880 3562 4937 Cantica
3598 4900 3725 4939 can-

2137 4971 2370 5026 ticorum
2425 4986 2704 5042 exponens
2745 4987 2996 5044 cygnaeas
3034 4972 3228 5029 effudit
3277 4988 3462 5039 \oces,
3516 4986 3571 5030 et
3618 4992 3727 5031 em-

2134 5078 2313 5135 pyreze
2342 5063 2591 5119 melodia:
2624 5065 2937 5121 tirocinium
2981 5067 3185 5135 posuit,
3241 5080 3724 5136 supernarumque

2132 5153 2455 5208 deliciarum
2486 5152 2876 5224 promulsidem
2906 5154 3084 5210 libans
3114 5153 3315 5209 defecit
3340 5155 3392 5208 in
3425 5156 3617 5211 terris.
3650 5155 3721 5209 Ita

2131 5244 2289 5301 Nilus
2316 5255 2503 5302 noster
2528 5245 2828 5302 meditatus
2864 5247 2919 5302 in
2951 5246 3277 5305 Psalterium
3310 5249 3533 5306 Davidis
3560 5267 3725 5306 enar-

2133 5338 2395 5417 rationes,
2436 5353 2560 5392 cum
2585 5338 2654 5394 ad
2686 5338 2920 5411 patriam
2952 5339 3236 5394 caelestem
3281 5340 3587 5405 anhelaret,
3617 5343 3723 5396 ibi-

2131 5445 2238 5500 que
2261 5430 2374 5500 jani
2409 5431 2599 5486 animo
2627 5441 3064 5499 conversaretur,
3100 5433 3193 5486 lilii
3239 5433 3557 5489 Salomonis
3577 5435 3721 5490 Can-

2132 5526 2301 5580 ticum
2328 5525 2721 5594 interpretatus
2754 5525 2891 5580 mihi
2923 5526 3163 5582 videtur.
3208 5524 3447 5584 Sanetus
3477 5527 3718 5582 Thomas

2133 5622 2186 5676 in
2217 5622 2551 5678 monasterio
2579 5621 2961 5679 FossaeoNovaa
3003 5623 3391 5681 Cistercieusis
3415 5626 3631 5680 ordinis
3654 5625 3737 5685 ad,

2131 5717 2467 5773 Amaseuum
2495 5716 2814 5789 Campania:
2849 5716 3073 5774 ﬂuvium
3106 5720 3303 5774 morbo
3350 5720 3609 5775 detentus
3636 5734 3715 5776 se-
