3998 6214
391 210 532 279 1365
1621 206 1719 268 DE
1756 204 2135 269 OPERIBUS
2171 208 2229 267 S.
2269 196 2449 270 NlLI.
3505 211 3637 277 mea

388 326 626 383 cunilam
672 320 1073 393 expositionem
1122 318 1177 375 in
1236 317 1457 376 Cantica
1480 359 1493 383 ,
1553 334 1676 390 qua:
1739 316 1967 388 incipit,
1998 319 2047 376 Δ
2071 316 2301 387 prolata,
2328 316 2531 374 Nicetm
2559 316 2765 374 scilicet
2792 317 3186 376 Heracleensis.
3213 319 3442 378 Michael
3470 321 3643 380 Gisle-

394 414 652 470 Salomon
689 430 723 468 a
762 413 868 468 Deo
900 414 1215 483 inspiratus,
1256 426 1381 468 cum
1417 411 1611 466 fuisset
1651 422 1964 481 aggressus,

397 506 683 563 absolvere
724 506 839 561 non
875 506 1075 576 potuit,
1120 510 1299 561 morte
1348 502 1495 575 pium
1536 502 1970 571 interrumpente

398 606 655 654 conatum
696 607 1023 668 praventus,
1071 596 1482 667 exspiravitque
1520 594 1580 649 in
1616 594 1729 651 illis
1764 594 1966 658 verbis,

398 707 519 762 quae
548 691 799 761 leguntur
829 690 883 745 in
906 690 1085 761 capite
1116 690 1370 760 septimo,
1400 704 1449 742 v.
1485 689 1544 742 ll
1579 704 1593 741 :
1634 686 1782 752 Veni,
1811 684 1971 741 electe

399 786 494 852 mi,
532 784 865 854 egrediantur
906 784 960 836 in
1000 797 1221 853 agrum,
1263 782 1371 836 sive
1406 780 1651 845 hortum;
1686 788 1745 834 ut
1783 776 1992 833 auctor'

398 883 482 931 est
541 873 727 929 Sixtus
790 872 1093 935 Senensis,
1150 873 1247 927 lib.
1304 888 1356 927 tv
1420 871 1677 926 Bibliotlt.
1748 878 1969 925 sanctae.

400 965 880 1021 Eminentissimus
918 964 1213 1021 cardinalis
1257 962 1586 1027 Franciscus
1641 960 1972 1016 Barberiuus

401 1056 613 1120 abbas,
656 1054 903 1125 tantique
956 1053 1136 1109 Patris
1184 1054 1383 1115 cultor,
1438 1068 1562 1107 cum
1615 1051 1819 1121 ubique
1861 1067 1975 1107 sum

401 1145 616 1216 pietatis
660 1144 894 1214 insignia
931 1153 1146 1200 exserat
1179 1141 1698 1208 monimenta,‘licet
1744 1157 1806 1198 ea
1859 1157 1977 1212 prc-

402 1244 545 1302 mat,
594 1243 648 1291 et
696 1236 911 1291 occulat
946 1236 1142 1300 anxie,
1194 1235 1540 1306 magniﬁcam
1598 1234 1771 1290 erexit
1821 1250 1974 1290 aram

402 1342 528 1382 cum
567 1334 749 1383 statua
792 1340 1102 1382 marmorea
1142 1325 1359 1397 egregie
1389 1325 1620 1396 sculpta,
1652 1335 1703 1382 et
1729 1325 1978 1382 cubiculo

408 1420 675 1474 adornato
702 1418 909 1473 addidit
941 1417 1377 1487 inscriptionem,
1410 1432 1574 1487 quam
1606 1432 1636 1472 e
1666 1417 1733 1472 Β.
1763 1417 1823 1475 Ρ.
1854 1416 1975 1472 Fri-

404 1511 556 1581 gerio
587 1510 906 1580 presbytero
934 1509 1374 1581 congregationis
1401 1509 1636 1565 Oratorii
1670 1517 1976 1579 promptam

406 1604 590 1656 insero
644 1601 698 1655 in
750 1599 873 1655 Vita
915 1600 1091 1655 sancti
1134 1599 1383 1665 Thomm,
1439 1600 1533 1656 lib.
1586 1616 1675 1666 tv,
1729 1616 1847 1669 cap.
1898 1600 1976 1653 9.:

407 1692 637 1748 Sanctus
702 1691 929 1745 Thomas
986 1700 1042 1744 ut
1095 1691 1360 1747 cantando
1403 1700 1724 1765 moreretur,
1773 1699 1821 1744 et
1867 1706 1977 1743 mo-

409 1785 593 1838 riendo
624 1791 886 1846 cantaret,
934 1791 1119 1852 rogatu
1168 1782 1546 1836 monachorum
1603 1779 1979 1836 Foster-Nova:

408 1875 633 1933 Cantica
687 1874 1014 1928 canticorum
1059 1889 1357 1943 exponens,
1404 1872 1598 1941 majori
1647 1872 1845 1939 amoris
1906 1872 1979 1937 vi,

403 1980 560 2035 quam
591 1964 779 2028 morbi,
816 1964 871 2017 in
905 1963 1092 2018 caelum
1132 1964 1365 2033 rapitur.
1388 1962 1582 2017 Plures
1627 1970 1807 2017 autem
1847 1977 1980 2017 con-

403 2056 623 2125 scripta:
657 2053 883 2110 fuerunt
916 2056 1083 2111 variis
1111 2055 1179 2110 ab
1211 2054 1471 2110 Ecclesia:
1495 2054 1817 2109 doctoribus
1842 2054 1984 2108 Can-

406 2146 641 2200 ticorum
700 2144 1114 2214 explanationes
1162 2143 1329 2215 639
1370 2142 1596 2198 Latinae.
1651 2141 1833 2198 Prima
1887 2142 1985 2197 tri-

410 2234 599 2289 buitur
636 2234 985 2300 Cassiodoro,
1027 2249 1059 2289 a
1087 2248 1220 2304 quo,
1249 2243 1303 2289 et
1333 2249 1363 2288 a
1392 2234 1535 2289 Beda
1561 2243 1983 2302 transsumptam

412 2323 503 2377 alii
525 2330 738 2393 putant,
770 2331 826 2379 et
862 2323 1141 2379 vindicant
1170 2322 1439 2395 Haymoni
1467 2324 1726 2395 episcopo
1763 2324 1989 2379 Halber-

413 2415 662 2481 statcnsi,
720 2414 812 2487 qui
864 2414 1079 2470 Alcuini
1130 2415 1433 2485 discipulus
1482 2430 1627 2471 anno
1675 2415 1780 2472 850
1830 2416 1985 2471 vixit.

412 2507 527 2571 Ea,
570 2507 727 2577 cujus
780 2507 1065 2561 exordium
1104 2517 1206 2573 est,
1267 2506 1427 2561 Sonet
1487 2522 1584 2561 vos:
1626 2515 1741 2575 tua,
1791 2507 1990 2563 dicitur

414 2595 613 2667 Egidii
634 2594 865 2650 Romani
890 2594 956 2649 de
976 2594 1265 2660 Columna,
1290 2595 1528 2650 doctoris
1547 2594 1990 2651 Fundamentalis

415 2685 693 2755 appellati,
723 2700 861 2754 opus
898 2700 1041 2751 esse,
1075 2685 1325 2757 quamvis
1354 2701 1385 2740 a
1424 2684 1747 2754 quibusdam
1772 2725 1788 2750 ,
1828 2694 1883 2740 et
1923 2686 1991 2739 ab

418 2778 536 2847 ipso
568 2775 723 2831 Sixto
748 2776 977 2832 Senensi
1001 2777 1309 2831 ascribatur
1340 2786 1530 2831 sancto
1563 2774 1814 2841 Thomas,
1842 2775 1991 2830 ideo-

416 2884 522 2941 que
562 2868 986 2939 suprascriptam
1045 2868 1206 2922 aliam
1254 2867 1661 2938 Expositionem
1716 2875 1994 2937 nuncupet

2072 409 2190 465 rius
2220 410 2452 466 clericus
2476 408 2743 480 regularis
2766 417 2941 466 tomos
2971 422 3079 467 tres
3107 412 3159 465 in
3191 410 3479 468 Jercmiam
3509 430 3645 469 con-

2073 502 2259 572 gessit,
2290 518 2524 559 excusos
2546 517 2764 573 quoque
2788 502 3039 574 Lugduni
3069 503 3226 558 ίϐίὶὸ.
3251 506 3312 559 ln
3332 505 3418 560 his
3442 504 3657 561 Catena.

2073 592 2386 648 Graecorum
2419 594 2642 649 Patrum
2681 610 2746 650 ex
2782 595 3040 650 Vaticana
3086 593 3437 651 Bibliotheca
3465 603 3661 661 eruta,.

2072 687 2230 741 etab
2288 686 2488 740 Allatio
2565 694 2737 756 atque
2780 685 3110 758 Caryophilo
3161 685 3354 741 Latine
3400 684 3644 747 reddita,

2074 792 2238 848 qnam
2271 787 2430 831 antea
2461 777 2722 833 emiserat
2770 778 2823 832 in
2875 779 3048 833 lucem
3082 777 3149 831 Α.
3190 778 3430 848 Agellius
3463 775 3648 833 Romae

2073 870 2509 937 Graeco-Latine,
2556 872 2660 928 fuit
2706 873 2912 926 intexta
2963 872 3050 925 illa
3100 886 3223 926 cum
3275 872 3398 928 aliis
3436 872 3649 928 duabus

2073 963 2316 1019 Catenis.
2348 964 2636 1019 Balthazar
2665 964 2969 1020 Corde-rius.
3004 963 3399 1034 expositionem
3432 963 3650 1031 viginti-

2075 1065 2313 1126 qnatuor
2351 1054 2574 1111 Patrum
2608 1055 2924 1112 Grmcorum
2958 1056 3013 1110 in
3054 1054 3307 1111 Psalmos
3352 1053 3651 1124 publicavit

2076 1145 2386 1216 Antuerpiae
2417 1161 2563 1201 anno
2609 1146 2777 1210 1645,
2837 1146 3001 1200 tomis
3045 1143 3221 1200 tribus
3250 1144 3502 1214 digerens
3529 1158 3647 1197 eam

2079 1240 2133 1294 in
2181 1238 2444 1295 Catenam
2482 1238 2897 1309 paraphrasim,
2944 1247 2997 1293 et
3038 1237 3537 1302 Commentariun);
3583 1236 3669 1290 ab,

2078 1331 2269 1387 eodem
2304 1330 2577 1403 Symbolae
2605 1330 2837 1394 collatae,
2888 1330 3049 1385 tomis
3117 1330 3331 1386 duobus
3378 1329 3650 1393 visuntur,

2077 1437 2111 1478 e
2162 1421 2361 1493 quibus
2411 1421 2625 1495 primus
2674 1422 2729 1478 in
2774 1421 3086 1477 Matthazum
3128 1419 3389 1476 Catenam
3429 1434 3650 1475 auream

2079 1516 2303 1572 exhibet
2333 1515 2648 1571 Graecorum
2688 1516 2909 1570 Patrum
2948 1514 3113 1569 unius
3151 1522 3207 1567 et
3247 1511 3470 1584 viginti,
3516 1526 3659 1580 quos

2085 1604 2151 1660 ιι.
2180 1604 2241 1661 P.
2287 1604 2553 1661 Possinus
2577 1603 2735 1657 Latio
2756 1603 2999 1667 dcttavit,
3036 1600 3354 1670 Tolosaeque
3378 1594 3659 1658 commisit

2084 1696 2234 1766 prelo
2262 1694 2316 1749 in
2345 1692 2613 1749 ambabus
2644 1692 2847 1761 linguis
2885 1706 3030 1745 anno
3075 1689 3236 1745 1646.
3276 1688 3424 1745 Alter
3452 1697 3673 1753 tomus,

2080 1788 2136 1843 in
2166 1803 2276 1857 quo
2316 1786 2521 1841 Catena
2552 1784 2772 1856 triginta
2817 1782 3062 1849 Patrum,
3097 1796 3237 1853 quos
3283 1781 3423 1836 inter
3458 1790 3541 1836 est
3565 1778 3661 1833 Ni-

2080 1879 2186 1943 lus,
2227 1878 2385 1947 cujus
2412 1878 2605 1949 χρῆσις
2629 1916 2644 1942 ,
2679 1876 2793 1931 sive
2830 1873 3129 1930 auctoritas
3164 1872 3397 1930 refertur
3439 1888 3560 1943 cap.
3603 1873 3656 1936 9,

2080 1984 2205 2041 pag.
2235 1968 2371 2035 5l9;
2427 1967 2507 2021 De
2559 1976 2816 2037 potestate
2865 1965 3224 2035 apostolorum
3275 1964 3675 2019 ambulantium.

2082 2075 2238 2129 super
2254 2067 2511 2128 serpentes
2539 2066 2588 2110 et
2621 2058 2921 2125 scorpiones
2954 2073 2972 2109 :
3009 2057 3353 2125 interpretem
3377 2064 3532 2109 nacta
3572 2054 3663 2109 illa

2087 2160 2171 2206 est
2192 2149 2370 2219 ipsum
2402 2146 2568 2218 650
2588 2145 2932 2210 Corderium,
2955 2145 3048 2214 qui
3090 2142 3290 2199 fatetur
3317 2143 3661 2199 collectorem

2088 2240 2259 2296 fuisse
2314 2236 2560 2293 Nicetam
2604 2236 2925 2306 episcopum
2978 2234 3311 2290 Serrarum:
3352 2235 3677 2292 testimonia-

2088 2332 2314 2386 Patrum
2338 2344 2448 2385 non
2474 2328 2712 2384 citantur
2728 2326 2795 2382 ad
2821 2326 3069 2393 verbum,
3092 2324 3188 2381 sed
3216 2325 3475 2382 collector
3496 2326 3666 2382 utitur

2089 2420 2446 2493 paraphrase,
2478 2428 2539 2474 ut
2572 2418 2831 2474 observat
2868 2432 2968 2489 pro
2999 2431 3097 2473 sua
3140 2416 3360 2473 solertia
3390 2416 3450 2472 P.
3482 2415 3667 2473 Possi-

2091 2527 2218 2567 nus.
2270 2510 2530 2566 Catenam
2592 2518 2858 2574 attamen,
2914 2508 2997 2564 uti
3050 2510 3332 2580 torquent
3365 2508 3665 2579 pretiosum

2087 2603 2304 2657 aestimo
2358 2616 2552 2657 aurum
2596 2608 2807 2666 contra,
2839 2614 2870 2655 e
2918 2598 3112 2671 viginti
3158 2612 3355 2653 novem
3412 2596 3670 2654 Patribus

2094 2692 2407 2759 conﬂatam,
2446 2707 2511 2747 ac
2547 2690 2895 2763 potissimum
2929 2705 2961 2747 e
3006 2697 3198 2747 sancto
3243 2687 3456 2744 Joanne
3503 2688 3673 2761 Chry-

2095 2794 2361 2850 sostomo,
2406 2786 2460 2840 in
2512 2783 2699 2839 codice
2762 2783 2856 2854 qui
2909 2784 3121 2840 calamo
3177 2792 3434 2838 exaratos
3480 2791 3563 2837 est
3617 2784 3672 2836 in

2096 2878 2437 2941 membrana,
2470 2883 2864 2945 promptasque
2896 2873 2997 2929 fuit
3033 2889 3063 2931 e
3095 2872 3431 2930 Bibliotheca
3471 2873 3683 2929 Barbe~

418 2962 737 3017 secundam.
766 2959 980 3032 Mystici
1026 2970 1081 3016 et
1112 2961 1393 3034 anagogici
1422 2961 1613 3017 Patres
1640 2959 1993 3047 quamplures
2018 2988 2063 3047 ο
2096 2968 2238 3032 rina,
2263 2965 2652 3033 Graecenitidis
2680 2964 2816 3020 satis
2832 2964 3262 3029 characteribus,
3284 2980 3315 3018 a
3336 2964 3676 3019 reverendis~

419 3051 473 3105 in
518 3052 659 3105 hanc
699 3066 918 3104 arenam
960 3050 1373 3125 descendentes,
1410 3050 1463 3103 in
1498 3050 1599 3104 ista
1638 3046 1864 3103 Cantica
1896 3045 1993 3101 de-

419 3139 706 3203 sudarunt,
744 3139 1017 3210 praecipue
1045 3147 1273 3195 sanctus
1307 3136 1618 3192 Bernardus
1659 3134 1953 3190 melliﬂuus
1976 3173 1992 3200 ,

417 3230 513 3299 qui
561 3228 854 3285 Sermones
904 3230 956 3283 in
1005 3245 1069 3284 ea
1123 3229 1366 3295 dictavit,
1413 3237 1467 3283 et
1507 3229 1717 3283 habuit.
1762 3226 1996 3285 Sanctus

419 3319 714 3391 Gregorius
742 3319 809 3375 M.
839 3320 893 3373 in
926 3319 1147 3374 Cantica
1176 3320 1431 3389 scripsit:
1466 3319 1731 3388 Aponius,
1764 3317 1998 3387 Angelo-

421 3411 913 3476 mus,Anibrosius,
952 3409 1278 3475 Ausbertus,
1331 3408 1605 3462 Honorius
1643 3406 1997 3476 Augustodu-

424 3504 634 3564 ncnsis,
675 3504 967 3557 Ausclmus
999 3501 1401 3566 Laudunensis,
1439 3500 1714 3565 Rupertus
1746 3498 2001 3554 Tuitiena

423 3592 521 3657 sis,
555 3602 608 3646 et
640 3591 911 3647 Robertus
942 3589 1159 3652 Holkot,
1185 3597 1348 3659 atque
1384 3588 1475 3643 alii
1509 3602 1648 3658 quos
1675 3602 2001 3643 enumerare

423 3683 645 3754 longum
678 3690 843 3745 esset,
874 3679 1207 3735 recentiores
1247 3679 1571 3747 interpretes
1599 3692 1882 3734 sacrorum
1910 3677 2001 3732 Bi-

424 3772 683 3836 bliorum,
721 3770 1012 3841 plerasque
1064 3769 1118 3823 in
1148 3784 1210 3824 ca
1261 3776 1657 3823 contexuerunt
1699 3767 1900 3834 Notas,
1948 3775 2004 3823 et

425 3861 907 3926 Commentarios,
973 3859 1052 3914 uti
1114 3858 1334 3931 profani
1372 3866 1625 3916 auctores
1679 3860 1732 3915 in
1777 3871 1999 3932 poetas.

427 3953 807 4025 philosophos,
837 3959 1108 4017 oratores,
1144 3950 1403 4018 medicos,
1432 3950 1795 4022 legisperitos,
1824 3951 1999 4007 Scho-

428 4048 537 4112 lia,
592 4045 1094 4103 Commentationes
1141 4045 1411 4116 ingentes,
1464 4043 1708 4110 Glossas,
1751 4044 2003 4115 Explica-

432 4140 608 4194 tiones
638 4138 848 4208 amplas
900 4149 953 4192 et
992 4137 1160 4193 fusas.
1197 4137 1302 4205 Qui
1334 4145 1751 4202 successerunt,
1793 4154 1855 4192 ex
1898 4137 2005 4193 illis

431 4209 823 4301 excei'pserunt
854 4228 1102 4293 Notulas,
1156 4243 1295 4301 quas
1340 4227 1576 4284 Catenas
1616 4230 2007 4299 nuncupabant

431 4322 627 4385 Graeci,
661 4332 716 4375 at
739 4319 920 4375 Latini
963 4319 1238 4387 Pastillus,
1280 4328 1331 4374 et
1381 4319 1605 4375 Glossas
1645 4320 1699 4373 in
1740 4319 1941 4386 Biblia,
1975 4336 2007 4376 θ
2039 4324 2083 4379 D

432 4415 634 4485 quibus
665 4413 892 4467 Strahus
916 4410 1223 4478 Fuldensis,
1254 4412 1347 4482 qui
1379 4426 1524 4465 anno
1545 4410 1650 4465 8ιο
1670 4411 2010 4466 continumit

433 4504 817 4571 Ordinariam;
874 4503 1167 4558 Ansclmus
1213 4502 1590 4557 Laudunensis
1641 4517 1785 4557 anno
1847 4502 2005 4566 1077,

435 4594 835 4649 interlinearem
862 4610 876 4659 ;
914 4601 1027 4647 tum
1061 4591 1318 4647 Nicotaus
1351 4590 1619 4662 Lyranus,
1649 4600 1703 4646 et
1733 4591 1845 4645 alii.
1865 4589 2008 4644 San-

435 4697 556 4743 ctns
586 4686 747 4740 etiam
777 4685 1016 4740 Thomas
1051 4686 1288 4740 Auream
1320 4682 1578 4739 Catenam
1619 4683 1911 4737 connexuit
1955 4684 2006 4736 in

437 4778 728 4847 Evangelia
774 4787 1037 4848 quatuor;
1087 4778 1319 4831 Auream
1369 4793 1531 4841 vere,
1562 4793 1685 4846 quae
1727 4776 1825 4829 fuit
1865 4790 2011 4829 anno

440 4870 577 4927 1657
607 4885 808 4925 excusa
842 4888 855 4923 :
896 4866 1288 4931 (Ecumenius,
1325 4879 1380 4923 et
1411 4867 1835 4939 Olympiodorus
1861 4908 1874 4933 ,
1917 4867 2008 4935 qui

437 4971 562 5033 post
597 4961 945 5015 millesimum
987 4974 1191 5013 annum
1228 4958 1431 5013 vixisse
1468 4974 1501 5011 a
1540 4956 1866 5027 quibusdam
1896 4956 2011 5009 cxi-

436 5053 754 5116 stimantur,
793 5052 864 5106 ab
897 5050 1019 5105 aliis
1046 5050 1111 5103 ad
1150 5049 1252 5105 900
1281 5058 1335 5103 et
1366 5047 1470 5103 800
1503 5049 1875 5111 retrahuntur,
1905 5046 2010 5103 Ca-

438 5154 689 5200 tenarum
736 5155 989 5201 auctores
1024 5143 1398 5214 perhibentur.
1450 5141 1709 5196 Catenam
1756 5140 1809 5192 in
1852 5138 1954 5194 Job
1984 5155 2015 5193 e

439 5237 627 5306 viginti
651 5245 885 5309 quatuor
908 5235 1111 5291 Graecis
1137 5234 1459 5290 doctoribus
1485 5230 1687 5287 Paulus
1712 5231 2016 5287 Comitolus

439 5345 555 5385 soc.
592 5327 720 5383 Jesu
766 5344 798 5383 e
837 5326 1027 5383 Graeco
1067 5342 1386 5381 conversam
1425 5326 1476 5378 in
1510 5323 1763 5378 Latinum
1808 5338 2019 5378 sermo-

441 5432 562 5472 nem
596 5414 845 5488 Lugduni
879 5414 1244 5486 promulgavit
1274 5431 1421 5470 anno
1462 5413 1630 5481 l586;
1671 5421 1725 5467 at
1757 5429 1850 5467 eos
1878 5415 2018 5467 inter

440 5510 694 5565 doctores
718 5508 899 5564 Nilum
926 5507 1191 5570 nominat,
1212 5514 1267 5561 et
1292 5507 1404 5559 lucc
1432 5514 1532 5571 est,
1553 5521 1716 5576 quam
1747 5503 2018 5559 Patricius

440 5600 637 5656 Junius
659 5599 888 5656 Londini
918 5608 1151 5667 utraque
1173 5597 1351 5666 lingu?
1379 5595 1566 5659 edidit,
1598 5610 1628 5651 a
1654 5612 1736 5649 Inc
1768 5593 2016 5662 superius

2097 3062 2238 3117 simo
2270 3059 2467 3115 abbate
2512 3056 2711 3113 Carolo
2752 3055 3010 3123 Morono,
3051 3055 3145 3127 qui
3189 3055 3484 3111 litterarias
3530 3070 3677 3110 meas

2097 3151 2314 3223 vigilias
2346 3164 2450 3221 ope
2495 3163 2595 3206 sua
2628 3157 2852 3205 strenua
2882 3147 3148 3204 benevole
3187 3145 3446 3212 suﬂ‘ulsit,
3481 3145 3677 3216 cuique

2096 3243 2297 3299 debere
2338 3239 2567 3297 multum
2617 3253 2707 3295 me
2759 3238 2996 3311 ingenue
3040 3237 3341 3308 proﬁteor,
3400 3236 3681 3292 exhibitus

2099 3333 2516 3407 perhumaniter
2552 3332 2643 3388 ille
2674 3330 2807 3387 mihi
2837 3330 2964 3397 fuit,
2993 3328 3456 3401 quemadmodum
3489 3336 3543 3384 et
3573 3329 3676 3381 alia

2100 3426 2338 3497 plurima
2362 3424 2496 3479 mihi
2523 3423 2592 3477 ab
2612 3422 3049 3501 ipsorliberaliter
3067 3436 3305 3491 agnosco
3337 3420 3509 3477 fuisse
3532 3436 3682 3477 coin-

2100 3516 2400 3572 municata.
2451 3514 2690 3571 Titulum
2721 3513 2895 3581 codex
2936 3513 3083 3568 hunc
3128 3512 3351 3583 prafert
3402 3512 3457 3565 in
3504 3512 3690 3569 fronte

2104 3609 2361 3666 inferiore
2410 3626 2425 3663 :
2483 3608 2806 3678 Ἐρμηνείαι
2859 3604 2973 3663 τῶν
3031 3606 3286 3677 πράξεων
3345 3605 3453 3659 τῶν
3509 3605 3687 3668 ἁγίων

2114 3700 2475 3767 Ἀποστόλων,
2508 3700 2739 3769 καὶτῶν
2772 3697 3092 3753 Καθολικῶν
3130 3696 3459 3752 Ἐπιστολῶν
3491 3697 3683 3750 ’ῐακιῖιε

2103 3795 2200 3849 6ου
2227 3794 2298 3862 α’,
2323 3795 2528 3866 Πέτρου
2539 3792 2587 3848 α’
2604 3792 2698 3849 καὶ
2711 3792 2776 3863 β’,
2793 3791 3040 3846 Ἰωάννου
3062 3796 3132 3857 α’,
3159 3789 3203 3859 β’
3215 3789 3307 3844 καὶ
3330 3796 3399 3860 γ’,
3417 3788 3701 3854 ’ἰούδοιὶἀξ

2105 3867 2705 3955 εει,ζ1ηιετρνειαιὶοπέε
2728 3884 2957 3938 Actuum
2976 3891 3282 3937 sanctorum
3303 3879 3704 3950 apostolorum“

2102 3992 2153 4041 et
2176 3983 2568 4039 Catlroticarum
2607 3979 2967 4050 Epistolarum
3003 3976 3193 4031 Jacobi
3220 3975 3261 4043 l,
3288 3974 3441 4031 Petri.
3467 3976 3487 4029 l
3521 3985 3575 4030 et
3604 3974 3646 4028 ll
3667 4016 3683 4037 ,

2103 4078 2330 4133 Joannis
2368 4076 2419 4142 Ι,
2459 4073 2502 4129 ll
2536 4083 2590 4130 et
2626 4072 2715 4139 lll,
2747 4070 2926 4126 Judaz.
2959 4071 3095 4127 Inibi
3143 4070 3455 4125 referuntur
3492 4076 3685 4123 aucto—

2108 4172 2298 4226 ritates
2336 4167 2515 4224 sancti
2547 4165 2790 4230 Maximi,
2822 4164 2915 4236 qui
2958 4179 3103 4219 anno
3142 4162 3248 4219 650
3291 4160 3511 4228 ﬂoruit,
3564 4160 3701 4216 lau-i

2108 4262 2418 4329 danturque
2445 4259 2592 4315 illius
2625 4258 2952 4330 Ἐρωτήσεις
2997 4253 3685 4326 καὶάποκρίσεις.ίιιθαιιοιι

2111 4352 2342 4409 Joannis
2376 4350 2717 4414 Damasceni,
2736 4348 2831 4421 qui
2859 4362 3006 4404 anno
3031 4348 3131 4402 ’751
3162 4344 3366 4409 ﬂoruit,
3386 4345 3525 4401 liber
3547 4344 3684 4414 Περὶ

2109 4447 2208 4517 τῆς
2252 4443 2512 4506 ἐνδόσεως
2559 4444 2659 4513 τῆς
2698 4441 2942 4503 Haloti;
2988 4438 3082 4493 καὶ
3115 4436 3330 4505 Καινῆς
3372 4435 3685 4505 Διαθήκηςς

2111 4539 2163 4593 id
2195 4546 2298 4602 est,
2340 4537 2413 4591 De
2460 4536 2745 4591 traditione
2800 4531 3011 4599 Veteris!
3040 4540 3093 4585 et
3142 4528 3279 4584 Novi
3329 4528 3686 4592 Testamenti;

2112 4629 2346 4698 ideoque
2373 4644 2483 4682 non
2516 4626 2707 4691 miror,
2741 4625 2787 4680 si
2818 4623 3019 4693 saepius
3046 4640 3077 4673 υ
3112 4635 3210 4689 pro
3247 4618 3278 4689 β
3308 4626 3603 4688 nsurpetur
3634 4619 3685 4670 in

2113 4720 2411 4789 scriptura,
2460 4716 2860 4773 neotericorum
2896 4714 3210 4767 Craaeorum
3244 4724 3343 4778 pro
3378 4723 3551 4763 more.
3578 4707 3686 4762 Sed

2112 4813 2205 4884 qui
2256 4810 2457 4867 factum
2508 4818 2626 4870 est.
2685 4816 2743 4862 ut
2793 4807 2923 4861 dum
2972 4806 3208 4860 Iudicem
3253 4817 3480 4872 cperum
3511 4799 3688 4855 sancti

2113 4905 2220 4960 Nili
2258 4903 2524 4959 conﬁcere
2557 4910 2726 4960 tento,
2759 4899 2991 4953 aliorum
3026 4909 3191 4964 opera
3235 4890 3689 4949 commentarios.-

2114 5013 2220 5070 que
2267 5005 2376 5050 tam
2427 4993 2636 5063 prolixe
2692 4986 3084 5060 percenseam?
3123 4995 3181 5040 et
3222 4998 3359 5053 pene
3414 4979 3640 5035 Cesneri
3672 5017 3687 5039 ,

2117 5086 2364 5149 Simleri,
2403 5081 2649 5147 Draudii,
2684 5096 2780 5134 seu
2814 5078 2997 5148 pctius
3020 5072 3691 5139 Possevini,aliorumque

2118 5174 2622 5245 bibliographorum
2674 5169 2901 5225 evadant
2935 5164 3211 5220 aemulus-
3242 5157 3539 5214 Excusabit
3566 5172 3691 5209 ver-

2118 5273 2314 5329 bosum
2350 5282 2535 5324 senem
2591 5263 2860 5319 candidus
2908 5260 3113 5323 lector,
3153 5269 3317 5326 quem
3358 5251 3688 5307 Catenaruin

2118 5391 2292 5434 nexus
2346 5372 2649 5444 illigabant,
2723 5380 2998 5437 quemque
3056 5361 3293 5419 detinuit
3331 5352 3524 5431 ’ᾼσμα
3584 5352 3695 5408 τῶν

2120 5484 2399 5560 ᾀσμάτων,
2425 5480 2713 5537 Canticum
2752 5489 2945 5544 nempe
2982 5473 3362 5533 canticorum;
3392 5464 3584 5537 ﬂagrat
3614 5470 3700 5516 et-

2121 5593 2263 5650 enim
2343 5582 2758 5661 aclangucscit
2798 5580 2897 5635 iste
2946 5575 3217 5633 desiderio
3266 5569 3399 5628 illud
3443 5580 3583 5628 cum
3629 5570 3716 5617 tot
