3898 6196
358 186 492 253 1367

1092 193 1257 269 ωδ,
1280 194 1543 256 ΜΑΒΙΑΞ
1584 199 1916 261 ΞΗΑΒΕΒΙ

2021 205 2213 269 ,ΙΒΕΒ
2249 208 2888 275 CHRONOLOGICUS

3473 216 3629 283 i368

354 302 863 398 sanctis‘l’atribus,
908 304 1128 398 tandem
1166 306 1486 398 aliquando,
1515 320 1809 368 miserante
1865 323 1917 371 et
1948 336 1989 393 Α
2087 319 2307 378 Primus
2351 323 2795 394 chronologieus,
2848 326 2905 380 in
2956 341 3069 396 quo
3118 327 3291 398 patria
3321 367 3340 397 ,
3393 340 3458 384 et
3522 348 3625 387 res

328 395 515 477 ~(laute
553 394 773 450 Christo
809 393 1079 463 Domino,
1132 396 1221 454 cui
1267 399 1361 453 uni
1422 399 1534 456 Deo
1582 416 1708 457 cum
1749 402 1911 461 Patre
2019 419 2214 480 gestae,
2263 426 2329 466 ac
2366 412 2549 468 obitus
2587 393 2762 469 sancti
2801 412 2932 469 Nili.

352 500 419 542 ac
450 484 652 554 Spiritu
694 494 885 542 sancto
924 487 996 542 sit
1024 487 1199 544 honor
1219 498 1274 546 et
1299 492 1470 561 gloria
1513 508 1752 563 semper,
1781 510 1915 551 con-

352 572 589 628 einendi.

334 668 337 671 ’
418 664 838 727 Subseqnuntur
869 665 995 722 libri
1034 676 1144 724 tres
1186 669 1609 727 Adnotationum
1657 675 1711 729 in
1742 674 1917 748 Opera

350 757 522 812 sancti
554 755 659 811 Nili
700 756 932 814 abbatis.

422 929 498 999 (l)
538 928 615 984 Ex
650 930 825 983 tribus
860 928 1016 986 libris
1058 932 1144 986 hic
1180 934 1492 989 memoratis
1532 950 1674 992 unus
1739 944 1942 991 tantum

351 1002 570 1055 desunt.
625 1000 777 1055 Ευιτ.
814 1000 981 1055 Pun.

359 1231 445 1242 ρο-

2090 501 2399 568 Secundus,
2429 504 2853 576 lexicographus
2886 522 3083 562 vocum
3114 508 3416 562 variarum.

2091 590 2309 649 Tertius
2348 594 2681 664 exegclicus,
2727 604 2783 651 et
2813 596 3038 651 criticus
3076 597 3129 650 in
3178 598 3442 667 pleraque
3482 597 3617 652 loca

2020 680 2338 749 insigniora,
2371 694 2428 740 et
2451 684 2727 739 variarum
2761 683 3057 740 lectionum
3087 684 3184 756 (1).

2009 947 2327 1009 comparet,
2378 937 2534 993 Liber
2564 940 2977 1013 ,chronologicus
3027 961 3041 997 :
3093 944 3435 1013 posteriores
3492 945 3615 999 duo

378 1236 3589 1275 W

1259 1433 1615 1523 LIBER
1685 1431 2693 1528 CHRONOLOGICUS

821 1672 998 1782 DE
1078 1671 1426 1787 VITA
1532 1668 2049 1784 SANCTI
2134 1671 2425 1783 NILI
2507 1671 3110 1786 ABBATIS

1911 1931 2009 1971 δευ

1366 2095 1675 2168 PATRIA,
1708 2093 1858 2156 RES
1885 2126 1890 2131 ~
1913 2093 2202 2170 GESTAE,
2255 2093 2553 2158 OBITUS.

408 2370 566 2443 651
598 2371 638 2425 Ε
669 2371 843 2427 ruinis
863 2371 1286 2444 Byzantii,quod
1307 2388 1337 2427 a
1358 2372 1592 2444 Byzante
1613 2387 1738 2441 rege
1754 2372 1916 2441 Spar-
1950 2378 1988 2434 Β
2018 2370 2143 2426 Maii
2186 2387 2283 2426 seu
2316 2388 2347 2426 ν
2410 2371 2535 2427 ldus
2589 2343 2757 2427 Maias
2801 2371 3047 2428 dedicata
3108 2372 3211 2427 fuit
3251 2388 3402 2428 anno
3451 2374 3602 2440 530;

342 2470 593 2516 tauorum
630 2462 973 2516 nominatum
1016 2473 1071 2516 et
1101 2461 1400 2527 conditum,
1460 2462 1540 2515 vel
1580 2476 1612 2516 a
1645 2458 1916 2516 Pausania

341 2560 734 2617 constructum,
762 2568 791 2607 a
814 2552 1015 2609 Severo
1034 2554 1299 2623 Augusto,
1325 2553 1453 2623 quia
1480 2551 1643 2623 Nigro
1672 2552 1917 2608 adhzese-

341 2655 444 2709 rat,
469 2645 728 2711 dirutum,
747 2659 776 2699 a
798 2642 1156 2701 Constantino
1177 2646 1425 2716 Augusto
1448 2645 1809 2707 instauratum
1829 2644 1916 2699 de-

341 2744 696 2806 coratnmque
745 2738 968 2792 nomine
1021 2736 1544 2808 Constantinopolis,
1597 2735 1915 2791 melioribus

345 2827 453 2882 Deo
477 2828 711 2897 propitio
734 2829 1013 2899 auspiciis,
1037 2845 1201 2899 quam
1231 2829 1406 2884 Roma
1435 2839 1607 2891 vetus,
1639 2838 1699 2883 ut
1723 2837 1915 2883 auctor

339 2927 421 2972 est
463 2915 805 2975 Justinianus
851 2919 887 2973 l.
933 2935 949 2974 ι
998 2918 1060 2974 C.
1111 2920 1177 2974 de
1240 2930 1338 2974 vet.
1411 2920 1527 2988 jur.
1572 2917 1913 2985 enucleaud.,

339 3008 369 3081 ᾗ
410 3007 686 3078 Nouimus,
708 3012 951 3067 authent.
988 3010 1052 3065 de
1084 3008 1279 3080 Nupt.,
1312 3010 1531 3066 Christo
1558 3009 1786 3073 scilicet,
1829 3018 1913 3064 at-

337 3118 445 3170 que
489 3104 815 3161 beatissima:
867 3105 1075 3177 Virgini
1122 3106 1242 3178 ejus
1288 3106 1447 3162 Matri
1496 3107 1915 3179 consecrata(e

337 3194 537 3249 Zonar.
574 3203 704 3251 tom.
763 3211 822 3251 ιιι
862 3198 1133 3270 Χρονικ.),
1177 3201 1415 3255 surrexit
1462 3199 1518 3256 in
1564 3198 1798 3257 Thracia
1823 3200 1914 3257 illa

341 3282 487 3352 regia
519 3283 671 3351 urbs,
701 3292 755 3339 et
782 3285 932 3342 orbis
961 3286 1315 3353 dominatrix,
1340 3294 1502 3359 atque
1530 3302 1667 3343 nova
1702 3288 1910 3357 Roma;

338 3386 390 3427 c.
423 3370 1023 3445 Constantinopolitamz
1058 3375 1164 3440 29.,
1197 3377 1325 3432 dist.
1359 3377 1492 3433 urbs
1519 3379 1910 3446 sacratissima,

338 3470 393 3516 et
436 3462 861 3532 angustissima;
896 3464 932 3520 l.
960 3479 1079 3518 cum
1110 3462 1470 3530 Navarchum,
1497 3465 1630 3521 Cod.
1653 3465 1718 3521 de
1746 3464 1912 3520 Naui-

338 3552 535 3618 cular.,
564 3552 640 3608 lib
669 3568 729 3620 ιι,
754 3563 1015 3611 exornata
1043 3554 1284 3611 aediliciis
1312 3555 1685 3625 amplissimis,
1713 3564 1768 3611 et
1796 3570 1911 3612 mo—

340 3643 641 3711 numentis;
692 3645 1111 3715 amphitheatro,
1141 3653 1339 3717 portu,
1393 3645 1589 3712 muris,
1648 3645 1909 3713 basilicis,

339 3735 713 3797 bibliothecis.
771 3738 1004 3804 horreis,
1049 3745 1106 3794 et
1165 3738 1431 3805 ecclesiis,
1480 3738 1909 3810 aquaeductibus,

339 3828 657 3894 porticibus,
691 3830 952 3895 thermis,
1002 3829 1230 3897 balneis,
1264 3831 1493 3901 aliisque
1531 3832 1790 3900 operibus
1813 3846 1911 3901 pu-

338 3918 495 3974 blicis
542 3930 706 3991 atque
730 3921 954 3990 privatis
993 3921 1096 3975 iuit
1140 3933 1246 3975 tam
1278 3938 1306 3974 a
1339 3922 1620 3978 conditore
1645 3922 1911 3979 Constan-

339 4009 476 4072 tino,
510 4024 672 4078 quam
728 4011 797 4064 ab
842 4009 964 4065 aliis
1012 4009 1133 4079 ejus
1187 4011 1617 4075 successoribus,
1662 4011 1912 4082 plurimis

341 4102 568 4168 insuper
616 4100 816 4154 donata
851 4110 905 4155 et
942 4100 1108 4155 ditata
1162 4100 1479 4172 privilegiis.
1514 4100 1647 4155 Nam
1698 4102 1911 4171 imperii

340 4188 521 4244 sedem
559 4191 833 4246 transtulit
866 4192 917 4245 in
975 4207 1095 4246 eam
1136 4192 1553 4259 Constantinus,
1584 4201 1637 4247 et
1670 4192 1817 4247 cives
1847 4208 1912 4247 ex

341 4281 564 4350 antiqua
632 4281 825 4348 Roma,
890 4283 1293 4353 illustravitque
1350 4285 1525 4354 ipsam
1588 4294 1814 4343 senatu.
1860 4295 1915 4339 et

340 4371 689 4428 senatoribus
736 4372 860 4428 inde
900 4360 1050 4428 illum
1100 4376 1412 4430 consecutis
1461 4376 1605 4431 aedes
1638 4376 1911 4441 excitavit,

340 4458 445 4513 sibi
479 4474 610 4514 vero
646 4458 931 4530 palatium,
965 4475 997 4516 θ
1044 4460 1308 4527 Libanio,
1362 4460 1690 4530 Sozomeno,
1734 4473 1789 4518 et
1817 4474 1915 4517 au-

340 4563 492 4609 etore
534 4553 793 4609 Chronic:
847 4554 1218 4623 Alexandrini,
1250 4570 1315 4611 ac
1370 4555 1608 4622 Zosimo,
1646 4557 1740 4612 lib.
1774 4572 1833 4625 ιι,
1862 4565 1918 4613 et

341 4645 409 4699 ad
464 4644 917 4717 frequentandum
976 4656 1225 4703 senatum
1286 4648 1479 4705 vicinis
1523 4663 1554 4704 e
1590 4648 1917 4706 dioecesibus

341 4747 622 4794 senatores
655 4740 954 4809 compulit,
1000 4749 1055 4795 et
1095 4739 1287 4804 illexit,
1326 4742 1402 4796 uti
1448 4742 1643 4798 deinde
1677 4742 1915 4798 Valenti-

343 4830 560 4897 nianus,
614 4830 982 4899 Theodosius,
1027 4841 1083 4889 et
1106 4833 1410 4900 Arcadius,
1463 4848 1496 4889 e
1545 4832 1949 4912 Macedonica“

344 4922 382 4975 l.
418 4940 500 4988 ιιι,
529 4924 593 4979 C.
625 4923 902 4983 Theodos.
950 4926 1026 4982 De
1068 4928 1352 4984 senatorib.
1402 4927 1730 4999 Episcopum
1774 4916 1933 4984 Con?

2017 2461 2173 2530 isque
2201 2462 2317 2517 dies
2344 2472 2595 2516 censetur
2624 2461 2742 2532 ejus
2773 2462 3067 2527 natalitius,
3105 2472 3159 2517 et
3194 2461 3448 2517 feriatus.
3474 2464 3519 2518 1.
3562 2480 3601 2518 ιι

2015 2551 2077 2606 C.
2131 2551 2330 2605 illomet
2391 2551 2463 2605 De
2505 2552 2675 2621 feriis.
2735 2550 3088 2607 Constantius
3136 2552 3198 2609 A.
3237 2552 3599 2608 Constantini

2019 2641 2164 2696 ﬁlius
2186 2641 2455 2707 instituit,
2490 2643 2925 2713 studueruntque
2957 2645 3225 2707 certatim,
3246 2645 3338 2714 qui
3380 2646 3597 2700 reside-

2015 2732 2145 2787 bant
2174 2734 2283 2789 illic
2311 2735 2684 2804 imperatores,
2715 2749 2833 2791 eam
2868 2733 3052 2790 Rome
3081 2736 3591 2805 veteriexmqnare.

2013 2821 2167 2879 Nilus
2232 2823 2340 2880 illic
2394 2836 2551 2881 natus
2607 2836 2691 2882 est
2740 2827 2838 2897 (uti
2893 2824 3263 2893 Nieephorus,
3326 2826 3421 2881 lib.
3470 2843 3593 2891 xiv,

2015 2914 2209 2983 cap.”
2243 2913 2630 2970 Ecclesiasticw
2650 2916 2887 2971 historia:
2916 2915 3115 2986 prodit)
3151 2916 3316 2969 nobili
3347 2932 3593 2985 genere;

2015 3021 2140 3060 nam
2174 3016 2396 3077 propter
2415 3008 2685 3077 egregiam
2725 3006 3059 3062 nobilitatem
3098 3010 3312 3089 generis
3339 3011 3408 3064 ad
3443 3026 3595 3079 pra:-

2014 3100 2278 3154 l’eeturam
2331 3108 2552 3155 evectus
2610 3100 2710 3155 fuit
2748 3101 2901 3155 urbis
2966 3102 3596 3172 Constantinpolitana:

2013 3188 2205 3259 patriae
2230 3204 2376 3256 suae;
2420 3190 2663 3258 potentia
2694 3205 2915 3260 quoque
2965 3205 3029 3245 ac
3069 3191 3265 3261 opibus
3307 3191 3593 3253 alIiuebat,

2014 3290 2068 3337 et
2093 3280 2345 3336 fortassis
2371 3280 2489 3351 ejus
2514 3291 2766 3352 parentes
2793 3281 3009 3336 oriundi
3039 3292 3196 3337 erant
3221 3298 3283 3338 ex
3319 3281 3593 3353 Egypto,

2013 3370 2246 3443 indeque
2268 3372 2566 3443 migrarant
2594 3371 3141 3442 Constantinopolim,
3167 3383 3215 3427 et
3239 3373 3587 3427 senatoriam

2010 3464 2174 3537 642
2191 3464 2370 3535 adepti
2398 3464 2736 3535 dignitatem,
2768 3463 2839 3518 ibi
2869 3464 3071 3533 prolem
3098 3464 3245 3517 istam
3271 3470 3591 3531 genueram.

2012 3573 2136 3629 qua:
2161 3556 2264 3613 Nili
2284 3556 2504 3612 nomine
2530 3556 2650 3611 ideo
2676 3555 2778 3611 fuit
2819 3556 3095 3628 insignita.
3126 3553 3272 3609 Nilus
3295 3564 3441 3609 certe
3475 3568 3593 3607 no-

2015 3659 2145 3716 ster,
2182 3650 2256 3706 uti
2309 3658 2532 3705 sanctus
2586 3648 2917 3705 Athanasius
2957 3650 3010 3703 in
3049 3647 3337 3721 Ὠρολογξῳ
3362 3646 3599 3702 Graeco-

2014 3755 2174 3805 rum,
2234 3738 2413 3810 Νείλῳ
2476 3736 2793 3809 χρυσορῤόῳ
2854 3736 3157 3813 comparari
3226 3746 3449 3807 potest:
3489 3733 3601 3789 fuit

2012 3830 2231 3903 quidem
2264 3828 2417 3884 Nilus
2459 3828 2748 3883 ﬂuviorum
2789 3829 2940 3884 orbis
2973 3835 3241 3882 terrarum
3292 3828 3597 3885 maximus.

2014 3926 2059 3981 si
2085 3925 2359 3981 credimus
2383 3925 2446 3980 A.
2481 3923 2676 3990 Gellio,
2712 3924 2750 3979 l.
2786 3940 2819 3978 χ
2851 3923 3008 3977 Noct.
3058 3924 3221 3977 Attic.
3247 3940 3299 3978 c.
3331 3925 3384 3987 7,
3421 3932 3475 3975 et
3504 3940 3599 3976 ce-

2014 4014 2371 4079 leberrimus,
2420 4029 2582 4084 quem
2627 4012 2802 4068 Graeci
2852 4012 3054 4066 dictum
3106 4024 3298 4082 putant
3341 4010 3453 4064 ἁπὸ
3494 4016 3597 4081 τῆς

2013 4106 2138 4169 νέας
2184 4105 2351 4170 ἰλύος,
2394 4105 2444 4160 id
2493 4113 2597 4169 est,
2629 4122 2661 4159 a
2706 4120 2836 4159 novo
2884 4103 3049 4170 limo;
3101 4119 3225 4157 nam
3267 4101 3440 4157 elIuse
3476 4114 3598 4157 sta-

2016 4215 2209 4271 gnans,
2259 4214 2323 4254 ac
2367 4198 2641 4253 inundans
2697 4197 2990 4268 quotannis
3037 4198 3225 4267 irrigat
3268 4194 3598 4265 Egyptum,

2013 4289 2242 4359 ejusque
2296 4303 2461 4358 super
2492 4297 2608 4342 sata
2654 4302 2854 4343 novum
2901 4287 3113 4344 inducit
3160 4287 3388 4353 limum;
3428 4299 3605 4356 utque

2016 4379 2167 4436 canit
2194 4379 2475 4452 Virgilius;
2505 4377 2538 4432 4
2565 4377 2807 4450 Georgia.

2149 4470 2219 4525 Et
2250 4472 2465 4525 viridem
2490 4467 2781 4542 .Egyptum
2805 4472 2955 4540 nigra
2984 4470 3233 4540 fecundat
3262 4485 3448 4524 arena.
3610 4512 3622 4528 ι

2014 4563 2176 4619 Certe
2208 4562 2462 4618 ΝΕΙΛΟΣ
2484 4578 2577 4619 sex
2615 4562 2809 4618 litteris
2835 4570 3050 4617 constat
3071 4578 3087 4628 ;
3108 4559 3152 4615 N
3183 4561 3460 4632 signiﬁcat
3484 4576 3606 4613 nu-

2018 4670 2229 4711 merum
2248 4654 2802 4725 quinquagenarium;
2830 4652 2890 4718 E,
2914 4652 3201 4723 quintum;
3228 4653 3268 4717 l,
3289 4652 3606 4720 decimum;

2016 4746 2083 4811 Δ,
2130 4744 2498 4810 tricesimum;
2539 4743 2612 4809 Ο,
2642 4744 3134 4814 septuagesimum;
3186 4742 3246 4807 Σ,
3283 4745 3613 4797 ducentesi-

2018 4853 2202 4905 mum;
2250 4835 2654 4906 conficiuntque
2700 4836 2787 4890 illa
2818 4838 3088 4891 elementa
3125 4848 3412 4890 numerum
3471 4834 3611 4899 565,

2018 4936 2150 4999 quot
2195 4926 2454 4981 nimirum
2507 4925 2658 4980 luces
2696 4924 2859 4979 habet
2905 4937 3083 4978 annus
3125 4921 3435 4983 absolutus,
3476 4935 3529 4974 c.
3571 4936 3611 4974 ιι

344 5016 887 5087 stautinopolitanum
914 5020 1284 5091 prmrogativis
1320 5028 1539 5075 auctum
1567 5034 1729 5075 nemo
1759 5020 1916 5091 igno-
1947 5035 1992 5091 ι)
2020 5020 2269 5082 Genesis,
2297 5034 2351 5074 ν.
2378 5018 2464 5084 15,
2492 5026 2547 5073 et
2574 5015 2957 5080 Ecclesiastici,
2990 5029 3041 5070 c.
3068 5030 3215 5081 xxw,
3245 5030 3297 5068 ν.
3319 5013 3388 5068 55
3418 5022 3479 5068 et
3509 5013 3612 5069 37.

342 5119 429 5165 rat
460 5110 499 5166 l.
529 5127 652 5176 ην,
679 5112 741 5168 C.
776 5113 877 5167 eod
922 5113 995 5167 De
1030 5113 1282 5185 episeop.,
1316 5113 1459 5169 sicut
1490 5113 1612 5168 urbi
1662 5112 1921 5183 frequen-

344 5202 541 5268 tandae,
585 5202 815 5268 civibus,
859 5201 955 5272 qui
997 5203 1189 5257 domos
1220 5202 1482 5257 haberent
1528 5186 1919 5265 immunitates,

344 5310 686 5366 annonaeque
713 5309 990 5350 concessae
1015 5304 1159 5349 sunt.
1184 5292 1430 5363 Denique
1455 5292 1769 5364 praefectum
1796 5292 1918 5347 urbi

346 5403 491 5442 anno
521 5389 583 5443 C.
621 5388 685 5442 N.
714 5389 818 5445 559
858 5389 1007 5459 (nam
1050 5389 1183 5444 urbs
1234 5386 1735 5458 Constantinopolis
1782 5402 1915 5442 con-

348 5480 485 5535 strui
519 5481 686 5550 cepit
717 5480 807 5537 die
831 5480 903 5538 26
924 5479 1243 5538 Novembris
1282 5495 1428 5539 anno
1450 5479 1575 5536 328.
1609 5478 1921 5536 Cedrenus-

343 5585 453 5643 que
511 5572 561 5625 irl
610 5570 825 5638 asserit,
882 5583 932 5631 ct
968 5572 1218 5631 Julianus
1274 5573 1386 5644 ipse
1425 5574 1561 5644 Aug.
1614 5581 1667 5628 at
1713 5573 1811 5629 die
1858 5572 1913 5629 ll

2019 5110 2200 5167 Nilum
2233 5110 2385 5165 Geon
2413 5118 2787 5180 nuncupatum
2810 5116 3053 5173 censent,
3085 5121 3183 5162 seu
3205 5106 3391 5163 Gehon
3422 5107 3614 5160 sancti

2021 5202 2377 5273 Epiphanius,
2424 5200 2812 5273 Hieronymus,
2851 5200 3192 5265 Ambrosius,
3233 5197 3611 5269 Augustinus,

2026 5296 2424 5359 Theodoretus,
2454 5293 2781 5356 Eucherius,
2820 5291 3085 5354 Isidorus,
3123 5290 3366 5347 Joannes
3401 5287 3617 5343 Dama-

2026 5404 2242 5454 scenns,
2278 5387 2559 5454 Rabanus,
2590 5384 2885 5457 Bupertus,
2914 5395 2968 5440 et
2996 5384 3110 5450 alii,
3138 5398 3278 5455 quos
3324 5382 3520 5445 citant,
3552 5391 3616 5436 et

2022 5489 2327 5553 sequuntur
2370 5479 2867 5543 Conimbricenses,
2920 5486 3078 5533 tract.
3133 5476 3167 5533 9
3228 5477 3279 5530 iu
3340 5474 3607 5541 Hatram,

2025 5588 2071 5628 ς.
2112 5572 2205 5639 1ος
2247 5570 2445 5629 Bibere
2474 5573 2526 5625 in
2560 5572 2742 5639 Amos,
2778 5587 2828 5627 c.
2859 5587 2933 5637 vr,
2966 5583 3113 5626 num.
3150 5568 3256 5636 ἐκ
3300 5566 3607 5623 cardinalis
