3998 6214
0 954 35 990 5t

2530 176 2567 193 θ’

318 245 450 311 1369
830 232 841 245 '
1612 252 1708 313 DE
1748 250 1922 316 VITA
1961 256 2022 320 s.
2060 255 2248 322 NILI.
3440 263 3575 332 1370

314 357 626 413 ltrllarmin.
678 356 750 413 De
790 360 966 428 gratia
998 357 1155 428 primi
1207 359 1454 429 hominis,
1502 378 1619 433 cap.
1654 364 1890 435 {2,-pro-

1996 370 2394 427 Carmathoncs
2474 381 2525 426 et
2584 367 2950 428 Thcrmutidis
3006 375 3372 448 synonymia).
3418 378 3574 445 Quod

311 450 377 501 fe.
400 460 454 503 ιο
492 449 846 521 Septuaginta
893 451 945 504 in
979 465 1028 505 c.
1066 466 1126 518 ιι,
1160 467 1212 505 v.
1246 454 1334 518 l8,
1380 454 1629 511 Jcremize
1663 467 1887 512 vertunt

314 543 466 595 Geon
521 540 733 606 Nilum,
780 542 870 596 ubi
923 542 1138 613 vulgata
1169 545 1369 609 versio,
1410 546 1629 613 ﬂumen.
1677 548 1890 602 Etenim

312 631 499 685 Gehon
517 632 823 711 secundum
864 647 927 687 ex
959 640 1195 703 quatuor
1222 634 1541 691 ﬂuminibus
1579 653 1609 691 e
1640 639 1893 707 paradiso

317 722 563 777 terrestri
625 724 1077 792 promanantihus
1130 723 1393 781 Hebraice
1446 728 1710 783 scribitur
1751 722 1892 817 ﬁni;

314 827 459 896 quod
494 826 769 898 Paguinus
795 843 860 883 ex
891 829 1265 886 characterum
1295 831 1682 905 Hebraicorum
1715 835 1767 888 vi
1796 850 1893 888 ex-

317 914 500 982 primit
530 913 723 968 Latine
762 913 997 969 Gln'clioa
1020 956 1036 982 ,
1070 916 1299 974 Genesis
1340 918 1460 973 loco
1496 919 1756 975 laudato:
1797 920 1892 974 de-

315 1004 532 1058 ducitur
581 1013 765 1059 autcm
834 1005 904 1061 ab
952 1005 1221 1064 Hebraica
1268 1009 1452 1065 radice
1511 1019 1604 1095 ΠΗ
1663 1012 1889 1081 gavach,

317 1109 461 1177 quod
515 1117 600 1165 est
632 1124 947 1180 erumpere,
973 1120 1027 1165 et
1060 1127 1184 1167 cum
1231 1113 1433 1185 impetu
1463 1130 1739 1171 emanare.
1786 1116 1892 1171 Alii

318 1200 591 1253 deducunt
823 1198 1082 1270 Guchan,
1146 1204 1293 1274 quod
1372 1205 1643 1276 signiﬁcat
1707 1215 1889 1263 actum

318 1302 584 1373 reptilium
619 1304 978 1373 gradientium
1025 1319 1193 1377 super
1249 1319 1464 1378 pectus,
1510 1327 1576 1365 ac
1617 1322 1886 1375 ventrem,

316 1410 485 1465 seque
536 1395 867 1451 trahentium
927 1397 981 1453 in
1039 1398 1451 1454 similitudinem
1502 1401 1669 1455 ﬂuvii.
1698 1402 1894 1469 ,Quare

317 1476 563 1541 nonnulli
595 1486 1022 1557 interpretantur
1043 1489 1232 1544 Gehon
1258 1486 1458 1559 pectus,
1490 1507 1589 1549 seu
1610 1503 1889 1562 ventrem;

316 1576 487 1632 Graeci
541 1579 839 1649 scriptores
866 1580 1027 1648 γεῶν,
1056 1596 1168 1636 ιιοιι
1210 1583 1357 1652 quod
1400 1583 1645 1638 alludant
1676 1584 1742 1640 ad
1767 1586 1890 1656 γῆν,

315 1682 414 1722 seu
460 1671 642 1738 γαῖαν,
689 1669 899 1724 scilicet
955 1678 1190 1735 terram,
1235 1672 1377 1741 quod
1429 1670 1601 1727 Graeci
1642 1681 1894 1742 poterant

315 1760 550 1829 opinari,
596 1769 818 1831 propter
848 1761 1062 1826 limum,
1109 1772 1166 1817 et
1220 1763 1288 1817 ad
1336 1777 1524 1817 vocem
1566 1762 1889 1819 Hebraicam

313 1851 757 1921 exprimendam,
806 1853 948 1909 sicut
976 1852 1142 1908 etiam
1179 1852 1311 1909 facit
1350 1852 1573 1910 Latinus
1597 1854 1890 1925 interpres,

320 1943 413 2013 qui
469 1959 577 1999 non
633 1943 760 2015 legit
821 1937 958 2031 frit;
1013 1958 1136 2000 cum
1192 1944 1367 2002 vocali
1414 1944 1435 1998 i
1489 1945 1686 2015 longa,
1741 1946 1891 2002 scili-

313 2054 397 2102 cet
464 2049 630 2103 chirie
694 2048 854 2120 gadet
915 2048 973 2105 in
1042 2049 1221 2121 prima
1291 2049 1472 2106 littera
1498 2090 1514 2117 ,
1580 2051 1676 2106 sed
1753 2044 1893 2139 ᾑηνξ

313 2167 435 2206 cum
476 2152 650 2208 vocali
692 2161 846 2217 εδει-ε,
894 2166 992 2209 seu
1034 2169 1063 2208 e
1102 2154 1284 2224 longa,
1318 2155 1374 2208 in
1414 2168 1523 2223 quo
1550 2163 1657 2209 tam
1691 2152 1890 2219 Graeci,

314 2258 477 2312 quam
520 2243 701 2298 Latini
742 2244 1089 2313 distinguunt
1140 2244 1341 2300 ﬂumen
1383 2245 1490 2300 hoc
1534 2260 1787 2317 magnum
1824 2246 1893 2300 ab

313 2334 424 2389 alio
464 2333 687 2390 ﬂumine
715 2350 885 2405 parvo
907 2336 1065 2407 juxta
1105 2334 1432 2400 Jerusalem,
1463 2338 1609 2408 quod
1650 2340 1724 2394 ita
1757 2339 1890 2395 seri.

314 2424 464 2479 bitur
506 2439 537 2479 a
570 2426 845 2482 modernis
877 2424 1140 2483 Rabhinis
1169 2421 1307 2511 fni;
1336 2426 1591 2485 Ghiclton.
1623 2429 1709 2484 Fit
1739 2445 1892 2484 men-

314 2528 390 2582 tio
434 2528 579 2586 illius
620 2530 658 2586 l.
696 2530 767 2586 ΙΙΙ
820 2530 1053 2602 Regum,
1103 2546 1154 2588 c.
1189 2549 1237 2597 ι,
1292 2549 1346 2589 v.
1390 2535 1494 2601 3'5,
1530 2535 1619 2589 ubi
1666 2533 1894 2589 Latinus

314 2620 588 2691 interpres
635 2622 869 2692 appellat
911 2622 1044 2677 illud
1093 2622 1287 2690 Gihan,
1337 2635 1391 2681 et
1430 2625 1605 2681 Graeci
1639 2625 1892 2681 similiter

313 2710 504 2778 Γειὼν,
534 2712 628 2783 qui
661 2712 858 2769 ﬂuvius
883 2713 992 2768 alio
1014 2715 1239 2771 nomine
1265 2724 1495 2771 vocatur
1525 2712 1709 2782 Siloe;
1741 2714 1888 2770 unde

313 2801 601 2859 Chaldaeus
648 2804 918 2891 interpres
973 2806 1137 2862 habet
1198 2790 1411 2891 κῃῆὃτιῤ
1477 2806 1731 2873 Seiloha;
1791 2821 1891 2861 cu-

309 2911 402 2978 jus
441 2920 621 2965 exstat
655 2888 859 2967 mentio
906 2915 1047 2984 apud
1081 2888 1370 2977 Joannem,
1406 2925 1456 2966 c.
1499 2927 1586 2976 ιχ,
1629 2928 1683 2966 v.
1714 2911 1769 2976 'l,
1799 2909 1890 2965 ubi

314 3000 476 3055 etiam
543 3000 928 3071 interpretatur
979 3005 1193 3059 missus.
1245 3003 1499 3057 Flumina
1548 3003 1694 3057 enim
1745 3016 1892 3072 saepe

1995 477 2123 516 vero
2176 463 2397 533 quidam
2442 462 2685 518 scribant
2733 461 2951 529 Gelton,
3009 465 3174 533 aliqui
3235 466 3424 530 Cillan.
3483 473 3574 527 alii

1996 550 2249 615 Glticlton,
2297 554 2542 607 nonnulli
2587 555 2775 617 aliter;
2820 554 2943 607 inde
2974 558 3239 623 provenit,
3274 561 3413 628 quod
3445 562 3573 615 cha-

1995 655 2231 699 racteres
2280 643 2574 699 llebraicos
2632 659 2737 698 non
2798 659 2989 700 omnes
3053 646 3242 701 iisdem
3295 650 3578 707 characte-

1996 733 2145 788 ribus
2199 732 2408 789 Latinis
2454 735 2779 803 exprimant,
2825 742 2878 786 et
2920 734 3080 788 etiam
3130 738 3273 805 quod
3312 753 3420 792 non
3453 756 3575 793 om-

1993 839 2091 878 nes
2122 840 2243 878 cum
2275 824 2464 879 iisdem
2497 824 2710 893 punctis
2738 825 2937 893 legant,
2976 824 3025 878 id
3051 829 3195 894 quod
3225 829 3276 881 in
3302 831 3574 898 plerisque

1993 914 2114 968 aliis
2150 913 2784 979 llebraicisuominihus,
2820 929 2941 982 quae
2991 913 3199 970 Latinis
3246 919 3572 973 characteri-

1994 1001 2096 1056 bus
2130 1016 2387 1072 expressa
2436 1010 2583 1067 sunt,
2644 1001 2891 1055 videmus
2940 1003 3274 1073 contingere.
3308 1003 3417 1059 Nec
3465 1006 3573 1058 ullo

1994 1092 2158 1146 modo
2218 1092 2326 1147 dici
2381 1100 2558 1162 potest
2612 1090 2791 1146 Gehon
2839 1090 3101 1147 chraice
3156 1092 3344 1148 Nilum
3390 1096 3576 1150 (ἔπειτα

1994 1183 2347 1248 reddendum,
2391 1199 2514 1239 cum
2554 1197 2682 1241 sunt
2740 1186 2853 1239 haec
2909 1185 3017 1239 duo
3076 1187 3296 1240 nomina
3347 1187 3576 1240 diversae

1994 1274 2219 1329 omnino
2247 1275 2689 1345 signiﬁcationis,
2728 1277 2854 1333 licet
2894 1277 3234 1347 applicentur
3265 1277 3439 1329 cidem
3468 1276 3575 1329 ﬂu-

1994 1363 2148 1428 mini,
2178 1374 2239 1419 ut
2262 1364 2375 1433 jam
2407 1365 2611 1422 dictum
2659 1375 2777 1433 est;
2806 1378 2859 1423 et
2880 1369 2985 1422 hoc
3034 1367 3229 1422 accidit
3260 1368 3312 1420 in
3357 1367 3571 1429 Albula.

1993 1462 2047 1509 ct
2081 1453 2283 1520 Tiberi,
2310 1455 2363 1509 in
2397 1455 2655 1519 Eridano,
2679 1466 2733 1512 et
2758 1458 2925 1522 Pado,
2950 1467 3004 1513 et
3033 1458 3267 1512 caeteris.
3309 1459 3383 1511 Ita
3411 1459 3573 1512 etiam

1995 1547 2242 1603 homines
2286 1562 2429 1617 smpe
2460 1558 2867 1619 nuncupantur,
2908 1549 3122 1605 duobus
3150 1549 3483 1611 nominibus,
3514 1556 3576 1602 ut

1997 1635 2158 1693 Israel
2188 1646 2241 1692 et
2264 1636 2456 1700 Jacoh,
2487 1636 2679 1693 Simon
2720 1647 2774 1694 et
2809 1637 3027 1702 Petrus,
3063 1649 3116 1693 ct
3162 1640 3376 1708 reliqui,
3406 1651 3460 1693 et
3489 1648 3574 1693 ta-

1922 1742 1965 1797 3
1996 1745 2117 1784 men
2147 1729 2363 1784 nonnisi
2404 1730 2589 1799 inepte
2620 1731 2926 1786 diceremus
2967 1746 3136 1784 unum
3163 1746 3360 1786 nomen
3402 1732 3571 1784 inter-

1993 1820 2193 1889 pretari
2241 1820 2494 1885 alterum,
2531 1820 2674 1875 sicut
2718 1821 2921 1892 Joseph
2971 1832 3053 1877 est
3104 1822 3375 1887 Crescens,
3407 1821 3573 1877 ludas

1993 1911 2305 1981 Confessio,
2362 1911 2533 1967 Jacob
2581 1910 3004 1983 Supplantator;
3053 1929 3290 1984 quorum
3339 1915 3569 1969 alterum

1994 2013 2191 2052 nomen
2229 2006 2313 2054 est
2346 1999 2726 2069 interpretatio
2763 2004 3011 2057 alterius.
3061 2003 3311 2072 Abyssini
3348 2005 3569 2072 quidem

1993 2095 2189 2141 vocant
2212 2086 2392 2141 Nilum
2415 2088 2581 2143 hodie
2602 2088 2824 2160 Gujion,
2857 2100 2992 2147 teste
3021 2091 3314 2145 Francisco
3344 2091 3571 2147 Alvarez

1996 2177 2138 2231 Hist.
2178 2176 2522 2247 £thiopt'ca3,
2554 2194 2676 2249 cap.
2708 2179 2846 2247 122;
2880 2180 3023 2251 apud
3056 2180 3366 2237 Cornelium
3399 2198 3430 2237 a
3463 2182 3572 2237 La-

1996 2268 2118 2338 pide
2158 2267 2213 2321 in
2239 2283 2290 2322 c.
2326 2284 2362 2321 ιι
2402 2268 2603 2324 Cenes.
2636 2270 2939 2336 laudatum,
2983 2271 3074 2326 ubi
3121 2274 3412 2343 respondet
3451 2274 3569 2344 pluo

1995 2374 2082 2413 res
2128 2357 2323 2414 ﬂuvios
2354 2358 2506 2414 Geon
2554 2360 2827 2415 nominari
2856 2361 2949 2416 lib.
2982 2361 3049 2417 ιιι
3084 2361 3218 2432 Reg.
3251 2378 3300 2418 c.
3332 2380 3371 2431 ι,
3402 2380 3452 2419 v.
3479 2365 3569 2425 55,

1991 2459 2047 2505 et
2086 2449 2442 2519 Paralipom.,
2474 2467 2647 2517 χχχιι,
2681 2466 2733 2507 v.
2766 2452 2869 2506 30:
2910 2460 2967 2510 et
3018 2454 3317 2518 concludit,
3361 2453 3569 2525 Tigrim

1991 2551 2046 2596 et
2076 2541 2409 2613 Euphratem
2462 2545 2631 2612 coire,
2677 2559 2741 2599 ac
2777 2559 2970 2601 rursus
3021 2545 3210 2614 dividi,
3248 2554 3300 2601 et
3345 2546 3400 2601 in
3432 2546 3571 2601 duos

1993 2635 2069 2689 ita
2102 2635 2308 2691 divisos
2339 2636 2562 2691 nomina
2598 2637 2936 2704 submutare,
2962 2636 3297 2708 Phasimque
3320 2640 3570 2705 vocitari,

1993 2742 2089 2783 seu
2124 2726 2493 2799 Phasitigrim,
2529 2743 2696 2783 unum
2741 2729 3134 2785 circumeundo
3171 2741 3374 2784 terram
3405 2731 3572 2782 llevi-

1993 2818 2126 2884 lath,
2165 2826 2221 2873 et
2254 2819 2403 2874 hunc
2456 2834 2578 2875 esse
2630 2820 2874 2886 Phison;
2925 2820 3181 2886 alterum,
3227 2822 3567 2874 nominatum

1992 2908 2165 2976 Geon,
2206 2908 2462 2963 Arabiam
2495 2909 2789 2975 desertam,
2819 2912 2964 2965 circa
2997 2924 3165 2979 quam
3197 2918 3251 2963 et
3283 2908 3560 2979 Ethiopia

1991 3006 2094 3062 est,
2136 2997 2557 3063 circumﬂuere,
2609 3000 2909 3069 ambosque
2958 3000 3013 3055 in
3075 2999 3255 3055 sinum
3291 2998 3568 3055 Persicum

316 3092 519 3147 habent
549 3093 707 3162 plura
758 3096 1006 3159 nomina,
1034 3094 1198 3150 veluti
1249 3109 1400 3149 mare
1444 3092 1711 3159 Rubrum,
1742 3093 1889 3164 quod
1917 3073 1959 3128 C
1992 3086 2191 3152 delabi,
2256 3095 2421 3156 atque
2452 3086 2521 3141 ad
2560 3086 2713 3142 illum
2758 3086 3146 3151 conﬂuentem,
3189 3089 3303 3143 sive
3333 3088 3568 3143 insulam

315 3178 580 3237 Hebraice
628 3182 822 3238 dicitur
861 3193 961 3270 I11:
993 3193 1059 3269 Β]
1118 3183 1245 3239 lam
1302 3183 1472 3251 Suplt,
1515 3184 1567 3239 id
1619 3192 1703 3239 est
1735 3198 1890 3240 mare

313 3284 522 3340 Caricis
571 3303 599 3340 a
662 3286 1011 3343 multitudine
1066 3288 1343 3354 caricum,
1392 3296 1447 3343 et
1499 3287 1683 3345 Grece
1730 3289 1890 3360 Ἐρυ-

314 3375 524 3446 θραίον,
562 3374 940 3448 Erythrmum,
1000 3377 1085 3432 vel
1138 3398 1169 3432 τι
1220 3393 1346 3449 rege
1394 3377 1659 3449 Erythra,
1702 3379 1784 3432 vel
1821 3378 1890 3431 ab

313 3466 494 3519 art-nis
525 3466 726 3521 rubris.
751 3468 818 3520 Et
853 3468 954 3521 hoc
998 3466 1179 3537 ipsum
1209 3467 1433 3532 Gebon,
1467 3467 1535 3521 de
1561 3482 1671 3537 quo
1711 3467 1891 3537 loqui-

313 3567 458 3619 mur,
492 3550 692 3606 ﬂumen
722 3552 956 3620 paradisi
990 3567 1018 3605 a
1050 3552 1259 3616 multis,
1306 3553 1760 3623 gravissimisque
1788 3568 1889 3608 au-

314 3643 554 3699 ctoribus
578 3641 740 3696 etiam
776 3640 930 3697 Nilus
953 3642 1271 3712 appellatur,
1296 3644 1382 3699 vel
1410 3659 1439 3698 a
1472 3658 1599 3715 rege
1632 3642 1775 3709 Nilo,
1804 3644 1889 3699 vel

313 3732 458 3802 quod
490 3731 713 3786 assidue
742 3745 925 3786 secum
951 3734 1128 3786 trahat
1161 3732 1325 3804 653
1358 3733 1486 3788 νέαν
1518 3733 1653 3802 ἰλὺν,
1695 3734 1749 3790 id
1784 3742 1887 3800 est,

316 3840 500 3879 not'ttm
534 3823 740 3887 limum,
780 3823 857 3877 uti
894 3823 1153 3892 prmlatus
1175 3840 1296 3880 sum
1328 3843 1341 3879 :
1377 3826 1473 3881 sed
1502 3826 1570 3881 de
1600 3828 1702 3883 hoc
1728 3829 1890 3882 modo

316 3926 424 3965 non
471 3912 714 3981 disputat
765 3909 827 3963 R.
858 3911 918 3966 P.
968 3910 1278 3968 Ludovicus
1321 3911 1622 3969 Maraccius
1680 3913 1890 3969 Lucen-

317 4002 392 4057 sis
434 4017 465 4058 e
506 4006 925 4073 congregatione
968 4005 1292 4060 clericorum
1340 4005 1667 4077 regularium
1704 4005 1891 4063 Matris

317 4090 432 4158 Dei,
471 4108 501 4146 a
539 4108 649 4162 quo
683 4094 800 4150 hac
832 4094 1011 4160 hausi,
1041 4094 1125 4149 vir
1161 4096 1527 4166 complurium
1580 4097 1888 4169 linguarum

316 4182 696 4251 peritissimus,
736 4193 789 4239 et
818 4199 942 4239 vere
972 4184 1097 4254 pius
1154 4199 1219 4239 ac
1252 4186 1562 4257 religiosus.
1592 4187 1658 4242 Et
1681 4188 1748 4242 de
1771 4187 1891 4243 Nilo

313 4272 449 4327 satis
496 4287 770 4343 superque
816 4271 922 4327 Leo
957 4272 1189 4329 Allatius
1221 4274 1277 4329 in
1312 4290 1410 4329 sua
1465 4275 1892 4355 Diatribahrcge

314 4376 531 4432 nempe,
572 4377 603 4416 a
643 4377 752 4433 quo
786 4361 966 4417 Nilum
998 4362 1221 4418 ﬂuvium
1259 4366 1494 4419 traxisse
1526 4366 1641 4419 vult
1664 4379 1886 4431 nomen,
1924 4412 1964 4467 Β

314 4472 475 4526 quem
508 4456 805 4523 Oceanum,
850 4458 1122 4527 Aquilam,
1172 4457 1386 4523 Melan),
1426 4457 1740 4530 Egyptum,
1769 4458 1891 4514 Tri-

314 4557 522 4613 tonem,
552 4548 880 4619 tandemque
926 4548 1109 4604 Nilum
1148 4565 1179 4605 e
1210 4549 1505 4605 Plutarcho
1546 4550 1603 4607 in
1646 4551 1785 4607 libro
1814 4551 1891 4607 De

313 4641 623 4710 ﬂuminibus
648 4641 833 4707 tradit,
864 4642 1227 4711 appellatum;
1255 4650 1311 4696 et
1335 4657 1399 4696 ex
1429 4640 1698 4698 Eustathii
1721 4642 1880 4699 Scho-

316 4735 404 4789 liis
439 4735 491 4788 in
521 4732 763 4802 Dionysii
788 4734 901 4787 Afri
933 4735 1287 4805 Περιήγησιν,
1309 4734 1567 4805 sedquod
1596 4751 1720 4791 eum
1749 4736 1888 4792 Gar-

314 4820 601 4874 niathones
634 4818 852 4890 [Egypti
887 4821 1087 4888 regina:
1118 4820 1316 4886 virum,
1350 4821 1466 4876 sive
1510 4822 1679 4877 [ilium
1711 4823 1885 4890 aiunt,

212 4908 213 4911 “
313 4920 645 4965 asserentem
697 4910 846 4964 illum
882 4909 1054 4967 fuisse
1092 4911 1463 4969 Thermutidis
1497 4915 1618 4969 tiliae
1645 4913 1887 4970 Pharao-

315 4997 399 5050 nis
428 4996 570 5064 regis
623 4994 843 5066 Egypti
884 4997 1092 5063 virum;
1139 4999 1218 5054 sic
1246 5000 1447 5054 etenim
1487 5010 1684 5055 vocant
1723 5001 1885 5057 tiliam

316 5085 457 5154 regis
475 5084 746 5155 Josephus
774 5087 827 5140 in
850 5088 1264 5158 Antiquitatibus
1275 5088 1309 5143 J
1316 5091 1558 5146 udaic.et
1575 5091 1631 5150 S.
1655 5090 1887 5163 Epipha-

317 5178 438 5231 aius
469 5176 660 5233 haeres.
686 5178 774 5233 78.
810 5180 1258 5249 apudSalianum
1287 5182 1341 5236 in
1376 5181 1624 5237 Annalib.
1658 5184 1728 5239 ab
1752 5184 1884 5240 orbe

305 5269 531 5325 condito
559 5270 626 5324 ad
674 5285 878 5326 annum
914 5272 1105 5327 mundi
1155 5272 1315 5339 2465,
1348 5289 1404 5328 ιι.
1438 5275 1532 5339 M;
1573 5289 1738 5345 quam
1767 5276 1880 5343 alii,

310 5376 507 5432 nempe
555 5360 823 5418 Eusebius
878 5364 976 5420 lib.
1022 5383 1075 5420 ιιι
1128 5365 1205 5419 De
1242 5375 1531 5436 prcparat.
1558 5369 1875 5438 evangeliea,

310 5467 431 5523 cap.
489 5452 543 5519 4,
604 5453 841 5518 Μενγίη,
901 5466 954 5511 et
1004 5467 1195 5512 auctor
1237 5458 1478 5514 chronici
1528 5457 1879 5516 Alexandrini

318 5543 550 5598 Merrhin
605 5547 917 5618 appellant;
976 5559 1092 5604 erat
1120 5559 1299 5604 autem
1340 5551 1573 5617 sterilis,
1624 5552 1765 5608 sicut
1813 5556 1881 5609 le-

311 5638 454 5706 gitur
518 5638 735 5694 ibidem.
800 5640 1020 5708 (Suadst
1080 5646 1216 5698 hanc
1280 5659 1453 5699 meam
1522 5647 1874 5704 assertionem

1991 3178 2240 3235 Teredon
2285 3177 2460 3234 fuisse
2514 3185 2829 3235 terrestrem
2880 3180 3190 3249 paradisum
3239 3194 3269 3234 e
3316 3179 3567 3243 Pererio,

1989 3266 2256 3333 Oleastro,
2286 3266 2597 3339 Eugnhino,
2621 3269 2870 3335 Vatablo,
2901 3278 2955 3325 et
2984 3268 3243 3326 Jansenio
3299 3271 3353 3324 in
3385 3285 3435 3325 c.
3467 3269 3570 3323 145

1990 3363 2301 3419 Concordia:
2324 3365 2654 3434 euangelicis,
2679 3365 2920 3421 Gerardo
2950 3366 3274 3431 Mercatore,
3308 3383 3371 3423 ac
3398 3369 3573 3422 Abra-

1991 3453 2153 3508 hamo
2181 3453 2389 3508 Ot'telio
2411 3453 2490 3508 De
2536 3453 2648 3508 Nili
2681 3456 2939 3521 fontibus,
2976 3467 3023 3510 et
3047 3460 3223 3511 causis
3258 3458 3572 3511 inundatio-

1991 3544 2106 3609 nis;
2146 3544 2375 3612 Seneca,
2424 3545 2522 3600 lib.
2566 3561 2619 3599 tv
2650 3545 2850 3601 Natur.
2897 3556 3084 3617 quiest.
3132 3549 3154 3601 ι
3208 3558 3261 3602 et
3289 3548 3359 3613 ’2;
3395 3549 3559 3614 Plin.,

1990 3632 2087 3687 lib.
2128 3648 2180 3700 v,
2212 3648 2332 3704 cap.
2377 3635 2410 3690 9
2461 3633 2689 3701 Natura
2708 3635 2831 3689 In'st.
2868 3644 2924 3691 et
2946 3636 3152 3691 librum
3191 3637 3393 3693 Gallice
3437 3654 3572 3692 con-

1990 3723 2211 3795 scripsit
2249 3725 2519 3782 archiater
2547 3725 2955 3783 eruditissimus
2988 3726 3052 3784 ι).
3085 3728 3153 3783 de
3194 3729 3241 3782 la
3273 3728 3564 3785 Chambre.

1989 3812 2198 3870 Nomen
2242 3813 2345 3870 Nili
2392 3814 2531 3870 forte
2561 3814 2662 3869 fuit
2707 3814 3020 3884 impositum
3077 3815 3197 3869 Nilo
3241 3815 3440 3880 abbati,
3485 3815 3569 3870 vel

1991 3904 2192 3960 ominis
2217 3918 2383 3960 causa
2409 3904 2594 3977 644,
2641 3905 2768 3976 quia
2801 3906 3019 3977 eloquio
3062 3922 3163 3963 suo
3204 3907 3567 3963 inundaturus

1991 4004 2108 4049 erat
2131 3995 2309 4050 aulam
2337 3995 2766 4065 imperatoriam,
2790 3998 3013 4067 suisque
3039 3998 3260 4052 monitis
3285 4008 3339 4053 et
3365 4012 3566 4067 praece-

1994 4085 2119 4154 ptis,
2155 4091 2511 4154 posteaquam
2559 4085 2627 4139 ab
2671 4100 2734 4140 ea
2776 4086 3019 4151 recessit,
3048 4096 3102 4141 et
3140 4087 3208 4141 ad
3241 4096 3421 4142 castra
3451 4101 3565 4142 cte-

1991 4174 2138 4231 lestis
2163 4172 2327 4245 Regis
2353 4188 2538 4245 regum
2563 4175 2832 4240 transivit,
2858 4176 3028 4245 ipsius
3052 4191 3262 4241 servos,
3291 4186 3345 4231 et
3373 4192 3564 4230 mona—

1991 4266 2142 4332 chos,
2179 4267 2468 4337 tidelesque
2509 4280 2720 4330 omnes,
2758 4275 2813 4322 et
2847 4267 3096 4337 speciosa
3129 4268 3329 4323 deserti
3372 4267 3567 4323 fecun-

1991 4358 2251 4425 daturus,
2310 4366 2365 4412 et
2419 4359 2879 4430 impinguaturus.
2941 4359 3135 4415 Omnia
3173 4360 3225 4414 in
3280 4361 3383 4415 hoc
3432 4360 3566 4415 orbe

1995 4460 2258 4505 terrarum
2292 4450 2573 4506 sublunari
2606 4452 2864 4507 volubilia
2891 4461 3021 4507 sunt
3059 4461 3222 4522 atque
3258 4451 3562 4515 mutabilia,

1991 4540 2135 4593 sicut
2170 4548 2224 4594 et
2254 4540 2380 4595 luna
2412 4540 2606 4607 variat,
2649 4549 2813 4611 atque
2845 4549 3107 4607 mutatur,
3152 4541 3376 4597 nomina
3428 4555 3564 4608 pra:-

1991 4631 2182 4686 sertim
2207 4632 2517 4702 regionum,
2549 4640 2603 4686 et
2630 4632 2941 4696 ﬂuminum,
2974 4632 3118 4687 sicut
3149 4642 3202 4687 et
3233 4631 3334 4700 ipsi
3400 4632 3559 4693 situs,

1991 4731 2154 4791 atque
2179 4736 2373 4776 cursus
2408 4721 2642 4776 induunt
2669 4738 2839 4777 novas
2880 4722 3078 4779 facies:
3108 4722 3434 4792 quibusdam
3460 4722 3563 4775 ﬂu-

1992 4813 2229 4868 minibus
2271 4813 2491 4868 nomina
2523 4813 2695 4869 indita
2728 4813 2950 4869 fuerunt
2988 4814 3058 4869 ab
3102 4814 3416 4868 hominibus
3466 4813 3564 4868 de-

1989 4908 2204 4973 mersis,
2226 4916 2321 4961 aut
2350 4908 2420 4962 ab
2465 4909 2572 4963 alio
2608 4925 2760 4973 casu,
2799 4918 2854 4963 ut
2893 4909 3187 4963 indicatum
3248 4908 3387 4961 fuit:
3462 4908 3563 4961 ho-

1989 4997 2164 5054 mines
2193 4997 2296 5068 ipsi
2330 5015 2547 5070 quoque
2575 5016 2607 5054 a
2655 5000 2970 5055 ﬂuminibus
3024 5016 3086 5055 ea
3123 5000 3350 5055 mutuati
3410 5009 3557 5065 sunt,

1989 5087 2289 5153 Potamius,
2329 5092 2655 5161 Euphrates,
2706 5093 2958 5162 Tygrius,
2999 5091 3337 5155 Rhodanius,
3372 5100 3425 5145 et
3469 5089 3561 5144 Ni-

1988 5179 2093 5236 lus.
2149 5178 2264 5251 Ego
2298 5197 2428 5237 vero
2461 5183 2511 5236 in
2544 5198 2663 5238 eam
2698 5182 2855 5238 facile
2914 5183 3237 5238 sententiam
3295 5180 3555 5247 adducor,

1987 5280 2043 5326 ut
2071 5286 2194 5326 eum
2234 5287 2265 5327 a
2310 5274 2626 5342 parentibus
2665 5274 2995 5330 Christianis
3052 5274 3392 5344 progenitum
3434 5287 3555 5326 cre-

1987 5369 2136 5433 dam,
2167 5369 2259 5440 qui
2292 5385 2490 5426 nomen
2523 5370 2651 5437 Nili,
2692 5371 2910 5441 quando
2944 5370 3117 5425 sacris
3178 5368 3395 5423 ablutus
3457 5365 3557 5419 fuit

1983 5459 2163 5530 aquis,
2195 5460 2306 5515 lilio
2334 5476 2435 5516 suo
2490 5462 2776 5525 dederunt,
2839 5470 2900 5515 ut
2950 5458 3244 5529 Pansopbii
3302 5456 3563 5526 martyris

1983 5553 2335 5609 Alexandrini
2365 5554 2468 5610 sub
2518 5552 2797 5623 Augustali
2838 5552 3071 5623 praeside
3128 5551 3297 5621 passi.
3350 5559 3562 5614 marty-

1984 5648 2155 5716 tiique
2201 5648 2381 5704 laurea
2428 5648 2669 5704 coronati
2698 5647 2841 5715 (cum
2894 5645 3090 5702 Decius
3149 5644 3460 5710 imperator
3528 5638 3620 5743 “\k
