3898 6196
408 264 538 329 1371

1125 267 1273 327 JOS.
1314 261 1576 327 MARLE
1616 259 1971 324 SUARESII
2008 258 2240 322 LIBER
2277 264 2905 333 CHRONOLOGICUS

3549 268 3697 333 1372

405 376 753 433 Christianos
783 376 1216 446 persecutionem
1253 376 1532 440 moi-isset,
1561 384 1616 430 et
1659 388 1775 440 eos,
1810 389 1975 445 quam
2005 374 2049 430 Α
2080 372 2180 425 rib.
2211 375 2409 444 public.
2447 381 2638 435 eodem
2676 380 2895 438 Codice.
2935 382 3283 441 Bibliotheca
3303 398 3547 455 quoque
3585 401 3698 454 pn-

410 471 518 526 late
549 470 850 524 Romanum
881 468 1095 538 patebat
1141 468 1432 539 imperium
1483 468 1774 524 crudeliter
1835 469 1979 524 inse-

408 559 693 630 ctarelur),
732 568 935 629 patrem
967 558 1148 615 Nilum
1178 559 1561 631 proconsulem
1605 560 1805 615 imitari
1853 574 1981 630 pos-

411 661 511 717 set,
545 652 763 720 pietate.
796 666 860 707 ac
904 652 1123 717 virtute,
1155 653 1286 721 quin
1313 660 1368 706 et
1393 650 1559 706 filium
1611 649 1980 720 Pansophium

409 759 575 812 apum
612 744 987 813 despicientia,
1026 759 1355 813 secessuque
1394 744 1448 798 in
1510 744 1884 809 solitudinem,
1930 750 1987 798 et

414 834 614 889 invicta
652 836 959 891 constantia
997 845 1347 905 exarquaret;
1381 820 1539 906 eu’jus
1567 845 1844 890 certamen
1868 834 1987 905 gloo

414 927 643 989 riosum,
691 936 745 981 et
797 928 1075 983 victoriam
1104 930 1287 984 Graeca
1348 928 1549 983 Menaza
1605 928 1987 984 concelebrant

414 1021 504 1074 die
555 1020 623 1074 l5
643 1019 910 1085 Januarii,
951 1031 1002 1075 et
1034 1036 1131 1075 vox
1168 1021 1254 1074 illa
1281 1021 1498 1075 insonat
1545 1020 1783 1075 ﬁdelium
1841 1021 1991 1074 auri-

416 1111 522 1166 bus
587 1120 847 1165 aeternum
906 1112 1307 1167 memoranda:
1345 1110 1707 1181 Pansopliium
1762 1110 1989 1179 amplius

416 1199 604 1252 ca-dite
641 1199 1030 1269 (impostores),
1088 1201 1166 1253 sic
1212 1200 1352 1254 enim
1397 1200 1480 1254 illi
1531 1200 1712 1266 plures
1755 1199 1988 1267 plectetis

417 1287 679 1350 corollas,
716 1289 826 1341 imo
862 1289 1043 1358 potius
1080 1290 1393 1358 episcopum
1442 1288 1756 1360 Egyptium
1787 1288 1989 1353 Nilum,

376 1391 382 1396 ·
419 1377 487 1430 de
516 1391 624 1445 quo
650 1373 935 1442 Eusebius,
965 1378 1058 1432 lib.
1115 1394 1231 1443 vni,
1283 1395 1403 1449 cap.
1475 1380 1566 1445 ﬁl,
1618 1381 1747 1449 agit,
1786 1382 1994 1451 quiquo

421 1467 563 1537 apud
587 1467 926 1524 Palmstinam
954 1470 1204 1526 incendio
1225 1479 1603 1527 concrematus
1634 1471 1757 1537 fuit,
1787 1472 1995 1528 Diocle-

422 1561 572 1614 tiano
622 1559 837 1616 furente
866 1560 1127 1618 adversus
1166 1578 1365 1619 nomen
1422 1564 1813 1629 Christianum,
1861 1565 1993 1621 dum

422 1652 710 1721 praefectus
747 1655 1044 1724 provinciae
1074 1656 1140 1712 de
1169 1657 1605 1714 Christianorum
1646 1660 1995 1719 successibus

422 1745 755 1799 felicissimis
780 1746 1174 1803 Diocletianum
1205 1750 1494 1805 certiorem
1548 1751 1787 1818 iecisset,
1835 1754 1994 1823 cujus

423 1835 699 1900 mandato,
732 1836 777 1891 is
820 1838 912 1905 qui
943 1840 1173 1894 metallis
1231 1841 1487 1895 eruendis
1545 1855 1765 1910 operam
1808 1843 1993 1907 dabat,

423 1924 602 1979 Nilum
634 1941 758 1979 cum
788 1927 963 1982 tribus
991 1929 1135 1991 aliis,
1172 1927 1331 1985 Peleo
1375 1931 1587 1987 scilicet
1644 1931 1830 1988 itidem
1882 1935 1996 2004 epi-

423 2030 591 2085 scopo
619 2013 895 2086 Egyptio,
929 2028 983 2072 et
1009 2018 1122 2072 Elia
1151 2020 1489 2089 presbytero,
1518 2030 1682 2090 atque
1703 2023 1997 2079 studiosis-

423 2106 565 2161 simo
596 2109 991 2173 Patermutliio,
1027 2124 1124 2165 seu
1160 2109 1316 2165 Patre
1345 2109 1536 2178 Matio,
1591 2112 1656 2166 ad
1696 2114 1848 2167 illum
1901 2116 1992 2183 qui

422 2209 656 2268 praeerat
681 2200 1013 2257 exercitibus
1029 2203 1319 2274 ablegavit,
1351 2204 1475 2259 aliis
1508 2206 1561 2259 in
1589 2205 1847 2276 Cyprum,
1878 2207 1997 2262 aliis

424 2292 481 2344 in
530 2290 799 2347 Libanum
836 2293 1157 2363 deportatis.
1200 2296 1271 2349 At
1300 2297 1403 2352 iste
1430 2299 1541 2352 dux
1599 2300 1877 2368 copiarum
1903 2296 1998 2351 Ni-

427 2387 539 2439 lum
599 2401 719 2441 cum
787 2387 1082 2443 comitibus
1133 2387 1341 2441 addixit
1403 2389 1535 2459 igni,
1597 2404 1761 2459 quem
1817 2400 1996 2445 tamen

423 2477 638 2532 athletae
683 2477 906 2543 Christi,
962 2494 1087 2533 cum
1132 2479 1307 2548 major
1335 2488 1480 2535 esset
1519 2480 1664 2535 intus
1695 2482 1795 2547 vis,
1829 2491 1882 2536 et
1911 2495 1999 2535 ar-

424 2570 525 2624 dor
575 2571 780 2625 a'i-oris
813 2585 944 2640 erga
1004 2587 1190 2626 verum
1239 2571 1435 2635 Deum,
1484 2573 1750 2642 sanguine
1777 2588 1878 2628 suo
1909 2588 2001 2642 ge-

425 2676 620 2716 nerose
648 2661 1034 2717 occumbeutes
1064 2665 1445 2718 exstinxeruut
1471 2681 1486 2730 ;
1543 2675 1601 2718 ut
1633 2679 1664 2719 e
1692 2662 1999 2734 Nicephoro

424 2770 548 2810 ace
604 2756 907 2824 Meuologio
969 2755 1159 2814 Graaco
1215 2759 1417 2815 Canisii
1468 2759 1738 2831 colligitur
1794 2759 1860 2813 27
1912 2760 2002 2815 die

424 2846 727 2914 Scplemh.,
761 2857 859 2902 cte
889 2847 1186 2904 Florentin.
1207 2850 1480 2921 Martyrol.
1503 2851 1731 2907 Lucensi
1756 2852 1817 2906 19
1848 2850 1996 2920 Sept.

428 2937 589 2992 Istius
616 2937 718 2993 Nili
750 2941 1005 3009 martyris
1034 2949 1087 2995 et
1108 2942 1277 3008 episc.
1316 2958 1515 3012 corpus
1531 2945 1874 3013 requiescere
1894 2943 1999 2997 Ro-

2082 460 2238 516 blica:
2274 463 2610 533 visebantur,
2650 482 2703 525 et
2761 471 3181 541 bibliothecarii;
3221 489 3252 530 e
3311 474 3535 544 quibus
3600 474 3698 529 illa

2085 553 2424 612 nobilissima
2452 557 2697 617 Basilisci
2721 564 2822 618 sub
2849 565 3079 635 imperio
3101 567 3494 637 conﬂagravit,
3525 567 3699 634 cujus

2085 646 2382 703 meminere
2415 648 2767 717 Themistius,
2814 664 2950 708 orat.
2985 655 3068 719 l5,
3109 654 3353 711 Zonaras
3460 667 3525 712 et
3590 656 3699 710 Ce-

2087 736 2312 795 drenus.
2360 736 2475 795 Sub
2504 741 2814 799 Theodosio
2845 746 2952 800 isto
2985 747 3208 815 juniore
3259 749 3408 819 Aug.
3491 762 3700 802 recen-

2087 841 2277 909 sentur
2302 833 2395 891 lib.
2435 851 2452 890 ι
2516 837 2593 891 De
2620 839 2844 906 profess.
2884 841 3223 910 grammatici
3289 839 3481 895 Gnaei
3509 838 3700 893 Helia.

2089 923 2235 988 dius,
2287 934 2344 981 et
2383 926 2650 998 Syrianus
2694 948 2708 996 ;
2772 930 3022 997 Latinus,
3056 932 3445 1003 TheOphilus;
3494 932 3698 1000 sopbi-

2089 1024 2189 1070 stas
2226 1015 2487 1073 Martinus
2527 1027 2583 1073 et
2636 1018 2943 1087 Maximus;
2971 1021 3347 1090 jurisperitus,
3379 1020 3695 1075 Leontius.

2090 1104 2261 1161 Erant
2296 1107 2617 1177 antiquarii,
2658 1118 2712 1164 et
2742 1111 2998 1166 custodes
3027 1111 3371 1166 bibliothecae
3416 1112 3496 1165 ad
3536 1112 3697 1165 codi—

2091 1211 2181 1252 ces
2231 1200 2656 1268 componendus,
2715 1201 2797 1255 vel
2853 1217 2951 1271 pro
3005 1212 3275 1256 vetustate
3331 1200 3700 1272 reparandas

2092 1289 2194 1343 sub
2241 1286 2646 1357 Valentiniano,
2686 1289 2925 1355 Valente,
2995 1309 3060 1347 ac
3120 1294 3407 1358 Gratiano,
3449 1294 3569 1347 Lit
3628 1292 3700 1346 De

2092 1377 2236 1433 stud.
2279 1377 2484 1433 liberal.
2507 1380 2629 1435 eod.
2674 1380 2844 1447 Cod.,
2907 1391 3144 1452 quatuor
3202 1382 3408 1447 Graeci,
3462 1393 3523 1437 et
3588 1393 3698 1437 tres

2094 1470 2294 1525 Latini.
2323 1470 2438 1526 Non
2493 1472 2667 1527 defuit
2719 1474 2886 1543 igitur
2941 1475 3158 1530 occasio
3200 1474 3508 1530 erudiendi
3564 1474 3697 1539 Nili,
3798 1508 3799 1523 η

2096 1564 2437 1634 proiecitque
2474 1565 2610 1620 adeo
2659 1566 2712 1619 in
2760 1566 3093 1634 eloquentia,
3154 1567 3408 1636 iurisque
3466 1568 3696 1636 peritia,

2102 1664 2159 1709 ut
2205 1656 2465 1710 meruerit
2503 1658 2656 1712 urbis
2713 1656 3113 1727 prtel'ecturaut,
3169 1658 3696 1726 Constantin0polis

2098 1745 2367 1799 videlicet.
2409 1744 2637 1800 Dederat
2694 1755 2774 1801 tot
2812 1749 3108 1818 specimina
3152 1748 3261 1816 jam
3342 1748 3396 1801 in
3462 1751 3693 1818 pulvere

2096 1835 2445 1903 scholastice,
2476 1846 2529 1892 et
2560 1838 3497 1908 umbratilibusexercitationibus,
3532 1848 3689 1908 atque

2095 1927 2578 1986 declamationibus
2647 1944 2754 1999 qua
2802 1906 3170 1999 perspicaciz,
3235 1945 3341 1999 qua
3407 1906 3684 1983 facundi:

2097 2032 2230 2082 suae,
2267 2017 2399 2087 quin
2439 2017 2729 2087 aequitatis,
2770 2028 2930 2089 atque
2958 2019 3338 2084 rectitudinis;
3409 2018 3683 2089 juvenili-

2097 2124 2202 2179 que
2230 2108 2283 2163 in
2321 2119 2477 2163 aetate
2506 2108 2870 2164 maturitatem
2910 2126 3123 2165 morum
3163 2118 3370 2166 tantam
3448 2125 3686 2179 expres-

2098 2208 2263 2265 serat,
2305 2206 2365 2253 ιιι
2406 2198 2630 2254 ﬂoribus
2666 2201 3012 2270 praecessisse
3070 2200 3281 2255 fructus
3341 2200 3690 2254 mirarentur

2098 2291 2374 2346 universi:
2423 2290 2687 2360 probitas,
2719 2292 2930 2362 religio,
2964 2300 3151 2361 totque
3201 2292 3321 2346 alia:
3351 2290 3541 2345 animi
3579 2294 3690 2346 exi-

2098 2385 2223 2439 mite
2259 2384 2415 2439 dotes
2452 2384 2603 2438 illum
2631 2384 3001 2446 adornabant:
3029 2391 3088 2437 ut
3122 2384 3346 2453 pramia
3388 2382 3553 2437 ultro
3572 2383 3681 2451 jam

2100 2484 2472 2544 exposcerent.
2495 2472 2683 2544 Neque
2706 2488 2902 2543 passus
2931 2473 3226 2544 imperator
3254 2473 3546 2529 Arcadius
3571 2484 3687 2529 tan-

2101 2575 2216 2622 tum
2243 2567 2419 2621 virum
2449 2560 2657 2621 diutius
2683 2567 2880 2631 latere,
2911 2565 2964 2619 in
3014 2565 3189 2621 lucem
3246 2565 3467 2634 eduxit,
3510 2576 3567 2621 et
3626 2569 3687 2622 ad

2100 2658 2477 2730 praefecturam
2507 2658 2657 2713 urbis
2695 2669 2827 2712 tunc
2885 2657 3227 2727 regnatrieis,
3274 2674 3402 2728 quae
3464 2659 3690 2714 culmen

2102 2760 2186 2806 est
2229 2752 2578 2819 dignitatum,
2618 2758 2950 2818 vocaturque
2982 2748 3229 2818 βασιλεία
3258 2750 3618 2821 ἀπόρφυρος,
3640 2752 3691 2804 id

2101 2851 2207 2908 est,
2240 2842 2512 2907 imperium
2543 2843 2737 2910 absque
2765 2854 3021 2909 purpura,
3056 2839 3250 2894 merito
3266 2840 3573 2909 plaudente
3596 2858 3691 2912 po-

2104 2934 2256 3004 pulo,
2302 2942 2601 3001 senatuque
2622 2930 2894 3001 gaudente
2925 2930 3193 2999 provexit,
3231 2944 3287 2985 et
3309 2931 3365 2985 in
3400 2931 3511 2986 hac
3558 2948 3693 3001 pra-

433 3045 533 3084 ma:
571 3030 624 3083 in
660 3028 1044 3085 Sancto-Sixto
1069 3032 1156 3086 via
1205 3032 1377 3102 Appia
1428 3033 1495 3086 ad
1536 3033 1777 3088 intimam
1819 3033 1993 3089 Pisci-
2029 3043 2071 3101 ο
2103 3025 2247 3082 celsa
2279 3024 2411 3081 base
2444 3024 2606 3078 veluti
2647 3024 2863 3092 signum
2891 3021 3188 3093 expolitum
3229 3022 3459 3089 aliabre,
3516 3027 3695 3079 omni-

433 3136 557 3175 nam
591 3122 643 3175 in
688 3120 835 3177 Valle
868 3124 1170 3194 oppositam
1207 3124 1457 3179 Thermis
1489 3124 1772 3188 Antonini,
1838 3126 1999 3181 docet

429 3213 713 3282 inscriptio
751 3214 893 3283 apud
926 3215 1309 3280 Martinellum,
1350 3231 1404 3284 p.
1434 3216 1539 3270 306
1578 3216 1760 3270 Romae
1807 3233 1995 3283 sacrm,

430 3318 553 3357 cum
593 3305 714 3358 aliis
738 3305 1133 3374 compluribus.
1173 3305 1418 3362 lnitiatus
1448 3321 1576 3375 ergo
1613 3305 1851 3374 Christo,
1891 3318 1999 3364 eta

430 3396 750 3464 parentibus
787 3397 1051 3451 educatus
1082 3397 1403 3475 honorifice,
1440 3413 1543 3453 nec
1596 3399 1781 3455 minus
1828 3400 1999 3455 mori-

432 3486 535 3541 bus
573 3502 734 3557 quam
771 3488 964 3542 litteris
998 3487 1257 3553 imbutus,
1304 3491 1504 3561 ingenii
1556 3493 1763 3547 cultum
1794 3495 1997 3563 coepit:

432 3592 558 3630 nam
599 3576 1072 3647 Constantinopoli
1112 3579 1378 3635 ﬂorebant
1406 3582 1628 3652 optimae
1657 3594 1825 3647 artes,
1857 3585 2003 3655 vige-

431 3664 564 3719 bant
601 3666 804 3731 studia,
840 3666 1294 3738 professoresque
1327 3670 1622 3727 clarissimi
1654 3688 1760 3728 non
1819 3689 2003 3744 gram-

430 3755 685 3809 maticam
730 3757 994 3812 duntaxat
1056 3767 1111 3815 et
1177 3759 1527 3826 rhetoricam,
1583 3762 1676 3817 sed
1741 3763 2004 3834 ingenuas

430 3864 631 3905 omnes
703 3851 1045 3922 disciplinas,
1112 3852 1464 3918 medicinam,
1512 3852 2001 3923 jurisprudentiam

426 3942 944 4014 philosophiamque
997 3945 1259 4000 docebant
1293 3945 1347 3999 in
1379 3946 1663 4015 Capitolio.
1702 3944 1763 3999 L.
1807 3962 1886 4011 ιιι,
1929 3945 2006 4000 De

427 4035 622 4093 medic.
647 4044 694 4088 et
722 4036 1009 4105 professor.
1032 4036 1342 4111 Cedas
1370 4037 1576 4094 Theod.
1596 4048 1649 4093 et
1680 4039 1763 4093 tit.
1785 4038 1858 4093 De
1878 4056 2003 4108 pro-

427 4126 676 4193 fessorib.
710 4130 800 4198 qui
828 4130 884 4182 in
915 4129 1040 4184 urbe
1077 4130 1480 4201 Coustantinop:
1518 4140 1571 4187 et
1601 4132 1683 4187 tit.
1712 4131 1788 4187 De
1812 4133 2004 4188 studiis

426 4216 739 4283 liberalibus
771 4221 913 4274 urbis
949 4219 1152 4287 Romw,
1192 4231 1242 4276 et
1297 4222 1697 4295 Constantinop.
1728 4223 1805 4280 Ac
1865 4240 2005 4294 pra:-

430 4308 622 4373 sertim
646 4311 684 4363 ι.
703 4327 763 4364 ιιι
789 4311 878 4365 ubi
904 4309 1243 4369 Theodosius
1277 4312 1297 4367 l
1322 4324 1374 4369 et
1404 4314 1810 4371 Valentinianus
1833 4318 1996 4372 Ctess.

432 4396 493 4458 in
533 4398 803 4453 auditorio
840 4398 1089 4468 Capitolii
1125 4411 1369 4459 oratores
1406 4413 1518 4458 tres
1558 4420 1807 4471 numero,
1863 4421 2002 4474 quos

434 4487 695 4543 Romana:
719 4490 1039 4559 eloquentiae
1066 4492 1310 4547 doctrina
1342 4496 1707 4562 commendat,
1726 4504 2002 4563 statuunt;

428 4582 623 4641 decem
666 4597 793 4638 vero
820 4586 1228 4653 grammaticos.
1271 4586 1327 4639 In
1368 4586 1454 4642 his
1478 4587 1662 4651 etiam,
1693 4590 1786 4658 qui
1817 4588 2008 4643 facun-

430 4673 526 4734 dia
562 4672 868 4730 Gmcitatis
901 4676 1105 4745 pollere
1136 4686 1437 4733 noscuntur
1472 4678 1714 4750 quinque
1777 4695 2007 4736 numero

433 4766 551 4830 sint
576 4768 863 4836 sophistae,
905 4777 959 4823 et
994 4771 1334 4839 grammatici
1355 4787 1508 4840 aeque
1525 4772 1709 4828 decem
1739 4789 1754 4839 ;
1784 4782 1837 4827 et
1866 4788 2007 4842 quo-

437 4859 585 4922 niam
627 4875 734 4914 non
772 4860 857 4915 his
902 4862 1111 4917 artibus
1143 4871 1353 4918 tantum
1404 4865 1824 4920 adolescentiam
1890 4868 2008 4937 glo-

440 4950 645 5010 riosam
681 4961 869 5021 optant
898 4953 1128 5018 institui,
1162 4953 1539 5024 profundioris
1577 4971 1795 5026 quoque
1828 4956 2010 5011 scien-

441 5045 530 5101 tia:
584 5056 743 5114 atque
776 5046 1038 5102 doctrinm
1101 5048 1418 5102 memoratis
1467 5050 1745 5118 magistris
1799 5050 2011 5104 sociant

442 5145 718 5190 auctores.
788 5134 967 5190 Unum
1036 5139 1199 5209 igitur
1254 5138 1473 5209 adjungi
1539 5142 1750 5194 cmteris
1799 5140 2008 5204 volunt,

441 5228 536 5296 qui
584 5228 939 5297 philosophia!
970 5243 1168 5283 arcana
1211 5230 1471 5297 rimetur;
1503 5231 1641 5287 duos
1671 5248 1888 5303 quoque
1918 5236 2011 5304 qui

441 5319 584 5387 juris
644 5321 912 5391 aclcgum
984 5320 1247 5376 formulas
1299 5324 1555 5391 pandant.
1628 5325 1757 5378 Eiat
1812 5327 2013 5397 quippe

445 5411 769 5480 Capitolium
804 5412 1294 5483 Constantinopoli,
1323 5413 1463 5467 sicut
1513 5413 1717 5480 Romae,
1760 5417 1811 5471 in
1841 5433 2015 5488 eoque

451 5508 715 5576 porticus,
758 5507 808 5561 in
843 5507 1165 5577 porticibus,
1195 5505 1429 5572 exedrae,
1469 5514 1630 5575 atque
1675 5508 1901 5575 cellulae,
1951 5527 2013 5566 ac

452 5596 743 5659 auditoria,
783 5598 834 5650 in
870 5596 1070 5666 quibus
1108 5594 1453 5665 professores
1479 5596 1819 5665 iuventuten:
1848 5600 2015 5655 infor-

455 5687 695 5749 piabant,
738 5693 793 5737 ut
834 5703 894 5740 cx
939 5688 1021 5742 liis
1055 5687 1261 5755 legibus
1294 5687 1480 5755 liquet,
1512 5696 1563 5742 et
1588 5688 1623 5742 l.
1648 5690 1744 5745 ult.
1777 5690 1849 5745 Dc.
1887 5710 2007 5748 onc-

2100 3115 2310 3184 busque
2356 3111 2646 3180 sculptura;
2675 3111 2918 3166 numeris
2989 3111 3321 3175 absolutum,
3383 3128 3449 3168 ac
3511 3129 3695 3183 operai

2102 3206 2331 3277 pretium
2355 3203 2829 3273 praeclarissimum
2861 3202 3173 3267 collocavit,
3219 3211 3278 3257 ut
3314 3204 3391 3258 ibi
3452 3208 3690 3276 conspi-

2102 3312 2264 3354 cuum
2294 3297 2467 3367 magis
2500 3296 2674 3361 foret;
2723 3310 2849 3348 nam
2882 3294 3022 3366 ἀρχὴ
3063 3295 3229 3364 ἄνδρα
3289 3295 3605 3360 δείκνυσιν,
3640 3308 3697 3350 ιιι

2102 3385 2310 3457 vulgari
2354 3384 2523 3440 fertur
2547 3384 2761 3455 adagio,
2787 3386 2837 3436 id
2871 3394 2974 3447 est.
3015 3386 3345 3455 magistratus
3393 3386 3581 3438 virum
3613 3389 3701 3441 iu-

2103 3479 2270 3534 dicat.
2304 3475 2614 3531 Honoratus
2639 3477 2848 3546 primus
2883 3475 3003 3529 urbi
3038 3474 3498 3544 Constantiimpoli
3528 3491 3701 3543 prae—-

2104 3568 2280 3626 lectus
2304 3567 2406 3624 fuit
2444 3583 2588 3623 anno
2626 3584 2656 3623 a
2703 3567 2767 3623 C.
2797 3565 2863 3621 N.
2898 3566 3023 3621 359.
3059 3565 3443 3623 Successorum
3527 3583 3607 3622 eo
3643 3569 3703 3623 in

2103 3676 2331 3718 munere
2361 3660 2685 3724 lndieulum,
2733 3675 2829 3715 seu
2902 3659 3161 3713 Notitiam
3230 3658 3460 3728 praebuit
3524 3661 3699 3715 nobis

2104 3769 2281 3824 usque
2312 3754 2377 3808 ad
2415 3768 2618 3807 annum
2652 3751 2778 3813 435,
2808 3751 3131 3807 scholicstcs
3185 3750 3322 3806 Cod.
3378 3749 3694 3815 Theodos..

2106 3863 2205 3903 nec
2231 3848 2372 3902 inter
2392 3861 2487 3902 eos
2515 3844 2752 3915 comperi
2778 3841 2979 3909 Nilum,
3006 3847 3145 3898 forte
3168 3843 3294 3914 quia
3340 3844 3498 3897 nulla
3518 3855 3699 3898 exstat

2108 3938 2497 4008 imperatorum
2523 3940 2589 3995 ad
2635 3940 2786 3997 illum
2817 3943 3019 3998 directa
3049 3943 3392 4007 constitutio,
3436 3944 3529 3996 vel
3569 3945 3698 4013 quia

2106 4027 2237 4084 latet
2262 4031 2364 4085 sub
2400 4031 2584 4101 aliquo
2614 4032 2722 4086 alio
2760 4034 2981 4088 nomine
3018 4051 3031 4086 :
3082 4043 3211 4088 tunc
3261 4034 3412 4088 enim
3446 4034 3700 4102 pluribus

2108 4122 2416 4177 nominibus
2434 4124 2717 4179 utebantur
2738 4122 2968 4179 Romani
3004 4135 3057 4181 et
3072 4124 3695 4194 Constantinopolitani.

2104 4211 2271 4284 646
2321 4211 2549 4267 Nomina
2583 4214 2801 4284 quidem
2835 4213 3059 4269 fuerunt
3096 4213 3162 4269 ad
3219 4214 3477 4269 homines
3499 4215 3698 4284 digno.

2108 4305 2357 4370 scendos,
2388 4314 2442 4359 et
2468 4306 2532 4359 ad
2568 4307 3033 4376 recognoscendos
3084 4306 3332 4376 singulos
3401 4306 3696 4376 imposita,

2106 4407 2159 4452 et
2179 4408 2490 4467 comparata
2520 4399 2795 4452 communi
2828 4413 3115 4465 consensu,
3147 4397 3183 4452 1.
3215 4414 3247 4452 x
3279 4397 3341 4452 C.
3389 4397 3699 4461 Justinian.

2102 4488 2180 4545 De
2208 4491 2375 4559 ingeri,
2405 4505 2662 4553 manum,
2681 4490 2812 4560 quin
2843 4490 3008 4545 etiam
3028 4490 3263 4545 nominis
3290 4505 3395 4543 vox
3418 4505 3449 4543 a
3472 4506 3703 4544 noscen-

2105 4580 2172 4634 do
2193 4580 2422 4637 deducta
2454 4590 2555 4637 est.
2590 4580 2798 4636 Nomen
2829 4582 2972 4635 enim
3005 4582 3207 4637 dictum
3243 4582 3399 4650 quasi
3433 4582 3702 4636 novimus

2106 4686 2136 4727 a
2171 4670 2337 4727 Sexto
2376 4671 2650 4740 Pompeio,
2685 4672 2808 4726 licet
2835 4671 2928 4726 alii
2950 4672 3193 4727 derivent
3231 4689 3260 4726 a
3290 4670 3488 4727 Graeco
3529 4675 3705 4743 δνομέι

2107 4781 2205 4835 per
2232 4765 2575 4834 aphaeresim.
2598 4763 3071 4831 Quemadmodum
3094 4766 3520 4820 veroiudividua
3549 4783 3701 4835 qua:-

2109 4871 2236 4926 que,
2272 4872 2368 4912 seu
2406 4871 2653 4926 personae
2678 4857 2954 4926 sigillatim
2989 4872 3020 4912 e
3071 4856 3311 4911 vultibus
3351 4856 3705 4925 ἀίειιοεευηο

2112 4955 2222 5010 tur,
2251 4954 2304 5001 et
2335 4946 2389 5000 in
2427 4945 2519 5000 illo
2552 4944 2873 5000 discrimine
2907 4942 3171 4998 facierum
3204 4943 3565 4997 admirabilis
3627 4958 3704 4998 est

2111 5038 2459 5108 potissimum
2487 5052 2669 5091 rerum
2703 5036 2950 5090 omnium
2981 5033 3246 5089 Conditor
3275 5032 3445 5099 Deus,
3475 5034 3560 5088 ita
3594 5038 3697 5089 vul~

2114 5144 2224 5200 tus,
2247 5142 2298 5188 et
2334 5146 2527 5187 nomen
2560 5133 2966 5201 azquiparantur
2998 5130 3052 5183 in
3090 5129 3195 5182 ista
3228 5118 3494 5181 varietate
3523 5146 3541 5195 ;
3581 5144 3707 5181 nam

2112 5234 2168 5281 et
2203 5227 2258 5279 in
2288 5224 2425 5280 Vitis
2462 5222 2680 5278 Patrum
2722 5223 2774 5276 id
2806 5223 3023 5291 legitur,
3056 5229 3112 5275 et
3143 5229 3299 5289 poeta
3348 5218 3545 5286 canit,
3612 5233 3710 5289 po-

2118 5327 2401 5384 steaquam
2457 5311 2711 5366 avulsum
2773 5308 2939 5365 fuerit
2965 5309 3210 5363 humeris
3241 5307 3451 5363 Priami
3510 5318 3708 5379 caput,

2111 5406 2351 5480 jacuisse
2378 5418 2577 5473 corpus
2607 5401 2755 5455 illius
2781 5400 2900 5454 sine
2942 5398 3183 5454 nomine.
3244 5398 3333 5452 Ad
3391 5398 3708 5452 discrimen

2117 5499 2290 5571 magis
2330 5496 2626 5567 singulare,
2656 5492 2866 5547 Hebraei
2902 5500 2955 5546 et
3005 5490 3179 5544 Graeci
3216 5490 3437 5544 Patrum
3472 5493 3709 5545 nomina

2116 5591 2351 5668 propriis
2379 5587 2684 5645 addebant:
2721 5584 2908 5638 Simon
2940 5582 3118 5637 dictus
3148 5581 3403 5645 Barioua,
3429 5581 3482 5635 id
3511 5591 3605 5637 est
3642 5583 3711 5637 ti-

2127 5685 2231 5740 lius
2274 5682 2442 5747 Jome,
2479 5695 2572 5734 seu
2629 5676 2926 5740 Columbae,
2987 5673 3241 5729 Socrates
3314 5670 3709 5742 Sophronisci.
