3998 6214
353 235 487 298 1373
594 216 597 217 ί
1626 232 1723 291 DE
1779 232 1950 292 νιΤΑ
1993 232 2052 292 s.
2094 231 2281 301 NlLI.
3490 229 3623 297 1374

348 346 562 401 Pelides
605 342 868 413 Achilles,
927 343 1131 399 Atrida:
1159 341 1437 398 Menelaus
1466 352 1517 397 et
1549 343 1945 414 Agamemnon,
1979 351 2023 405 Α
2055 345 2231 406 riuus,
2286 341 2568 398 Abundius
2604 339 2970 397 Eleutherius.
3004 341 3307 397 Binominis
3332 341 3495 397 etiarn
3522 342 3623 395 fuit

351 437 587 508 Tydides
620 434 927 498 Diomedes,
962 442 1017 488 et
1042 434 1146 488 alia
1173 434 1227 489 id
1261 449 1434 502 genus
1464 435 1686 488 nomina
1751 444 1933 504 patro-

352 526 588 598 nymica.
622 524 855 579 Romani
924 521 1353 592 praenominibus
1403 522 1777 590 adjunxerunt
1836 534 1937 574 no-

353 618 498 670 mina
536 616 801 685 gentium,
839 629 933 670 seu
972 613 1332 677 familiarum,
1376 624 1490 666 tum
1542 613 1706 666 etiam
1767 612 1935 667 variis

353 725 385 764 e
419 710 638 764 casibus
677 717 731 761 et
763 706 945 761 causis
996 704 1344 774 cognomina,
1377 706 1453 757 uti
1492 713 1678 758 narrat
1725 703 1937 758 Plutar-

356 806 513 869 chus,
537 814 667 859 tom.
693 802 713 856 Ι
765 801 880 857 Vir.
911 799 1113 854 illustr.
1146 799 1200 854 in
1225 798 1532 864 Coriolano,
1561 798 1755 854 deinde
1771 813 1939 869 agno-

356 898 536 952 mina:
568 908 754 951 verum
798 901 984 963 postea
1012 886 1234 946 nomina
1269 892 1323 945 in
1368 892 1695 961 cognomina
1754 900 1938 946 trans-

356 989 556 1048 ierunt,
611 996 667 1042 et
715 984 960 1040 vicissim
998 982 1356 1054 praenomina.
1415 983 1605 1037 Stante
1660 981 1937 1052 republica

357 1077 787 1149 praemittebatur
823 1086 877 1132 et
905 1075 1292 1147 praeferebatur
1318 1088 1651 1144 praenomen,
1694 1089 1789 1129 seu
1819 1089 1939 1143 per-

360 1186 528 1236 sonte,
563 1185 629 1225 ac
658 1168 923 1223 individui
963 1182 1187 1231 nomen,
1218 1180 1329 1235 quo
1382 1164 1452 1219 ab
1514 1165 1638 1219 aliis
1692 1164 1938 1234 ejusdem

364 1260 604 1324 familiae,
639 1260 754 1316 sive
782 1260 957 1331 gentis
993 1260 1120 1329 quis
1171 1256 1629 1326 distinguebatur,
1661 1266 1714 1309 et
1737 1254 1944 1310 discer-

363 1352 612 1417 nebatur,
685 1366 779 1407 seu
832 1350 1114 1421 proprium
1186 1363 1405 1414 nomen,
1459 1348 1604 1413 aliis,
1667 1346 1759 1416 qui
1834 1362 1940 1400 non

362 1453 516 1497 erant
559 1458 591 1498 e
644 1452 824 1514 gente,
857 1444 971 1498 sive
1022 1441 1225 1496 familia
1252 1442 1415 1496 etiam
1458 1453 1790 1505 commune;
1829 1446 1943 1492 tum

364 1552 560 1591 nomen
594 1536 941 1606 gentilitium,
976 1546 1071 1589 aut
1093 1532 1359 1588 familiare
1397 1532 1759 1597 attexebatur,
1800 1530 1945 1601 quod

365 1629 763 1683 contribulibus
800 1640 854 1683 et
891 1627 1188 1697 gentilibus
1217 1624 1752 1689 communicabatur,
1768 1633 1816 1678 et
1836 1638 1944 1678 non

2037 450 2105 488 an
2150 433 2460 489 trinominis
2501 475 2518 499 ,
2574 432 2805 487 Tascius
2834 431 3142 502 Cyprianus
3166 431 3456 500 episcopus
3494 430 3625 484 Car-

2037 526 2398 596 thaginiensis,
2431 534 2485 578 et
2526 534 2752 594 martyr,
2806 532 2900 577 aut
2930 521 3085 578 Titus
3147 522 3345 577 Ascius
3399 521 3625 592 Cypria-

2038 633 2161 681 nus,
2189 619 2263 671 uti
2296 615 2516 669 Zmieus
2563 613 2811 669 Getulius
2842 625 3059 685 martyr
3092 613 3458 677 Tiburtinus;
3496 627 3603 665 non

2049 710 2197 763 nulla
2248 718 2426 763 tamen
2478 706 2699 761 nomina
2752 718 3011 776 tanquam
3074 705 3293 759 familiae
3339 704 3626 760 usitatiora

2037 798 2283 854 crebrius
2310 798 2665 862 iterabantur,
2720 807 2839 850 nte
2895 796 3070 850 Variis
3125 796 3433 851 Cassiodori
3483 805 3629 863 patet

2041 891 2106 945 ad
2137 905 2340 944 annum
2401 889 2463 944 C.
2492 888 2558 943 N.
2603 904 2689 942 nc.
2754 902 2877 942 cum
2922 903 2981 942 se
3031 886 3465 957 superfudisscnt
3519 888 3627 952 im-

2038 978 2189 1047 perio
2221 975 2467 1033 Romano
2484 976 2845 1031 Barbararum
2873 975 3112 1045 gentium
3137 977 3410 1040 examina,
3437 983 3491 1029 et
3513 991 3630 1029 sus-

2041 1068 2218 1137 deque
2312 1069 2496 1122 omnia
2562 1068 3030 1137 permiscuissent,
3103 1076 3158 1122 et
3229 1067 3625 1131 confudissent,

2042 1162 2190 1218 nulla
2229 1169 2353 1215 sunt
2388 1160 2573 1214 relicta
2628 1159 2984 1213 nominalium
3041 1160 3414 1228 hujuscemodi
3462 1158 3636 1212 vesti-

2043 1254 2151 1325 gia.
2191 1252 2377 1307 Potuit
2418 1252 2587 1322 igitur
2628 1251 2731 1305 sub
2782 1251 2890 1305 alio
2934 1251 3117 1320 aliquo
3148 1252 3367 1305 nomine
3394 1249 3547 1304 Nilus
3574 1250 3627 1303 iu

2048 1344 2422 1400 hoclndiculo
2476 1344 2862 1412 praefectorum
2926 1343 3078 1396 urbis
3130 1340 3640 1411 Constantinopoli-

2047 1448 2185 1494 tame
2207 1437 2487 1492 occultari.
2508 1436 2749 1490 Praefecti
2780 1434 3024 1504 profecto
3042 1448 3267 1488 munere
3295 1441 3402 1487 tam
3417 1434 3640 1502 egregie

2048 1531 2267 1586 functus
2287 1538 2391 1595 est,
2410 1539 2466 1584 ut
2488 1526 2878 1598 exspectationi
2904 1525 3133 1595 Augusti
3152 1525 3339 1580 fecerit
3354 1523 3505 1588 satis,
3532 1539 3632 1577 nec

2048 1626 2195 1681 aliud
2229 1625 2360 1679 mihi
2395 1622 2727 1693 persuadent
2758 1621 3073 1690 quicunque
3104 1618 3172 1673 de
3204 1619 3296 1673 illo
3345 1618 3631 1672 scribunt:

368 1722 611 1790 reliquis.
646 1721 738 1791 qui
763 1737 793 1776 e
826 1720 1032 1775 familia
1067 1735 1177 1773 non
1217 1726 1375 1773 erant
1406 1734 1421 1770 :
1460 1716 1657 1777 deinde
1679 1715 1950 1786 cognomi-
1984 1690 2024 1744 Β
2054 1720 2234 1774 exitus
2287 1690 2435 1771 certe
2469 1724 2587 1769 acta
2621 1713 2911 1783 probavit;
2945 1726 3071 1765 nam
3104 1726 3229 1766 cum
3254 1724 3477 1765 uxorem
3529 1710 3642 1763 du-

365 1827 456 1873 na,
483 1822 538 1867 et
573 1812 859 1883 agnomina
886 1820 1013 1868 sunt
1042 1810 1275 1874 adnexa,
1305 1809 1435 1878 quia
1462 1808 1515 1861 in
1544 1823 1650 1860 uua
1676 1819 1833 1878 gente
1866 1806 1951 1860 di—

366 1906 479 1959 tisa
511 1906 562 1957 in
581 1914 796 1973 ειη-ρος,
816 1902 1038 1972 plurimi
1058 1902 1251 1955 eodem
1285 1914 1410 1955 cum
1440 1899 1772 1969 prmnomine
1790 1907 1951 1967 atque

363 1995 585 2048 nomine
615 1993 1112 2062 comperiebantur,
1136 1991 1268 2061 quin
1300 1997 1499 2044 etcum
1525 1990 1713 2044 eodem
1750 2003 1953 2058 cogno-

363 2087 531 2139 mine.
569 2083 846 2140 Videndus
884 2082 1197 2138 Victorinus
1227 2082 1282 2135 in
1321 2080 1496 2135 libros
1530 2078 1951 2134 Rhetoricorum
1996 2144 1999 2145 ν

363 2176 665 2231 Ciceronis.
730 2176 1029 2245 Republica
1057 2188 1269 2238 eversa,
1300 2180 1355 2228 et
1382 2172 1485 2227 sub
1507 2170 1950 2240 imperatoribus,

364 2268 757 2337 subjiciebatur
797 2282 995 2320 nomen
1021 2266 1326 2335 proprium,
1360 2278 1453 2319 seu
1472 2277 1660 2316 verum
1688 2259 1951 2315 individui

367 2373 681 2428 praenomen
709 2358 1119 2428 appellativum,
1160 2357 1482 2427 dictumque
1539 2353 1787 2409 absolute
1851 2366 1954 2406 no-

367 2465 491 2504 men
519 2450 667 2519 (cum
696 2451 805 2504 alia
835 2447 1147 2519 promiscue
1199 2448 1439 2511 nomina,
1466 2444 1815 2517 cognomina,
1869 2443 1954 2498 vel

368 2542 659 2611 agnomina
745 2542 1116 2598 vocitarentur
1171 2539 1337 2609 petita
1389 2536 1863 2593 indiscrimiuatim
1922 2550 1953 2590 a

368 2637 701 2705 parentibus,
738 2637 821 2690 vel
850 2650 948 2706 pro
978 2634 1207 2690 arbitrio
1234 2633 1472 2701 aliunde)
1492 2631 1601 2686 illis
1614 2629 1951 2694 nominibus,

370 2730 815 2799 cognominibus,
857 2738 913 2784 et
962 2727 1373 2797 agnominibus,
1436 2726 1601 2780 etiam
1642 2720 1952 2796 geminatis,

373 2830 432 2875 ut
461 2822 715 2877 observat
743 2819 1071 2876 Sirmondus
1096 2818 1172 2889 (in
1206 2816 1360 2871 Notis
1417 2817 1484 2872 ad
1525 2816 1799 2887 Epistolas
1866 2812 1956 2865 Si-

370 2914 547 2979 donii,
618 2921 810 2969 contra
864 2913 1132 2982 Angelum
1193 2910 1523 2964 Politianum
1575 2923 1606 2963 e
1663 2906 1951 2971 Suetonio,

376 3006 666 3060 Plutarcho
711 3003 858 3059 iuC.
912 3002 1089 3057 Mario
1144 3001 1498 3057 Posidonium
1539 3005 1822 3069 arguente,
1873 2996 1954 3049 fa-

375 3099 497 3164 stis,
534 3097 994 3168 inscriptionibus
1044 3096 1308 3165 lapidum,
1334 3101 1388 3147 et
1416 3092 1704 3154 librorum,
1759 3105 1826 3143 ex
1863 3086 1962 3141 lsi-

375 3191 510 3245 doro
540 3191 633 3245 lib.
669 3206 778 3246 xvtt
832 3179 1058 3260 'Origin.
1098 3199 1152 3243 et
1182 3203 1213 3243 e
1237 3185 1564 3243 Prmfatione
1613 3181 1831 3249 Avien.)
1873 3181 1959 3234 ubi

375 3284 490 3338 vult
530 3283 590 3340 C.
613 3283 838 3340 Sollium
869 3281 1150 3338 Sidonium
1184 3279 1547 3350 Apollinarem
1578 3274 1762 3331 vocari
1800 3274 1965 3342 Apol-
1996 3320 2033 3329 --

377 3374 627 3441 liuarem,
671 3374 1005 3430 Maerobium
1061 3372 1344 3426 Aurelium
1386 3366 1750 3424 Theodosium
1783 3364 1965 3435 potius

376 3464 767 3531 Theodosium,
836 3467 1060 3522 Sextum
1138 3462 1359 3517 Ruﬂ‘um
1446 3459 1715 3515 Avienum
1782 3456 1967 3526 potius

378 3558 671 3619 Avicuum,
707 3557 961 3626 Magnum
1025 3555 1306 3609 Aurelium
1362 3548 1728 3619 Augustinum
1785 3548 1966 3616 potius

277 3704 285 3712 ,
377 3650 765 3717 Augustinum,
824 3646 1075 3702 Anicium
1146 3642 1431 3698 Manilium
1492 3636 1967 3695 SeverinumBoe-

379 3741 552 3796 tbium
614 3741 800 3809 potius
858 3737 1172 3799 Boethium,
1231 3734 1446 3789 Petrum
1471 3731 1706 3786 Felicem
1738 3728 1967 3784 Marcel-

380 3832 553 3887 linum
587 3830 864 3885 Liberium
902 3830 1083 3899 p0tius
1104 3826 1406 3888 Liberium,
1438 3823 1533 3894 qui
1587 3820 1654 3877 γ.
1687 3819 1748 3875 C.
1778 3818 1971 3890 prtefe-

380 3932 503 3978 ctus
534 3920 784 3992 praetorio
813 3918 1136 3979 Galliarum,
1162 3926 1216 3971 et
1242 3914 1503 3986 patricius
1533 3928 1564 3967 a
1594 3910 1816 3967 librario
1843 3924 1968 3979 per-

382 4029 569 4085 peram
594 4012 859 4068 dividitur
885 4013 940 4065 in
971 4019 1229 4080 quatuor,
1288 4006 1454 4079 6&7
1507 4006 1560 4060 iu
1614 4002 1968 4073 subscriptio-

384 4104 549 4159 nibus
591 4102 812 4158 concilii
847 4100 1070 4157 secundi
1096 4097 1420 4153 Arausicani
1466 4095 1533 4149 ad
1567 4108 1772 4149 annum
1841 4091 1966 4157 539,

386 4205 445 4251 ut
492 4196 660 4265 liquet
687 4209 718 4249 e
743 4192 866 4247 Vita
924 4190 1100 4247 sancti
1129 4188 1351 4245 Cmsarii
1398 4184 1731 4242 Arelatensis
1759 4183 1971 4238 archie-

386 4288 615 4357 piscOpi,
651 4302 707 4353 p.
736 4285 800 4339 2t
857 4282 1175 4352 Chronolog.
1210 4279 1525 4343 Lirinensis,
1556 4276 1646 4331 ubi
1704 4283 1760 4329 et
1824 4289 1967 4329 uxor

2052 1809 2241 1870 xisset,
2271 1803 2413 1858 haud
2463 1799 2630 1856 dubie
2670 1815 2983 1870 comparem
3039 1800 3260 1863 virtute,
3293 1814 3359 1855 ac
3417 1799 3643 1868 pietate,

2051 1906 2214 1965 atque
2245 1891 2715 1953 honestissimam,
2750 1898 2811 1943 ut
2841 1887 2946 1943 fert
2977 1887 3341 1958 Menologium
3388 1887 3640 1942 Grmcum-
3718 1897 3723 1900 '

2052 1986 2139 2041 die
2193 1983 2261 2036 1‘2
2292 1979 2643 2042 Novembris,
2692 1979 2831 2032 duos
2869 1992 2934 2031 ex
2986 1991 3050 2030 ea
3114 1975 3355 2043 suscepit
3411 1974 3639 2036 liberos,

2052 2089 2285 2137 marem,
2315 2082 2372 2127 et
2407 2071 2689 2134 feminam,
2726 2078 2781 2124 et
2814 2068 2931 2137 ipse
2986 2066 3141 2120 Nilus
3202 2074 3390 2119 narrat
3454 2064 3642 2118 ﬂebili-

2054 2174 2136 2219 ter
2183 2166 2238 2217 in
2284 2164 2598 2232 Διηγήμασι
2642 2164 2720 2223 εἰς
2749 2159 2848 2229 τὴν
2878 2157 3160 2226 ἀναίρεσιν
3188 2154 3298 2208 τῶν
3328 2156 3386 2207 ὲν
3414 2154 3495 2224 τῷ
3523 2154 3640 2224 opst

2054 2257 2185 2326 Σινᾷ
2228 2252 2475 2324 μοναχῶν
2520 2252 2614 2305 καὶ
2662 2252 2743 2313 εἰς
2772 2250 2874 2321 τὴν
2931 2246 3314 2318 αἰχμαλωσίαν
3347 2245 3639 2299 Θεοδούλου

2053 2346 2145 2401 τοῦ
2175 2344 2293 2399 υἱοῦ
2326 2343 2513 2409 αὑτοῦ,
2546 2344 2596 2397 id
2624 2352 2727 2408 est,
2761 2340 3198 2405 Narrationibus,
3219 2337 3407 2408 quibus
3446 2336 3642 2390 credent

2054 2436 2429 2492 monachorum
2454 2436 2646 2489 montis
2680 2433 2834 2497 Sina,
2867 2440 2923 2486 et
2988 2430 3344 2501 captivitatem
3399 2427 3500 2497 ﬁlii
3556 2426 3644 2479 sui

2054 2528 2324 2582 describit.
2361 2525 2498 2594 Ejus
2544 2539 2653 2577 non
2688 2536 2913 2592 possum
2949 2520 3085 2575 satis
3140 2519 3366 2573 laudare
3391 2525 3649 2572 constan-

2056 2619 2185 2673 tiam
2227 2617 2282 2672 in
2340 2615 2645 2679 “elatione,
2697 2627 2863 2683 quam
2931 2610 3081 2666 dedit
3121 2608 3278 2665 Nilus
3313 2605 3649 2679 (praefectus

2055 2709 2199 2764 enim
2232 2708 2351 2762 urbi
2378 2706 2592 2761 videtur
2623 2719 2690 2759 eo
2719 2712 2986 2772 tempore,
3052 2700 3121 2755 ad
3176 2715 3382 2755 annum
3436 2698 3648 2754 scilicet

2054 2801 2117 2855 C.
2146 2798 2211 2853 N.
2236 2800 2369 2865 10⁸5,
2407 2804 2531 2867 post
2558 2794 2906 2857 Clearebum,
2944 2792 3039 2863 qui
3086 2792 3463 2860 magistratum
3491 2788 3648 2843 illum

2056 2899 2299 2961 gesserat
2318 2886 2575 2951 triennio,
2596 2882 2758 2938 annis
2781 2894 2976 2950 nempe
3000 2877 3125 2943 599,
3144 2876 3268 2943 401,
3293 2875 3419 2938 402,
3450 2874 3650 2942 fuisse,

1985 3017 2029 3076 ο
2059 2979 2314 3055 quamvis
2347 2975 2628 3033 semestris
2655 2982 2864 3030 tantum
2932 2980 3079 3027 esset
3138 2969 3288 3025 urbis
3325 2966 3649 3040 praefectura

2068 3080 2289 3141 prepter
2346 3066 2760 3138 amplitudinem
2819 3062 3125 3133 potestatis,
3176 3069 3230 3115 et
3278 3058 3651 3129 praastantiam

2066 3157 2366 3228 dignitatis,
2413 3170 2534 3226 quae
2559 3152 2788 3225 pr0pius
2835 3150 3133 3206 accedebat
3167 3148 3234 3203 ad
3264 3147 3521 3201 verticem
3546 3144 3657 3200 ἰαὶ-π’

2066 3252 2223 3323 perii,
2240 3259 2296 3307 et
2313 3249 2387 3305 illi
2416 3245 3021 3309 videbaturimminere,
3044 3251 3209 3313 atque
3232 3250 3483 3311 suspecta
3504 3254 3655 3307 esse,

2066 3346 2114 3400 si
2146 3342 2455 3399 diuturnior
2480 3339 2663 3408 foret),
2683 3336 2836 3392 Nilus
2865 3336 3115 3406 inquam,
3146 3334 3242 3404 qui
3273 3346 3651 3389 successorem
3678 3332 3685 3339 ’

2067 3450 2212 3488 anno
2240 3432 2348 3486 404
2402 3430 2593 3485 habuit
2627 3426 2901 3488 Studium,
2937 3443 3060 3481 cum
3113 3442 3212 3495 pro
3266 3440 3489 3479 munere
3549 3438 3659 3477 suo

2067 3530 2316 3577 senatum
2342 3517 2727 3580 consuluisset,
2764 3525 2836 3580 et,
2867 3516 2995 3585 quia
3031 3515 3153 3583 pius
3179 3524 3316 3578 erat,
3356 3514 3652 3579 imperator

2067 3610 2337 3667 Arcadius
2378 3607 2525 3663 illius
2555 3622 2614 3661 se
2656 3606 2909 3675 precibus
2941 3604 3010 3659 ad
3054 3604 3223 3659 Deum
3272 3604 3653 3658 commendas-

2069 3711 2171 3761 set.
2204 3698 2473 3756 Rescribit
2506 3696 2736 3769 epistola
2761 3696 2871 3751 233
2897 3695 3112 3750 Possini
3138 3695 3229 3750 lib.
3256 3711 3318 3760 ιι,
3358 3695 3517 3763 epist.
3546 3693 3659 3748 265

2067 3793 2274 3858 Allatii,
2300 3791 2575 3863 quomodo
2603 3790 2900 3860 imperator
2946 3786 3478 3856 Constantinopolim
3531 3801 3654 3839 cre-

2076 3883 2329 3941 berrimis
2387 3881 2810 3945 terrtemotibus,
2864 3886 2920 3933 et
2977 3877 3316 3933 immissione
3385 3873 3657 3944 frequenti

2066 3976 2598 4051 mmtltereorum
2630 3972 2832 4043 ignium
2850 3971 3130 4025 liberatam
3158 3974 3381 4038 cuperet
3401 3980 3651 4030 cernere,

2069 4093 2193 4134 cum
2221 4069 2639 4129 innumerabilia
2675 4068 2807 4123 inibi
2847 4065 3044 4136 ﬂagitia
3083 4064 3380 4120 commissa
3444 4070 3651 4123 essent,

2068 4178 2122 4226 ct
2162 4166 2439 4225 licentiam
2474 4162 2676 4218 ibidem
2708 4159 2936 4214 multam
2970 4159 3233 4227 iniquitas
3260 4171 3386 4211 cum
3435 4153 3659 4213 horrida

2070 4262 2319 4317 libertate
2347 4254 2641 4313 dominans
2673 4260 2973 4315 exerceret,
3011 4269 3029 4301 ι
3059 4249 3283 4319 depulsa
3321 4247 3375 4301 in
3407 4245 3662 4310 exsilium

388 4339 509 4448 Ejus
537 4339 789 4448 Agroecia
813 4339 1151 4439 enuntiatur:
1180 4370 1403 4426 Flavius
1441 4339 1631 4430 Va'lila,
1660 4380 1756 4420 seu
1789 4362 1961 4417 Vallia
1997 4363 2043 4422 ι)
2071 4354 2327 4410 columna
2394 4346 2666 4410 Ecclesiae,
2731 4344 2936 4398 lumine
2995 4342 3240 4397 veritatis
3299 4339 3572 4395 exstincto
3604 4343 3660 4440 et

391 4470 628 4537 Quintus
662 4466 1004 4523 Theodosius
1062 4465 1117 4518 in
1161 4463 1353 4517 Donat.
1415 4458 1689 4515 Tiburtin.
1741 4453 1969 4521 Charta,

392 4577 557 4634 quam
588 4556 811 4631 protuli,
858 4559 974 4630 jam
1012 4556 1140 4611 inde
1179 4555 1248 4610 ab
1280 4566 1426 4607 anno
1454 4550 1555 4609 471
1586 4556 1842 4605 exarata:
1873 4562 1974 4603 nec

393 4656 538 4710 enim
567 4661 735 4718 stata,
763 4660 817 4707 et
839 4659 1011 4713 certa,
1053 4656 1115 4702 ut
1155 4646 1309 4710 olim,
1336 4640 1575 4713 generis,
1627 4654 1695 4696 ac
1752 4637 1975 4693 familiae

397 4746 661 4803 vocabula
689 4755 820 4800 tunc
846 4744 902 4798 in
954 4756 1058 4797 usu
1102 4738 1275 4804 fuere,
1302 4749 1424 4805 qua:
1495 4729 1759 4787 fratribus
1812 4731 1974 4785 etiam

394 4841 709 4896 communia
751 4837 952 4902 forent,
1010 4841 1066 4888 et
1092 4832 1160 4888 ad
1194 4838 1445 4901 posteros
1473 4825 1791 4889 transirent,
1840 4821 1977 4876 adeo

399 4944 459 4990 ut
488 4933 697 4988 nullum
744 4930 960 4986 tandem
1009 4924 1254 4987 familiae,
1330 4920 1541 4975 nullum
1583 4916 1759 4987 gentis
1812 4915 1974 4968 fixum

400 5040 599 5081 nomen
636 5022 819 5077 fuerit.
874 5021 933 5074 In
965 5018 1176 5086 aliquot
1204 5012 1462 5070 Romanis
1485 5008 1838 5080 pontificibus
1868 5006 1979 5060 duo

401 5118 624 5172 nomina
655 5113 905 5184 reperio:
941 5109 1139 5164 Caelius
1161 5108 1339 5162 dictus
1372 5101 1753 5175 Symmachus,
1782 5098 1980 5153 Caelius

403 5208 745 5271 llormisdas,
777 5205 1006 5275 ejusque
1033 5200 1181 5256 filius
1209 5198 1407 5254 Caelius
1439 5193 1726 5257 Silverius,
1761 5191 1892 5261 quin
1927 5199 1983 5247 et

405 5302 606 5359 Cadius
635 5298 960 5355 Laurentius
995 5295 1271 5364 antipapa,
1299 5285 1629 5358 Calpurnius
1661 5285 1980 5347 Pontianus,

410 5397 680 5453 Domitius
703 5392 985 5456 Callistus,
1029 5384 1366 5443 Concordius
1418 5380 1597 5442 Soter,
1633 5376 1872 5458 Joannes
1938 5377 1981 5430 ll

408 5498 773 5562 cognomento
836 5481 1162 5545 Mercurius,
1245 5475 1485 5531 Joannes
1534 5471 1603 5527 lll
1660 5472 1983 5536 Catellinus,

415 5582 666 5637 Bonosus
695 5577 1018 5635 Benedictus
1052 5572 1092 5639 Ι,
1124 5569 1384 5625 Rusticus
1413 5565 1673 5636 Agapitus
1706 5562 1747 5630 l,
1808 5561 1987 5616 Julius

419 5674 725 5747 Stephanus
754 5673 795 5739 l,
823 5669 1025 5731 Fabius
1075 5661 1370 5727 Fabianus,
1429 5656 1715 5713 Abundius
1776 5653 1986 5727 Zepby-

2076 4450 2203 4506 tuba
2269 4446 2499 4501 inhibita
2547 4444 2784 4505 Chi-isti,
2858 4437 3069 4494 Joanne
3154 4431 3473 4488 beatissimo
3546 4427 3662 4495 epis

2075 4553 2283 4610 scopo;
2318 4536 2449 4607 quid
2498 4549 2585 4589 me
2628 4532 2868 4587 hortaris
2926 4527 3002 4581 uti
3069 4526 3261 4592 digner
3308 4533 3498 4589 preces
3539 4515 3666 4571 fun-z

2076 4633 2229 4697 dere,
2275 4631 2542 4686 titubante
2570 4626 2704 4681 urbe
2730 4638 2841 4693 pra:
2865 4619 3047 4675 divina
3080 4613 3385 4676 iracundia,
3418 4619 3473 4665 et
3527 4623 3663 4678 quos

2077 4726 2207 4781 tidie
2232 4722 2546 4793 cpperiente
2570 4722 2940 4786 tempestates,
2964 4724 3050 4765 me
3068 4709 3179 4777 jam
3204 4712 3425 4776 propter
3455 4707 3663 4765 metum

2079 4820 2361 4892 fulgurito,
2397 4814 2841 4886 cogitationeque
2870 4821 2988 4861 mea
3013 4805 3331 4864 fluctuante,
3358 4803 3664 4892 alquecon-

2079 4926 2243 4969 cussa
2298 4914 2518 4979 propter
2565 4915 2851 4959 excessum
2892 4897 3198 4952 facinorum
3232 4904 3355 4960 qua:
3403 4882 3664 4954 tempori-

2081 5006 2183 5061 bus
2216 4974 2368 5059 hisce
2402 4974 2551 5068 apud
2586 4991 2904 5065 Byzantium
2935 4989 3135 5056 injuste
3174 4988 3383 5053 patrata
3420 4974 3617 5031 fuere?
3642 4991 3663 5032 ι

2084 5094 2407 5152 Dubitabam
2435 5085 2731 5159 aliquando
2748 5098 2816 5138 ne
2838 5083 2945 5138 ista
2967 5076 3191 5150 epistola
3208 5073 3400 5129 fuisset
3424 5073 3666 5132 exarata,

2085 5198 2371 5259 postquam
2404 5181 2559 5237 Nilus
2584 5178 2775 5234 abiens
2806 5171 3125 5243 pra:fectura
3164 5162 3523 5221 monasticam
3553 5172 3670 5211 ams

2084 5252 2276 5351 plexos
2305 5283 2387 5331 est
2420 5274 2612 5338 vitam,
2636 5277 2859 5340 propter
2882 5280 2944 5320 ea
2973 5261 3159 5325 verba,
3183 5255 3351 5323 «Quid
3380 5268 3467 5308 me
3488 5252 3644 5351 horta

2086 5340 2163 5428 ris
2196 5370 2272 5425 uti
2305 5369 2491 5439 digner
2514 5377 2704 5435 preces
2728 5358 2953 5414 fundere
2979 5372 2995 5422 ;
3022 5372 3041 5405 ι
3075 5351 3167 5407 sed
3193 5364 3317 5403 cum
3351 5347 3585 5400 venisset
3615 5340 3671 5401 in

2096 5434 2592 5524 mentemfmunus
2626 5465 2750 5507 esse
2802 5444 3041 5520 praefecti
3076 5440 3230 5496 urbis
3259 5434 3551 5492 consulere
3593 5444 3678 5524 se?

2089 5564 2303 5617 natum,
2342 5518 2403 5608 vet
2430 5548 2532 5604 nisi
2572 5547 2710 5602 fusis
2743 5518 2853 5597 Deo
2906 5535 3161 5609 precibus
3226 5531 3404 5600 ipsum
3456 5518 3692 5617 esst-eui.

2091 5645 2388 5728 quidqutam
2426 5640 2569 5697 haud
2606 5639 2846 5699 soiilum,
2906 5642 3013 5684 tam
3083 5626 3147 5683 de
3187 5635 3338 5695 more
3390 5611 3703 5681 υτιὶὶοκὲθλἰ

3974 5312 3981 5413 ἶ
