3998 6214
423 231 555 294 1375
1151 239 1297 298 JOS.
1340 238 1600 297 MARI.‘E
1639 235 1992 299 SUARESII
2030 238 2257 301 LIBER
2295 241 2927 307 CHRONOLOGICUS
3525 250 3663 315 1376

418 333 638 396 senatus
671 342 832 408 illius,
866 357 1026 413 quam
1086 345 1212 425 quia
1252 347 1537 415 religiosus
1577 356 1693 400 erat
1726 347 1858 415 ipse,
1892 363 1990 401 au-
2019 350 2064 406 A
2093 366 2212 404 rum
2265 354 2425 408 rebus
2468 358 2750 424 permultis
2803 367 3007 419 sancte,
3052 374 3113 412 ac
3144 375 3241 429 pro
3266 352 3527 431 dignitate
3564 383 3661 435 ge-

417 432 704 500 dicbatque
734 450 856 487 vere
887 435 1027 502 pius,
1057 451 1176 489 eam
1207 452 1234 490 a
1267 436 1385 491 Nilo
1410 439 1769 507 conscriptam
1807 440 1984 494 adhuc

417 520 566 574 urbis
591 520 841 588 praefecto
870 523 1201 579 existimavi.
1254 526 1525 582 Persuasit
1564 528 1614 582 id
1643 530 1771 582 mihi
1831 530 1984 583 Ruti-

417 610 520 663 lius
566 610 822 668 Clautlius
848 611 1207 670 Numa‘tiauus
1240 616 1445 679 Gallus,
1478 617 1568 671 lib.
1610 633 1623 670 ι
1680 617 1977 685 Itinerarii,

416 700 506 766 qui
541 701 825 770 pra‘fectus
863 705 980 759 urbi
1010 705 1215 770 Romae,
1252 708 1488 776 antiquae
1534 710 1812 775 nimirum,
1878 710 1981 764 fuit

415 804 558 845 anno
590 792 657 846 ab
690 791 834 848 Urbe
863 796 1078 849 condita
1118 796 1273 862 1169,
1303 797 1422 853 istis
1453 798 1732 853 versibus:

642 923 741 979 non
774 908 1021 979 displicui
1066 926 1296 978 regerem
1342 928 1457 964 cum
1477 913 1606 979 jura
1634 912 1868 978 Quirini,

660 976 796 1027 colui
836 988 1064 1049 sanctos,
1097 972 1437 1049 consuluique
1469 972 1696 1044 Patres,

552 1042 696 1095 Nam
743 1048 880 1113 quid
928 1047 1073 1099 nulla
1140 1065 1307 1100 nteant
1351 1042 1700 1103 "strinxerunt
1754 1052 1980 1106 crimina

1707 1119 1727 1192 [
1756 1122 1976 1190 ferrum,

556 1180 675 1234 Non
698 1184 765 1236 sit
789 1184 1028 1251 prw/‘ecti
1060 1186 1253 1255 gloria,
1298 1188 1388 1240 sed
1416 1190 1618 1259 populi.

408 1291 648 1346 Omnino
678 1310 804 1347 vero
837 1298 1177 1351 conlirmavit
1202 1316 1330 1353 cura
1365 1302 1695 1369 reliquorum
1726 1314 1974 1359 motuum

409 1380 499 1447 qui
541 1380 812 1435 Subsecmi
859 1395 986 1440 sunt
1031 1387 1083 1439 itt
1118 1403 1279 1441 causa
1322 1391 1494 1444 sancti
1524 1390 1755 1447 Joannis
1806 1396 1978 1464 Chry-

408 1473 635 1525 sostotni
701 1490 847 1527 anno
901 1477 1024 1540 404,
1081 1479 1404 1537 demandata
1481 1481 1675 1537 Studio
1728 1485 1977 1552 pra-recto

410 1562 527 1614 urbi
580 1562 1212 1635 Constantinopulitanze,
1246 1570 1297 1623 in
1324 1572 1358 1623 l.
1388 1571 1453 1625 57
1484 1570 1543 1626 C.
1597 1572 1673 1627 De
1710 1576 1869 1642 episc.
1928 1585 1976 1629 et

407 1653 534 1705 cler.
566 1662 619 1707 et
648 1654 806 1723 legib.
840 1673 913 1721 tv,
957 1673 1010 1721 v,
1037 1674 1107 1722 vr,
1140 1660 1216 1712 De
1255 1663 1355 1722 liis,
1412 1665 1500 1732 qui
1530 1681 1684 1731 super
1731 1667 1978 1736 religione
2007 1678 2053 1736 Β

407 1747 744 1799 contendunt.
775 1747 995 1803 Studius
1031 1760 1175 1807 certe
1200 1754 1321 1818 iste,
1358 1755 1424 1808 ad
1458 1772 1619 1825 quem
1649 1769 1825 1814 exstat
1848 1778 1978 1815 san-

406 1843 478 1893 cti
514 1840 738 1897 Joannis
774 1845 1048 1915 Chrysust.
1081 1846 1328 1915 Epistola
1359 1851 1499 1905 inter
1536 1852 1839 1911 Savilianas
1885 1857 1976 1921 57,

407 1940 539 1984 lum.
571 1931 677 1995 Vll,
704 1948 754 2001 p.
791 1935 913 1995 197,
944 1935 1085 1988 inter
1113 1934 1510 1995 Frontonianas
1554 1941 1675 2007 127,
1708 1958 1827 2013 pag.
1851 1944 1976 2011 921,

408 2022 661 2089 inscripta
707 2024 971 2095 Στουδείῳ
1009 2026 1234 2097 ἐπάρχῳ
1264 2029 1364 2098 τῆς
1400 2030 1628 2094 πόλεως,
1682 2049 1787 2101 qua
1846 2049 1973 2089 eum

405 2113 721 2168 consolatur
744 2114 809 2170 de
833 2126 1007 2172 morte
1049 2117 1256 2184 fratris,
1287 2121 1332 2174 is
1379 2131 1483 2185 est,
1534 2123 1602 2177 de
1632 2140 1743 2194 quo
1801 2124 1975 2182 Theo-

405 2203 573 2258 dorus
599 2206 876 2262 Romanus
898 2210 1041 2276 apud
1069 2208 1368 2265 Palladium
1390 2213 1442 2266 in
1463 2212 1668 2284 Dialog.
1693 2215 1895 2272 Suidas
1922 2218 1974 2271 in

380 2287 458 2346 'v.
505 2294 773 2359 Στούδιος.
796 2297 909 2353 haec
933 2298 1094 2354 habet
1121 2298 1326 2361 Graece,
1354 2317 1475 2372 quae
1507 2302 1699 2357 Latina
1724 2305 1972 2360 exhibeo:

409 2404 429 2435 ι
461 2386 697 2440 Studius‘
723 2389 822 2443 fuit
849 2390 929 2443 vir
959 2400 1172 2459 potens,
1205 2400 1259 2446 et
1288 2396 1556 2449 exstruxit
1586 2396 1800 2451 celebre
1855 2413 1973 2452 mo-

404 2479 704 2532 nasterium
747 2478 1106 2545 Studitarum,
1149 2484 1292 2551 quod
1344 2485 1395 2537 in
1451 2486 1643 2554 primis
1695 2488 1977 2544 catholicae

404 2567 505 2621 fuit
539 2568 811 2634 Ecclesiae,
844 2571 1063 2628 demum
1091 2590 1219 2629 vero
1247 2575 1462 2630 transiit
1490 2576 1543 2631 in
1584 2581 1977 2636 monasterium

404 2662 593 2729 νομὴν,
626 2662 674 2715 id
709 2672 810 2727 est,
840 2666 1096 2732 priedam.
1136 2666 1225 2721 Ille
1255 2667 1370 2737 ipse
1406 2670 1659 2737 templum
1694 2670 1978 2727 aediﬁcavit.

402 2748 567 2804 Ducis
595 2753 910 2820 angelorum
958 2754 1213 2822 Nacoliae,
1251 2760 1303 2813 in
1345 2775 1454 2829 quo
1485 2760 1732 2817 feruntur
1768 2764 1821 2819 hi
1856 2780 1978 2819 ver-

399 2858 497 2896 sus
528 2842 746 2905 heroici,
785 2861 920 2913 quos
950 2847 1019 2900 ita
1053 2852 1183 2903 verti
1210 2868 1223 2905 :

543 2956 714 3023 Quam
788 2960 890 3013 cito
946 2961 1297 3030 splendentem
1370 2968 1664 3019 construxit
1732 2968 2043 3059 rStujdiusc

1769 3040 1933 3093 (edem

1769 3040 1933 3093 (edem

717 3098 964 3154 Consulis
1013 3102 1211 3171 accepit
1252 3104 1449 3175 virgam
1485 3037 1968 3178 mercede[repcrta:

401 3209 676 3263 Hactenus
710 3211 931 3266 Sttidas.
964 3213 1256 3269 Cunsulem
1287 3217 1502 3272 invenio
1535 3218 1785 3276 Studium
1844 3237 1968 3279 cum

400 3297 560 3352 Aetio
587 3301 651 3352 ad
692 3315 893 3354 annum
924 3302 986 3356 Ο.
1032 3302 1096 3358 Ν.
1144 3304 1269 3370 436,
1313 3308 1414 3361 etsi
1453 3309 1544 3363 alii
1589 3311 1770 3381 legant
1819 3313 1969 3369 Aste-

403 3388 579 3440 rium:
614 3403 679 3442 ex
720 3388 820 3444 hoc
866 3394 1194 3448 monasterio
1236 3398 1434 3466 prodiit
1460 3399 1550 3454 diu
1605 3413 1726 3471 post
1791 3403 1967 3460 Theo-

397 3479 566 3533 dorus
597 3472 834 3537 Studites
864 3499 1008 3537 anno
1053 3485 1178 3552 820,
1222 3489 1318 3556 qui
1387 3492 1670 3549 confessor
1715 3503 1966 3568 egregius

394 3572 781 3640 catholicmque
813 3574 934 3628 lidei
968 3577 1113 3645 pugil
1146 3578 1382 3636 invictus
1406 3583 1639 3650 exstitit,
1659 3588 1961 3658 eodemque

394 3660 486 3713 die
532 3662 724 3716 natalis
767 3663 888 3732 ejus
922 3666 1252 3733 celebratur,
1283 3686 1392 3739 quo
1417 3671 1521 3727 Nili
1557 3675 1788 3744 abbatis,
1833 3681 1971 3735 duo-

393 3750 609 3804 decima
632 3753 837 3807 scilicet
863 3753 1186 3814 Novembris
1203 3762 1254 3814 in
1280 3760 1658 3835 Martyrologio
1683 3765 1963 3837 Romano;

399 3853 455 3894 :tt
484 3843 535 3895 in
569 3843 887 3917 Menologio,
920 3849 977 3902 tt
1015 3849 1285 3907 Theodori
1331 3837 1579 3922 Studitae,
1610 3859 1698 3921 ιε,
1725 3858 1825 3915 Nili
1873 3878 1966 3918 so-

397 3931 604 3987 lemnes
633 3935 985 4005 designantur
1036 3940 1171 3995 dies.
1203 3942 1537 4013 TlteOphilus
1564 3946 1965 4009 Alexandrinus

392 4024 559 4097 649
586 4028 1025 4100 archiepiscopus
1072 4032 1317 4091 infensus
1340 4047 1534 4093 sancto
1557 4038 1754 4096 Joauui
1787 4044 1965 4116 Chry-

394 4130 640 4174 sostmno
670 4124 880 4177 accitus
910 4124 963 4176 in
1003 4126 1191 4180 urbem
1222 4138 1443 4183 venerat
1476 4141 1597 4200 post
1618 4134 1827 4188 obitum
1849 4136 1960 4191 Ne-

390 4211 547 4262 ctarii
579 4214 977 4284 archiepiscopi
1022 4218 1613 4291 Constantitmpolitani
1653 4241 1799 4279 anno
1824 4227 1863 4281 C
1892 4226 1957 4283 N.

2086 443 2206 508 stis,
2231 443 2491 499 inciditin
2524 448 2707 501 odium
2734 447 2991 503 Eudoxiae
3021 449 3299 520 Augusta),
3325 452 3452 506 dum
3482 453 3661 508 Theo-

2085 535 2263 604 guosti
2326 536 2543 591 viduam
2595 547 2820 604 tutatus,
2874 539 3120 609 ingressu
3174 542 3432 598 Ecclesiae
3476 549 3663 611 probi-

2084 625 2293 681 buisset
2351 626 2675 695 Augustam,
2730 637 2782 681 et
2837 644 2956 681 mox
2998 631 3219 683 tutelam
3282 632 3643 685 Alexandrina

2082 717 2260 771 vidua:
2332 719 2637 787 suscipiens
2696 718 2964 774 adversus
3031 723 3277 775 eamdem
3333 723 3657 791 Augustam,

2084 808 2520 879 Theodoritoque
2575 811 2803 878 patricio
2819 812 3005 889 .eujus
3042 812 3133 866 illa
3166 814 3360 881 opibus
3390 815 3656 877 inhiabat,

2081 900 2372 955 consulens
2415 910 2473 954 ut
2516 917 2612 955 sua
2661 903 2843 955 omnia
2910 904 3241 971 pauperibus
3290 905 3658 974 elargiretur;

2081 1008 2200 1062 qua:
2217 992 2324 1046 Leo
2348 995 2646 1063 imperator
2684 993 2859 1050 iusius
2887 997 2940 1050 in
2972 993 3088 1050 Vita
3121 995 3178 1048 S.
3208 994 3435 1050 Joannis
3466 1014 3661 1065 prose-

2080 1084 2267 1153 quitur
2297 1085 2437 1154 aptnl
2462 1087 2790 1140 cardinalem
2822 1086 3114 1141 Baroniunt
3142 1102 3156 1153 ;
3202 1103 3323 1141 cum
3355 1085 3659 1145 Severiano

2080 1188 2298 1242 quoque
2333 1172 2645 1239 Gabalensi,
2699 1190 2935 1244 cumque
2978 1177 3097 1244 ipso
3135 1188 3329 1231 sancto
3355 1179 3657 1246 Epiphanio

2082 1263 2278 1332 Cyprio
2309 1265 2634 1333 praesulibus
2664 1265 2955 1330 dissidens,
2996 1268 3440 1339 conspirantibus
3478 1271 3657 1337 pluri-

2078 1352 2181 1407 bus
2248 1355 2611 1424 inagnatibus,
2662 1371 2800 1424 quos
2824 1357 3159 1411 concitarent
3197 1359 3375 1412 viduae
3404 1361 3654 1427 quietiam

2078 1445 2441 1507 lascivientes,
2494 1463 2724 1516 quarum
2788 1448 3089 1503 deliaeasse
3126 1450 3401 1503 licentiam
3442 1451 3658 1503 videtur

2079 1536 2373 1604 Apostolus
2415 1537 2466 1590 in
2500 1536 2518 1588 l
2549 1537 2718 1606 Epist.
2796 1538 2866 1591 ad
2917 1538 3144 1601 Timet/1,
3176 1556 3226 1594 c.
3291 1558 3348 1605 tr,
3407 1558 3659 1609 quasque

2079 1628 2567 1701 καταστρηνιώππς
2626 1630 2677 1683 id
2732 1640 2835 1693 est,
2890 1632 3247 1695 luxuriantes,
3300 1636 3415 1700 ipse
3459 1634 3655 1687 Joan-

2080 1737 2175 1775 nes
2227 1724 2344 1775 zelo
2370 1737 2634 1776 accensus
2669 1731 2944 1791 arguerat,
2997 1726 3252 1779 nimirum
3294 1726 3484 1779 Martia
3520 1730 3662 1778 Pro-

2080 1816 2210 1868 moti
2246 1813 2478 1885 (fratria,
2510 1815 2623 1869 sive
2654 1814 2902 1869 fratrissa
2936 1814 3195 1870 Eudovim
3216 1820 3496 1885 Augustae,
3527 1836 3652 1886 quae

2080 1907 2186 1961 ﬁlia
2236 1917 2350 1961 erat
2401 1907 2638 1961 Promoti
2666 1908 2922 1971 senioris,
2960 1917 3019 1960 ιιι
3069 1909 3241 1973 reor),
3268 1910 3525 1963 Castnitia
3557 1912 3657 1963 Sa-

2066 2001 2285 2055 turnini
2341 2000 2428 2071 (an
2487 2002 2605 2070 ejus
2660 2002 2751 2071 qui
2785 2002 2977 2056 consul
3003 2000 3107 2054 fuit
3140 2017 3261 2055 eum
3300 2001 3653 2061 Merobaude,

2078 2105 2243 2155 anno,
2296 2091 2419 2153 383,
2464 2100 2517 2147 et
2568 2091 2636 2145 ad
2686 2107 2848 2162 quem
2901 2100 3121 2147 exstant
3176 2092 3433 2162 Epistola‘.
3475 2094 3656 2146 sancti

2077 2180 2323 2252 Gregorii
2391 2179 2741 2250 Nazianzeni,
2810 2184 3011 2253 quibus
3081 2184 3183 2252 ipsi
3237 2183 3427 2236 tribuit
3476 2186 3660 2254 ἀρχῆς

2081 2274 2229 2343 ὕψος,
2266 2275 2617 2345 magistratus
2651 2275 3051 2341 celsitudinem,
3092 2276 3207 2329 sive
3242 2276 3658 2343 prmfeclurzlm,

2077 2364 2249 2418 sancti
2284 2363 2469 2419 Basilii
2524 2364 2651 2429 515,
2686 2365 2778 2434 qui
2822 2366 3075 2420 comitem
3109 2374 3268 2419 vocat
3300 2364 3558 2425 Orientis,
3604 2376 3659 2419 et

2079 2453 2289 2508 Libanii
2320 2469 2424 2523 qua
2467 2453 2695 2521 Latium,
2724 2471 2830 2525 qua
2875 2455 3076 2510 Graecas
3120 2456 3175 2510 in
3214 2455 3497 2509 Vaticanis
3545 2456 3655 2510 Re-

2077 2545 2285 2615 giisque
2327 2544 2653 2615 codicibus),
2684 2554 2739 2600 et
2788 2546 3114 2617 Engraphia,
3161 2549 3318 2617 cujus
3356 2549 3409 2601 in
3437 2549 3656 2604 aedibus

2076 2636 2454 2691 diversabatur
2508 2636 2863 2705 Theophilus,
2914 2638 3208 2693 vindictam
3262 2640 3655 2695 anhelantibus

2074 2728 2293 2783 Asianis
2340 2728 2637 2798 episcopis,
2674 2744 2812 2798 quos
2857 2740 3177 2784 coercuerat
3229 2731 3282 2784 in
3319 2731 3523 2785 Asiana
3553 2748 3651 2802 sy-

2077 2820 2239 2877 nodo.
2295 2821 2475 2875 Rediit
2516 2822 2680 2889 igitur
2727 2820 3083 2892 TlteOphilus,
3133 2824 3203 2877 ab
3230 2838 3407 2894 eoque
3434 2827 3655 2895 cogitur

2077 2912 2500 2966 conciliabulum
2536 2912 2600 2966 ad
2634 2913 2902 2979 Quercum
2927 2913 3271 2985 (suburbium
3294 2918 3343 2969 id
3376 2928 3459 2970 est
3486 2917 3654 2972 Chal-

2077 3003 2299 3057 cedonis
2340 3013 2491 3059 trans
2519 3019 2687 3069 mare,
2730 3019 3141 3075 cognomenque
3186 3009 3467 3061 sortitura
3510 3010 3655 3063 tinf-

2074 3094 2202 3166 lino)
2235 3094 2352 3150 dies
2373 3095 2575 3150 dicitur
2598 3106 2790 3150 sancto
2808 3095 3027 3162 Joanni,
3054 3097 3146 3164 qui
3165 3098 3340 3152 noluit
3358 3100 3652 3165 interesse,

2073 3200 2356 3258 suspectos
2380 3188 2504 3251 sibi,
2535 3198 2589 3243 et
2620 3190 2874 3245 inimicos
2925 3205 3189 3244 recusans
3232 3191 3544 3259 episcopos,
3594 3206 3654 3246 et

2072 3282 2428 3353 injustissime
2458 3283 2749 3336 damnatur
2777 3282 2996 3346 absens,
3020 3290 3178 3350 atque
3213 3283 3510 3335 inauditus.
3536 3284 3649 3335 Re-

2073 3376 2275 3430 latioue
2321 3376 2446 3430 data
2501 3375 2737 3429 Arcadio
2792 3377 3131 3444 imperatori,
3187 3376 3647 3443 eumimpelleret

2070 3468 2313 3539 Augusta
2370 3467 2637 3532 Eudoxia,
2682 3468 2837 3537 jussu
2864 3466 3080 3522 Arcadii
3114 3468 3346 3521 antistes
3370 3469 3637 3520 innocen-

2072 3562 2317 3618 tissimus
2353 3578 2383 3618 e
2410 3563 2537 3617 sede
2561 3578 2659 3617 sua
2689 3562 3033 3623 deturbatur,
3065 3570 3118 3617 et
3165 3562 3644 3629 Constantinopoli

2069 3653 2354 3721 depellitur
2376 3668 2519 3707 anno
2547 3653 2674 3715 405,
2709 3653 2799 3707 sed
2831 3652 2901 3706 ob
2928 3662 3322 3716 terrmmotum,
3362 3667 3472 3720 quo
3512 3668 3647 3703 cutt-

2069 3757 2225 3799 cussa
2287 3745 2417 3799 urbs
2474 3746 2559 3800 illa
2623 3743 2912 3799 confestim
2978 3744 3221 3805 tremuit,
3250 3753 3464 3797 terrore
3495 3745 3644 3807 aula,

2069 3834 2329 3904 plebsque
2383 3844 2654 3889 commota
2683 3834 2803 3899 fuit,
2846 3835 3000 3904 isque
3025 3844 3313 3889 revocatur
3342 3852 3372 3887 e
3402 3836 3647 3887 Pre'eno

2070 3926 2174 4000 (est
2228 3928 2332 3981 hoc
2385 3928 2603 3997 quidem
2658 3928 2960 3997 emporium
2996 3929 3163 3989 etiam
3195 3939 3345 3981 trans
3382 3942 3534 3979 mare
3568 3928 3647 3979 si-

2070 4031 2180 4075 tum
2203 4036 2231 4074 e
2260 4020 2481 4089 regione
2508 4018 2881 4089 Nicomediae),
2902 4022 3132 4091 legerem
3164 4030 3343 4073 tamen
3374 4018 3645 4083 Prienam,

2068 4113 2211 4181 quod
2247 4121 2328 4165 est
2360 4109 2622 4180 Bithynia:
2657 4113 2913 4181 oppidum
2937 4114 3264 4181 episcopale,
3295 4112 3642 4181 thermisque

2070 4199 2399 4268 pi-rcelebre,
2436 4201 2501 4254 de
2534 4216 2643 4269 quo
2665 4202 2745 4271 egi
2780 4202 2872 4255 lib.
2905 4218 2921 4255 ι
2958 4200 3239 4266 Prwnest.,
3280 4218 3329 4257 c.
3353 4203 3421 4267 3;
3460 4212 3514 4254 et
3543 4204 3641 4256 lib.

391 4298 517 4364 597,
550 4315 642 4354 seu
672 4302 928 4366 Ctesztrio,
952 4313 1006 4358 et
1033 4306 1209 4361 Attico
1232 4322 1402 4373 coss.,
1426 4311 1617 4378 quinto
1644 4312 1761 4368 Kal.
1798 4312 1960 4370 Octo-

2072 4311 2128 4361 ιι,
2153 4311 2203 4350 c.
2233 4298 2287 4352 9.
2322 4296 2486 4367 650
2519 4294 2629 4350 Nec
2659 4296 2751 4350 diu
2787 4307 2906 4363 post
2933 4313 3078 4351 anno
3113 4296 3239 4361 «101,
3262 4314 3387 4352 cum
3418 4299 3470 4351 in
3502 4313 3645 4350 con-

392 4390 527 4456 bris,
564 4392 628 4446 ad
660 4394 901 4461 comitia,
937 4405 990 4451 et
1006 4397 1071 4451 ad
1096 4397 1401 4468 eligendum
1432 4416 1825 4469 successorem,
1867 4408 1962 4461 ba-

392 4485 613 4553 liitoque
637 4486 891 4547 concilio,
919 4488 1094 4542 visum
1130 4497 1212 4542 est
1234 4505 1516 4545 accersere
1546 4490 1811 4551 Joannem
1846 4501 1957 4552 An-

388 4576 723 4640 tiochenam,
750 4578 823 4630 ttti
848 4576 1101 4631 Nectar-i0
1139 4580 1548 4649 subrogaretur.
1590 4583 1687 4639 llic
1720 4584 1959 4645 Joannes

390 4664 694 4732 piissimus,
754 4681 818 4720 ac
870 4667 1380 4735 eloquentissimus,
1408 4682 1461 4726 et
1510 4674 1580 4727 ab
1607 4673 1949 4735 Antiocheno

390 4756 590 4824 populo
620 4757 981 4825 prazdilectus,
1014 4774 1157 4813 anno
1184 4760 1308 4825 598,
1334 4771 1489 4830 porta
1521 4763 1764 4821 Romana
1794 4780 1959 4826 vastae

388 4847 535 4901 illius
566 4848 804 4902 civitatis
836 4864 1111 4919 egressus,
1152 4860 1408 4921 tanquam
1457 4846 1557 4910 iret
1589 4857 1654 4911 ad
1697 4862 1956 4931 martyria

386 4954 510 4995 cum
560 4944 760 4995 comite
789 4942 1027 4997 Orientis
1072 4942 1375 4999 Antiochiae
1410 4947 1696 5004 residentis
1742 4950 1957 5006 Asteria

385 5034 734 5103 (seboliastes
767 5034 987 5088 Codicis
1019 5034 1382 5091 Tlteodosiani
1412 5050 1597 5093 narrat
1630 5042 1695 5095 ad
1730 5043 1765 5095 l.
1806 5059 1951 5100 xxxv

384 5120 462 5173 De
501 5121 762 5191 operibus.
817 5121 1013 5191 public.
1049 5138 1080 5177 e
1124 5121 1449 5191 Sozomeno,
1510 5128 1603 5182 lib.
1649 5145 1766 5195 vni,
1813 5147 1862 5186 c.
1898 5135 1951 5199 2,

380 5214 525 5269 Hist.
566 5215 750 5268 ecclcs.
787 5214 1047 5281 Palladio,
1089 5226 1144 5270 et
1185 5217 1418 5288 Georgio
1451 5220 1504 5273 in
1557 5219 1660 5275 Vit.
1699 5222 1756 5278 S.
1789 5222 1949 5280 Juan.

380 5303 577 5376 Chrys.
598 5310 636 5375 ),
669 5314 886 5375 repente
929 5307 1277 5377 imperatoris
1318 5308 1538 5365 Arcadii
1584 5311 1742 5381 jussu
1777 5315 1845 5369 ab
1880 5331 1944 5369 eo

379 5394 632 5463 dirigitur
694 5396 1244 5466 Constantinopolim,
1295 5406 1351 5452 et
1403 5398 1473 5452 ibi
1531 5399 1600 5454 9.6
1641 5398 1945 5466 Februarii,

378 5485 631 5553 quamvis
677 5486 846 5545 invito
894 5486 1195 5560 TheOpltilo
1251 5488 1642 5558 Alexanlrino,
1677 5494 1945 5564 archiepi-

375 5588 581 5644 scopus
641 5575 1284 5649 Constantinopolitanus
1336 5585 1439 5643 rite
1487 5584 1792 5641 ordinatur.
1845 5585 1945 5643 Ve-

2066 4389 2224 4441 cionc
2271 4396 2493 4442 sanctus
2534 4388 2731 4456 praesul
2775 4388 3020 4442 invectus
3058 4389 3255 4443 fuisset
3292 4390 3506 4459 publice
3542 4392 3647 4443 ad-

2064 4493 2256 4532 versus
2282 4478 2583 4532 Eudoxiatu
2628 4479 2698 4532 ob
2738 4488 2970 4533 statuam
3022 4492 3333 4549 argenteam
3359 4480 3456 4547 ipsi
3497 4482 3646 4548 posi-

2066 4579 2195 4632 tant,
2216 4579 2562 4639 erectumque
2590 4586 2751 4638 super
2772 4572 3026 4623 columna
3054 4572 3429 4641 porphyretica
3466 4587 3645 4639 prope

2064 4661 2235 4729 ipsam
2266 4662 2551 4716 ecclesiam
2591 4678 2712 4716 cum
2742 4663 2906 4727 ludis,
2942 4664 3379 4731 histrionutnque
3418 4674 3645 4729 specta-

2061 4751 2220 4815 culis,
2250 4760 2303 4804 et
2348 4753 2559 4805 cultura
2613 4752 2896 4805 hominum
2957 4752 3274 4819 dignitatem
3332 4756 3641 4806 excedente

2061 4844 2128 4897 ab
2157 4858 2303 4898 anno
2327 4843 2453 4908 405,
2494 4852 2629 4897 teste
2689 4844 3002 4898 Marcellino
3035 4846 3085 4897 in
3124 4844 3415 4907 Chronico,
3446 4855 3503 4897 et
3530 4844 3637 4898 Se-

2059 4942 2228 5000 crate,
2279 4936 2374 4989 lib.
2412 4951 2488 4999 vt,
2521 4950 2571 4989 c.
2611 4935 2694 5001 16,
2734 4945 2788 4989 et
2814 4934 3142 4997 Sozomeno,
3180 4936 3273 4989 lib.
3302 4951 3417 4999 vnt,
3449 4950 3507 4989 c.
3535 4935 3633 4998 20,

2057 5038 2111 5081 ct
2143 5028 2176 5080 Ι.
2216 5028 2361 5081 unic.
2407 5025 2468 5081 C.
2508 5025 2780 5081 Thcodos.
2818 5027 2890 5079 De
2921 5026 3240 5096 imaginibus
3288 5028 3535 5093 imperat.
3564 5042 3637 5082 ac

2058 5122 2091 5174 l.
2129 5138 2177 5175 tv
2212 5121 2285 5173 De
2318 5121 2397 5174 liis
2432 5120 2521 5189 qui
2552 5136 2708 5189 super
2742 5118 2888 5188 relig.
2940 5119 3183 5173 contend.
3214 5119 3250 5174 l.
3288 5135 3374 5173 ιιι
3397 5129 3443 5172 et
3500 5136 3635 5173 λων

2060 5210 2134 5264 De
2171 5211 2365 5279 operib.
2422 5210 2615 5278 public.
2676 5208 2767 5262 ubi
2808 5208 3150 5269 scltoliastes,
3183 5218 3237 5261 et
3292 5208 3345 5261 in
3377 5209 3637 5262 Chrono-

2054 5304 2193 5374 logia
2252 5318 2304 5372 p.
2364 5303 2487 5357 147.
2532 5303 2660 5356 Erat
2687 5309 2865 5355 autem
2894 5301 3324 5370 propensissimo
3359 5301 3413 5353 in
3442 5300 3635 5355 Eudo-

2055 5398 2197 5451 xiam
2248 5397 2429 5451 studio
2488 5395 2771 5456 Arcadius,
2814 5409 2978 5465 quam
3016 5403 3071 5448 et
3098 5409 3244 5448 anno
3277 5394 3384 5449 400
3411 5396 3630 5465 procla~

2053 5492 2189 5547 mari
2221 5490 2509 5546 mandarat
2538 5492 2837 5561 Augustam
2884 5503 2914 5543 e
2940 5487 3215 5543 Chronico
3228 5488 3624 5553 Alexandrino,

2052 5596 2103 5641 ct
2127 5602 2154 5641 a
2180 5598 2283 5657 qua
2304 5585 2659 5655 Selymbriam
2687 5586 2985 5655 nuncupari
3007 5584 3325 5655 permiserat
3349 5583 3623 5639 Eudoxio-
