3998 6214
397 213 525 276 1377

1698 213 1795 271 DE
1842 208 2016 272 YlTA
2053 206 2113 266 S.
2155 211 2337 270 NllJ.

3509 216 3645 281 1373

394 329 584 398 polim,
636 327 690 380 in
730 343 850 383 eam
913 341 1078 398 porro
1130 336 1355 382 sanctus
1380 319 1847 397 archiepiscopus,
1882 322 1976 394 qui
2010 324 2049 377 Λ
2082 340 2133 379 c.
2170 325 2253 392 19,
2284 326 2376 378 lib.
2410 339 2461 377 vi
2488 342 2502 380 :
2527 338 2622 379 seu
2656 324 3010 395 Septembris,
3041 334 3100 380 ut
3125 325 3277 380 aiunt
3304 325 3418 392 alii,
3448 342 3648 397 nempe

392 418 867 473 Circenscsludos
920 418 1058 474 adeo
1121 418 1514 483 insectabatur,
1557 414 1964 473 cthistrionum

392 508 723 577 spectacula,
785 524 907 579 qua:
951 509 1269 563 nutriebant
1317 507 1607 579 spurcitias
1653 507 1961 574 libidinum,

398 609 452 654 et
474 599 795 653 idololatria
819 599 1079 667 reliquias
1097 602 1512 663 conservabant,
1543 597 1759 667 penitus
1784 598 1965 652 delere

394 691 689 760 satagebat.
716 691 871 744 Certe
895 689 1058 753 malo,
1082 699 1244 760 atque
1265 691 1591 744 detrimento
1610 688 1960 759 Reipublicae,

394 782 699 849 damnaque
727 795 791 834 ac
823 780 1066 849 periculo
1114 781 1459 851 regnantium
1515 780 1960 850 principum,ja-

397 878 657 939 cturaque
678 870 1005 933 honestatis.
1029 881 1081 925 et
1111 887 1325 925 morum
1346 871 1654 940 corruptela
1687 871 1779 924 diu
1802 871 1961 924 deiu-

395 978 519 1030 ceps
533 961 836 1030 perstitere,
858 959 1230 1032 factionesque
1249 961 1624 1023 Prasinorum,
1646 974 1700 1015 et
1735 960 1963 1015 Veneto-

393 1068 512 1106 rum
575 1052 729 1108 fuere
771 1054 983 1109 semina
1014 1055 1363 1118 seditionum,
1391 1064 1448 1107 ut
1477 1069 1541 1107 ex
1571 1053 1875 1108 Annalibus
1907 1055 1965 1106 li-

392 1155 539 1214 quet,
573 1154 735 1215 atque
777 1146 1133 1216 perduellium
1178 1153 1471 1216 prastextus
1518 1161 1581 1199 ex
1621 1146 1726 1200 illis
1758 1146 1961 1200 colori-

394 1234 494 1289 bus
552 1234 821 1304 desumpti
872 1249 1032 1301 sunt;
1072 1236 1213 1292 unde
1248 1236 1592 1291 convincitur
1619 1237 1959 1290 mendacium

395 1320 557 1383 illius,
576 1322 665 1391 qui
686 1322 927 1392 jactabat
948 1325 1200 1394 expedire
1224 1324 1469 1395 Augusto
1494 1336 1550 1380 ut
1582 1327 1815 1396 populus
1852 1326 1960 1381 illis

393 1410 770 1475 distineretur.
818 1413 870 1466 lu
914 1430 1033 1469 eam
1066 1416 1335 1486 (inquam)
1370 1415 1823 1485 vigilantissimus
1861 1432 1960 1485 pa-

392 1510 507 1555 stor
554 1502 883 1573 divitiusque
902 1520 1078 1575 praeco
1097 1507 1347 1561 detonuit
1370 1524 1385 1574 ;
1408 1508 1593 1577 itaque
1619 1518 1807 1562 notum
1830 1509 1959 1577 quid

391 1593 563 1660 possit
593 1591 780 1649 furens
810 1605 863 1650 et
883 1596 1154 1665 imperans
1191 1596 1429 1652 femina:
1465 1598 1832 1653 conciliabulo
1853 1599 1961 1653 alio

390 1681 458 1735 ab
506 1679 708 1736 Acacio
754 1683 1013 1754 episcopo
1054 1684 1329 1740 Berl-limae
1386 1686 1438 1740 in
1478 1685 1814 1751 Macedonia,
1849 1688 1965 1742 An-

389 1773 572 1828 tiocho
606 1772 979 1840 Ptolemaidis,
1039 1775 1336 1831 Severiano
1380 1776 1734 1842 Gabalorum,
1785 1787 1838 1833 et
1861 1779 1965 1850 Cy-

388 1863 511 1918 rino
570 1862 949 1927 Chalcedonis,
978 1876 1031 1922 et
1073 1867 1421 1921 multitudine
1475 1869 1708 1923 aliorum
1751 1872 1965 1940 episco-

387 1970 604 2023 porum,
635 1956 884 2022 collecto,
921 1957 1100 2027 inquo
1130 1959 1251 2013 licet
1273 1960 1469 2014 absens
1485 1959 1841 2033 Theophilus,
1878 1963 1963 2017 ni-

389 2048 685 2102 hilominus
714 2049 1118 2117 dominabatur,
1138 2052 1333 2106 iterum
1361 2053 1601 2108 Joannes
1631 2056 1962 2110 condemna-

388 2142 495 2187 tur.
538 2133 684 2188 Inter
718 2138 1086 2191 accusationis
1121 2154 1249 2192 vero
1298 2143 1476 2208 capita
1523 2140 1778 2212 Origenis
1809 2159 1957 2198 erro-

391 2237 475 2274 res
526 2222 725 2277 fovisse
777 2225 1216 2293 insimulabatur,
1252 2244 1413 2297 quam
1456 2232 1785 2285 calumniam
1828 2236 1962 2290 satis

391 2313 607 2367 diluunt
664 2325 915 2372 auctores
962 2319 1146 2383 sacri;
1207 2335 1305 2375 nec
1345 2321 1487 2375 enim
1535 2325 1834 2378 monachos
1868 2326 1962 2395 qui

391 2416 546 2460 erant
576 2403 918 2477 Origenistae,
944 2410 1049 2463 alia
1074 2410 1142 2465 de
1177 2426 1337 2466 causa
1368 2414 1782 2483 perhumaniter
1806 2430 1964 2471 exce-

390 2496 487 2565 pit,
522 2512 686 2566 quam
719 2508 775 2551 ut
814 2497 881 2552 ad
906 2499 1204 2554 Ecclesiam
1244 2504 1570 2558 catholicam
1612 2507 1868 2576 pellectos
1898 2524 1961 2562 ea

390 2588 701 2655 clementia,
735 2590 1057 2662 lenitosque,
1105 2608 1166 2649 ac
1214 2596 1623 2653 mansuefactos
1657 2600 1958 2654 reduceret.

393 2678 482 2732 Sic
521 2690 743 2735 sanctus
776 2681 1009 2751 Cyrillus
1043 2684 1295 2755 Origenis
1343 2690 1551 2744 assecla
1579 2689 1715 2746 falso
1735 2693 1957 2749 dicitur.

393 2768 483 2824 Sic
516 2783 741 2827 sanctus
782 2772 1149 2846 Hieronymus
1172 2796 1199 2830 a
1245 2777 1487 2834 Palladio
1519 2793 1745 2836 vocatur
1774 2783 1963 2854 Orige-

391 2861 557 2925 nista,
587 2863 715 2931 quia
745 2863 948 2920 liberos
987 2868 1121 2938 Περὶ
1145 2869 1330 2939 ἀρχῶν
1371 2870 1620 2942 Origenis
1660 2876 1959 2939 transtulit,

2068 416 2217 471 card.
2283 414 2551 471 Baronius
2597 415 2649 469 in
2685 415 3001 480 Annalibus,
3044 415 3296 485 migravit
3353 417 3407 471 in
3444 412 3644 473 emlum

2068 506 2319 578 gloriosa:
2340 506 2705 562 confessionis
2735 523 2847 561 sua:
2887 507 3169 575 praemium
3204 519 3543 577 recepturus,
3584 518 3638 564 et

2066 597 2154 652 die
2173 594 2240 651 27
2258 594 2483 652 Januar.
2507 598 2709 651 relatus
2731 598 2781 650 in
2800 598 3207 651 Kalendarium.
3232 597 3423 654 Festus
3446 598 3648 655 Trans-

2065 687 2282 742 lationis
2317 688 2839 757 Constantinopolim
2872 689 2987 743 dies
3017 688 3341 753 celebratur,
3392 705 3514 743 cum
3560 708 3647 745 sa-

2066 791 2220 832 crum
2278 776 2397 844 ejus
2459 791 2659 846 corpus
2706 776 2973 830 redditum
3021 777 3121 830 fuit
3180 794 3293 832 sua:
3327 779 3645 846 cathedra;

2065 868 2207 921 unde
2258 865 2486 920 Romam
2530 867 2868 935 deportatum
2906 867 2989 920 inc
3008 866 3239 922 Basilica
3284 868 3645 923 SanCIi-Petri

2065 960 2297 1029 quiescit
2329 959 2395 1013 ab
2431 974 2575 1013 anno
2612 958 2738 1024 860,
2779 975 2808 1014 e
2840 960 3166 1031 Cbronolog.
3196 960 3330 1015 Cod.
3370 959 3641 1016 Theodos.

2070 1067 2121 1120 p.
2164 1050 2283 1104 151.

2135 1174 2374 1227 Primam
2405 1173 2592 1244 itaque
2622 1172 2727 1229 Nili
2753 1175 3035 1243 epistolam
3060 1185 3338 1230 exaratam
3371 1192 3568 1233 censeo
3588 1180 3641 1233 in
3696 1182 3701 1189 ’

2065 1266 2154 1321 illa
2183 1268 2356 1336 prima
2387 1269 2559 1323 sancti
2600 1266 2828 1324 Joannis
2864 1268 3240 1339 Chrysostomi
3293 1273 3642 1340 relegatione,

2063 1368 2227 1427 atque
2264 1358 2330 1412 ad
2359 1359 2655 1413 Arcadium
2712 1359 2851 1429 Aug.
2916 1358 3085 1415 fuisse
3128 1363 3377 1427 missam,
3411 1378 3647 1432 eumque

2064 1450 2154 1504 illa
2179 1460 2382 1506 tactum
2418 1465 2470 1507 et
2498 1468 2816 1522 persuasum
2840 1468 2905 1507 eo
2930 1452 3148 1508 facilius
3176 1470 3460 1510 revocasse
3488 1457 3646 1509 inno-

2063 1543 2439 1597 centissimum
2472 1544 2669 1598 virum.
2701 1544 2833 1598 Nam
2865 1559 2990 1598 eum
3018 1545 3232 1599 saeviret
3273 1546 3325 1598 in
3350 1545 3468 1599 dies
3494 1562 3646 1600 acer-

1996 1649 2037 1703 Β
2068 1633 2191 1687 bius
2215 1634 2267 1686 in
2285 1643 2531 1687 sanctum
2549 1632 2812 1689 Joannem
2842 1635 2914 1690 ab
2938 1635 3057 1704 ejus
3083 1636 3414 1692 adversariis
3434 1637 3643 1689 inflam-

2069 1730 2211 1776 mata
2246 1721 2513 1788 Eudoxia,
2559 1738 2659 1777 nec
2709 1723 2985 1778 eiIicacior
3032 1732 3118 1778 est
3163 1724 3270 1779 ulla
3303 1728 3443 1794 pica,
3476 1742 3641 1793 quam

2066 1814 2384 1883 pulvinaris,
2439 1825 2497 1867 ut
2543 1812 2780 1870 Joannes
2836 1814 3257 1871 Sarisberiensis
3311 1821 3501 1872 edocet
3543 1819 3638 1876 lib.

2064 1899 2144 1954 De
2167 1904 2321 1972 nugis
2352 1902 2570 1965 curial.,
2595 1911 2780 1973 totque
2804 1904 3006 1974 flagitia
3028 1908 3231 1974 passim
3256 1916 3639 1977 patrarentur;

2063 1994 2240 2057 Nilus,
2269 1996 2645 2064 quiabierate
2670 1998 3015 2065 magistratu,
3060 2007 3174 2062 aut,
3225 2009 3282 2053 ut
3330 2002 3523 2070 loquar
3551 2019 3645 2055 ve-

2064 2084 2202 2146 rius,
2245 2085 2521 2138 abdicarat
2571 2099 2630 2139 se
2685 2085 2827 2139 ultro
2871 2086 3214 2153 praefectura,
3254 2103 3485 2145 cernens
3517 2093 3645 2146 huic

2065 2175 2332 2228 scelerum
2359 2175 2583 2228 torrenti
2618 2175 2840 2228 minime
2878 2176 2944 2228 iri
2977 2176 3193 2231 obviam
3232 2196 3410 2248 posse,
3434 2183 3640 2237 veritus

2064 2280 2133 2318 ne
2188 2265 2331 2319 sicut
2380 2265 2518 2319 alter
2549 2263 2650 2319 Lot
2703 2266 3073 2322 involveretur
3100 2269 3219 2322 diro
3244 2272 3406 2339 ignis,
3436 2272 3640 2338 iraeque

2064 2356 2307 2411 cmlestis
2360 2357 2586 2421 diluvio,
2618 2358 2726 2425 jam
2784 2358 3011 2413 inferior
3068 2363 3237 2428 gradu
3278 2377 3388 2431 quo
3436 2363 3640 2418 inania

2062 2447 2420 2516 promicabat,
2454 2461 2519 2502 ex
2547 2464 2607 2501 ea
2648 2465 2708 2503 se
2737 2450 2895 2518 plane
2925 2450 3177 2514 dimovit,
3208 2452 3431 2521 valeque
3452 2453 3642 2510 dicens

2063 2538 2278 2607 pompis
2330 2540 2538 2602 seaculi,
2584 2541 2940 2595 monasticam
2999 2542 3284 2610 amplexus
3324 2555 3408 2598 est
3450 2546 3641 2610 vitam,

2064 2630 2519 2702 Thcodulumque
2547 2633 2713 2687 filium
2747 2649 2932 2688 secum
2956 2635 3202 2689 attraxit.

2138 2766 2210 2819 Ex
2242 2782 2351 2835 quo
2394 2776 2615 2820 sanctus
2639 2764 2878 2820 Joannes
2920 2766 3341 2836 Chrysostomus
3368 2768 3640 2823 Censtau-

2067 2857 2349 2925 tinopolim
2400 2856 2629 2925 appulit,
2679 2872 2786 2925 quo
2830 2866 3088 2925 tanquam
3132 2856 3328 2911 fluvius
3351 2860 3641 2929 exundatw

390 2954 492 3007 etsi
553 2957 889 3025 purgaverit,
933 2967 991 3012 υι
1028 2958 1385 3033 namq-dus,
1417 2980 1537 3034 με,
1565 2964 1670 3020 446
1710 2964 1816 3020 γει,
1846 2965 1957 3019 [ια-
1989 2976 2035 3033 c
2064 2949 2410 3018 eloquentur,
2440 2947 2808 3004 doctrina‘aue
2833 2962 2943 3000 suae
2972 2946 3188 3001 fluentis
3229 2949 3519 3004 uberrimis
3547 2966 3642 3003 ore

390 3056 555 3113 trum,
592 3048 880 3116 observat;
906 3066 1028 3105 cum
1055 3060 1232 3108 tamen
1263 3053 1330 3108 ab
1360 3054 1612 3126 Origcnis
1638 3058 1819 3125 pravis
1843 3058 1964 3126 opi-

389 3139 647 3197 nionibus
704 3142 893 3209 procul
938 3142 1170 3207 abesset,
1226 3154 1279 3198 et
1334 3145 1456 3199 ideo
1493 3143 1705 3201 Βιλιῐίυο
1738 3145 1964 3216 Aquile-

390 3231 562 3302 giensi
591 3234 729 3290 foret
756 3232 1024 3301 infensus,
1057 3235 1133 3288 uti
1156 3238 1403 3305 superius
1425 3237 1813 3294 demonstravi.
1836 3236 1962 3293 Ori-

389 3327 612 3393 genistre
653 3325 897 3395 profecto
944 3327 1042 3380 viri
1070 3324 1313 3398 plerique
1346 3326 1517 3384 sancti
1560 3330 1951 3398 censebantur,

390 3415 534 3484 quod
563 3417 810 3471 evenisse
836 3426 987 3487 putat
1020 3418 1133 3488 ipse
1161 3418 1513 3489 Roswcydus,
1534 3421 1835 3489 prolegom.
1870 3421 1957 3486 15,

390 3524 454 3561 ex
516 3509 641 3561 odio
690 3510 1398 3577 Anthropomorphitarum,
1473 3509 1782 3579 fateturque
1820 3526 1959 3564 non-

393 3598 569 3651 nullos
592 3599 846 3666 abreptos
879 3608 1032 3658 testu,
1066 3599 1267 3665 lapsos,
1300 3599 1396 3651 scd
1430 3600 1726 3667 resipuisse
1756 3610 1960 3670 postea,

392 3688 770 3757 meruisseque
808 3688 1168 3741 sanctimonia
1205 3688 1342 3750 vitae,
1396 3688 1787 3759 religionisque
1811 3691 1961 3759 puri—

395 3790 522 3845 tate,
557 3790 614 3834 ut
643 3780 694 3833 in
728 3779 918 3834 Fastos
953 3794 1160 3843 saeros,
1191 3794 1286 3833 seu
1316 3777 1581 3849 Diptycha
1603 3780 1961 3837 referrentur.

396 3871 605 3926 Rursus
659 3881 883 3927 sanctus
920 3870 1155 3926 Joannes
1193 3872 1259 3926 ab
1298 3871 1537 3927 Arcadio
1569 3874 1839 3944 Augusto,
1869 3874 1963 3945 qui

394 3964 651 4018 Eudoxiae
705 3980 817 4018 suae
852 3980 1067 4034 semper
1117 3965 1289 4035 magis
1333 3974 1451 4020 erat
1478 3967 1769 4033 obnoxius,
1793 3983 1857 4022 ac
1881 3968 1965 4022 ni-

396 4059 499 4111 tnis
567 4057 814 4119 uxorius,
847 4061 1059 4126 cogitur
1112 4058 1387 4122 exsulare,
1432 4058 1817 4130 Cucusumque
1863 4075 1964 4131 op-

395 4146 578 4213 pidum
633 4144 903 4198 Armenia:
956 4144 1291 4213 perducitur,
1346 4153 1403 4199 ut
1441 4144 1562 4200 fuse
1604 4146 1783 4215 prodit
1805 4145 1965 4200 scho-

398 4237 584 4290 hastcs
631 4235 764 4288 Cod.
790 4233 1060 4289 Thcodos.
1092 4234 1156 4288 ad
1186 4233 1222 4287 l.
1250 4251 1396 4289 xxvn
1422 4233 1497 4290 De
1518 4236 1884 4305 episcop.etll.
1913 4252 1963 4289 tv

2066 3042 2157 3097 illo
2210 3057 2310 3096 suo
2345 3056 2511 3113 aureo
2551 3041 2813 3111 profusis,
2854 3042 3118 3095 celebrem
3150 3042 3292 3095 illam
3320 3042 3639 3107 Ecclesiam,

2063 3134 2220 3205 cujus
2257 3135 2409 3188 clavo
2451 3133 2628 3187 fuerat
2680 3134 2957 3196 admotus,
2992 3133 3260 3201 irrigaret,
3285 3146 3641 3203 proventum.

2065 3242 2173 3297 que
2233 3226 2513 3296 copiosum
2573 3223 2873 3279 fecundatae
2925 3239 3039 3278 suae
3095 3239 3309 3292 sponsae
3344 3240 3638 3281 numerosa

2063 3320 2214 3391 prole
2248 3318 2533 3380 virtutum,
2557 3330 2901 3386 messemque
2933 3316 3148 3391 pietatis
3173 3316 3496 3369 latissimam
3521 3331 3641 3385 pro-

2063 3418 2299 3470 curaret,
2328 3409 2582 3462 omnibus
2625 3408 2906 3461 charitatis
2945 3408 3200 3475 operibus
3222 3408 3526 3462 indefessus
3554 3408 3639 3461 in-

2064 3494 2272 3558 cubuit,
2308 3510 2411 3547 non
2441 3494 2881 3563 tanttImScythis
2914 3492 3265 3554 Nomadibus,
3292 3499 3384 3563 qui
3424 3512 3454 3547 e
3480 3496 3640 3566 Bolga

2064 3584 2227 3637 fluvio
2253 3584 2687 3654 progressi,mox
2730 3583 2865 3652 parti
2910 3570 3157 3638 Thraciae
3180 3583 3637 3655 Macedoniaeque,

2064 3692 2127 3731 ac
2152 3676 2365 3747 Illyrico
2393 3675 2665 3744 superfusi
2694 3673 3050 3744 Bulgarorum
3087 3690 3282 3729 nomen
3320 3686 3638 3745 usurpatum

2066 3770 2168 3824 sub
2191 3778 2378 3823 sancto
2409 3769 2667 3838 Gregorio
2684 3784 2817 3837 papa
2849 3769 3160 3839 regionibus
3182 3768 3636 3836 illisindiderunt,

2065 3856 2374 3912 Christiana
2415 3857 2516 3911 title
2565 3857 2911 3925 imbuendis;
2963 3858 3055 3911 sed
3083 3867 3137 3912 et
3182 3858 3402 3913 Gotthis
3442 3858 3510 3913 ad
3540 3860 3642 3914 Ee-

2066 3948 2245 4003 clesiae
2280 3948 2561 4002 catholicae
2610 3950 2876 4017 gremium
2920 3949 3237 4005 revocandis
3274 3965 3493 4019 operam
3540 3952 3644 4005 im-

2067 4041 2285 4109 pendit;
2328 4039 2626 4111 prazscrtim
2668 4055 2798 4093 vero
2838 4041 2982 4094 vitiis
3026 4040 3223 4095 bellum
3276 4042 3541 4107 indicens,
3574 4059 3639 4098 ea

2068 4140 2171 4186 suo
2200 4145 2263 4184 ex
2314 4130 2441 4183 ovili
2474 4130 2743 4199 depellere
2783 4146 2846 4185 ac
2894 4131 3079 4201 fugare
3123 4133 3370 4197 studuit;
3409 4133 3641 4204 ideoque

2067 4224 2255 4293 probis
2312 4224 2545 4286 civibus,
2606 4240 2668 4277 ac
2718 4225 3035 4293 proceribus
3083 4225 3403 4280 orthodoxis
3452 4236 3642 4295 gratus

395 4338 448 4381 et
476 4344 526 4390 v,
555 4343 617 4381 ac
649 4344 723 4392 vi,
761 4326 834 4380 De
867 4328 946 4381 ’th
978 4328 1067 4398 qui
1096 4343 1253 4396 super
1283 4327 1430 4397 relig.
1457 4304 1699 4381 contend.
1727 4326 1848 4381 Mox
1881 4328 1963 4381 in-
1994 4304 2041 4359 Ῑ)
2068 4323 2123 4369 et
2171 4327 2424 4385 acceptus
2487 4315 2540 4368 in
2573 4315 2763 4385 primis
2794 4317 3001 4371 evasit:
3035 4326 3093 4371 ut
3128 4325 3309 4372 autem
3339 4316 3642 4373 Theodori-

398 4428 580 4492 teusus
619 4420 693 4472 illi
735 4419 998 4474 sufficitur
1043 4420 1096 4473 in
1138 4420 1633 4489 archiepiscopatu,
1680 4419 1959 4483 Arsacius,

396 4528 557 4581 quem
596 4512 760 4583 λῆρον
790 4520 1089 4581 nuncupat,
1120 4520 1171 4567 et
1200 4512 1357 4583 651
1392 4512 1698 4566 adulterum
1740 4522 1963 4569 sanctus

395 4602 633 4657 Joannes
694 4592 1120 4674 Clit'ySOSItinttts
1156 4603 1289 4672 ipse,
1343 4614 1505 4672 atque
1547 4604 1871 4658 collocatum
1905 4605 1962 4660 in

398 4696 593 4749 tlnouo
652 4694 843 4749 scribit
876 4710 902 4746 a
942 4694 1237 4746 Πεισίλισσα
1279 4709 1332 4761 p.
1367 4692 1473 4746 870
1501 4693 1752 4763 Epistol.,
1788 4710 1965 4764 quan-

400 4786 600 4839 tumvis
643 4795 867 4839 sanctus
897 4782 1137 4838 Joannes
1186 4794 1533 4853 provocasset
1564 4785 1756 4839 iterum
1781 4786 1848 4840 ad
1874 4785 1962 4841 In—

397 4876 705 4931 nocentium
760 4875 1063 4929 Romanum
1113 4876 1442 4945 pontificem,
1472 4890 1503 4929 a
1532 4891 1641 4946 quo
1680 4878 1965 4933 restitutus

397 4977 449 5019 et
493 4968 688 5022 deinde.
732 4966 833 5021 fuit
870 4968 925 5021 in
965 4966 1251 5037 Diptycha,
1293 4966 1561 5037 perculsis
1617 4970 1965 5024 anathemate

399 5061 502 5124 his,
542 5061 634 5130 qui
676 5076 799 5114 eum
838 5071 1109 5116 extorrem
1144 5060 1402 5124 fecerant,
1439 5078 1649 5133 suaque
1674 5064 1801 5118 sede,
1834 5078 1963 5133 spo-

400 5153 631 5217 liarant;
681 5152 955 5220 profectus
1006 5162 1089 5207 est
1143 5150 1300 5208 fortis
1338 5154 1541 5208 athleta
1586 5155 1639 5207 in
1683 5154 1962 5216 exsilium,

400 5259 634 5313 eumque
666 5244 881 5298 interim
922 5243 1531 5314 Constantinopolitana
1580 5243 1965 5314 conﬂagrassct

398 5337 653 5399 ecclesia,
696 5336 844 5389 var-ie
876 5335 1243 5391 discruciatus
1280 5350 1403 5391 cum
1437 5334 1631 5389 amicis
1657 5335 1793 5391 suis.
1827 5350 1966 5404 quo-

402 5442 518 5478 rum
553 5426 794 5494 plerique
821 5421 1092 5479 Joannitae
1126 5423 1492 5493 cognominati
1515 5422 1864 5491 exspirarunt
1910 5422 1964 5476 in

398 5504 729 5586 carceribus,
767 5518 852 5571 ubi
879 5516 1173 5569 Comanam
1213 5515 1370 5568 Potiti
1404 5515 1658 5584 Oppidum
1690 5514 1965 5583 pervenis-

397 5620 500 5672 set,
528 5620 772 5663 mortuus
795 5623 938 5662 anno
963 5608 1086 5672 407,
1112 5608 1195 5661 die
1220 5607 1282 5661 l4
1304 5604 1647 5674 Nevcntbris,
1678 5621 1707 5661 e
1738 5604 1961 5661 Socrate

2066 4417 2180 4463 tum
2223 4407 2510 4477 patricium
2573 4409 2843 4472 omittam,
2898 4408 3054 4475 cujus
3093 4410 3343 4478 superius
3387 4411 3637 4476 memini,

2064 4496 2223 4553 Nilus
2273 4498 2457 4563 etiam,
2492 4508 2545 4551 et
2592 4498 2897 4553 Pclusiotcs
2946 4497 3211 4558 Isidorus,
3253 4513 3317 4551 ac
3354 4497 3637 4567 Eulogius,

2065 4593 2131 4647 de
2165 4608 2272 4661 quo
2302 4594 2464 4646 etiam
2502 4592 2607 4661 egi,
2654 4590 2950 4645 Cassianus
2993 4590 3111 4657 ejus
3159 4588 3440 4651 diaconus,
3475 4599 3641 4659 atque

2066 4683 2361 4747 Palladius,
2390 4692 2443 4737 et
2489 4682 2601 4748 alii,
2634 4697 2863 4751 quorum
2910 4680 3130 4733 nomina
3163 4680 3207 4734 si
3238 4695 3633 4749 percenserern,

2065 4774 2328 4843 prolixior
2384 4772 2576 4837 forem,
2621 4774 2807 4828 sectati
2870 4782 2999 4827 sunt
3041 4772 3159 4842 ejus
3208 4772 3436 4831 monita.
3478 4773 3637 4842 eique

2068 4865 2298 4919 firmiter
2330 4863 2493 4936 652
2521 4865 2865 4918 adhaeserunt
2890 4883 2902 4927 ;
2931 4873 2988 4918 ut
3014 4874 3327 4934 prwteream
3359 4863 3636 4917 diaconis-

2069 4972 2183 5022 sas,
2228 4966 2284 5011 et
2337 4966 2618 5011 matronas
2654 4956 3014 5021 clarissimas,
3058 4954 3374 5024 Olympiada
3401 4953 3634 5014 scilicet,

2068 5050 2406 5116 Pentadiam,
2436 5048 2811 5108 Sabinianam,
2847 5046 3215 5116 Amproclam,
3254 5042 3636 5100 scudomnam

2068 5143 2345 5206 Proclam,
2401 5142 2657 5205 Probum,
2711 5141 3007 5205 Julianam,
3057 5138 3425 5200 Theodoram,
3480 5133 3641 5188 Silvi-

2070 5251 2217 5300 nam,
2277 5234 2417 5288 sicut
2462 5234 2722 5298 Italicam,
2767 5231 3100 5295 Euthaliam,
3136 5230 3500 5300 Asyncritam,
3541 5227 3639 5280 Se-

2068 5344 2272 5394 veram,
2304 5328 2662 5391 Chalcidiam,
2696 5326 3019 5389 Carteriam,
3049 5323 3389 5386 Bassianam,
3427 5320 3643 5374 Severi-

2069 5434 2216 5482 nam,
2241 5418 2506 5481 Aeoliam,
2534 5430 2586 5473 et
2614 5420 2851 5489 reliquas
2882 5432 3099 5473 summo
3127 5416 3247 5471 loco
3269 5423 3449 5479 natas,
3473 5421 3641 5479 atque

2068 5508 2392 5563 lectissimas
2456 5509 2708 5577 feminas,
2762 5511 2827 5564 ad
2887 5524 3117 5580 quarum
3150 5506 3436 5577 plerasque
3465 5503 3644 5573 ipsius

2068 5610 2282 5657 exstant
2309 5600 2577 5672 Epistola).
