3898 6196
273 270 408 335 1379

992 262 1155 326 305-
1193 254 1460 322 MARLE
1494 249 1849 316 SUARESII
1887 238 2779 339 LIBERFHRONOLOGICUS

3383 229 3535 296 1380

340 385 497 441 Nilus
552 381 842 457 (inquam)
882 376 1087 435 ‘ilivino
1140 377 1409 432 excitatus
1475 370 1735 426 instinctu
1779 369 1845 423 ad
1880 375 1919 430 Α
1949 360 2264 418 ιηοιιειειὶοω
2295 358 2418 411 vita:
2457 368 2699 408 amorem
2732 348 3037 421 inspiravit.
3074 345 3147 401 Ea
3174 358 3305 401 vero
3332 353 3535 401 secuta

2012 452 2026 457 -
2078 454 2085 457 .
2204 450 2215 457 .
3074 445 3120 457 Α,
3192 435 3500 457 ,κω-,μμ

273 490 523 538 sanctum
569 475 833 531 Joannem
868 487 932 527 se
962 471 1237 532 contulit,
1269 468 1337 521 ad
1374 478 1607 532 cumque
1649 460 1849 532 sazpius

276 569 577 633 ventitavit,
603 574 1106 634 certoquepossum
1138 559 1414 629 conjicere
1436 554 1845 610 conversionem

276 662 448 733 ipsius
483 675 514 714 e
552 656 957 728 congressibus,
1012 664 1176 723 atque
1217 648 1504 718 colloquiis
1538 642 1848 700 admirandi

278 753 546 822 praesulis,
596 760 759 820 atque
809 745 1079 808 bomiliis,
1128 758 1235 797 seu
1294 741 1501 807 λόγοις,
1560 737 1651 807 qui
1684 751 1852 806 penes

277 843 460 898 Nilum
508 852 665 898 erant
698 841 1005 917 perscriptiJ
1034 848 1096 892 ut
1143 852 1209 890 ex
1241 836 1469 904 epistola
1506 833 1573 887 ad
1598 830 1852 885 Zenodo-

280 955 399 991 rum
441 940 708 993 decanum
739 937 865 998 293,
897 936 991 989 lib.
1049 949 1111 997 ιι,
1133 933 1323 1001 ὶίψιοι,
1344 941 1539 983 "ortum
1568 926 1851 987 habuisse.

280 1034 446 1101 inque
494 1028 769 1099 preposito
812 1024 1096 1080 deserendi
1162 1023 1424 1077 szeculum
1469 1018 1577 1073 Nili
1609 1017 1853 1073 animum

282 1124 631 1177 obtirmatum
661 1118 853 1171 fuisse.
878 1115 1109 1169 Amabat
1138 1114 1338 1168 ctenim
1363 1126 1469 1165 non
1490 1112 1672 1164 minus
1693 1122 1859 1178 quam

268 1198 617 1281 suscipiebat
673 1207 978 1263 monachos
1025 1203 1472 1275 religiosissimus
1513 1199 1766 1264 antistes,
1808 1207 1862 1251 et

284 1304 545 1359 adversus
574 1315 765 1357 eorum
809 1300 1205 1353 obtrectatores
1239 1296 1423 1351 emisit
1453 1293 1507 1347 in
1544 1293 1721 1347 lucem
1750 1298 1861 1344 tres

287 1397 490 1459 libros;
518 1406 750 1459 cumque
776 1389 1008 1457 primum
1040 1386 1093 1440 in
1116 1382 1251 1441 loro
1280 1393 1530 1440 versatus
1558 1390 1722 1447 esset,
1750 1394 1859 1434 ma-

288 1502 391 1557 gna
446 1500 569 1539 cum
618 1481 777 1536 laude
816 1478 1178 1533 monasticam
1209 1484 1264 1532 et
1311 1476 1427 1546 ipse
1470 1473 1665 1528 deinde
1698 1472 1861 1527 vitam

276 1576 550 1635 exercuit,
602 1582 762 1642 atque
810 1572 878 1626 ab
922 1586 1108 1626 eremo
1153 1569 1217 1622 ad
1258 1569 1460 1622 clerum
1487 1574 1711 1619 vocatus
1743 1577 1865 1631 pre-

288 1666 473 1735 sbyter
522 1664 895 1717 Antiocltenus
961 1661 1245 1715 ordinatus
1304 1657 1422 1711 fuit.
1470 1654 1579 1709 Nili
1632 1653 1864 1710 mutatio

293 1755 392 1810 fuit
445 1754 658 1808 Excelsi
720 1753 956 1806 dextera:
996 1766 1132 1820 opus
1192 1747 1583 1804 obstetricante
1619 1745 1863 1810 Joanne;

293 1847 375 1900 vir
438 1843 808 1914 praefectorius
852 1851 1049 1911 sponte
1103 1855 1227 1910 spes
1275 1854 1404 1895 suas
1464 1852 1654 1891 omnes
1679 1839 1731 1890 in
1762 1835 1870 1889 Deo

288 1934 569 1988 collocans
598 1932 747 1985 exuit
786 1945 905 1985 sese
930 1930 1161 1985 fortuna:
1208 1929 1366 1982 bonis
1387 1928 1665 1992 omnibus,
1703 1935 1863 1980 terre.

295 2039 488 2078 narum
535 2037 715 2075 rerum
768 2020 1053 2076 affectibus
1104 2019 1317 2074 remisit
1377 2018 1651 2079 nuntium,
1706 2029 1875 2083 seqne

298 2124 470 2168 totum
502 2113 809 2167 divinarum
837 2108 1284 2179 contemplationi
1324 2107 1602 2173 addicens,
1637 2104 1877 2175 promul-

298 2206 469 2258 sidem
529 2204 582 2258 in
617 2204 777 2257 terris
810 2202 1050 2255 delibare
1094 2214 1157 2254 ac
1181 2204 1516 2269 praegustare
1569 2196 1737 2265 cmpit
1766 2209 1878 2248 coe-

294 2296 453 2351 lestis
486 2294 796 2349 beatitatis:
853 2292 991 2347 adeo
1037 2292 1253 2361 quidem
1287 2288 1559 2357 castigati,
1604 2297 1653 2341 et
1690 2301 1879 2341 emen-

300 2386 411 2438 dati
439 2384 651 2438 fuerant
682 2382 827 2435 illius
855 2394 1059 2444 mores,
1089 2380 1217 2432 dum
1242 2376 1619 2447 ageretadhuc
1640 2374 1691 2427 in
1718 2388 1881 2426 mun-

289 2479 392 2542 do,
443 2477 596 2545 quin,
634 2482 695 2528 ut
740 2474 998 2537 arbitror,
1035 2478 1090 2525 et
1142 2468 1414 2538 conjugis,
1454 2481 1578 2521 nam
1605 2466 1762 2534 juxta
1792 2463 1883 2519 Je-

294 2582 423 2620 sum
456 2562 830 2620 SiracliEccli.
863 2576 1012 2626 xxvi,
1044 2560 1097 2623 3,
1137 2572 1264 2628 pars
1293 2558 1455 2620 bona,
1485 2555 1679 2608 mulier
1712 2554 1878 2619 bona,

305 2655 360 2707 in
428 2663 582 2723 parte
663 2650 975 2705 timentium
1054 2647 1224 2702 Deum
1294 2645 1515 2700 dabitur
1573 2643 1690 2697 viro
1744 2644 1884 2697 bono

284 2762 404 2816 pro
447 2744 605 2799 fartis
637 2743 814 2797 bunis.

374 2835 608 2890 Cautum
672 2832 851 2887 fuerat
915 2833 1305 2902 imperatorum
1365 2828 1885 2895 Constitutionibus,

289 2947 378 2984 ine
401 2929 524 2998 quis
552 2928 604 2980 in
639 2941 736 2980 sua
768 2925 939 2994 patria
972 2923 1293 2992 magistratu
1334 2919 1667 2990 fungeretur,
1716 2919 1888 2989 Syne-

286 3022 392 3076 rsio
437 3028 592 3084 teste,
646 3031 709 3071 ac
758 3014 981 3068 Petavio
1036 3014 1089 3065 in
1118 3009 1272 3065 Notis
1309 3026 1360 3079 p.
1403 3009 1489 3071 79,
1517 3010 1550 3061 Ι.
1584 3010 1682 3064 ult.
1707 3007 1769 3062 C.
1792 3005 1890 3061 ιιι-
1914 3039 1958 3098 C

288 3112 600 3176 ‘stinianeo,
639 3107 710 3161 De
739 3108 894 3161 crint.
927 3103 1171 3173 sacrileg.
1199 3119 1320 3170 qua:
1355 3100 1670 3155 inscribitur
1689 3099 1735 3153 A
1756 3100 1801 3152 A
1819 3101 1883 3150 Α.

286 3202 590 3265 '-Gratiano,
647 3198 1047 3261 Valentiniano,
1101 3205 1155 3248 et
1189 3192 1518 3258 Theodosio,
1552 3208 1615 3247 ex
1648 3193 1683 3245 Ι.
1720 3207 1786 3245 xv
1817 3189 1889 3244 De

290 3294 403 3363 ιοΙῙ.
440 3302 568 3345 rect.
630 3291 888 3359 provinc.,
916 3302 1036 3356 qua:
1091 3285 1346 3339 tribuitur
1387 3283 1682 3338 Anastasio
1717 3282 1883 3352 Aug.,

319 3384 373 3437 id
424 3384 803 3445 confirmatur,
841 3378 944 3432 nisi
1000 3376 1189 3430 titulus
1214 3376 1395 3444 patius
1428 3374 1541 3439 ipse
1568 3373 1659 3427 sit.
1696 3371 1771 3426 Ea
1807 3380 1891 3426 ta-

311 3491 437 3531 men
483 3473 587 3529 fuit
631 3471 917 3536 modestia,
956 3486 1017 3524 ea
1069 3469 1333 3538 probitas,
1375 3476 1537 3536 atque
1557 3465 1886 3536 prudentia,

311 3583 376 3623 ea
404 3564 764 3626 continentia,
792 3571 847 3616 et
894 3559 1261 3615 mansuetudo
1297 3557 1419 3623 Nili,
1464 3572 1525 3611 ea
1545 3557 1692 3625 juris
1722 3556 1893 3610 scien-

311 3658 411 3723 tia,
425 3664 772 3715 eteonstans,
791 3666 853 3705 ac
871 3658 1129 3719 perpetua
1150 3644 1503 3714 voluntasjus
1522 3660 1679 3698 suum
1695 3644 1893 3711 cuique

260 3812 263 3815 η
312 3748 610 3813 tribuendi,
636 3756 693 3800 ut
732 3748 779 3801 ei
820 3742 1045 3800 Themis
1074 3740 1188 3795 sive
1212 3737 1438 3792 Justitia
1489 3746 1744 3805 tanquam
1772 3732 1889 3787 Jovi

313 3838 582 3909 πάρεδρος
609 3835 848 3891 assidere
879 3833 1174 3893 videretur,
1206 3837 1314 3883 tam
1365 3826 1542 3889 fortis,
1585 3842 1649 3879 ac
1688 3826 1893 3893 integer

312 3932 435 3984 vitae
466 3929 580 3996 ipse
607 3924 782 3988 Nilus,
809 3934 919 3977 tam
947 3921 1169 3977 sceleris
1200 3934 1390 3989 purus,
1426 3924 1535 3970 tam
1563 3915 1814 3985 placidis,
1842 3922 1895 3969 et

297 4019 631 4089 «compositis
671 4017 913 4072 moribus
941 4025 1259 4084 perspectus
1296 4010 1549 4065 omnibus
1588 4017 1704 4063 erat
1728 4050 1742 4073 ,
1784 4018 1891 4061 tam

300 4125 545 4166 :aversus
570 4109 636 4162 ab
662 4107 813 4161 omni
854 4105 1207 4173 corruptione
1237 4101 1503 4167 sordium,
1534 4115 1599 4155 ac
1639 4099 1709 4153 ab
1741 4096 1893 4151 omni

296 4202 656 4265 rscductione,
702 4206 865 4267 atque
892 4196 1145 4249 illecebra
1198 4193 1611 4256 blanditiarum,
1648 4190 1717 4243 ab
1744 4178 1896 4245 ‘omni

302 4293 593 4346 lminarum
621 4299 827 4344 terrore
858 4286 993 4340 adeo
1019 4299 1246 4339 securus
1274 4294 1327 4337 et
1357 4279 1812 4351 inexpugnabilis,
1838 4286 1899 4331 ut

1950 450 2373 507 saluberrimum
2453 444 2640 500 mariti
2713 440 3004 497 consilium
3067 445 3123 492 et
3186 435 3532 505 exemplum,

1951 540 2306 611 quantumvis
2364 550 2550 590 amore
2597 531 2869 603 coniugali
2927 527 3131 599 percita
3175 526 3537 588 reniteretur,

1952 644 2011 687 ut
2065 633 2182 703 ipse
2225 628 2383 683 Nilus
2441 634 2648 691 narrat,
2680 640 2806 694 pag.
2854 622 2944 687 15,
2974 619 3221 688 amplexa
3246 617 3412 671 filiam
3435 630 3542 671 se-

1952 739 2078 778 cum
2137 721 2295 776 facile
2339 718 2620 789 pertraxit,
2654 714 2955 785 partitique
2985 711 3253 780 geminam
3283 707 3541 763 sobolem

1955 818 2039 869 vir
2093 822 2147 868 et
2179 827 2318 867 uxor
2340 810 2716 864 discesserunt
2761 802 3257 870 Constantinopoli,
3286 809 3339 854 et
3365 814 3548 871 gene-

1958 922 2080 961 rosa
2117 913 2388 967 matrona,
2414 910 2598 956 tenera
2637 912 2760 954 cum
2784 894 3127 965 virguncula,
3161 892 3548 960 commigrans

1958 988 2223 1046 claribus
2255 994 2308 1043 in
2362 987 2578 1059 Egypti
2640 984 2971 1040 monasteria
3018 998 3077 1037 se
3128 980 3358 1044 abdidit,
3406 995 3547 1034 cum

1959 1082 2081 1137 Nilo
2136 1081 2527 1149 Tlteoduloque
2571 1076 2690 1131 vale
2719 1076 2950 1131 dixisset
2995 1073 3321 1128 abeuntibus
3342 1072 3410 1126 ad
3444 1071 3547 1125 Si-

1961 1173 2215 1229 naiticam
2259 1172 2555 1240 regionem,
2586 1166 2664 1223 uti
2714 1166 2931 1221 tandem
2973 1164 3210 1233 comperi
3246 1163 3388 1232 apud
3423 1160 3550 1215 Me—

1963 1264 2236 1333 nologium
2286 1259 2622 1324 Graecorum,
2666 1256 2733 1310 £2
2765 1254 3108 1319 Novembris,
3165 1267 3341 1321 neque
3393 1248 3553 1304 difﬁ-

1962 1357 2065 1411 cile
2100 1354 2201 1408 fuit
2239 1351 2589 1407 matri‘tiliam
2640 1363 2824 1403 secum
2872 1346 3160 1408 abducere,
3208 1345 3377 1412 inque
3418 1356 3555 1411 par.

1966 1448 2273 1506 tbenonem,
2311 1457 2405 1498 seu
2432 1440 2720 1510 collegium
2748 1444 3086 1493 sacratorum
3117 1433 3225 1489 Deo
3252 1432 3539 1501 virginum

1962 1536 2264 1597 recludere,
2298 1534 2608 1601 ingenerata
2637 1545 2828 1600 nempe
2852 1530 2954 1598 ipsi
2986 1527 3156 1581 fuerat
3189 1525 3549 1581 castimonia

1967 1631 2252 1701 disciplina
2282 1629 2364 1683 vel
2397 1627 2465 1681 ab
2503 1624 2868 1688 incunabulis,
2937 1622 3268 1691 insitumque
3321 1618 3553 1673 deside-

1899 1717 1938 1770 Β
1970 1725 2132 1788 rium,
2178 1731 2238 1776 ut
2277 1720 2539 1775 illibatam
2584 1718 2648 1772 ad
2683 1715 2964 1771 Christum
3005 1712 3364 1782 virginitatem
3426 1709 3558 1764 sin-

1971 1831 2092 1871 cera
2138 1815 2422 1884 perferret.
2476 1811 2645 1865 Erant
2694 1818 2823 1863 tunc
2884 1806 3107 1875 virginei
3170 1812 3342 1858 canus
3398 1801 3559 1856 inter

1960 1905 2187 1977 rEgyrpti
2219 1905 2535 1968 balsameta,
2569 1908 2629 1956 ut
2668 1899 3004 1961 idololatriae,
3043 1896 3560 1965 daemoniorumque

1974 1996 2187 2066 viperas
2216 2002 2577 2057 contererenl,
2609 2001 2661 2045 et
2691 2004 2882 2045 eorum
2910 1988 3238 2043 adorabatur
3256 1984 3400 2040 Deus
3419 2001 3564 2040 sua-

1978 2085 2333 2151 reuléntiam;
2365 2084 2420 2138 in
2452 2082 2740 2137 cunabulis
2765 2079 3040 2134 nascentis
3082 2078 3341 2133 Ecclesia:
3370 2092 3549 2131 sexus

1979 2178 2067 2232 ille
2120 2176 2389 2230 infirmior
2453 2176 2785 2245 praecipuam
2824 2172 3129 2225 firmitatem
3170 2168 3559 2239 profitebatur,

1972 2267 2223 2323 *Vestales
2276 2280 2426 2331 vero,
2457 2280 2579 2334 qua:
2614 2272 2935 2333 perpetuum
2978 2259 3267 2314 servabant
3297 2270 3351 2313 et
3394 2259 3561 2312 inex-

1982 2358 2239 2411 stinctum
2282 2356 2518 2426 pudoris
2564 2356 2741 2425 ignem
2778 2352 3093 2407 Christiano
3126 2350 3229 2404 ritu
3253 2350 3448 2403 dicata:
3476 2349 3569 2402 di-

1982 2451 2109 2503 vino
2165 2449 2357 2513 cultui,
2386 2458 2448 2502 ut
2485 2446 2675 2503 scribit
2704 2446 3045 2503 Ammianus.
3090 2458 3213 2513 pag.
3260 2442 3377 2505 I60,
3411 2443 3570 2497 velut

1984 2542 2287 2595 Amazones
2332 2555 2503 2596 sacrae
2550 2538 2929 2593 vocitabantur
2981 2536 3239 2590 Ascetriae
3280 2544 3332 2588 et
3366 2533 3569 2588 Mona-

1985 2634 2151 2700 striae,
2196 2634 2520 2701 iliarumque
2543 2631 2654 2700 jam
2688 2644 2852 2698 supra
2885 2628 3259 2683 meminimus.
3294 2624 3336 2681 Ο
3392 2642 3566 2695 quam

1984 2734 2220 2794 gratum,
2282 2738 2445 2791 quam
2505 2719 2826 2789 iucundum,
2872 2733 3035 2789 quam
3090 2728 3369 2786 acceptum
3428 2714 3566 2779 Deo,

1990 2811 2498 2882 cmlitibusquefuit
2526 2810 2899 2880 spectaculum
2937 2818 3045 2864 tam
3070 2810 3300 2872 illustre,
3333 2820 3442 2862 tam
3468 2808 3575 2861 mi-

1991 2910 2243 2970 randum,
2281 2916 2498 2975 tamque
2535 2903 2969 2971 memorandum,
3014 2902 3139 2973 piis,
3184 2910 3346 2972 atque
3377 2902 3574 2969 probis

1986 2999 2195 3056 Christi
2222 3000 2526 3054 cultoribus
2554 2998 2607 3052 in
2642 3008 2787 3053 terra
2817 2997 2909 3067 qui
2950 3005 3063 3050 tum
3089 2995 3576 3067 degebantortho—

1990 3091 2137 3151 doxi,
2175 3091 2371 3145 intueri
2420 3088 2601 3144 Nilum
2656 3100 2948 3144 exeuntem
2995 3088 3061 3143 de
3100 3091 3423 3158 cognatione
3466 3102 3567 3141 sua

1990 3180 2095 3232 title
2142 3178 2576 3243 Abraliamitica,
2630 3193 2736 3231 non
2793 3176 3105 3232 offerentem
3143 3185 3353 3231 tantum
3388 3175 3571 3230 filium

1992 3269 2486 3324 Theodulumcum
2522 3269 2723 3339 gaudio
2763 3269 3115 3337 allubentem,
3155 3279 3206 3323 ct
3245 3268 3573 3338 prtcpotcnti

1989 3360 2209 3416 Nnmini
2242 3362 2381 3416 miro
2407 3362 2689 3433 utriusque
2722 3377 2993 3417 consensu
3038 3371 3403 3416 consecratam
3437 3362 3580 3415 uni-

1991 3470 2109 3509 cam
2155 3453 2301 3507 illam
2333 3453 2611 3507 victimam
2650 3469 2665 3518 ;
2698 3468 2886 3507 verum
2927 3463 2975 3507 et
3018 3453 3205 3506 animae
3226 3467 3351 3515 suas,
3383 3462 3445 3504 ut
3479 3452 3567 3505 ita

1993 3546 2195 3610 dicam,
2229 3545 2537 3611 dimidium,
2576 3545 2867 3617 conjugcm
2902 3546 3109 3600 scilicet
3135 3544 3575 3610 dilectissimam,

1992 3647 2047 3692 et
2088 3653 2155 3690 ex
2194 3652 2253 3691 ea
2304 3645 2610 3707 susceptam
2645 3638 2834 3702 filiam,
2880 3654 2987 3692 non
3018 3637 3161 3691 velut
3192 3635 3582 3705 Agamemnon

1994 3731 2349 3802 Iphigeniam,
2391 3732 2507 3796 sed,
2541 3739 2597 3784 ut
2626 3731 2705 3785 ait
2746 3730 3057 3800 Nilusipsc,
3095 3745 3214 3799 pag.
3241 3730 3361 3789 {-21,
3385 3729 3441 3781 in
3484 3731 3587 3781 Δι-

1992 3824 2099 3892 ηγή
2110 3840 2260 3892 part,
2290 3822 2458 3876 instar
2488 3822 2709 3876 alterius
2721 3820 2911 3891 Iephte
2931 3821 3297 3875 immolantem
3315 3821 3540 3875 Christo
3562 3822 3581 3875 l

1995 3914 2278 3981 Quodnam
2323 3913 2441 3969 ista:
2472 3913 2861 3967 monasterium
2901 3912 3156 3979 adierint,
3186 3911 3380 3966 nullibi
3428 3927 3587 3966 coqu

1995 4006 2132 4075 peri.
2190 4004 2363 4059 Erant
2414 4005 2466 4058 in
2494 4004 2729 4075 Egypto
2786 4003 3189 4074 quamplurima
3238 4001 3583 4057 feminarum

1999 4095 2111 4148 Deo
2177 4109 2397 4165 quoque
2448 4094 2764 4148 devotarum
2826 4092 3180 4156 monasteria,
3222 4092 3589 4157 miratusque

2000 4202 2122 4242 sum
2153 4187 2355 4256 saepius
2393 4186 2562 4239 altum
2589 4183 2697 4238 Nili
2732 4190 2799 4239 de
2834 4199 3023 4248 uxore,
3065 4199 3186 4253 qua:
3216 4197 3373 4237 soror
3395 4182 3475 4236 illi
3500 4181 3592 4236 fa-

2000 4287 2085 4334 cta
2103 4286 2205 4342 est,
2232 4277 2310 4331 uti
2346 4277 2487 4331 dicta
2513 4274 2648 4330 Sara
2689 4274 2791 4329 fuit
2818 4275 2885 4329 ab
2905 4275 3093 4329 eodem
3112 4274 3447 4335 Abrahamo,
3490 4272 3593 4328 de

302 4385 536 4439 :solutus
580 4378 742 4434 fuerit
788 4378 895 4431 illis
928 4375 1162 4445 legibus,
1203 4388 1434 4444 quarum
1466 4370 1712 4424 habenda
1748 4369 1894 4423 nulla
1931 4388 1972 4442 υ
1997 4387 2104 4443 que
2144 4371 2249 4425 filia
2276 4370 2551 4426 communi
2584 4370 2859 4425 silentium
2885 4369 2939 4423 in
2972 4368 3059 4422 illa
3094 4367 3374 4438 regionum
3406 4366 3595 4421 inter-

302 4483 406 4532 ἐει
451 4476 588 4529 ratio
633 4469 995 4543 principibus,
1044 4466 1426 4538 quotiesjusta
1476 4464 1662 4518 subest
1687 4476 1893 4528 causa;

306 4585 424 4625 meo
463 4568 605 4622 enim
659 4563 954 4620 verendum
989 4570 1105 4614 erat
1154 4574 1222 4613 ne
1250 4560 1367 4613 suis
1395 4556 1721 4625 indulgeret,
1748 4554 1898 4609 fave-

304 4670 534 4729 tretque,
570 4673 669 4713 nec
718 4672 786 4711 ne
819 4652 1087 4718 acerbior,
1136 4650 1439 4719 saeviorque
1484 4647 1744 4701 adversus
1769 4660 1899 4701 suos

306 4752 537 4807 tinvidos
619 4749 982 4816 inimicosque
1034 4740 1337 4815 grassando
1392 4741 1444 4793 in
1494 4754 1595 4794 eos
1661 4737 1901 4807 expleret

302 4845 502 4901 mdium
528 4858 713 4905 suum,
738 4849 905 4909 atque
934 4837 1229 4891 vindictam
1256 4840 1559 4893 exerceret,
1586 4831 1732 4884 velut
1754 4830 1897 4883 alter

307 4936 537 5010 idioyses
584 4933 869 4989 beitiinum
930 4929 1280 4992 mitissimus,
1323 4916 1385 4981 et
1427 4920 1900 4979 moderatissimus

310 5029 556 5085 ~cxstitit.

386 5120 771 5188 ~|sutramque
802 5115 1031 5187 prolem,
1064 5127 1229 5183 quam
1265 5126 1332 5166 ex
1356 5124 1524 5164 uxore
1560 5112 1900 5176 susceperat,

315 5214 627 5268 masculum
640 5209 801 5282 653
816 5207 1021 5263 scilicet
1039 5216 1202 5275 atque
1229 5202 1507 5267 feminam,
1528 5199 1788 5254 educarat
1818 5196 1902 5249 in-

322 5310 606 5368 nocenter,
636 5312 687 5357 et
712 5297 1131 5356 sanctimoniam
1164 5294 1477 5359 edocuerat,
1506 5293 1577 5346 ita
1604 5298 1663 5345 ut
1690 5290 1782 5343 illa
1808 5304 1903 5343 su-

328 5394 470 5448 xerit
507 5408 615 5447 una
641 5407 765 5448 cum
798 5391 937 5446 lacte
965 5390 1274 5445 rudimenta
1322 5386 1593 5441 virtutum
1632 5382 1901 5438 Christia-

324 5496 546 5543 narum,
593 5491 647 5537 et
683 5481 981 5536 adoleverit
1028 5478 1207 5535 indole
1245 5477 1501 5547 praecelsa
1546 5489 1904 5530 succrescens

331 5569 397 5622 ad
450 5570 690 5624 cmlestia
730 5572 954 5639 prannia
1007 5568 1365 5640 capessenda.
1412 5566 1649 5636 Conjugi
1701 5568 1902 5635 quippe

333 5669 447 5708 sum
476 5652 631 5707 Nilus
656 5657 1025 5723 pudicissima
1069 5669 1232 5729 atque
1282 5658 1638 5729 pientissima'
1669 5655 1902 5709 similem

1997 4465 2278 4535 capedine.
2298 4464 2380 4517 Au
2401 4462 2628 4518 fortasse
2651 4462 2909 4531 prudens,
2931 4461 3073 4532 quod
3092 4458 3371 4513 innuitfol.
3393 4460 3598 4519 17A:-

2000 4558 2167 4627 ήγησ.
2201 4555 2255 4622 6,
2294 4553 2387 4609 Dei
2421 4570 2610 4610 servus
2636 4553 2948 4620 verebatur",
2980 4552 3136 4622 juxta
3180 4550 3317 4604 illud
3345 4549 3601 4606 infelicis

1994 4655 2191 4715 poene,

2064 4735 2685 4804 Omnisamormagnns,
2711 4734 2801 4787 sed
2824 4746 3004 4801 aperto
3028 4734 3081 4785 in
3115 4733 3334 4801 conjuge
3369 4731 3602 4798 maior;

2082 4805 2235 4859 Hanc
2270 4805 2448 4859 Venus
2476 4803 2545 4858 uti
2570 4806 2732 4868 vivat,
2766 4805 2986 4857 ventilat
3006 4806 3117 4871 ipsa
3144 4803 3335 4871 facem.

2002 4896 2068 4951 Et
2098 4897 2315 4967 nuperi,
2352 4898 2519 4966 quiet
2550 4896 2817 4951 infelicior
2851 4892 2983 4961 fuit,

2073 4991 2152 5043 Ah
2186 5000 2445 5059 quantum
2479 4988 2690 5057 placido
2717 4988 2934 5059 mitique
2961 4990 3015 5041 in
3044 4999 3250 5059 pectore
3268 4995 3456 5059 regnat

2076 5055 2408 5120 Illa'Venus.
2431 5055 2590 5127 quam
2616 5060 2773 5128 ﬁnxit
2788 5055 3021 5127 Hymen,
3036 5056 3401 5128 scuConditor
3416 5055 3599 5128 orbis,

2072 5134 2242 5198 Atque
2268 5124 2502 5183 homines
2525 5124 2704 5183 sancte
2725 5124 2954 5198 genituri
2982 5127 3187 5194 foederis
3220 5124 3447 5179 auctor!

2072 5147 2140 5183 At
2180 5147 2242 5182 ue
2268 5147 2502 5183 nommcs
2525 5147 2704 5183 sanare
2725 5147 2952 5198 genuum
2982 5147 3187 5194 "naeus
3220 5147 3406 5179 aucwr
3424 5147 3440 5177 ς

2253 5198 2425 5271 Hunc,
2440 5217 2538 5267 quo
2549 5198 2805 5271 disposuit
2818 5198 3099 5271 volventem
3117 5199 3288 5249 sidera
3304 5196 3603 5262 mundum,

2077 5268 2291 5337 Quoque
2323 5270 2577 5322 elementa
2600 5269 2752 5338 ligat,
2783 5268 3030 5320 thalamis
3074 5269 3299 5335 inspirat
3319 5280 3599 5327 amorem,

2077 5338 2179 5393 Seu
2214 5342 2359 5392 nosci
2386 5339 2587 5408 fugiens
2618 5337 2823 5405 penitus
2855 5338 2929 5390 ris
2960 5337 3121 5389 insita
3149 5343 3333 5397 rebus;

2077 5409 2267 5473 Qualis
2310 5425 2426 5478 quin
2453 5407 2658 5478 chalybi
2697 5419 2919 5476 cognata
2942 5407 3175 5475 potentia
3209 5421 3469 5475 gemmam

2084 5479 2345 5531 Conciliat
2384 5478 2553 5533 Getici
2591 5488 2908 5546 spectantem
2935 5478 3141 5530 verticis
3168 5479 3329 5545 ignes.

2014 5568 2072 5622 Et
2114 5585 2276 5639 supra
2306 5570 2372 5624 de
2413 5568 2665 5624 Pachone
2697 5571 2848 5638 plura
2881 5572 3143 5637 congessi
3179 5568 3256 5620 An
3291 5566 3419 5635 quia
3449 5566 3604 5619 forte

2010 5673 2222 5715 matura
2265 5673 2491 5732 utraque
2517 5662 2656 5719 cwlo
2694 5663 2819 5716 illuc
2855 5674 3137 5731 properata
3174 5671 3342 5714 morte
3368 5658 3604 5712 laureo-
