3998 6214
13 346 51 388 ιι

8 426 55 489 sit

8 524 57 567 tea

8 608 59 659 Sat

8 704 57 752 sit

8 806 17 843 τι

10 1088 25 1122 ε

8 810 55 863 rip

8 902 52 953 is"

8 992 47 1029 ιι

10 1072 43 1121 vi

14 1162 38 1211 tl

14 1252 35 1303 tl

8 1456 25 1489 Ε

8 1548 21 1579 ῐ

326 234 444 302 1331
1634 228 1730 288 DE
1772 226 1946 289 VITA
1976 226 2039 287 S.
2073 220 2262 290 NILI.
3438 227 3574 294 1282

322 351 398 406 las
428 350 715 407 eentesimi
743 349 1119 420 tricesimique
1161 346 1371 402 fructus
1396 351 1738 415 perceptura,
1777 342 1893 398 haec
1922 350 1964 401 Α
1996 339 2305 398 Tin-antltis
2332 349 2504 396 artem
2533 340 2757 410 veloque
2771 339 2973 396 silentii
3000 348 3198 410 tegere,
3216 342 3574 410 quemadmo-

322 456 416 511 pro
474 441 807 512 virginitate,
860 456 961 512 pro
1016 436 1278 497 viduitate
1350 450 1447 493 seu
1502 435 1760 492 ctelibatu
1801 434 1896 491 illa

321 532 474 587 ocius
528 531 891 588 evolavit?ln
922 526 1200 586 Thebaide
1240 528 1480 585 maxima
1528 535 1648 583 erat
1693 527 1750 581 in
1778 528 1898 597 opi-

322 624 505 689 nione,
550 622 804 694 famaque
857 621 1171 694 percelebre
1234 619 1629 676 monasterium
1675 625 1896 673 centum

322 723 554 784 quatuor
582 712 1110 776 sanctimonialium,
1144 711 1201 765 in
1232 709 1379 781 quod
1408 719 1598 764 sancta
1646 708 1897 780 Euphra-

324 802 404 858 sia
450 809 787 870 secesserat;
830 800 1098 873 Panopoli
1157 800 1306 856 aliud
1351 798 1897 870 quadringentarum,

325 910 446 964 quae
474 894 650 949 sancti
686 894 967 949 Pachumii
1013 892 1255 965 regulam
1286 891 1640 948 observantes
1667 890 1901 946 seorsim

326 987 578 1041 vivebant
622 982 729 1039 Nili
785 983 1029 1039 fluminis
1103 984 1458 1039 circumdatae
1507 982 1682 1045 rivis,
1711 990 1770 1036 ut
1803 996 1901 1036 au-

326 1086 503 1132 ctores
525 1086 657 1132 sunt
673 1074 816 1131 Vita:
851 1084 1056 1131 sanctae
1079 1074 1399 1146 Euphrasia
1426 1073 1683 1144 scriptor,
1705 1082 1759 1128 et
1788 1072 1902 1127 Pal-

328 1169 501 1223 ladius
534 1170 586 1222 in
619 1167 909 1223 Lausiaca.
940 1167 995 1221 In
1019 1166 1258 1221 Antinoo
1298 1166 1520 1221 civitate
1558 1164 1763 1220 Talida:
1794 1179 1891 1220 no-

328 1260 473 1314 mine
497 1260 709 1329 insigne
736 1257 1135 1314 monasterium
1174 1257 1580 1312 recensetidem
1608 1256 1900 1323 Palladius,

328 1365 377 1404 c.
420 1348 520 1403 1⁸57
552 1356 608 1402 ct
641 1347 763 1413 158,
794 1348 954 1418 cujus
977 1345 1299 1402 monasterii
1333 1346 1473 1401 aula
1488 1361 1555 1400 ne
1583 1345 1750 1401 clavis
1780 1347 1905 1416 qui-

326 1440 448 1495 dem
489 1446 626 1503 erat,
673 1438 815 1493 sicut
869 1438 922 1492 in
957 1437 1084 1494 aliis
1117 1436 1370 1492 undecim
1411 1437 1781 1501 monasteriis,
1809 1438 1903 1492 sed

329 1536 464 1605 ipsa:
488 1532 556 1586 ab
586 1531 707 1601 ejus
739 1545 925 1587 amore
957 1529 1367 1593 detinebantur,
1402 1527 1536 1584 adeo
1574 1529 1744 1597 ipsam
1781 1528 1905 1581 dili-

327 1625 549 1693 gebant.
582 1621 825 1677 Fuerunt
859 1631 913 1676 et
946 1620 1326 1675 Alexandrina:
1368 1619 1650 1674 monachae
1681 1617 1903 1674 Sanda-

330 1712 502 1778 lariaa,
527 1714 593 1767 ad
616 1727 751 1783 quas
782 1712 973 1768 scribit
999 1711 1067 1767 de
1091 1711 1379 1765 mulierum
1400 1710 1646 1764 victoriis
1665 1708 1907 1766 Isidorus

328 1801 655 1869 Pelusiotes,
686 1801 784 1859 lib.
823 1818 840 1858 ι
877 1801 1063 1871 epist.,
1124 1816 1177 1870 p.
1215 1798 1305 1854 87.
1365 1798 1734 1865 Alexandriae,
1786 1815 1908 1869 quae

331 1890 647 1967 barathrum
697 1892 996 1948 vocabatur
1032 1888 1241 1953 mundi,
1288 1888 1363 1943 uti
1393 1888 1560 1944 refert
1586 1888 1907 1946 Eustathius

330 1984 383 2036 itt
444 1979 684 2051 Dionysii
740 1979 814 2034 De
843 1981 950 2033 situ
978 1979 1117 2032 orbis
1155 1978 1516 2048 Περιήγησιν,
1557 1987 1614 2033 ιιι
1642 1989 1758 2035 erat
1791 1994 1908 2034 em-

331 2071 545 2140 porium
571 2070 988 2125 celeberrimum
1015 2068 1248 2137 Africae;
1284 2077 1443 2124 erant
1476 2070 1583 2124 vici
1618 2071 1779 2133 varii,
1814 2073 1909 2140 qui

333 2160 482 2215 labra
511 2158 986 2226 nuncupabantur,
1016 2158 1122 2212 illis
1145 2166 1411 2226 praeerant
1431 2158 1752 2228 presbyteri,
1782 2158 1911 2213 sub-

333 2246 429 2300 diti
494 2261 691 2299 omnes
738 2247 833 2299 uni
883 2246 1320 2314 archiepiscopo,
1348 2243 1663 2311 cujusmodi
1695 2243 1797 2299 fuit
1826 2244 1912 2297 vi-

334 2350 435 2389 cus
489 2334 731 2401 Baucali,
780 2334 834 2388 in
866 2349 979 2404 quo
1003 2345 1120 2387 erat
1180 2334 1437 2397 ecclesia,
1490 2333 1579 2389 cui
1622 2334 1785 2389 Arius
1809 2333 1912 2388 fttit

336 2424 642 2495 praefectus,
666 2436 855 2480 sancto
877 2424 1175 2495 Epiphanio
1192 2433 1411 2480 auctore
1426 2424 1479 2477 in
1499 2424 1688 2479 haeres.
1708 2425 1910 2495 Ἀρειο-

337 2517 581 2586 μανιτῶν
629 2517 720 2581 69,
775 2532 830 2587 p.
865 2518 990 2583 511,
1036 2526 1091 2571 et
1129 2516 1243 2571 alii.
1269 2515 1324 2570 In
1355 2517 1539 2586 aliquo
1571 2531 1762 2571 eorum
1791 2531 1910 2570 mo-

334 2610 629 2664 nasterium
651 2607 1096 2663 Sandalariarum
1118 2608 1343 2663 istarum
1362 2608 1635 2662 exstitisse
1660 2622 1766 2661 non
1790 2622 1910 2661 am-

334 2697 480 2768 bigo,
504 2698 618 2753 sive
639 2697 1155 2761 Sandaliariarium,
1180 2712 1303 2767 qum
1322 2712 1351 2751 a
1374 2698 1656 2773 sandaliis,
1687 2712 1780 2751 seu
1825 2713 1913 2752 so-

336 2787 435 2843 leis
492 2803 559 2843 eo
588 2790 807 2843 nomine
853 2796 982 2844 sunt
1010 2789 1315 2859 appellatae,
1349 2789 1493 2856 quod
1518 2803 1706 2842 earum
1749 2787 1913 2858 pedes

335 2878 441 2933 hoc
472 2879 825 2934 caleeamenti
870 2894 1069 2948 genere
1102 2877 1277 2933 induti
1315 2878 1520 2943 forent,
1557 2888 1777 2934 sanctus
1803 2881 1914 2933 Au-

1998 431 2128 485 dum
2155 431 2458 501 pictorille,
2491 431 2651 500 cujus
2684 429 2737 483 itt
2777 430 2979 485 tabulis
3014 430 3134 499 plus
3173 430 3573 499 intelligebatur

1998 537 2159 592 quam
2188 522 2533 592 pingebatur,
2571 536 2694 576 cum
2717 520 3055 575 exhibuisset
3090 520 3421 591 Iphigeniam
3451 536 3576 576 ora-

2000 622 2178 669 torum
2212 612 2467 668 laudibus
2498 612 2823 668 celebratam
2851 620 3085 666 stantem
3117 611 3185 665 ad
3218 612 3342 665 aras
3372 611 3577 680 peritu-

2001 719 2140 769 ram,
2199 712 2256 758 et
2305 712 2535 756 mmstos
2585 701 2855 771 pinxisset
2912 715 3124 765 omnes,
3180 701 3454 771 praecipue
3482 715 3576 770 pa-

2004 806 2213 859 truum,
2260 800 2317 850 et
2340 792 2578 849 tristitiae
2619 806 2835 845 omnem
2870 791 3165 860 imaginem
3196 792 3577 861 consumpsis-

2001 895 2103 949 set,
2129 884 2307 956 patris
2358 884 2531 954 ipsius
2559 882 2765 936 vultum
2821 881 3037 947 velavit,
3075 896 3237 948 quem
3277 882 3436 951 digne
3468 898 3578 936 non

2001 982 2214 1046 poterat
2256 974 2574 1030 ostendere:
2606 987 2728 1042 quae
2755 964 2883 1027 Sunt
2914 970 3077 1026 verba
3100 968 3263 1024 Plinii
3304 970 3577 1035 lib.uxv,

2003 1080 2053 1119 c.
2088 1063 2172 1119 10.

2071 1156 2227 1213 Nilus
2284 1157 2399 1229 ipse
2463 1164 2643 1210 motus
2671 1154 2795 1210 illos
2828 1152 3159 1218 animorum,
3191 1158 3247 1206 et
3281 1151 3581 1205 certamina

2003 1257 2175 1315 tanta,
2206 1264 2331 1304 cum
2373 1265 2403 1304 a
2435 1263 2495 1303 se
2548 1248 2669 1317 ipso
2707 1244 2940 1314 discerpi
2968 1243 3262 1308 videretur,
3302 1243 3370 1297 ab
3395 1257 3493 1297 sua
3523 1259 3582 1296 se

2004 1342 2236 1413 conjuge
2279 1355 2564 1411 separatis,
2623 1339 2676 1392 in
2727 1352 2891 1407 quam
2936 1336 3211 1390 coaluerat
3238 1336 3457 1390 vinculo
3486 1350 3581 1387 nu-

2007 1436 2267 1504 ptiarum,
2300 1438 2605 1501 sanctoque
2630 1428 2854 1493 foedere,
2883 1442 2946 1482 ac
2975 1426 3256 1481 individua
3291 1426 3415 1481 vitae
3437 1439 3581 1479 con-

2007 1523 2293 1579 suetudine
2340 1535 2643 1582 connexus,
2702 1532 2808 1571 non
2852 1516 3141 1570 adumbrat
3177 1515 3360 1580 modo,
3392 1528 3582 1569 verum

2009 1615 2063 1669 in
2105 1615 2416 1670 narratione
2441 1612 2679 1669 secunda
2703 1611 2769 1667 ad
2795 1612 2976 1666 vivum
3004 1607 3263 1679 exprimit
3292 1621 3321 1660 a
3355 1620 3481 1676 pag.
3516 1604 3587 1659 l5

2009 1705 2075 1760 ad
2121 1706 2209 1759 17.
2261 1703 2439 1776 Auget
2484 1703 2848 1772 suspicionem
2909 1700 3121 1759 mortis.
3175 1712 3338 1767 quam
3383 1696 3589 1751 obiisse

2009 1806 2115 1851 tam
2174 1810 2425 1857 uxorem,
2481 1810 2642 1864 quam
2706 1793 2873 1847 ﬁliam
2908 1791 3164 1861 conjicio,
3203 1788 3349 1859 quod
3380 1787 3437 1841 in
3472 1785 3586 1840 illis

2007 1888 2234 1957 prolixis
2266 1884 2673 1941 narrationibus
2719 1885 2787 1940 de
2828 1882 3093 1939 Theoduli
3120 1881 3214 1935 lilii
3246 1880 3416 1935 variis
3436 1878 3581 1934 casi-

2007 1977 2129 2041 bus,
2185 1985 2242 2031 et
2296 1976 2629 2046 captivitate,
2662 1975 2994 2043 tandemque
3049 1970 3443 2040 redemptione,
3478 1983 3584 2021 ne-

2009 2080 2286 2134 quaquam
2344 2065 2537 2118 matris
2587 2064 2818 2131 ﬂliaaque
2863 2060 3195 2124 meminerit,
3264 2074 3363 2113 nec
3402 2057 3467 2111 ad
3491 2072 3587 2111 eas

2007 2155 2263 2225 deinceps
2286 2157 2449 2209 ullam
2492 2155 2699 2209 dederit
2736 2154 3045 2223 epistolam,
3087 2166 3212 2206 cum
3244 2150 3310 2205 ad
3346 2147 3589 2203 Theodo-

2008 2246 2142 2301 sium
2174 2246 2513 2317 μονάζουσαν
2550 2245 2765 2315 (dequa
2809 2244 3062 2314 superius
3086 2242 3193 2313 egi,
3231 2258 3283 2313 p.
3317 2242 3441 2304 601,
3463 2254 3583 2295 eam

2008 2336 2334 2405 reprehensa
2345 2350 2392 2389 tn
2412 2336 2650 2391 referens
2670 2351 2699 2389 a
2714 2347 2905 2390 sancto
2920 2334 3060 2398 viro,
3076 2335 3218 2403 quod
3238 2342 3425 2388 contra
3444 2345 3587 2384 man~

2008 2429 2191 2483 datum
2228 2428 2401 2484 sancti
2434 2429 2669 2498 apostoli
2701 2428 2850 2482 Pauli
2877 2429 3025 2482 viros
3064 2428 3281 2482 doceret
3310 2426 3365 2479 in
3396 2422 3585 2477 Eccle-

2009 2519 2178 2583 sia,c.
2201 2532 2312 2582 xw,
2331 2534 2473 2574 vers.
2516 2518 2605 2582 54,
2645 2519 2805 2587 epist.
2835 2516 2851 2570 I
2876 2519 2940 2572 ad
2969 2516 3445 2586 Cor.)scripserit-.
3469 2511 3585 2566 Κᾶν

2013 2610 2270 2680 μυριάκις
2299 2610 2465 2682 λέγῃς
2500 2610 2597 2680 (ait
2639 2609 2816 2680 Nilus)
2846 2612 2945 2680 τῆς
2977 2607 3368 2679 οηλυδριώδους
3420 2605 3589 2670 ἕξεως

2014 2702 2229 2771 μακρὰν
2276 2702 2519 2772 ἀπέχειν,
2568 2701 2802 2755 καὶτῶν
2848 2699 3055 2771 ἀνδρῶν
3109 2700 3376 2767 ὑπάρχειν
3427 2712 3579 2748 σεαυο

2010 2789 2109 2859 τὴν
2139 2792 2498 2863 στερροτέραν
2522 2791 2663 2843 κατὰ
2696 2790 2789 2843 τὸν
2809 2790 2906 2842 τοῦ
2943 2786 3275 2859 παρθενικοῦ
3306 2786 3584 2857 φρονήμα·

2011 2895 2101 2942 τος
2126 2879 2422 2949 ὲδρασμόν·
2451 2880 2702 2943 Quamvis
2727 2878 2921 2931 millies
2945 2877 3143 2929 dixeris
3167 2885 3213 2927 te
3234 2876 3384 2943 longe
3411 2873 3590 2927 abesse

335 2971 587 3040 gustinus
636 2970 689 3024 in
735 2970 942 3041 Regula
988 2970 1407 3035 monacltarum,
1441 2970 1597 3040 epist.
1634 2970 1757 3033 108,
1792 2971 1910 3039 jus-
1941 3007 1983 3063 ο
2018 2986 2048 3021 a
2084 2969 2307 3039 femineo
2352 2969 2556 3031 habitu,
2589 2978 2636 3022 et
2670 2969 2893 3037 teipsam
2917 2966 3213 3020 hominibus
3237 2965 3584 3029 stabiliorem,

335 3068 480 3114 serat
500 3057 891 3113 “Vestimenta
909 3074 1035 3113 vero
1056 3068 1110 3113 et
1134 3060 1522 3121 caleeamenta,
1543 3059 1761 3127 quando
1788 3059 1909 3114 fue-
1950 3056 1983 3063 ⁷
2005 3062 2168 3130 juxta
2191 3061 2408 3131 virginei
2437 3076 2618 3115 sensus
2660 3060 2993 3129 ﬁrmitatem,
3024 3059 3140 3113 lib..
3179 3072 3215 3110 ιι
3238 3056 3409 3126 Epist.
3440 3056 3588 3110 Alla~

333 3146 446 3201 rint
476 3146 735 3217 indigenti
769 3149 1097 3212 necessaria,
1121 3164 1226 3202 non
1246 3146 1515 3211 differant,
1545 3147 1647 3202 sub
1676 3162 1910 3217 quarum

333 3237 579 3292 custodia
612 3248 759 3304 sunt,
792 3254 913 3308 quae
936 3250 1267 3309 poscuntur;
1298 3259 1316 3290 ι
1340 3250 1392 3294 et
1414 3248 1636 3295 sanctus
1666 3238 1910 3295 Athana-

333 3326 450 3384 sius
486 3329 539 3385 in
591 3331 816 3402 Regalis
868 3331 935 3387 de
961 3334 1275 3403 virginitate
1321 3335 1610 3398 servanda,
1652 3332 1719 3388 ad
1747 3335 1911 3404 virgi-

334 3434 456 3476 nem
516 3421 658 3478 inter
688 3424 793 3477 alia
839 3426 1165 3493 prmscribit.
1196 3443 1218 3475 ι
1261 3424 1398 3476 Cum
1434 3423 1651 3478 steteris
1703 3425 1755 3477 in
1788 3438 1910 3477 ora-

335 3510 502 3575 tione,
525 3513 689 3581 pedes
713 3513 1099 3567 calceamentis
1127 3514 1397 3566 obductos
1421 3512 1616 3566 habeto
1641 3527 1687 3575 ς»
1711 3510 1911 3578 ιι.401,

334 3601 451 3657 sive
484 3602 537 3654 in
574 3602 731 3671 εὐχῇ.
782 3600 1031 3654 Bivarius
1070 3600 1137 3655 de
1172 3600 1497 3654 monacham
1539 3599 1784 3655 scribens
1812 3613 1911 3667 pro

332 3690 582 3746 Nitriotis
631 3690 1145 3747 sanctimonialibus
1214 3690 1450 3761 Regulas
1493 3690 1615 3745 illas
1661 3690 1911 3745 conditas

335 3798 365 3836 a
392 3791 581 3838 sancto
613 3781 937 3845 Athanasio,
981 3780 1200 3844 asserit,
1234 3788 1285 3835 et
1330 3779 1586 3848 explicat,
1620 3787 1678 3834 ut
1708 3779 1764 3833 in
1795 3788 1910 3833 sta-

335 3874 573 3930 tionibus
630 3873 759 3929 dum
814 3872 1247 3936 communicant,
1295 3886 1373 3927 eae
1414 3870 1650 3926 obtectis
1679 3870 1909 3941 pedibus

337 3965 688 4034 sintpropter
720 3963 1102 4019 reverentiam.
1135 3962 1228 4018 Vel
1280 3961 1631 4017 Sandaliarize
1665 3964 1781 4017 istm
1812 3977 1909 4016 no-

337 4056 553 4111 minata:
610 4056 679 4110 ab
722 4055 907 4126 aliquo
971 4055 1090 4111 vico
1143 4053 1508 4119 Alexandria),
1547 4055 1637 4109 ubi
1664 4054 1908 4109 sandalia

339 4147 655 4216 prostabant
706 4147 940 4211 venalia,
996 4147 1305 4217 cujustnodi
1359 4156 1478 4203 erat
1533 4147 1719 4202 Romae
1744 4147 1901 4202 vicus

341 4234 751 4315 Sandaliarius:
782 4253 833 4291 c.
864 4237 1105 4292 Nardino
1137 4238 1191 4291 in
1240 4236 1413 4291 Roma
1442 4239 1683 4307 antiqua,
1721 4253 1775 4307 p.
1805 4236 1907 4290 140

2013 3151 2157 3205 tiana
2192 3150 2310 3206 116.
2336 3150 2489 3206 Unde
2558 3151 2821 3221 virginem
2855 3165 2973 3205 eam
3025 3149 3195 3205 fuisse
3239 3146 3586 3203 eonstat.ln—

2010 3244 2297 3299 nocentius
2348 3243 2567 3313 quidem
2626 3244 2841 3307 tertius,
2889 3242 2983 3297 lib.
3026 3241 3254 3312 t,epist.
3306 3240 3591 3301 l87,Bttr-

2010 3336 2159 3402 gensi
2182 3344 2237 3388 et
2258 3333 2541 3388 Paleutino
2570 3335 2844 3403 episcopis
2863 3344 2918 3389 et
2952 3333 3132 3389 abbati
3154 3333 3220 3389 de
3243 3330 3586 3385 Mor-imundo

2008 3420 2390 3477 Cisterciensis
2446 3420 2656 3475 ordinis
2702 3422 2974 3485 rescribit,
3011 3437 3077 3474 ne
3101 3421 3392 3475 abbatissa:
3420 3420 3585 3475 bene-

2009 3511 2193 3566 dicant
2243 3510 2531 3574 moniales,
2578 3526 2756 3580 neque
2795 3510 3171 3567 confessiones
3206 3512 3453 3575 audiant,
3489 3526 3588 3564 nec

2009 3602 2305 3671 praedicent
2334 3600 2686 3670 Evangelium
2711 3620 2731 3669 ;
2759 3616 2885 3656 nam
2920 3602 3045 3657 licet
3069 3602 3380 3658 beatissima
3426 3602 3591 3670 Virgo

2008 3694 2221 3764 dignior
2275 3702 2332 3751 et
2377 3695 2728 3750 excellentior
2769 3694 2949 3749 fuerat
2989 3696 3251 3771 apostolis
3291 3693 3588 3754 universis,

2009 3802 2116 3842 non
2148 3794 2326 3842 tamen
2354 3786 2453 3854 illi,
2478 3787 2573 3843 sed
2596 3787 2714 3842 istis
2738 3786 2998 3842 Dominus
3031 3786 3209 3842 claves
3228 3787 3379 3856 regni
3413 3786 3588 3841 coelo-

2008 3893 2127 3933 rum
2154 3877 2430 3934 commisit
2453 3876 2602 3933 :fuse
2620 3887 2843 3933 sanctus
2882 3878 3219 3947 Epiphanius
3242 3879 3337 3933 lib.
3366 3894 3445 3944 ιιι,
3468 3890 3593 3936 κατ’

2008 3971 2192 4040 Αἱρεσ.
2223 3970 2276 4032 6,
2310 3968 2571 4024 Adversus
2588 3967 2998 4040 Collyridianos,
3018 3968 3211 4024 haeres.
3242 3970 3331 4030 59.
3368 3987 3467 4027 seu
3497 3970 3590 4027 70.

2007 4061 2278 4116 Robertus
2332 4060 2550 4130 quidem
2602 4061 2669 4114 de
2698 4058 3065 4126 Arbrissellis,
3106 4058 3413 4132 Theologus
3435 4061 3596 4117 Pari-

2007 4153 2229 4215 siensis,
2294 4161 2485 4208 auctor
2552 4151 2654 4205 fuit
2719 4152 2946 4221 insignis
3011 4154 3332 4208 monasterii
3402 4152 3598 4208 Fontis

2008 4242 2247 4309 Ebraldi,
2303 4244 2390 4299 cui
2435 4243 2678 4313 prazfecit
2717 4244 3073 4307 abbatissam,
3127 4260 3248 4313 qua:
3301 4246 3356 4299 in
3398 4261 3598 4301 omnes

342 4338 395 4381 et
419 4327 539 4393 Ml,
570 4344 634 4383 es
670 4329 1048 4399 inscriptione,
1082 4345 1146 4385 ac
1177 4329 1368 4385 Gellio.
1392 4330 1500 4385 Aut
1543 4330 1908 4394 fueruntillaz,
1941 4342 1987 4399 D
2019 4345 2130 4389 tum
2154 4336 2319 4397 viros.
2343 4345 2453 4390 tum
2479 4334 2711 4390 feminas
2735 4352 3012 4392 summum
3034 4336 3131 4405 jus.
3148 4337 3438 4401 obtineret,
3462 4324 3590 4392 bea-

345 4419 412 4475 ad
465 4435 601 4491 quas
632 4423 858 4491 epistola
917 4424 1090 4477 sancti
1127 4422 1373 4496 Gregorii
1428 4422 1913 4478 Nazianzenidiri-

347 4513 591 4585 gebatur,
652 4513 934 4583 inscripta,
987 4515 1373 4586 Εὑλασεστὰτῃ
1407 4514 1503 4568 καὶ
1553 4514 1641 4567 διὰ
1694 4514 1915 4568 πάντων

346 4606 732 4678 κεκοσμημένῃ
759 4607 816 4660 ὲν
846 4606 1064 4678 Χριστῷ
1096 4607 1417 4677 ἀδελφότητι
1444 4610 1512 4677 τῇ
1548 4607 1688 4660 κατὰ
1716 4608 1918 4662 Σαννα-

340 4696 531 4750 ϐαδίαν
563 4697 658 4750 τοῦ
690 4698 964 4768 μακαρίου
1019 4698 1322 4752 Λευκαδίου
1360 4700 1419 4751 ὲν
1478 4698 1779 4768 μονάζουσι
1820 4698 1917 4752 καὶ

338 4787 629 4859 παρθένοις
656 4790 1034 4866 έῆγιασμένος.
1091 4789 1354 4859 (Latinus
1400 4789 1669 4859 interpres
1721 4790 1913 4845 Billius

335 4878 533 4949 pietate
552 4894 615 4933 ac
637 4879 882 4934 doctrina
909 4880 1137 4951 insignis
1154 4880 1542 4935 Santrabadaar
1557 4880 1752 4949 etl'ert).
1782 4879 1914 4935 Utut

336 4973 432 5034 sit,
459 4972 648 5026 vellem
674 4980 733 5027 ut
765 4973 831 5027 ad
878 4973 1260 5045 bypotyposim
1305 4974 1578 5044 pathicam
1610 4988 1916 5043 exsequen-

333 5062 483 5127 datn,
535 5064 1079 5136 exprimendamque,
1112 5081 1176 5122 ac
1211 5066 1582 5136 subjiciendos
1624 5066 1798 5120 oculis
1826 5066 1912 5120 af-

334 5152 573 5208 fectuum
600 5153 762 5226 655
790 5155 841 5209 in
876 5155 968 5211 illo
995 5156 1240 5214 discessu
1273 5156 1605 5224 multiplices
1658 5154 1908 5220 ell‘eetus.

332 5243 440 5298 Nili
496 5246 630 5307 mihi
676 5246 757 5301 vel
811 5244 1041 5301 Joannis
1084 5246 1462 5318 Cbrysoslomi
1492 5245 1745 5301 facundia
1779 5229 1909 5317 sup-

332 5344 562 5403 peteret,
597 5350 661 5390 ae
710 5336 1039 5403 eloquentia,
1088 5351 1213 5395 cum
1253 5337 1641 5392 divellerentur
1686 5336 1906 5406 quidem

333 5425 563 5480 maritus
600 5437 654 5481 et
695 5428 899 5499 conjux
940 5444 1108 5485 carne
1155 5438 1317 5498 atque
1370 5442 1624 5497 corpore,
1672 5427 1904 5498 conjun-

332 5524 594 5584 gerentur
633 5527 813 5572 tamen
838 5519 1043 5573 arctius
1097 5519 1282 5572 animo
1315 5525 1369 5573 et
1403 5517 1688 5573 charitate.
1720 5515 1906 5572 Satius

331 5615 441 5669 est,
478 5608 698 5670 quando
736 5608 841 5665 illis
895 5609 1190 5666 destitutus
1237 5624 1358 5664 sum
1404 5608 1647 5675 dotibus,
1700 5608 1904 5664 imitari

2018 4426 2244 4483 tissimae
2283 4427 2518 4498 Virginis
2548 4427 2640 4483 Dei
2677 4427 2969 4483 Genitricis
3008 4429 3258 4498 exemplo
3286 4430 3593 4484 secundum

2016 4519 2177 4573 verba
2207 4518 2431 4584 Christi,
2468 4517 2602 4572 Ecce
2632 4517 2811 4572 Filius
2841 4529 2984 4581 tuus,
3027 4535 3144 4579 ecce
3177 4518 3351 4573 Mater
3382 4529 3494 4582 tua,
3520 4520 3594 4573 ad

2019 4624 2222 4663 annum
2256 4607 2319 4662 C.
2356 4607 2420 4663 Ν.
2462 4608 2621 4672 1117,
2676 4608 2752 4662 uti
2815 4606 3061 4663 referunt
3090 4609 3380 4663 cardinalis
3424 4607 3595 4663 Bato-

2029 4698 2177 4760 nius,
2202 4714 2267 4752 ex
2297 4713 2475 4767 coque
2516 4698 2861 4769 Spondanus,
2895 4700 2949 4754 in
2979 4700 3201 4756 dimcesi
3235 4700 3486 4755 Pictavii.
3514 4699 3593 4755 De

2016 4789 2106 4843 illa
2155 4789 2347 4843 Petrus
2402 4790 2810 4853 Cluniacensis,
2844 4790 2938 4845 lib.
2966 4806 3055 4854 ιιι,
3076 4790 3241 4860 epist.
3275 4789 3368 4851 27,
3401 4800 3454 4844 et
3485 4791 3587 4843 Pe-

2015 4889 2135 4936 trus
2172 4880 2459 4943 Cellensis.
2491 4880 2586 4936 lib.
2621 4896 2681 4945 tt,
2726 4882 2890 4951 epist.
2937 4882 3028 4948 10,
3059 4882 3131 4935 ad
3160 4880 3471 4935 Maritimam
3504 4897 3586 4934 or-

2011 4973 2298 5028 nerabilem
2356 4972 2703 5036 abbatissam,
2736 4975 2913 5042 deque
2965 4973 3061 5027 illo
3103 4972 3266 5041 epist.
3313 4988 3371 5035 ll,
3418 4971 3502 5033 l2,
3533 4980 3586 5024 et

2011 5065 2106 5119 lib.
2140 5080 2200 5131 tt,
2235 5065 2401 5134 epist.
2428 5080 2509 5121 ιιι,
2559 5065 2757 5119 Sancta
2788 5079 3006 5135 quoque
3061 5062 3104 5117 Τ
3110 5065 3320 5119 hcresia
3361 5064 3582 5116 Patrum

2010 5165 2322 5214 nostrorum
2374 5165 2531 5211 astate
2587 5156 2916 5211 severiorem
2962 5165 3209 5211 veterum
3267 5154 3585 5209 Carmelita-

2009 5263 2130 5302 rum
2163 5246 2450 5318 Regulam,
2482 5248 2590 5302 Deo
2648 5246 2883 5310 amante,
2923 5255 2977 5300 et
3002 5244 3098 5300 Pio
3131 5243 3196 5299 IV
3228 5244 3583 5314 approbante.

2008 5339 2244 5409 primum
2263 5339 2603 5404 mulieribus,
2627 5338 2793 5411 656
2815 5338 3011 5392 deinde
3042 5336 3172 5391 viris
3192 5336 3585 5391 observandam

2006 5431 2307 5500 proposuit.

2078 5522 2304 5576 Exstant
2335 5530 2391 5578 et
2416 5523 2658 5591 epistolae
2692 5521 2797 5577 Nili
2820 5521 2887 5577 ad
2909 5520 3254 5577 Anastasiam
3294 5518 3601 5589 virginem,

2010 5613 2115 5677 ’553
2145 5613 2388 5684 Possini,
2440 5614 2536 5670 lib.
2578 5630 2640 5682 tt,
2677 5614 2842 5685 epist.
2878 5613 2983 5670 118
3010 5611 3215 5678 Allatii,
3245 5611 3301 5667 itt
3330 5624 3447 5682 qua
3482 5609 3630 5665 eam'
