  <div class='ocr_page' id='page_1' title='image "/cluster/home/n/w/nwhite01/storage/ocr_20150623/79/hvd.32044073502056/697.png"; bbox 0 0 3898 6196; ppageno 0'>
   <div class='ocr_carea' id='block_1_1' title="bbox 1750 148 1859 160">
    <p class='ocr_par' dir='ltr' id='par_1_1' title="bbox 1750 148 1859 160">
     <span class='ocr_line' id='line_1_1' title="bbox 1750 148 1859 160; baseline -0.009 -2"><span class='ocrx_word' id='word_1_1' title='bbox 1750 148 1859 160; x_wconf 57' lang='grc' dir='ltr'><strong>...ν-ον</strong></span> 
     </span>
    </p>
   </div>
   <div class='ocr_carea' id='block_1_2' title="bbox 368 294 502 357">
    <p class='ocr_par' dir='ltr' id='par_1_2' title="bbox 368 294 502 357">
     <span class='ocr_line' id='line_1_2' title="bbox 368 294 502 357; baseline -0.007 0"><span class='ocrx_word' id='word_1_2' title='bbox 368 294 502 357; x_wconf 74' lang='lat'><strong>1333</strong></span> 
     </span>
    </p>
   </div>
   <div class='ocr_carea' id='block_1_3' title="bbox 1098 266 2888 346">
    <p class='ocr_par' dir='ltr' id='par_1_3' title="bbox 1098 266 2888 346">
     <span class='ocr_line' id='line_1_3' title="bbox 1098 266 2888 346; baseline -0.011 0"><span class='ocrx_word' id='word_1_3' title='bbox 1098 282 1247 346; x_wconf 76' lang='lat' dir='ltr'><strong>JOS.</strong></span> <span class='ocrx_word' id='word_1_4' title='bbox 1290 280 1552 343; x_wconf 61' lang='lat' dir='ltr'><strong>MARIJE</strong></span> <span class='ocrx_word' id='word_1_5' title='bbox 1587 275 1945 338; x_wconf 72' lang='lat' dir='ltr'><strong>SUARESII</strong></span> <span class='ocrx_word' id='word_1_6' title='bbox 1985 270 2215 333; x_wconf 78' lang='lat' dir='ltr'><strong>LIBER</strong></span> <span class='ocrx_word' id='word_1_7' title='bbox 2254 266 2888 329; x_wconf 80' lang='lat' dir='ltr'><strong>CHRONOLOGICUS</strong></span> 
     </span>
    </p>
   </div>
   <div class='ocr_carea' id='block_1_4' title="bbox 3506 265 3653 331">
    <p class='ocr_par' dir='ltr' id='par_1_4' title="bbox 3506 265 3653 331">
     <span class='ocr_line' id='line_1_4' title="bbox 3506 265 3653 331; baseline -0.02 0"><span class='ocrx_word' id='word_1_8' title='bbox 3506 265 3653 331; x_wconf 76' lang='lat' dir='ltr'><strong>138i</strong></span> 
     </span>
    </p>
   </div>
   <div class='ocr_carea' id='block_1_5' title="bbox 363 381 3654 471">
    <p class='ocr_par' dir='ltr' id='par_1_5' title="bbox 363 381 3654 471">
     <span class='ocr_line' id='line_1_5' title="bbox 363 381 3654 471; baseline -0.008 -7"><span class='ocrx_word' id='word_1_9' title='bbox 363 406 708 464; x_wconf 84' lang='lat' dir='ltr'><strong>commendat</strong></span> <span class='ocrx_word' id='word_1_10' title='bbox 734 403 803 458; x_wconf 90' lang='lat' dir='ltr'><strong>ob</strong></span> <span class='ocrx_word' id='word_1_11' title='bbox 837 399 1071 471; x_wconf 76' lang='lat' dir='ltr'><strong>vigilias,</strong></span> <span class='ocrx_word' id='word_1_12' title='bbox 1100 405 1210 452; x_wconf 92' lang='lat' dir='ltr'><strong>etc.</strong></span> <span class='ocrx_word' id='word_1_13' title='bbox 1252 395 1384 450; x_wconf 79' lang='lat' dir='ltr'><strong>Item</strong></span> <span class='ocrx_word' id='word_1_14' title='bbox 1425 395 1492 450; x_wconf 87' lang='lat' dir='ltr'><strong>ad</strong></span> <span class='ocrx_word' id='word_1_15' title='bbox 1520 393 1791 449; x_wconf 79' lang='lat' dir='ltr'><strong>Julianant</strong></span> <span class='ocrx_word' id='word_1_16' title='bbox 1822 391 1934 446; x_wconf 88' lang='lat' dir='ltr'><strong>vir-</strong></span> <span class='ocrx_word' id='word_1_17' title='bbox 1973 395 2019 451; x_wconf 73' lang='grc' dir='ltr'><strong>Α</strong></span> <span class='ocrx_word' id='word_1_18' title='bbox 2047 385 2402 442; x_wconf 73' lang='lat' dir='ltr'><strong>demissionis</strong></span> <span class='ocrx_word' id='word_1_19' title='bbox 2419 384 2598 455; x_wconf 85' lang='lat' dir='ltr'><strong>specie</strong></span> <span class='ocrx_word' id='word_1_20' title='bbox 2620 393 2890 439; x_wconf 88' lang='lat' dir='ltr'><strong>tumentes</strong></span> <span class='ocrx_word' id='word_1_21' title='bbox 2916 381 3259 454; x_wconf 87' lang='lat' dir='ltr'><strong>superbiunt,</strong></span> <span class='ocrx_word' id='word_1_22' title='bbox 3290 385 3654 455; x_wconf 81' lang='lat' dir='ltr'><strong>&#39;eaptantque</strong></span> 
     </span>
    </p>
   </div>
   <div class='ocr_carea' id='block_1_6' title="bbox 366 482 1942 570">
    <p class='ocr_par' dir='ltr' id='par_1_6' title="bbox 366 482 1942 570">
     <span class='ocr_line' id='line_1_6' title="bbox 366 482 1942 570; baseline -0.011 -16"><span class='ocrx_word' id='word_1_23' title='bbox 366 502 568 570; x_wconf 83' lang='lat' dir='ltr'><strong>ginem,</strong></span> <span class='ocrx_word' id='word_1_24' title='bbox 590 498 685 551; x_wconf 86' lang='lat' dir='ltr'><strong>lib.</strong></span> <span class='ocrx_word' id='word_1_25' title='bbox 711 512 750 560; x_wconf 89' lang='grc' dir='ltr'>ι,</span> <span class='ocrx_word' id='word_1_26' title='bbox 787 492 946 562; x_wconf 85' lang='lat' dir='ltr'><strong>epist.</strong></span> <span class='ocrx_word' id='word_1_27' title='bbox 976 491 1075 545; x_wconf 75' lang='grc'><strong>165</strong></span> <span class='ocrx_word' id='word_1_28' title='bbox 1099 501 1152 544; x_wconf 80' lang='lat' dir='ltr'><strong>et</strong></span> <span class='ocrx_word' id='word_1_29' title='bbox 1176 490 1299 552; x_wconf 68' lang='grc'><strong>164,</strong></span> <span class='ocrx_word' id='word_1_30' title='bbox 1339 488 1629 542; x_wconf 86' lang='lat' dir='ltr'><strong>dilandans</strong></span> <span class='ocrx_word' id='word_1_31' title='bbox 1663 486 1835 556; x_wconf 83' lang='lat' dir='ltr'><strong>ipsam</strong></span> <span class='ocrx_word' id='word_1_32' title='bbox 1870 482 1942 537; x_wconf 89' lang='lat' dir='ltr'><strong>ob</strong></span> 
     </span>
    </p>
   </div>
   <div class='ocr_carea' id='block_1_7' title="bbox 363 578 1939 659">
    <p class='ocr_par' dir='ltr' id='par_1_7' title="bbox 363 578 1939 659">
     <span class='ocr_line' id='line_1_7' title="bbox 363 578 1939 659; baseline -0.008 -17"><span class='ocrx_word' id='word_1_33' title='bbox 363 591 671 659; x_wconf 78' lang='lat' dir='ltr'><strong>jejunium;</strong></span> <span class='ocrx_word' id='word_1_34' title='bbox 733 588 958 653; x_wconf 78' lang='lat' dir='ltr'><strong>insuper</strong></span> <span class='ocrx_word' id='word_1_35' title='bbox 1011 583 1077 636; x_wconf 89' lang='lat' dir='ltr'><strong>ad</strong></span> <span class='ocrx_word' id='word_1_36' title='bbox 1109 581 1418 644; x_wconf 87' lang='lat' dir='ltr'><strong>Photinam,</strong></span> <span class='ocrx_word' id='word_1_37' title='bbox 1453 589 1507 634; x_wconf 90' lang='lat' dir='ltr'><strong>et</strong></span> <span class='ocrx_word' id='word_1_38' title='bbox 1537 579 1662 633; x_wconf 90' lang='lat' dir='ltr'><strong>Dor.</strong></span> <span class='ocrx_word' id='word_1_39' title='bbox 1700 578 1816 631; x_wconf 83' lang='lat' dir='ltr'><strong>sive</strong></span> <span class='ocrx_word' id='word_1_40' title='bbox 1840 578 1939 645; x_wconf 82' lang='lat' dir='ltr'><strong>(ut</strong></span> 
     </span>
    </p>
   </div>
   <div class='ocr_carea' id='block_1_8' title="bbox 373 667 1943 749">
    <p class='ocr_par' dir='ltr' id='par_1_8' title="bbox 373 667 1943 749">
     <span class='ocr_line' id='line_1_8' title="bbox 373 667 1943 749; baseline -0.009 -17"><span class='ocrx_word' id='word_1_41' title='bbox 373 684 603 749; x_wconf 87' lang='lat' dir='ltr'><strong>opinor)</strong></span> <span class='ocrx_word' id='word_1_42' title='bbox 658 678 723 732; x_wconf 87' lang='lat' dir='ltr'><strong>ad</strong></span> <span class='ocrx_word' id='word_1_43' title='bbox 763 677 1114 740; x_wconf 80' lang='lat' dir='ltr'><strong>Dorotlteam,</strong></span> <span class='ocrx_word' id='word_1_44' title='bbox 1147 674 1242 727; x_wconf 88' lang='lat' dir='ltr'><strong>lib.</strong></span> <span class='ocrx_word' id='word_1_45' title='bbox 1271 687 1331 737; x_wconf 84' lang='lat' dir='ltr'><strong>It,</strong></span> <span class='ocrx_word' id='word_1_46' title='bbox 1378 671 1535 740; x_wconf 87' lang='lat' dir='ltr'><strong>epist.</strong></span> <span class='ocrx_word' id='word_1_47' title='bbox 1568 670 1658 732; x_wconf 72' lang='lat'><strong>3|,</strong></span> <span class='ocrx_word' id='word_1_48' title='bbox 1685 669 1775 723; x_wconf 89' lang='lat' dir='ltr'><strong>ubi</strong></span> <span class='ocrx_word' id='word_1_49' title='bbox 1806 667 1943 737; x_wconf 81' lang='grc' dir='ltr'><strong>ἀλη-</strong></span> 
     </span>
    </p>
   </div>
   <div class='ocr_carea' id='block_1_9' title="bbox 356 758 1947 840">
    <p class='ocr_par' dir='ltr' id='par_1_9' title="bbox 356 758 1947 840">
     <span class='ocr_line' id='line_1_9' title="bbox 356 758 1947 840; baseline -0.011 -15"><span class='ocrx_word' id='word_1_50' title='bbox 356 772 476 834; x_wconf 60' lang='grc' dir='ltr'><strong>,θῶς</strong></span> <span class='ocrx_word' id='word_1_51' title='bbox 535 772 643 840; x_wconf 83' lang='grc' dir='ltr'><strong>γὰρ</strong></span> <span class='ocrx_word' id='word_1_52' title='bbox 703 768 946 837; x_wconf 86' lang='lat' dir='ltr'><strong>(inquit)</strong></span> <span class='ocrx_word' id='word_1_53' title='bbox 993 762 1339 833; x_wconf 79' lang='grc' dir='ltr'><strong>σκηνώματά</strong></span> <span class='ocrx_word' id='word_1_54' title='bbox 1363 779 1423 814; x_wconf 86' lang='grc' dir='ltr'>τε</span> <span class='ocrx_word' id='word_1_55' title='bbox 1457 761 1556 814; x_wconf 74' lang='grc' dir='ltr'><strong>καὶ</strong></span> <span class='ocrx_word' id='word_1_56' title='bbox 1585 758 1947 827; x_wconf 80' lang='grc' dir='ltr'><strong>θυσιαστήρια</strong></span> 
     </span>
    </p>
   </div>
   <div class='ocr_carea' id='block_1_10' title="bbox 368 850 1950 929">
    <p class='ocr_par' dir='ltr' id='par_1_10' title="bbox 368 850 1950 929">
     <span class='ocr_line' id='line_1_10' title="bbox 368 850 1950 929; baseline -0.01 -12"><span class='ocrx_word' id='word_1_57' title='bbox 368 866 465 917; x_wconf 74' lang='grc' dir='ltr'><strong>καὶ</strong></span> <span class='ocrx_word' id='word_1_58' title='bbox 486 863 638 925; x_wconf 64' lang='grc' dir='ltr'>ναὸς.</span> <span class='ocrx_word' id='word_1_59' title='bbox 671 864 766 914; x_wconf 73' lang='grc' dir='ltr'><strong>καὶ</strong></span> <span class='ocrx_word' id='word_1_60' title='bbox 814 859 1078 929; x_wconf 77' lang='grc' dir='ltr'><strong>κειμήλια</strong></span> <span class='ocrx_word' id='word_1_61' title='bbox 1118 856 1252 908; x_wconf 77' lang='grc' dir='ltr'>Θεοῦ</span> <span class='ocrx_word' id='word_1_62' title='bbox 1279 855 1367 907; x_wconf 76' lang='grc' dir='ltr'><strong>διὰ</strong></span> <span class='ocrx_word' id='word_1_63' title='bbox 1394 854 1491 921; x_wconf 80' lang='grc' dir='ltr'><strong>τῆς</strong></span> <span class='ocrx_word' id='word_1_64' title='bbox 1525 850 1822 923; x_wconf 71' lang='grc' dir='ltr'>παρθενίας</span> <span class='ocrx_word' id='word_1_65' title='bbox 1852 865 1950 902; x_wconf 84' lang='grc' dir='ltr'><strong>πε-</strong></span> 
     </span>
    </p>
   </div>
   <div class='ocr_carea' id='block_1_11' title="bbox 369 940 1947 1023">
    <p class='ocr_par' dir='ltr' id='par_1_11' title="bbox 369 940 1947 1023">
     <span class='ocr_line' id='line_1_11' title="bbox 369 940 1947 1023; baseline -0.01 -17"><span class='ocrx_word' id='word_1_66' title='bbox 369 958 573 1023; x_wconf 81' lang='grc' dir='ltr'><strong>φήνατε</strong></span> <span class='ocrx_word' id='word_1_67' title='bbox 600 970 613 982; x_wconf 87' lang='grc'><strong>·</strong></span> <span class='ocrx_word' id='word_1_68' title='bbox 648 953 831 1021; x_wconf 83' lang='lat' dir='ltr'><strong>idest,</strong></span> <span class='ocrx_word' id='word_1_69' title='bbox 861 966 979 1003; x_wconf 78' lang='lat' dir='ltr'><strong>vere</strong></span> <span class='ocrx_word' id='word_1_70' title='bbox 1010 962 1233 1015; x_wconf 79' lang='lat' dir='ltr'><strong>namque</strong></span> <span class='ocrx_word' id='word_1_71' title='bbox 1260 942 1622 1001; x_wconf 78' lang='lat' dir='ltr'><strong>tabernacula,</strong></span> <span class='ocrx_word' id='word_1_72' title='bbox 1660 950 1708 994; x_wconf 81' lang='lat' dir='ltr'><strong>et</strong></span> <span class='ocrx_word' id='word_1_73' title='bbox 1727 940 1947 1003; x_wconf 78' lang='lat' dir='ltr'><strong>altaria,</strong></span> 
     </span>
    </p>
   </div>
   <div class='ocr_carea' id='block_1_12' title="bbox 369 1032 1948 1111">
    <p class='ocr_par' dir='ltr' id='par_1_12' title="bbox 369 1032 1948 1111">
     <span class='ocr_line' id='line_1_12' title="bbox 369 1032 1948 1111; baseline -0.01 -13"><span class='ocrx_word' id='word_1_74' title='bbox 369 1056 427 1098; x_wconf 73' lang='lat' dir='ltr'><strong>rt—</strong></span> <span class='ocrx_word' id='word_1_75' title='bbox 446 1046 713 1111; x_wconf 84' lang='lat' dir='ltr'><strong>templum,</strong></span> <span class='ocrx_word' id='word_1_76' title='bbox 751 1051 799 1093; x_wconf 85' lang='lat' dir='ltr'><strong>et</strong></span> <span class='ocrx_word' id='word_1_77' title='bbox 821 1040 1054 1107; x_wconf 81' lang='lat' dir='ltr'><strong>pretiosa</strong></span> <span class='ocrx_word' id='word_1_78' title='bbox 1095 1050 1314 1089; x_wconf 81' lang='lat' dir='ltr'><strong>munera</strong></span> <span class='ocrx_word' id='word_1_79' title='bbox 1342 1032 1435 1087; x_wconf 85' lang='lat' dir='ltr'><strong>Dei</strong></span> <span class='ocrx_word' id='word_1_80' title='bbox 1474 1049 1565 1101; x_wconf 84' lang='lat' dir='ltr'><strong>per</strong></span> <span class='ocrx_word' id='word_1_81' title='bbox 1593 1032 1948 1101; x_wconf 82' lang='lat' dir='ltr'><strong>rirginitatem</strong></span> 
     </span>
    </p>
   </div>
   <div class='ocr_carea' id='block_1_13' title="bbox 373 1120 1953 1205">
    <p class='ocr_par' dir='ltr' id='par_1_13' title="bbox 373 1120 1953 1205">
     <span class='ocr_line' id='line_1_13' title="bbox 373 1120 1953 1205; baseline -0.01 -17"><span class='ocrx_word' id='word_1_82' title='bbox 373 1136 725 1205; x_wconf 80' lang='lat' dir='ltr'><strong>appuruistis.</strong></span> <span class='ocrx_word' id='word_1_83' title='bbox 760 1122 765 1127; x_wconf 15' lang='lat' dir='ltr'>ﬁ</span> <span class='ocrx_word' id='word_1_84' title='bbox 798 1131 1009 1185; x_wconf 62' lang='lat' dir='ltr'><strong>Helenae</strong></span> <span class='ocrx_word' id='word_1_85' title='bbox 1052 1128 1248 1181; x_wconf 86' lang='lat' dir='ltr'><strong>illustri</strong></span> <span class='ocrx_word' id='word_1_86' title='bbox 1299 1125 1459 1195; x_wconf 86' lang='lat' dir='ltr'><strong>epist.</strong></span> <span class='ocrx_word' id='word_1_87' title='bbox 1515 1122 1638 1187; x_wconf 85' lang='grc'><strong>170,</strong></span> <span class='ocrx_word' id='word_1_88' title='bbox 1666 1123 1760 1176; x_wconf 87' lang='lat' dir='ltr'><strong>lib.</strong></span> <span class='ocrx_word' id='word_1_89' title='bbox 1796 1136 1833 1174; x_wconf 91' lang='lat' dir='ltr'><strong>tt</strong></span> <span class='ocrx_word' id='word_1_90' title='bbox 1865 1120 1953 1173; x_wconf 81' lang='lat' dir='ltr'><strong>Al-</strong></span> 
     </span>
    </p>
   </div>
   <div class='ocr_carea' id='block_1_14' title="bbox 375 1213 1948 1289">
    <p class='ocr_par' dir='ltr' id='par_1_14' title="bbox 375 1213 1948 1289">
     <span class='ocr_line' id='line_1_14' title="bbox 375 1213 1948 1289; baseline -0.01 -11"><span class='ocrx_word' id='word_1_91' title='bbox 375 1227 510 1285; x_wconf 89' lang='lat' dir='ltr'><strong>latii.</strong></span> <span class='ocrx_word' id='word_1_92' title='bbox 550 1234 628 1277; x_wconf 89' lang='lat' dir='ltr'><strong>est</strong></span> <span class='ocrx_word' id='word_1_93' title='bbox 680 1221 963 1289; x_wconf 82' lang='lat' dir='ltr'><strong>inscripta,</strong></span> <span class='ocrx_word' id='word_1_94' title='bbox 1015 1234 1121 1288; x_wconf 92' lang='lat' dir='ltr'><strong>qua</strong></span> <span class='ocrx_word' id='word_1_95' title='bbox 1162 1218 1369 1272; x_wconf 85' lang='lat' dir='ltr'><strong>solatur</strong></span> <span class='ocrx_word' id='word_1_96' title='bbox 1401 1229 1546 1276; x_wconf 87' lang='lat' dir='ltr'><strong>eam,</strong></span> <span class='ocrx_word' id='word_1_97' title='bbox 1576 1222 1830 1282; x_wconf 79' lang='lat' dir='ltr'><strong>vetatque</strong></span> <span class='ocrx_word' id='word_1_98' title='bbox 1858 1213 1948 1265; x_wconf 85' lang='lat' dir='ltr'><strong>lu-</strong></span> 
     </span>
    </p>
   </div>
   <div class='ocr_carea' id='block_1_15' title="bbox 372 1304 1949 1385">
    <p class='ocr_par' dir='ltr' id='par_1_15' title="bbox 372 1304 1949 1385">
     <span class='ocr_line' id='line_1_15' title="bbox 372 1304 1949 1385; baseline -0.01 -16"><span class='ocrx_word' id='word_1_99' title='bbox 372 1331 502 1385; x_wconf 84' lang='lat' dir='ltr'><strong>gere</strong></span> <span class='ocrx_word' id='word_1_100' title='bbox 554 1329 702 1367; x_wconf 88' lang='lat' dir='ltr'><strong>more</strong></span> <span class='ocrx_word' id='word_1_101' title='bbox 741 1310 1022 1381; x_wconf 78' lang='lat' dir='ltr'><strong>gentilium</strong></span> <span class='ocrx_word' id='word_1_102' title='bbox 1061 1308 1230 1361; x_wconf 83' lang='lat' dir='ltr'><strong>tilium</strong></span> <span class='ocrx_word' id='word_1_103' title='bbox 1269 1306 1513 1370; x_wconf 90' lang='lat' dir='ltr'><strong>unicum,</strong></span> <span class='ocrx_word' id='word_1_104' title='bbox 1561 1310 1615 1358; x_wconf 89' lang='lat' dir='ltr'><strong>ct</strong></span> <span class='ocrx_word' id='word_1_105' title='bbox 1659 1304 1949 1373; x_wconf 90' lang='lat' dir='ltr'><strong>optimum,</strong></span> 
     </span>
    </p>
   </div>
   <div class='ocr_carea' id='block_1_16' title="bbox 373 1393 1951 1476">
    <p class='ocr_par' dir='ltr' id='par_1_16' title="bbox 373 1393 1951 1476">
     <span class='ocr_line' id='line_1_16' title="bbox 373 1393 1951 1476; baseline -0.008 -16"><span class='ocrx_word' id='word_1_106' title='bbox 373 1406 467 1476; x_wconf 90' lang='lat' dir='ltr'><strong>qui</strong></span> <span class='ocrx_word' id='word_1_107' title='bbox 526 1403 915 1465; x_wconf 89' lang='lat' dir='ltr'><strong>obdormierat,</strong></span> <span class='ocrx_word' id='word_1_108' title='bbox 964 1398 1276 1454; x_wconf 83' lang='lat' dir='ltr'><strong>Nicaretum</strong></span> <span class='ocrx_word' id='word_1_109' title='bbox 1317 1412 1433 1464; x_wconf 86' lang='lat' dir='ltr'><strong>;an</strong></span> <span class='ocrx_word' id='word_1_110' title='bbox 1493 1397 1663 1451; x_wconf 85' lang='lat' dir='ltr'><strong>lilium</strong></span> <span class='ocrx_word' id='word_1_111' title='bbox 1712 1393 1951 1450; x_wconf 86' lang='lat' dir='ltr'><strong>Nicareti</strong></span> 
     </span>
    </p>
   </div>
   <div class='ocr_carea' id='block_1_17' title="bbox 376 1485 1957 1565">
    <p class='ocr_par' dir='ltr' id='par_1_17' title="bbox 376 1485 1957 1565">
     <span class='ocr_line' id='line_1_17' title="bbox 376 1485 1957 1565; baseline -0.008 -12"><span class='ocrx_word' id='word_1_112' title='bbox 376 1496 652 1562; x_wconf 86' lang='lat' dir='ltr'><strong>scriniari,</strong></span> <span class='ocrx_word' id='word_1_113' title='bbox 693 1497 760 1550; x_wconf 87' lang='lat' dir='ltr'><strong>ad</strong></span> <span class='ocrx_word' id='word_1_114' title='bbox 798 1509 961 1565; x_wconf 86' lang='lat' dir='ltr'><strong>quem</strong></span> <span class='ocrx_word' id='word_1_115' title='bbox 992 1499 1247 1548; x_wconf 79' lang='lat' dir='ltr'><strong>exararat</strong></span> <span class='ocrx_word' id='word_1_116' title='bbox 1268 1490 1426 1560; x_wconf 81' lang='lat' dir='ltr'><strong>epist.</strong></span> <span class='ocrx_word' id='word_1_117' title='bbox 1455 1489 1551 1544; x_wconf 76' lang='grc'><strong>151</strong></span> <span class='ocrx_word' id='word_1_118' title='bbox 1586 1488 1683 1543; x_wconf 86' lang='lat' dir='ltr'><strong>lib.</strong></span> <span class='ocrx_word' id='word_1_119' title='bbox 1727 1485 1957 1543; x_wconf 81' lang='lat' dir='ltr'><strong>ttt?Nec</strong></span> 
     </span>
    </p>
   </div>
   <div class='ocr_carea' id='block_1_18' title="bbox 374 1579 1955 1653">
    <p class='ocr_par' dir='ltr' id='par_1_18' title="bbox 374 1579 1955 1653">
     <span class='ocr_line' id='line_1_18' title="bbox 374 1579 1955 1653; baseline -0.007 -11"><span class='ocrx_word' id='word_1_120' title='bbox 374 1589 518 1642; x_wconf 90' lang='lat' dir='ltr'><strong>enim</strong></span> <span class='ocrx_word' id='word_1_121' title='bbox 547 1588 612 1641; x_wconf 91' lang='lat' dir='ltr'><strong>ad</strong></span> <span class='ocrx_word' id='word_1_122' title='bbox 644 1586 954 1641; x_wconf 88' lang='lat' dir='ltr'><strong>Nicaretum</strong></span> <span class='ocrx_word' id='word_1_123' title='bbox 979 1592 1227 1653; x_wconf 90' lang='lat' dir='ltr'><strong>spectare</strong></span> <span class='ocrx_word' id='word_1_124' title='bbox 1252 1595 1473 1647; x_wconf 90' lang='lat' dir='ltr'><strong>censeo,</strong></span> <span class='ocrx_word' id='word_1_125' title='bbox 1501 1595 1662 1650; x_wconf 85' lang='lat' dir='ltr'><strong>quem</strong></span> <span class='ocrx_word' id='word_1_126' title='bbox 1696 1579 1955 1634; x_wconf 82' lang='lat' dir='ltr'><strong>admonet</strong></span> 
     </span>
    </p>
   </div>
   <div class='ocr_carea' id='block_1_19' title="bbox 370 1665 1957 1745">
    <p class='ocr_par' dir='ltr' id='par_1_19' title="bbox 370 1665 1957 1745">
     <span class='ocr_line' id='line_1_19' title="bbox 370 1665 1957 1745; baseline -0.006 -15"><span class='ocrx_word' id='word_1_127' title='bbox 370 1677 533 1745; x_wconf 85' lang='lat' dir='ltr'><strong>epist.</strong></span> <span class='ocrx_word' id='word_1_128' title='bbox 573 1675 820 1737; x_wconf 61' lang='lat' dir='ltr'><strong>284,1ih.</strong></span> <span class='ocrx_word' id='word_1_129' title='bbox 856 1689 914 1727; x_wconf 92' lang='grc' dir='ltr'>ιι.</span> <span class='ocrx_word' id='word_1_130' title='bbox 962 1671 1234 1726; x_wconf 68' lang='lat' dir='ltr'><strong>Praeterea</strong></span> <span class='ocrx_word' id='word_1_131' title='bbox 1300 1667 1459 1724; x_wconf 81' lang='lat' dir='ltr'><strong>Nilus</strong></span> <span class='ocrx_word' id='word_1_132' title='bbox 1525 1665 1729 1722; x_wconf 82' lang='lat' dir='ltr'><strong>Juliam</strong></span> <span class='ocrx_word' id='word_1_133' title='bbox 1784 1667 1957 1722; x_wconf 87' lang='lat' dir='ltr'><strong>comi-</strong></span> 
     </span>
    </p>
   </div>
   <div class='ocr_carea' id='block_1_20' title="bbox 377 1759 1956 1833">
    <p class='ocr_par' dir='ltr' id='par_1_20' title="bbox 377 1759 1956 1833">
     <span class='ocr_line' id='line_1_20' title="bbox 377 1759 1956 1833; baseline -0.005 -11"><span class='ocrx_word' id='word_1_134' title='bbox 377 1769 567 1822; x_wconf 86' lang='lat' dir='ltr'><strong>tissam</strong></span> <span class='ocrx_word' id='word_1_135' title='bbox 627 1766 880 1821; x_wconf 89' lang='lat' dir='ltr'><strong>convenit</strong></span> <span class='ocrx_word' id='word_1_136' title='bbox 945 1778 1042 1833; x_wconf 86' lang='lat' dir='ltr'><strong>per</strong></span> <span class='ocrx_word' id='word_1_137' title='bbox 1074 1762 1235 1831; x_wconf 87' lang='lat' dir='ltr'><strong>epist.</strong></span> <span class='ocrx_word' id='word_1_138' title='bbox 1283 1761 1413 1826; x_wconf 72' lang='lat'><strong>215,</strong></span> <span class='ocrx_word' id='word_1_139' title='bbox 1448 1760 1543 1815; x_wconf 90' lang='lat' dir='ltr'><strong>lib.</strong></span> <span class='ocrx_word' id='word_1_140' title='bbox 1576 1775 1638 1824; x_wconf 87' lang='lat' dir='ltr'><strong>tl,</strong></span> <span class='ocrx_word' id='word_1_141' title='bbox 1665 1759 1956 1829; x_wconf 81' lang='lat' dir='ltr'><strong>obiurgans</strong></span> 
     </span>
    </p>
   </div>
   <div class='ocr_carea' id='block_1_21' title="bbox 378 1848 1956 1924">
    <p class='ocr_par' dir='ltr' id='par_1_21' title="bbox 378 1848 1956 1924">
     <span class='ocr_line' id='line_1_21' title="bbox 378 1848 1956 1924; baseline -0.006 -15"><span class='ocrx_word' id='word_1_142' title='bbox 378 1871 497 1909; x_wconf 89' lang='lat' dir='ltr'><strong>eam</strong></span> <span class='ocrx_word' id='word_1_143' title='bbox 525 1854 668 1924; x_wconf 88' lang='lat' dir='ltr'><strong>quod</strong></span> <span class='ocrx_word' id='word_1_144' title='bbox 705 1853 932 1907; x_wconf 87' lang='lat' dir='ltr'><strong>nimium</strong></span> <span class='ocrx_word' id='word_1_145' title='bbox 972 1850 1220 1905; x_wconf 82' lang='lat' dir='ltr'><strong>studeret</strong></span> <span class='ocrx_word' id='word_1_146' title='bbox 1265 1849 1515 1919; x_wconf 86' lang='lat' dir='ltr'><strong>corporis</strong></span> <span class='ocrx_word' id='word_1_147' title='bbox 1552 1848 1825 1904; x_wconf 88' lang='lat' dir='ltr'><strong>venustati</strong></span> <span class='ocrx_word' id='word_1_148' title='bbox 1858 1862 1956 1902; x_wconf 91' lang='lat' dir='ltr'><strong>cu-</strong></span> 
     </span>
    </p>
   </div>
   <div class='ocr_carea' id='block_1_22' title="bbox 376 1939 1958 2011">
    <p class='ocr_par' dir='ltr' id='par_1_22' title="bbox 376 1939 1958 2011">
     <span class='ocr_line' id='line_1_22' title="bbox 376 1939 1958 2011; baseline -0.006 -10"><span class='ocrx_word' id='word_1_149' title='bbox 376 1947 595 2011; x_wconf 68' lang='lat' dir='ltr'><strong>randae;</strong></span> <span class='ocrx_word' id='word_1_150' title='bbox 632 1961 701 2000; x_wconf 90' lang='lat' dir='ltr'><strong>an</strong></span> <span class='ocrx_word' id='word_1_151' title='bbox 757 1945 904 1999; x_wconf 88' lang='lat' dir='ltr'><strong>illam</strong></span> <span class='ocrx_word' id='word_1_152' title='bbox 941 1944 1271 2004; x_wconf 86' lang='lat' dir='ltr'><strong>Gazensem,</strong></span> <span class='ocrx_word' id='word_1_153' title='bbox 1312 1942 1380 1995; x_wconf 88' lang='lat' dir='ltr'><strong>de</strong></span> <span class='ocrx_word' id='word_1_154' title='bbox 1400 1956 1505 2011; x_wconf 89' lang='lat' dir='ltr'><strong>qua</strong></span> <span class='ocrx_word' id='word_1_155' title='bbox 1531 1940 1829 1995; x_wconf 81' lang='lat' dir='ltr'><strong>eardinalis</strong></span> <span class='ocrx_word' id='word_1_156' title='bbox 1855 1939 1958 1992; x_wconf 85' lang='lat' dir='ltr'><strong>Ba-</strong></span> 
     </span>
    </p>
   </div>
   <div class='ocr_carea' id='block_1_23' title="bbox 380 2031 1956 2100">
    <p class='ocr_par' dir='ltr' id='par_1_23' title="bbox 380 2031 1956 2100">
     <span class='ocr_line' id='line_1_23' title="bbox 380 2031 1956 2100; baseline -0.006 -8"><span class='ocrx_word' id='word_1_157' title='bbox 380 2039 570 2092; x_wconf 90' lang='lat' dir='ltr'><strong>ronius</strong></span> <span class='ocrx_word' id='word_1_158' title='bbox 623 2037 694 2091; x_wconf 91' lang='lat' dir='ltr'><strong>ad</strong></span> <span class='ocrx_word' id='word_1_159' title='bbox 725 2051 931 2089; x_wconf 88' lang='lat' dir='ltr'><strong>annum</strong></span> <span class='ocrx_word' id='word_1_160' title='bbox 976 2034 1041 2089; x_wconf 87' lang='lat' dir='ltr'><strong>C.</strong></span> <span class='ocrx_word' id='word_1_161' title='bbox 1075 2033 1141 2088; x_wconf 90' lang='lat' dir='ltr'><strong>N.</strong></span> <span class='ocrx_word' id='word_1_162' title='bbox 1171 2034 1299 2094; x_wconf 71' lang='grc' dir='ltr'><strong>ωδ,</strong></span> <span class='ocrx_word' id='word_1_163' title='bbox 1324 2032 1419 2086; x_wconf 90' lang='lat' dir='ltr'><strong>fol.</strong></span> <span class='ocrx_word' id='word_1_164' title='bbox 1454 2031 1600 2086; x_wconf 72' lang='lat'><strong>179?</strong></span> <span class='ocrx_word' id='word_1_165' title='bbox 1632 2032 1698 2086; x_wconf 87' lang='lat' dir='ltr'><strong>ad</strong></span> <span class='ocrx_word' id='word_1_166' title='bbox 1729 2031 1956 2100; x_wconf 80' lang='lat' dir='ltr'><strong>Stepha-</strong></span> 
     </span>
    </p>
   </div>
   <div class='ocr_carea' id='block_1_24' title="bbox 380 2122 1960 2193">
    <p class='ocr_par' dir='ltr' id='par_1_24' title="bbox 380 2122 1960 2193">
     <span class='ocr_line' id='line_1_24' title="bbox 380 2122 1960 2193; baseline -0.004 -9"><span class='ocrx_word' id='word_1_167' title='bbox 380 2132 560 2184; x_wconf 82' lang='lat' dir='ltr'><strong>nidem</strong></span> <span class='ocrx_word' id='word_1_168' title='bbox 624 2128 985 2191; x_wconf 87' lang='lat' dir='ltr'><strong>comitissam,</strong></span> <span class='ocrx_word' id='word_1_169' title='bbox 1031 2127 1067 2179; x_wconf 90' lang='grc' dir='ltr'><strong>Ι.</strong></span> <span class='ocrx_word' id='word_1_170' title='bbox 1119 2142 1196 2191; x_wconf 87' lang='grc' dir='ltr'>ιι,</span> <span class='ocrx_word' id='word_1_171' title='bbox 1239 2126 1399 2193; x_wconf 84' lang='lat' dir='ltr'><strong>epist.</strong></span> <span class='ocrx_word' id='word_1_172' title='bbox 1458 2124 1585 2187; x_wconf 69' lang='lat' dir='ltr'><strong>2l3,</strong></span> <span class='ocrx_word' id='word_1_173' title='bbox 1639 2123 1803 2191; x_wconf 91' lang='lat' dir='ltr'><strong>cujus</strong></span> <span class='ocrx_word' id='word_1_174' title='bbox 1857 2122 1960 2177; x_wconf 82' lang='lat' dir='ltr'><strong>title</strong></span> 
     </span>
    </p>
   </div>
   <div class='ocr_carea' id='block_1_25' title="bbox 379 2213 1961 2281">
    <p class='ocr_par' dir='ltr' id='par_1_25' title="bbox 379 2213 1961 2281">
     <span class='ocr_line' id='line_1_25' title="bbox 379 2213 1961 2281; baseline -0.006 -2"><span class='ocrx_word' id='word_1_175' title='bbox 379 2221 710 2279; x_wconf 85' lang='lat' dir='ltr'><strong>servandum</strong></span> <span class='ocrx_word' id='word_1_176' title='bbox 730 2219 988 2273; x_wconf 90' lang='lat' dir='ltr'><strong>maritum</strong></span> <span class='ocrx_word' id='word_1_177' title='bbox 1008 2217 1239 2271; x_wconf 82' lang='lat' dir='ltr'><strong>ailirmat</strong></span> <span class='ocrx_word' id='word_1_178' title='bbox 1266 2234 1280 2281; x_wconf 86' lang='lat'><strong>;</strong></span> <span class='ocrx_word' id='word_1_179' title='bbox 1312 2216 1532 2268; x_wconf 91' lang='lat' dir='ltr'><strong>viduam</strong></span> <span class='ocrx_word' id='word_1_180' title='bbox 1556 2214 1773 2269; x_wconf 92' lang='lat' dir='ltr'><strong>demum</strong></span> <span class='ocrx_word' id='word_1_181' title='bbox 1800 2213 1961 2269; x_wconf 88' lang='lat' dir='ltr'><strong>Dios-</strong></span> 
     </span>
    </p>
   </div>
   <div class='ocr_carea' id='block_1_26' title="bbox 381 2305 1955 2375">
    <p class='ocr_par' dir='ltr' id='par_1_26' title="bbox 381 2305 1955 2375">
     <span class='ocr_line' id='line_1_26' title="bbox 381 2305 1955 2375; baseline -0.006 -8"><span class='ocrx_word' id='word_1_182' title='bbox 381 2314 612 2371; x_wconf 87' lang='lat' dir='ltr'><strong>coriam.</strong></span> <span class='ocrx_word' id='word_1_183' title='bbox 654 2311 740 2365; x_wconf 91' lang='lat' dir='ltr'><strong>cui</strong></span> <span class='ocrx_word' id='word_1_184' title='bbox 788 2310 957 2362; x_wconf 89' lang='lat' dir='ltr'><strong>Deum</strong></span> <span class='ocrx_word' id='word_1_185' title='bbox 1009 2310 1403 2362; x_wconf 81' lang='lat' dir='ltr'><strong>subventurum</strong></span> <span class='ocrx_word' id='word_1_186' title='bbox 1455 2306 1710 2375; x_wconf 68' lang='lat' dir='ltr'><strong>prmsagit</strong></span> <span class='ocrx_word' id='word_1_187' title='bbox 1747 2305 1841 2358; x_wconf 88' lang='lat' dir='ltr'><strong>lib.</strong></span> <span class='ocrx_word' id='word_1_188' title='bbox 1896 2320 1955 2368; x_wconf 85' lang='lat' dir='ltr'><strong>ll,</strong></span> 
     </span>
    </p>
   </div>
   <div class='ocr_carea' id='block_1_27' title="bbox 378 2395 1959 2472">
    <p class='ocr_par' dir='ltr' id='par_1_27' title="bbox 378 2395 1959 2472">
     <span class='ocr_line' id='line_1_27' title="bbox 378 2395 1959 2472; baseline -0.005 -15"><span class='ocrx_word' id='word_1_189' title='bbox 378 2405 539 2472; x_wconf 85' lang='lat' dir='ltr'><strong>epist.</strong></span> <span class='ocrx_word' id='word_1_190' title='bbox 578 2402 705 2457; x_wconf 72' lang='lat'><strong>266.</strong></span> <span class='ocrx_word' id='word_1_191' title='bbox 753 2398 985 2454; x_wconf 83' lang='lat' dir='ltr'><strong>Nomina</strong></span> <span class='ocrx_word' id='word_1_192' title='bbox 1040 2413 1170 2452; x_wconf 87' lang='lat' dir='ltr'><strong>vero</strong></span> <span class='ocrx_word' id='word_1_193' title='bbox 1227 2408 1334 2452; x_wconf 88' lang='lat' dir='ltr'><strong>tam</strong></span> <span class='ocrx_word' id='word_1_194' title='bbox 1370 2397 1559 2451; x_wconf 75' lang='lat' dir='ltr'><strong>uxoris</strong></span> <span class='ocrx_word' id='word_1_195' title='bbox 1606 2395 1735 2463; x_wconf 85' lang='lat' dir='ltr'><strong>Nili,</strong></span> <span class='ocrx_word' id='word_1_196' title='bbox 1794 2411 1959 2465; x_wconf 88' lang='lat' dir='ltr'><strong>quam</strong></span> 
     </span>
    </p>
   </div>
   <div class='ocr_carea' id='block_1_28' title="bbox 388 2486 1961 2555">
    <p class='ocr_par' dir='ltr' id='par_1_28' title="bbox 388 2486 1961 2555">
     <span class='ocr_line' id='line_1_28' title="bbox 388 2486 1961 2555; baseline -0.006 -7"><span class='ocrx_word' id='word_1_197' title='bbox 388 2495 513 2548; x_wconf 70' lang='lat' dir='ltr'><strong>lilia:</strong></span> <span class='ocrx_word' id='word_1_198' title='bbox 544 2493 716 2548; x_wconf 83' lang='lat' dir='ltr'><strong>celata</strong></span> <span class='ocrx_word' id='word_1_199' title='bbox 752 2491 1028 2545; x_wconf 83' lang='lat' dir='ltr'><strong>oblivione</strong></span> <span class='ocrx_word' id='word_1_200' title='bbox 1053 2490 1106 2543; x_wconf 91' lang='lat' dir='ltr'><strong>iu</strong></span> <span class='ocrx_word' id='word_1_201' title='bbox 1149 2488 1329 2555; x_wconf 84' lang='lat' dir='ltr'><strong>terris,</strong></span> <span class='ocrx_word' id='word_1_202' title='bbox 1372 2489 1426 2542; x_wconf 89' lang='lat' dir='ltr'><strong>in</strong></span> <span class='ocrx_word' id='word_1_203' title='bbox 1458 2487 1773 2544; x_wconf 71' lang='lat' dir='ltr'><strong>coelestibus</strong></span> <span class='ocrx_word' id='word_1_204' title='bbox 1800 2486 1961 2540; x_wconf 88' lang='lat' dir='ltr'><strong>tabu-</strong></span> 
     </span>
    </p>
   </div>
   <div class='ocr_carea' id='block_1_29' title="bbox 379 2577 1960 2651">
    <p class='ocr_par' dir='ltr' id='par_1_29' title="bbox 379 2577 1960 2651">
     <span class='ocr_line' id='line_1_29' title="bbox 379 2577 1960 2651; baseline -0.004 -13"><span class='ocrx_word' id='word_1_205' title='bbox 379 2585 449 2639; x_wconf 88' lang='lat' dir='ltr'><strong>lis</strong></span> <span class='ocrx_word' id='word_1_206' title='bbox 502 2583 672 2639; x_wconf 87' lang='lat' dir='ltr'><strong>fuisse</strong></span> <span class='ocrx_word' id='word_1_207' title='bbox 722 2582 923 2651; x_wconf 88' lang='lat' dir='ltr'><strong>scripta</strong></span> <span class='ocrx_word' id='word_1_208' title='bbox 974 2579 1321 2634; x_wconf 87' lang='lat' dir='ltr'><strong>crediderim.</strong></span> <span class='ocrx_word' id='word_1_209' title='bbox 1354 2580 1526 2633; x_wconf 82' lang='lat' dir='ltr'><strong>Tanta</strong></span> <span class='ocrx_word' id='word_1_210' title='bbox 1561 2577 1665 2633; x_wconf 83' lang='lat' dir='ltr'><strong>fuit</strong></span> <span class='ocrx_word' id='word_1_211' title='bbox 1698 2579 1808 2633; x_wconf 89' lang='lat' dir='ltr'><strong>Nili</strong></span> <span class='ocrx_word' id='word_1_212' title='bbox 1840 2594 1960 2632; x_wconf 85' lang='lat' dir='ltr'><strong>mo-</strong></span> 
     </span>
    </p>
   </div>
   <div class='ocr_carea' id='block_1_30' title="bbox 379 2668 1960 2740">
    <p class='ocr_par' dir='ltr' id='par_1_30' title="bbox 379 2668 1960 2740">
     <span class='ocr_line' id='line_1_30' title="bbox 379 2668 1960 2740; baseline -0.004 -11"><span class='ocrx_word' id='word_1_213' title='bbox 379 2674 581 2737; x_wconf 86' lang='lat' dir='ltr'><strong>destia,</strong></span> <span class='ocrx_word' id='word_1_214' title='bbox 638 2680 896 2740; x_wconf 89' lang='lat' dir='ltr'><strong>tantaque</strong></span> <span class='ocrx_word' id='word_1_215' title='bbox 960 2668 1263 2732; x_wconf 84' lang='lat' dir='ltr'><strong>humilitas,</strong></span> <span class='ocrx_word' id='word_1_216' title='bbox 1306 2668 1517 2724; x_wconf 90' lang='lat' dir='ltr'><strong>alienus</strong></span> <span class='ocrx_word' id='word_1_217' title='bbox 1540 2670 1757 2735; x_wconf 87' lang='lat' dir='ltr'><strong>penitus</strong></span> <span class='ocrx_word' id='word_1_218' title='bbox 1782 2676 1901 2723; x_wconf 87' lang='lat' dir='ltr'><strong>erat</strong></span> <span class='ocrx_word' id='word_1_219' title='bbox 1930 2683 1960 2723; x_wconf 89' lang='lat' dir='ltr'><strong>a</strong></span> 
     </span>
    </p>
   </div>
   <div class='ocr_carea' id='block_1_31' title="bbox 381 2760 1957 2834">
    <p class='ocr_par' dir='ltr' id='par_1_31' title="bbox 381 2760 1957 2834">
     <span class='ocr_line' id='line_1_31' title="bbox 381 2760 1957 2834; baseline -0.003 -15"><span class='ocrx_word' id='word_1_220' title='bbox 381 2766 542 2819; x_wconf 67' lang='lat' dir='ltr'><strong>famae</strong></span> <span class='ocrx_word' id='word_1_221' title='bbox 572 2763 826 2834; x_wconf 88' lang='lat' dir='ltr'><strong>aucupio,</strong></span> <span class='ocrx_word' id='word_1_222' title='bbox 847 2777 1155 2833; x_wconf 84' lang='lat' dir='ltr'><strong>empyrcam</strong></span> <span class='ocrx_word' id='word_1_223' title='bbox 1179 2760 1451 2815; x_wconf 84' lang='lat' dir='ltr'><strong>ambiebat</strong></span> <span class='ocrx_word' id='word_1_224' title='bbox 1473 2760 1957 2826; x_wconf 83' lang='lat' dir='ltr'><strong>immortalitatem,</strong></span> 
     </span>
    </p>
   </div>
   <div class='ocr_carea' id='block_1_32' title="bbox 382 2850 1962 2927">
    <p class='ocr_par' dir='ltr' id='par_1_32' title="bbox 382 2850 1962 2927">
     <span class='ocr_line' id='line_1_32' title="bbox 382 2850 1962 2927; baseline -0.004 -15"><span class='ocrx_word' id='word_1_225' title='bbox 382 2858 499 2927; x_wconf 89' lang='lat' dir='ltr'><strong>ipse</strong></span> <span class='ocrx_word' id='word_1_226' title='bbox 553 2869 678 2910; x_wconf 91' lang='lat' dir='ltr'><strong>cum</strong></span> <span class='ocrx_word' id='word_1_227' title='bbox 738 2867 927 2917; x_wconf 81' lang='lat' dir='ltr'><strong>uxore,</strong></span> <span class='ocrx_word' id='word_1_228' title='bbox 988 2853 1303 2923; x_wconf 83' lang='lat' dir='ltr'><strong>liberisque,</strong></span> <span class='ocrx_word' id='word_1_229' title='bbox 1358 2861 1413 2907; x_wconf 89' lang='lat' dir='ltr'><strong>et</strong></span> <span class='ocrx_word' id='word_1_230' title='bbox 1465 2851 1719 2922; x_wconf 84' lang='lat' dir='ltr'><strong>religiosa</strong></span> <span class='ocrx_word' id='word_1_231' title='bbox 1759 2850 1962 2906; x_wconf 80' lang='lat' dir='ltr'><strong>familia</strong></span> 
     </span>
    </p>
   </div>
   <div class='ocr_carea' id='block_1_33' title="bbox 384 2942 1962 3018">
    <p class='ocr_par' dir='ltr' id='par_1_33' title="bbox 384 2942 1962 3018">
     <span class='ocr_line' id='line_1_33' title="bbox 384 2942 1962 3018; baseline -0.003 -16"><span class='ocrx_word' id='word_1_232' title='bbox 384 2947 553 3018; x_wconf 84' lang='lat' dir='ltr'><strong>probe</strong></span> <span class='ocrx_word' id='word_1_233' title='bbox 579 2954 735 3001; x_wconf 90' lang='lat' dir='ltr'><strong>norat</strong></span> <span class='ocrx_word' id='word_1_234' title='bbox 753 2959 845 2999; x_wconf 86' lang='lat' dir='ltr'><strong>eos</strong></span> <span class='ocrx_word' id='word_1_235' title='bbox 875 2943 969 3013; x_wconf 88' lang='lat' dir='ltr'><strong>qui</strong></span> <span class='ocrx_word' id='word_1_236' title='bbox 1001 2958 1195 2997; x_wconf 83' lang='lat' dir='ltr'><strong>vanam</strong></span> <span class='ocrx_word' id='word_1_237' title='bbox 1246 2952 1514 3012; x_wconf 82' lang='lat' dir='ltr'><strong>spernunt</strong></span> <span class='ocrx_word' id='word_1_238' title='bbox 1547 2942 1802 3012; x_wconf 77' lang='lat' dir='ltr'><strong>gloriam,</strong></span> <span class='ocrx_word' id='word_1_239' title='bbox 1834 2943 1962 2997; x_wconf 87' lang='lat' dir='ltr'><strong>ade-</strong></span> 
     </span>
    </p>
   </div>
   <div class='ocr_carea' id='block_1_34' title="bbox 384 3033 2401 3113">
    <p class='ocr_par' dir='ltr' id='par_1_34' title="bbox 384 3033 2401 3113">
     <span class='ocr_line' id='line_1_34' title="bbox 384 3033 2401 3113; baseline -0 -23"><span class='ocrx_word' id='word_1_240' title='bbox 384 3046 576 3109; x_wconf 89' lang='lat' dir='ltr'><strong>pturos</strong></span> <span class='ocrx_word' id='word_1_241' title='bbox 602 3034 1006 3109; x_wconf 84' lang='lat' dir='ltr'><strong>veram,omnia</strong></span> <span class='ocrx_word' id='word_1_242' title='bbox 1038 3043 1387 3087; x_wconf 79' lang='lat' dir='ltr'><strong>monumenta</strong></span> <span class='ocrx_word' id='word_1_243' title='bbox 1418 3033 1731 3087; x_wconf 87' lang='lat' dir='ltr'><strong>mortalium</strong></span> <span class='ocrx_word' id='word_1_244' title='bbox 1771 3034 1960 3089; x_wconf 82' lang='lat' dir='ltr'><strong>sublu-</strong></span> <span class='ocrx_word' id='word_1_245' title='bbox 1987 3052 2032 3113; x_wconf 72' lang='grc' dir='ltr'>ο</span> <span class='ocrx_word' id='word_1_246' title='bbox 2065 3033 2174 3089; x_wconf 90' lang='lat' dir='ltr'><strong>lido</strong></span> <span class='ocrx_word' id='word_1_247' title='bbox 2236 3050 2401 3099; x_wconf 79' lang='lat' dir='ltr'><strong>saxo,</strong></span> 
     </span>
    </p>
   </div>
   <div class='ocr_carea' id='block_1_35' title="bbox 384 3124 1959 3195">
    <p class='ocr_par' dir='ltr' id='par_1_35' title="bbox 384 3124 1959 3195">
     <span class='ocr_line' id='line_1_35' title="bbox 384 3124 1959 3195; baseline -0.003 -12"><span class='ocrx_word' id='word_1_248' title='bbox 384 3128 504 3184; x_wconf 90' lang='lat' dir='ltr'><strong>nari</strong></span> <span class='ocrx_word' id='word_1_249' title='bbox 537 3127 771 3183; x_wconf 77' lang='lat' dir='ltr'><strong>excitata</strong></span> <span class='ocrx_word' id='word_1_250' title='bbox 826 3127 879 3179; x_wconf 90' lang='lat' dir='ltr'><strong>in</strong></span> <span class='ocrx_word' id='word_1_251' title='bbox 911 3126 1131 3195; x_wconf 82' lang='lat' dir='ltr'><strong>regione</strong></span> <span class='ocrx_word' id='word_1_252' title='bbox 1168 3131 1277 3177; x_wconf 85' lang='lat' dir='ltr'><strong>tam</strong></span> <span class='ocrx_word' id='word_1_253' title='bbox 1330 3124 1577 3179; x_wconf 89' lang='lat' dir='ltr'><strong>celeriter</strong></span> <span class='ocrx_word' id='word_1_254' title='bbox 1626 3124 1863 3185; x_wconf 85' lang='lat' dir='ltr'><strong>absumi,</strong></span> <span class='ocrx_word' id='word_1_255' title='bbox 1895 3139 1959 3179; x_wconf 88' lang='lat' dir='ltr'><strong>ac</strong></span> 
     </span>
    </p>
   </div>
   <div class='ocr_carea' id='block_1_36' title="bbox 380 3215 1957 3295">
    <p class='ocr_par' dir='ltr' id='par_1_36' title="bbox 380 3215 1957 3295">
     <span class='ocr_line' id='line_1_36' title="bbox 380 3215 1957 3295; baseline -0.002 -22"><span class='ocrx_word' id='word_1_256' title='bbox 380 3221 583 3295; x_wconf 78' lang='lat' dir='ltr'><strong>perire,</strong></span> <span class='ocrx_word' id='word_1_257' title='bbox 612 3228 843 3274; x_wconf 86' lang='lat' dir='ltr'><strong>mortem</strong></span> <span class='ocrx_word' id='word_1_258' title='bbox 881 3216 1032 3272; x_wconf 78' lang='lat' dir='ltr'><strong>saxis</strong></span> <span class='ocrx_word' id='word_1_259' title='bbox 1074 3215 1314 3280; x_wconf 81' lang='lat' dir='ltr'><strong>evenire,</strong></span> <span class='ocrx_word' id='word_1_260' title='bbox 1356 3216 1811 3285; x_wconf 82' lang='lat' dir='ltr'><strong>nominibusque:</strong></span> <span class='ocrx_word' id='word_1_261' title='bbox 1845 3215 1957 3270; x_wconf 84' lang='lat' dir='ltr'><strong>for-</strong></span> 
     </span>
    </p>
   </div>
   <div class='ocr_carea' id='block_1_37' title="bbox 387 3306 1959 3379">
    <p class='ocr_par' dir='ltr' id='par_1_37' title="bbox 387 3306 1959 3379">
     <span class='ocr_line' id='line_1_37' title="bbox 387 3306 1959 3379; baseline 0 -17"><span class='ocrx_word' id='word_1_262' title='bbox 387 3311 553 3378; x_wconf 76' lang='lat' dir='ltr'><strong>tassis</strong></span> <span class='ocrx_word' id='word_1_263' title='bbox 595 3311 756 3366; x_wconf 89' lang='lat' dir='ltr'><strong>etiam</strong></span> <span class='ocrx_word' id='word_1_264' title='bbox 797 3308 1058 3379; x_wconf 87' lang='lat' dir='ltr'><strong>epistolas</strong></span> <span class='ocrx_word' id='word_1_265' title='bbox 1107 3307 1173 3361; x_wconf 89' lang='lat' dir='ltr'><strong>ad</strong></span> <span class='ocrx_word' id='word_1_266' title='bbox 1208 3322 1303 3361; x_wconf 87' lang='lat' dir='ltr'><strong>eas</strong></span> <span class='ocrx_word' id='word_1_267' title='bbox 1329 3306 1498 3373; x_wconf 89' lang='lat' dir='ltr'><strong>dedit,</strong></span> <span class='ocrx_word' id='word_1_268' title='bbox 1531 3306 1623 3362; x_wconf 88' lang='lat' dir='ltr'><strong>sed</strong></span> <span class='ocrx_word' id='word_1_269' title='bbox 1667 3306 1959 3362; x_wconf 80' lang='lat' dir='ltr'><strong>intercide-</strong></span> 
     </span>
    </p>
   </div>
   <div class='ocr_carea' id='block_1_38' title="bbox 387 3396 1964 3468">
    <p class='ocr_par' dir='ltr' id='par_1_38' title="bbox 387 3396 1964 3468">
     <span class='ocr_line' id='line_1_38' title="bbox 387 3396 1964 3468; baseline -0.002 -14"><span class='ocrx_word' id='word_1_270' title='bbox 387 3410 515 3455; x_wconf 83' lang='lat' dir='ltr'><strong>runt</strong></span> <span class='ocrx_word' id='word_1_271' title='bbox 550 3401 671 3465; x_wconf 69' lang='lat' dir='ltr'><strong>illae,</strong></span> <span class='ocrx_word' id='word_1_272' title='bbox 714 3407 773 3453; x_wconf 90' lang='lat' dir='ltr'><strong>ut</strong></span> <span class='ocrx_word' id='word_1_273' title='bbox 802 3407 933 3455; x_wconf 89' lang='lat' dir='ltr'><strong>sunt</strong></span> <span class='ocrx_word' id='word_1_274' title='bbox 959 3396 1095 3452; x_wconf 79' lang='lat' dir='ltr'><strong>varii</strong></span> <span class='ocrx_word' id='word_1_275' title='bbox 1152 3411 1334 3452; x_wconf 85' lang='lat' dir='ltr'><strong>rerum</strong></span> <span class='ocrx_word' id='word_1_276' title='bbox 1367 3412 1548 3452; x_wconf 79' lang='lat' dir='ltr'><strong>casus.</strong></span> <span class='ocrx_word' id='word_1_277' title='bbox 1584 3397 1835 3467; x_wconf 89' lang='lat' dir='ltr'><strong>Deposita</strong></span> <span class='ocrx_word' id='word_1_278' title='bbox 1861 3398 1964 3468; x_wconf 84' lang='lat' dir='ltr'><strong>igi-</strong></span> 
     </span>
    </p>
   </div>
   <div class='ocr_carea' id='block_1_39' title="bbox 387 3487 1963 3561">
    <p class='ocr_par' dir='ltr' id='par_1_39' title="bbox 387 3487 1963 3561">
     <span class='ocr_line' id='line_1_39' title="bbox 387 3487 1963 3561; baseline -0.001 -17"><span class='ocrx_word' id='word_1_279' title='bbox 387 3500 477 3544; x_wconf 89' lang='lat' dir='ltr'><strong>tur</strong></span> <span class='ocrx_word' id='word_1_280' title='bbox 519 3491 631 3560; x_wconf 90' lang='lat' dir='ltr'><strong>jam</strong></span> <span class='ocrx_word' id='word_1_281' title='bbox 659 3490 939 3561; x_wconf 76' lang='lat' dir='ltr'><strong>dignitate,</strong></span> <span class='ocrx_word' id='word_1_282' title='bbox 985 3500 1409 3555; x_wconf 86' lang='lat' dir='ltr'><strong>suecessoreque</strong></span> <span class='ocrx_word' id='word_1_283' title='bbox 1458 3497 1703 3557; x_wconf 85' lang='lat' dir='ltr'><strong>accepto,</strong></span> <span class='ocrx_word' id='word_1_284' title='bbox 1733 3496 1787 3543; x_wconf 90' lang='lat' dir='ltr'><strong>et</strong></span> <span class='ocrx_word' id='word_1_285' title='bbox 1805 3487 1963 3543; x_wconf 89' lang='lat' dir='ltr'><strong>bonis</strong></span> 
     </span>
    </p>
   </div>
   <div class='ocr_carea' id='block_1_40' title="bbox 386 3580 1963 3653">
    <p class='ocr_par' dir='ltr' id='par_1_40' title="bbox 386 3580 1963 3653">
     <span class='ocr_line' id='line_1_40' title="bbox 386 3580 1963 3653; baseline 0.001 -16"><span class='ocrx_word' id='word_1_286' title='bbox 386 3586 637 3647; x_wconf 56' lang='lat' dir='ltr'><strong>fortuna,</strong></span> <span class='ocrx_word' id='word_1_287' title='bbox 690 3584 891 3653; x_wconf 87' lang='lat' dir='ltr'><strong>quibus</strong></span> <span class='ocrx_word' id='word_1_288' title='bbox 924 3581 1195 3643; x_wconf 80' lang='lat' dir='ltr'><strong>aﬂluehat,</strong></span> <span class='ocrx_word' id='word_1_289' title='bbox 1229 3580 1281 3634; x_wconf 91' lang='lat' dir='ltr'><strong>in</strong></span> <span class='ocrx_word' id='word_1_290' title='bbox 1329 3581 1643 3635; x_wconf 84' lang='lat' dir='ltr'><strong>alimoniam</strong></span> <span class='ocrx_word' id='word_1_291' title='bbox 1692 3597 1963 3653; x_wconf 78' lang='lat' dir='ltr'><strong>usumque</strong></span> 
     </span>
    </p>
   </div>
   <div class='ocr_carea' id='block_1_41' title="bbox 389 3672 1963 3745">
    <p class='ocr_par' dir='ltr' id='par_1_41' title="bbox 389 3672 1963 3745">
     <span class='ocr_line' id='line_1_41' title="bbox 389 3672 1963 3745; baseline 0.001 -17"><span class='ocrx_word' id='word_1_292' title='bbox 389 3691 684 3745; x_wconf 69' lang='lat' dir='ltr'><strong>pauperum</strong></span> <span class='ocrx_word' id='word_1_293' title='bbox 736 3675 885 3743; x_wconf 89' lang='lat' dir='ltr'><strong>large</strong></span> <span class='ocrx_word' id='word_1_294' title='bbox 940 3672 1271 3735; x_wconf 74' lang='lat' dir='ltr'><strong>distributis.</strong></span> <span class='ocrx_word' id='word_1_295' title='bbox 1298 3674 1451 3743; x_wconf 76' lang='lat' dir='ltr'><strong>juxta</strong></span> <span class='ocrx_word' id='word_1_296' title='bbox 1477 3674 1763 3729; x_wconf 88' lang='lat' dir='ltr'><strong>consilium</strong></span> <span class='ocrx_word' id='word_1_297' title='bbox 1794 3689 1963 3729; x_wconf 83' lang='lat' dir='ltr'><strong>evan-</strong></span> 
     </span>
    </p>
   </div>
   <div class='ocr_carea' id='block_1_42' title="bbox 387 3761 1965 3833">
    <p class='ocr_par' dir='ltr' id='par_1_42' title="bbox 387 3761 1965 3833">
     <span class='ocr_line' id='line_1_42' title="bbox 387 3761 1965 3833; baseline 0.001 -17"><span class='ocrx_word' id='word_1_298' title='bbox 387 3765 621 3833; x_wconf 84' lang='lat' dir='ltr'><strong>gelicum</strong></span> <span class='ocrx_word' id='word_1_299' title='bbox 656 3780 671 3828; x_wconf 88' lang='lat'><strong>;</strong></span> <span class='ocrx_word' id='word_1_300' title='bbox 711 3762 916 3831; x_wconf 81' lang='lat' dir='ltr'><strong>peregit</strong></span> <span class='ocrx_word' id='word_1_301' title='bbox 952 3762 1101 3832; x_wconf 90' lang='lat' dir='ltr'><strong>pium</strong></span> <span class='ocrx_word' id='word_1_302' title='bbox 1125 3761 1362 3830; x_wconf 80' lang='lat' dir='ltr'><strong>felixque</strong></span> <span class='ocrx_word' id='word_1_303' title='bbox 1401 3776 1524 3816; x_wconf 90' lang='lat' dir='ltr'><strong>eum</strong></span> <span class='ocrx_word' id='word_1_304' title='bbox 1551 3763 1692 3817; x_wconf 86' lang='lat' dir='ltr'><strong>tltori</strong></span> <span class='ocrx_word' id='word_1_305' title='bbox 1709 3771 1965 3818; x_wconf 87' lang='lat' dir='ltr'><strong>consorte</strong></span> 
     </span>
    </p>
   </div>
   <div class='ocr_carea' id='block_1_43' title="bbox 387 3852 1967 3922">
    <p class='ocr_par' dir='ltr' id='par_1_43' title="bbox 387 3852 1967 3922">
     <span class='ocr_line' id='line_1_43' title="bbox 387 3852 1967 3922; baseline 0.003 -17"><span class='ocrx_word' id='word_1_306' title='bbox 387 3854 678 3906; x_wconf 82' lang='lat' dir='ltr'><strong>divortium</strong></span> <span class='ocrx_word' id='word_1_307' title='bbox 716 3853 889 3916; x_wconf 80' lang='lat' dir='ltr'><strong>Nilus,</strong></span> <span class='ocrx_word' id='word_1_308' title='bbox 930 3861 985 3907; x_wconf 91' lang='lat' dir='ltr'><strong>et</strong></span> <span class='ocrx_word' id='word_1_309' title='bbox 1029 3861 1264 3922; x_wconf 72' lang='lat' dir='ltr'><strong>quatuor</strong></span> <span class='ocrx_word' id='word_1_310' title='bbox 1302 3853 1375 3906; x_wconf 91' lang='lat' dir='ltr'><strong>illi</strong></span> <span class='ocrx_word' id='word_1_311' title='bbox 1405 3852 1755 3909; x_wconf 89' lang='lat' dir='ltr'><strong>beatitudinis</strong></span> <span class='ocrx_word' id='word_1_312' title='bbox 1786 3853 1967 3909; x_wconf 87' lang='lat' dir='ltr'><strong>candi-</strong></span> 
     </span>
    </p>
   </div>
   <div class='ocr_carea' id='block_1_44' title="bbox 387 3942 1957 4013">
    <p class='ocr_par' dir='ltr' id='par_1_44' title="bbox 387 3942 1957 4013">
     <span class='ocr_line' id='line_1_44' title="bbox 387 3942 1957 4013; baseline 0.001 -16"><span class='ocrx_word' id='word_1_313' title='bbox 387 3944 521 4008; x_wconf 82' lang='lat' dir='ltr'><strong>dati,</strong></span> <span class='ocrx_word' id='word_1_314' title='bbox 576 3943 776 4012; x_wconf 74' lang='lat' dir='ltr'><strong>egressi</strong></span> <span class='ocrx_word' id='word_1_315' title='bbox 833 3952 963 3997; x_wconf 87' lang='lat' dir='ltr'><strong>sunt</strong></span> <span class='ocrx_word' id='word_1_316' title='bbox 1015 3958 1046 3997; x_wconf 89' lang='lat' dir='ltr'><strong>e</strong></span> <span class='ocrx_word' id='word_1_317' title='bbox 1077 3944 1258 4008; x_wconf 88' lang='lat' dir='ltr'><strong>domo,</strong></span> <span class='ocrx_word' id='word_1_318' title='bbox 1280 3950 1332 3997; x_wconf 88' lang='lat' dir='ltr'><strong>et</strong></span> <span class='ocrx_word' id='word_1_319' title='bbox 1383 3942 1728 4013; x_wconf 86' lang='lat' dir='ltr'><strong>cognatione,</strong></span> <span class='ocrx_word' id='word_1_320' title='bbox 1759 3944 1957 3998; x_wconf 87' lang='lat' dir='ltr'><strong>unani-</strong></span> 
     </span>
    </p>
   </div>
   <div class='ocr_carea' id='block_1_45' title="bbox 390 4033 1964 4105">
    <p class='ocr_par' dir='ltr' id='par_1_45' title="bbox 390 4033 1964 4105">
     <span class='ocr_line' id='line_1_45' title="bbox 390 4033 1964 4105; baseline 0.003 -17"><span class='ocrx_word' id='word_1_321' title='bbox 390 4035 550 4089; x_wconf 87' lang='lat' dir='ltr'><strong>miter</strong></span> <span class='ocrx_word' id='word_1_322' title='bbox 574 4033 973 4103; x_wconf 77' lang='lat' dir='ltr'><strong>conspirantes.</strong></span> <span class='ocrx_word' id='word_1_323' title='bbox 1009 4033 1122 4089; x_wconf 91' lang='lat' dir='ltr'><strong>Sub</strong></span> <span class='ocrx_word' id='word_1_324' title='bbox 1146 4049 1347 4088; x_wconf 85' lang='lat' dir='ltr'><strong>annum</strong></span> <span class='ocrx_word' id='word_1_325' title='bbox 1371 4033 1497 4099; x_wconf 73' lang='grc'><strong>405,</strong></span> <span class='ocrx_word' id='word_1_326' title='bbox 1556 4034 1715 4103; x_wconf 89' lang='lat' dir='ltr'><strong>pulso</strong></span> <span class='ocrx_word' id='word_1_327' title='bbox 1763 4050 1964 4105; x_wconf 84' lang='lat' dir='ltr'><strong>nempe</strong></span> 
     </span>
    </p>
   </div>
   <div class='ocr_carea' id='block_1_46' title="bbox 390 4124 1963 4195">
    <p class='ocr_par' dir='ltr' id='par_1_46' title="bbox 390 4124 1963 4195">
     <span class='ocr_line' id='line_1_46' title="bbox 390 4124 1963 4195; baseline 0.003 -17"><span class='ocrx_word' id='word_1_328' title='bbox 390 4128 447 4178; x_wconf 89' lang='lat' dir='ltr'><strong>in</strong></span> <span class='ocrx_word' id='word_1_329' title='bbox 480 4126 733 4180; x_wconf 82' lang='lat' dir='ltr'><strong>exsilium</strong></span> <span class='ocrx_word' id='word_1_330' title='bbox 759 4124 1151 4195; x_wconf 77' lang='lat' dir='ltr'><strong>Chrysostomo</strong></span> <span class='ocrx_word' id='word_1_331' title='bbox 1183 4124 1393 4180; x_wconf 81' lang='lat' dir='ltr'><strong>Joanne</strong></span> <span class='ocrx_word' id='word_1_332' title='bbox 1414 4134 1651 4194; x_wconf 85' lang='lat' dir='ltr'><strong>pastore,</strong></span> <span class='ocrx_word' id='word_1_333' title='bbox 1681 4125 1798 4180; x_wconf 67' lang='lat' dir='ltr'><strong>istae</strong></span> <span class='ocrx_word' id='word_1_334' title='bbox 1832 4142 1963 4182; x_wconf 89' lang='lat' dir='ltr'><strong>oves</strong></span> 
     </span>
    </p>
   </div>
   <div class='ocr_carea' id='block_1_47' title="bbox 391 4216 1963 4286">
    <p class='ocr_par' dir='ltr' id='par_1_47' title="bbox 391 4216 1963 4286">
     <span class='ocr_line' id='line_1_47' title="bbox 391 4216 1963 4286; baseline 0.002 -20"><span class='ocrx_word' id='word_1_335' title='bbox 391 4216 761 4270; x_wconf 81' lang='lat' dir='ltr'><strong>voluntarium</strong></span> <span class='ocrx_word' id='word_1_336' title='bbox 816 4216 1102 4269; x_wconf 85' lang='lat' dir='ltr'><strong>subierunt</strong></span> <span class='ocrx_word' id='word_1_337' title='bbox 1159 4216 1435 4277; x_wconf 80' lang='lat' dir='ltr'><strong>exsilium.</strong></span> <span class='ocrx_word' id='word_1_338' title='bbox 1468 4216 1714 4286; x_wconf 86' lang='lat' dir='ltr'><strong>Arripuit</strong></span> <span class='ocrx_word' id='word_1_339' title='bbox 1743 4216 1846 4272; x_wconf 87' lang='lat' dir='ltr'><strong>iter</strong></span> <span class='ocrx_word' id='word_1_340' title='bbox 1870 4216 1963 4270; x_wconf 87' lang='lat' dir='ltr'><strong>Ni-</strong></span> 
     </span>
    </p>
   </div>
   <div class='ocr_carea' id='block_1_48' title="bbox 392 4300 1967 4373">
    <p class='ocr_par' dir='ltr' id='par_1_48' title="bbox 392 4300 1967 4373">
     <span class='ocr_line' id='line_1_48' title="bbox 392 4300 1967 4373; baseline 0.003 -16"><span class='ocrx_word' id='word_1_341' title='bbox 392 4300 476 4358; x_wconf 85' lang='lat' dir='ltr'><strong>lus</strong></span> <span class='ocrx_word' id='word_1_342' title='bbox 506 4305 570 4358; x_wconf 88' lang='lat' dir='ltr'><strong>ad</strong></span> <span class='ocrx_word' id='word_1_343' title='bbox 604 4315 838 4358; x_wconf 86' lang='lat' dir='ltr'><strong>montem</strong></span> <span class='ocrx_word' id='word_1_344' title='bbox 883 4304 1030 4357; x_wconf 87' lang='lat' dir='ltr'><strong>Sinai</strong></span> <span class='ocrx_word' id='word_1_345' title='bbox 1065 4320 1189 4359; x_wconf 91' lang='lat' dir='ltr'><strong>cum</strong></span> <span class='ocrx_word' id='word_1_346' title='bbox 1235 4305 1537 4373; x_wconf 86' lang='lat' dir='ltr'><strong>Theodulo,</strong></span> <span class='ocrx_word' id='word_1_347' title='bbox 1583 4307 1745 4361; x_wconf 89' lang='lat' dir='ltr'><strong>ambo</strong></span> <span class='ocrx_word' id='word_1_348' title='bbox 1775 4322 1967 4361; x_wconf 83' lang='lat' dir='ltr'><strong>mona-</strong></span> 
     </span>
    </p>
   </div>
   <div class='ocr_carea' id='block_1_49' title="bbox 2048 475 3648 544">
    <p class='ocr_par' dir='ltr' id='par_1_49' title="bbox 2048 475 3648 544">
     <span class='ocr_line' id='line_1_49' title="bbox 2048 475 3648 544; baseline -0.003 -12"><span class='ocrx_word' id='word_1_349' title='bbox 2048 482 2266 532; x_wconf 85' lang='lat' dir='ltr'><strong>inanem</strong></span> <span class='ocrx_word' id='word_1_350' title='bbox 2301 477 2676 532; x_wconf 83' lang='lat' dir='ltr'><strong>adurationem</strong></span> <span class='ocrx_word' id='word_1_351' title='bbox 2710 490 2852 529; x_wconf 83' lang='lat' dir='ltr'><strong>novo</strong></span> <span class='ocrx_word' id='word_1_352' title='bbox 2881 490 3080 544; x_wconf 87' lang='lat' dir='ltr'><strong>genere</strong></span> <span class='ocrx_word' id='word_1_353' title='bbox 3121 475 3364 530; x_wconf 89' lang='lat' dir='ltr'><strong>ambitus</strong></span> <span class='ocrx_word' id='word_1_354' title='bbox 3395 492 3472 531; x_wconf 77' lang='lat' dir='ltr'><strong>ex</strong></span> <span class='ocrx_word' id='word_1_355' title='bbox 3532 476 3648 529; x_wconf 85' lang='lat' dir='ltr'><strong>mi-</strong></span> 
     </span>
    </p>
   </div>
   <div class='ocr_carea' id='block_1_50' title="bbox 2045 566 3653 635">
    <p class='ocr_par' dir='ltr' id='par_1_50' title="bbox 2045 566 3653 635">
     <span class='ocr_line' id='line_1_50' title="bbox 2045 566 3653 635; baseline -0.001 -13"><span class='ocrx_word' id='word_1_356' title='bbox 2045 569 2207 632; x_wconf 82' lang='lat' dir='ltr'><strong>seria,</strong></span> <span class='ocrx_word' id='word_1_357' title='bbox 2240 583 2308 621; x_wconf 78' lang='lat' dir='ltr'><strong>ex</strong></span> <span class='ocrx_word' id='word_1_358' title='bbox 2362 567 2570 631; x_wconf 81' lang='lat' dir='ltr'><strong>illuvie,</strong></span> <span class='ocrx_word' id='word_1_359' title='bbox 2617 566 2852 635; x_wconf 86' lang='lat' dir='ltr'><strong>ﬁctaque</strong></span> <span class='ocrx_word' id='word_1_360' title='bbox 2925 566 3093 619; x_wconf 86' lang='lat' dir='ltr'><strong>animi</strong></span> <span class='ocrx_word' id='word_1_361' title='bbox 3139 566 3514 635; x_wconf 82' lang='lat' dir='ltr'><strong>despicientia</strong></span> <span class='ocrx_word' id='word_1_362' title='bbox 3574 577 3653 620; x_wconf 82' lang='lat' dir='ltr'><strong>te-</strong></span> 
     </span>
    </p>
   </div>
   <div class='ocr_carea' id='block_1_51' title="bbox 2046 659 3653 730">
    <p class='ocr_par' dir='ltr' id='par_1_51' title="bbox 2046 659 3653 730">
     <span class='ocr_line' id='line_1_51' title="bbox 2046 659 3653 730; baseline -0.001 -15"><span class='ocrx_word' id='word_1_363' title='bbox 2046 671 2233 730; x_wconf 62' lang='lat' dir='ltr'><strong>gentes</strong></span> <span class='ocrx_word' id='word_1_364' title='bbox 2262 660 2447 714; x_wconf 91' lang='lat' dir='ltr'><strong>cinere</strong></span> <span class='ocrx_word' id='word_1_365' title='bbox 2479 659 2796 713; x_wconf 63' lang='lat' dir='ltr'><strong>monasticae</strong></span> <span class='ocrx_word' id='word_1_366' title='bbox 2838 660 3026 721; x_wconf 84' lang='lat' dir='ltr'><strong>vestis,</strong></span> <span class='ocrx_word' id='word_1_367' title='bbox 3084 668 3139 713; x_wconf 90' lang='lat' dir='ltr'><strong>et</strong></span> <span class='ocrx_word' id='word_1_368' title='bbox 3186 660 3283 714; x_wconf 79' lang='lat' dir='ltr'><strong>vili</strong></span> <span class='ocrx_word' id='word_1_369' title='bbox 3357 659 3653 715; x_wconf 68' lang='lat' dir='ltr'><strong>schemate</strong></span> 
     </span>
    </p>
   </div>
   <div class='ocr_carea' id='block_1_52' title="bbox 2050 749 3649 819">
    <p class='ocr_par' dir='ltr' id='par_1_52' title="bbox 2050 749 3649 819">
     <span class='ocr_line' id='line_1_52' title="bbox 2050 749 3649 819; baseline 0 -15"><span class='ocrx_word' id='word_1_370' title='bbox 2050 750 2182 805; x_wconf 88' lang='lat' dir='ltr'><strong>illud</strong></span> <span class='ocrx_word' id='word_1_371' title='bbox 2228 749 2544 805; x_wconf 70' lang='lat' dir='ltr'><strong>cenodoxite</strong></span> <span class='ocrx_word' id='word_1_372' title='bbox 2575 749 2883 803; x_wconf 83' lang='lat' dir='ltr'><strong>incendium</strong></span> <span class='ocrx_word' id='word_1_373' title='bbox 2917 764 3026 819; x_wconf 90' lang='lat' dir='ltr'><strong>quo</strong></span> <span class='ocrx_word' id='word_1_374' title='bbox 3057 752 3427 805; x_wconf 78' lang='lat' dir='ltr'><strong>exardeseuut</strong></span> <span class='ocrx_word' id='word_1_375' title='bbox 3464 751 3649 813; x_wconf 83' lang='lat' dir='ltr'><strong>intus,</strong></span> 
     </span>
    </p>
   </div>
   <div class='ocr_carea' id='block_1_53' title="bbox 2048 840 3657 911">
    <p class='ocr_par' dir='ltr' id='par_1_53' title="bbox 2048 840 3657 911">
     <span class='ocr_line' id='line_1_53' title="bbox 2048 840 3657 911; baseline 0.002 -15"><span class='ocrx_word' id='word_1_376' title='bbox 2048 854 2225 911; x_wconf 88' lang='lat' dir='ltr'><strong>neque</strong></span> <span class='ocrx_word' id='word_1_377' title='bbox 2255 840 2665 911; x_wconf 88' lang='lat' dir='ltr'><strong>periclitabatur</strong></span> <span class='ocrx_word' id='word_1_378' title='bbox 2693 841 2745 893; x_wconf 95' lang='lat' dir='ltr'><strong>in</strong></span> <span class='ocrx_word' id='word_1_379' title='bbox 2802 840 3159 909; x_wconf 87' lang='lat' dir='ltr'><strong>applausibus</strong></span> <span class='ocrx_word' id='word_1_380' title='bbox 3200 842 3319 909; x_wconf 86' lang='lat' dir='ltr'><strong>ejus</strong></span> <span class='ocrx_word' id='word_1_381' title='bbox 3350 842 3657 899; x_wconf 79' lang='lat' dir='ltr'><strong>sanctitas.</strong></span> 
     </span>
    </p>
   </div>
   <div class='ocr_carea' id='block_1_54' title="bbox 2050 934 3659 1004">
    <p class='ocr_par' dir='ltr' id='par_1_54' title="bbox 2050 934 3659 1004">
     <span class='ocr_line' id='line_1_54' title="bbox 2050 934 3659 1004; baseline -0.001 -15"><span class='ocrx_word' id='word_1_382' title='bbox 2050 951 2150 990; x_wconf 87' lang='lat' dir='ltr'><strong>nec</strong></span> <span class='ocrx_word' id='word_1_383' title='bbox 2179 942 2297 991; x_wconf 87' lang='lat' dir='ltr'><strong>erat</strong></span> <span class='ocrx_word' id='word_1_384' title='bbox 2338 934 2636 989; x_wconf 89' lang='lat' dir='ltr'><strong>timendum</strong></span> <span class='ocrx_word' id='word_1_385' title='bbox 2658 949 2727 988; x_wconf 91' lang='lat' dir='ltr'><strong>ne</strong></span> <span class='ocrx_word' id='word_1_386' title='bbox 2753 934 2940 989; x_wconf 86' lang='lat' dir='ltr'><strong>laudes</strong></span> <span class='ocrx_word' id='word_1_387' title='bbox 2997 950 3119 1004; x_wconf 74' lang='lat' dir='ltr'><strong>qua:</strong></span> <span class='ocrx_word' id='word_1_388' title='bbox 3148 936 3246 1004; x_wconf 87' lang='lat' dir='ltr'><strong>ipsi</strong></span> <span class='ocrx_word' id='word_1_389' title='bbox 3282 936 3659 989; x_wconf 80' lang='lat' dir='ltr'><strong>ascribeban-</strong></span> 
     </span>
    </p>
   </div>
   <div class='ocr_carea' id='block_1_55' title="bbox 2051 1025 3667 1096">
    <p class='ocr_par' dir='ltr' id='par_1_55' title="bbox 2051 1025 3667 1096">
     <span class='ocr_line' id='line_1_55' title="bbox 2051 1025 3667 1096; baseline -0.001 -15"><span class='ocrx_word' id='word_1_390' title='bbox 2051 1038 2159 1093; x_wconf 89' lang='lat' dir='ltr'><strong>tur,</strong></span> <span class='ocrx_word' id='word_1_391' title='bbox 2193 1034 2629 1096; x_wconf 87' lang='lat' dir='ltr'><strong>corrumperent,</strong></span> <span class='ocrx_word' id='word_1_392' title='bbox 2662 1040 2726 1080; x_wconf 88' lang='lat' dir='ltr'><strong>ac</strong></span> <span class='ocrx_word' id='word_1_393' title='bbox 2762 1025 3132 1090; x_wconf 86' lang='lat' dir='ltr'><strong>decoquereut</strong></span> <span class='ocrx_word' id='word_1_394' title='bbox 3184 1027 3479 1090; x_wconf 71' lang='lat' dir='ltr'><strong>virtutum.</strong></span> <span class='ocrx_word' id='word_1_395' title='bbox 3528 1028 3667 1095; x_wconf 83' lang='lat' dir='ltr'><strong>qui-</strong></span> 
     </span>
    </p>
   </div>
   <div class='ocr_carea' id='block_1_56' title="bbox 2051 1116 3660 1189">
    <p class='ocr_par' dir='ltr' id='par_1_56' title="bbox 2051 1116 3660 1189">
     <span class='ocr_line' id='line_1_56' title="bbox 2051 1116 3660 1189; baseline -0.001 -16"><span class='ocrx_word' id='word_1_396' title='bbox 2051 1119 2152 1174; x_wconf 88' lang='lat' dir='ltr'><strong>bus</strong></span> <span class='ocrx_word' id='word_1_397' title='bbox 2177 1128 2403 1173; x_wconf 90' lang='lat' dir='ltr'><strong>ornatus</strong></span> <span class='ocrx_word' id='word_1_398' title='bbox 2427 1128 2565 1181; x_wconf 87' lang='lat' dir='ltr'><strong>erat,</strong></span> <span class='ocrx_word' id='word_1_399' title='bbox 2609 1116 2770 1171; x_wconf 86' lang='lat' dir='ltr'><strong>flores</strong></span> <span class='ocrx_word' id='word_1_400' title='bbox 2811 1127 2865 1173; x_wconf 90' lang='lat' dir='ltr'><strong>et</strong></span> <span class='ocrx_word' id='word_1_401' title='bbox 2917 1116 3148 1183; x_wconf 92' lang='lat' dir='ltr'><strong>fructus,</strong></span> <span class='ocrx_word' id='word_1_402' title='bbox 3199 1120 3356 1188; x_wconf 84' lang='lat' dir='ltr'><strong>quasi</strong></span> <span class='ocrx_word' id='word_1_403' title='bbox 3427 1135 3660 1189; x_wconf 82' lang='lat' dir='ltr'><strong>gemma</strong></span> 
     </span>
    </p>
   </div>
   <div class='ocr_carea' id='block_1_57' title="bbox 2052 1211 3661 1281">
    <p class='ocr_par' dir='ltr' id='par_1_57' title="bbox 2052 1211 3661 1281">
     <span class='ocr_line' id='line_1_57' title="bbox 2052 1211 3661 1281; baseline 0.001 -16"><span class='ocrx_word' id='word_1_404' title='bbox 2052 1221 2423 1281; x_wconf 88' lang='lat' dir='ltr'><strong>erumpentes,</strong></span> <span class='ocrx_word' id='word_1_405' title='bbox 2484 1219 2827 1279; x_wconf 90' lang='lat' dir='ltr'><strong>mentemque</strong></span> <span class='ocrx_word' id='word_1_406' title='bbox 2897 1211 3171 1279; x_wconf 78' lang='lat' dir='ltr'><strong>voluptate</strong></span> <span class='ocrx_word' id='word_1_407' title='bbox 3257 1212 3661 1266; x_wconf 79' lang='lat' dir='ltr'><strong>abhlandiente</strong></span> 
     </span>
    </p>
   </div>
   <div class='ocr_carea' id='block_1_58' title="bbox 2057 1303 3661 1373">
    <p class='ocr_par' dir='ltr' id='par_1_58' title="bbox 2057 1303 3661 1373">
     <span class='ocr_line' id='line_1_58' title="bbox 2057 1303 3661 1373; baseline 0.001 -18"><span class='ocrx_word' id='word_1_408' title='bbox 2057 1303 2334 1373; x_wconf 71' lang='lat' dir='ltr'><strong>perfusam</strong></span> <span class='ocrx_word' id='word_1_409' title='bbox 2372 1304 2661 1373; x_wconf 84' lang='lat' dir='ltr'><strong>plusquam</strong></span> <span class='ocrx_word' id='word_1_410' title='bbox 2695 1317 2793 1371; x_wconf 90' lang='lat' dir='ltr'><strong>par</strong></span> <span class='ocrx_word' id='word_1_411' title='bbox 2825 1312 2993 1365; x_wconf 83' lang='lat' dir='ltr'><strong>esset,</strong></span> <span class='ocrx_word' id='word_1_412' title='bbox 3054 1312 3109 1356; x_wconf 92' lang='lat' dir='ltr'><strong>ut</strong></span> <span class='ocrx_word' id='word_1_413' title='bbox 3170 1303 3325 1370; x_wconf 87' lang='lat' dir='ltr'><strong>lapsu</strong></span> <span class='ocrx_word' id='word_1_414' title='bbox 3389 1305 3661 1373; x_wconf 80' lang='lat' dir='ltr'><strong>graviore</strong></span> 
     </span>
    </p>
   </div>
   <div class='ocr_carea' id='block_1_59' title="bbox 2057 1394 3663 1462">
    <p class='ocr_par' dir='ltr' id='par_1_59' title="bbox 2057 1394 3663 1462">
     <span class='ocr_line' id='line_1_59' title="bbox 2057 1394 3663 1462; baseline 0.001 -13"><span class='ocrx_word' id='word_1_415' title='bbox 2057 1404 2257 1460; x_wconf 84' lang='lat' dir='ltr'><strong>rueret,</strong></span> <span class='ocrx_word' id='word_1_416' title='bbox 2288 1395 2650 1459; x_wconf 75' lang='lat' dir='ltr'><strong>extollerent;</strong></span> <span class='ocrx_word' id='word_1_417' title='bbox 2693 1408 2760 1448; x_wconf 90' lang='lat' dir='ltr'><strong>eo</strong></span> <span class='ocrx_word' id='word_1_418' title='bbox 2792 1394 3027 1447; x_wconf 91' lang='lat' dir='ltr'><strong>citatiori</strong></span> <span class='ocrx_word' id='word_1_419' title='bbox 3098 1396 3289 1462; x_wconf 81' lang='lat' dir='ltr'><strong>gradu.</strong></span> <span class='ocrx_word' id='word_1_420' title='bbox 3351 1410 3412 1449; x_wconf 89' lang='lat' dir='ltr'><strong>se</strong></span> <span class='ocrx_word' id='word_1_421' title='bbox 3474 1398 3663 1451; x_wconf 81' lang='lat' dir='ltr'><strong>oculis</strong></span> 
     </span>
    </p>
   </div>
   <div class='ocr_carea' id='block_1_60' title="bbox 2055 1485 3662 1553">
    <p class='ocr_par' dir='ltr' id='par_1_60' title="bbox 2055 1485 3662 1553">
     <span class='ocr_line' id='line_1_60' title="bbox 2055 1485 3662 1553; baseline 0.001 -12"><span class='ocrx_word' id='word_1_422' title='bbox 2055 1501 2243 1541; x_wconf 87' lang='lat' dir='ltr'><strong>eorum</strong></span> <span class='ocrx_word' id='word_1_423' title='bbox 2280 1485 2658 1549; x_wconf 82' lang='lat' dir='ltr'><strong>subtrahebat,</strong></span> <span class='ocrx_word' id='word_1_424' title='bbox 2696 1494 2750 1538; x_wconf 91' lang='lat' dir='ltr'><strong>et</strong></span> <span class='ocrx_word' id='word_1_425' title='bbox 2777 1500 2938 1540; x_wconf 87' lang='lat' dir='ltr'><strong>aures</strong></span> <span class='ocrx_word' id='word_1_426' title='bbox 2970 1486 3292 1541; x_wconf 84' lang='lat' dir='ltr'><strong>obstrucbat</strong></span> <span class='ocrx_word' id='word_1_427' title='bbox 3330 1486 3517 1553; x_wconf 84' lang='lat' dir='ltr'><strong>Nilus,</strong></span> <span class='ocrx_word' id='word_1_428' title='bbox 3555 1503 3662 1542; x_wconf 85' lang='lat' dir='ltr'><strong>ne-</strong></span> 
     </span>
    </p>
   </div>
   <div class='ocr_carea' id='block_1_61' title="bbox 2056 1578 3663 1649">
    <p class='ocr_par' dir='ltr' id='par_1_61' title="bbox 2056 1578 3663 1649">
     <span class='ocr_line' id='line_1_61' title="bbox 2056 1578 3663 1649; baseline 0.002 -20"><span class='ocrx_word' id='word_1_429' title='bbox 2056 1595 2162 1649; x_wconf 83' lang='lat' dir='ltr'><strong>que</strong></span> <span class='ocrx_word' id='word_1_430' title='bbox 2200 1587 2577 1647; x_wconf 87' lang='lat' dir='ltr'><strong>cognatorum,</strong></span> <span class='ocrx_word' id='word_1_431' title='bbox 2613 1587 2707 1631; x_wconf 87' lang='lat' dir='ltr'><strong>aut</strong></span> <span class='ocrx_word' id='word_1_432' title='bbox 2733 1578 3047 1643; x_wconf 89' lang='lat' dir='ltr'><strong>charorum,</strong></span> <span class='ocrx_word' id='word_1_433' title='bbox 3089 1580 3170 1633; x_wconf 81' lang='lat' dir='ltr'><strong>vel</strong></span> <span class='ocrx_word' id='word_1_434' title='bbox 3213 1595 3513 1634; x_wconf 85' lang='lat' dir='ltr'><strong>servorum</strong></span> <span class='ocrx_word' id='word_1_435' title='bbox 3580 1583 3663 1633; x_wconf 82' lang='lat' dir='ltr'><strong>la-</strong></span> 
     </span>
    </p>
   </div>
   <div class='ocr_carea' id='block_1_62' title="bbox 2058 1665 3659 1739">
    <p class='ocr_par' dir='ltr' id='par_1_62' title="bbox 2058 1665 3659 1739">
     <span class='ocr_line' id='line_1_62' title="bbox 2058 1665 3659 1739; baseline 0.001 -18"><span class='ocrx_word' id='word_1_436' title='bbox 2058 1668 2259 1739; x_wconf 83' lang='lat' dir='ltr'><strong>erymis</strong></span> <span class='ocrx_word' id='word_1_437' title='bbox 2289 1666 2557 1720; x_wconf 79' lang='lat' dir='ltr'><strong>tantillum</strong></span> <span class='ocrx_word' id='word_1_438' title='bbox 2591 1665 3025 1735; x_wconf 91' lang='lat' dir='ltr'><strong>permovebatur,</strong></span> <span class='ocrx_word' id='word_1_439' title='bbox 3064 1667 3226 1721; x_wconf 88' lang='lat' dir='ltr'><strong>siccis</strong></span> <span class='ocrx_word' id='word_1_440' title='bbox 3280 1668 3399 1737; x_wconf 86' lang='lat' dir='ltr'><strong>ipse</strong></span> <span class='ocrx_word' id='word_1_441' title='bbox 3470 1670 3659 1723; x_wconf 82' lang='lat' dir='ltr'><strong>oculis</strong></span> 
     </span>
    </p>
   </div>
   <div class='ocr_carea' id='block_1_63' title="bbox 2058 1757 3664 1823">
    <p class='ocr_par' dir='ltr' id='par_1_63' title="bbox 2058 1757 3664 1823">
     <span class='ocr_line' id='line_1_63' title="bbox 2058 1757 3664 1823; baseline 0.001 -10"><span class='ocrx_word' id='word_1_442' title='bbox 2058 1760 2123 1813; x_wconf 85' lang='lat' dir='ltr'><strong>ad</strong></span> <span class='ocrx_word' id='word_1_443' title='bbox 2160 1758 2417 1813; x_wconf 83' lang='lat' dir='ltr'><strong>vexillum</strong></span> <span class='ocrx_word' id='word_1_444' title='bbox 2476 1757 2659 1812; x_wconf 91' lang='lat' dir='ltr'><strong>erucis</strong></span> <span class='ocrx_word' id='word_1_445' title='bbox 2706 1757 3051 1823; x_wconf 86' lang='lat' dir='ltr'><strong>convolabat,</strong></span> <span class='ocrx_word' id='word_1_446' title='bbox 3122 1767 3270 1812; x_wconf 91' lang='lat' dir='ltr'><strong>tanto</strong></span> <span class='ocrx_word' id='word_1_447' title='bbox 3331 1760 3664 1814; x_wconf 81' lang='lat' dir='ltr'><strong>solitudinis</strong></span> 
     </span>
    </p>
   </div>
   <div class='ocr_carea' id='block_1_64' title="bbox 2059 1848 3662 1918">
    <p class='ocr_par' dir='ltr' id='par_1_64' title="bbox 2059 1848 3662 1918">
     <span class='ocr_line' id='line_1_64' title="bbox 2059 1848 3662 1918; baseline 0.002 -14"><span class='ocrx_word' id='word_1_448' title='bbox 2059 1865 2247 1904; x_wconf 88' lang='lat' dir='ltr'><strong>amore</strong></span> <span class='ocrx_word' id='word_1_449' title='bbox 2287 1848 2551 1918; x_wconf 79' lang='lat' dir='ltr'><strong>ﬂagrabat</strong></span> <span class='ocrx_word' id='word_1_450' title='bbox 2592 1848 2729 1903; x_wconf 66' lang='lat' dir='ltr'><strong>aulae</strong></span> <span class='ocrx_word' id='word_1_451' title='bbox 2748 1856 3009 1917; x_wconf 64' lang='lat' dir='ltr'><strong>pertaesus</strong></span> <span class='ocrx_word' id='word_1_452' title='bbox 3040 1850 3304 1904; x_wconf 89' lang='lat' dir='ltr'><strong>lubricum</strong></span> <span class='ocrx_word' id='word_1_453' title='bbox 3332 1868 3349 1917; x_wconf 85' lang='lat'><strong>;</strong></span> <span class='ocrx_word' id='word_1_454' title='bbox 3381 1851 3662 1907; x_wconf 82' lang='lat' dir='ltr'><strong>insonue-</strong></span> 
     </span>
    </p>
   </div>
   <div class='ocr_carea' id='block_1_65' title="bbox 2062 1936 3657 2012">
    <p class='ocr_par' dir='ltr' id='par_1_65' title="bbox 2062 1936 3657 2012">
     <span class='ocr_line' id='line_1_65' title="bbox 2062 1936 3657 2012; baseline 0.001 -17"><span class='ocrx_word' id='word_1_455' title='bbox 2062 1951 2142 1995; x_wconf 86' lang='lat' dir='ltr'><strong>rat</strong></span> <span class='ocrx_word' id='word_1_456' title='bbox 2174 1941 2248 1995; x_wconf 90' lang='lat' dir='ltr'><strong>illi</strong></span> <span class='ocrx_word' id='word_1_457' title='bbox 2272 1941 2668 2011; x_wconf 68' lang='lat' dir='ltr'><strong>apophtbegma</strong></span> <span class='ocrx_word' id='word_1_458' title='bbox 2709 1940 2839 1994; x_wconf 89' lang='lat' dir='ltr'><strong>illttd</strong></span> <span class='ocrx_word' id='word_1_459' title='bbox 2882 1941 3066 1993; x_wconf 90' lang='lat' dir='ltr'><strong>tritum</strong></span> <span class='ocrx_word' id='word_1_460' title='bbox 3103 1958 3117 1993; x_wconf 90' lang='lat'><strong>:</strong></span> <span class='ocrx_word' id='word_1_461' title='bbox 3150 1939 3319 1995; x_wconf 67' lang='lat' dir='ltr'><strong>Exeat</strong></span> <span class='ocrx_word' id='word_1_462' title='bbox 3368 1936 3519 1995; x_wconf 72' lang='lat' dir='ltr'><strong>aula</strong></span> <span class='ocrx_word' id='word_1_463' title='bbox 3570 1946 3657 2012; x_wconf 73' lang='lat' dir='ltr'><strong>qui</strong></span> 
     </span>
    </p>
   </div>
   <div class='ocr_carea' id='block_1_66' title="bbox 2059 2031 3660 2103">
    <p class='ocr_par' dir='ltr' id='par_1_66' title="bbox 2059 2031 3660 2103">
     <span class='ocr_line' id='line_1_66' title="bbox 2059 2031 3660 2103; baseline 0.001 -17"><span class='ocrx_word' id='word_1_464' title='bbox 2059 2032 2189 2086; x_wconf 76' lang='lat' dir='ltr'><strong>rotet</strong></span> <span class='ocrx_word' id='word_1_465' title='bbox 2238 2049 2346 2087; x_wconf 73' lang='lat' dir='ltr'><strong>esse</strong></span> <span class='ocrx_word' id='word_1_466' title='bbox 2384 2034 2502 2101; x_wconf 77' lang='lat' dir='ltr'><strong>pius</strong></span> <span class='ocrx_word' id='word_1_467' title='bbox 2528 2047 2549 2097; x_wconf 87' lang='lat'><strong><em>;</em></strong></span> <span class='ocrx_word' id='word_1_468' title='bbox 2580 2044 2745 2101; x_wconf 87' lang='lat' dir='ltr'><strong>utque</strong></span> <span class='ocrx_word' id='word_1_469' title='bbox 2782 2031 2918 2086; x_wconf 90' lang='lat' dir='ltr'><strong>alter</strong></span> <span class='ocrx_word' id='word_1_470' title='bbox 2959 2032 3270 2088; x_wconf 90' lang='lat' dir='ltr'><strong>succinuit:</strong></span> <span class='ocrx_word' id='word_1_471' title='bbox 3329 2034 3660 2103; x_wconf 65' lang='lat' dir='ltr'><strong>Quicunque</strong></span> 
     </span>
    </p>
   </div>
   <div class='ocr_carea' id='block_1_67' title="bbox 2059 2125 3657 2195">
    <p class='ocr_par' dir='ltr' id='par_1_67' title="bbox 2059 2125 3657 2195">
     <span class='ocr_line' id='line_1_67' title="bbox 2059 2125 3657 2195; baseline 0.002 -18"><span class='ocrx_word' id='word_1_472' title='bbox 2059 2126 2128 2177; x_wconf 87' lang='lat' dir='ltr'><strong>ad</strong></span> <span class='ocrx_word' id='word_1_473' title='bbox 2154 2134 2302 2178; x_wconf 82' lang='lat' dir='ltr'><strong>astra</strong></span> <span class='ocrx_word' id='word_1_474' title='bbox 2336 2125 2502 2179; x_wconf 79' lang='lat' dir='ltr'><strong>tendit</strong></span> <span class='ocrx_word' id='word_1_475' title='bbox 2537 2134 2588 2179; x_wconf 86' lang='lat' dir='ltr'><strong>et</strong></span> <span class='ocrx_word' id='word_1_476' title='bbox 2619 2125 2766 2195; x_wconf 74' lang='lat' dir='ltr'><strong>sequi</strong></span> <span class='ocrx_word' id='word_1_477' title='bbox 2791 2126 2937 2195; x_wconf 84' lang='lat' dir='ltr'><strong>cupit</strong></span> <span class='ocrx_word' id='word_1_478' title='bbox 2979 2126 3189 2181; x_wconf 76' lang='lat' dir='ltr'><strong>virtutis</strong></span> <span class='ocrx_word' id='word_1_479' title='bbox 3215 2127 3373 2180; x_wconf 72' lang='lat' dir='ltr'><strong>decus</strong></span> <span class='ocrx_word' id='word_1_480' title='bbox 3400 2144 3657 2192; x_wconf 77' lang='lat' dir='ltr'><strong>aureum,</strong></span> 
     </span>
    </p>
   </div>
   <div class='ocr_carea' id='block_1_68' title="bbox 2062 2216 3221 2287">
    <p class='ocr_par' dir='ltr' id='par_1_68' title="bbox 2062 2216 3221 2287">
     <span class='ocr_line' id='line_1_68' title="bbox 2062 2216 3221 2287; baseline 0.003 -19"><span class='ocrx_word' id='word_1_481' title='bbox 2062 2216 2321 2287; x_wconf 82' lang='lat' dir='ltr'><strong>relinquat</strong></span> <span class='ocrx_word' id='word_1_482' title='bbox 2345 2216 2525 2270; x_wconf 86' lang='lat' dir='ltr'><strong>aulam</strong></span> <span class='ocrx_word' id='word_1_483' title='bbox 2553 2226 2601 2271; x_wconf 87' lang='lat' dir='ltr'><strong>et</strong></span> <span class='ocrx_word' id='word_1_484' title='bbox 2625 2223 2906 2271; x_wconf 73' lang='lat' dir='ltr'><strong>mtuant&#39;es</strong></span> <span class='ocrx_word' id='word_1_485' title='bbox 2934 2234 3221 2287; x_wconf 75' lang='lat' dir='ltr'><strong>purpuras.</strong></span> 
     </span>
    </p>
   </div>
   <div class='ocr_carea' id='block_1_69' title="bbox 2134 2306 3663 2374">
    <p class='ocr_par' dir='ltr' id='par_1_69' title="bbox 2134 2306 3663 2374">
     <span class='ocr_line' id='line_1_69' title="bbox 2134 2306 3663 2374; baseline 0.003 -14"><span class='ocrx_word' id='word_1_486' title='bbox 2134 2306 2286 2363; x_wconf 81' lang='lat' dir='ltr'><strong>Mons</strong></span> <span class='ocrx_word' id='word_1_487' title='bbox 2317 2308 2493 2372; x_wconf 89' lang='lat' dir='ltr'><strong>Sinai,</strong></span> <span class='ocrx_word' id='word_1_488' title='bbox 2525 2324 2619 2363; x_wconf 89' lang='lat' dir='ltr'><strong>seu</strong></span> <span class='ocrx_word' id='word_1_489' title='bbox 2650 2308 2781 2363; x_wconf 88' lang='lat' dir='ltr'><strong>Sina</strong></span> <span class='ocrx_word' id='word_1_490' title='bbox 2808 2317 2890 2363; x_wconf 89' lang='lat' dir='ltr'><strong>est</strong></span> <span class='ocrx_word' id='word_1_491' title='bbox 2919 2310 2970 2363; x_wconf 91' lang='lat' dir='ltr'><strong>in</strong></span> <span class='ocrx_word' id='word_1_492' title='bbox 3007 2310 3229 2374; x_wconf 83' lang='lat' dir='ltr'><strong>Arabia,</strong></span> <span class='ocrx_word' id='word_1_493' title='bbox 3255 2322 3454 2365; x_wconf 86' lang='lat' dir='ltr'><strong>saneto</strong></span> <span class='ocrx_word' id='word_1_494' title='bbox 3488 2309 3663 2365; x_wconf 80' lang='lat' dir='ltr'><strong>Paulo</strong></span> 
     </span>
    </p>
   </div>
   <div class='ocr_carea' id='block_1_70' title="bbox 2062 2398 3664 2470">
    <p class='ocr_par' dir='ltr' id='par_1_70' title="bbox 2062 2398 3664 2470">
     <span class='ocr_line' id='line_1_70' title="bbox 2062 2398 3664 2470; baseline 0.004 -19"><span class='ocrx_word' id='word_1_495' title='bbox 2062 2398 2309 2467; x_wconf 77' lang='lat' dir='ltr'><strong>apostolo</strong></span> <span class='ocrx_word' id='word_1_496' title='bbox 2342 2407 2564 2453; x_wconf 88' lang='lat' dir='ltr'><strong>auctore</strong></span> <span class='ocrx_word' id='word_1_497' title='bbox 2591 2413 2641 2454; x_wconf 94' lang='lat' dir='ltr'><strong>c.</strong></span> <span class='ocrx_word' id='word_1_498' title='bbox 2678 2415 2751 2466; x_wconf 85' lang='lat' dir='ltr'><strong>tv,</strong></span> <span class='ocrx_word' id='word_1_499' title='bbox 2781 2399 2874 2464; x_wconf 73' lang='grc'><strong>25,</strong></span> <span class='ocrx_word' id='word_1_500' title='bbox 2910 2400 2975 2454; x_wconf 89' lang='lat' dir='ltr'><strong>ad</strong></span> <span class='ocrx_word' id='word_1_501' title='bbox 3007 2399 3245 2466; x_wconf 83' lang='lat' dir='ltr'><strong>Galatas,</strong></span> <span class='ocrx_word' id='word_1_502' title='bbox 3298 2417 3508 2470; x_wconf 73' lang='lat' dir='ltr'><strong>nt&#39;tnpe</strong></span> <span class='ocrx_word' id='word_1_503' title='bbox 3564 2403 3664 2456; x_wconf 73' lang='lat' dir='ltr'><strong>Pe-</strong></span> 
     </span>
    </p>
   </div>
   <div class='ocr_carea' id='block_1_71' title="bbox 2064 2490 3657 2561">
    <p class='ocr_par' dir='ltr' id='par_1_71' title="bbox 2064 2490 3657 2561">
     <span class='ocr_line' id='line_1_71' title="bbox 2064 2490 3657 2561; baseline -0.002 -16"><span class='ocrx_word' id='word_1_504' title='bbox 2064 2500 2214 2556; x_wconf 63' lang='lat' dir='ltr'><strong>traea,</strong></span> <span class='ocrx_word' id='word_1_505' title='bbox 2253 2491 2343 2545; x_wconf 88' lang='lat' dir='ltr'><strong>ubi</strong></span> <span class='ocrx_word' id='word_1_506' title='bbox 2386 2490 2590 2561; x_wconf 80' lang='grc' dir='ltr'>μέλανα</span> <span class='ocrx_word' id='word_1_507' title='bbox 2623 2491 2725 2561; x_wconf 74' lang='grc' dir='ltr'><strong>ὅρη</strong></span> <span class='ocrx_word' id='word_1_508' title='bbox 2759 2491 3007 2545; x_wconf 86' lang='lat' dir='ltr'><strong>locantur</strong></span> <span class='ocrx_word' id='word_1_509' title='bbox 3030 2508 3057 2543; x_wconf 86' lang='lat' dir='ltr'><strong>a</strong></span> <span class='ocrx_word' id='word_1_510' title='bbox 3092 2491 3409 2558; x_wconf 68' lang='lat' dir='ltr'><strong>Ptolemaeo,</strong></span> <span class='ocrx_word' id='word_1_511' title='bbox 3440 2494 3545 2546; x_wconf 91' lang='lat' dir='ltr'><strong>lib.</strong></span> <span class='ocrx_word' id='word_1_512' title='bbox 3605 2511 3657 2559; x_wconf 72' lang='grc' dir='ltr'><strong>ν,</strong></span> 
     </span>
    </p>
   </div>
   <div class='ocr_carea' id='block_1_72' title="bbox 2062 2578 3663 2651">
    <p class='ocr_par' dir='ltr' id='par_1_72' title="bbox 2062 2578 3663 2651">
     <span class='ocr_line' id='line_1_72' title="bbox 2062 2578 3663 2651; baseline 0.001 -18"><span class='ocrx_word' id='word_1_513' title='bbox 2062 2597 2110 2634; x_wconf 91' lang='lat' dir='ltr'><strong>c.</strong></span> <span class='ocrx_word' id='word_1_514' title='bbox 2147 2580 2234 2643; x_wconf 83' lang='lat' dir='ltr'><strong>l7,</strong></span> <span class='ocrx_word' id='word_1_515' title='bbox 2265 2578 2555 2649; x_wconf 79' lang='lat' dir='ltr'><strong>Geograph.</strong></span> <span class='ocrx_word' id='word_1_516' title='bbox 2588 2597 2619 2634; x_wconf 72' lang='grc' dir='ltr'><strong>ιι</strong></span> <span class='ocrx_word' id='word_1_517' title='bbox 2660 2591 2848 2635; x_wconf 89' lang='lat' dir='ltr'><strong>sancto</strong></span> <span class='ocrx_word' id='word_1_518' title='bbox 2879 2580 3232 2651; x_wconf 76' lang='lat' dir='ltr'><strong>Hieronymo.</strong></span> <span class='ocrx_word' id='word_1_519' title='bbox 3266 2579 3523 2635; x_wconf 71' lang='lat' dir='ltr'><strong>Sittazum</strong></span> <span class='ocrx_word' id='word_1_520' title='bbox 3568 2598 3663 2635; x_wconf 53' lang='lat' dir='ltr'><strong>to.</strong></span> 
     </span>
    </p>
   </div>
   <div class='ocr_carea' id='block_1_73' title="bbox 2061 2669 3656 2743">
    <p class='ocr_par' dir='ltr' id='par_1_73' title="bbox 2061 2669 3656 2743">
     <span class='ocr_line' id='line_1_73' title="bbox 2061 2669 3656 2743; baseline -0.001 -16"><span class='ocrx_word' id='word_1_521' title='bbox 2061 2679 2150 2727; x_wconf 92' lang='lat' dir='ltr'><strong>cat</strong></span> <span class='ocrx_word' id='word_1_522' title='bbox 2171 2669 2418 2727; x_wconf 78' lang='lat' dir='ltr'><strong>Justinus</strong></span> <span class='ocrx_word' id='word_1_523' title='bbox 2447 2688 2477 2728; x_wconf 92' lang='lat' dir='ltr'><strong>e</strong></span> <span class='ocrx_word' id='word_1_524' title='bbox 2506 2672 2706 2743; x_wconf 84' lang='lat' dir='ltr'><strong>Trago.</strong></span> <span class='ocrx_word' id='word_1_525' title='bbox 2736 2670 2967 2743; x_wconf 86' lang='lat' dir='ltr'><strong>Insignis</strong></span> <span class='ocrx_word' id='word_1_526' title='bbox 2996 2683 3078 2727; x_wconf 87' lang='lat' dir='ltr'><strong>est</strong></span> <span class='ocrx_word' id='word_1_527' title='bbox 3106 2671 3196 2726; x_wconf 73' lang='lat' dir='ltr'><strong>Dei</strong></span> <span class='ocrx_word' id='word_1_528' title='bbox 3224 2673 3495 2742; x_wconf 79' lang='lat' dir='ltr'><strong>alloquiis</strong></span> <span class='ocrx_word' id='word_1_529' title='bbox 3523 2689 3656 2726; x_wconf 81' lang='lat' dir='ltr'><strong>cum</strong></span> 
     </span>
    </p>
   </div>
   <div class='ocr_carea' id='block_1_74' title="bbox 2062 2762 3668 2834">
    <p class='ocr_par' dir='ltr' id='par_1_74' title="bbox 2062 2762 3668 2834">
     <span class='ocr_line' id='line_1_74' title="bbox 2062 2762 3668 2834; baseline 0.001 -18"><span class='ocrx_word' id='word_1_530' title='bbox 2062 2762 2267 2834; x_wconf 84' lang='lat' dir='ltr'><strong>Moyse,</strong></span> <span class='ocrx_word' id='word_1_531' title='bbox 2313 2772 2368 2818; x_wconf 90' lang='lat' dir='ltr'><strong>et</strong></span> <span class='ocrx_word' id='word_1_532' title='bbox 2426 2763 2545 2831; x_wconf 88' lang='lat' dir='ltr'><strong>lege</strong></span> <span class='ocrx_word' id='word_1_533' title='bbox 2573 2762 2766 2816; x_wconf 88' lang='lat' dir='ltr'><strong>tradita</strong></span> <span class='ocrx_word' id='word_1_534' title='bbox 2820 2764 3022 2832; x_wconf 90' lang='lat' dir='ltr'><strong>populo</strong></span> <span class='ocrx_word' id='word_1_535' title='bbox 3051 2762 3371 2828; x_wconf 88' lang='lat' dir='ltr'><strong>Israelitico,</strong></span> <span class='ocrx_word' id='word_1_536' title='bbox 3408 2764 3668 2834; x_wconf 83' lang='lat' dir='ltr'><strong>locisque</strong></span> 
     </span>
    </p>
   </div>
   <div class='ocr_carea' id='block_1_75' title="bbox 2063 2853 3667 2924">
    <p class='ocr_par' dir='ltr' id='par_1_75' title="bbox 2063 2853 3667 2924">
     <span class='ocr_line' id='line_1_75' title="bbox 2063 2853 3667 2924; baseline 0.003 -17"><span class='ocrx_word' id='word_1_537' title='bbox 2063 2855 2259 2919; x_wconf 89' lang='lat' dir='ltr'><strong>sacris,</strong></span> <span class='ocrx_word' id='word_1_538' title='bbox 2290 2869 2411 2924; x_wconf 52' lang='lat' dir='ltr'><strong>quat</strong></span> <span class='ocrx_word' id='word_1_539' title='bbox 2442 2854 2649 2909; x_wconf 91' lang='lat' dir='ltr'><strong>circum</strong></span> <span class='ocrx_word' id='word_1_540' title='bbox 2680 2853 2966 2921; x_wconf 84' lang='lat' dir='ltr'><strong>ﬂorebant,</strong></span> <span class='ocrx_word' id='word_1_541' title='bbox 3044 2870 3074 2909; x_wconf 89' lang='lat' dir='ltr'><strong>e</strong></span> <span class='ocrx_word' id='word_1_542' title='bbox 3133 2853 3403 2918; x_wconf 80' lang='lat' dir='ltr'><strong>Bellonio,</strong></span> <span class='ocrx_word' id='word_1_543' title='bbox 3461 2856 3566 2911; x_wconf 89' lang='lat' dir='ltr'><strong>lib.</strong></span> <span class='ocrx_word' id='word_1_544' title='bbox 3630 2873 3667 2912; x_wconf 88' lang='lat' dir='ltr'><strong>tt</strong></span> 
     </span>
    </p>
   </div>
   <div class='ocr_carea' id='block_1_76' title="bbox 2069 2943 3666 3013">
    <p class='ocr_par' dir='ltr' id='par_1_76' title="bbox 2069 2943 3666 3013">
     <span class='ocr_line' id='line_1_76' title="bbox 2069 2943 3666 3013; baseline 0.002 -14"><span class='ocrx_word' id='word_1_545' title='bbox 2069 2944 2374 3011; x_wconf 74' lang='lat' dir='ltr'><strong>Obseruat.,</strong></span> <span class='ocrx_word' id='word_1_546' title='bbox 2406 2960 2456 3000; x_wconf 91' lang='lat' dir='ltr'><strong>c.</strong></span> <span class='ocrx_word' id='word_1_547' title='bbox 2511 2944 2600 2999; x_wconf 64' lang='grc' dir='ltr'><strong>δε.</strong></span> <span class='ocrx_word' id='word_1_548' title='bbox 2636 2943 2857 2999; x_wconf 83' lang='lat' dir='ltr'><strong>Duobus</strong></span> <span class='ocrx_word' id='word_1_549' title='bbox 2886 2945 3124 3013; x_wconf 82' lang='lat' dir='ltr'><strong>assurgit</strong></span> <span class='ocrx_word' id='word_1_550' title='bbox 3153 2947 3547 3002; x_wconf 83' lang='lat' dir='ltr'><strong>cacuminibus</strong></span> <span class='ocrx_word' id='word_1_551' title='bbox 3573 2964 3666 3001; x_wconf 87' lang='lat' dir='ltr'><strong>so-</strong></span> 
     </span>
    </p>
   </div>
   <div class='ocr_carea' id='block_1_77' title="bbox 2482 3034 3668 3107">
    <p class='ocr_par' dir='ltr' id='par_1_77' title="bbox 2482 3034 3668 3107">
     <span class='ocr_line' id='line_1_77' title="bbox 2482 3034 3668 3107; baseline 0.004 -19"><span class='ocrx_word' id='word_1_552' title='bbox 2482 3042 2535 3088; x_wconf 89' lang='lat' dir='ltr'><strong>et</strong></span> <span class='ocrx_word' id='word_1_553' title='bbox 2590 3034 2865 3088; x_wconf 88' lang='lat' dir='ltr'><strong>variorum</strong></span> <span class='ocrx_word' id='word_1_554' title='bbox 2941 3036 3223 3099; x_wconf 90' lang='lat' dir='ltr'><strong>colorum,</strong></span> <span class='ocrx_word' id='word_1_555' title='bbox 3292 3037 3668 3107; x_wconf 85' lang='lat' dir='ltr'><strong>granulisque</strong></span> 
     </span>
    </p>
   </div>
   <div class='ocr_carea' id='block_1_78' title="bbox 2066 3125 3669 3200">
    <p class='ocr_par' dir='ltr' id='par_1_78' title="bbox 2066 3125 3669 3200">
     <span class='ocr_line' id='line_1_78' title="bbox 2066 3125 3669 3200; baseline 0.004 -21"><span class='ocrx_word' id='word_1_556' title='bbox 2066 3128 2306 3182; x_wconf 87' lang='lat' dir='ltr'><strong>diversas</strong></span> <span class='ocrx_word' id='word_1_557' title='bbox 2326 3125 2524 3197; x_wconf 84' lang='lat' dir='ltr'><strong>figuras</strong></span> <span class='ocrx_word' id='word_1_558' title='bbox 2549 3125 2907 3182; x_wconf 86' lang='lat' dir='ltr'><strong>referentibus</strong></span> <span class='ocrx_word' id='word_1_559' title='bbox 2926 3126 3181 3183; x_wconf 86' lang='lat' dir='ltr'><strong>distincto</strong></span> <span class='ocrx_word' id='word_1_560' title='bbox 3201 3145 3216 3193; x_wconf 88' lang='lat'><strong>;</strong></span> <span class='ocrx_word' id='word_1_561' title='bbox 3235 3130 3512 3183; x_wconf 77' lang='lat' dir='ltr'><strong>excelsior</strong></span> <span class='ocrx_word' id='word_1_562' title='bbox 3535 3147 3669 3200; x_wconf 83' lang='lat' dir='ltr'><strong>pars</strong></span> 
     </span>
    </p>
   </div>
   <div class='ocr_carea' id='block_1_79' title="bbox 2070 3215 3669 3288">
    <p class='ocr_par' dir='ltr' id='par_1_79' title="bbox 2070 3215 3669 3288">
     <span class='ocr_line' id='line_1_79' title="bbox 2070 3215 3669 3288; baseline 0 -16"><span class='ocrx_word' id='word_1_563' title='bbox 2070 3218 2220 3272; x_wconf 91' lang='lat' dir='ltr'><strong>Sinai</strong></span> <span class='ocrx_word' id='word_1_564' title='bbox 2250 3234 2472 3282; x_wconf 90' lang='lat' dir='ltr'><strong>nomen,</strong></span> <span class='ocrx_word' id='word_1_565' title='bbox 2507 3217 2822 3287; x_wconf 87' lang='lat' dir='ltr'><strong>depressior</strong></span> <span class='ocrx_word' id='word_1_566' title='bbox 2855 3215 2998 3273; x_wconf 89' lang='lat' dir='ltr'><strong>Oreb</strong></span> <span class='ocrx_word' id='word_1_567' title='bbox 3039 3218 3460 3288; x_wconf 86' lang='lat' dir='ltr'><strong>appellationem</strong></span> <span class='ocrx_word' id='word_1_568' title='bbox 3534 3237 3669 3275; x_wconf 62' lang='grc' dir='ltr'><strong>δοται</strong></span> 
     </span>
    </p>
   </div>
   <div class='ocr_carea' id='block_1_80' title="bbox 2069 3304 3673 3379">
    <p class='ocr_par' dir='ltr' id='par_1_80' title="bbox 2069 3304 3673 3379">
     <span class='ocr_line' id='line_1_80' title="bbox 2069 3304 3673 3379; baseline 0.001 -15"><span class='ocrx_word' id='word_1_569' title='bbox 2069 3309 2220 3364; x_wconf 89' lang='lat' dir='ltr'><strong>titur.</strong></span> <span class='ocrx_word' id='word_1_570' title='bbox 2259 3306 2318 3361; x_wconf 91' lang='lat' dir='ltr'><strong>ln</strong></span> <span class='ocrx_word' id='word_1_571' title='bbox 2349 3304 2491 3360; x_wconf 90' lang='lat' dir='ltr'><strong>Oreb</strong></span> <span class='ocrx_word' id='word_1_572' title='bbox 2519 3304 2724 3377; x_wconf 79' lang='lat' dir='ltr'><strong>Moysis</strong></span> <span class='ocrx_word' id='word_1_573' title='bbox 2748 3346 2761 3373; x_wconf 92' lang='lat'><strong>,</strong></span> <span class='ocrx_word' id='word_1_574' title='bbox 2793 3307 2885 3378; x_wconf 90' lang='lat' dir='ltr'><strong>qui</strong></span> <span class='ocrx_word' id='word_1_575' title='bbox 2932 3306 3103 3378; x_wconf 86' lang='lat' dir='ltr'><strong>legem</strong></span> <span class='ocrx_word' id='word_1_576' title='bbox 3132 3309 3201 3362; x_wconf 91' lang='lat' dir='ltr'><strong>ibi</strong></span> <span class='ocrx_word' id='word_1_577' title='bbox 3242 3324 3271 3362; x_wconf 91' lang='lat' dir='ltr'><strong>a</strong></span> <span class='ocrx_word' id='word_1_578' title='bbox 3296 3307 3408 3363; x_wconf 90' lang='lat' dir='ltr'><strong>Deo</strong></span> <span class='ocrx_word' id='word_1_579' title='bbox 3436 3312 3673 3379; x_wconf 84' lang='lat' dir='ltr'><strong>accepit</strong></span> 
     </span>
    </p>
   </div>
   <div class='ocr_carea' id='block_1_81' title="bbox 2068 3397 3671 3469">
    <p class='ocr_par' dir='ltr' id='par_1_81' title="bbox 2068 3397 3671 3469">
     <span class='ocr_line' id='line_1_81' title="bbox 2068 3397 3671 3469; baseline 0 -15"><span class='ocrx_word' id='word_1_580' title='bbox 2068 3401 2149 3463; x_wconf 73' lang='grc' dir='ltr'><strong>εἰς</strong></span> <span class='ocrx_word' id='word_1_581' title='bbox 2172 3397 2435 3466; x_wconf 78' lang='grc' dir='ltr'><strong>διαταγὰς</strong></span> <span class='ocrx_word' id='word_1_582' title='bbox 2476 3397 2749 3467; x_wconf 77' lang='grc' dir='ltr'><strong>ἀγγέλων,</strong></span> <span class='ocrx_word' id='word_1_583' title='bbox 2776 3398 2828 3452; x_wconf 87' lang='lat' dir='ltr'><strong>id</strong></span> <span class='ocrx_word' id='word_1_584' title='bbox 2866 3406 2973 3466; x_wconf 91' lang='lat' dir='ltr'><strong>est,</strong></span> <span class='ocrx_word' id='word_1_585' title='bbox 3022 3399 3088 3453; x_wconf 88' lang='lat' dir='ltr'><strong>ad</strong></span> <span class='ocrx_word' id='word_1_586' title='bbox 3118 3400 3487 3469; x_wconf 72' lang='lat' dir='ltr'><strong>dispositiones</strong></span> <span class='ocrx_word' id='word_1_587' title='bbox 3547 3420 3671 3455; x_wconf 85' lang='lat' dir='ltr'><strong>an-</strong></span> 
     </span>
    </p>
   </div>
   <div class='ocr_carea' id='block_1_82' title="bbox 2068 3486 3668 3558">
    <p class='ocr_par' dir='ltr' id='par_1_82' title="bbox 2068 3486 3668 3558">
     <span class='ocr_line' id='line_1_82' title="bbox 2068 3486 3668 3558; baseline 0.003 -17"><span class='ocrx_word' id='word_1_588' title='bbox 2068 3489 2323 3558; x_wconf 79' lang='lat' dir='ltr'><strong>gelorum,</strong></span> <span class='ocrx_word' id='word_1_589' title='bbox 2355 3486 2469 3542; x_wconf 83' lang='lat' dir='ltr'><strong>sive</strong></span> <span class='ocrx_word' id='word_1_590' title='bbox 2500 3486 2899 3555; x_wconf 77' lang='lat' dir='ltr'><strong>disponentibus</strong></span> <span class='ocrx_word' id='word_1_591' title='bbox 2957 3487 3181 3556; x_wconf 76' lang='lat' dir='ltr'><strong>angelis,</strong></span> <span class='ocrx_word' id='word_1_592' title='bbox 3225 3488 3335 3541; x_wconf 78' lang='lat' dir='ltr'><strong>Act.</strong></span> <span class='ocrx_word' id='word_1_593' title='bbox 3386 3504 3488 3551; x_wconf 84' lang='lat' dir='ltr'><strong>vn,</strong></span> <span class='ocrx_word' id='word_1_594' title='bbox 3552 3490 3668 3553; x_wconf 75' lang='lat'><strong>53.</strong></span> 
     </span>
    </p>
   </div>
   <div class='ocr_carea' id='block_1_83' title="bbox 2070 3576 3669 3647">
    <p class='ocr_par' dir='ltr' id='par_1_83' title="bbox 2070 3576 3669 3647">
     <span class='ocr_line' id='line_1_83' title="bbox 2070 3576 3669 3647; baseline 0.002 -15"><span class='ocrx_word' id='word_1_595' title='bbox 2070 3577 2334 3647; x_wconf 88' lang='lat' dir='ltr'><strong>impressa</strong></span> <span class='ocrx_word' id='word_1_596' title='bbox 2362 3576 2563 3644; x_wconf 81' lang='lat' dir='ltr'><strong>eﬂlgies</strong></span> <span class='ocrx_word' id='word_1_597' title='bbox 2594 3576 2927 3630; x_wconf 89' lang='lat' dir='ltr'><strong>adamussim</strong></span> <span class='ocrx_word' id='word_1_598' title='bbox 2950 3577 3128 3631; x_wconf 84' lang='lat' dir='ltr'><strong>adhuc</strong></span> <span class='ocrx_word' id='word_1_599' title='bbox 3160 3578 3404 3631; x_wconf 89' lang='lat' dir='ltr'><strong>marmori</strong></span> <span class='ocrx_word' id='word_1_600' title='bbox 3432 3589 3669 3635; x_wconf 74' lang='lat' dir='ltr'><strong>exstat.</strong></span> 
     </span>
    </p>
   </div>
   <div class='ocr_carea' id='block_1_84' title="bbox 2070 3667 3671 3739">
    <p class='ocr_par' dir='ltr' id='par_1_84' title="bbox 2070 3667 3671 3739">
     <span class='ocr_line' id='line_1_84' title="bbox 2070 3667 3671 3739; baseline 0.001 -16"><span class='ocrx_word' id='word_1_601' title='bbox 2070 3668 2128 3723; x_wconf 87' lang='lat' dir='ltr'><strong>In</strong></span> <span class='ocrx_word' id='word_1_602' title='bbox 2165 3669 2312 3721; x_wconf 87' lang='lat' dir='ltr'><strong>Sinai</strong></span> <span class='ocrx_word' id='word_1_603' title='bbox 2339 3682 2540 3737; x_wconf 90' lang='lat' dir='ltr'><strong>corpus</strong></span> <span class='ocrx_word' id='word_1_604' title='bbox 2568 3676 2769 3722; x_wconf 66' lang='lat' dir='ltr'><strong>sanctae</strong></span> <span class='ocrx_word' id='word_1_605' title='bbox 2817 3668 3149 3733; x_wconf 69' lang='lat' dir='ltr'><strong>Catharinaa,</strong></span> <span class='ocrx_word' id='word_1_606' title='bbox 3193 3684 3353 3739; x_wconf 86' lang='lat' dir='ltr'><strong>quam</strong></span> <span class='ocrx_word' id='word_1_607' title='bbox 3386 3667 3671 3724; x_wconf 62' lang='lat' dir='ltr'><strong>Ecatha-</strong></span> 
     </span>
    </p>
   </div>
   <div class='ocr_carea' id='block_1_85' title="bbox 2070 3758 3666 3830">
    <p class='ocr_par' dir='ltr' id='par_1_85' title="bbox 2070 3758 3666 3830">
     <span class='ocr_line' id='line_1_85' title="bbox 2070 3758 3666 3830; baseline -0.001 -13"><span class='ocrx_word' id='word_1_608' title='bbox 2070 3762 2265 3827; x_wconf 87' lang='lat' dir='ltr'><strong>rinam,</strong></span> <span class='ocrx_word' id='word_1_609' title='bbox 2300 3760 2456 3830; x_wconf 83' lang='lat' dir='ltr'><strong>quasi</strong></span> <span class='ocrx_word' id='word_1_610' title='bbox 2511 3758 2672 3828; x_wconf 77' lang='grc' dir='ltr'>ἁγίαν</span> <span class='ocrx_word' id='word_1_611' title='bbox 2732 3758 3049 3829; x_wconf 75' lang='grc' dir='ltr'>Καθαρὶναν</span> <span class='ocrx_word' id='word_1_612' title='bbox 3118 3760 3316 3815; x_wconf 89' lang='lat' dir='ltr'><strong>dictam</strong></span> <span class='ocrx_word' id='word_1_613' title='bbox 3384 3763 3666 3827; x_wconf 83' lang='lat' dir='ltr'><strong>arbitror,</strong></span> 
     </span>
    </p>
   </div>
   <div class='ocr_carea' id='block_1_86' title="bbox 2071 3852 3665 3921">
    <p class='ocr_par' dir='ltr' id='par_1_86' title="bbox 2071 3852 3665 3921">
     <span class='ocr_line' id='line_1_86' title="bbox 2071 3852 3665 3921; baseline 0.001 -14"><span class='ocrx_word' id='word_1_614' title='bbox 2071 3852 2176 3908; x_wconf 91' lang='lat' dir='ltr'><strong>fuit</strong></span> <span class='ocrx_word' id='word_1_615' title='bbox 2201 3853 2268 3907; x_wconf 91' lang='lat' dir='ltr'><strong>ab</strong></span> <span class='ocrx_word' id='word_1_616' title='bbox 2301 3852 2509 3921; x_wconf 84' lang='lat' dir='ltr'><strong>angelis</strong></span> <span class='ocrx_word' id='word_1_617' title='bbox 2539 3852 2908 3920; x_wconf 90' lang='lat' dir='ltr'><strong>deportatum,</strong></span> <span class='ocrx_word' id='word_1_618' title='bbox 2937 3852 3084 3921; x_wconf 88' lang='lat' dir='ltr'><strong>quod</strong></span> <span class='ocrx_word' id='word_1_619' title='bbox 3132 3861 3317 3921; x_wconf 87' lang='lat' dir='ltr'><strong>postea</strong></span> <span class='ocrx_word' id='word_1_620' title='bbox 3386 3854 3665 3908; x_wconf 73' lang='lat' dir='ltr'><strong>monachi</strong></span> 
     </span>
    </p>
   </div>
   <div class='ocr_carea' id='block_1_87' title="bbox 2071 3942 3664 4008">
    <p class='ocr_par' dir='ltr' id='par_1_87' title="bbox 2071 3942 3664 4008">
     <span class='ocr_line' id='line_1_87' title="bbox 2071 3942 3664 4008; baseline -0.003 -6"><span class='ocrx_word' id='word_1_621' title='bbox 2071 3946 2467 4002; x_wconf 87' lang='lat' dir='ltr'><strong>transtulerunt</strong></span> <span class='ocrx_word' id='word_1_622' title='bbox 2517 3943 2570 3996; x_wconf 91' lang='lat' dir='ltr'><strong>in</strong></span> <span class='ocrx_word' id='word_1_623' title='bbox 2605 3942 2770 3995; x_wconf 90' lang='lat' dir='ltr'><strong>imam</strong></span> <span class='ocrx_word' id='word_1_624' title='bbox 2808 3942 3047 3998; x_wconf 88' lang='lat' dir='ltr'><strong>radicem</strong></span> <span class='ocrx_word' id='word_1_625' title='bbox 3075 3942 3235 4008; x_wconf 89' lang='lat' dir='ltr'><strong>Oreb,</strong></span> <span class='ocrx_word' id='word_1_626' title='bbox 3274 3954 3332 3997; x_wconf 91' lang='lat' dir='ltr'><strong>ut</strong></span> <span class='ocrx_word' id='word_1_627' title='bbox 3369 3944 3441 3998; x_wconf 91' lang='lat' dir='ltr'><strong>ab</strong></span> <span class='ocrx_word' id='word_1_628' title='bbox 3473 3945 3664 3999; x_wconf 82' lang='lat' dir='ltr'><strong>hosti-</strong></span> 
     </span>
    </p>
   </div>
   <div class='ocr_carea' id='block_1_88' title="bbox 2069 4034 3675 4097">
    <p class='ocr_par' dir='ltr' id='par_1_88' title="bbox 2069 4034 3675 4097">
     <span class='ocr_line' id='line_1_88' title="bbox 2069 4034 3675 4097; baseline -0.001 -4"><span class='ocrx_word' id='word_1_629' title='bbox 2069 4037 2175 4093; x_wconf 85' lang='lat' dir='ltr'><strong>bus</strong></span> <span class='ocrx_word' id='word_1_630' title='bbox 2202 4045 2378 4091; x_wconf 91' lang='lat' dir='ltr'><strong>tutum</strong></span> <span class='ocrx_word' id='word_1_631' title='bbox 2414 4044 2821 4097; x_wconf 87' lang='lat' dir='ltr'><strong>conservarent,</strong></span> <span class='ocrx_word' id='word_1_632' title='bbox 2857 4050 2983 4089; x_wconf 90' lang='lat' dir='ltr'><strong>arce</strong></span> <span class='ocrx_word' id='word_1_633' title='bbox 3012 4045 3346 4096; x_wconf 78' lang='lat' dir='ltr'><strong>(&#39;(tﬂSll‘UCla.</strong></span> <span class='ocrx_word' id='word_1_634' title='bbox 3390 4052 3420 4090; x_wconf 78' lang='lat'>8</span> <span class='ocrx_word' id='word_1_635' title='bbox 3448 4034 3675 4091; x_wconf 74' lang='grc' dir='ltr'><strong>Ρωςο-</strong></span> 
     </span>
    </p>
   </div>
   <div class='ocr_carea' id='block_1_89' title="bbox 2071 4124 3673 4201">
    <p class='ocr_par' dir='ltr' id='par_1_89' title="bbox 2071 4124 3673 4201">
     <span class='ocr_line' id='line_1_89' title="bbox 2071 4124 3673 4201; baseline -0.004 -16"><span class='ocrx_word' id='word_1_636' title='bbox 2071 4130 2162 4201; x_wconf 89' lang='lat' dir='ltr'><strong>pio</strong></span> <span class='ocrx_word' id='word_1_637' title='bbox 2194 4129 2258 4182; x_wconf 82' lang='lat' dir='ltr'><strong>de</strong></span> <span class='ocrx_word' id='word_1_638' title='bbox 2285 4127 2589 4183; x_wconf 80' lang='lat' dir='ltr'><strong>Justiniani</strong></span> <span class='ocrx_word' id='word_1_639' title='bbox 2616 4126 2681 4181; x_wconf 82' lang='grc' dir='ltr'><strong>Α.</strong></span> <span class='ocrx_word' id='word_1_640' title='bbox 2715 4124 3005 4195; x_wconf 69' lang='grc' dir='ltr'><strong>Ᾱῑάίβεὶὶε,</strong></span> <span class='ocrx_word' id='word_1_641' title='bbox 3039 4126 3327 4183; x_wconf 85' lang='lat' dir='ltr'><strong>Combelis.</strong></span> <span class='ocrx_word' id='word_1_642' title='bbox 3365 4143 3422 4197; x_wconf 90' lang='lat' dir='ltr'><strong>p.</strong></span> <span class='ocrx_word' id='word_1_643' title='bbox 3455 4128 3531 4182; x_wconf 68' lang='grc'><strong>51</strong></span> <span class='ocrx_word' id='word_1_644' title='bbox 3562 4127 3673 4181; x_wconf 61' lang='grc' dir='ltr'><strong>υς-</strong></span> 
     </span>
    </p>
   </div>
   <div class='ocr_carea' id='block_1_90' title="bbox 2073 4217 3671 4290">
    <p class='ocr_par' dir='ltr' id='par_1_90' title="bbox 2073 4217 3671 4290">
     <span class='ocr_line' id='line_1_90' title="bbox 2073 4217 3671 4290; baseline -0.001 -16"><span class='ocrx_word' id='word_1_645' title='bbox 2073 4219 2487 4275; x_wconf 89' lang='lat' dir='ltr'><strong>monstrationis</strong></span> <span class='ocrx_word' id='word_1_646' title='bbox 2516 4217 3024 4287; x_wconf 87' lang='lat' dir='ltr'><strong>Constantinopolis</strong></span> <span class='ocrx_word' id='word_1_647' title='bbox 3054 4218 3122 4272; x_wconf 89' lang='lat' dir='ltr'><strong>ab</strong></span> <span class='ocrx_word' id='word_1_648' title='bbox 3169 4219 3414 4283; x_wconf 89' lang='lat' dir='ltr'><strong>incerto;</strong></span> <span class='ocrx_word' id='word_1_649' title='bbox 3464 4229 3671 4290; x_wconf 72' lang='lat' dir='ltr'><strong>typum</strong></span> 
     </span>
    </p>
   </div>
   <div class='ocr_carea' id='block_1_91' title="bbox 2074 4308 3674 4380">
    <p class='ocr_par' dir='ltr' id='par_1_91' title="bbox 2074 4308 3674 4380">
     <span class='ocr_line' id='line_1_91' title="bbox 2074 4308 3674 4380; baseline 0 -15"><span class='ocrx_word' id='word_1_650' title='bbox 2074 4313 2365 4380; x_wconf 89' lang='lat' dir='ltr'><strong>utriusque</strong></span> <span class='ocrx_word' id='word_1_651' title='bbox 2395 4310 2597 4366; x_wconf 91' lang='lat' dir='ltr'><strong>montis</strong></span> <span class='ocrx_word' id='word_1_652' title='bbox 2630 4310 2902 4380; x_wconf 89' lang='lat' dir='ltr'><strong>pollicitus</strong></span> <span class='ocrx_word' id='word_1_653' title='bbox 2955 4312 3129 4365; x_wconf 88' lang='lat' dir='ltr'><strong>fuerat</strong></span> <span class='ocrx_word' id='word_1_654' title='bbox 3162 4308 3271 4365; x_wconf 88' lang='lat' dir='ltr'><strong>Leo</strong></span> <span class='ocrx_word' id='word_1_655' title='bbox 3300 4311 3546 4366; x_wconf 77' lang='lat' dir='ltr'><strong>Allatius</strong></span> <span class='ocrx_word' id='word_1_656' title='bbox 3614 4313 3674 4365; x_wconf 91' lang='lat' dir='ltr'><strong>in</strong></span> 
     </span>
    </p>
   </div>
   <div class='ocr_carea' id='block_1_92' title="bbox 386 4395 3677 4472">
    <p class='ocr_par' dir='ltr' id='par_1_92' title="bbox 386 4395 3677 4472">
     <span class='ocr_line' id='line_1_92' title="bbox 386 4395 3677 4472; baseline 0.002 -22"><span class='ocrx_word' id='word_1_657' title='bbox 386 4396 603 4450; x_wconf 84' lang='lat' dir='ltr'><strong>chicum</strong></span> <span class='ocrx_word' id='word_1_658' title='bbox 631 4404 831 4449; x_wconf 88' lang='lat' dir='ltr'><strong>statum</strong></span> <span class='ocrx_word' id='word_1_659' title='bbox 876 4395 1185 4462; x_wconf 89' lang='lat' dir='ltr'><strong>sublimem,</strong></span> <span class='ocrx_word' id='word_1_660' title='bbox 1214 4407 1378 4466; x_wconf 76' lang='lat' dir='ltr'><strong>atque</strong></span> <span class='ocrx_word' id='word_1_661' title='bbox 1401 4397 1708 4465; x_wconf 80' lang='lat' dir='ltr'><strong>angelicum</strong></span> <span class='ocrx_word' id='word_1_662' title='bbox 1745 4398 1811 4452; x_wconf 86' lang='lat' dir='ltr'><strong>ad</strong></span> <span class='ocrx_word' id='word_1_663' title='bbox 1837 4409 1962 4463; x_wconf 69' lang='grc' dir='ltr'><strong>βυο-</strong></span> <span class='ocrx_word' id='word_1_664' title='bbox 1998 4404 2041 4459; x_wconf 88' lang='lat' dir='ltr'><strong>D</strong></span> <span class='ocrx_word' id='word_1_665' title='bbox 2069 4400 2223 4458; x_wconf 88' lang='lat' dir='ltr'><strong>Notis</strong></span> <span class='ocrx_word' id='word_1_666' title='bbox 2259 4402 2326 4456; x_wconf 85' lang='lat' dir='ltr'><strong>ad</strong></span> <span class='ocrx_word' id='word_1_667' title='bbox 2354 4402 2625 4456; x_wconf 69' lang='lat' dir='ltr'><strong>Eustatltii</strong></span> <span class='ocrx_word' id='word_1_668' title='bbox 2659 4403 2981 4457; x_wconf 84' lang='lat' dir='ltr'><strong>Antioclteni</strong></span> <span class='ocrx_word' id='word_1_669' title='bbox 3007 4404 3346 4471; x_wconf 68' lang='lat' dir='ltr'><strong>patriarchae,</strong></span> <span class='ocrx_word' id='word_1_670' title='bbox 3400 4404 3503 4472; x_wconf 86' lang='lat' dir='ltr'><strong>qui</strong></span> <span class='ocrx_word' id='word_1_671' title='bbox 3566 4406 3677 4458; x_wconf 81' lang='lat' dir='ltr'><strong>sub</strong></span> 
     </span>
    </p>
   </div>
   <div class='ocr_carea' id='block_1_93' title="bbox 389 4484 1959 4556">
    <p class='ocr_par' dir='ltr' id='par_1_93' title="bbox 389 4484 1959 4556">
     <span class='ocr_line' id='line_1_93' title="bbox 389 4484 1959 4556; baseline 0.002 -17"><span class='ocrx_word' id='word_1_672' title='bbox 389 4498 510 4540; x_wconf 75' lang='lat' dir='ltr'><strong>cata</strong></span> <span class='ocrx_word' id='word_1_673' title='bbox 538 4484 911 4554; x_wconf 78' lang='lat' dir='ltr'><strong>expurganda,</strong></span> <span class='ocrx_word' id='word_1_674' title='bbox 933 4484 1274 4556; x_wconf 86' lang='lat' dir='ltr'><strong>virtutesque</strong></span> <span class='ocrx_word' id='word_1_675' title='bbox 1295 4487 1572 4554; x_wconf 82' lang='lat' dir='ltr'><strong>augendas</strong></span> <span class='ocrx_word' id='word_1_676' title='bbox 1591 4487 1959 4556; x_wconf 86' lang='lat' dir='ltr'><strong>aptissimum,</strong></span> 
     </span>
    </p>
   </div>
   <div class='ocr_carea' id='block_1_94' title="bbox 388 4577 1961 4649">
    <p class='ocr_par' dir='ltr' id='par_1_94' title="bbox 388 4577 1961 4649">
     <span class='ocr_line' id='line_1_94' title="bbox 388 4577 1961 4649; baseline 0.001 -16"><span class='ocrx_word' id='word_1_677' title='bbox 388 4587 444 4633; x_wconf 89' lang='lat' dir='ltr'><strong>et</strong></span> <span class='ocrx_word' id='word_1_678' title='bbox 471 4578 537 4632; x_wconf 90' lang='lat' dir='ltr'><strong>ad</strong></span> <span class='ocrx_word' id='word_1_679' title='bbox 572 4577 909 4631; x_wconf 88' lang='lat' dir='ltr'><strong>iracundiam</strong></span> <span class='ocrx_word' id='word_1_680' title='bbox 961 4577 1052 4631; x_wconf 88' lang='lat' dir='ltr'><strong>Dei</strong></span> <span class='ocrx_word' id='word_1_681' title='bbox 1102 4577 1444 4647; x_wconf 86' lang='lat' dir='ltr'><strong>placandam,</strong></span> <span class='ocrx_word' id='word_1_682' title='bbox 1487 4578 1811 4649; x_wconf 89' lang='lat' dir='ltr'><strong>veniamque</strong></span> <span class='ocrx_word' id='word_1_683' title='bbox 1833 4595 1961 4649; x_wconf 86' lang='lat' dir='ltr'><strong>pro-</strong></span> 
     </span>
    </p>
   </div>
   <div class='ocr_carea' id='block_1_95' title="bbox 393 4667 1962 4738">
    <p class='ocr_par' dir='ltr' id='par_1_95' title="bbox 393 4667 1962 4738">
     <span class='ocr_line' id='line_1_95' title="bbox 393 4667 1962 4738; baseline 0.003 -18"><span class='ocrx_word' id='word_1_684' title='bbox 393 4667 704 4722; x_wconf 83' lang='lat' dir='ltr'><strong>merendam</strong></span> <span class='ocrx_word' id='word_1_685' title='bbox 759 4675 1118 4733; x_wconf 86' lang='lat' dir='ltr'><strong>asseetantes,</strong></span> <span class='ocrx_word' id='word_1_686' title='bbox 1174 4668 1303 4722; x_wconf 84' lang='lat' dir='ltr'><strong>dum</strong></span> <span class='ocrx_word' id='word_1_687' title='bbox 1339 4678 1492 4737; x_wconf 87' lang='lat' dir='ltr'><strong>parte</strong></span> <span class='ocrx_word' id='word_1_688' title='bbox 1516 4668 1621 4723; x_wconf 92' lang='lat' dir='ltr'><strong>alia</strong></span> <span class='ocrx_word' id='word_1_689' title='bbox 1653 4668 1875 4738; x_wconf 76' lang='lat' dir='ltr'><strong>conjux,</strong></span> <span class='ocrx_word' id='word_1_690' title='bbox 1908 4680 1962 4725; x_wconf 85' lang='lat' dir='ltr'><strong>et</strong></span> 
     </span>
    </p>
   </div>
   <div class='ocr_carea' id='block_1_96' title="bbox 392 4760 1960 4832">
    <p class='ocr_par' dir='ltr' id='par_1_96' title="bbox 392 4760 1960 4832">
     <span class='ocr_line' id='line_1_96' title="bbox 392 4760 1960 4832; baseline 0.001 -17"><span class='ocrx_word' id='word_1_691' title='bbox 392 4763 499 4815; x_wconf 83' lang='lat' dir='ltr'><strong>lilia</strong></span> <span class='ocrx_word' id='word_1_692' title='bbox 548 4762 992 4818; x_wconf 85' lang='lat' dir='ltr'><strong>sanctimoniales</strong></span> <span class='ocrx_word' id='word_1_693' title='bbox 1040 4760 1372 4832; x_wconf 69' lang='lat' dir='ltr'><strong>professum</strong></span> <span class='ocrx_word' id='word_1_694' title='bbox 1427 4762 1847 4832; x_wconf 81' lang='lat' dir='ltr'><strong>proficiscuntur</strong></span> <span class='ocrx_word' id='word_1_695' title='bbox 1893 4762 1960 4817; x_wconf 90' lang='lat' dir='ltr'><strong>ad</strong></span> 
     </span>
    </p>
   </div>
   <div class='ocr_carea' id='block_1_97' title="bbox 392 4852 1963 4924">
    <p class='ocr_par' dir='ltr' id='par_1_97' title="bbox 392 4852 1963 4924">
     <span class='ocr_line' id='line_1_97' title="bbox 392 4852 1963 4924; baseline 0.001 -19"><span class='ocrx_word' id='word_1_696' title='bbox 392 4853 493 4907; x_wconf 75' lang='lat' dir='ltr'><strong>Nili</strong></span> <span class='ocrx_word' id='word_1_697' title='bbox 519 4853 719 4907; x_wconf 83' lang='lat' dir='ltr'><strong>ﬂuenta</strong></span> <span class='ocrx_word' id='word_1_698' title='bbox 737 4864 788 4907; x_wconf 89' lang='lat' dir='ltr'><strong>et</strong></span> <span class='ocrx_word' id='word_1_699' title='bbox 807 4852 1021 4924; x_wconf 64' lang='lat' dir='ltr'><strong>Egypti</strong></span> <span class='ocrx_word' id='word_1_700' title='bbox 1045 4853 1410 4919; x_wconf 87' lang='lat' dir='ltr'><strong>monasteria;</strong></span> <span class='ocrx_word' id='word_1_701' title='bbox 1431 4868 1608 4923; x_wconf 87' lang='lat' dir='ltr'><strong>neque</strong></span> <span class='ocrx_word' id='word_1_702' title='bbox 1633 4853 1809 4923; x_wconf 89' lang='lat' dir='ltr'><strong>potuit</strong></span> <span class='ocrx_word' id='word_1_703' title='bbox 1828 4853 1963 4907; x_wconf 89' lang='lat' dir='ltr'><strong>ami-</strong></span> 
     </span>
    </p>
   </div>
   <div class='ocr_carea' id='block_1_98' title="bbox 387 4944 1961 5014">
    <p class='ocr_par' dir='ltr' id='par_1_98' title="bbox 387 4944 1961 5014">
     <span class='ocr_line' id='line_1_98' title="bbox 387 4944 1961 5014; baseline 0.001 -17"><span class='ocrx_word' id='word_1_704' title='bbox 387 4959 576 4998; x_wconf 81' lang='lat' dir='ltr'><strong>carum</strong></span> <span class='ocrx_word' id='word_1_705' title='bbox 628 4945 827 5013; x_wconf 89' lang='lat' dir='ltr'><strong>pietate</strong></span> <span class='ocrx_word' id='word_1_706' title='bbox 881 4944 1201 5011; x_wconf 90' lang='lat' dir='ltr'><strong>illustrium,</strong></span> <span class='ocrx_word' id='word_1_707' title='bbox 1255 4945 1538 5014; x_wconf 85' lang='lat' dir='ltr'><strong>tidelisque</strong></span> <span class='ocrx_word' id='word_1_708' title='bbox 1587 4945 1772 5014; x_wconf 89' lang='lat' dir='ltr'><strong>papnli</strong></span> <span class='ocrx_word' id='word_1_709' title='bbox 1804 4945 1961 4998; x_wconf 86' lang='lat' dir='ltr'><strong>turba</strong></span> 
     </span>
    </p>
   </div>
   <div class='ocr_carea' id='block_1_99' title="bbox 390 5035 1965 5105">
    <p class='ocr_par' dir='ltr' id='par_1_99' title="bbox 390 5035 1965 5105">
     <span class='ocr_line' id='line_1_99' title="bbox 390 5035 1965 5105; baseline 0.002 -17"><span class='ocrx_word' id='word_1_710' title='bbox 390 5037 660 5101; x_wconf 87' lang='lat' dir='ltr'><strong>stupentis</strong></span> <span class='ocrx_word' id='word_1_711' title='bbox 697 5036 763 5089; x_wconf 88' lang='lat' dir='ltr'><strong>ad</strong></span> <span class='ocrx_word' id='word_1_712' title='bbox 784 5037 1154 5105; x_wconf 88' lang='lat' dir='ltr'><strong>spectaculum</strong></span> <span class='ocrx_word' id='word_1_713' title='bbox 1176 5046 1283 5090; x_wconf 90' lang='lat' dir='ltr'><strong>tam</strong></span> <span class='ocrx_word' id='word_1_714' title='bbox 1310 5036 1565 5105; x_wconf 74' lang='lat' dir='ltr'><strong>gloriosa:</strong></span> <span class='ocrx_word' id='word_1_715' title='bbox 1587 5035 1965 5091; x_wconf 79' lang='lat' dir='ltr'><strong>conversiOnis</strong></span> 
     </span>
    </p>
   </div>
   <div class='ocr_carea' id='block_1_100' title="bbox 386 5125 1963 5195">
    <p class='ocr_par' dir='ltr' id='par_1_100' title="bbox 386 5125 1963 5195">
     <span class='ocr_line' id='line_1_100' title="bbox 386 5125 1963 5195; baseline 0.001 -15"><span class='ocrx_word' id='word_1_716' title='bbox 386 5140 446 5180; x_wconf 84' lang='lat' dir='ltr'><strong>se</strong></span> <span class='ocrx_word' id='word_1_717' title='bbox 499 5125 803 5189; x_wconf 86' lang='lat' dir='ltr'><strong>continere,</strong></span> <span class='ocrx_word' id='word_1_718' title='bbox 863 5126 992 5195; x_wconf 91' lang='lat' dir='ltr'><strong>quin</strong></span> <span class='ocrx_word' id='word_1_719' title='bbox 1025 5142 1190 5182; x_wconf 85' lang='lat' dir='ltr'><strong>voces</strong></span> <span class='ocrx_word' id='word_1_720' title='bbox 1240 5129 1441 5183; x_wconf 69' lang='lat' dir='ltr'><strong>laetitia:</strong></span> <span class='ocrx_word' id='word_1_721' title='bbox 1467 5136 1632 5182; x_wconf 88' lang='lat' dir='ltr'><strong>testes</strong></span> <span class='ocrx_word' id='word_1_722' title='bbox 1671 5135 1725 5182; x_wconf 88' lang='lat' dir='ltr'><strong>et</strong></span> <span class='ocrx_word' id='word_1_723' title='bbox 1757 5127 1963 5181; x_wconf 86' lang='lat' dir='ltr'><strong>doloris</strong></span> 
     </span>
    </p>
   </div>
   <div class='ocr_carea' id='block_1_101' title="bbox 387 5214 1966 5289">
    <p class='ocr_par' dir='ltr' id='par_1_101' title="bbox 387 5214 1966 5289">
     <span class='ocr_line' id='line_1_101' title="bbox 387 5214 1966 5289; baseline 0.002 -19"><span class='ocrx_word' id='word_1_724' title='bbox 387 5217 694 5271; x_wconf 79' lang='lat' dir='ltr'><strong>cll‘underet</strong></span> <span class='ocrx_word' id='word_1_725' title='bbox 742 5233 835 5271; x_wconf 89' lang='lat' dir='ltr'><strong>ore</strong></span> <span class='ocrx_word' id='word_1_726' title='bbox 866 5218 1045 5287; x_wconf 85' lang='lat' dir='ltr'><strong>pleno,</strong></span> <span class='ocrx_word' id='word_1_727' title='bbox 1076 5220 1273 5289; x_wconf 90' lang='lat' dir='ltr'><strong>quibus</strong></span> <span class='ocrx_word' id='word_1_728' title='bbox 1306 5214 1416 5273; x_wconf 88' lang='lat' dir='ltr'><strong>tam</strong></span> <span class='ocrx_word' id='word_1_729' title='bbox 1455 5219 1617 5287; x_wconf 83' lang='lat' dir='ltr'><strong>digna</strong></span> <span class='ocrx_word' id='word_1_730' title='bbox 1660 5220 1815 5289; x_wconf 86' lang='lat' dir='ltr'><strong>paria</strong></span> <span class='ocrx_word' id='word_1_731' title='bbox 1846 5233 1966 5289; x_wconf 83' lang='lat' dir='ltr'><strong>pro-</strong></span> 
     </span>
    </p>
   </div>
   <div class='ocr_carea' id='block_1_102' title="bbox 389 5312 1965 5383">
    <p class='ocr_par' dir='ltr' id='par_1_102' title="bbox 389 5312 1965 5383">
     <span class='ocr_line' id='line_1_102' title="bbox 389 5312 1965 5383; baseline 0.001 -17"><span class='ocrx_word' id='word_1_732' title='bbox 389 5321 767 5382; x_wconf 84' lang='lat' dir='ltr'><strong>sequerentur,</strong></span> <span class='ocrx_word' id='word_1_733' title='bbox 822 5312 895 5366; x_wconf 90' lang='lat' dir='ltr'><strong>ita</strong></span> <span class='ocrx_word' id='word_1_734' title='bbox 955 5322 1014 5367; x_wconf 92' lang='lat' dir='ltr'><strong>ut</strong></span> <span class='ocrx_word' id='word_1_735' title='bbox 1059 5313 1239 5366; x_wconf 88' lang='lat' dir='ltr'><strong>omnia</strong></span> <span class='ocrx_word' id='word_1_736' title='bbox 1287 5313 1787 5383; x_wconf 87' lang='lat' dir='ltr'><strong>Constantinopolis</strong></span> <span class='ocrx_word' id='word_1_737' title='bbox 1815 5328 1965 5367; x_wconf 85' lang='lat' dir='ltr'><strong>com-</strong></span> 
     </span>
    </p>
   </div>
   <div class='ocr_carea' id='block_1_103' title="bbox 389 5403 1967 5476">
    <p class='ocr_par' dir='ltr' id='par_1_103' title="bbox 389 5403 1967 5476">
     <span class='ocr_line' id='line_1_103' title="bbox 389 5403 1967 5476; baseline 0.005 -23"><span class='ocrx_word' id='word_1_738' title='bbox 389 5403 498 5469; x_wconf 81' lang='lat' dir='ltr'><strong>pita</strong></span> <span class='ocrx_word' id='word_1_739' title='bbox 529 5404 811 5469; x_wconf 89' lang='lat' dir='ltr'><strong>encomiis,</strong></span> <span class='ocrx_word' id='word_1_740' title='bbox 868 5420 931 5459; x_wconf 91' lang='lat' dir='ltr'><strong>ac</strong></span> <span class='ocrx_word' id='word_1_741' title='bbox 958 5405 1214 5475; x_wconf 88' lang='lat' dir='ltr'><strong>querelis,</strong></span> <span class='ocrx_word' id='word_1_742' title='bbox 1264 5405 1374 5459; x_wconf 91' lang='lat' dir='ltr'><strong>imo</strong></span> <span class='ocrx_word' id='word_1_743' title='bbox 1419 5413 1472 5461; x_wconf 91' lang='lat' dir='ltr'><strong>et</strong></span> <span class='ocrx_word' id='word_1_744' title='bbox 1502 5405 1600 5461; x_wconf 74' lang='lat' dir='ltr'><strong>vite</strong></span> <span class='ocrx_word' id='word_1_745' title='bbox 1650 5405 1812 5474; x_wconf 74' lang='lat' dir='ltr'><strong>regiae</strong></span> <span class='ocrx_word' id='word_1_746' title='bbox 1847 5421 1967 5476; x_wconf 90' lang='lat' dir='ltr'><strong>per-</strong></span> 
     </span>
    </p>
   </div>
   <div class='ocr_carea' id='block_1_104' title="bbox 388 5493 1965 5566">
    <p class='ocr_par' dir='ltr' id='par_1_104' title="bbox 388 5493 1965 5566">
     <span class='ocr_line' id='line_1_104' title="bbox 388 5493 1965 5566; baseline 0.006 -23"><span class='ocrx_word' id='word_1_747' title='bbox 388 5502 663 5546; x_wconf 79' lang='lat' dir='ltr'><strong>senarent.</strong></span> <span class='ocrx_word' id='word_1_748' title='bbox 755 5493 811 5546; x_wconf 91' lang='lat' dir='ltr'><strong>lu</strong></span> <span class='ocrx_word' id='word_1_749' title='bbox 892 5494 1082 5563; x_wconf 83' lang='lat' dir='ltr'><strong>primis</strong></span> <span class='ocrx_word' id='word_1_750' title='bbox 1170 5494 1513 5566; x_wconf 89' lang='lat' dir='ltr'><strong>gloriationis</strong></span> <span class='ocrx_word' id='word_1_751' title='bbox 1592 5495 1965 5553; x_wconf 77' lang='lat' dir='ltr'><strong>immoderata:</strong></span> 
     </span>
    </p>
   </div>
   <div class='ocr_carea' id='block_1_105' title="bbox 388 5576 1964 5652">
    <p class='ocr_par' dir='ltr' id='par_1_105' title="bbox 388 5576 1964 5652">
     <span class='ocr_line' id='line_1_105' title="bbox 388 5576 1964 5652; baseline 0.009 -27"><span class='ocrx_word' id='word_1_752' title='bbox 388 5576 583 5629; x_wconf 81' lang='lat' dir='ltr'><strong>vitium</strong></span> <span class='ocrx_word' id='word_1_753' title='bbox 689 5595 904 5648; x_wconf 82' lang='lat' dir='ltr'><strong>semper</strong></span> <span class='ocrx_word' id='word_1_754' title='bbox 982 5598 1202 5647; x_wconf 82' lang='lat' dir='ltr'><strong>exosus,</strong></span> <span class='ocrx_word' id='word_1_755' title='bbox 1268 5587 1402 5636; x_wconf 77' lang='lat' dir='ltr'><strong>tunc</strong></span> <span class='ocrx_word' id='word_1_756' title='bbox 1489 5585 1837 5652; x_wconf 90' lang='lat' dir='ltr'><strong>potissimum</strong></span> <span class='ocrx_word' id='word_1_757' title='bbox 1912 5587 1964 5639; x_wconf 90' lang='lat' dir='ltr'><strong>id</strong></span> 
     </span>
    </p>
   </div>
   <div class='ocr_carea' id='block_1_106' title="bbox 388 5663 1961 5743">
    <p class='ocr_par' dir='ltr' id='par_1_106' title="bbox 388 5663 1961 5743">
     <span class='ocr_line' id='line_1_106' title="bbox 388 5663 1961 5743; baseline 0.012 -33"><span class='ocrx_word' id='word_1_758' title='bbox 388 5663 550 5731; x_wconf 74' lang='lat'><strong>657</strong></span> <span class='ocrx_word' id='word_1_759' title='bbox 571 5664 805 5732; x_wconf 81' lang='lat' dir='ltr'><strong>fugiebat</strong></span> <span class='ocrx_word' id='word_1_760' title='bbox 835 5669 1008 5733; x_wconf 83' lang='lat' dir='ltr'><strong>Nilus,</strong></span> <span class='ocrx_word' id='word_1_761' title='bbox 1039 5688 1135 5725; x_wconf 90' lang='lat' dir='ltr'><strong>nec</strong></span> <span class='ocrx_word' id='word_1_762' title='bbox 1174 5689 1235 5726; x_wconf 77' lang='lat' dir='ltr'><strong>ex</strong></span> <span class='ocrx_word' id='word_1_763' title='bbox 1266 5673 1372 5727; x_wconf 88' lang='lat' dir='ltr'><strong>illis</strong></span> <span class='ocrx_word' id='word_1_764' title='bbox 1401 5684 1515 5727; x_wconf 82' lang='lat' dir='ltr'><strong>erat</strong></span> <span class='ocrx_word' id='word_1_765' title='bbox 1543 5675 1635 5743; x_wconf 89' lang='lat' dir='ltr'><strong>qui</strong></span> <span class='ocrx_word' id='word_1_766' title='bbox 1661 5674 1763 5730; x_wconf 82' lang='lat' dir='ltr'><strong>sub</strong></span> <span class='ocrx_word' id='word_1_767' title='bbox 1794 5675 1961 5730; x_wconf 81' lang='lat' dir='ltr'><strong>animi</strong></span> 
     </span>
    </p>
   </div>
   <div class='ocr_carea' id='block_1_107' title="bbox 2063 4492 3681 4564">
    <p class='ocr_par' dir='ltr' id='par_1_107' title="bbox 2063 4492 3681 4564">
     <span class='ocr_line' id='line_1_107' title="bbox 2063 4492 3681 4564; baseline 0.002 -16"><span class='ocrx_word' id='word_1_768' title='bbox 2063 4492 2387 4548; x_wconf 84' lang='lat' dir='ltr'><strong>Constantio</strong></span> <span class='ocrx_word' id='word_1_769' title='bbox 2417 4493 2480 4546; x_wconf 77' lang='grc' dir='ltr'><strong>Α.</strong></span> <span class='ocrx_word' id='word_1_770' title='bbox 2528 4493 2681 4556; x_wconf 76' lang='lat' dir='ltr'><strong>vixit,</strong></span> <span class='ocrx_word' id='word_1_771' title='bbox 2743 4501 2798 4547; x_wconf 87' lang='lat' dir='ltr'><strong>et</strong></span> <span class='ocrx_word' id='word_1_772' title='bbox 2859 4494 3067 4564; x_wconf 82' lang='lat' dir='ltr'><strong>synodo</strong></span> <span class='ocrx_word' id='word_1_773' title='bbox 3115 4493 3348 4550; x_wconf 70' lang='lat' dir='ltr'><strong>Nicaeus:</strong></span> <span class='ocrx_word' id='word_1_774' title='bbox 3404 4497 3681 4553; x_wconf 81' lang='lat' dir='ltr'><strong>interfuit</strong></span> 
     </span>
    </p>
   </div>
   <div class='ocr_carea' id='block_1_108' title="bbox 2065 4582 3685 4655">
    <p class='ocr_par' dir='ltr' id='par_1_108' title="bbox 2065 4582 3685 4655">
     <span class='ocr_line' id='line_1_108' title="bbox 2065 4582 3685 4655; baseline 0.002 -16"><span class='ocrx_word' id='word_1_775' title='bbox 2065 4587 2224 4655; x_wconf 90' lang='lat' dir='ltr'><strong>(teste</strong></span> <span class='ocrx_word' id='word_1_776' title='bbox 2265 4582 2510 4650; x_wconf 87' lang='lat' dir='ltr'><strong>Socrate,</strong></span> <span class='ocrx_word' id='word_1_777' title='bbox 2538 4584 2634 4639; x_wconf 92' lang='lat' dir='ltr'><strong>lib.</strong></span> <span class='ocrx_word' id='word_1_778' title='bbox 2671 4598 2710 4649; x_wconf 85' lang='grc' dir='ltr'>ι,</span> <span class='ocrx_word' id='word_1_779' title='bbox 2739 4600 2788 4638; x_wconf 92' lang='lat' dir='ltr'><strong>c.</strong></span> <span class='ocrx_word' id='word_1_780' title='bbox 2820 4585 2886 4639; x_wconf 76' lang='grc'><strong>13</strong></span> <span class='ocrx_word' id='word_1_781' title='bbox 2911 4583 3057 4640; x_wconf 81' lang='lat' dir='ltr'><strong>Hist.</strong></span> <span class='ocrx_word' id='word_1_782' title='bbox 3091 4584 3317 4653; x_wconf 77' lang='lat' dir='ltr'><strong>Ecrles).</strong></span> <span class='ocrx_word' id='word_1_783' title='bbox 3348 4584 3685 4643; x_wconf 63' lang='lat' dir='ltr'><strong>Hexaeme-</strong></span> 
     </span>
    </p>
   </div>
   <div class='ocr_carea' id='block_1_109' title="bbox 2064 4675 3680 4750">
    <p class='ocr_par' dir='ltr' id='par_1_109' title="bbox 2064 4675 3680 4750">
     <span class='ocr_line' id='line_1_109' title="bbox 2064 4675 3680 4750; baseline 0.003 -21"><span class='ocrx_word' id='word_1_784' title='bbox 2064 4690 2187 4739; x_wconf 88' lang='lat' dir='ltr'><strong>ron,</strong></span> <span class='ocrx_word' id='word_1_785' title='bbox 2217 4690 2273 4743; x_wconf 91' lang='lat' dir='ltr'><strong>p.</strong></span> <span class='ocrx_word' id='word_1_786' title='bbox 2307 4675 2450 4741; x_wconf 72' lang='lat'><strong>512;</strong></span> <span class='ocrx_word' id='word_1_787' title='bbox 2482 4675 2574 4729; x_wconf 89' lang='lat' dir='ltr'><strong>sed</strong></span> <span class='ocrx_word' id='word_1_788' title='bbox 2609 4688 2717 4729; x_wconf 90' lang='lat' dir='ltr'><strong>non</strong></span> <span class='ocrx_word' id='word_1_789' title='bbox 2751 4678 2897 4729; x_wconf 86' lang='lat' dir='ltr'><strong>stetit</strong></span> <span class='ocrx_word' id='word_1_790' title='bbox 2923 4677 3228 4746; x_wconf 85' lang='lat' dir='ltr'><strong>promissis,</strong></span> <span class='ocrx_word' id='word_1_791' title='bbox 3263 4693 3438 4747; x_wconf 90' lang='lat' dir='ltr'><strong>neque</strong></span> <span class='ocrx_word' id='word_1_792' title='bbox 3493 4695 3680 4750; x_wconf 72' lang='lat' dir='ltr'><strong>pes-se</strong></span> 
     </span>
    </p>
   </div>
   <div class='ocr_carea' id='block_1_110' title="bbox 2066 4768 3681 4839">
    <p class='ocr_par' dir='ltr' id='par_1_110' title="bbox 2066 4768 3681 4839">
     <span class='ocr_line' id='line_1_110' title="bbox 2066 4768 3681 4839; baseline 0.003 -18"><span class='ocrx_word' id='word_1_793' title='bbox 2066 4778 2254 4839; x_wconf 80' lang='lat' dir='ltr'><strong>typum</strong></span> <span class='ocrx_word' id='word_1_794' title='bbox 2290 4768 2443 4821; x_wconf 90' lang='lat' dir='ltr'><strong>illum</strong></span> <span class='ocrx_word' id='word_1_795' title='bbox 2470 4784 2496 4819; x_wconf 90' lang='lat' dir='ltr'><strong>a</strong></span> <span class='ocrx_word' id='word_1_796' title='bbox 2533 4768 2834 4838; x_wconf 88' lang='lat' dir='ltr'><strong>pictoribus</strong></span> <span class='ocrx_word' id='word_1_797' title='bbox 2866 4769 3127 4824; x_wconf 89' lang='lat' dir='ltr'><strong>delineari</strong></span> <span class='ocrx_word' id='word_1_798' title='bbox 3183 4768 3376 4825; x_wconf 84' lang='lat' dir='ltr'><strong>Petrus</strong></span> <span class='ocrx_word' id='word_1_799' title='bbox 3416 4787 3445 4823; x_wconf 91' lang='lat' dir='ltr'><strong>a</strong></span> <span class='ocrx_word' id='word_1_800' title='bbox 3511 4768 3681 4826; x_wconf 76' lang='lat' dir='ltr'><strong>Valle</strong></span> 
     </span>
    </p>
   </div>
   <div class='ocr_carea' id='block_1_111' title="bbox 2065 4860 3678 4932">
    <p class='ocr_par' dir='ltr' id='par_1_111' title="bbox 2065 4860 3678 4932">
     <span class='ocr_line' id='line_1_111' title="bbox 2065 4860 3678 4932; baseline 0.001 -17"><span class='ocrx_word' id='word_1_801' title='bbox 2065 4863 2119 4915; x_wconf 94' lang='lat' dir='ltr'><strong>in</strong></span> <span class='ocrx_word' id='word_1_802' title='bbox 2156 4860 2349 4915; x_wconf 81' lang='lat' dir='ltr'><strong>ltiuer.</strong></span> <span class='ocrx_word' id='word_1_803' title='bbox 2386 4860 2595 4916; x_wconf 79' lang='lat' dir='ltr'><strong>Turcic.</strong></span> <span class='ocrx_word' id='word_1_804' title='bbox 2626 4878 2680 4932; x_wconf 91' lang='lat' dir='ltr'><strong>p.</strong></span> <span class='ocrx_word' id='word_1_805' title='bbox 2706 4861 2834 4924; x_wconf 73' lang='lat'><strong>250,</strong></span> <span class='ocrx_word' id='word_1_806' title='bbox 2863 4862 3115 4917; x_wconf 73' lang='lat' dir='ltr'><strong>editionis</strong></span> <span class='ocrx_word' id='word_1_807' title='bbox 3146 4862 3397 4918; x_wconf 70' lang='lat' dir='ltr'><strong>secunda.-</strong></span> <span class='ocrx_word' id='word_1_808' title='bbox 3426 4862 3678 4930; x_wconf 82' lang='lat' dir='ltr'><strong>fatetur,</strong></span> 
     </span>
    </p>
   </div>
   <div class='ocr_carea' id='block_1_112' title="bbox 2065 4952 3676 5024">
    <p class='ocr_par' dir='ltr' id='par_1_112' title="bbox 2065 4952 3676 5024">
     <span class='ocr_line' id='line_1_112' title="bbox 2065 4952 3676 5024; baseline 0.003 -19"><span class='ocrx_word' id='word_1_809' title='bbox 2065 4952 2157 5005; x_wconf 79' lang='lat' dir='ltr'><strong>ubi</strong></span> <span class='ocrx_word' id='word_1_810' title='bbox 2198 4968 2257 5005; x_wconf 87' lang='lat' dir='ltr'><strong>se</strong></span> <span class='ocrx_word' id='word_1_811' title='bbox 2279 4952 2544 5006; x_wconf 87' lang='lat' dir='ltr'><strong>lustrasse</strong></span> <span class='ocrx_word' id='word_1_812' title='bbox 2583 4963 2821 5007; x_wconf 88' lang='lat' dir='ltr'><strong>montem</strong></span> <span class='ocrx_word' id='word_1_813' title='bbox 2871 4962 3164 5024; x_wconf 89' lang='lat' dir='ltr'><strong>utrumque</strong></span> <span class='ocrx_word' id='word_1_814' title='bbox 3210 4964 3416 5020; x_wconf 88' lang='lat' dir='ltr'><strong>narrat,</strong></span> <span class='ocrx_word' id='word_1_815' title='bbox 3471 4966 3537 5011; x_wconf 83' lang='lat' dir='ltr'><strong>et</strong></span> <span class='ocrx_word' id='word_1_816' title='bbox 3578 4958 3676 5012; x_wconf 72' lang='lat' dir='ltr'><strong>dt-</strong></span> 
     </span>
    </p>
   </div>
   <div class='ocr_carea' id='block_1_113' title="bbox 2064 5042 3679 5115">
    <p class='ocr_par' dir='ltr' id='par_1_113' title="bbox 2064 5042 3679 5115">
     <span class='ocr_line' id='line_1_113' title="bbox 2064 5042 3679 5115; baseline 0.003 -18"><span class='ocrx_word' id='word_1_817' title='bbox 2064 5043 2291 5112; x_wconf 87' lang='lat' dir='ltr'><strong>ligenter</strong></span> <span class='ocrx_word' id='word_1_818' title='bbox 2313 5042 2570 5097; x_wconf 84' lang='lat' dir='ltr'><strong>describit</strong></span> <span class='ocrx_word' id='word_1_819' title='bbox 2597 5060 2611 5109; x_wconf 89' lang='lat'><strong>;</strong></span> <span class='ocrx_word' id='word_1_820' title='bbox 2642 5042 2960 5098; x_wconf 83' lang='lat' dir='ltr'><strong>Eustathius</strong></span> <span class='ocrx_word' id='word_1_821' title='bbox 2997 5054 3179 5099; x_wconf 87' lang='lat' dir='ltr'><strong>autem</strong></span> <span class='ocrx_word' id='word_1_822' title='bbox 3207 5059 3322 5109; x_wconf 89' lang='lat' dir='ltr'><strong>eos,</strong></span> <span class='ocrx_word' id='word_1_823' title='bbox 3388 5048 3489 5115; x_wconf 88' lang='lat' dir='ltr'><strong>qui</strong></span> <span class='ocrx_word' id='word_1_824' title='bbox 3545 5064 3679 5103; x_wconf 70' lang='lat' dir='ltr'><strong>arvo</strong></span> 
     </span>
    </p>
   </div>
   <div class='ocr_carea' id='block_1_114' title="bbox 2066 5133 3673 5207">
    <p class='ocr_par' dir='ltr' id='par_1_114' title="bbox 2066 5133 3673 5207">
     <span class='ocr_line' id='line_1_114' title="bbox 2066 5133 3673 5207; baseline 0.001 -19"><span class='ocrx_word' id='word_1_825' title='bbox 2066 5148 2168 5188; x_wconf 87' lang='lat' dir='ltr'><strong>suo</strong></span> <span class='ocrx_word' id='word_1_826' title='bbox 2211 5133 2633 5202; x_wconf 84' lang='lat' dir='ltr'><strong>proficiscuntur</strong></span> <span class='ocrx_word' id='word_1_827' title='bbox 2663 5134 2728 5188; x_wconf 89' lang='lat' dir='ltr'><strong>ad</strong></span> <span class='ocrx_word' id='word_1_828' title='bbox 2775 5134 2866 5189; x_wconf 74' lang='lat' dir='ltr'><strong>il‘la</strong></span> <span class='ocrx_word' id='word_1_829' title='bbox 2917 5134 3035 5189; x_wconf 92' lang='lat' dir='ltr'><strong>loca</strong></span> <span class='ocrx_word' id='word_1_830' title='bbox 3066 5134 3229 5205; x_wconf 79' lang='grc' dir='ltr'><strong>χάριν</strong></span> <span class='ocrx_word' id='word_1_831' title='bbox 3264 5136 3545 5207; x_wconf 80' lang='grc' dir='ltr'>ἱστορίας,</span> <span class='ocrx_word' id='word_1_832' title='bbox 3611 5138 3673 5191; x_wconf 80' lang='lat' dir='ltr'><strong>id</strong></span> 
     </span>
    </p>
   </div>
   <div class='ocr_carea' id='block_1_115' title="bbox 2066 5224 3675 5295">
    <p class='ocr_par' dir='ltr' id='par_1_115' title="bbox 2066 5224 3675 5295">
     <span class='ocr_line' id='line_1_115' title="bbox 2066 5224 3675 5295; baseline 0.004 -18"><span class='ocrx_word' id='word_1_833' title='bbox 2066 5224 2441 5287; x_wconf 71' lang='lat' dir='ltr'><strong>est,discendi,</strong></span> <span class='ocrx_word' id='word_1_834' title='bbox 2478 5224 2556 5277; x_wconf 85' lang='lat' dir='ltr'><strong>vel</strong></span> <span class='ocrx_word' id='word_1_835' title='bbox 2590 5224 2789 5278; x_wconf 71' lang='lat' dir='ltr'><strong>sciendi</strong></span> <span class='ocrx_word' id='word_1_836' title='bbox 2812 5226 3008 5295; x_wconf 81' lang='lat' dir='ltr'><strong>gratia,</strong></span> <span class='ocrx_word' id='word_1_837' title='bbox 3040 5226 3246 5281; x_wconf 89' lang='lat' dir='ltr'><strong>formas</strong></span> <span class='ocrx_word' id='word_1_838' title='bbox 3284 5230 3675 5284; x_wconf 86' lang='lat' dir='ltr'><strong>tentoriorum</strong></span> 
     </span>
    </p>
   </div>
   <div class='ocr_carea' id='block_1_116' title="bbox 2067 5316 3677 5391">
    <p class='ocr_par' dir='ltr' id='par_1_116' title="bbox 2067 5316 3677 5391">
     <span class='ocr_line' id='line_1_116' title="bbox 2067 5316 3677 5391; baseline 0.006 -22"><span class='ocrx_word' id='word_1_839' title='bbox 2067 5316 2295 5370; x_wconf 82' lang='lat' dir='ltr'><strong>infinitae</strong></span> <span class='ocrx_word' id='word_1_840' title='bbox 2323 5316 2692 5372; x_wconf 87' lang='lat' dir='ltr'><strong>multitudinis</strong></span> <span class='ocrx_word' id='word_1_841' title='bbox 2723 5333 2752 5371; x_wconf 90' lang='lat' dir='ltr'><strong>a</strong></span> <span class='ocrx_word' id='word_1_842' title='bbox 2804 5319 2999 5389; x_wconf 82' lang='lat' dir='ltr'><strong>seipsis</strong></span> <span class='ocrx_word' id='word_1_843' title='bbox 3039 5327 3362 5391; x_wconf 83' lang='lat' dir='ltr'><strong>conspectas</strong></span> <span class='ocrx_word' id='word_1_844' title='bbox 3429 5338 3677 5379; x_wconf 63' lang='lat' dir='ltr'><strong>asseve-</strong></span> 
     </span>
    </p>
   </div>
   <div class='ocr_carea' id='block_1_117' title="bbox 2066 5406 3677 5485">
    <p class='ocr_par' dir='ltr' id='par_1_117' title="bbox 2066 5406 3677 5485">
     <span class='ocr_line' id='line_1_117' title="bbox 2066 5406 3677 5485; baseline 0.004 -25"><span class='ocrx_word' id='word_1_845' title='bbox 2066 5422 2189 5461; x_wconf 87' lang='lat' dir='ltr'><strong>rare</strong></span> <span class='ocrx_word' id='word_1_846' title='bbox 2221 5406 2389 5462; x_wconf 88' lang='lat' dir='ltr'><strong>tradit</strong></span> <span class='ocrx_word' id='word_1_847' title='bbox 2420 5423 2473 5477; x_wconf 91' lang='lat' dir='ltr'><strong>p.</strong></span> <span class='ocrx_word' id='word_1_848' title='bbox 2502 5406 2591 5464; x_wconf 89' lang='lat'><strong>90.</strong></span> <span class='ocrx_word' id='word_1_849' title='bbox 2627 5408 2859 5465; x_wconf 88' lang='lat' dir='ltr'><strong>Sedente</strong></span> <span class='ocrx_word' id='word_1_850' title='bbox 2888 5419 3080 5466; x_wconf 85' lang='lat' dir='ltr'><strong>sancto</strong></span> <span class='ocrx_word' id='word_1_851' title='bbox 3128 5413 3398 5485; x_wconf 86' lang='lat' dir='ltr'><strong>Gregorio</strong></span> <span class='ocrx_word' id='word_1_852' title='bbox 3452 5412 3677 5485; x_wconf 73' lang='lat' dir='ltr'><strong>Magno</strong></span> 
     </span>
    </p>
   </div>
   <div class='ocr_carea' id='block_1_118' title="bbox 2067 5493 3669 5568">
    <p class='ocr_par' dir='ltr' id='par_1_118' title="bbox 2067 5493 3669 5568">
     <span class='ocr_line' id='line_1_118' title="bbox 2067 5493 3669 5568; baseline 0.007 -20"><span class='ocrx_word' id='word_1_853' title='bbox 2067 5493 2387 5551; x_wconf 80' lang='lat' dir='ltr'><strong>Rusticiana</strong></span> <span class='ocrx_word' id='word_1_854' title='bbox 2423 5497 2646 5566; x_wconf 87' lang='lat' dir='ltr'><strong>patricia</strong></span> <span class='ocrx_word' id='word_1_855' title='bbox 2680 5502 2917 5567; x_wconf 80' lang='lat' dir='ltr'><strong>perrexit</strong></span> <span class='ocrx_word' id='word_1_856' title='bbox 2941 5503 3007 5555; x_wconf 86' lang='lat' dir='ltr'><strong>ad</strong></span> <span class='ocrx_word' id='word_1_857' title='bbox 3062 5512 3297 5559; x_wconf 87' lang='lat' dir='ltr'><strong>montem</strong></span> <span class='ocrx_word' id='word_1_858' title='bbox 3332 5503 3491 5568; x_wconf 84' lang='lat' dir='ltr'><strong>Sina,</strong></span> <span class='ocrx_word' id='word_1_859' title='bbox 3567 5506 3669 5559; x_wconf 85' lang='lat' dir='ltr'><strong>lih.</strong></span> 
     </span>
    </p>
   </div>
   <div class='ocr_carea' id='block_1_119' title="bbox 2067 5586 3673 5664">
    <p class='ocr_par' dir='ltr' id='par_1_119' title="bbox 2067 5586 3673 5664">
     <span class='ocr_line' id='line_1_119' title="bbox 2067 5586 3673 5664; baseline 0.005 -23"><span class='ocrx_word' id='word_1_860' title='bbox 2067 5603 2151 5652; x_wconf 86' lang='grc' dir='ltr'>ιιι,</span> <span class='ocrx_word' id='word_1_861' title='bbox 2187 5602 2237 5641; x_wconf 90' lang='lat' dir='ltr'><strong>e.</strong></span> <span class='ocrx_word' id='word_1_862' title='bbox 2278 5587 2346 5642; x_wconf 73' lang='grc'><strong>44</strong></span> <span class='ocrx_word' id='word_1_863' title='bbox 2385 5588 2616 5657; x_wconf 75' lang='lat' dir='ltr'><strong>Rrgistr.</strong></span> <span class='ocrx_word' id='word_1_864' title='bbox 2658 5586 2794 5643; x_wconf 85' lang='lat' dir='ltr'><strong>Hinc</strong></span> <span class='ocrx_word' id='word_1_865' title='bbox 2824 5594 3043 5660; x_wconf 86' lang='lat' dir='ltr'><strong>prodiit,</strong></span> <span class='ocrx_word' id='word_1_866' title='bbox 3089 5604 3141 5648; x_wconf 90' lang='lat' dir='ltr'><strong>et</strong></span> <span class='ocrx_word' id='word_1_867' title='bbox 3168 5608 3471 5664; x_wconf 87' lang='lat' dir='ltr'><strong>cognomen</strong></span> <span class='ocrx_word' id='word_1_868' title='bbox 3549 5606 3673 5648; x_wconf 75' lang='lat' dir='ltr'><strong>tia-</strong></span> 
     </span>
    </p>
   </div>
   <div class='ocr_carea' id='block_1_120' title="bbox 2070 5673 3672 5757">
    <p class='ocr_par' dir='ltr' id='par_1_120' title="bbox 2070 5673 3672 5757">
     <span class='ocr_line' id='line_1_120' title="bbox 2070 5673 3672 5757; baseline 0.004 -26"><span class='ocrx_word' id='word_1_869' title='bbox 2070 5678 2145 5732; x_wconf 79' lang='lat' dir='ltr'><strong>xit</strong></span> <span class='ocrx_word' id='word_1_870' title='bbox 2179 5679 2499 5736; x_wconf 82' lang='lat' dir='ltr'><strong>Anastasius</strong></span> <span class='ocrx_word' id='word_1_871' title='bbox 2528 5673 2759 5747; x_wconf 82' lang='lat' dir='ltr'><strong>Sinaita,</strong></span> <span class='ocrx_word' id='word_1_872' title='bbox 2811 5685 2902 5753; x_wconf 88' lang='lat' dir='ltr'><strong>qui</strong></span> <span class='ocrx_word' id='word_1_873' title='bbox 2961 5685 3405 5757; x_wconf 75' lang='lat' dir='ltr'><strong>archiepiscopus</strong></span> <span class='ocrx_word' id='word_1_874' title='bbox 3454 5687 3672 5740; x_wconf 80' lang='lat' dir='ltr'><strong>Antio-</strong></span> 
     </span>
    </p>
   </div>
  </div>
