3998 6214
0 5254 51 5271 7'.

2 5349 41 5377 1r

0 5474 33 5491 ,Α

2 5548 21 5571 ὶι

291 187 417 255 1335
1623 182 1723 244 DE
1741 183 1917 245 VITA
1955 183 2017 243 S.
2040 183 2209 245 NILI
3419 181 3558 250 I386

286 309 513 372 chenus,
538 302 758 374 scripsit
796 300 1022 374 Ὀδηγὸν
1050 301 1316 358 adversus
1345 300 1669 372 Acephalos,
1707 311 1763 358 et
1805 303 1871 359 ad
1901 308 1947 366 Α
1977 303 2071 374 qui
2117 303 2253 359 abiit
2313 302 2367 358 in
2432 301 2692 358 Arabiam
2751 317 2800 358 c.
2860 318 2876 357 ι
2932 303 3001 358 ad
3056 303 3301 373 Galatas,
3336 314 3396 361 nt
3461 306 3561 362 do-

284 418 368 457 an.
401 400 505 455 εει
531 398 701 472 658
729 397 882 453 vixit.
914 395 1155 451 Joannes
1184 394 1461 453 Climacus
1518 395 1588 452 30
1643 398 1866 468 gradus,

283 494 479 565 quibus
505 507 794 547 ascensum
825 489 981 545 docet
1012 488 1078 543 ad
1107 488 1518 559 perfectionem,
1545 490 1618 545 ibi
1642 505 1869 562 compo—

285 588 393 643 suit
422 586 488 640 ad
512 600 717 639 annum
740 583 866 647 540,
892 599 922 639 ε
948 580 1184 649 lladero,
1204 597 1299 637 seu
1332 598 1361 637 e
1382 580 1636 649 Baronio,
1668 593 1722 638 et
1751 583 1871 639 Bel-

285 679 516 735 larmino
532 677 1050 744 cardinalihus;eum
1067 686 1308 731 montem
1328 675 1606 731 incoluere
1623 685 1735 731 tum
1758 692 1873 748 per-

286 773 437 827 multi
454 770 729 835 monachi,
744 777 793 824 et
813 784 998 840 supra,
1012 778 1063 824 et
1081 767 1583 824 subtus.Theonam
1596 770 1872 841 comperio

289 865 379 920 Dei
396 864 744 920 miseratione
758 862 1133 933 presbyterum
1153 870 1206 917 ct
1222 861 1675 917 ambasciatorem
1693 861 1868 916 sancti

286 958 487 1013 montis
514 956 688 1023 Sinai,
725 966 778 1011 et
821 954 992 1010 eremi
1017 954 1248 1019 Baithze,
1284 969 1381 1010 seu
1411 950 1635 1020 Raithu,
1664 964 1719 1010 et
1743 969 1872 1009 san-

286 1062 384 1109 cta:
412 1050 655 1107 ecclesiae
704 1046 939 1113 Pharan,
975 1050 1069 1117 qui
1104 1046 1310 1102 faciens
1339 1061 1671 1115 sermonem,
1698 1056 1753 1103 et
1774 1063 1871 1117 pro

283 1145 542 1201 erunibus
578 1140 864 1197 monachis
908 1139 1301 1195 exsistentibus
1336 1138 1391 1194 in
1432 1140 1709 1210 praedictis
1736 1139 1872 1196 soli-

285 1239 442 1293 tariis
490 1236 647 1301 locis,
696 1232 1053 1305 supplicavit.
1108 1240 1162 1286 et
1189 1230 1516 1302 subscripsit
1543 1231 1726 1289 libello
1751 1246 1872 1286 mo-

286 1328 588 1382 nachornm
634 1323 899 1380 Secunda:
952 1321 1144 1394 Syriae,
1180 1336 1341 1394 quem
1393 1321 1637 1378 oblatum
1701 1320 1875 1377 Justi-

284 1420 451 1476 niano
477 1417 793 1487 imperatori
830 1416 1064 1486 legimus
1096 1413 1362 1471 inscrtum
1422 1414 1625 1470 actioni
1680 1417 1873 1485 prima:

286 1512 479 1582 synodi
523 1511 750 1580 quintm,
782 1524 838 1580 p.
874 1509 979 1579 id;
1030 1516 1083 1563 et
1117 1507 1277 1563 alteri
1308 1507 1493 1563 libello
1527 1507 1594 1562 ad
1618 1507 1897 1573 Mennatn

285 1600 786 1671 Constantinopolis
809 1601 1202 1670 patriarcham,
1224 1606 1477 1679 porrecto
1504 1598 1724 1667 ibidem,
1746 1615 1869 1672 pag.

1972 404 2123 451 ceret
2155 394 2304 466 quod
2359 409 2391 451 a
2438 394 2550 450 Deo
2608 394 2907 451 revelatum
2964 394 3068 465 ipsi
3100 396 3300 463 fuerat,
3349 413 3382 454 e
3430 414 3566 454 san-

1970 496 2059 543 cto
2130 485 2486 559 Hieronymo,
2537 497 2709 558 utque
2766 486 3043 545 Barbaros
3122 488 3327 545 Arabas
3402 505 3567 548 exco-

1970 579 2108 635 leret
2189 580 2256 636 ad
2340 578 2660 650 religionem
2731 579 3104 637 Christianam
3160 582 3566 651 suscipiendam

1968 671 2137 743 659
2191 686 2222 726 e
2275 680 2479 727 sancto.
2503 669 2714 726 Joanne
2769 671 3188 743 Chrysostomo,
3250 674 3346 746 qui
3414 687 3571 733 notat

1972 764 2047 819 ibi
2068 763 2246 819 sancti
2285 761 2441 817 Pauli
2470 762 2790 834 modestiam
2840 772 2895 817 et
2927 762 3240 831 fervorem;
3279 776 3434 836 pater
3480 767 3573 824 hic

1971 855 2227 926 ﬁliusque
2261 870 2376 912 suae
2409 869 2628 926 quoque
2664 854 3044 910 conversionis
3064 857 3343 927 exemplo,
3381 874 3572 915 mona-

1970 948 2108 1005 chos
2145 949 2290 1015 illos,
2322 962 2558 1020 quorum
2592 949 2902 1002 institutum
2938 958 3065 1004 sunt
3098 950 3332 1020 amplexi
3362 953 3571 1008 excita-

1972 1052 2095 1098 rent
2120 1043 2293 1113 magis
2335 1058 2401 1098 ac
2450 1044 2628 1113 magis
2676 1044 2744 1098 ad
2788 1043 3069 1113 pietatem,
3115 1044 3282 1115 inque
3327 1061 3456 1103 vera
3517 1058 3574 1104 et

1970 1135 2286 1192 Christiana
2341 1136 2707 1207 philosophia,
2743 1144 2805 1191 ut
2842 1136 2896 1190 in
2928 1136 3133 1207 Opusc.
3174 1138 3373 1207 primo,
3416 1138 3572 1196 Nilus

1972 1231 2090 1301 ipse
2119 1229 2333 1301 prohat,
2362 1230 2530 1299 inque
2558 1229 2774 1284 Narrat.
2804 1244 2860 1299 p.
2890 1229 2945 1297 2,
2976 1229 3029 1283 in
3057 1230 3175 1300 lege
3202 1229 3418 1286 Domini
3452 1247 3575 1288 sese

1972 1339 2099 1380 cum
2122 1324 2234 1378 tilio
2261 1334 2601 1389 exercerent,
2624 1339 2790 1395 quam
2821 1322 2964 1380 Deus
2992 1323 3044 1378 in
3077 1334 3262 1381 monte
3295 1324 3449 1380 Sinai
3477 1326 3575 1381 de-

1972 1418 2053 1473 dit
2089 1417 2282 1491 Moysi.
2320 1415 2459 1472 lnibi
2491 1416 2657 1471 etiam
2695 1429 2899 1472 sancta:
2930 1415 3244 1473 Catharina:
3274 1434 3478 1489 corpus
3504 1419 3575 1474 ab

1974 1511 2181 1584 angelis
2209 1510 2445 1566 delatam
2476 1508 2798 1565 mirabiliter
2822 1509 3182 1579 conquiescit,
3209 1526 3332 1581 quia
3353 1512 3576 1569 caeleste

1974 1604 2244 1673 sapientia
2265 1601 2456 1669 ditata,
2486 1601 2843 1672 philosophos
2868 1599 3160 1672 Egyptios
3180 1603 3330 1667 vicit,
3361 1614 3415 1658 et
3444 1617 3577 1658 con-

290 1697 376 1749 Hi.
493 1693 726 1749 summis
758 1691 1109 1763 pontificibus
1150 1676 1495 1745 Innocentius
1526 1690 1727 1745 Sextus
1755 1676 1947 1761 cpi-'B
1976 1695 2127 1763 vicit,
2156 1706 2211 1751 et
2246 1696 2314 1750 de
2360 1694 2785 1750 immanissimis
2825 1694 2992 1749 etiam
3044 1696 3335 1751 tormentis
3378 1695 3580 1751 trium.

286 1803 538 1857 scopum,
580 1801 727 1842 nunc
756 1785 1256 1854 archiepiscopum,
1293 1794 1349 1838 et
1412 1781 1610 1838 fratres
1671 1782 1872 1839 Montis

288 1879 438 1935 Sinai
472 1880 575 1936 sub
604 1878 937 1950 protectione
966 1876 1109 1932 beati
1162 1876 1307 1931 Petri
1362 1891 1418 1931 et
1468 1883 1673 1931 sancta:
1728 1874 1874 1931 sedis

286 1975 602 2046 apostolicae
634 1972 835 2042 recepit
885 1985 1031 2026 anno
1061 1971 1410 2041 pontificatus
1460 1977 1675 2031 octavo,
1733 1982 1874 2041 qua-

288 2078 443 2122 terno
486 2076 680 2136 quarto
725 2066 793 2121 de
857 2064 1108 2119 lndultis.
1156 2062 1345 2117 Sancti
1392 2061 1639 2131 Gregorii
1698 2058 1877 2131 Magni

288 2159 529 2213 Charitas
560 2173 687 2226 erga
725 2170 1016 2225 pauperes,
1076 2164 1132 2208 et
1168 2154 1495 2208 inexhausta
1551 2151 1876 2215 liberalitas,

290 2252 374 2305 vel
407 2251 537 2304 hinc
569 2250 794 2313 effulsit,
845 2246 992 2317 quod
1044 2245 1339 2300 munificus
1368 2243 1613 2315 pontifex
1649 2258 1748 2313 pro
1776 2242 1882 2298 Ge-

294 2342 664 2407 rontncomio,
697 2340 749 2395 id
778 2350 886 2406 est,
914 2336 1121 2393 Senum
1155 2337 1438 2393 domicilio
1496 2334 1699 2392 montis
1749 2332 1880 2389 Sina

293 2434 662 2489 misitJoanni
695 2432 1101 2493 abbatis'lzenas
1134 2447 1249 2498 xvi,
1285 2446 1513 2487 racanas
1544 2446 1673 2495 xxx,
1712 2428 1883 2486 lectos

295 2544 387 2593 xv,
467 2526 699 2597 pretium
760 2540 976 2596 quoque
1035 2525 1104 2579 de
1157 2524 1404 2580 emendis
1472 2522 1739 2589 culcitris,
1796 2522 1885 2579 vel

296 2620 457 2674 naula
509 2618 679 2682 dedit,
711 2616 876 2688 epist.
927 2615 1014 2683 l6,
1056 2615 1146 2671 lib.
1182 2632 1257 2673 xu
1310 2617 1574 2687 Regest.;
1616 2625 1671 2673 et
1709 2615 1886 2673 Palla-

295 2714 387 2769 dio
440 2711 779 2783 presbytero,
813 2710 881 2765 de
912 2718 1097 2764 monte
1130 2708 1284 2765 Sinai
1329 2710 1625 2775 cucullam,
1656 2720 1709 2765 et
1741 2710 1859 2765 tuni
1914 2772 1919 2775 τ

296 2820 417 2859 cam
441 2806 507 2859 de
537 2804 919 2858 benedictione
950 2803 1129 2859 sancti
1161 2801 1309 2858 Petri
1340 2802 1434 2857 lib.
1452 2818 1568 2875 vin,
1598 2803 1757 2872 epist.
1784 2804 1875 2866 45,

298 2893 467 2949 lndic.
505 2895 588 2950 15.
643 2892 840 2948 Narrat
878 2893 1117 2949 Joannes
1148 2893 1414 2949 diaconus
1443 2893 1511 2948 de
1554 2893 1729 2962 ipsius
1761 2890 1882 2947 Vna

299 2990 396 3044 lib.
435 3005 494 3053 ιι,
534 3004 585 3043 c.
645 2987 733 3048 52.
802 2998 928 3041 eum
989 2996 1099 3042 tam
1151 2984 1569 3056 Hierosolymis,
1614 3001 1778 3054 quam
1831 2984 1905 3051 in,

300 3088 484 3135 monte
521 3080 670 3135 Sinai
706 3079 929 3135 famulis
961 3080 1054 3134 Dei
1101 3078 1422 3149 .quotidiani
1464 3076 1662 3139 victus,
1710 3086 1766 3131 et
1792 3092 1884 3131 ve-

298 3171 541 3228 stimenti
596 3187 811 3241 coptam
871 3158 1139 3226 annaliter
1170 3172 1487 3226 mittendam
1515 3185 1884 3241 procurasse;

300 3266 395 3321 sed
442 3268 508 3321 de
536 3264 690 3320 lamis
735 3274 791 3320 et
836 3264 1053 3320 racanis
1115 3265 1295 3321 fusius
1341 3264 1427 3335 egi
1456 3262 1781 3333 jamdudum
1832 3264 1885 3318 in

301 3358 694 3415 Dissertatione
728 3374 848 3413 mea
880 3359 948 3414 de
976 3374 1144 3414 aurea
1185 3374 1335 3413 rosa.
1564 3426 1573 3433 .

372 3451 619 3521 Expediti
659 3466 791 3521 ergo
839 3451 1120 3515 laciniosa:
1170 3452 1292 3505 vitae
1351 3449 1780 3517 impedimentis,
1832 3458 1892 3515 ut

302 3533 545 3605 loquitur
591 3534 964 3588 Tertullianus
1001 3532 1097 3584 lib.
1141 3547 1192 3585 tv
1228 3532 1497 3584 Adversus
1540 3530 1888 3596 Marcionem,

306 3628 469 3682 idest
551 3626 798 3689 undosae,
854 3626 1096 3680 sinuosa:
1147 3632 1202 3678 et
1242 3624 1889 3694 prmruptaz,cujusmodi

305 3726 425 3771 erat
454 3698 565 3778 illa.
599 3732 722 3788 quae
767 3717 822 3770 in
862 3717 984 3770 aula
1009 3714 1194 3771 Cra‘ca
1239 3724 1367 3770 tunc
1403 3716 1701 3786 agebatur,
1735 3713 1892 3771 Nilus

308 3819 362 3864 et
406 3807 724 3865 Theodulus
759 3822 1120 3880 perrexerunt
1153 3809 1217 3863 ad
1277 3817 1515 3863 montem
1573 3806 1747 3873 Sinai,
1801 3807 1894 3878 qui

310 3901 636 3971 conjunctus
663 3910 744 3955 est
782 3900 854 3965 ei,
896 3916 1040 3969 qua:
1106 3914 1253 3953 nunc
1312 3908 1395 3955 est
1442 3894 1743 3955 Jerusalem
1795 3898 1895 3969 (ita

310 3996 501 4050 scribit
538 3984 836 4065 Apostolus
870 3991 1093 4057 Paulus,
1130 4007 1183 4047 c.
1214 4007 1265 4047 IV
1318 3992 1381 4046 ad
1415 3990 1655 4063 GalataS)
1683 3991 1893 4055 Graece,

306 4090 608 4158 oaomrxei.
640 4085 888 4140 τουτέστι
918 4081 1240 4152 γειτνιάζει,
1268 4083 1523 4150 ἅπτεται,
1551 4084 1895 4155 propinquus

308 4189 392 4235 est
454 4177 509 4234 et
566 4193 813 4233 annexus
864 4195 879 4231 :
936 4177 1018 4232 sic
1077 4176 1312 4246 explicat
1382 4184 1608 4230 sanctus
1654 4173 1895 4230 Joannes

310 4275 758 4344 Chrysostomus,
793 4269 874 4324 vel
933 4268 1330 4334 conterminus,
1379 4268 1637 4332 confinis,
1680 4268 1898 4323 deserto

1976 1787 2183 1857 phavit.
2260 1784 2523 1843 Oraverat
2588 1786 2757 1841 Deum
2818 1786 3007 1858 virgo,
3068 1802 3192 1843 cum
3264 1788 3421 1844 miles
3478 1788 3579 1844 de-

1975 1876 2207 1935 collandi
2271 1877 2469 1935 artifex
2534 1879 2815 1947 πάναγνον
2880 1878 3128 1950 κεφαλὴν
3196 1889 3587 1950 amputaturus

1974 1979 2143 2036 esset,
2173 1986 2242 2027 ne
2274 1986 2478 2042 corpus
2510 1970 2631 2042 ejus
2669 1978 3008 2042 spectaretur
3038 1982 3161 2042 post
3189 1983 3443 2039 mortem,
3481 1987 3578 2029 seu

1977 2064 2301 2129 nudaretur,
2352 2073 2407 2120 et
2460 2061 2829 2132 expOncretu’r
2878 2064 3120 2119 ludibrio
3165 2064 3485 2136 gentilium,
3526 2073 3582 2121 et

1980 2153 2144 2207 simul
2170 2168 2235 2208 ac
2268 2153 2445 2223 miles,
2486 2154 2632 2224 quod
2668 2154 2887 2224 jussum
2930 2154 3128 2221 fuerat,
3160 2163 3452 2212 exsecutus
3474 2167 3577 2220 est,

1981 2259 2090 2298 non
2128 2243 2307 2299 solum
2337 2244 2647 2315 purissimis
2682 2246 2833 2301 venis
2862 2256 2959 2315 pro
3000 2246 3270 2318 sanguine
3302 2248 3388 2303 lac
3424 2246 3583 2304 eftlu-

1982 2337 2083 2402 xit,
2125 2335 2219 2393 sed
2256 2353 2456 2409 corpus
2512 2338 2633 2408 ejus
2678 2338 2739 2404 ἐξ
2792 2340 2962 2412 αὐτῆς
3007 2338 3107 2413 τῆς
3150 2339 3300 2413 ὥρας
3340 2341 3447 2408 ἕως
3487 2341 3584 2399 νῦν

1981 2429 2254 2501 διέμεινεν
2283 2429 2515 2487 ἀθέατον
2541 2430 2767 2487 ἅπασιν.
2804 2431 3064 2502 Ἄγγελοι
3100 2432 3212 2504 γὰρ
3243 2432 3582 2507 ἀποτμηθεί-

1985 2538 2086 2594 σης
2101 2522 2273 2593 αὐτῆς
2298 2522 2481 2577 νεύσει
2499 2524 2825 2579 κατὰπαντα
2849 2524 2983 2579 Θεοῦ
3015 2522 3091 2590 ὡς
3106 2524 3244 2597 πρὸς
3273 2526 3335 2580 τὸ
3365 2527 3493 2599 ὅρος
3521 2529 3585 2582 τὸ

1980 2614 2143 2670 Σιναῒ
2174 2614 2336 2670 τοῦτο
2366 2615 2834 2688 μετακομίζοντες
2857 2616 3145 2688 ὤφθησαν,
3211 2627 3272 2673 ιιι
3300 2618 3497 2687 legitur
3527 2617 3582 2674 in

1987 2709 2176 2765 codice
2203 2724 2304 2764 ms.
2337 2708 2682 2766 bibliotheca:
2710 2706 3107 2776 Vallicellanze,
3141 2725 3267 2780 pag.
3300 2704 3392 2777 76,
3425 2726 3581 2769 num.

1987 2800 2075 2865 54,
2103 2800 2153 2855 id
2187 2810 2291 2865 εει,
2332 2799 2538 2855 Exinde
2566 2802 2635 2855 ad
2678 2800 2773 2855 hac
2814 2814 2977 2872 usque
3005 2801 3253 2871 temporis
3293 2805 3583 2871 permansit

1987 2892 2255 2947 invisibile
2276 2893 2537 2959 omnibus,
2573 2893 2747 2963 angeli
2774 2909 3020 2963 namque,
3045 2892 3137 2949 ubi
3157 2895 3327 2964 capite
3354 2897 3584 2951 multata

1989 2984 2113 3054 fuit,
2139 2993 2271 3038 nutu
2301 2984 2512 3038 omnino
2542 2983 2637 3039 Dei
2666 2983 2736 3037 ad
2772 2994 2999 3038 montem
3030 2983 3182 3040 Sinai
3216 2995 3585 3057 transportan-

1993 3087 2088 3145 tes,
2130 3077 2225 3131 visi
2255 3087 2398 3133 sunt.
2454 3075 2566 3133 Nec
2633 3078 2850 3148 ambigo
2897 3076 3068 3134 fuisse
3116 3079 3373 3135 custodes
3439 3080 3586 3135 illius

1991 3171 2192 3240 probos
2219 3171 2601 3237 anachoretas,
2627 3170 2722 3242 qui
2746 3169 3087 3231 domicilium
3123 3170 3196 3228 ibi
3232 3173 3493 3243 fixerant;
3520 3189 3586 3231 ex

1991 3278 2101 3333 quo
2121 3265 2267 3320 enim
2297 3263 2610 3321 Christiana
2636 3264 2829 3336 religio
2852 3265 3036 3335 coepit,
3062 3266 3136 3336 pii
3162 3264 3348 3322 fideles
3365 3266 3587 3339 quidam

1992 3355 2234 3421 fuerunt,
2271 3358 2329 3408 ἐν
2376 3357 2637 3426 ἐρημίαις
2688 3357 3058 3427 πλανώμενοι,
3113 3357 3208 3412 καὶ
3253 3360 3448 3431 ὄρεσι,
3494 3361 3590 3415 καὶ

1994 3446 2305 3516 σπηλαίοις,
2327 3444 2422 3498 καὶ
2449 3447 2570 3510 ταῖς
2591 3446 2754 3506 ὀπαῖς
2775 3446 2877 3517 τῆς
2900 3448 3026 3517 γῆς,
3054 3457 3113 3503 ιιι
3141 3447 3333 3505 scribit
3364 3460 3587 3506 sanctus

1995 3537 2198 3613 Paulus
2232 3537 2298 3591 ad
2326 3535 2487 3592 llebr.
2521 3552 2642 3607 cap.
2672 3553 2753 3602 χι,
2789 3537 2880 3604 38,
2907 3538 3079 3594 idest.
3110 3534 3176 3593 In
3208 3540 3587 3597 solitudinibus

1996 3636 2253 3693 errantes,
2274 3638 2323 3683 et
2357 3627 2642 3693 montibus,
2673 3639 2723 3683 et
2751 3628 3035 3697 speluncis,
3066 3639 3114 3684 et
3134 3632 3372 3687 cavernis
3400 3641 3586 3700 terra,

1996 3727 2058 3772 ut
2085 3719 2340 3773 adnotavi
2372 3719 2643 3787 superius.
2678 3717 2837 3773 Certe
2886 3718 3189 3788 imperante
3216 3717 3551 3777 Diocletiano
3573 3766 3589 3789 ,

1996 3820 2050 3866 ει
2080 3809 2243 3865 Petro
2271 3810 2692 3865 Alexandrinam
2729 3809 3023 3865 Ecclesiam
3053 3820 3293 3881 regente,
3319 3812 3591 3885 ἀνῃρέθητ

2002 3919 2100 3957 σαν
2126 3903 2491 3975 ἡευχάζοντῖς
2514 3903 2571 3956 ὲν
2598 3902 2675 3972 τῷ
2704 3902 2820 3974 ὄρει
2852 3902 2985 3974 Σινᾷ
3032 3896 3100 3972 (Ε
3132 3902 3335 3959 Menaeo
3368 3904 3589 3960 Graeco-

1999 4010 2121 4051 rum
2159 3996 2225 4049 M
2249 3993 2521 4067 Januarii)
2567 3994 2691 4050 caesi
2724 4005 2853 4050 sunt
2884 3994 3116 4055 solitarii
3159 3996 3325 4049 vitam
3369 4005 3592 4067 agentes

2003 4086 2349 4157 tranquillam
2374 4085 2426 4140 in
2455 4096 2639 4140 monte
2681 4085 2830 4140 Sinai
2865 4100 2896 4139 a
2921 4084 3198 4141 Barbaris.
3226 4084 3473 4157 Cumque
3499 4086 3584 4142 Ni-

2001 4176 2085 4231 lus
2120 4184 2173 4231 et
2207 4175 2520 4232 Theodulus
2544 4186 2780 4231 montem
2821 4176 2972 4230 illum
3001 4178 3368 4233 Venerandum
3401 4194 3592 4234 ascen-

2000 4269 2213 4333 derent,
2261 4268 2498 4324 arbitror
2542 4266 2843 4321 monachos
2910 4266 3044 4335 ipsis
3081 4267 3275 4323 obvios
3312 4269 3591 4340 excepisse

312 4381 527 4437 nempe,
565 4366 618 4419 in
652 4379 761 4434 quo
791 4372 873 4418 est
916 4378 1077 4419 mons
1108 4363 1225 4437 ille,
1269 4363 1578 4433 pr0pinqua
1600 4371 1685 4416 est
1725 4360 1891 4415 Jeru-
1924 4374 1968 4430 ι)
2000 4361 2258 4417 benevole
2293 4362 2505 4425 ambos,
2545 4367 2599 4415 et
2630 4358 2682 4415 in
2726 4362 3069 4416 consortium
3101 4376 3317 4415 sacrum
3356 4362 3591 4417 libenter

312 4460 504 4525 salem,
535 4456 818 4526 interjacet
857 4469 1094 4524 namque
1141 4453 1395 4518 Idumam,
1451 4467 1572 4523 qua:
1604 4460 1715 4505 tota
1743 4465 1897 4504 mon-

317 4562 434 4604 tosa
483 4556 587 4615 εει,
634 4558 687 4603 ει
725 4550 985 4602 continua
1042 4544 1156 4601 fere
1230 4545 1496 4611 montium
1550 4544 1693 4598 serie
1746 4541 1899 4598 Sinai

314 4640 664 4712 conjungitur
707 4638 1039 4703 Jerusalem,
1076 4654 1107 4694 e
1161 4636 1501 4699 Borchardo,
1539 4636 1899 4692 Adrichomio

316 4742 371 4787 et
400 4732 664 4803 Zieglero,
694 4748 789 4802 per
823 4738 1081 4785 montana
1121 4745 1342 4801 quoque
1369 4727 1570 4784 Judzeae
1603 4743 1779 4799 usque
1831 4728 1901 4785 ad

321 4834 555 4889 montes,
603 4823 701 4894 qui
734 4832 863 4878 sunt
888 4823 943 4878 in
988 4823 1223 4879 circuitu
1250 4820 1572 4894 Jerusalem,
1604 4820 1763 4889 juxta
1806 4836 1904 4877 va-

322 4927 428 4972 tem
486 4915 713 4987 rcginm,
758 4914 900 4985 psal.
927 4928 1087 4970 cxxnv
1125 4932 1139 4981 ;
1174 4915 1256 4970 vel
1286 4923 1429 4969 recta
1487 4914 1905 4971 continuatione

322 5010 535 5064 itineris
600 5008 966 5063 lsraelitarum
1028 5023 1127 5079 per
1182 5005 1356 5073 Sinai,
1428 5007 1575 5077 quod
1629 5015 1789 5061 antea
1808 5020 1906 5075 per

325 5100 506 5153 varios
583 5098 864 5154 anfractus
932 5099 1189 5167 viarum,
1238 5111 1295 5157 et
1356 5100 1709 5155 mansionum
1782 5099 1908 5154 ba-

326 5200 605 5257 nnerunt;
650 5208 772 5262 quae
826 5192 1096 5247 sententia
1148 5201 1232 5248 est
1283 5177 1457 5248 sancti
1484 5190 1711 5246 Thema:
1733 5190 1907 5261 Aqui-

326 5286 505 5349 natis;
546 5291 641 5337 aut
680 5284 1058 5353 similitudine,
1123 5285 1238 5341 sive
1268 5346 1271 5349 λ
1301 5288 1647 5358 cognatione,
1699 5297 1906 5354 quem—

260 5378 261 5381 ‘
326 5372 618 5429 admodum
674 5377 903 5447 exponit
976 5393 1008 5434 e
1078 5377 1487 5449 Theopbylaclo
1562 5385 1617 5432 et
1677 5373 1908 5429 Vatablo

328 5464 619 5522 Cornelius
682 5483 713 5521 a
776 5467 997 5539 Lapide.
1072 5469 1322 5541 Cumque
1379 5469 1455 5523 ibi
1525 5466 1909 5538 pervenissent

326 5559 381 5614 in
462 5554 556 5611 illo
624 5558 888 5626 praecelsa
961 5560 1203 5614 culmine
1290 5558 1623 5623 constituti,
1709 5557 1849 5613 vesti
1880 5584 1908 5597 -

329 5643 432 5714 giis
501 5643 830 5703 inluerentes
888 5648 1068 5704 sancti
1144 5648 1324 5718 Pauli,
1390 5660 1445 5707 et
1502 5666 1629 5708 eum
1683 5649 1903 5718 imitati,

619 5763 890 5829 PATROL.
926 5764 1044 5826 Gn.
1068 5765 1361 5828 LXXIX.

2005 4449 2337 4509 ascivisse.0
2355 4451 2449 4522 qui
2473 4450 2790 4522 complexus
2811 4448 2885 4505 lO
2902 4461 3108 4521 quanta
3124 4452 3322 4521 gaudia
3340 4451 3589 4510 fuerunt!

2005 4544 2065 4599 1n
2091 4544 2494 4616 Opusculorum
2512 4544 2717 4612 Indice,
2739 4545 3101 4601 Observabam
3130 4544 3313 4600 varios
3343 4544 3590 4613 ordines,

2006 4648 2104 4690 seu
2141 4634 2343 4706 gradus
2369 4636 2787 4701 monachorum,
2822 4636 3098 4706 primum:
3144 4634 3512 4708 Ἐγκρατέων,
3540 4638 3592 4693 i.l

2005 4733 2113 4794 est,
2144 4727 2239 4796 qui
2269 4725 2667 4782 continentiam
2683 4737 2986 4792 servantes,
3022 4729 3107 4783 vel
3149 4729 3591 4800 Ἐγκρατευομὲ-

2006 4819 2196 4882 vmv,id
2209 4828 2313 4887 εει,
2333 4827 2695 4888 temperantes
2710 4813 3071 4874 erant.Variis
3083 4827 3265 4875 autem
3282 4820 3597 4876 nominibus

2008 4912 2446 4985 appellabantur,
2489 4911 2794 4965 secundum
2827 4911 2975 4965 varia
3023 4912 3303 4966 exercitia.
3360 4910 3595 4978 Quidam

2008 5005 2315 5071 ctenobitae,
2350 5019 2445 5059 seu
2471 5004 2755 5076 synodita',
2788 5002 2881 5065 alii
2926 5004 3291 5070 anachoretm,
3320 5006 3561 5061 cremita:
3581 5046 3596 5071 ,

2010 5080 2207 5170 stylitae
2232 5135 2248 5162 ,
2282 5097 2332 5152 id
2372 5106 2477 5162 est,
2536 5095 2865 5150 columnarii
2891 5136 2907 5160 ,
2964 5098 3216 5163 κιονῖται,
3262 5096 3593 5165 ἔγκλειστοι,

2009 5191 2232 5258 reclusi,
2299 5188 2737 5263 κουὸουκλήσιοι,
2789 5189 3060 5259 solitarii,
3125 5190 3429 5256 vacantivi,
3465 5192 3598 5247 Θεο-

2011 5280 2208 5350 φιλεῖς,
2259 5295 2372 5351 quo
2416 5280 2634 5334 nomine
2682 5279 2988 5335 Christiani
3019 5280 3255 5351 primum
3297 5282 3598 5339 univcrsim

2010 5374 2371 5440 vocabantur,
2402 5383 2514 5428 tum
2548 5373 2803 5429 monachi
2833 5374 3137 5442 speciatim,
3185 5375 3384 5430 ’ἱκέται
3434 5390 3603 5431 oran-

2014 5480 2115 5530 tes,
2152 5466 2517 5537 θεραπευταί,
2546 5456 2617 5521 id
2674 5476 2779 5533 cst,
2826 5465 3058 5532 famuli,
3089 5477 3254 5539 atque
3292 5470 3435 5523 servi
3472 5469 3605 5538 Dei,

2010 5562 2302 5631 Δαυρϊται,
2358 5559 2408 5613 id
2440 5569 2543 5625 est,
2574 5559 2835 5613 cellarum
2868 5556 3084 5623 incolat,
3111 5558 3303 5625 nonni,
3337 5559 3606 5631 religiosi.

2012 5652 2496 5724 philosophantes,
2544 5660 2743 5723 praeter
2784 5664 3088 5722 gyrovagos
3148 5659 3203 5706 et
3241 5649 3611 5723 circellioneS,

3299 5759 3380 5822 44
