3998 6214
467 206 605 272 1387
1175 213 1324 274 JOS.
1366 212 1630 275 MARIIE
1664 208 2023 276 SUARESII
2064 218 2295 281 LIBER
2342 223 2981 298 CHRONOLOGICUS
3608 249 3748 320 1383

462 323 554 395 qui
580 321 763 393 potius
803 326 1029 379 errones
1054 333 1255 425 erant;
1309 326 1585 381 secundus
1606 325 1742 381 ordo
1764 335 1881 381 erat
1905 342 2055 383 asce-
2084 332 2129 390 Α
2162 331 2348 390 laudes
2384 339 2602 408 quidem
2635 342 2883 402 florentia
2924 350 3166 407 excitant
3199 353 3437 425 ingenia,

461 428 637 472 tarum
670 430 779 471 non
828 416 1125 487 generatim
1160 426 1502 487 sumptorum
1523 460 1538 485 ,
1575 419 1673 475 sed
1707 420 1945 491 preprie,
1980 435 2044 476 ac

461 507 690 578 pressim
723 545 740 570 ,
808 506 907 577 qui
965 506 1037 562 ad
1120 518 1312 563 nutum
1373 508 1630 564 abbatum
1699 518 1755 566 et
1808 510 2047 581 ἡγουμέυ

450 597 836 668 ηνωνίεέυιιίἱδ,
897 600 1245 655 orationibus
1289 610 1343 656 et
1373 600 2044 657 meditationibusvac'an-

458 698 538 742 tes
571 687 983 754 exercebantur,
1022 698 1077 744 et
1102 687 1399 745 Sarabaitte
1422 689 1583 744 etiam
1614 688 2046 751 denominaban-

442 787 584 845 itur;
639 780 833 836 tertius
890 778 1268 849 μοναζόντων,
1330 779 1423 849 qui
1473 780 1698 849 propius
1730 780 1898 852 600
1952 796 2044 836 ac-

454 869 719 925 cedebant
749 870 815 925 ad
841 869 1252 933 monachatum,
1278 878 1331 925 et
1358 878 1564 925 vestem
1588 869 1888 925 induebant
1911 869 2041 924 reli-

438 962 697 1031 giosam;
720 971 951 1032 quartus
992 962 1410 1027 monachorum,
1445 960 1539 1032 qui
1562 962 1867 1017 monastico
1902 963 2041 1017 ami-

441 1052 737 1109 ciebantur
767 1053 979 1121 habitu,
1004 1063 1059 1109 et
1096 1052 1484 1109 attondebantu
1494 1069 1539 1116 r,
1563 1068 1739 1124 neque
1753 1054 2040 1110 continen-

455 1144 586 1198 tiam
642 1152 892 1211 tantum,
948 1143 1043 1200 sed
1098 1151 1477 1215 paupertatem
1508 1185 1521 1208 ,
1586 1152 1641 1198 et
1666 1143 2036 1199 obedientiam

444 1235 835 1293 custodiebant
876 1235 1235 1292 adamassim.
1289 1235 1349 1291 in
1406 1236 1638 1307 singulis
1685 1245 1867 1291 autem
1914 1236 2039 1291 istis

449 1329 710 1399 gradibus
760 1337 908 1382 certa
961 1336 1268 1398 temporum
1318 1327 1621 1405 praestituta
1663 1337 1825 1384 erant
1864 1328 2034 1383 inter-

445 1418 610 1483 valla,
635 1425 695 1470 ut
725 1414 1109 1481 animadverti,
1134 1431 1189 1486 p.
1217 1416 1340 1471 60l.
1380 1414 1455 1471 Ea
1482 1430 1611 1471 vero
1643 1416 2035 1473 contraheban-

448 1520 536 1565 tur
560 1508 830 1563 interdum
859 1525 873 1574 ;
939 1522 1071 1562 nam.
1105 1503 1370 1561 Joannem
1422 1506 1725 1562 Climacunt
1763 1507 1832 1562 ab
1868 1522 2031 1575 opere

446 1604 650 1657 dictum
706 1599 1005 1664 Scalarem,
1034 1608 1090 1655 et
1124 1612 1175 1654 'a
1217 1613 1443 1656 munere
1502 1601 1915 1666 scholasticum,
1970 1603 2025 1657 in

448 1690 775 1745 monachum
800 1688 969 1744 fuisse
986 1698 1283 1760 receptum,
1309 1698 1362 1744 et
1388 1698 1685 1756 attonsum,
1712 1690 2026 1763 amictuque

448 1779 750 1835 monastico
808 1780 1067 1855 donatum
1110 1779 1350 1849 comperi
1402 1778 1521 1850 ejus
1561 1779 1619 1835 in
1668 1778 1811 1847 Vita,
1863 1798 2029 1852 quam

451 1871 638 1941 Daniel
699 1869 960 1925 Raithuni
1019 1870 1259 1927 emnohii
1315 1872 1623 1927 monachus
1676 1875 2028 1945 conscripsit,

446 1972 681 2032 quatuor
706 1976 881 2016 annos
910 1977 1043 2017 cum
1070 1961 1345 2033 posuisset
1369 1961 1424 2015 in
1453 1963 1728 2030 tirocinio,
1761 1974 1819 2020 et
1855 1965 2028 2021 Isido-

446 2070 565 2109 rum
612 2054 1037 2117 Alexandrinum
1082 2070 1206 2109 cum
1239 2064 1445 2123 septem
1477 2056 1749 2125 exegisset
1794 2057 1850 2111 in
1898 2057 2027 2116 Bai-

445 2144 616 2197 thuno
648 2142 921 2198 coenobio.
955 2141 1137 2197 Nilum
1174 2157 1269 2213 ego
1299 2151 1353 2198 et
1397 2143 1741 2200 Theodulum
1777 2161 1887 2202 non
1933 2147 2028 2203 ob-

444 2250 692 2291 servasse
740 2235 1011 2305 graduum
1085 2234 1316 2289 istorum
1370 2236 1685 2293 discrimina
1746 2239 2025 2309 suspicor,

434 2326 812 2380 continentem
846 2326 1044 2395 quippe
1081 2325 1271 2391 fuisse,
1300 2341 1425 2382 cum
1453 2336 1635 2396 ageret
1669 2330 1849 2387 adhuc
1877 2329 2025 2386 Con-

443 2415 797 2485 stantinopoli
844 2429 906 2468 ex
952 2420 1223 2470 consensu
1251 2413 1501 2486 conjugis
1540 2415 1723 2475 Nilum
1744 2459 1761 2484 ,
1795 2418 1939 2475 sicut
1973 2430 2028 2476 et

442 2505 780 2562 Theodnlum
823 2506 1172 2561 continentia:
1200 2506 1521 2561 innutritum
1546 2507 1851 2566 adolevisse
1876 2511 2025 2566 arbi-

439 2610 573 2666 :ror,
593 2598 996 2669 ascetiramque
1013 2600 1183 2653 vitam
1201 2608 1493 2670 utrumque
1508 2600 1840 2673 professum,
1863 2609 2025 2677 μονά-

438 2692 629 2756 ζοντας
658 2691 824 2762 igitur
849 2686 985 2745 istos
1016 2696 1256 2746 montem
1288 2689 1355 2746 ad
1396 2691 1573 2760 Sinai,
1605 2694 1752 2750 velut
1789 2696 1857 2752 ad
1894 2712 2022 2767 por-

440 2793 555 2837 tum
586 2780 783 2850 quietis
816 2778 1089 2848 appulisse
1123 2778 1255 2834 mihi
1303 2795 1630 2851 persuasum
1665 2792 1770 2850 est,
1802 2799 1869 2841 eo
1902 2787 2022 2858 ipso

436 2889 578 2928 anno
612 2870 713 2925 403
741 2870 802 2925 C.
848 2868 937 2936 N.,
962 2886 991 2925 e
1024 2870 1485 2953 sollicitudinibus
1519 2875 1749 2932 terrenis
1794 2877 1850 2932 in
1888 2878 2019 2933 soli-

437 2966 672 3033 tudines,
703 2976 755 3021 ct
777 2982 807 3021 e
852 2964 1004 3022 sellis
1038 2965 1393 3035 prtefectoriis
1426 2970 1479 3022 in
1513 2969 1681 3025 cellas
1713 2973 2020 3030 eremiticas
2047 3007 2092 3070 ο

437 3059 721 3131 migraudo
752 3076 768 3115 :
798 3071 917 3113 cum
942 3057 1033 3112 alii
1064 3055 1310 3128 Byzantii
1334 3072 1455 3114 sese
1481 3058 1535 3113 in
1564 3072 1769 3115 oceano
1802 3061 2020 3119 delicia-

435 3167 555 3205 rum
615 3159 670 3205 et
702 3150 1038 3218 voluptatum
1070 3149 1359 3218 volutant,j
1380 3150 1456 3204 illi
1488 3149 1803 3207 coelestibus
1846 3157 2017 3211 medi-

435 3241 734 3295 tationibus
769 3238 895 3293 elati
932 3239 1155 3293 volitant
1190 3240 1255 3295 ad
1309 3239 1656 3309 paradisum;
1710 3242 1840 3298 dum
1879 3246 2018 3304 alios

436 3330 623 3387 molles
648 3330 771 3385 lecti
813 3328 1158 3385 lascivientcs
1207 3328 1543 3396 obvolvunt,
1574 3330 1696 3388 illos
1730 3348 2014 3393 sacrorum

433 3425 694 3481 librorum
718 3424 877 3478 lectio
902 3420 1204 3488 detinebat,
1233 3437 1331 3478 nec
1351 3422 1419 3479 ad
1437 3424 1773 3495 episcopales
1790 3428 2014 3484 thronos

436 3515 556 3572 inde
593 3531 651 3569 se
685 3515 799 3585 rapi
832 3512 1202 3584 patiebantm',
1234 3514 1325 3569 sed
1385 3517 1578 3572 rastris
1608 3525 1662 3572 et
1689 3500 1921 3576 sarculis
1958 3520 2012 3575 in

429 3606 741 3663 excolendis
775 3604 1005 3659 hortulis
1038 3612 1241 3659 terram
1270 3619 1556 3661 arenosam
1592 3605 1930 3673 ell‘odientes,
1960 3619 2013 3667 ct

433 3707 610 3754 rostra
649 3695 1011 3766 despicientes
1032 3694 1276 3751 victricis
1297 3693 1497 3766 linguze
1525 3697 1797 3766 opulentis
1826 3713 2013 3768 pereo.

432 3788 611 3844 nantia
641 3786 993 3852 dictionibus,
1017 3793 1270 3856 astraque
1299 3785 2007 3855 aspicientes,Conditorcm

429 3890 617 3931 eorum
647 3873 998 3929 dilaudabant
1033 3871 1375 3942 psalmodiis,
1426 3872 1646 3943 hymnis
1704 3884 1759 3931 et
1802 3878 2009 3932 oratio-

432 3968 623 4030 nibus,
659 3964 725 4020 de
762 3964 963 4036 quibus
999 3974 1107 4018 tam
1146 3963 1331 4019 utilem
1364 3972 1654 4020 tractatum
1699 3969 2009 4038 composuit

429 4054 602 4111 Nilus.
627 4044 734 4108 Nec
754 4055 899 4108 enim
920 4052 1205 4119 vilitatem,
1223 4061 1273 4108 cl
1290 4053 1656 4123 asperitatem,
1678 4068 1741 4111 ac
1768 4056 2007 4113 illuviem

431 4146 684 4210 vestium,
716 4143 1013 4198 nuditatem
1055 4145 1270 4214 pedum,
1306 4161 1412 4216 qua
1443 4145 1837 4203 aanmlabantur
1864 4150 2010 4221 Any-

432 4237 662 4307 poilitas,
707 4236 757 4289 id
784 4244 887 4301 est,
914 4235 1268 4291 Excalceatos
1299 4235 1773 4310 ConstantinOpuli
1805 4240 2007 4312 degen-

434 4337 513 4381 tes
536 4327 589 4379 in
622 4326 957 4381 monasterio
979 4325 1160 4382 Sancti
1185 4326 1479 4393 Thalassii,
1508 4330 1664 4399 cujus
1688 4331 2002 4388 archiman-

430 4418 598 4474 drites
651 4418 931 4489 presbyter
999 4417 1265 4489 DiOgcnes
1316 4419 1645 4491 subscripsit
1696 4421 1878 4479 libello
1936 4425 2004 4479 ad

428 4509 688 4566 Joannem
721 4510 1105 4580 patriarcham,
1141 4518 1247 4565 act.
1280 4527 1296 4565 ι
1327 4512 1526 4566 concil.
1554 4526 1609 4577 v,
1640 4528 1689 4583 p.
1732 4514 1823 4579 “20,
1851 4515 2005 4571 obla-

429 4613 515 4669 te;
552 4601 786 4672 vigilias,
842 4603 1042 4672 quibus
1092 4603 1498 4660 Accemetenses
1536 4602 2007 4678 Constantinopoli

426 4691 994 4762 quoquediversa'ntes
1012 4692 1432 4760 exsuperabant,
1455 4692 1701 4763 eloquar,
1725 4694 1919 4760 luctus,
1940 4696 2009 4749 la-

426 4799 660 4854 erymas,
677 4783 930 4854 suspiria,
950 4783 1216 4852 planctus,
1232 4790 1283 4838 et
1302 4783 1530 4853 ﬂagella,
1550 4786 2010 4855 ᾳυὶὺυεὺπωπιά-

424 4878 575 4940 ζεται
604 4872 762 4945 σῶμα
795 4875 889 4926 καὶ
912 4872 1361 4941 δουλαγωγείται,
1388 4874 1463 4928 uti
1494 4871 1696 4929 Paulus
1733 4875 1897 4929 l'Cor.
1929 4892 2007 4943 ιχ,

421 4967 514 5035 27,
549 4967 599 5023 id
628 4976 727 5035 est,
760 4966 978 5022 lividum
1000 4966 1061 5035 ﬁt
1094 4982 1284 5037 corpus
1314 4976 1362 5021 et
1391 4968 1442 5020 in
1474 4970 1777 5022 servitutem
1810 4971 2007 5040 redigi-

425 5073 531 5126 tur,
574 5062 962 5130 chamateun'ia,
988 5065 1159 5127 idest,
1209 5061 1498 5116 decubilus
1544 5046 1717 5127 humi,
1766 5060 2006 5133 genuﬂe-

425 5154 654 5221 siones;
691 5152 1057 5223 γσνυκλίσεις,
1104 5154 1413 5224 μετανοίας,
1455 5169 1550 5209 seu
1589 5156 2004 5223 prostrationcs,

423 5261 488 5301 ac
510 5246 747 5318 denique
793 5246 1031 5315 silentia;
1085 5255 1139 5302 et
1181 5246 1411 5317 jejun’ia,
1460 5246 1844 5316 xei-ophagias,
1892 5247 2007 5303 sive

421 5337 617 5393 aridas
684 5350 841 5394 escas
897 5348 1061 5409 atque
1120 5336 1373 5393 siccatas.
1452 5337 1684 5404 Quando
1746 5338 1867 5408 ipse’
1911 5337 2007 5392 Ni-

424 5430 510 5485 lus
547 5432 754 5494 tacuit,
794 5444 894 5502 ego
954 5445 1174 5501 quoque
1220 5428 1528 5501 practeribo.
1585 5428 1860 5500 ’Δνεμώνη
1907 5428 2005 5484 llos

422 5526 509 5574 est
539 5520 643 5589 qui
673 5531 831 5577 vento
875 5522 1135 5590 aperitur,
1170 5521 1312 5591 apud
1338 5518 1744 5587 υἰοεο.›ι-ἰίιοιιι;
1779 5520 2001 5591 symbo-

421 5608 543 5663 hlm
563 5621 689 5661 esse
714 5609 969 5663 vanitatis
1020 5608 1292 5664 Lucianus
1330 5623 1453 5663 cum
1488 5607 1671 5661 florem
1716 5602 1951 5662 aftirmat
1982 5625 1997 5660 :

3480 371 3534 416 et
3561 364 3741 425 virtus

2152 433 2371 491 laudata
2404 440 2622 505 crescit,
2656 440 2936 514 gloriaque
2964 443 3123 501 habet
3160 445 3493 506 immensum
3522 456 3741 523 calcar,

2151 535 2210 582 ut
2235 526 2574 596 illececinit,
2604 548 2705 587 nec
2728 533 2835 588 ulla
2862 544 2942 589 est
2976 543 3127 591 tanta
3151 537 3459 609 humilitas,
3482 560 3603 615 qua:
3630 564 3741 602 non

2148 629 2407 692 tangatur
2457 623 2644 693 gloria:
2699 625 3007 692 dulcedine,
3054 628 3211 699 juxta
3260 629 3535 690 Valerium
3591 637 3738 694 Max.

2140 710 2245 765 lib.
2305 726 2428 778 vni,
2497 720 2619 782 cap.
2676 713 2762 769 Η.
2807 714 3199 775 Themistoclis
3247 722 3475 779 auribus
3523 726 3738 782 nullum

2144 826 2396 867 acroama
2443 810 2703 865 libentius
2745 810 3139 876 excipiebatur,
3185 829 3349 885 quam
3408 814 3567 883 illud,
3626 836 3741 889 quo

2144 901 2291 955 illius
2330 899 2741 955 celebrabantur
2780 900 2997 971 egregia
3041 900 3307 958 facinora.
3336 903 3579 964 Joannes
3619 910 3738 980 ipse

2142 987 2284 1045 XXII
2318 1004 2454 1060 papa
2475 988 2659 1046 fassus
2687 1000 2772 1046 est
2806 1005 2866 1046 se
2891 991 3195 1059 blanditiis,
3218 995 3376 1067 θοι
3410 1014 3549 1065 quas
3580 1016 3737 1053 aver-

2140 1083 2385 1147 sabatur,
2424 1082 2784 1138 nihilominus
2817 1081 3141 1149 demulceri,
3172 1094 3228 1140 et
3261 1086 3533 1143 interdum
3573 1091 3731 1160 capi;

2138 1180 2339 1249 sapius
2367 1177 2471 1231 illa:
2505 1175 2733 1245 repulsae
2766 1174 2980 1230 tandem
3011 1190 3077 1230 ex
3104 1174 3307 1231 Seneca
3337 1179 3513 1234 solent
3542 1181 3735 1235 admit-

2139 1274 2199 1330 ti.
2245 1256 2681 1341 Ἐξανεμοῦσθαι
2728 1276 2911 1322 tamen
2940 1267 3196 1323 dicuntur
3248 1278 3479 1339 segetes,
3513 1274 3729 1326 eventi-

2135 1364 2237 1420 lari
2279 1362 2526 1425 scilicet,
2560 1374 2623 1414 ac
2652 1358 2953 1426 exsuﬂlari,
2986 1358 3233 1415 daemone
3258 1359 3482 1416 inﬂante
3510 1380 3522 1415 :
3557 1364 3735 1419 nimio

2132 1455 2334 1513 etenim
2367 1460 2652 1509 ventorum
2687 1449 2821 1505 ﬂatu
2842 1460 3197 1515 evacuantur,
3230 1460 3284 1507 et
3308 1453 3731 1521 exinaniuntur,

2134 1547 2407 1620 praecipue
2452 1543 2584 1599 dum
2630 1550 3029 1606 maturescunt,
3066 1543 3215 1613 apud
3244 1541 3729 1614 Theophrastum;

2054 1668 2111 1726 Β]
2130 1641 2211 1696 ita
2235 1639 2402 1698 nimia
2426 1635 2698 1709 praeconia
2727 1633 2989 1690 clariores
3017 1636 3234 1691 animos
3257 1634 3491 1702 nudant,
3516 1647 3569 1691 et
3603 1653 3732 1706 spo-

2131 1731 2266 1787 liant
2318 1729 2578 1785 virtutum
2630 1725 2920 1782 fructibus.
2972 1724 3236 1796 Ve‘rgunt,
3278 1735 3333 1782 et
3381 1734 3730 1798 propendent

2130 1823 2404 1896 pleniores
2433 1821 2614 1877 aristae
2650 1819 2718 1875 ad
2746 1819 2998 1883 humum,
3025 1819 3098 1873 ita
3129 1817 3224 1890 qui
3261 1819 3463 1874 virtute
3479 1830 3613 1876 sunt
3645 1822 3727 1874 iu-

2129 1917 2336 1986 signes,
2382 1911 2702 1969 humiliores
2741 1910 3011 1977 evadunt;
3045 1910 3243 1965 hirudo
3271 1912 3479 1981 quippe
3523 1911 3725 1966 Joanni

2127 2008 2372 2063 Climan
2394 2012 2478 2061 est
2495 2019 2640 2079 vana
2670 2002 2861 2073 gloria,
2898 2012 2953 2057 et
2981 2018 3013 2057 a
3050 2002 3256 2058 Grrecis
3292 2002 3434 2057 inter
3468 2005 3722 2072 capitalia

2131 2100 2260 2155 vitia
2322 2107 2662 2162 recensetur,
2713 2105 2773 2152 ut
2822 2095 2949 2166 jam
2992 2094 3251 2166 praefatus
3294 2102 3441 2159 sum,
3497 2106 3554 2150 et
3608 2099 3724 2166 ipse

2128 2202 2351 2249 sanctus
2403 2190 2580 2256 Nilus,
2625 2204 2680 2259 p.
2721 2188 2823 2254 36,
2864 2195 3070 2242 narrat.
3124 2187 3180 2252 5,
3235 2186 3302 2241 ab
3328 2201 3392 2241 ea
3436 2189 3723 2258 corrumpi

2128 2294 2272 2341 recte
2305 2285 2471 2350 facta,
2502 2297 2799 2351 veramque
2844 2278 3072 2351 gloriam
3111 2278 3233 2337 fuse
3262 2279 3454 2334 tradit.
3476 2278 3720 2351 Proprie

2125 2376 2429 2451 praesertim
2469 2374 2735 2432 sordescit
2771 2373 2892 2427 laus
2927 2372 2980 2425 in
3012 2385 3143 2438 ore;
3174 2371 3318 2425 unde
3361 2381 3595 2427 sanctus
3626 2374 3723 2443 Cy-

2126 2473 2353 2544 prianus
2390 2469 2458 2525 ad
2490 2468 2761 2543 Donatum
2793 2464 2984 2521 scribit
3018 2454 3289 2519 'odiosam
3325 2478 3450 2520 esse
3489 2465 3545 2519 in
3599 2481 3723 2535 pm-

2124 2566 2273 2639 prias
2304 2563 2490 2618 laudes
2514 2560 2902 2632 jactationem;
2928 2567 2982 2614 et
3010 2556 3222 2614 Plinius
3251 2556 3463 2628 junior,
3509 2557 3608 2610 lib.
3655 2573 3718 2620 ιι,

2124 2657 2284 2727 epist.
2317 2654 2370 2719 9,
2402 2655 2551 2725 quod
2580 2653 2928 2724 magniﬁcum
2959 2650 3227 2707 referente
3262 2650 3367 2705 alio
3398 2649 3562 2715 foret,
3597 2652 3722 2720 ipso

2123 2748 2217 2819 qui
2252 2738 2419 2818 gessit
2452 2745 2740 2824 referente,
2771 2757 3092 2811 vanescere;
3125 2750 3383 2812 recteque
3420 2741 3717 2806 Salomon,

2123 2857 2173 2898 c.
2197 2855 2331 2903 xxii,
2350 2854 2401 2893 v.
2420 2837 2455 2891 Ξ
2472 2836 2891 2893 Proverbiorum
2908 2836 3186 2898 admonet,
3204 2835 3642 2904 Ἐγκωμιαζὲτω
3660 2852 3717 2888 as

2121 2937 2150 2988 ὁ
2168 2933 2357 2996 πέλας,
2380 2933 2475 2986 καὶ
2500 2932 2574 3002 μὴ
2601 2931 2659 2983 τὸ
2687 2929 2777 2983 σὺν
2796 2925 3284 3001 στόμαιωλότριος
3318 2929 3411 2982 καὶ
3432 2927 3512 2999 μὴ
3544 2933 3618 2982 «:a
3650 2931 3715 2982 σὰ

2124 3023 2299 3097 χείλη,
2350 3022 2404 3077 id
2452 3030 2555 3088 est,
2594 3018 2796 3074 Laude!
2850 3029 2902 3073 te
2944 3019 3170 3082 alienus,
3208 3032 3259 3073 et
3289 3034 3395 3071 non
3441 3035 3499 3073 os
3536 3030 3711 3081 tuam,

2124 3126 2432 3180 extraneas,
2476 3108 2525 3168 et
2561 3129 2663 3166 non
2703 3111 2847 3165 labia
2889 3120 3001 3164 tua.
3036 3108 3269 3165 Sanctus
3299 3123 3427 3164 vero
3456 3110 3712 3166 Clemens

2126 3206 2405 3263 Romanus
2428 3202 2601 3273 Epist.
2630 3200 2983 3266 ad'Corimh”
3015 3216 3069 3269 p.
3091 3199 3180 3264 39,
3203 3199 3275 3254 49
3298 3210 3353 3255 et
3377 3200 3467 3265 50,
3504 3201 3715 3253 Ταπξι-

2124 3298 2343 3370 νόφρων-
2373 3296 2459 3367 μὴ’
2476 3293 2654 3365 ἑαυτῷ
2680 3293 3049 3365 μαρτυρείτω,
3072 3291 3184 3345 ἀλλ’
3200 3292 3381 3361 ἑαυτῷ
3405 3292 3710 3364 ὐφ’ἑτέρςυ

2125 3384 2527 3461 μαρτυρεῖσθω·
2562 3385 2614 3442 id
2657 3392 2761 3450 est,
2790 3382 2896 3450 Qui
2919 3393 3086 3437 mente
3105 3382 3358 3451 praeditus
3378 3392 3453 3434 es!
3476 3382 3706 3446 humili,

2122 3492 2224 3533 mm
2277 3480 2342 3533 de
2385 3478 2554 3545 seipse
2606 3474 2961 3530 testimonium
3008 3474 3167 3542 (erat,
3208 3473 3298 3527 sed
3324 3473 3410 3525 ab:
3442 3473 3552 3525 alio
3592 3476 3709 3527 sibi

2120 3572 2255 3625 velit
2275 3570 2376 3640 ipsi
2407 3568 2764 3623 testimonium
2785 3564 3026 3634 pmberi.
3050 3563 3206 3620 Nilus
3238 3566 3434 3636 itaque,
3457 3580 3587 3635 qua:
3619 3568 3709 3635 pie

2120 3662 2445 3718 macerando
2510 3675 2748 3727 carnem,
2802 3672 2854 3716 et
2911 3663 3214 3715 exercendo
3272 3674 3330 3713 se
3400 3674 3511 3713 una
3575 3676 3705 3714 cum

2119 3749 2402 3806 Theodulo
2423 3752 2475 3806 in
2502 3751 2701 3805 montis
2725 3748 2873 3804 Sinai
2894 3750 3261 3815 monasteriis,
3288 3750 3455 3819 inque
3478 3748 3702 3803 Patrum

2117 3844 2418 3915 synaxibus
2475 3842 2890 3913 (ciuiligcbantur
2949 3843 3093 3896 enim
3144 3840 3445 3898 Dominicis
3505 3844 3705 3899 delius

2119 3952 2286 3991 unum
2318 3937 2369 3990 in
2398 3946 2620 4000 cretum,
2645 3936 2955 4006 pariterque
2981 3937 3292 4006 congregati
3322 3939 3605 4003 monachi,
3642 3958 3707 3994 ac

2118 4027 2477 4098 μονάζοντες,
2522 4026 3003 4082 communicabant
3050 4026 3226 4082 sacris
3266 4028 3578 4097 mysteriis,
3629 4032 3705 4082 uti

2115 4131 2304 4177 narrat
2337 4123 2587 4192 διηγήσει
2627 4122 2781 4176 tertia
2809 4119 2983 4187 Nilus,
3014 4137 3070 4192 p.
3111 4122 3210 4188 38;
3236 4138 3410 4191 neque
3433 4124 3711 4179 dilatetur

2115 4214 2321 4269 delirus
2364 4213 2459 4271 ille
2499 4215 2761 4285 Apostata
2797 4212 3062 4285 Spalatin.
3117 4224 3250 4269 tom.
3298 4215 3339 4281 l,
3378 4230 3432 4284 p.
3471 4217 3579 4270 378
3630 4221 3711 4271 De

2115 4306 2296 4376 repu'b‘.
2324 4307 2644 4376 ecclesiast.)
2668 4316 2971 4377 peregerat,
3008 4306 3118 4363 Deo
3148 4307 3251 4363 soli
3291 4320 3417 4363 nota
3448 4318 3575 4364 esse
3606 4329 3710 4365 cu-

2110 4398 2281 4469 piens,
2330 4398 2701 4454 taciturnitate
2743 4399 2960 4469 premit.
3000 4400 3135 4457 Cum
3193 4417 3321 4457 vero
3361 4405 3603 4460 maritus
3656 4418 3712 4461 et

2111 4508 2247 4548 uxor
2289 4492 2398 4547 sint
2425 4490 2535 4547 duo
2570 4492 2624 4546 in
2657 4506 2824 4547 carne
2851 4506 2995 4558 una,
3021 4503 3076 4547 et
3125 4502 3277 4563 pater
3317 4510 3383 4548 ac
3415 4496 3512 4548 ﬁlii
3550 4512 3671 4552 una
3693 4540 3709 4562 ,

2106 4582 2408 4650 eademque
2436 4595 2671 4652 persona
2693 4590 2987 4636 censeatur
3009 4596 3075 4637 ex
3107 4583 3360 4648 artiﬁcio,
3385 4599 3451 4638 ac
3468 4584 3683 4653 ligmeu

2108 4674 2339 4745 tojuris
2381 4676 2542 4730 etiam
2592 4673 2808 4738 civilis,
2853 4674 2986 4743 quin
3036 4684 3090 4728 et
3130 4688 3438 4729 commento
3481 4688 3719 4733 natura:

2110 4766 2491 4839 prchensantis
2537 4762 3012 4821 immortalitatenl'
3041 4769 3417 4835 procreatione
3456 4769 3674 4824 similis
3695 4812 3713 4835 ,

2116 4859 2153 4914 l.
2191 4858 2339 4912 ﬁnal.
2375 4856 2438 4913 6.
2489 4856 2567 4912 De
2596 4858 2853 4923 impuber.
2878 4869 2935 4913 et
2958 4858 3029 4912 al.
3062 4858 3359 4919 substitut.,
3389 4857 3433 4928 ς.
3470 4859 3537 4911 Ei
3582 4878 3715 4915 tero

2113 4951 2345 5004 institui.
2385 4949 2447 5003 de
2466 4949 2933 5019 iuuiil.ttipulat.,
2962 4948 2997 5020 ς
3017 4947 3228 5004 Sed'sui
3248 4948 3464 5014 ibidem,
3498 4950 3567 5004 de
3595 4954 3718 5007 luv-

2114 5044 2224 5096 red;
2256 5041 2445 5112 quatit,
2479 5040 2759 5111 patrisque
2788 5055 2890 5095 vox
2922 5083 2938 5108 ,
2976 5041 3049 5096 sit
3087 5056 3190 5096 vox
3226 5041 3341 5103 lilii,
3376 5042 3469 5111 qui
3512 5054 3717 5112 pater-

2112 5148 2310 5189 norum
2354 5136 2625 5191 viscerum
2672 5134 2852 5204 portio
2907 5142 3013 5201 est,
3051 5148 3121 5189 ex
3165 5134 3481 5197 A‘ristOtele,
3518 5136 3620 5191 lib.
3682 5154 3719 5192 τ

2104 5225 2302 5294 Ε(Ιιῦο.,
2329 5235 2383 5283 et
2406 5228 2458 5281 in
2485 5242 2596 5297 quo
2615 5235 2871 5297 parentes
2890 5226 3241 5294 reviviscunt,
3261 5234 3319 5280 et
3335 5228 3703 5297 quemadmo-

2103 5323 2233 5378 dum
2269 5323 2443 5393 magis
2470 5322 2832 5384 oblectamur,
2854 5321 3065 5391 itaplus
3098 5330 3419 5392 torquentur
3453 5323 3508 5375 in
3536 5324 3713 5392 ipso;

2104 5416 2341 5471 filiorum
2379 5422 2525 5471 certe
2558 5416 2817 5486 dignitas,
2858 5415 2997 5481 laus,
3035 5424 3197 5485 atque
3235 5414 3406 5485 gloria
3445 5429 3699 5472 commu-

2108 5512 2193 5566 nis
2244 5520 2328 5566 cst
2360 5510 2521 5581 patri.
2574 5508 2665 5564 Uti
2713 5508 3059 5565 Justinian‘us
3112 5508 3279 5563 refert
3336 5507 3708 5577 A‘ulheuticis,

2112 5603 2399 5659 Constitui.
2434 5618 2551 5673 qua:
2582 5604 2884 5675 dignitatib.
2905 5644 2923 5669 ,
2965 5602 2996 5674 §
3027 5602 3373 5669 Generaliter,
3410 5604 3504 5660 ubi
3528 5604 3717 5677 gloss.
