3998 6214
392 235 527 303 ωεθ
626 298 629 299 ί
710 262 717 268 -
1702 230 1798 292 DE
1840 222 2014 293 \‘l'l‘A
2047 234 2107 294 s.
2154 230 2319 296 ΝΙιί
3517 188 3655 303 issu

377 363 432 410 et
462 353 531 409 ad
574 350 613 407 l.
648 314 751 408 Sed
782 345 1060 413 Julianus,
1104 345 1130 417 ᾗ
1161 336 1310 412 om
1348 346 1547 401 dicitur
1591 336 1659 404 ι).
1695 348 1765 402 ad
1804 338 1862 405 ς.
1900 336 1963 403 C.
1996 357 2043 411 Α
2073 348 2310 421 Spiritus
2353 350 2527 406 sancti
2579 349 2743 416 dona,
2776 351 3110 407 vanitatibus
3136 351 3355 415 attritis,
3405 367 3471 407 ac
3513 354 3657 407 velut

379 428 751 500 Macedonian.
811 439 949 495 Hinc
968 454 1138 509 arguo
1167 437 1348 493 Nilum
1386 454 1485 494 nec
1525 440 1592 494 de
1629 440 1793 495 rebus
1822 452 1854 495 a
1881 453 1962 505 se,

378 538 597 606 tilioque
638 532 919 589 Theodulo
948 532 1079 586 inibi
1104 539 1291 586 sancte
1323 531 1512 601 gestis.
1534 546 1711 601 neque
1736 531 1802 587 de
1830 546 1965 587 cou-

371 628 538 701 jugis,
579 628 809 697 ﬁliaique
845 622 1125 696 praeclaris
1153 632 1207 679 et
1261 623 1533 694 religiosis
1558 624 1777 680 actibus
1802 625 1963 697 quid-

375 735 536 792 quam
594 718 895 774 litterarum
971 716 1342 771 monumentis
1400 715 1777 787 eonsignasse,
1825 715 1962 772 adeo

378 812 623 869 modeste
638 811 703 866 de
718 825 800 877 se,
828 809 1053 879 suisque
1070 807 1365 872 sentiebat,
1384 808 1519 863 adeo
1535 816 1721 864 exacte
1736 792 1960 863 humili-

376 916 543 960 tatem
573 902 818 968 colebat;
848 900 1039 971 mirari
1074 900 1210 957 satis
1237 915 1351 954 non
1383 915 1637 977 possum,
1662 900 1810 971 quod
1842 900 1962 972 ipse

376 1009 557 1055 totum.
600 994 737 1051 illud
760 1005 997 1064 tempus,
1026 1007 1137 1064 quo
1173 993 1228 1047 in
1258 1002 1442 1048 monte
1473 990 1625 1049 Sinai
1654 994 1959 1050 diversatus

373 1101 475 1154 est,
494 1097 619 1144 ante
638 1086 1004 1143 Barbarorum
1029 1085 1418 1154 incursionem,
1432 1102 1574 1156 quae,
1596 1095 1654 1139 ut
1677 1080 1956 1156 computo,

270 1212 273 1213 ν
373 1181 573 1238 accidit
613 1196 649 1236 α
683 1180 759 1236 C.
792 1177 858 1235 N.
892 1179 1022 1247 410,
1064 1179 1257 1265 sicque
1300 1178 1769 1251 quinquennium,
1811 1179 1957 1249 quod

377 1275 579 1345 peregit
602 1276 661 1328 in
694 1272 1015 1329 Narratione
1040 1271 1301 1334 secunda.
1330 1270 1498 1342 662
1519 1284 1640 1340 pag.
1660 1269 1750 1335 l7,
1776 1270 1957 1326 verbis

377 1366 495 1423 istis
534 1366 834 1422 describit:
862 1363 1013 1436 Αὕτη
1046 1364 1126 1436 μὴ
1144 1350 1253 1435 τῆξ
1276 1348 1747 1434 ἡσυχίας-’ταύτης
1771 1361 1957 1433 ἐπίη-

372 1471 469 1508 σεν
516 1454 777 1527 ἐραστὴν,
828 1454 1095 1526 καὶπρὸς
1137 1458 1236 1527 τὴν
1277 1453 1620 1527 ποθουμένην
1674 1436 1957 1523 ὡδήγησεν

372 1543 626 1616 ἐρημίαν,
657 1538 751 1598 καί).
777 1546 939 1617 μέχρι
967 1542 1163 1597 πολλοῦ
1198 1522 1611 1614 παρεσκεῦασεν
1644 1541 1955 1595 διαιτᾶσθαι

371 1635 545 1706 ἡδέως
578 1635 819 1707 γαλήνης
851 1632 1192 1709 ἀπολαύονται
1224 1630 1449 1702 πολλῆς,
1473 1632 1569 1709 ita).
1592 1631 1760 1703 οὐρίῳ
1790 1630 1953 1709 πνεύ-

377 1704 506 1797 εξιατι
533 1726 672 1798 πρὸς
842 1718 1043 1779 altor-tow
1073 1704 1435 1799 εὐθὺνόμενον
1493 1706 1621 1788 stuc.
1655 1732 1762 1799 etc.
1806 1704 1953 1777 Talis

372 1819 614 1887 (potioris
642 1834 821 1887 nempe
840 1817 960 1871 boni
990 1818 1278 1888 cupiditas)
1311 1834 1389 1871 me
1426 1817 1619 1887 quietis
1646 1810 1806 1869 istius
1829 1814 1957 1884 fecit

369 1920 681 1989 amatorem,
734 1920 784 1963 et
826 1911 893 1964 ad
929 1900 1291 1964 desideratam
1323 1899 1545 1963 deduxit
1590 1906 1953 1985 solitudinem,

366 2004 693 2072 multumque
741 2021 835 2073 per
883 2014 1084 2073 tempus
1126 2002 1299 2071 effecit
1361 2003 1660 2056 inhabitare
1705 2002 1951 2063 libenter,

367 2095 535 2149 multa
577 2082 837 2164 fruentem
896 2086 1335 2163 tranquillitate,
1376 2094 1704 2162 secundoque
1758 2086 1952 2160 spiritu

369 2186 624 2240 directum
659 2188 727 2239 ad
770 2203 1006 2255 scopum,
1048 2188 1252 2239 ttonec:
1291 2186 1385 2239 ubi
1415 2184 1649 2257 multum
1692 2199 1785 2254 per
1818 2193 1955 2238 tetu-

372 2293 491 2346 pus
525 2277 767 2348 intelligo
816 2278 1082 2346 integram
1126 2264 1498 2346 Olympiadem
1543 2290 1652 2344 quo
1709 2276 1956 2345 impleret

368 2368 743 2440 praescriptum
794 2350 1135 2439 μονάζουσι,
1174 2384 1269 2425 seu
1328 2360 1616 2446 νεωτέροις
1669 2364 1954 2445 monachis

368 2456 736 2511 intervallum.
776 2456 981 2512 Interea
1012 2472 1141 2512 vero
1187 2466 1412 2512 sanctus
1437 2453 1676 2509 Joannes
1716 2452 1954 2523 Chryso-

368 2558 582 2604 stomus
613 2549 666 2601 in
714 2532 906 2604 exsilio
960 2547 1212 2623 Cumanae
1252 2530 1563 2601 decesserat
1603 2532 1745 2600 anno
1791 2536 1850 2600 C.
1886 2522 1951 2598 Pi.

366 2639 496 2706 407,
529 2642 672 2695 sicut
698 2622 982 2715 admonui.
1016 2639 1234 2694 Obicrat
1259 2648 1313 2694 et
1338 2628 1806 2708 CouStautinopoli
1838 2622 1952 2692 Ka-

367 2732 515 2787 lend.
534 2720 706 2794 Maiis,
728 2733 981 2803 quamvis
1001 2732 1279 2787 ascribant
1302 2749 1317 2786 ι
1342 2714 1571 2786 Kalend.
1595 2716 1950 2800 Septembris,

366 2824 459 2892 qui
493 2814 877 2893 Theophanem
908 2831 1241 2893 sequuntur,
1263 2812 1785 2899 auuolsubseq'uenti
1822 2808 1951 2886 408’,

365 2918 634 2975 Arcadius
672 2918 949 2988 Augustus
989 2917 1211 2983 viduus,
1248 2906 1289 2973 ei
1314 2902 1515 2971 Codice
1542 2904 1948 2977 Tlieodosiand.

366 3019 421 3065 et
470 3020 809 3066 successerat
848 3008 1193 3063 Theodosius
1245 3010 1298 3063 in
1330 3006 1429 3063 Eoi
1471 3004 1948 3061 administratione

369 3102 604 3172 imperii.
639 3100 889 3157 Eudoxia‘
912 3117 1040 3156 vero
1071 3101 1315 3172 Augusta
1342 3096 1636 3170 putabatur
1669 3104 1812 3152 anno
1841 3088 1947 3149 4'04

366 3193 651 3246 demortua
675 3232 689 3257 ,
720 3192 813 3247 sed
856 3192 924 3246 ad
946 3180 1073 3258 409,
1101 3180 1319 3246 biennio
1348 3201 1473 3261 post
1518 3176 1693 3246 sancti
1722 3176 1950 3249 Joannis

366 3285 601 3350 obitum,
620 3300 650 3339 e
676 3294 784 3339 vita
814 3286 1080 3357 migrasse
1110 3283 1437 3355 Spondauus
1462 3266 1771 3338 evincitail'
1794 3274 1948 3353 illum

367 3391 568 3429 annum
600 3375 740 3441 404,
775 3393 927 3431 num.
971 3360 1071 3443 ιϐ’,
1108 3384 1163 3431 et
1192 3375 1261 3431 ad
1297 3390 1501 3430 annum
1526 3373 1652 3439 407,
1694 3389 1847 3426 num.
1892 3365 1945 3426 τ.

367 3468 571 3538 Opinor
600 3479 782 3539 autem
814 3478 922 3523 tam
973 3483 1002 3521 a
1034 3450 1188 3531 Nilo,
1214 3482 1378 3536 quam
1409 3482 1439 3520 a
1467 3457 1748 3519 Theodulo
1778 3462 1949 3518 luisse

368 3571 642 3613 Servatum
678 3559 950 3629 jejunium
998 3558 1269 3627 apprime.
1307 3544 1468 3613 Certe
1513 3555 1640 3611 illud
1688 3549 1946 3619 delineat',

368 3667 420 3721 p.
448 3650 538 3713 53,
563 3665 614 3707 c.
644 3650 709 3705 M
731 3660 783 3706 et
805 3667 931 3723 pag.
958 3639 1020 3705 16
1042 3658 1260 3706 tractat.
1286 3637 1363 3704 De
1393 3657 1619 3703 monast.
1642 3646 1946 3711 exercitat.,

366 3752 721 3814 posteaquam
763 3740 1060 3799 insectatus
1097 3751 1182 3799 est
1224 3743 1508 3798 catillones
1553 3741 1816 3797 delicatos
1851 3755 1946 3794 ex-

363 3839 696 3909 quisitorum
747 3836 1019 3902 ciborum,
1058 3844 1113 3893 et
1159 3835 1631 3890 condimentorum
1681 3831 1943 3894 asseclas,

366 3932 505 4002 gula:
544 3947 611 3987 ac
661 3922 1055 4002 gastrimargiae
1098 3928 1314 3999 penitus
1351 3925 1634 3990 addictos,
1674 3936 1782 3979 tam
1823 3940 1947 3994 gra-

365 4023 540 4092 phice,
570 4016 733 4093 quod
761 4021 1145 4077 custodiebant
1186 4019 1440 4076 monachi
1473 4035 1569 4091 per
1597 4018 1823 4076 cellulas
1852 4019 1947 4074 ibi-

365 4120 512 4184 dem,
546 4127 604 4173 ut
629 4116 733 4172 sub
760 4116 953 4171 oculos
979 4123 1168 4184 ponat.
1191 4112 1409 4184 Jejunio
1445 4112 1690 4183 profecto
1722 4128 1945 4168 revoca-

366 4221 455 4265 tur
491 4211 654 4265 homo
703 4209 773 4264 ad
814 4208 1153 4278 paradisum,
1180 4223 1245 4263 ex
1284 4222 1394 4277 quo
1425 4215 1645 4276 propter
1673 4206 1943 4276 intempe-

367 4301 596 4355 rantiam
652 4296 755 4352 fuit
804 4297 1034 4367 ejectus.
1074 4293 1351 4366 Jeju'nium
1397 4304 1483 4349 est
1536 4293 1661 4348 vitae
1708 4294 1945 4349 ccelestis

2068 443 2280 508 erasis,
2325 452 2379 515 et
2415 428 2672 499 sordibus
2696 446 3069 499 emundatam.
3100 444 3255 512 Quod
3286 445 3331 499 si
3355 446 3536 500 omnis
3564 446 3657 516 qui

2068 526 2349 613 contendit
2392 537 2447 591 in
2480 550 2651 613 agone
2671 536 2741 591 ab
2785 537 3042 593 omni-bus
3075 552 3134 592 se
3171 535 3427 605 abstinet,
3459 547 3519 591 ut
3544 552 3661 592 cor-

2067 629 2383 705 ruptibilem
2419 629 2650 700 accipiat
2694 644 2958 709 coronam
2980 671 2995 695 ,
3037 640 3092 685 et
3132 631 3308 685 currit
3340 631 3397 685 in
3433 631 3656 694 stadio;

2060 720 2357 799 Apostolus
2398 720 2474 776 ita
2517 721 2709 777 scribit
2754 706 2789 774 Ι
2822 706 2950 778 Cor.
2984 738 3061 787 ix,
3111 722 3203 788 25,
3239 731 3447 792 quanto
3486 722 3660 789 magis

2061 806 2267 871 debet)?
2280 815 2532 896 monachi
2556 830 2778 886 operam
2799 806 2931 870 dare
2953 812 3321 881 abstinentiae,
3339 815 3660 886 jejunioque

2060 898 2262 978 corpus
2303 908 2561 980 afﬂigere,
2593 908 2825 965 domare
2849 918 3011 979 atque
3041 923 3346 983 macerare,
3379 917 3437 962 ut
3459 908 3669 962 donen-

2061 1007 2152 1055 tur
2237 1000 2552 1070 ineorrupto
2648 1012 2709 1056 et,
2810 1000 3253 1077 immarcescibili
3322 999 3652 1054 diademate.

2058 1084 2202 1147 fater
2245 1086 2472 1169 spiritus
2522 1102 2648 1148 octo
2701 1080 2955 1158 malitiae,
3007 1093 3123 1148 sive
3171 1100 3393 1162 peccata
3444 1092 3656 1162 capita—

2061 1181 2133 1263 lia
2190 1184 2397 1263 primas
2440 1170 2592 1239 ducit
2645 1185 2771 1256 gula
2827 1184 3042 1255 jejunio
3105 1185 3361 1249 adversa,
3424 1193 3486 1239 ut
3542 1185 3656 1253 ipse

2060 1262 2211 1332 Nilus
2238 1277 2471 1333 collocat
2495 1277 2549 1333 in
2567 1286 2803 1334 tractatu
2834 1277 2900 1333 de
2926 1278 3034 1335 illis
3063 1293 3187 1341 suo,
3212 1285 3267 1332 et
3297 1276 3658 1347 quemadmo-

2057 1364 2187 1421 dmii
2259 1378 2344 1424 est
2409 1385 2471 1425 ea
2540 1370 2745 1425 ostium
2800 1360 3036 1425 aliorum
3112 1369 3449 1434 criminum,
3490 1367 3653 1439 663

2060 1460 2129 1541 ita
2156 1459 2435 1530 jejunium
2485 1462 2653 1538 janua
2686 1471 2777 1517 est
2829 1462 3061 1517 aliarum
3126 1463 3437 1525 virtutum;
3480 1460 3649 1524 Elias,

2056 1538 2293 1622 Moyses,
2353 1563 2405 1609 et
2470 1551 2720 1609 Christus
2778 1553 3048 1611 Dominus
3111 1553 3325 1625 jejunio
3390 1538 3450 1608 se
3514 1567 3648 1619 prae-

2057 1640 2373 1723 munierunt
2409 1645 2707 1723 :primus,
2743 1658 2870 1699 cum
2932 1645 3000 1699 ad
3065 1644 3234 1721 Deum
3287 1627 3535 1714 confugit
3590 1632 3647 1697 iu

2061 1718 2460 1811 montem
2502 1734 2621 1788 sive
2651 1720 2820 1811 Oreh,
2853 1733 3103 1811 meminit
3158 1718 3396 1789 Joannes
3444 1728 3647 1786 Clima-

2056 1837 2157 1878 cus
2196 1810 2369 1895 gradu
2401 1806 2457 1890 7,
2493 1839 2544 1893 p.
2584 1825 2724 1879 158:
2766 1806 2956 1880 Siddin
3006 1826 3117 1882 loci:
3186 1824 3645 1880 anachoretarum

2055 1915 2212 1971 ardui
2243 1925 2297 1971 et
2324 1917 2611 1981 inaccessi,
2658 1917 2753 1987 qui
2785 1918 3024 1973 distabat
3054 1902 3397 1989 septuaginta
3448 1904 3675 1968 millia?

2057 2008 2212 2062 ribus
2243 2024 2271 2061 a
2308 2017 2517 2073 castro,
2548 2008 2602 2061 in
2657 2024 2821 2079 quem
2866 2010 3044 2065 locum
3073 2010 3379 2064 secess‘erat
3408 1996 3645 2076 Stepha-

2058 2113 2162 2153 nus
2198 2116 2229 2152 a
2260 2099 2399 2179 cella
2428 2113 2527 2152 sua
2576 2098 2821 2168 migrans
2880 2084 2955 2152 ad.
2998 2098 3233 2152 radicem
3296 2096 3518 2161 montis,
3577 2096 3643 2148 ad

2057 2186 2219 2260 quem
2256 2190 2400 2245 Elias
2432 2189 2695 2260 propheta
2729 2189 2896 2244 Deum
2932 2190 3160 2250 viderat,
3191 2198 3304 2243 tum
3355 2188 3419 2243 ad
3451 2188 3642 2242 cellam

2056 2282 2211 2339 suam
2241 2297 2494 2339 reversus
2532 2292 2635 2345 est,
2673 2264 2747 2336 de
2772 2268 2910 2347 Elia,
2942 2289 2994 2335 et
3023 2269 3303 2350 spelunca,
3338 2280 3390 2333 in
3416 2296 3524 2349 qua
3552 2279 3641 2331 ille

2057 2358 2257 2430 delusit
2297 2373 2556 2445 fugiendo
2588 2358 2823 2441 Jcsabel,
2863 2358 2935 2426 lli
2966 2360 3098 2443 Reg.
3142 2388 3254 2436 xvi,
3279 2373 3331 2429 9.
3388 2356 3583 2425 Petrus
3609 2388 3639 2423 ιι

2062 2448 2231 2537 Valle,
2294 2448 2505 2531 tonui,
2558 2452 2651 2518 l'ol'.
2690 2450 2780 2517 ἑο.
2835 2454 3119 2518 Secundus
3187 2474 3509 2531 progressus
3569 2457 3637 2511 ad

2048 2536 2210 2631 Sinni
2241 2571 2525 2621 cacumen,
2567 2540 2740 2610 E'x'od‘.
2786 2548 2969 2620 xxxiv,
2998 2553 3055 2617 2,
3099 2568 3325 2608 saxeum
3358 2550 3635 2613 volumen,

2058 2646 2273 2719 rup‘ices
2320 2646 2547 2718 paginas
2598 2633 2869 2716 Decalogi’,
2930 2655 2988 2701 ut
3034 2645 3277 2715 loquitur
3346 2643 3637 2699 Salvianus

2056 2732 2149 2795 lib.
2189 2736 2260 2793 De
2287 2728 2663 2811 gubernatione
2728 2726 2843 2807 Dei,
2916 2724 3089 2809 p.29,
3150 2738 3358 2807 accepit
3419 2753 3449 2790 a
3506 2730 3634 2791 Deo.

2054 2818 2305 2888 Christus
2336 2843 2517 2886 autem
2557 2818 2752 2885 vindex
2789 2820 2843 2887 et
2875 2820 3121 2885 assertor
3143 2830 3357 2902 generis
3412 2829 3637 2883 humani

2047 2926 2307 2997 jejunans
2335 2925 2388 2978 in
2417 2926 2633 2979 deserta
2665 2906 2960 2978 solitudine
2986 2938 3108 2977 cum
3144 2922 3342 2976 Satana
3378 2937 3631 2992 congres-

2054 3032 2152 3072 sus
2188 3017 2366 3093 ipsum
2392 3003 2614 3093 devicit,
2668 3024 2721 3068 ct
2751 3002 3046 3068 exarmans
3075 3004 3384 3077 debellavit,
3436 3012 3635 3068 edixit-

2052 3122 2157 3179 que
2206 3092 2490 3176 discipulis
2517 3106 2634 3162 suis
2658 3092 3052 3161 daemoniorum
3086 3108 3258 3176 genus
3294 3113 3527 3170 mutum,
3582 3116 3636 3161 et

2051 3184 2283 3255 allidcns
2310 3215 2416 3255 non
2435 3184 2573 3269 ejici
2596 3198 2699 3254 nisi
2734 3198 2786 3252 in
2809 3197 3026 3269 jejunio
3075 3206 3131 3251 et
3167 3197 3435 3262 oratione,
3464 3196 3631 3253 Mare.

2050 3291 2249 3357 “.28.
2304 3288 2543 3348 Joannes
2619 3276 2931 3361 patriarcha
2989 3271 3633 3359 Constantinopolitanus

2052 3382 2368 3452 popularem
2407 3395 2598 3433 auram
2632 3389 2861 3449 captans
2893 3395 3038 3433 anno
3062 3368 3189 3443 583,
3247 3389 3299 3435 et
3364 3366 3635 3449 jejunalo—

2050 3474 2148 3535 ris,
2174 3473 2287 3528 sive
2317 3458 2615 3542 νηστευτοῦ
2636 3471 2740 3525 sibi
2776 3470 3084 3540 cognomen
3124 3472 3423 3538 ascisccns,
3456 3490 3632 3543 usque

2050 3569 2118 3631 ad
2153 3548 2485 3624 597(annum
2526 3566 2579 3621 id
2607 3574 2825 3637 gestare
2858 3560 3319 3634 perhonoriﬁcum
3347 3566 3629 3620 existima-

2051 3663 2146 3728 vit,
2177 3671 2234 3717 et
2260 3661 2357 3717 illo
2383 3674 2444 3717 se
2468 3658 2597 3735 suis
2637 3658 2886 3729 plebi-bus
2909 3656 3031 3728 plus
3097 3673 3256 3726 aequo
3313 3658 3626 3713 venditavit.

2058 3752 2162 3808 Sed
2195 3752 2265 3808 de
2290 3750 2499 3823 jejunio
2536 3750 2627 3821 qui
2654 3749 2825 3806 coluit
2874 3749 2926 3804 id
2958 3760 3066 3804 tam
3108 3738 3328 3811 eximie.
3372 3764 3435 3805 ac
3462 3751 3510 3804 ei
3539 3750 3629 3803 de-

2051 3844 2197 3899 ditus
2237 3845 2309 3898 ita
2331 3840 2458 3906 fuit,
2511 3852 2570 3898 ut
2616 3840 2836 3911 quoties
2883 3841 3041 3895 cibus
3110 3840 3415 3895 sumendus
3459 3849 3625 3903 esset,

2048 3934 2213 4011 toties
2240 3942 2570 3989 tormentum
2603 3932 2791 3987 subire
2827 3931 3101 4011 videretur
3123 3973 3138 3996 ,
3210 3939 3435 3985 sanctus
3497 3929 3629 3984 Ber-

2050 4008 2253 4081 nardus
2287 4022 2462 4080 fusius
2494 4025 2611 4095 agit
2640 4025 2693 4079 in
2716 4038 2785 4078 eo
2817 4008 3076 4077 nimirum
3109 4022 3623 4078 exercitatissimns.

2047 4102 2191 4173 sunt
2258 4117 2405 4172 enim
2458 4116 2776 4185 eloquentes
2828 4116 3171 4184 potissimum
3241 4114 3494 4170 homines
3570 4114 3627 4169 in

2046 4223 2112 4265 co
2166 4206 2313 4279 quod
2366 4205 2571 4273 sciunt,
2626 4220 2881 4261 sermone
2934 4192 3004 4260 30
3069 4203 3147 4259 ad
3173 4203 3401 4259 Cantica
3453 4204 3628 4257 canti-

2047 4316 2192 4355 rum.
2230 4298 2448 4369 Jejuni’o
2481 4299 2668 4369 itaque
2719 4307 2851 4354 sunt
2894 4301 2976 4353 usi
3018 4284 3172 4354 Nilus
3224 4307 3277 4353 et
3310 4295 3626 4353 'l‘hcodulus

373 4392 585 4446 atrium.
616 4388 693 4444 Eo
722 4390 741 4459 (
772 4398 830 4443 ut
858 4399 942 4445 est
987 4388 1142 4443 testis
1177 4396 1399 4442 sanctus
1426 4383 1686 4456 Basilius)
1717 4386 1939 4456 propul—
1975 4380 2016 4447 ὑ
2048 4407 2148 4469 pro
2213 4391 2391 4448 aetatis
2443 4391 2711 4462 cujusque
2771 4391 2983 4445 ratione
3036 4407 3099 4446 ac
3148 4390 3331 4456 modo,
3386 4390 3625 4445 aemulati

366 4492 559 4539 santur
591 4481 915 4536 tentationes
937 4469 1165 4543 diaboli,
1196 4477 1397 4534 Christi
1422 4468 1623 4533 milites
1658 4488 1943 4533 armantur

361 4577 430 4631 ad
457 4576 733 4646 pietatem,
762 4572 946 4646 opifex
982 4582 1066 4628 est
1097 4572 1227 4626 illud
1261 4571 1635 4640 temperantia:
1684 4580 1739 4628 et
1761 4572 1940 4627 conti-

364 4668 580 4727 nentiae.
614 4667 1029 4735 Certcsanctus
1067 4664 1161 4720 hic
1211 4663 1401 4718 doctor
1452 4668 1588 4719 adeo
1613 4665 1942 4723 abstinentia

361 4759 638 4825 excelluit,
667 4767 725 4812 ut
768 4758 959 4828 spiritu
1000 4765 1215 4812 tantum
1254 4755 1440 4811 vivens
1462 4795 1478 4821 ,
1510 4766 1702 4826 praeter
1731 4773 1856 4814 ossa
1888 4768 1943 4815 et

362 4852 576 4922 pellem.
605 4851 750 4905 nulla
774 4858 1031 4920 prazterea
1060 4847 1305 4919 corporis
1334 4857 1485 4917 parte
1506 4858 1758 4905 constare
1794 4851 1942 4907 vide-

364 4955 529 4999 retur.
594 4942 956 4997 Prwterutitto
1002 4959 1125 5013 quae
1164 4942 1411 5013 congerit
1460 4942 1941 5012 eloquentissimus

362 5036 455 5091 ille
476 5036 705 5091 antistes
722 5034 783 5089 in
806 5034 927 5104 ejus
946 5034 1504 5095 commendationem.
1523 5034 1583 5085 ἐν
1607 5032 1784 5102 λόγοις
1814 5034 1941 5107 περὶ

361 5127 460 5198 τῆς
492 5126 747 5199 νηστείας
775 5166 790 5191 ,
831 5128 883 5181 id
912 5136 1020 5190 est,
1042 5128 1095 5180 in
1128 5126 1454 5181 sermonibus
1487 5126 1550 5179 de
1572 5126 1812 5195 jejunio,
1843 5126 1939 5198 qui

355 5220 725 5276 conferendas
748 5226 831 5275 est
856 5234 980 5274 cum
1006 5218 1360 5285 Tertulliano,
1382 5234 1503 5290 pag.
1528 5217 1650 5282 190,
1681 5218 1762 5272 Ad
1796 5235 1941 5274 mar-

361 5325 545 5386 tyres;
598 5321 791 5369 sancto
846 5312 1178 5384 Hieronymo
1222 5312 1281 5367 in
1327 5312 1612 5381 Epistolis,
1650 5311 1706 5367 in
1746 5311 1938 5383 primis

357 5423 485 5462 cum
524 5413 721 5461 sancto
759 5404 1051 5460 Ambrosio
1075 5446 1089 5471 ,
1126 5404 1219 5474 qui
1261 5420 1385 5459 eum
1436 5403 1704 5471 imitatur,
1737 5404 1833 5460 lib.
1864 5403 1942 5459 De

360 5500 488 5555 Elia
525 5510 573 5553 et
607 5496 835 5568 jejunio.
884 5495 1030 5551 inter
1070 5496 1490 5552 exercitationes
1541 5497 1939 5552 monachorum

360 5591 662 5663 principem
708 5590 839 5645 illud
866 5589 1076 5645 obtinet
1104 5589 1304 5654 loeutn,
1337 5596 1685 5658 mentemque
1715 5587 1939 5642 lumini-

354 5686 464 5742 bus
494 5683 867 5755 spiritualibus
895 5682 1131 5739 illustrat
1151 5697 1213 5737 ac
1234 5690 1501 5752 praeparat
1533 5683 1598 5738 ad
1623 5681 1939 5751 excipienda

2046 4494 2297 4541 sanetum
2325 4485 2488 4539 etiam
2532 4476 2781 4548 Petrum,
2835 4482 2923 4537 cui
2952 4482 3065 4536 nun
3112 4484 3245 4537 satis
3273 4481 3375 4537 fuit
3439 4497 3626 4537 amare

2045 4576 2194 4641 ﬂere.
2227 4587 2526 4648 potumque
2548 4591 2709 4632 suum
2743 4575 2996 4645 lacu-ymis
3042 4574 3371 4640 admiscere,
3434 4589 3622 4628 verum

2044 4678 2098 4724 ct
2136 4673 2339 4725 amaris
2379 4669 2580 4738 lupinis
2622 4682 2843 4738 quoque
2889 4681 2950 4722 se
3019 4681 3241 4737 pascere
3291 4665 3480 4728 valuit,
3544 4666 3621 4721 uti

2044 4762 2193 4816 canit
2238 4760 2535 4832 Gregorius
2582 4757 2962 4814 Nazianzenus
3016 4756 3247 4811 lambit.
3298 4773 3477 4810 carm.
3533 4748 3619 4813 l8.

2044 4852 2181 4919 Quid
2215 4852 2437 4907 Petrum
2474 4851 2633 4921 cujus
2656 4850 2816 4906 cibus
2849 4858 3018 4905 erant
3046 4850 3214 4918 lupini
3260 4849 3420 4903 unico
3477 4862 3620 4912 asse,

2045 4948 2148 5002 hoc
2173 4953 2257 5001 est
2280 4946 2467 5000 decem
2506 4944 2691 5010 minis,
2727 4944 2843 4999 sive
2898 4943 3075 4997 unciis
3125 4940 3291 5011 empti
3352 4955 3415 4996 ex
3477 4940 3621 4995 Billii

2038 5039 2317 5105 versione,
2360 5055 2414 5109 p.
2460 5037 2620 5104 1580,
2652 5038 2746 5109 σιειιί
2800 5045 2954 5104 putat
2998 5051 3123 5090 cum
3188 5050 3254 5090 ex
3308 5036 3621 5105 apocrypho

2040 5132 2277 5203 quodam
2294 5131 2546 5187 hausisse
2562 5130 2722 5191 libro.
2743 5144 2797 5200 p.
2820 5127 2975 5184 1587.
2996 5126 3100 5180 Sed
3131 5126 3428 5192 Gregorius
3459 5126 3622 5180 refert

2032 5226 2098 5281 ‘in
2140 5224 2387 5280 oratione
2409 5238 2628 5293 quoque
2661 5222 2738 5275 De
2784 5236 2968 5275 antore
2998 5220 3362 5290 paupertatis,
3395 5227 3528 5273 tom.
3579 5217 3618 5284 Ι,

2041 5332 2167 5388 pag.
2200 5315 2325 5372 457.
2369 5315 2603 5371 Sanctus
2620 5314 2782 5371 etiam
2818 5311 3103 5366 Mattbaaus
3130 5311 3344 5365 semina
3390 5319 3446 5365 ct
3470 5326 3622 5365 sum-

2043 5426 2131 5464 ma
2164 5409 2374 5464 olerum
2403 5407 2629 5477 fastigia
2664 5404 3003 5465 comedebat,
3060 5404 3137 5457 uti
3185 5413 3408 5459 sanctus
3452 5392 3619 5456 Joan-

2042 5516 2141 5557 nes
2182 5499 2444 5571 Baptista,
2477 5513 2573 5553 seu
2622 5496 2885 5552 arborum
2920 5493 3149 5550 vertices
3202 5485 3622 5556 rl'ilorescentes.

2043 5602 2139 5647 aut
2195 5593 2433 5648 locustas
2461 5600 2515 5645 et
2540 5590 2646 5645 mel
2703 5586 2919 5659 agreste
2976 5586 3358 5653 mamlucabat,
3403 5592 3629 5639 ain-tore

2044 5680 2323 5737 Clemente
2349 5680 2745 5747 Alexandrino,
2778 5680 2870 5735 lib.
2899 5695 2937 5734 ιι
2996 5678 3304 5748 Ριξιάαρυθη
3336 5691 3398 5745 p.
3423 5672 3635 5731 61.οδ-
