3898 6196
434 216 588 285 ῘῙ391
1191 216 1337 278 JOS.
1382 216 1643 277 MARI/E
1686 216 2041 277 SUARESII
2082 217 2313 278 LIBER
2346 217 2977 280 CHRONOLOGICUS
3601 221 3749 289 1392

454 341 651 381 cumen
682 325 934 381 arborum
960 324 1362 395 explementum
1394 341 1513 381 esse
1540 326 1764 390 ventris,
1793 326 2022 390 Seneca,
2053 334 2099 390 Α
2130 327 2224 393 lia,
2276 329 2393 384 sive
2428 331 2664 400 mapalia
2711 328 3075 387 Numidarum
3107 331 3390 398 Afrorum,
3416 332 3491 389 de
3524 334 3749 405 quibus

453 418 613 486 epist.
644 417 697 476 5.
727 423 875 470 nutat
898 424 952 470 et
981 430 1077 486 pro
1108 415 1347 483 ἀκρίδων
1369 431 1523 483 voce,
1540 416 1618 471 “id
1649 425 1751 482 est,
1793 416 2053 470 Μουκία(
2129 417 2425 473 Sallustius
2447 417 2523 473 De
2548 418 2671 473 bell.
2707 417 2987 488 Jugurth.,
3009 435 3062 491 p.
3088 419 3179 485 95,
3212 436 3332 491 quae
3355 437 3455 491 pro
3488 424 3749 492 tuguriis

455 526 593 573 iam,
637 508 783 578 ἄκρα
821 506 1000 577 δρυῶν
1036 507 1125 562 alii
1161 508 1345 576 legunt
1377 524 1471 565 seu
1509 524 1773 579 gemmas,
1825 508 2027 564 ﬂoscu-
2129 512 2307 570 erant,
2338 504 2497 574 quasi
2533 506 2754 561 navium
2784 507 3082 573 carinae,et
3118 524 3183 564 ex
3218 509 3389 565 alveis
3413 526 3622 565 earum
3655 512 3749 565 in-

454 600 556 663 los,
605 604 661 653 et
683 609 927 653 extrema
977 598 1319 655 novellarum
1373 601 1657 665 arborum,
1709 601 1851 670 apud
1900 616 2030 657 san-
2130 594 2306 651 versis
2353 596 2697 666 plerumque.
2720 596 2945 654 Servius
2972 599 3026 654 in
3057 598 3276 671 Virgil.,
3305 600 3540 665 lsidor.,
3594 599 3749 657 Vos-

414 686 417 691 ’
452 701 598 746 ctum
621 689 931 746 Matlbteum
957 706 1004 749 c.
1048 708 1131 758 tu,
1167 706 1221 747 ν.
1251 692 1306 749 1.
1340 691 1632 763 Nicephor.
1679 692 1773 748 lib.
1805 708 1858 759 ν,
1886 707 1936 747 c.
1963 693 2030 748 M
2131 687 2247 742 Sitis
2282 687 2334 741 in
2364 686 2665 759 Elymolog.
2696 686 2833 744 Hinc
2863 690 3065 745 lemma
3116 693 3414 748 cardinalis
3447 693 3521 748 S.
3548 692 3625 748 Β.
3681 691 3743 747 Β.

454 786 790 852 Historiam;
819 785 1009 857 Cujac.
1054 786 1120 841 ad
1156 786 1193 840 l.
1227 786 1333 853 Qui
1361 802 1611 841 venenum
1635 787 1763 853 236,
1792 786 1819 857 ᾗ
1863 785 2031 841 Glan-

452 880 535 934 dis
574 879 639 933 ι).
673 880 736 933 de
768 877 905 933 verb.
935 877 1165 947 signi/ie.
1188 894 1208 943 ;
1235 875 1476 934 Isidorus
1531 876 1827 946 Pelusiota,
1868 880 2027 949 epist.

455 971 489 1024 5
531 980 586 1026 et
641 970 778 1037 £52;
810 968 1078 1024 Baronius
1122 969 1415 1025 cardinalis
1450 969 1518 1025 ad
1552 984 1681 1024 ann.
1725 968 1788 1025 C.
1819 968 1883 1025 N.
1938 970 2027 1036 51,

454 1063 545 1118 ubi
579 1062 855 1133 Spondan.
897 1077 1050 1117 num.
1080 1060 1135 1129 6;
1176 1060 1530 1117 Kimedonius
1572 1061 1715 1132 apud
1745 1060 2032 1135 Theophy—

452 1157 654 1211 laetum
698 1154 1052 1209 Simocattam
1095 1153 1512 1219 scholasticum,
1558 1155 1718 1226 epist.
1767 1154 1855 1220 11,
1910 1170 2033 1209 ver-

451 1252 517 1304 tit
565 1248 795 1320 ἀκρίδας
863 1247 1001 1301 male
1056 1246 1308 1311 cicadas;
1366 1246 1629 1303 Ebionitaa
1685 1248 1737 1303 in
1799 1246 2033 1319 Evange-

452 1343 527 1397 Iio
574 1339 812 1394 Μαιιιιωῑ
879 1339 1133 1410 legebant
1176 1338 1457 1410 ἐγκρίδας,
1512 1339 1565 1394 id
1623 1348 1726 1405 est,
1777 1339 2028 1411 ἐπιχυτα,

451 1450 548 1491 seu
575 1432 801 1499 mellita,
837 1431 921 1486 vel
953 1430 1056 1485 mel
1082 1430 1365 1501 sylt'estre;
1400 1441 1626 1488 sanctus
1667 1432 2029 1503 Epiphanius,

453 1527 645 1582 haeres.
715 1523 805 1590 50,
851 1538 905 1593 p.
968 1522 1092 1589 158,
1144 1522 1211 1578 de
1265 1523 1458 1594 ἄκροις
1511 1522 1728 1594 δρυῶνς
1779 1523 2029 1591 Crusius,

450 1619 546 1674 lib.
578 1637 596 1675 ι
632 1618 893 1674 Germano
935 1616 1176 1683 erciw,
1215 1625 1354 1683 orat.
1372 1617 1447 1669 De
1471 1615 1596 1687 (ing.
1637 1613 1830 1683 Cncn,
1860 1632 1916 1687 ιι.
1941 1617 2026 1683 11,

2127 776 2667 847 jurisconsultissimi
2729 776 3025 849 Seraphini
3068 778 3318 844 Olivarii,
3383 781 3486 851 qui
3555 790 3744 835 ratem

2131 867 2401 923 inversam
2418 884 2525 940 qua
2546 884 2605 925 se
2629 878 2833 940 tegeret
2857 871 3180 941 assumpsit,
3194 880 3249 926 et
3269 871 3743 927 hemistichium:

2142 958 2365 1015 Vexerat
2381 960 2476 1016 illa
2489 961 2659 1031 prius.
2680 960 2757 1015 Ex
2788 959 2875 1017 bis
2904 961 3139 1033 tuguriis
3162 977 3467 1032 cognomen
3508 972 3746 1017 traxere

2130 1048 2410 1122 Calybitze,
2442 1065 2581 1122 quos
2620 1051 2764 1107 inter
2791 1051 3185 1109 celeberrimus
3205 1061 3289 1108 est
3317 1052 3517 1109 Romae
3556 1051 3743 1108 Joan-

2132 1157 2253 1208 nes,
2304 1143 2395 1213 qui
2458 1143 2563 1200 sibi
2603 1142 2850 1215 καλύϐην
2879 1143 2989 1198 ἀπὸ
3020 1144 3116 1199 τοῦ
3154 1144 3479 1211 καλύπτειν,
3525 1146 3586 1199 id
3627 1154 3742 1209 est,

2131 1251 2162 1291 a
2211 1236 2497 1303 latitando,
2558 1251 2656 1293 seu
2710 1238 3107 1309 gurgustiolum
3162 1237 3215 1292 in
3269 1238 3542 1294 Tiberina
3595 1252 3743 1294 cato

2133 1330 2335 1383 struxit
2399 1328 2601 1395 insula,
2668 1328 2924 1385 ubitam
2974 1327 3069 1383 diu
3125 1328 3339 1385 delituit
3410 1329 3513 1385 illc
3584 1328 3741 1385 ﬁlius

2133 1419 2381 1490 EutrOpii
2413 1428 2469 1476 et
2489 1419 2812 1488 Theodore,
2850 1419 3083 1475 divitum
3116 1422 3318 1477 civium
3389 1422 3739 1478 Constanti-

2132 1513 2680 1583 nopolitanorum,ab
2714 1514 2909 1570 abbate
2938 1524 3302 1571 acmmetense
3327 1515 3741 1585 proﬁciscente

2135 1602 2562 1677 llierosolymas,
2600 1605 2668 1661 ad
2696 1605 2949 1675 pietatem
2977 1608 3255 1663 excitatus
3299 1617 3356 1662 et
3385 1622 3734 1671 conversus,

447 1710 615 1783 664
661 1726 692 1765 e
760 1708 1081 1765 Pantalionc
1126 1681 1192 1763 ac
1252 1707 1515 1778 Gregorio
1547 1681 1624 1762 ⁷ίιι
1689 1681 2025 1763 nauigium,
2060 1681 2104 1740 Β
2132 1695 2307 1751 donec
2345 1696 2565 1753 tandem
2606 1711 2638 1752 a
2667 1706 2842 1754 matre
2874 1692 2978 1753 fuit
3022 1698 3240 1770 agnitus
3266 1697 3475 1754 indicio
3511 1699 3732 1754 codicis

452 1803 560 1858 Sed
588 1802 819 1858 Crusius
867 1801 1174 1869 haereticus,
1228 1809 1280 1856 et
1333 1800 1683 1871 Evangelium
1731 1787 1863 1857 inde
1916 1799 2026 1857 ne-

450 1889 719 1959 bfaicum,
770 1904 824 1948 et
867 1907 897 1947 a
940 1889 1213 1947 Nazaraeis
1270 1889 1658 1958 adulteratum,
1718 1890 1797 1945 uti
1842 1899 2027 1946 mouet

449 1996 675 2043 sanctus
705 1985 1040 2056 Epiphanius
1070 1984 1167 2038 ibi.
1213 1982 1311 2039 Est
1344 1984 1776 2040 autemlocusta
1828 1984 2024 2041 insecti

449 2092 622 2148 genus
645 2075 761 2130 alas
791 2075 998 2132 habens
1027 2075 1273 2130 inllrmas
1328 2075 1395 2128 ad
1448 2074 1762 2130 tolandum.
1820 2073 2021 2130 Verum

449 2168 505 2223 in
545 2167 932 2223 solitudinibus
965 2166 1167 2222 montis
1194 2165 1346 2220 Sinai
1373 2166 1626 2221 monachi
1682 2167 1791 2221 τῶν
1853 2167 2021 2238 ἀκρο-

447 2260 624 2333 δρύων
651 2260 719 2314 τὰ
752 2260 1019 2332 χρήσιμα,
1044 2258 1139 2313 καὶ
1167 2257 1446 2330 διαμένειν
1485 2258 1791 2329 δυνάμενα,
1822 2261 1890 2332 τῇ
1911 2277 2024 2314 τοι-

447 2354 589 2427 αύτῃ
613 2353 973 2423 φυλάττοντες
1017 2350 1181 2424 χρείᾳ
1228 2349 1473 2415 ἀνύουσι,
1505 2351 1709 2407 siccant
1765 2353 2022 2408 monachi

429 2460 644 2517 .ncmpe
675 2444 813 2517 πρὸς
870 2444 1079 2517 τροφὴν
1142 2445 1485 2516 χειμερινήν,
1542 2444 1595 2499 id
1651 2455 1755 2511 est,
1796 2447 1864 2501 ad
1918 2446 2021 2502 ali-

340 2580 351 2586 .
434 2548 690 2593 mentum
734 2537 1022 2593 hibernum
1058 2537 1348 2593 baccarum
1381 2537 1749 2609 sylvestrium,
1776 2552 1872 2595 seu
1926 2555 2023 2596 ex-

432 2629 782 2684 ‘tt'emitatum
811 2627 1066 2684 arborum
1102 2643 1219 2694 eas,
1260 2642 1381 2700 quae
1410 2629 1533 2683 usui
1587 2637 1736 2696 sunt,
1778 2637 1849 2686 et
1898 2645 2022 2701 per-

446 2722 647 2774 durare
684 2727 934 2790 possunt,
965 2731 1266 2787 servantes,
1302 2729 1361 2775 ut
1411 2719 1519 2778 illis
1565 2720 1832 2788 victitent,
1886 2731 2022 2780 teste

446 2808 591 2877 Nilo,
626 2809 845 2864 Narrat.
874 2826 952 2876 tv,
993 2826 1047 2881 p.
1078 2810 1169 2877 46,
1221 2819 1278 2867 et
1320 2809 1541 2868 barbari
1588 2812 1795 2869 Arabes
1859 2829 2020 2885 coge-

448 2903 578 2957 bant
629 2900 929 2956 monachos
977 2902 1193 2957 easdem
1247 2902 1350 2958 sibi
1401 2902 1645 2972 deferre;
1711 2904 1833 2961 illos
1882 2907 2022 2961 inter

446 2994 668 3065 quidam
714 2994 877 3064 jussit
910 3007 1138 3063 puerum
1168 2993 1576 3049 ministrantem
1623 2995 1848 3052 senibus
1899 3011 2019 3052 mo-

447 3086 638 3140 nachis
673 3086 1001 3154 συναγαγεῖν
1031 3082 1180 3156 αὒτῷ
1202 3083 1323 3139 τινὰ
1350 3083 1458 3138 τῶν
1483 3084 1821 3156 ἐκχυθέντων
1854 3086 2018 3156 ἀκρο-

444 3176 836 3246 δρύων,ρ.18,
874 3176 1125 3246 colligere
1182 3175 1287 3230 sibi
1355 3174 1605 3246 quadam
1675 3176 1828 3231 humi
1900 3176 2018 3232 lusa

436 3265 683 3337 fastigia,
714 3283 809 3321 seu
854 3266 1198 3320 summitates
1225 3264 1501 3331 arborum,
1568 3274 1682 3319 tum
1725 3266 2019 3322 crudeliter

442 3373 566 3410 eum
617 3355 932 3411 trucidavit.
984 3353 1457 3411 Verisimillimum
1510 3364 1691 3410 autem
1745 3367 1830 3413 est
1904 3358 2019 3413 ine-

442 3449 613 3511 diam,
661 3454 715 3500 et
763 3445 1170 3514 abstinentiam,
1230 3463 1395 3519 quam
1438 3464 1468 3504 a
1519 3450 1805 3507 monachis
1865 3466 2019 3508 usur-

444 3549 623 3608 patam
656 3538 900 3609 depingit
935 3538 1047 3610 ipse
1084 3539 1364 3598 detestans
1422 3543 1800 3609 voracitatem,
1835 3553 1889 3599 et
1918 3546 2013 3601 de-

440 3633 595 3688 licias
641 3632 969 3702 epulonum,
1012 3631 1272 3703 opiparos
1323 3648 1641 3689 mensarum
1721 3634 2017 3691 lautiorum

438 3733 760 3793 apparatus,
796 3731 849 3778 et
888 3723 1161 3794 liquorum
1207 3724 1494 3781 misturam
1548 3726 1713 3781 simul
1764 3736 2015 3783 contem-

438 3824 774 3886 peratorum,
809 3831 873 3871 ac
902 3815 954 3869 in
982 3814 1237 3883 odorum,
1279 3817 1547 3883 colorum,
1591 3828 1645 3874 et
1685 3818 2009 3889 qualitatum

436 3906 775 3964 dill'erentias
805 3908 870 3963 ad
902 3907 1351 3963 inﬂammandam
1385 3907 1888 3975 libidinem,Nilum
1918 3910 2016 3966 ob-

436 4015 684 4055 servasse
722 4015 844 4055 cum
884 3999 1183 4065 Theodulo,
1209 4016 1264 4071 p.
1305 4000 1367 4056 51
1421 4011 1474 4056 et
1504 4000 1612 4070 54;
1654 4000 1786 4072 quin
1839 4009 1895 4056 et
1944 4002 2013 4058 ad

437 4096 605 4150 vitam
670 4095 1081 4151 sustentandam
1134 4096 1319 4151 crudis
1380 4095 1641 4160 oleribus,
1697 4095 1793 4151 καὶ
1849 4097 2013 4167 ἀκροο

433 4186 637 4257 δρύοις,
689 4202 786 4241 seu
832 4186 1103 4255 capitibus
1145 4196 1454 4242 tenerarum
1502 4187 1751 4257 stirpium
1812 4187 2008 4244 famem

434 4278 704 4332 obsonare
744 4277 976 4330 aliorum
1008 4278 1277 4348 exemplo,
1313 4288 1367 4334 et
1404 4278 1550 4332 sitim
1577 4294 1714 4348 aqua
1754 4277 2011 4349 perennis

434 4382 583 4421 venae
609 4368 947 4438 restinguere
978 4368 1217 4423 solitum.

505 4458 734 4515 Eretuus
791 4459 1033 4531 quidem,
1088 4460 1200 4515 imo
1249 4460 1416 4516 eremi
1478 4461 1759 4530 permultae
1808 4462 2006 4517 subtus

433 4551 581 4605 Sinni
620 4561 675 4607 et
716 4549 860 4608 Oreb
888 4550 1270 4621 pandebantur
1322 4550 1497 4621 plana:
1527 4560 1692 4621 atque
1737 4551 2006 4607 latissime

430 4642 658 4708 ditl‘nsae,
691 4658 811 4714 qua:
857 4643 1072 4699 diversa
1119 4643 1341 4699 nomina
1389 4643 1755 4699 sortiebantur
1787 4659 1818 4698 a
1867 4645 2005 4700 viei-

430 4735 516 4791 nis
552 4736 713 4791 etiam
743 4735 977 4805 Oppidis,
1034 4744 1089 4790 et
1121 4736 1425 4802 montibus,
1464 4737 1539 4790 uti
1566 4736 1845 4791 desertum
1878 4736 2000 4802 Zin,

427 4826 571 4898 quod
600 4835 654 4882 et
697 4827 892 4893 Cades,
946 4825 1221 4883 desertum
1280 4826 1516 4893 Pharan,
1568 4828 1728 4899 cujus
1768 4840 1896 4884 sunt
1950 4839 2006 4885 et

428 4917 777 4988 campestria,
843 4918 1119 4973 desertum
1188 4917 1348 4989 Ziph,
1380 4916 1542 4985 Juda,
1592 4919 1864 4987 ldumaere,
1900 4921 2001 4976 Ju-

426 5009 555 5065 ἀωω
602 5009 933 5073 Bethlebem,
966 5008 1227 5082 Engaddi,
1255 5023 1362 5067 etc.
1397 5011 1507 5067 lllis
1535 5014 1589 5068 in
1618 5013 2004 5070 solitudinibus
2038 5042 2039 5045 η

426 5104 583 5179 pauci
618 5103 720 5159 loci
774 5103 1078 5174 remotique
1109 5103 1485 5174 deligabantur
1537 5104 1607 5159 ab
1641 5104 1725 5160 his
1762 5104 1854 5174 qui
1890 5121 2002 5161 mo-

426 5193 690 5248 nasticam
744 5192 1012 5263 degebant
1061 5192 1252 5259 vitam,
1302 5194 1493 5264 procul
1532 5195 1600 5250 ab
1647 5196 1898 5260 urbibus,
1946 5204 2005 5251 et

424 5284 627 5340 civium
672 5274 1039 5351 mui'titudine,
1101 5301 1171 5342 ne
1204 5290 1458 5357 contagio
1504 5289 1739 5357 quodam
1790 5289 2001 5359 pollue-

423 5386 613 5432 rentur
641 5377 896 5433 vitiorum
939 5380 1079 5435 inter
1107 5394 1204 5435 eos
1233 5382 1692 5448 excrescentium,
1744 5380 1819 5436 ibi
1873 5382 1999 5452 qui-

424 5465 549 5521 dam
590 5468 752 5525 lixere
774 5469 878 5525 sibi
915 5471 1153 5543 tuguria,
1194 5471 1443 5543 μετόχια,
1474 5474 1662 5537 cellas,
1690 5482 1785 5528 aut
1819 5490 1998 5545 παρα-

421 5556 637 5629 λαύρια,
689 5561 804 5616 sive
848 5561 1053 5626 lauras,
1102 5564 1168 5618 de
1219 5563 1420 5632 quibus
1457 5561 1730 5619 Conrbells
1777 5564 1832 5619 in
1880 5564 1998 5618 Vita

423 5647 598 5701 sancti
655 5646 943 5713 Hyacinthi
988 5652 1327 5716 Amastren.,
1360 5667 1411 5721 p.
1452 5652 1571 5719 150,
1623 5653 1781 5723 quasi
1815 5669 1998 5724 maga-

2131 1786 2432 1858 Evangelii,
2467 1795 2522 1845 et
2547 1788 2615 1844 ad
2640 1788 2844 1844 'ccelum
2876 1789 3130 1861 migravit
3162 1789 3249 1845 die
3302 1789 3370 1844 15
3427 1787 3726 1853 Januarii,

2132 1893 2242 1949 qua
2276 1877 2476 1934 colitur
2502 1878 2624 1949 ejus
2682 1879 2947 1935 memoria
3005 1880 3161 1951 juxta
3218 1878 3361 1934 idern
3425 1879 3720 1950 Μῆτις-τοι.

2132 1970 2463 2036 Romanum,
2538 1970 2629 2026 ubi
2693 1971 2986 2028 cardinalis
3027 1970 3354 2027 Baroniuse
3397 1971 3580 2044 665
3636 1971 3717 2026 Li.

2130 2075 2391 2132 pomano,
2463 2059 2650 2127 Surio,
2731 2069 2787 2117 et
2841 2058 3147 2132 Nicephoro
3211 2060 3465 2132 Callisto;
3534 2063 3723 2119 ﬂoruit

2130 2154 2276 2210 circa
2331 2169 2535 2210 annum
2588 2152 2652 2211 C.
2688 2151 2754 2209 N.
2811 2154 2938 2221 457,
2977 2169 3074 2210 seu
3104 2154 3231 2221 461,
3264 2170 3297 2213 e
3326 2155 3596 2212 Cedreno
3620 2159 3722 2214 sub

2129 2248 2406 2305 Marciano
2458 2248 2809 2320 imperatore,
2853 2247 2986 2319 quin
3025 2255 3079 2302 et
3122 2248 3226 2304 sub
3259 2247 3463 2317 Leone,
3504 2250 3723 2306 dictus-

2128 2356 2237 2413 que
2281 2340 2383 2396 luit
2418 2348 2473 2396 et
2519 2348 2742 2413 propter
2794 2338 2962 2395 Deum
3010 2354 3235 2411 pauper.
3264 2338 3435 2395 Card.
3474 2341 3723 2397 Sirletus

2127 2434 2248 2507 ejus
2278 2433 2462 2490 Vitam
2511 2447 2543 2489 e
2575 2431 2763 2490 Graeca
2819 2432 3071 2488 Latinam
3121 2433 3359 2489 reddidit
3405 2447 3475 2488 ex
3525 2449 3724 2488 manu-

2129 2528 2332 2601 scripto
2376 2528 2693 2584 monasterii
2726 2524 3154 2598 Cryptzel‘erratze
3176 2566 3193 2592 ,
3246 2525 3412 2596 cujus
3449 2536 3662 2583 auctor
3692 2543 3721 2582 a

2128 2619 2406 2679 Galesinio
2446 2619 2791 2676 existimatur
2834 2617 3056 2674 Simeun
3083 2616 3413 2687 Logotheta,
3457 2634 3569 2673 seu
3609 2618 3721 2674 Hc-

2130 2716 2466 2787 taphrastes;
2498 2713 2774 2785 antiquior
2801 2720 3055 2769 censetur
3078 2725 3109 2766 a
3158 2708 3449 2778 Bollando,
3476 2712 3620 2781 quia
3661 2726 3725 2766 se

2128 2810 2349 2868 Joannis
2406 2808 2740 2880 temporibus
2790 2805 2991 2863 vixisse
3047 2806 3265 2873 asserit,
3302 2819 3335 2859 a
3385 2820 3505 2875 quo
3550 2806 3726 2860 hleta-

2126 2902 2374 2974 phrastes
2404 2898 3005 2970 exscripseritxlncipit
3041 2896 3151 2951 Viri
3175 2897 3314 2966 justi
3349 2896 3500 2951 Vita.
3538 2896 3720 2952 Vitam

2127 2996 2287 3051 aliam
2327 3008 2359 3049 e
2396 2992 2655 3048 Vaticano
2706 2989 3001 3061 exemplari
3052 2987 3241 3043 Latine
3274 3004 3495 3044 versam
3548 2990 3724 3044 edidit

2124 3088 2228 3143 alia
2286 3088 2587 3157 puriorem,
2646 3093 2706 3140 ut
2736 3092 2914 3154 putat,
2966 3081 3334 3153 Rosvveydus;
3376 3082 3503 3152 ejus
3546 3098 3722 3138 exor-

2121 3180 2272 3235 dium
2306 3186 2406 3241 est,
2441 3175 2543 3231 Res
2573 3184 2647 3231 est
2668 3191 2793 3231 sane
2823 3175 3119 3245 tyrannica.
3146 3173 3465 3242 Comperies
3492 3185 3725 3230 utram-

2121 3285 2228 3340 que
2280 3269 2426 3340 apud
2468 3268 2807 3325 Bollandum.
2836 3266 3139 3323 Chillletius
3176 3266 3232 3322 in
3264 3265 3482 3322 Bisunt.
3524 3270 3720 3342 antiq.

2120 3364 2185 3418 ad
2241 3376 2445 3418 annum
2478 3361 2538 3417 C.
2561 3360 2626 3416 N.
2661 3360 2820 3426 1521,
2850 3360 2939 3415 die
2967 3360 3031 3413 17
3076 3359 3295 3430 Aprilis,
3333 3359 3498 3416 refert
3532 3363 3723 3418 deca-

2120 3470 2251 3509 uum
2309 3452 2565 3509 Ecclesiae
2616 3450 2914 3505 Bisuutinte
2966 3450 3199 3507 missum
3248 3448 3410 3505 fuisse
3440 3449 3515 3504 ad
3551 3452 3721 3509 duos

2118 3546 2336 3604 Graecos
2379 3545 2685 3615 episcopos,
2716 3542 3074 3607 Avenionem,
3118 3550 3177 3596 ut
3208 3541 3719 3609 interpretarentur

2117 3638 2525 3709 inscriptionem
2592 3635 2836 3691 Graecam
2897 3633 3088 3699 thecae,
3153 3634 3245 3689 ubi
3295 3641 3457 3703 caput
3510 3636 3717 3690 sancti

2112 3731 2341 3787 Joannis
2378 3727 2637 3801 Calybitze
2675 3726 2980 3781 Bisuntium
3011 3727 3359 3796 deportatum
3390 3723 3587 3781 fuerat
3622 3729 3715 3781 in-

2116 3823 2326 3880 clusum
2357 3840 2371 3876 :
2408 3821 2654 3892 ejusdem
2686 3817 2824 3875 Vitae
2854 3818 3248 3889 Compendium
3284 3827 3367 3873 est
3394 3819 3450 3871 in
3486 3816 3711 3874 Menam

2113 3935 2219 3976 ms.
2261 3917 2400 3973 Bibl.
2459 3916 2561 3972 BB.
2602 3931 2657 3987 p.
2689 3913 2814 3976 158.
2862 3923 2989 3984 post
3028 3911 3132 3967 Nili
3165 3914 3246 3978 εἰς
3273 3911 3377 3980 τὴν
3407 3911 3707 3982 ἀναὶρεσῑν

2110 4009 2377 4081 διήγημα,
2436 4024 2491 4080 p.
2523 4007 2611 4063 99.
2663 4006 2768 4060 Alii
2821 4005 3073 4060 monachi
3126 4012 3406 4073 utcunque
3436 4004 3705 4059 vivebant

2110 4103 2213 4160 sub
2260 4101 2455 4157 nativis
2496 4108 2779 4155 antrorum
2816 4097 2990 4163 tectis,
3023 4097 3181 4168 pauci
3218 4096 3564 4152 frumentum
3598 4112 3705 4152 no-

2108 4202 2254 4261 rant,
2315 4207 2571 4248 nummus
2604 4191 2838 4247 Caesaris
2871 4189 3224 4261 ignorabatur
3263 4186 3571 4258 (Synesius
3600 4203 3704 4241 no-

2109 4302 2232 4344 men
2272 4287 2516 4356 iguotum
2567 4283 2733 4338 tradit
2761 4282 3170 4352 imperatorum,
3210 4294 3311 4334 nec
3339 4279 3456 4335 ullo
3482 4289 3613 4334 erat
3644 4281 3703 4334 in

2039 4378 2083 4434 D
2117 4382 2274 4449 usu);
2308 4379 2456 4433 olera
2492 4386 2543 4431 et
2586 4376 2767 4431 baccae
2795 4387 3133 4429 summarum
3181 4371 3436 4442 stirpium
3491 4384 3705 4428 mutuo

2111 4467 2485 4529 tradebantur,
2528 4465 2669 4518 inter
2720 4477 2813 4517 eos
2862 4477 3020 4517 rarus
3058 4460 3237 4531 panis,
3274 4461 3421 4515 nulla
3454 4461 3575 4517 illic
3610 4464 3703 4517 in-

2110 4554 2273 4621 vidia,
2326 4553 2470 4607 nulla
2525 4551 2769 4606 ambitio.
2806 4550 3089 4606 Desertum
3120 4551 3283 4605 etiam
3315 4549 3549 4606 Thecue
3582 4568 3702 4607 non

2109 4645 2265 4713 longe
2311 4642 2379 4697 ab
2431 4641 2665 4696 Herndio
2696 4640 2837 4705 vico,
2873 4656 2971 4695 seu
2999 4641 3247 4704 castello,
3278 4655 3457 4709 neque
3489 4645 3705 4710 procul

2108 4736 2176 4790 ab
2215 4734 2622 4805 Hierosolymis,
2673 4735 2744 4787 ita
2789 4744 3165 4802 nuncupatum
3197 4747 3228 4786 a
3259 4730 3481 4787 Thccue
3534 4734 3702 4800 vico,

2106 4828 2219 4882 sive
2260 4826 2395 4881 urbe
2436 4833 2708 4890 tnonlosa,
2757 4823 2917 4893 cujus
2954 4837 3084 4893 ager
3129 4820 3278 4876 ferax
3320 4832 3407 4877 est
3435 4822 3703 4879 olearum

2106 4935 2271 4992 prope
2292 4919 2548 4974 Arabiam
2571 4936 2584 4972 :
2607 4917 2843 4972 solitudo
2861 4925 2962 4983 est,
2996 4931 3118 4986 qum
3139 4930 3169 4969 a
3196 4914 3515 4970 Bethlehem
3548 4916 3703 4973 Juda

2104 5010 2433 5083 separaturti
2459 5026 2554 5065 seu
2578 5009 2609 5061 7
2632 5009 2905 5072 milliario,
2928 5017 2982 5063 et
2997 5008 3066 5063 ab
3084 5007 3475 5079 Hierosolymis
3499 5024 3699 5077 nono;

2102 5121 2167 5161 ex
2207 5103 2443 5174 Josepho
2487 5101 2626 5157 Belli
2657 5101 2895 5167 Iudaici,
2930 5101 3026 5156 lib.
3057 5116 3153 5167 vn,
3186 5116 3235 5157 c.
3265 5100 3357 5164 25,
3397 5108 3456 5155 et
3492 5103 3699 5173 Antia.

2101 5196 2319 5253 Iudaic.
2340 5198 2434 5252 lib.
2471 5211 2618 5261 tx,c.
2658 5196 2706 5250 1.
2736 5195 2904 5249 Amos
2938 5193 3200 5263 propheta
3227 5192 3278 5247 in
3311 5192 3511 5248 diebus
3540 5192 3704 5250 Otia

2102 5288 2245 5358 regis
2293 5286 2453 5354 Juda,
2488 5296 2541 5342 et
2576 5284 2864 5341 Jeroboam
2904 5284 2997 5339 lilii
3030 5284 3157 5340 Joas
3187 5284 3328 5355 regis
3354 5286 3526 5339 Israel
3562 5297 3705 5340 ante

2100 5378 2240 5433 duos
2278 5393 2453 5434 annos
2476 5384 2839 5441 terrmmotus,
2867 5392 2916 5432 c.
2940 5392 2979 5442 ι,
3012 5389 3065 5433 et
3094 5393 3143 5433 c.
3179 5391 3275 5441 vn,
3311 5392 3363 5431 ν.
3398 5376 3492 5440 tt,
3529 5377 3703 5433 aitso

2100 5469 2153 5523 in
2175 5467 2478 5537 pastoribus
2502 5469 2566 5522 de
2581 5466 2797 5521 Thecue
2820 5466 2985 5521 fuisse
3002 5465 3391 5520 armentarium
3417 5463 3699 5518 vellicari.

2100 5570 2205 5615 tem
2226 5570 2631 5631 sycnuoros,et
2645 5560 2875 5614 electum
2896 5576 2924 5613 a
2950 5559 3181 5614 Domino
3206 5573 3328 5613 cum
3348 5567 3695 5628 sequeretur

2102 5664 2314 5721 gregem
2344 5669 2359 5719 ;
2393 5650 2610 5707 'l‘hccuc
2642 5667 2859 5722 quoque
2892 5650 2992 5706 fuit
3022 5653 3196 5722 putria
3235 5650 3497 5708 Ilabacuc
3554 5665 3697 5723 pro-
