3998 6214
40 5388 85 5413 κ..

393 293 530 361 1393
1114 284 1121 291 ’
1698 302 1794 362 DE
1830 302 2005 365 VlTA
2034 301 2093 363 s.
2136 302 2299 364 NlLl
3514 291 3655 352 rasa

394 405 592 479 pheta;
641 411 697 461 et
741 404 989 463 mulieris
1044 406 1307 479 sapientis
1342 407 1680 466 Tltecuitidis
1711 410 1837 468 inde
1874 428 1973 482 ap-
2005 416 2049 489 Α

395 500 624 572 pellatat,
675 514 799 570 quae
846 500 1083 571 placavit
1127 500 1386 558 Davidcm
1422 503 1619 559 iratum
1655 504 1767 560 ﬁlio
1794 506 1970 563 Absa-

394 590 531 658 loni,
568 590 660 661 qui
687 590 907 647 fratrem
935 608 1095 648 suum
1137 595 1371 651 Ammon
1402 597 1697 663 occiderat,
1733 598 1795 655 ll.
1834 599 1968 671 Reg.

392 694 505 747 xtv,
546 680 639 736 ubi
688 680 975 739 Cornelius
998 700 1027 739 a
1058 684 1283 756 Lapide,
1319 685 1535 743 RulIino
1566 689 1773 761 Taplta,
1813 690 1970 751 Jose-

392 770 522 840 pho,
553 771 647 826 lib.
683 787 778 827 vm
816 773 1002 846 Antiq.
1033 776 1204 841 Θέκος
1230 776 1285 833 in
1322 764 1455 834 Vita
1478 795 1576 836 sua
1605 780 1810 848 Θέκυα,
1840 784 1970 841 olim

392 862 649 919 Thecuab
669 865 911 923 Pererio.

461 951 541 1009 Eo
564 954 621 1010 in
649 955 863 1017 deserto
887 960 1368 1017 commorabantnr
1396 964 1670 1031 monachi,
1695 966 1844 1037 quia
1872 965 1974 1023 Sa-

393 1047 612 1103 racenis
665 1050 925 1105 trucidati
978 1049 1235 1121 fuerunt;
1284 1056 1743 1126 quemadmodum
1785 1069 1973 1115 narrat

390 1137 709 1207 Cassianus,
740 1142 835 1197 lib.
870 1157 922 1197 tv
952 1143 1029 1198 De
1057 1146 1167 1199 vita
1206 1144 1454 1214 Patrum,
1483 1147 1712 1203 relatum
1744 1164 1776 1205 e
1802 1151 1973 1206 colla-

393 1230 541 1287 tione
597 1241 751 1288 sexta
803 1233 871 1289 de
924 1250 1057 1291 nece
1110 1235 1334 1292 Patrum
1383 1254 1482 1295 seu
1528 1250 1868 1307 sanctorum,
1903 1258 1969 1298 ex

393 1321 682 1380 Theodoro
729 1325 946 1393 abbate,
990 1326 1168 1397 deque
1222 1329 1309 1398 pia
1361 1332 1766 1387 concertatione
1809 1347 1973 1402 super

392 1422 710 1473 sanctorum
748 1420 998 1489 reliquiis
1050 1421 1125 1475 ibi
1158 1420 1289 1490 agit.
1324 1420 1390 1477 Et
1439 1422 1585 1479 hunc
1624 1424 1821 1487 librum
1852 1439 1973 1481 esse

392 1509 647 1579 suspicor
696 1508 969 1567 Theodori
1022 1513 1263 1583 episcopi
1292 1512 1546 1570 Massiliae
1574 1516 1639 1572 de
1661 1518 1971 1573 certamini-

393 1600 496 1655 bus
551 1610 876 1673 martyrum,
902 1618 1066 1673 quem
1116 1611 1335 1660 exstare
1367 1605 1423 1659 in
1455 1606 1840 1663 vetustissimis
1867 1606 1973 1664 Ec-

391 1693 572 1749 clesia:
610 1692 950 1762 Bergomatis
994 1697 1365 1752 monumentis
1395 1704 1627 1752 testatur
1662 1697 1970 1755 Galesinius

394 1784 447 1837 in
477 1783 916 1842 adnotationibus
942 1787 1011 1841 ad
1056 1785 1406 1856 Martyrolog.
1438 1802 1491 1841 tv
1510 1785 1651 1842 Non.
1684 1788 1967 1854 Januarii;

392 1872 744 1930 Theodorum
788 1876 1008 1946 quidem
1064 1879 1381 1951 episcopum
1432 1880 1687 1936 Massiliae
1714 1897 1743 1936 a
1778 1883 1972 1952 quinto

298 1972 305 1979 ‘
390 1965 459 2019 ad
497 1976 711 2022 sextum
762 1983 936 2038 usque
982 1970 1247 2026 sarculum
1282 1985 1315 2026 a
1344 1969 1489 2028 Rufo
1532 1971 1971 2045 historiographo

389 2058 767 2113 eruditissimo
798 2059 855 2113 in
887 2058 1141 2116 Historia
1172 2061 1473 2118 Hassilien.
1504 2077 1626 2134 pag.
1658 2063 1784 2130 521,
1817 2065 1970 2119 inve-

390 2145 483 2202 nio
512 2164 528 2213 ;
562 2148 658 2202 sed
689 2157 743 2202 et
772 2150 1022 2205 meminit
1042 2152 1282 2222 episcopi
1306 2152 1666 2210 Massiliensis
1698 2153 1971 2211 Theodori

394 2238 595 2306 saepius
619 2238 919 2305 Gregorius
942 2240 1283 2299 Turonensis
1305 2245 1473 2317 666
1490 2246 1969 2319 eodemtempore,

391 2325 487 2382 lib.
503 2343 578 2393 vr,
592 2344 644 2383 c.
661 2328 697 2382 2
715 2332 859 2385 Hist.
880 2330 1107 2400 Frena,
1131 2343 1186 2389 et
1206 2336 1431 2404 passim,
1445 2335 1589 2392 unde
1609 2338 1971 2409 antiquiorem

392 2418 560 2475 istum
592 2420 939 2478 Theodorum
972 2425 1169 2495 opinor
1199 2428 1515 2499 episcopum
1551 2428 1969 2497 Massiliensem,

392 2523 448 2566 et
475 2529 541 2568 ex
596 2513 795 2571 abbate
823 2530 1104 2572 censerem
1139 2519 1208 2573 ad
1242 2519 1616 2591 episcopatum
1650 2521 1821 2579 fuisse
1841 2540 1971 2594 pro-

390 2607 631 2670 vectum,
682 2606 798 2661 sive
848 2617 1091 2679 raptum,
1145 2610 1223 2665 nti
1267 2620 1399 2668 tunc
1428 2615 1600 2671 moris
1628 2625 1764 2683 erat,
1804 2617 1968 2672 etiam

390 2700 642 2769 invitum,
693 2702 924 2775 ideoque
961 2707 1135 2777 magis
1184 2708 1437 2779 dignum,
1478 2725 1601 2766 cum
1636 2712 1861 2768 forsitan
1903 2716 1973 2770 ad

392 2792 523 2847 illud
557 2794 861 2864 emporium
886 2796 1189 2854 Galliarum
1226 2800 1430 2858 Graecis
1488 2803 1788 2859 habitatum
1824 2806 1973 2861 colo-

390 2885 476 2945 nis
513 2895 567 2941 et
599 2887 811 2958 legibus
863 2891 1223 2959 gubernatum
1258 2894 1575 2964 appulisset,
1627 2910 1695 2951 ex
1739 2894 1973 2969 Egypto

388 2991 514 3031 cum
537 2977 802 3035 Cassiano
840 2983 1015 3037 sancti
1041 2982 1277 3042 Joannis
1302 2984 1683 3058 Chrysostomi
1715 2987 1967 3057 diacono,

384 3066 485 3137 qui
519 3068 872 3125 consuluerat
900 3072 1065 3127 istum
1096 3072 1468 3142 Theodorum,
1514 3084 1569 3132 et
1598 3078 1847 3134 nominat
1883 3080 1966 3134 vi-
1995 3095 2041 3156 ο

389 3172 515 3211 rum
541 3158 869 3229 singularem
907 3162 960 3216 itt
990 3166 1410 3221 conversatione
1442 3168 1665 3235 actuali,
1693 3167 1969 3225 afﬁrmans

388 3251 643 3306 eumdem
677 3252 952 3311 habitasse
981 3256 1034 3310 itt
1062 3257 1242 3323 Ccllis,
1267 3259 1359 3329 qui
1392 3259 1546 3316 locus
1568 3262 1714 3317 inter
1740 3262 1968 3318 Nitriam

389 3350 446 3396 et
495 3341 775 3415 Scythiam
828 3347 968 3402 situs
1016 3363 1045 3402 a
1100 3351 1437 3406 monasterio
1486 3351 1675 3408 Nitrize
1728 3355 1972 3425 quinque

391 3434 635 3491 millibus
660 3436 892 3504 distans,
925 3441 1200 3511 deteginta
1228 3442 1459 3497 millium
1494 3443 1792 3499 solitudine
1838 3446 1973 3501 diri-

388 3525 561 3580 mitur
601 3529 670 3583 ah
698 3545 883 3584 eremo
913 3531 1166 3601 Scythize,
1198 3533 1251 3586 in
1283 3548 1391 3602 qua
1419 3533 1716 3591 Cassianus
1745 3536 1971 3607 agebat;

389 3622 447 3668 et
474 3616 615 3683 apud
666 3615 959 3674 Henricnm
1010 3619 1293 3675 Canisium
1329 3622 1422 3676 lib.
1456 3639 1488 3676 ν
1546 3625 1729 3695 Antiq.
1757 3624 1970 3682 lection.

390 3706 449 3761 in
498 3706 641 3761 Hist.
697 3708 1016 3779 Peregrinus
1066 3722 1551 3780 commemoratur,
1588 3715 1656 3772 de
1680 3731 1790 3787 qua
1813 3734 1972 3789 supe-

391 3800 510 3855 rius
564 3809 746 3856 actum
809 3812 912 3868 est,
962 3819 1086 3875 pag,
1142 3806 1269 3871 6l5,
1303 3807 1392 3862 ubi
1444 3808 1511 3863 de
1557 3806 1750 3872 Nitria,
1800 3811 1976 3883 deque

392 3890 556 3958 Oase,
613 3893 681 3948 de
730 3910 837 3964 qua
872 3904 928 3950 et
959 3895 1282 3955 Theodorus
1308 3898 1507 3955 Lector
1530 3900 1584 3955 in
1609 3901 1973 3961 Collectaneis

394 3983 510 4040 htec
558 3985 722 4042 habet
754 4005 768 4042 :
802 3989 1063 4060 Σηπεδόνι
1118 3991 1211 4044 τὸν
1247 3991 1407 4064 σῶμα
1447 3993 1718 4066 διέφθειρε
1768 3996 1975 4051 Νεστό-

396 4090 530 4148 pios,
580 4080 674 4132 καὶ
726 4079 1057 4153 ἀνακληθεὶς
1104 4083 1216 4137 ἀπὸ
1255 4084 1493 4151 Ὀἀσεως
1553 4089 1715 4158 (male
1781 4089 1977 4161 legitur

407 4169 790 4241 Ἐασέως),ἐφ⁹
822 4165 866 4242 ᾧ
894 4178 1224 4247 μεταστῆναι
1258 4179 1337 4240 εἰς
1366 4178 1551 4252 ἕτερον
1576 4182 1761 4246 τόπον,
1786 4182 1863 4254 τῷ
1880 4182 1977 4237 θα·

393 4260 539 4330 νάτῳ
594 4263 863 4333 προέλαϐε
896 4266 996 4337 τὴν
1037 4267 1360 4339 ἀνάκλησινο
1426 4272 1479 4325 id
1514 4284 1633 4331 est:
1689 4272 1974 4331 Nestorius

395 4354 672 4422 putredine
714 4356 940 4425 infectus
971 4360 1127 4427 periit
1158 4360 1213 4413 in
1248 4378 1483 4431 corpore,
1520 4373 1568 4418 et
1600 4377 1874 4421 revocatus
1905 4369 1970 4421 ab

2144 413 2300 470 Nilus
2329 410 2552 485 quidem
2569 425 2715 467 anno
2732 408 2934 466 Christi
2964 405 3089 475 410,
3141 420 3250 478 quo
3279 403 3521 481 incursio
3548 402 3650 458 Sa-

2076 520 2398 561 racenorum
2431 505 2535 561 sub
2568 503 2876 560 Theodosio
2904 500 3134 557 Juniore
3162 498 3412 569 contigit,
3442 512 3565 552 cum
3595 495 3650 549 in

2075 595 2206 653 Sina
2265 598 2504 668 degeret.
2552 596 2665 667 jam
2715 611 2879 652 senex
2914 603 3054 659 erat,
3095 600 3153 647 ut
3188 591 3302 661 ipse
3339 596 3545 644 narrat.
3583 586 3614 640 6
3637 628 3653 648 ,

2074 705 2197 762 pag.
2251 689 2342 753 92,
2393 689 2537 761 apud
2587 687 2874 744 Possinum
2929 686 3129 741 fatetur
3158 700 3222 740 ex
3260 682 3491 738 aliorum
3526 694 3655 733 scn-

2073 783 2259 849 tenlia,
2313 781 2405 837 ubi
2468 781 2657 837 scribit
2693 799 2706 835 :
2741 775 2848 833 Ἦν
2896 778 2952 833 δὲ
2984 776 3138 847 κάγὼ
3178 774 3344 847 βάδην
3390 772 3656 843 ἑπόμενος

2073 876 2183 939 τοῖς
2212 873 2647 945 προστειχουσιν,
2674 871 2750 936 ὡς
2782 871 2880 943 μὲν
2914 870 3045 933 ἴσως
3073 869 3297 940 φήσειεν
3335 865 3492 928 ἄλλος
3522 862 3653 916 ἁδυ-

2072 967 2261 1039 vetula,
2293 967 2418 1029 τοὺς
2464 965 2665 1037 μᾶλλον
2712 962 2995 1034 ἰσχύοντας
3024 963 3085 1015 οὐ
3112 958 3353 1034 ,φθάνων
3393 952 3657 1022 ἀσθενείᾳ

2071 1058 2167 1113 τοῦ
2208 1060 2418 1131 γήρως,
2472 1056 2525 1113 id
2563 1064 2668 1124 est,
2723 1055 2833 1126 Ego
2878 1070 2996 1108 vero
3039 1052 3294 1123 sequebar
3338 1046 3653 1119 pedetentim

2070 1159 2474 1221 praecurrentes,
2506 1158 2561 1204 ut
2584 1148 2795 1220 quidem
2823 1147 3050 1216 fortasse
3096 1145 3290 1199 diceret
3334 1143 3497 1216 alius,
3542 1153 3653 1209 prta

2075 1241 2390 1308 impotentia
2439 1255 2542 1295 non
2585 1237 2761 1292 valens
2810 1237 3020 1306 assequi
3062 1250 3172 1301 eos,
3227 1235 3319 1304 qui
3364 1229 3655 1297 maioribus

2070 1341 2224 1386 erant
2266 1330 2480 1401 praediti
2517 1330 2736 1395 viribus,
2784 1327 2845 1383 ob
2882 1326 3162 1382 senectutis
3193 1322 3654 1378 imbecillitatem:

2072 1421 2535 1493 quemadmodum
2588 1429 2644 1475 et
2684 1418 2955 1475 subducto
2996 1416 3209 1471 calculo
3240 1428 3364 1467 mox
3397 1426 3653 1480 compro-

2074 1515 2214 1570 babo
2254 1514 2406 1569 illum
2441 1512 2632 1567 ati‘ecta
2679 1521 2792 1565 tum
2827 1517 2986 1563 aetate
3043 1507 3233 1562 fuisse.
3264 1504 3402 1558 Nam
3432 1517 3555 1556 cum
3586 1501 3654 1553 ad

2072 1606 2410 1678 praefecturae
2435 1618 2637 1658 munus
2667 1608 2890 1657 evectus
2933 1599 3057 1663 fuit,
3096 1606 3155 1652 ut
3204 1594 3520 1651 astruebam
3554 1604 3647 1645 su-

2072 1714 2192 1770 pra,
2229 1697 2331 1753 sub
2369 1708 2514 1750 anno
2560 1693 2706 1748 C.N.
2746 1693 2870 1757 403,
2919 1690 3020 1745 etsi
3046 1690 3194 1758 leges
3246 1684 3494 1745 annales,
3538 1682 3653 1736 sive

2073 1789 2335 1851 annarire,
2360 1786 2560 1856 quibus
2578 1785 2891 1854 praescripta
2903 1790 3021 1837 erat
3039 1790 3191 1843 mtas,
3210 1793 3317 1848 qua
3343 1781 3654 1846 peterentur

2073 1878 2333 1943 honores,
2395 1876 2474 1931 uti
2522 1874 2668 1931 canit
2693 1874 2785 1929 ille
2822 1883 2930 1928 tam
2965 1870 3130 1937 Julia,
3172 1884 3337 1941 quam
3375 1862 3653 1934 Pompeia,

2072 1982 2125 2028 et
2159 1972 2303 2037 aliae,
2339 1970 2406 2025 de
2436 1969 2634 2039 quibus
2665 1968 2717 2022 in
2749 1967 2787 2021 ι.
2819 1965 2953 2022 Cum
2985 1967 3095 2036 lege
3123 1964 3190 2018 D.
3228 1961 3291 2017 de
3324 1960 3515 2015 arbitr.
3541 1966 3594 2011 et
3617 1955 3653 2009 Ι.

2075 2063 2307 2130 Quidam
2336 2061 2664 2129 consulebat,
2703 2061 2773 2115 57
2810 2059 2877 2114 Β.
2920 2060 2985 2113 de
3013 2075 3067 2112 re
3090 2057 3350 2127 judicat.,
3384 2052 3478 2108 ubi
3512 2050 3657 2104 Dua-

2072 2170 2263 2217 renus,
2293 2168 2403 2208 non
2433 2152 2868 2208 observabantur
2898 2148 3261 2210 adamussim,
3292 2146 3514 2214 illisque
3545 2139 3655 2196 sol-

2072 2247 2273 2303 vebant
2295 2246 2675 2315 imperatores,
2693 2253 2748 2298 ut
2773 2250 2930 2297 erant
2954 2253 3348 2310 nonnunquam
3376 2233 3655 2297 dissoluti,

2073 2338 2415 2403 candidatos,
2442 2336 2526 2392 vel
2548 2335 2890 2406 etiamprobi
2914 2342 2969 2389 et
2992 2332 3147 2404 justi,
3180 2346 3307 2386 cum
3337 2330 3514 2384 virtus
3546 2341 3655 2380 non

2071 2431 2234 2504 667
2255 2427 2602 2500 exspectabat
2619 2443 2815 2496 annos,
2834 2427 2928 2483 sed
2945 2424 3185 2481 anteibat
3208 2422 3297 2495 (de
3313 2421 3524 2491 legibus
3548 2418 3655 2493 illis

2073 2522 2209 2579 satis
2230 2522 2313 2591 egi
2341 2520 2462 2577 fuse
2490 2522 2545 2575 itt
2568 2519 2886 2575 Diatribade
2914 2516 3117 2574 ειυς.
3140 2513 3503 2572 cardinalium
3521 2521 3623 2567 aeta

2076 2613 2172 2685 te),
2192 2622 2431 2669 attamen
2447 2628 2543 2669 eas
2559 2628 2682 2667 cum
2703 2612 2930 2680 Rosino,
2953 2611 3048 2665 lib.
3071 2626 3168 2675 vn,
3191 2623 3313 2679 cap.
3336 2607 3369 2663 9
3391 2606 3655 2676 Antiquit.

2075 2708 2305 2764 Roman.
2352 2722 2476 2779 pag.
2534 2706 2663 2773 697,
2696 2705 2931 2760 arbitror
2992 2719 3195 2757 annum
3232 2700 3429 2758 saltem
3460 2699 3533 2754 42
3563 2713 3659 2753 ex-

2082 2797 2264 2870 egisse
2300 2797 2353 2851 in
2394 2795 2720 2866 praefectura
2746 2794 2921 2863 urbis,
2948 2795 3093 2849 sicut
3117 2803 3170 2848 et
3198 2794 3253 2848 in
3277 2791 3552 2848 senatoria
3579 2791 3661 2846 di-

2074 2888 2282 2960 gnitate
2308 2901 2327 2954 ;
2356 2887 2449 2943 sed
2474 2887 2646 2958 liquet
2668 2902 2734 2943 ex
2753 2884 3030 2956 epitapltio
3051 2882 3399 2954 Pantagathi,
3418 2881 3512 2952 qui
3536 2897 3662 2937 con-

2076 2978 2204 3034 cilio
2230 2979 2565 3034 Arausicano
2595 2978 2836 3034 secundo
2864 2976 3295 3046 subscripserat,
3328 2989 3475 3028 anno
3505 2973 3567 3027 C.
3591 2971 3655 3049 Ν.

2076 3068 2211 3137 5‘29;
2245 3079 2425 3126 exstat
2456 3068 2586 3126 illud
2611 3069 2845 3126 incisum
2874 3070 3134 3126 marmori
3160 3066 3427 3135 Vasioni;
3461 3064 3661 3123 ultimi-

2074 3176 2180 3233 que
2210 3161 2320 3218 duo
2347 3162 2438 3218 isti
2487 3163 2742 3234 leguntur
2770 3178 2998 3220 versus:

2142 3299 2383 3353 Abstulit
2408 3299 2546 3353 hunc
2577 3299 2728 3354 rebus
2756 3298 2961 3353 decimo
3002 3314 3145 3352 mors
3172 3296 3354 3351 invitia
3393 3296 3587 3360 lustro,

2146 3368 2394 3437 Namque
2420 3370 2683 3424 senatoris
2713 3370 2889 3439 posuit
2922 3378 3040 3438 post
3071 3368 3283 3439 cingula
3308 3369 3493 3422 vitam.

2074 3497 2279 3569 Nempe
2314 3513 2439 3553 cum
2471 3512 2500 3551 a
2529 3498 2751 3554 senibus
2781 3478 2981 3553 nomen
3013 3499 3143 3552 mite
3182 3507 3407 3552 senatus
3443 3496 3661 3560 habeat,

2075 3587 2217 3642 inter
2251 3586 2733 3658 quadragesimum
2798 3593 2853 3641 et
2899 3586 3413 3657 quinquagesimum
3454 3601 3658 3639 annum

2076 3691 2296 3735 senecta
2341 3679 2553 3733 videtur
2589 3678 2853 3749 incipere.
2884 3677 3040 3733 Plato
3075 3692 3271 3733 norem
3316 3677 3498 3748 posuit
3533 3688 3664 3732 tcta-

2076 3779 2159 3827 tes
2195 3766 2471 3839 hominis;
2500 3778 2697 3841 quarto
2723 3785 2868 3826 anno
2888 3770 3200 3839 infantiam,
3235 3770 3509 3827 ablactato
3540 3779 3665 3842 post

2075 3865 2395 3931 triennium,
3422 3922 3428 3928 .
3622 3858 3627 3863 ’

2150 3977 2441 4048 Materalit
2471 3993 2690 4048 puerum
2716 3977 2932 4031 trimum
2956 3977 3214 4047 trimoque
3236 3978 3517 4041 minorem,

2290 4047 2552 4119 Majorem
2581 4064 2699 4102 vero
2730 4064 2945 4119 pascere
2974 4048 3141 4116 patris
3179 4048 3302 4103 erit.

2080 4186 2118 4244 Ι.
2157 4185 2219 4241 ΙΙ
2246 4183 2497 4240 Hac/tab.
2532 4183 2698 4254 gloss.
2723 4185 2779 4239 in
2812 4200 2943 4239 mea:
2970 4185 3166 4240 litteris
3194 4185 3251 4240 2.
3281 4184 3532 4256 Gregorii
3565 4184 3660 4253 lx,

2077 4287 2234 4336 extra
2276 4278 2350 4334 De
2372 4294 2607 4333 conuers.
2630 4279 2785 4348 infid.
2812 4278 3039 4334 ascribit
3072 4278 3300 4334 decenni
3339 4278 3655 4349 pueritiam,

2077 4373 2263 4428 decem
2315 4380 2371 4426 et
2423 4380 2548 4426 octo
2607 4385 2783 4426 annos
2839 4380 2989 4436 nato,
3035 4370 3428 4427 adolescentuli
3462 4386 3661 4443 aevum,

399 4443 557 4511 Oase,
615 4462 732 4499 cum
764 4449 1144 4518 transferretur
1194 4453 1361 4506 alium
1386 4455 1439 4508 in
1471 4456 1663 4523 locum,
1697 4461 1971 4515 antevertit
2006 4446 2050 4502 Ῐ)
2080 4463 2505 4520 adolescentiam
2545 4465 2725 4534 agenti
2772 4464 2844 4520 25
2868 4480 3064 4530 annos,
3108 4464 3323 4521 ﬂorenti
3350 4465 3440 4531 '56,
3492 4466 3665 4520 crudo

393 4544 562 4589 morte
590 4550 907 4606 regressum,
955 4554 1044 4593 seu
1085 4531 1488 4601 re'voeationem.
1524 4544 1629 4601 Ista
1658 4560 1786 4604 sunt
1814 4551 1977 4607 verba

394 4627 666 4697 CaSsiani,
725 4633 925 4703 quibus
979 4636 1217 4693 dclincat
1269 4637 1645 4698 Thecuiticam
1684 4628 1975 4701 eremutn:

399 4721 653 4777 e'l‘hccue
679 4724 953 4780 desertum
988 4726 1041 4782 in
1072 4727 1377 4786 Palaestinae
1394 4733 1641 4802 partibus
1660 4736 1818 4806 juxta
1839 4738 1983 4794 The-

396 4825 497 4867 ctte
531 4814 712 4867 vicum
751 4815 838 4886 (an
871 4827 1141 4873 muratam
1176 4820 1471 4889 civitatem,
1507 4840 1670 4895 quam
1708 4828 1982 4883 exstruxit

396 4901 644 4960 Roboatn
691 4922 808 4970 rex,
845 4908 890 4962 ll
942 4907 1119 4966 Paral.
1169 4928 1244 4976 xt,
1286 4913 1339 4980 6,
1376 4919 1544 4972 Amos
1574 4919 1853 4989 prophetae
1882 4936 1980 4991 pa-

396 4994 584 5063 triam)
643 4996 886 5055 solitudo
938 5002 1248 5057 vastissima
1304 5013 1586 5076 estusque
1612 5009 1678 5063 ad
1718 5008 1977 5066 Arabiam

395 5094 450 5140 et
496 5101 646 5142 mare
697 5087 996 5157 Mortuum,
1040 5108 1151 5163 quo
1187 5094 1429 5164 ingressa
1460 5098 1721 5154 deficiunt
1777 5100 1979 5157 fluenta

394 5173 650 5233 Iordanis
697 5190 751 5235 et
781 5182 921 5236 alvei
951 5184 1040 5239 siti
1092 5185 1297 5240 faciunt
1334 5188 1518 5255 tinem,
1552 5199 1607 5243 et
1631 5191 1845 5247 cineres
1878 5191 1980 5247 So-

396 5270 708 5340 domorum,
742 5276 1080 5346 amplissima
1141 5281 1464 5336 extensione
1492 5293 1763 5351 porrecta.
1803 5284 1978 5356 Hujus

398 5363 711 5421 solitudinis
751 5370 957 5423 mentio
1002 5370 1060 5424 fit
1110 5369 1153 5423 ll
1200 5369 1382 5428 Paral.
1428 5389 1520 5439 xx,
1573 5374 1667 5440 20,
1701 5383 1755 5430 et
1788 5375 1829 5430 ll
1860 5377 1975 5432 Ma-

396 5455 563 5511 chab.
614 5472 689 5523 tx,
723 5459 905 5515 55.1n
948 5462 1046 5518 hac
1080 5478 1311 5519 summm
1356 5465 1481 5519 vitae
1530 5481 1594 5521 ac
1660 5469 1975 5526 sanctitatis

400 5549 502 5605 viri
534 5554 789 5607 monachi
814 5553 1125 5610 diutissime
1157 5566 1565 5613 commerentes
1595 5569 1819 5630 repente
1848 5571 1978 5619 sunt

400 5655 431 5696 a
460 5643 900 5704 discurrentibus
942 5648 1338 5707 Saracenorum
1366 5651 1691 5711 latrunculis
1721 5657 1978 5714 intercm-

401 5737 503 5807 pti,
551 5756 569 5791 ι
607 5749 712 5795 etc.
746 5741 848 5798 Sed
879 5741 1107 5800 inferius
1138 5743 1205 5801 de
1231 5744 1313 5801 his
1341 5760 1496 5818 agam
1528 5748 1797 5821 pluribus.

2080 4554 2198 4610 seni
2237 4555 2327 4621 55,
2378 4554 2497 4610 seni
2550 4556 2831 4626 sexaginta
2884 4555 3161 4625 quinque;
3198 4556 3491 4634 decrepito.
3515 4556 3665 4627 quod

2081 4655 2333 4716 superest
2362 4647 2519 4712 vitae,
2548 4654 2603 4700 et
2632 4647 2733 4700 ista
2760 4644 2927 4700 refert
2954 4644 3102 4702 Ellas
3129 4646 3406 4703 Cretensis
3449 4647 3504 4701 in
3539 4663 3667 4702 ora-

2085 4737 2234 4792 tione
2255 4736 2468 4792 decima
2499 4751 2644 4791 nona
2668 4736 2914 4809 Gregorii
2939 4736 3290 4805 Nazianzcni,
3322 4755 3377 4809 p.
3416 4740 3535 4805 159,
3570 4741 3665 4811 qui

2082 4828 2266 4883 addit:
2306 4845 2325 4879 ι
2347 4825 2613 4893 Quoniam
2640 4828 2804 4899 igitur
2831 4829 3249 4900 quadragesimo
3278 4843 3475 4903 quarto
3517 4849 3665 4889 anno

2080 4921 2415 4991 perlicimttr,
2475 4929 2530 4976 et
2582 4931 2770 4992 postea
2817 4923 3051 4979 deiicere
3132 4925 3427 4995 incipimus
3468 4926 3666 4981 merito

2081 5013 2247 5084 igitur
2278 5021 2493 5084 tempus
2523 5016 2668 5069 istud
2702 5015 2954 5070 humana:
2985 5027 3191 5072 natura:
3214 5018 3377 5072 vitam
3397 5034 3515 5075 esse
3531 5020 3664 5075 deli-

2078 5105 2270 5161 nivit.t
2298 5105 2534 5164 Sanctus
2560 5108 2921 5179 Augustinus,
2946 5112 3107 5182 epist.
3128 5112 3249 5178 HO,
3281 5114 3394 5168 lucc
3425 5129 3483 5170 se
3512 5114 3665 5171 locu-

2082 5207 2195 5254 tum
2231 5216 2353 5256 esse
2396 5202 2580 5266 refert,
2614 5220 2708 5259 sex
2742 5213 2932 5261 aetates
2968 5207 3207 5263 hominis
3264 5212 3659 5267 enumerando.

2086 5311 2104 5345 t
2135 5291 2524 5349 Verumtamen
2567 5295 2620 5350 in
2672 5296 2909 5352 infantia
2931 5309 3186 5369 speratur
3234 5301 3491 5370 pueritia,
3524 5312 3579 5359 et
3608 5309 3661 5360 ln

2080 5385 2312 5457 pueritia
2357 5398 2608 5456 speratur
2658 5389 3045 5458 adolescentia,
3090 5403 3143 5447 et
3184 5397 3238 5448 in
3295 5394 3663 5453 adolescentia

2081 5477 2622 5549 speratnrjuventus,
2649 5488 2703 5536 et
2730 5481 2785 5537 in
2813 5481 3096 5553 juventute
3127 5496 3379 5554 speratur
3399 5490 3659 5558 gravitas,

2084 5576 2137 5623 et
2164 5567 2218 5622 in
2244 5568 2511 5639 gravitate
2536 5578 2787 5640 speratur
2816 5582 3093 5641 senectus,
3134 5585 3238 5629 etc.
3258 5576 3540 5633 Senectus
3561 5595 3664 5634 an-

2084 5670 2193 5718 tem
2222 5660 2386 5717 aliam
2414 5669 2647 5731 aetatem,
2679 5680 2847 5735 quam
2892 5676 3090 5736 speret,
3125 5682 3233 5721 non
3269 5667 3453 5735 habet,
3492 5688 3513 5723 ι
3555 5678 3663 5724 etc.

2084 5753 2186 5812 Ubi
2214 5753 2496 5827 gravitatis
2522 5756 2750 5815 nomine
2778 5766 3059 5817 senectam
3089 5759 3339 5830 intelligit
3395 5769 3459 5816 et
3508 5772 3673 5815 sene-
