3898 6196
431 270 568 335 i395

1189 269 1336 328 JOS.
1377 268 1641 328 MARUE
1679 264 2035 340 SUARESII
2069 263 2301 325 LIBER
2339 261 2970 325 CHRONOLOGICUS

3549 261 3704 334 1595

426 384 593 455 ctutis
631 381 916 444 vocabulo,
953 379 1202 446 senium;
1234 395 1359 434 nam
1400 381 1493 450 qui
1547 381 1727 451 gravis
1781 379 2010 444 Latinis,
2040 381 2086 437 A
2114 393 2349 456 namque
2369 379 2621 450 utAgaso
2646 377 2888 444 narravit
2906 375 3029 431 Nilo
3044 374 3187 441 haud
3201 373 3392 450 procul
3416 373 3704 444 abElusa,

427 475 632 531 Graecis
674 472 984 542 πρεσϐύτης
1033 480 1293 537 vocatur;
1347 471 1438 542 qui
1478 487 1608 527 vero
1662 486 1852 536 senex,
1915 485 2008 525 seu

428 568 694 628 seminex,
716 563 964 635 γηραιός,
997 572 1055 618 ut
1082 564 1238 619 docet
1265 564 1404 619 idem
1436 572 1658 619 sanctus
1688 562 1742 618 in
1775 561 2009 616 Enarra-

427 660 575 710 tione
617 657 809 725 psalmi
855 657 1262 726 septuagesimi.
1304 673 1358 727 p.
1388 656 1514 722 276,
1549 656 1662 711 sive
1702 654 1859 726 quasi
1904 655 2008 725 γῆν

425 749 590 819 ὀρῶν,
625 750 705 804 vel
738 751 817 814 εἰς
845 749 951 820 γῆν
984 750 1144 821 ῥέων,
1177 759 1373 816 terram
1399 752 1680 822 aspiciens,
1707 761 1866 821 atque
1887 766 2008 806 cer-

427 857 570 896 nuus
598 883 611 907 ,
653 851 744 906 aut
769 841 824 894 in
862 828 1057 894 terram
1086 842 1276 911 ﬂuens.

497 931 684 1003 itaque
718 932 1005 1002 plusquam
1062 933 1557 1003 quadragenarium
1591 932 1771 1004 Nilum
1804 932 1998 1002 prafe-

429 1035 599 1081 etura>
659 1040 882 1080 munere
936 1023 1185 1079 functum
1219 1025 1477 1096 arbitror,
1507 1026 1621 1096 sive
1647 1024 2004 1095 quadraginta

425 1121 562 1170 duos
593 1132 767 1170 annos
805 1116 1069 1184 attigisse,
1100 1132 1222 1170 cum
1259 1117 1325 1171 ad
1382 1107 1702 1172 vicesimum
1751 1117 2001 1185 quintum

409 1195 598 1277 usque
629 1223 832 1261 annum
874 1223 1094 1277 operam
1130 1209 1368 1262 dedisset
1405 1208 1720 1264 liberalibus
1749 1208 2006 1278 'discipli-

425 1303 530 1364 nis,
565 1311 618 1355 et
660 1301 802 1367 juris
854 1301 1113 1365 scientiae,
1147 1302 1516 1356 adolescentes
1565 1303 1821 1355 nimirum
1882 1303 2004 1356 ideo

423 1379 932 1448 cxcusabanturah
961 1394 1280 1457 honoribus,
1313 1409 1486 1461 usque
1530 1393 1595 1447 ad
1629 1394 1780 1447 illum
1830 1395 2002 1449 atatis

423 1501 652 1547 annum,
683 1486 715 1537 I.
754 1501 792 1550 ι,
816 1484 876 1537 C.
897 1485 1172 1548 Quiwtate
1199 1501 1250 1536 se
1281 1494 1557 1540 excusant.
1581 1485 1675 1537 lib.
1697 1501 1751 1538 x.
1779 1484 1841 1538 C.
1877 1482 2001 1538 Jus-

426 1574 664 1627 tiniantei
702 1574 965 1641 ἐγκύκλια
990 1575 1324 1628 vocabantur
1349 1576 1644 1630 circularcs
1679 1577 1998 1646 disciplinae,

423 1664 800 1729 grammatica,
818 1664 1107 1727 rhetorica,
1123 1665 1425 1723 dialectica.
1446 1675 1559 1737 tum
1580 1666 1997 1721 mathematicae.

2125 470 2182 524 '0
2221 472 2352 534 παῖς
2391 471 2605 541 εἴρηται
2638 469 2737 538 μὲν
2775 469 2946 522 τελεῖν
2976 470 3034 536 ὲν
3057 465 3134 538 τῷ
3159 466 3417 538 ἱερατικῷ
3445 465 3707 536 τάγματι

2109 561 2208 625 τὰς
2224 561 2444 632 πρώτας
2460 562 2596 624 τέως
2612 559 2960 632 [ὑπηρεσίας]
2977 559 3086 612 τῶν
3109 559 3373 629 νεοχόρων
3390 559 3531 627 (lego
3553 575 3707 610 veco-

2109 653 2288 723 κόρων
2317 652 2766 722 πεπιστευμένος,
2804 651 2855 705 id
2898 658 2981 706 est
3008 665 3199 717 nempe
3227 649 3530 704 Theodulus
3573 661 3709 701 tuus

2107 743 2251 811 ﬁlius
2275 743 2472 796 dicitur
2497 743 2707 813 quidem
2735 741 3043 794 ministrare
3073 741 3127 794 in
3158 740 3340 793 ordine
3367 755 3539 800 sacro,
3575 755 3709 790 cum

2105 835 2209 902 ipsi
2271 834 2475 888 credita
2533 836 2642 888 sint
2689 834 2866 904 prima
2925 834 3108 886 munia
3177 833 3431 885 custodire
3485 831 3708 898 templi.

2106 923 2384 992 Νεωκόροι
2411 924 2553 996 apud
2588 923 2838 978 ethnicos
2885 921 3094 985 wditui,
3152 930 3244 974 aut
3294 921 3541 983 wditimi,
3597 922 3707 989 'qui

2105 1013 2300 1068 aedium
2354 997 2636 1068 sacrarum
2671 1027 2858 1068 curam
2892 1012 3172 1083 gerebant,
3218 1010 3483 1065 verrendo
3539 1011 3708 1073 illas,

2105 1106 2486 1176 expurgando,
2539 1113 2593 1160 et
2643 1104 2989 1160 cmundando
3018 1118 3082 1159 ac
3146 1103 3500 1167 exornando;
3567 1118 3707 1154 nam

2104 1199 2288 1267 κορεῖν
2338 1210 2443 1250 ηοη
2471 1204 2680 1250 tantum
2726 1194 2998 1265 signiﬁcat
3041 1207 3274 1257 verrere,
3310 1207 3373 1248 ac
3420 1193 3711 1247 mundare

2106 1289 2310 1354 scopis,
2346 1288 2485 1356 apud
2518 1287 2766 1352 Suidam,
2800 1286 3041 1341 Matthei
3070 1299 3168 1351 xu,
3200 1284 3361 1339 Luca:
3387 1299 3474 1347 xv,
3511 1285 3620 1338 sed
3653 1296 3708 1337 et

2103 1377 2408 1442 καλλύνειν,
2438 1377 2490 1432 id
2514 1387 2592 1431 est
2627 1392 2912 1439 exornare;
2952 1377 3057 1430 hoc
3098 1376 3318 1430 nomine
3347 1376 3710 1430 vocabantur

2103 1485 2132 1522 a
2171 1467 2416 1537 profanis
2442 1468 2520 1531 hi,
2571 1468 2772 1536 quibus
2806 1466 3114 1521 commissae
3145 1474 3300 1519 erant
3329 1467 3471 1520 aedes
3516 1466 3702 1520 etiam

2103 1577 2272 1615 sacrze
2299 1560 2366 1614 ab
2394 1559 2482 1614 his
2513 1559 2728 1622 habitae,
2758 1558 3152 1623 custodiendae;
3187 1566 3375 1612 auctor
3403 1567 3488 1612 est
3521 1558 3703 1612 scho-

2105 1652 2291 1707 liastes
2324 1651 2730 1720 Aristophanis.
2763 1649 3086 1704 Theocritus
3107 1650 3402 1720 νεωκορίαν
3434 1650 3702 1701 nominat

423 1727 543 1820 ipse
576 1751 751 1811 Nilus,
783 1754 941 1820 epist.
973 1754 1059 1818 l5,
1095 1753 1130 1806 l.
1152 1770 1228 1807 Ix.
1265 1727 1545 1809 Allatii'ad
1578 1757 1995 1826 Domninumju-

2107 1757 2310 1795 munus
2343 1741 2520 1810 ipsum
2557 1739 2764 1801 teditui,
2796 1747 2891 1792 aut
2924 1739 3170 1800 redit-imi,
3203 1740 3270 1793 de
3312 1756 3422 1808 quo
3456 1738 3699 1793 Servius

425 1843 654 1908 olorem,
671 1842 758 1894 ubi
779 1844 919 1897 male
935 1844 1070 1912 μετὰ
1089 1843 1232 1918 [τὴν]
1247 1846 1352 1896 τῶν
1381 1847 1682 1913 ἐγκυκλίων
1702 1847 2001 1913 παίδευσιν,

423 1937 518 2004 καὶ
538 1934 634 2004 τὴν
659 1935 765 1986 τῶν
796 1935 1270 2012 φιλοσοφουμένων
1313 1938 1638 2008 ὲκμάΘησιν,
1677 1940 1726 1994 id
1756 1953 1858 2006 est,
1881 1939 2004 1994 Post

423 2042 629 2079 emensa
664 2026 844 2080 studia
879 2027 1223 2080 rircularium
1267 2030 1694 2097 disciplinarum,
1749 2041 1798 2085 et
1830 2049 2003 2086 rerum

421 2117 904 2186 philosophicarum
954 2120 1277 2185 doctrinam,
1341 2121 1570 2174 vertitur
1622 2122 1998 2191 encycliorum.

422 2208 480 2270 ln
514 2207 634 2261 Vita
666 2207 839 2262 sancti
873 2206 1100 2263 Joannis
1145 2209 1372 2276 Climaci
1407 2211 1693 2281 disciplina
1729 2214 2002 2284 encyclica

422 2312 760 2352 memoratur
805 2309 857 2353 et
913 2300 1114 2354 dicitur
1162 2302 1286 2373 quis
1335 2302 1521 2356 orbem
1587 2303 1999 2374 disciplinarum

421 2391 726 2458 perlicere,
816 2405 878 2445 ac
935 2392 1456 2460 ὲγκυκλοπαιδείανο
1526 2382 1735 2470 ροεῑεει
1777 2398 1999 2452 trivium

421 2491 476 2536 et
510 2482 853 2552 quadrivium
905 2484 1335 2554 appellabantur.
1382 2483 1560 2539 Nilum
1608 2487 1729 2540 dein
1777 2505 1998 2543 uxorem

422 2571 650 2625 duxisse
673 2586 875 2626 censeo
900 2588 1043 2626 anno
1070 2576 1243 2628 :ctatis
1259 2576 1347 2638 50,
1369 2575 1626 2648 colligens
1651 2579 1853 2633 scilicet
1880 2581 2000 2648 plus

421 2661 606 2715 minus
623 2663 799 2730 ipsum
823 2663 990 2732 668
1009 2663 1188 2718 Nilum
1212 2666 1264 2717 in
1291 2666 1463 2720 lucem
1480 2668 1740 2736 prodiisse
1757 2669 1992 2724 an.C.N.

420 2753 546 2807 560.
581 2755 831 2823 Suscepit
854 2765 1032 2810 autem
1066 2757 1233 2810 lilium
1259 2758 1310 2811 in
1340 2759 1535 2828 primis
1560 2775 1589 2814 e
1619 2761 1845 2831 conjuge
1875 2778 1995 2825 sua,

421 2843 744 2910 gravissima
795 2853 850 2899 et
889 2846 1276 2902 honestissima
1335 2858 1604 2917 matrona,
1647 2861 1760 2906 tum
1807 2853 1993 2908 tiliam.

422 2930 612 2985 llonor
633 2932 968 3001 praefectura:
991 2945 1263 2990 maturam
1290 2949 1502 2994 aetatem
1531 2943 1865 3010 requirebat,
1897 2960 1997 2999 nec

2107 1829 2160 1880 in
2194 1827 2380 1898 Virgil.
2413 1827 2451 1880 Γ.
2479 1827 2603 1892 748,
2634 1827 2707 1881 illi
2737 1825 2997 1895 πυλωροὶ,
3029 1835 3082 1880 et
3107 1827 3478 1894 νεωφὺλακες.
3508 1827 3570 1880 id
3616 1837 3700 1880 est

2105 1919 2314 1972 ostiarii
2339 1958 2353 1976 .
2387 1917 2698 1984 templorum
2728 1915 2968 1974 custodes
2992 1932 3008 1981 ;
3034 1917 3104 1970 ita
3133 1923 3361 1970 testatur
3381 1916 3446 1970 Α.
3475 1916 3696 1970 Gellius

2105 2009 2197 2063 lib.
2228 2025 2304 2064 xu
2363 2008 2521 2061 Noct.
2561 2009 2782 2061 Atticar.
2819 2022 2871 2061 c.
2905 2006 3003 2071 l4;
3040 2017 3093 2061 et
3117 2008 3380 2078 θυρωροί,
3413 2009 3467 2062 id
3491 2018 3585 2063 est
3610 2010 3694 2078 ja-

2106 2102 2312 2156 nitores
2338 2101 2403 2154 ad
2431 2099 2755 2168 aperiendas
2805 2113 2860 2153 et
2885 2098 3217 2153 claudendas
3238 2099 3466 2168 januas,
3500 2111 3699 2169 porta-

2106 2193 2170 2247 rii
2193 2192 2552 2262 appellantur,
2584 2190 2651 2244 IV
2683 2189 2819 2260 Reg.
2853 2205 2949 2254 vn,
2983 2189 3084 2244 etl
3113 2187 3294 2244 Paral.
3325 2207 3401 2256 ιι,
3438 2207 3531 2246 xvt
3589 2193 3693 2256 ἃς

2104 2284 2232 2338 dicti
2279 2283 2519 2348 luerunt,
2557 2292 2611 2342 et
2657 2283 2946 2353 πρόπολοι,
2997 2283 3226 2338 deorum
3279 2284 3548 2349 cultores,
3600 2288 3692 2353 qui

2105 2373 2407 2436 tuebantur
2449 2373 2593 2427 azdes
2623 2387 2833 2438 sacras,
2870 2373 3125 2428 Tttrnebo
3152 2388 3204 2427 c.
3233 2373 3324 2435 2|,
3371 2373 3471 2427 lib.
3504 2391 3548 2436 ι,
3585 2373 3694 2430 Ad-

2103 2478 2330 2529 versar.,
2357 2463 2632 2534 Sophocli,
2682 2473 2734 2518 et
2757 2464 3104 2530 Aristophani
3137 2465 3192 2517 in
3221 2465 3514 2532 Νεφέλαις,
3550 2475 3612 2518 et
3641 2467 3691 2518 in

2104 2554 2344 2624 Πλούτῳ,
2377 2570 2441 2608 ac
2476 2553 2771 2619 Herodoto.
2817 2554 2994 2619 servi,
3026 2554 3216 2607 {amuli
3261 2556 3464 2624 templa
3497 2567 3690 2610 custo-

2102 2645 2330 2708 dientes,
2347 2645 2711 2706 imoancilla’,
2730 2661 2851 2714 quae
2865 2646 3175 2714 praecedunt
3199 2646 3356 2699 heras
3381 2664 3395 2711 ;
3421 2662 3690 2701 nummus

2105 2746 2283 2795 exstat
2309 2736 2569 2794 Gordiani
2601 2738 2666 2798 Α.
2699 2739 2754 2799 ὃ,
2787 2739 2876 2804 ubi
2903 2738 3100 2807 legitur
3132 2737 3435 2808 Σαρδιαὶων
3478 2739 3691 2791 νεωκό-

2101 2845 2212 2899 ρων
2241 2828 2381 2897 apud
2413 2827 2710 2898 Seguinum
2739 2843 2792 2896 p.
2819 2829 2911 2891 9.5,
2936 2828 3126 2882 Select.
3149 2831 3372 2894 numis.,
3395 2829 3451 2884 id
3468 2841 3556 2883 est
3583 2832 3689 2883 od—

2091 2922 2356 2990 jutorum,
2389 2930 2447 2976 ut
2473 2921 2562 2984 ille
2597 2919 2730 2986 vult,
2766 2930 2820 2975 et
2851 2936 3015 2988 penes
3040 2919 3336 2976 Occonem.
3371 2921 3688 2977 illustrissi-

421 3034 748 3094 pracmatura
782 3042 976 3082 venere
1009 3028 1350 3098 iuventutem
1385 3036 1632 3089 enervari
1687 3037 1995 3108 reipublica:

2100 3012 2759 3084 n1us$69Faleonerius
2791 3015 2843 3067 in
2873 3011 3027 3068 Notis
3049 3012 3115 3066 ad
3147 3013 3530 3082 inscriptiones
3547 3014 3686 3067 Ath-

418 3117 698 3172 intererat.
747 3116 1080 3175 Elliuxerant
1117 3131 1322 3189 autem,
1354 3140 1476 3179 cum
1507 3128 1710 3196 ingruit
1743 3131 1830 3184 illa
1877 3148 1998 3201 pro-

418 3207 554 3260 cella
605 3207 937 3264 incursionis
1001 3212 1245 3266 Arabicac
1275 3215 1377 3268 sub
1440 3214 1747 3272 Theodosio
1799 3223 1994 3275 minori

415 3299 684 3368 Augusto,
723 3303 852 3356 anni
909 3319 936 3360 a
987 3303 1204 3367 Christo
1238 3318 1364 3374 nato
1423 3308 1555 3376 410;
1597 3326 1724 3378 nam
1779 3314 1997 3380 quando

415 3387 570 3445 Nilus
607 3408 712 3447 una
740 3409 863 3447 cum
901 3395 1012 3449 tilio
1043 3395 1564 3470 Theodulo,quietis
1597 3413 1877 3473 appetens,
1910 3406 1996 3461 Si--

416 3497 594 3546 meum
635 3495 870 3550 montem
918 3487 1070 3551 adiit,
1117 3504 1294 3546 annus
1324 3507 1352 3544 a
1380 3491 1598 3556 Christo
1649 3507 1778 3558 nato
1815 3497 1995 3554 elabe-

418 3572 578 3627 batur
601 3574 735 3639 405,
771 3576 1209 3646 quinquennium
1247 3595 1441 3652 nempe
1489 3599 1664 3650 usque
1695 3585 1761 3639 ad
1789 3602 1992 3646 annum

413 3664 519 3728 410
550 3669 800 3729 transiit;
827 3671 1149 3740 numerabat
1177 3689 1304 3727 vero
1339 3684 1468 3729 tunc
1507 3675 1660 3731 Nilus
1682 3680 1856 3733 aetatis
1882 3697 1995 3742 sua:

415 3770 589 3812 annos
623 3759 1018 3832 quinquaginta
1055 3763 1174 3832 plus
1214 3766 1417 3820 minus.
1451 3765 1766 3825 Theodulus
1813 3781 1992 3828 autem

414 3847 772 3918 primigenios
806 3867 911 3905 non
965 3853 1138 3907 solum
1179 3858 1337 3910 annis
1375 3867 1494 3912 erat
1527 3874 1634 3912 non
1693 3859 1848 3915 facile
1889 3864 1990 3917 mi—

415 3954 518 3990 nor
555 3939 885 4008 quindecim,
922 3955 981 3998 ut
1010 3953 1166 4016 putat
1208 3945 1272 4000 Β.
1322 3945 1381 4000 Ρ.
1423 3946 1685 4002 Possinus
1731 3951 1782 4004 in
1835 3949 1989 4007 Notis

413 4028 480 4082 ad
510 4027 884 4097 Narrationes,
923 4051 1045 4106 pag.
1078 4036 1180 4091 167
1201 4079 1214 4100 ,
1247 4053 1354 4107 quo
1385 4049 1626 4112 tempore
1661 4041 1763 4096 fuit
1803 4059 1832 4097 a
1861 4043 1992 4099 Bar-

415 4120 562 4174 haris
594 4133 809 4192 captus,
841 4142 1029 4180 verum
1058 4129 1295 4183 adultam
1323 4132 1514 4201 agebat
1544 4143 1754 4188 aetatem
1785 4137 1991 4192 exactis

412 4211 794 4270 adolescentiae
821 4218 985 4272 annis
1023 4219 1110 4283 18,
1151 4223 1373 4290 etquod
1404 4225 1666 4291 excurrit,
1695 4241 1888 4297 nempe
1923 4230 1989 4284 ad

413 4300 561 4355 illius
590 4303 796 4357 exitum
827 4308 1174 4374 properabat,
1227 4313 1686 4380 quemadmodum
1716 4315 1873 4372 Nilus
1905 4317 1990 4372 in-

2099 3103 2313 3166 leticas,
2347 3120 2400 3171 ι).
2440 3103 2530 3168 tl'i,
2562 3103 2739 3172 arguit
2759 3101 3161 3171 £gium,quod
3191 3101 3327 3155 νέων
3345 3104 3685 3172 προστασίαν

2099 3193 2318 3250 verterit
2345 3191 2673 3260 templorum
2713 3190 3110 3260 praefecturam,
3160 3206 3255 3245 seu
3298 3193 3681 3260 praesulatum,

2100 3298 2196 3351 pro
2225 3281 2378 3344 νέων,
2425 3281 2476 3335 id
2524 3290 2629 3345 est,
2669 3281 2929 3350 juvenum
2970 3281 3296 3350 principatu,
3335 3284 3480 3351 quod
3535 3295 3686 3338 recte

2099 3373 2271 3444 liquet
2291 3388 2320 3427 e
2342 3387 2566 3434 nummo
2587 3370 2772 3426 Severi
2791 3373 2854 3427 A.
2877 3388 3038 3442 quem
3067 3387 3189 3427 mox
3211 3370 3435 3440 profert,
3467 3373 3563 3426 ubi
3599 3375 3681 3428 le-

2099 3465 2243 3534 gitur
2276 3463 2653 3532 Περγαμηνῶν
2689 3464 2969 3534 νεωκὸρων
3007 3462 3300 3531 ἐπιστάτης
3322 3477 3372 3529 p.
3409 3461 3480 3516 48
3518 3472 3578 3516 et
3618 3478 3684 3530 p-

2097 3557 2186 3620 57,
2224 3571 2275 3624 p.
2334 3556 2436 3610 105
2478 3564 2531 3609 ct
2557 3571 2612 3624 p.
2662 3554 2782 3620 Mt,
2817 3555 2907 3608 ubi
2959 3555 3143 3608 laudat
3185 3553 3379 3606 Alberti
3423 3552 3687 3606 Rubenii

2099 3646 2393 3710 Diatribam
2423 3647 2488 3702 de
2534 3648 2664 3710 Urb.
2697 3646 2975 3710 Neocoris,
3029 3645 3229 3706 iulium
3260 3642 3565 3702 Firmicutn
3600 3642 3684 3698 De

2096 3758 2272 3795 errore
2316 3742 2506 3810 profan
2578 3740 2728 3810 relig.
2759 3748 2814 3794 et
2861 3739 3122 3800 Actorum
3168 3737 3399 3810 apostol.
3449 3751 3500 3790 c.
3561 3752 3680 3796 xu,

2100 3831 2284 3898 ibique
2317 3829 2802 3900 'Ilieopliylactum,
2845 3830 2937 3899 qui
2971 3828 3239 3898 νεωκόρον
3284 3827 3679 3895 interpretatur

2097 3921 2418 3992 ἱερόδουλον.
2445 3922 2545 3974 Adi
2579 3931 2631 3978 et
2653 3919 3044 3991 Spanhentium
3065 3919 3276 3982 cursim
3303 3933 3399 3974 eos
3429 3932 3681 3978 comme-

2095 4022 2420 4078 morantem,
2453 4012 2647 4083 p.507,
2681 4012 2753 4066 De
2781 4013 3032 4078 nuntiam.

2165 4105 2260 4164 Est
2315 4106 2366 4157 in
2405 4103 2643 4166 Ecclesia
2692 4102 3007 4160 ostiariatus
3032 4103 3168 4168 ordo
3216 4101 3356 4170 apud
3423 4099 3678 4163 Latinos,

2093 4193 2252 4261 cuius
2279 4192 2332 4250 in
2363 4192 2598 4254 formula
2628 4208 2682 4264 p.
2723 4192 2784 4245 l6
2810 4191 3146 4256 Pontiliralis
3179 4189 3435 4256 Romani,
3467 4205 3682 4242 munus

2092 4283 2426 4354 designatur,
2457 4283 2739 4352 aperiendi
2785 4283 3162 4352 materialibus
3206 4282 3447 4336 clavibus
3490 4283 3681 4338 eccle—

410 4393 640 4448 choarat
668 4373 1201 4468 quinquagesimum.
1235 4373 1492 4461 lioratius
1517 4409 1761 4476 profecto
1789 4410 1992 4465 dulcis-
2025 4402 2066 4456 ί)
2097 4376 2233 4430 siam
2266 4384 2320 4431 ει
2348 4377 2574 4432 ostiario
2621 4376 2910 4476 multum?
2951 4376 3152 4440 claves’
3192 4391 3330 4445 quas
3358 4373 3495 4428 ind“
3534 4377 3681 4428 suis

410 4486 584 4542 simus
615 4498 771 4557 poeta
807 4492 1091 4560 pangebat,
1119 4494 1390 4565 integrum
1416 4511 1476 4552 se
1510 4499 1731 4555 laudare
1753 4501 1984 4558 formam

412 4575 755 4646 muliebrem,
787 4595 920 4634 cave
943 4581 1199 4651 inquiens
1225 4586 1497 4655 suspicari

692 4712 866 4784 Cujus
899 4725 1138 4776 octavum
1171 4718 1451 4784 trepidavit
1481 4730 1610 4774 artas

834 4783 1094 4840 Claudere
1129 4787 1388 4852 lustrum;

409 4931 554 4982 anno
583 4917 784 5000 quippe
805 4918 1222 4990 quadragesimo
1247 4932 1586 4988 constantem
1606 4935 1844 5001 aetatem,
1873 4927 1987 4988 sive

410 5023 628 5078 gravem
657 5009 966 5078 decurrere,
984 5011 1333 5083 juventae-que
1367 5015 1533 5070 robur
1563 5031 1781 5088 vergere
1817 5017 1987 5094 signi-

411 5101 596 5154 ticans.
620 5100 698 5152 Ad
725 5102 981 5171 oppidum
1008 5103 1204 5160 Sucam
1228 5105 1448 5174 quidem
1471 5121 1595 5168 cum
1616 5109 1987 5178 pervenissent

412 5185 656 5253 Barbari,
675 5185 766 5260 qui
790 5201 1006 5259 captum
1035 5190 1375 5260 'l‘heodulum
1410 5210 1604 5249 venum
1619 5187 1983 5268 exponebant,

409 5278 563 5346 isque
627 5279 942 5350 redemptus
997 5281 1138 5338 foret
1196 5286 1492 5356 aquodam
1527 5288 1752 5342 miserto
1814 5289 1987 5360 ipsius

409 5370 706 5435 mactandi,
739 5380 792 5424 et
826 5373 1201 5443 lacrymantis,
1236 5392 1537 5444 rursusque
1571 5380 1898 5446 divenditus,
1930 5383 1980 5438 in

408 5472 603 5512 manus
637 5461 834 5514 iterum
891 5467 1122 5521 ementis
1156 5466 1391 5540 episcopi
1427 5467 1603 5523 Elusae
1659 5472 1980 5532 transiisset.

409 5544 505 5599 llic
539 5552 786 5614 antistes,
819 5565 1030 5624 captus.
1065 5559 1320 5627 pra-clara
1347 5543 1468 5628 ejus
1501 5562 1697 5631 indole,
1717 5579 1779 5618 ac
1814 5565 1984 5634 pieta-

411 5647 515 5692 tem
569 5648 846 5706 eitpertus,
869 5644 1115 5701 adhibuit
1167 5664 1288 5703 eum
1345 5650 1603 5716 Ecclesia:
1649 5656 1978 5726 ministrum,

2096 4475 2397 4538 portarum,
2431 4483 2635 4539 easque
2664 4482 2792 4521 mox
2825 4469 3046 4530 obserat
3089 4478 3144 4521 et
3175 4477 3410 4530 reserat;
3440 4476 3681 4520 sanctus

2089 4557 2418 4618 Laurentius
2473 4561 2654 4624 levita,
2679 4575 2775 4614 seu
2800 4560 3061 4626 diaconus
3082 4559 3290 4629 gratias
3315 4559 3510 4627 agebat
3539 4557 3682 4622 Deo,

2089 4651 2218 4721 quia
2247 4652 2448 4722 januas
2481 4651 2601 4721 ejus
2643 4653 2849 4724 ingredi
2896 4661 3203 4721 meruerat;
3253 4651 3395 4720 apud
3445 4648 3683 4710 Grzrcos

2086 4746 2248 4806 etiam
2281 4745 2549 4799 exclamat
2569 4745 2832 4800 diaconus
2856 4744 3251 4816 Θΰρας,ούρας,
3270 4744 3321 4798 id
3343 4749 3449 4808 est,
3482 4753 3685 4810 portas

2087 4849 2291 4910 partes,
2323 4833 2586 4900 obseratis
2621 4835 2761 4898 illas,
2787 4849 2856 4900 ne
2878 4835 3000 4904 quis
3034 4834 3264 4888 inﬁdelis
3288 4836 3576 4898 introeat;
3615 4832 3683 4885 ιι.

2087 4925 2148 4982 Ρ.
2178 4925 2341 4987 Goar.
2383 4924 2501 4980 ord.
2541 4925 2717 4980 sancti
2749 4923 3018 4979 Dominici
3067 4924 3121 4992 in
3159 4921 3460 4992 Eucltolog.
3501 4924 3687 4977 variis

2088 5021 2411 5080 lectionibus
2434 5023 2680 5088 adnotat,
2701 5037 2756 5092 p.
2783 5022 2912 5083 258,
2961 5021 3367 5089 arbitraturqne
3418 5019 3683 5074 (ἴε-«κωκυ

2087 5111 2387 5184 Ecclesiam
2426 5111 2682 5180 habuisse
2709 5109 2992 5174 utol‘ticia,
3025 5110 3395 5171 ostiariatum,
3447 5110 3687 5164 exorci—

2086 5213 2312 5272 statum,
2337 5211 2390 5259 et
2414 5203 2802 5274 acolytbatum,
2831 5202 3170 5271 indicarique
3193 5217 3227 5264 a
3255 5210 3450 5264 sancto
3469 5199 3689 5271 Diony-

2085 5295 2169 5350 sio
2191 5295 2536 5366 Areopagita,
2565 5309 2614 5349 c.
2639 5295 2673 5348 3
2702 5293 2982 5356 llierqrclt.
3021 5293 3232 5360 eccles.,
3261 5301 3456 5346 sancto
3511 5292 3686 5361 lgna-

2081 5388 2162 5448 _tio
2197 5388 2250 5442 in
2282 5387 2517 5458 Epistula
2544 5387 2610 5442 ad
2643 5385 3000 5446 Antiochen.;
3032 5394 3088 5439 et
3135 5393 3328 5444 sancto
3359 5381 3688 5452 Epiphanio

2084 5481 2143 5534 ἐν
2169 5481 2417 5550 συντόμῳ
2443 5478 2633 5546 ἀληθεῖ
2659 5478 2802 5548 λόγῳ
2830 5494 2882 5547 p.
2912 5477 3037 5540 465,
3070 5477 3158 5532 ubi
3189 5485 3348 5529 vocat
3379 5474 3686 5545 Θυρῳροὶος

2083 5581 2137 5626 et
2167 5572 2352 5626 Patres
2368 5569 2582 5626 concilii
2610 5569 2925 5634 Laodiceni,
2944 5587 2991 5625 c.
3019 5570 3260 5634 H.6ess.
3283 5567 3367 5634 l5,
3386 5576 3684 5630 cantores,

2087 5680 2183 5722 seu
2213 5663 2527 5727 κανονικοὺς
2558 5662 2787 5734 ψάλτας,
2822 5679 2882 5718 ac
2917 5663 2984 5718 ab
3026 5661 3260 5718 Eusebio
3286 5663 3450 5716 etiam
3478 5661 3588 5715 lib.
3623 5679 3687 5718 vs
