3998 6214
348 338 474 405 139Ἱ
1668 346 1765 405 DE
1799 347 1923 409 VlT

2028 349 2067 408 Ξ.
2122 350 2288 411 NILI
2458 358 2465 366 ’
3460 346 3609 411 1398⁸Δ

347 456 487 512 Hist.
540 458 723 513 certes.
776 475 896 530 cap.
945 462 999 525 5,
1048 476 1102 531 p.
1132 460 1261 515 237.
1310 458 1529 515 Simcon
1564 458 1913 517 Thessaloni-
1942 472 1990 528 Α
2017 465 2109 520 bat
2143 479 2360 522 vertens
2414 466 2743 533 laborantes,
2784 482 2881 524 seu
2912 466 3335 536 sandOpilarios.
3381 463 3594 519 Κοπιά-
3656 542 3659 545 Α

345 550 521 607 censis
572 550 748 625 cilicia
808 560 1045 632 tantum.
1081 565 1358 622 nuncupat
1398 552 1622 627 exigens
1675 553 1917 624 χειροθε-
2018 574 2119 620 τας
2168 558 2364 613 scribit
2393 558 2447 612 in
2481 557 2814 628 Compendio
2835 567 3060 615 sanctus
3081 557 3417 628 Epiphanius
3453 557 3499 607 oi
3527 555 3594 608 τὰ

347 641 486 705 σίαν,
516 651 568 697 et
598 659 706 697 non
749 643 1108 714 χειροτονίαν,
1146 643 1239 698 ubi
1275 644 1409 715 εὐχὴ
1442 643 1714 714 λεγομένη
1756 645 1814 697 ὲν
1848 647 1915 715 τῇ

346 734 533 804 εἰσόδῳ
564 735 671 805 πρὸ
697 736 797 805 τῆς
818 718 1087 806 συνήθουζ
1112 736 1205 789 ἐπὶ
1230 736 1434 803 ἀνοίξει.
1456 734 1587 790 ναοῦ
1622 736 1680 789 ἐν
1712 729 1758 804 ᾧ
1792 753 1917 790 συν-

348 826 443 898 έσῃ
499 843 752 881 manuum
823 829 1175 896 positionem,
1233 838 1288 885 et
1350 845 1459 883 non
1529 828 1909 882 extensionem.

350 917 531 973 Oratio
586 919 807 973 dicenda
849 920 903 973 in
948 920 1185 988 ingressu
1238 928 1360 975 ante
1420 929 1747 985 consuetam,
1792 919 1918 972 dum

347 1012 582 1080 aperitur
618 1010 791 1081 jauua
835 1012 1040 1082 templi,
1072 1012 1252 1066 statim
1286 1028 1347 1065 ac
1380 1010 1544 1081 fuerit
1586 1027 1917 1083 congressus.

346 1101 503 1159 Putat
518 1101 664 1158 Goar
683 1103 737 1157 in
757 1102 981 1175 lectoris
1018 1104 1210 1159 ordine
1244 1104 1364 1159 illos
1388 1102 1611 1167 includi,
1636 1113 1689 1158 et
1713 1104 1815 1162 hos
1833 1118 1896 1160 or

345 1194 499 1249 diues
536 1195 694 1251 unica
736 1195 1111 1251 benedictione
1137 1195 1406 1265 conferri,
1447 1196 1701 1266 quamvis
1726 1202 1779 1250 et
1811 1196 1907 1250 fm-

348 1288 548 1341 mulam
580 1288 821 1365 deputati
887 1296 1051 1358 atque
1082 1287 1398 1343 ceroferarii
1432 1284 1745 1351 ordinandi,
1771 1286 1921 1342 dein-

348 1380 413 1433 de
466 1378 673 1433 inserat
711 1381 987 1436 diversam
1019 1380 1087 1435 ab
1137 1377 1489 1447 ἀναγνώστου
1530 1379 1649 1434 sive
1700 1378 1923 1434 lectoris

348 1481 442 1522 Seu
474 1469 712 1524 cantoris
740 1469 1006 1537 formula;
1028 1485 1269 1541 eamque
1295 1470 1605 1539 opinionem
1627 1469 1921 1534 Arcudius,

348 1560 439 1613 lib.
472 1576 522 1625 ιι,
559 1561 733 1617 fusius
758 1563 1032 1632 explanat,
1061 1562 1411 1619 diaconulum
1445 1564 1701 1619 lectorem
1738 1562 1924 1633 appel-

350 1648 515 1702 latum
564 1649 803 1714 addens;
856 1649 1046 1705 Billius
1082 1651 1138 1704 in
1182 1652 1433 1706 oratione
1483 1651 1695 1706 decima
1748 1650 1924 1705 sancti

346 1739 590 1810 Gregorii
617 1738 939 1795 Nazianzeni
963 1743 1191 1813 gradum
1216 1743 1436 1797 lectoris
1457 1751 1701 1798 recenset
1718 1758 1769 1811 p.
1789 1743 1923 1809 373;

2022 647 2249 718 σώματα
2280 648 2719 719 περιστέλλοντες
2753 650 2861 703 τῶν
2892 650 3269 721 κοιμωμένων,
3295 648 3386 719 qui
3412 662 3596 715 corpo-

2021 758 2081 799 ra
2110 742 2334 811 efferunt
2376 751 2704 795 mortuorum
2752 752 2995 797 curantes
3020 743 3300 807 cadauera,
3332 752 3596 808 terrmque

2020 835 2340 891 niandantes
2394 849 2424 887 e
2478 832 2786 889 Justiniano
2824 833 3031 887 Novell.
3058 834 3132 886 45
3161 841 3215 887 et
3275 833 3375 905 59;
3407 831 3593 900 Cujac.

2020 927 2108 979 ad.
2145 940 2193 980 c.
2230 924 2255 977 l
2293 935 2348 978 et
2390 923 2444 989 2,
2478 922 2553 978 De
2596 924 2688 977 vit.
2720 933 2768 976 et
2803 924 3008 979 honest.
3051 924 3395 989 clericorum,
3430 932 3485 975 et
3529 920 3596 975 ad

2021 1032 2070 1072 c.
2108 1016 2132 1068 l
2174 1014 2277 1081 Qui
2306 1015 2433 1071 cier.
2461 1014 2540 1071 vel
2574 1025 2774 1069 vovent.
2805 1014 3134 1086 Spondauus
3156 1017 3213 1079 in
3243 1014 3498 1086 Epitome
3532 1012 3600 1067 ad

2021 1124 2149 1163 .aun.
2191 1105 2391 1162 Christi
2422 1105 2513 1170 44,
2555 1115 2608 1162 et
2637 1105 2714 1159 De
2744 1115 2945 1167 cremet.
2974 1122 3114 1163 sacr.
3150 1105 3245 1160 lib.
3295 1121 3349 1171 v,
3383 1119 3501 1173 cap.
3541 1105 3594 1167 9,

2020 1207 2164 1276 yart.
2204 1216 2243 1257 ιι
2270 1218 2286 1270 ;
2318 1207 2541 1255 sanctus
2594 1198 2959 1270 Hieronymus
3008 1201 3083 1253 de
3120 1198 3348 1261 muliere
3401 1195 3600 1266 septies

2023 1294 2129 1347 icta
2175 1291 2403 1360 epistola
2440 1290 2511 1346 49
2537 1289 2606 1346 ad
2635 1290 2920 1347 Innoceut.
2950 1291 3006 1345 in
3037 1290 3159 1345 Act.
3194 1298 3378 1361 apost.
3416 1304 3466 1343 c.
3522 1302 3597 1351 ix,

2026 1385 2330 1462 imitatione
2384 1382 2603 1450 Tobiae;
2654 1383 2708 1438 in
2747 1381 2917 1437 Roma
2961 1384 3304 1437 subterranea
3345 1378 3516 1433 Maius
3548 1386 3603 1432 et

2024 1468 2336 1546 Calligonus
2369 1472 2608 1529 fossores
2638 1471 3013 1538 enuntiantur,
3057 1488 3123 1527 ex
3154 1470 3450 1541 epitaphio,
3478 1484 3599 1539 pag.

2026 1566 2130 1620 457
2180 1574 2233 1619 et
2274 1581 2329 1635 p.
2385 1565 2511 1619 59.9:
2563 1562 2839 1621 Trofimus
2871 1562 3049 1621 fossor
3083 1576 3207 1618 cum
3257 1560 3479 1630 bipalio,
3507 1572 3601 1613 seu

2028 1657 2206 1728 ligone
2241 1657 2483 1725 depictus
2512 1668 2618 1722 est,
2651 1663 2705 1709 ct
2733 1654 3031 1711 ascribitur
3068 1652 3251 1709 fossor
3298 1666 3396 1721 per
3434 1650 3606 1719 ὑπερ-

2028 1748 2235 1820 δασμὸν
2277 1748 2516 1818 trajectis
2566 1747 2787 1812 litteris,
2817 1746 2911 1800 tibi
2940 1743 3247 1801 Severanus
3276 1742 3425 1797 illum
3481 1754 3604 1799 cum

342 1832 590 1904 θυρωρὸς
618 1834 877 1890 ostiarius
909 1812 1106 1891 dicitur
1130 1835 1182 1888 in
1209 1834 1468 1904 Catalogo
1498 1833 1755 1890 Ecclesia:
1798 1833 1925 1890 ΟΠΞ·
1957 1812 1997 1865 Β
2028 1812 2326 1910 Trophimo
2355 1812 2574 1894 'Christi
2614 1836 2892 1917 discipulo
2927 1851 2991 1890 ex
3032 1834 3180 1891 Actis
3232 1831 3605 1905 apostolorum

348 1927 472 1990 ciat,
518 1937 570 1981 et
595 1926 861 1997 διαόάρης
888 1942 987 1982 seu
1016 1926 1277 1997 διαὸάτης
1310 1927 1363 1981 id
1394 1936 1481 1982 est
1510 1928 1794 1992 transiens,
1826 1941 1922 1980 seu

343 2018 615 2081 rircuitor,
640 2019 917 2088 lectorque
941 2018 1139 2072 minor.
1167 2019 1500 2090 Adiungitur
1527 2033 1556 2072 a
1578 2016 1776 2081 Goare,
1799 2032 1920 2088 pag.

346 2109 467 2176 MO,
484 2111 717 2165 formula
742 2111 1094 2166 hencdicendi
1114 2118 1485 2176 teconomum,
1505 2110 1558 2164 id
1572 2120 1655 2165 est
1677 2106 1926 2165 ecclesia:

343 2205 646 2270 custodem,
689 2219 785 2258 seu
832 2204 1129 2258 secundum
1156 2203 1469 2265 diaConum,
1499 2218 1552 2271 p.
1582 2201 1705 2255 140.
1753 2200 1925 2256 Exor-

346 2298 576 2351 cistatus
626 2295 760 2349 ordo
788 2310 881 2350 seu
904 2294 1145 2349 ofﬁcium
1190 2294 1335 2363 apud
1378 2292 1603 2349 Graecos
1639 2295 1926 2363 episcopos

347 2385 709 2440 committitur
729 2386 1095 2457 presbyteris;
1151 2385 1427 2449 teconomi
1466 2385 1648 2441 ofﬁcia
1675 2425 1689 2451 ,
1737 2401 1925 2441 sacro-

348 2489 581 2545 rumque
610 2491 867 2533 vasorum
918 2491 986 2534 ac
1025 2475 1274 2533 ecclesiae
1306 2476 1578 2558 custodis,
1623 2476 1924 2543 diaconuli,

240 2584 247 2587 ι
347 2582 445 2621 seu
493 2566 711 2623 diaconi
751 2568 997 2635 secundi,
1027 2582 1091 2623 ac
1121 2569 1371 2635 minoris,
1397 2579 1452 2625 et
1481 2569 1806 2624 ostiariatus
1836 2571 1925 2640 (ad

345 2672 507 2727 quem
533 2659 768 2729 pertinet
790 2659 880 2713 illa
903 2660 1189 2730 inscriptio
1212 2658 1431 2716 Crateri
1458 2675 1511 2731 p.
1540 2658 1665 2727 lOG,
1694 2676 1844 2715 num.
1869 2658 1923 2715 6;

350 2748 453 2802 llic
505 2749 725 2819 quiescit
781 2747 1032 2805 Ursatius
1077 2750 1353 2804 astuarias
1397 2762 1498 2819 pro
1546 2751 1789 2817 ostiario,
1822 2750 1927 2805 nisi

345 2838 635 2909 legendum
667 2840 738 2896 sit
766 2841 1094 2896 bustuarias.
1126 2840 1361 2912 Cyrillus
1389 2841 1444 2894 in
1465 2839 1689 2896 Lexico.
1719 2839 1929 2896 Visitur

342 2945 407 2985 ea
436 2933 718 3003 inscriptio
747 2933 987 2989 Treviris
1016 2933 1083 2988 ad
1125 2943 1377 2988 sanctum
1420 2932 1709 3004 Paulum);
1745 2935 1926 2989 conti-

345 3034 547 3080 nentur
588 3025 914 3090 emincnter,
961 3040 1026 3080 ac
1064 3024 1326 3094 implicite
1354 3025 1408 3079 in
1457 3025 1648 3082 ordine
1685 3022 1925 3092 lcetoris,

345 3117 461 3174 sive
505 3116 873 3187 ἀναγνώστου.
926 3115 1072 3173 Csar
1138 3117 1194 3173 in
1245 3117 1545 3190 Eucholog.
1600 3118 1711 3191 agit
1751 3127 1807 3175 et
1858 3117 1928 3172 de

346 3209 717 3281 κανδηλάπτῃ,
752 3226 844 3266 seu
873 3210 1039 3282 67o
1056 3225 1349 3267 accensore
1377 3225 1683 3278 cereorum,
1711 3222 1764 3267 et
1805 3210 1927 3266 Ἐκο

344 3296 684 3371 κλησιάρχῃ,
720 3299 815 3368 qui
849 3300 1225 3373 σημαντηρὶῳ,
1256 3300 1309 3355 id
1353 3307 1439 3355 est
1468 3299 1627 3371 signo
1658 3310 1929 3357 convocat

347 3390 606 3457 populum
649 3391 716 3445 ad
764 3391 1051 3446 ecclesiam
1095 3407 1126 3447 e
1179 3391 1398 3447 Iustino
1442 3392 1495 3446 in
1546 3392 1776 3463 Diataga
1806 3410 1927 3447 eam

350 3477 645 3550 Tryplioue,
696 3480 1031 3538 Tertulliano
1063 3481 1139 3537 De
1164 3498 1361 3536 corona
1387 3482 1596 3548 militis,
1623 3484 1678 3537 et
1700 3483 1770 3534 ad
1794 3482 1928 3538 Sca-

336 3576 546 3646 'pulant.

417 3745 613 3802 Lector
672 3747 741 3801 in
775 3747 985 3818 pulpito
1039 3747 1169 3818 legit
1211 3761 1295 3813 ea,
1350 3762 1474 3816 quae
1518 3749 1795 3819 praedicat,
1830 3766 1927 3806 seu

348 3839 605 3895 lecticaes
632 3855 843 3907 sacras,
876 3840 1217 3911 vet-bamque
1246 3840 1364 3903 Dei,
1395 3850 1452 3895 et
1515 3842 1772 3898 lectiones
1802 3858 1927 3899 eas-

346 3932 468 3985 dem
500 3938 703 3996 cantat,
731 3940 788 3984 et
818 3930 1090 3986 henedicit
1130 3945 1349 4001 panem,
1399 3940 1455 3985 et
1480 3946 1674 3987 omnes
1715 3932 1930 3990 fructus

346 4037 521 4077 novos
585 4036 617 4077 e
685 4019 989 4077 Pontificali
1044 4023 1329 4090 Romano;
1391 4023 1666 4093 quondam
1716 4026 1931 4094 legebat

347 4112 702 4184 Evangelium
738 4113 791 4166 in
824 4110 1010 4168 Africa
1043 4127 1111 4168 ex
1143 4112 1306 4182 epist.
1330 4114 1399 4169 35
1428 4124 1485 4170 et
1519 4114 1588 4169 54
1617 4117 1792 4172 sancti
1823 4117 1927 4189 Cy-

344 4207 545 4278 priani,
579 4214 638 4260 ut
671 4214 822 4262 notat
843 4205 1038 4276 Magri,
1079 4206 1171 4275 qui
1200 4204 1403 4262 Notitia
1430 4221 1531 4262 sua
1554 4208 1929 4265 ecclesiastica

344 4299 487 4355 falso
541 4300 674 4354 citat
718 4298 1013 4355 concilium
1068 4295 1391 4353 Toletanum
1444 4298 1717 4369 primum;
1750 4298 1807 4354 in
1864 4314 1931 4356 eo

345 4406 586 4462 namque
606 4391 942 4447 contrarium
969 4403 1093 4446 can.
1122 4390 1145 4444 l
1173 4397 1229 4443 et
1254 4390 1292 4443 ‘2
1310 4389 1578 4459 comperi,
1605 4389 1752 4442 λιτὸν
1778 4407 1929 4444 παπ-

1948 3160 2000 3219 C

2024 1948 2307 2004 perperam
2360 1932 2555 1986 miscet
2600 1931 2654 1985 in
2707 1927 2863 1985 Notis
2909 1926 3259 1997 l’urgationis
3309 1922 3605 1980 Caeciliani.

2024 2024 2185 2080 Gesta
2216 2032 2340 2094 post
2373 2021 2628 2093 Optatum
2654 2038 2704 2091 p.
2738 2021 2868 2085 266,
2892 2018 3134 2075 lossores
3180 2024 3524 2083 memorant;
3555 2023 3609 2068 et

2023 2132 2076 2186 p.
2130 2116 2229 2170 271
2287 2114 2645 2169 Saturninum
2712 2112 3002 2167 fossorem.
3065 2107 3124 2162 ιιι
3168 2108 3337 2162 Roma
3390 2121 3611 2179 quoque

1990 2266 1993 2267 ν
2022 2208 2388 2269 subterranea,
2417 2220 2470 2274 p.
2508 2202 2647 2267 408,
2679 2201 2967 2257 Celerinus
2992 2198 3131 2254 foss.
3162 2207 3217 2253 et
3245 2196 3348 2253 409
3381 2198 3612 2251 Anasta-

2025 2296 2141 2351 sius
2193 2306 2247 2349 et
2294 2293 2598 2348 Antiochus
2644 2289 2798 2354 foss.,
2858 2298 2992 2360 etp.
3026 2288 3131 2343 495
3168 2296 3220 2343 et
3266 2286 3371 2343 459
3402 2286 3608 2355 psaltae,

2026 2382 2645 2456 psalmicines,Sidonio,
2664 2381 2807 2436 unde
2824 2375 3470 2452 psalmistatusofﬁcium;
3485 2392 3608 2430 nam

2025 2478 2121 2548 qui
2155 2475 2503 2530 Christianos
2533 2472 2917 2536 inhumahant,
2949 2469 3016 2526 de
3061 2468 3349 2523 traditione
3366 2466 3610 2541 psalmos

2028 2566 2430 2631 concinebant;
2491 2572 2717 2620 sanctus
2765 2560 3131 2633 Hieronymus
3185 2559 3240 2614 in
3266 2556 3389 2612 Vita
3435 2556 3609 2613 sancti

2024 2655 2247 2711 Antonii
2278 2654 2614 2721 κοπιῶντας
2645 2662 2868 2709 sanctus
2895 2649 3608 2723 Epiphanius,Bcllarniin.,

2030 2758 2161 2803 tom.
2195 2746 2262 2814 ν,
2293 2747 2390 2802 lib.
2424 2763 2463 2813 ι,
2494 2762 2543 2802 c.
2571 2747 2623 2813 l,
2655 2753 2998 2801 controvers.
3030 2742 3119 2797 85.

2096 2838 2177 2895 Ad
2208 2838 2463 2893 ostiarios
2486 2835 2848 2900 redeundum,
2867 2816 3069 2905 quibus
3095 2830 3274 2887 claves
3306 2831 3610 2894 traduntur,

2028 2934 2123 3004 qui
2170 2932 2392 3002 pulsant
2421 2928 2728 3001 cymbalum
2776 2936 2832 2981 et
2873 2941 3215 2995 campanam,
3260 2934 3310 2979 et
3364 2923 3614 2995 aperiunt

2026 3022 2229 3078 librum
2264 3020 2313 3076 ei
2340 3021 2433 3092 qui
2462 3018 2747 3089 praedicat.
2783 3014 2825 3070 E
2865 3014 3192 3083 Pontifieali,
3228 3030 3346 3070 mos
3374 3024 3494 3070 erat
3520 3028 3613 3068 ec-

2031 3110 2370 3169 clesiasticus
2396 3107 2604 3163 circulo
2638 3094 2817 3161 claxes
2846 3105 3078 3176 appendi
3108 3112 3300 3161 sancto
3329 3102 3513 3174 Petro,
3547 3119 3612 3158 ex

2030 3203 2151 3274 ejus
2178 3198 2530 3271 imaginibus,
2564 3212 2703 3269 quas
2736 3196 2956 3253 exhibet
3002 3195 3359 3261 Alemannus,
3394 3193 3448 3248 in
3489 3192 3614 3248 Dis-

2028 3297 2314 3353 sertatione
2341 3292 2406 3347 de
2435 3291 2625 3361 pariet.
2652 3286 2990 3355 Lateraneu.,
3008 3298 3102 3344 aut
3122 3305 3151 3343 e
3172 3286 3390 3343 baltheo
3414 3285 3612 3342 summi

2028 3388 2380 3459 pontiﬁcis,ut
2394 3385 2448 3439 in
2465 3384 2581 3439 Vita
2596 3382 2874 3439 Paschalis
2888 3378 2951 3448 ll,
2967 3380 3155 3436 codice
3173 3378 3435 3437 Vaticano
3449 3376 3609 3440 5622.

2027 3480 2187 3557 671
2226 3478 2412 3532 Romre
2444 3476 2673 3531 celebris
2700 3475 2933 3544 scriptor
2960 3475 3097 3528 Vita:
3134 3473 3343 3542 aliquot
3394 3471 3614 3543 pontifi-

2030 3588 2154 3627 cum
2182 3567 2540 3638 Pandulphus
2568 3566 2832 3622 ostiarius
2858 3565 2951 3634 qui
2977 3576 3091 3619 erat
3123 3564 3321 3619 saeculo
3353 3578 3447 3616 xu.
3482 3560 3615 3615 Fac-

2030 3672 2159 3718 runt
2208 3662 2338 3717 olim
2406 3662 2613 3719 circum
2693 3672 2877 3712 arcam
2934 3665 2988 3711 et
3044 3657 3304 3727 templum
3358 3648 3613 3720 ostiarii,

2028 3755 2050 3811 Ι
2088 3755 2265 3811 Paral.
2301 3769 2410 3818 im,
2436 3752 2567 3806 dicti
2600 3749 2865 3823 ianitores
2892 3765 2922 3803 a
2948 3747 3154 3820 januis,
3188 3746 3456 3817 portariia
3484 3761 3614 3816 por-

2031 3848 2120 3914 tis,
2154 3845 2362 3901 Ostiarii
2394 3844 2462 3898 ab
2494 3840 2884 3898 ostiislParal.
2913 3856 2987 3907 ut,
3018 3836 3122 3906 Ἦ,
3160 3837 3363 3894 lEsdr.
3398 3853 3481 3899 tu.
3511 3837 3611 3901 24,

2034 3940 2113 3995 Ad
2157 3938 2347 3993 limina
2392 3936 2489 4007 ﬁdi
2519 3934 2777 3992 Custodes
2819 3933 3004 4004 Virgil.
3046 3932 3083 3987 l.
3114 3948 3237 3987 xxvr
3280 3930 3309 4004 δ
3358 3932 3408 3986 l.
3449 3928 3517 3982 D.
3549 3933 3613 3983 de

2030 4049 2157 4086 ann.
2188 4031 2373 4101 legatis
2416 4038 2466 4082 et
2500 4026 2527 4098 §
2557 4026 2653 4081 Est
2678 4035 2852 4080 autent
2883 4025 3115 4078 institut.
3167 4022 3231 4077 de
3268 4020 3516 4076 actionib.
3560 4038 3608 4075 c.

2031 4123 2287 4187 Clericos,
2314 4123 2378 4177 2|
2417 4121 2574 4186 dist.;
2602 4134 2667 4174 ex
2709 4115 2916 4173 Isidoro
2942 4114 3221 4185 llispalen.
3253 4130 3302 4169 c.
3343 4112 3611 4170 Ostiarius

2030 4215 2101 4271 23
2128 4215 2323 4270 dist.c.
2355 4209 2627 4276 Pet-lectis,
2654 4210 2726 4265 25
2756 4209 2886 4264 dist.
2922 4207 3013 4263 ubi
3040 4208 3105 4263 dc
3134 4205 3485 4270 basilicariis,
3515 4205 3611 4259 ha-

2031 4305 2313 4361 silicarum
2354 4298 2623 4363 ostiariis,
2657 4298 2802 4359 etde
2829 4295 3237 4360 matriculariis,
3270 4294 3435 4366 vulgo
3470 4311 3612 4348 mar-

2031 4396 2273 4469 gaittiers
2304 4410 2334 4448 a
2363 4391 2653 4448 matricula
2682 4388 2796 4447 sive
2827 4390 2971 4457 albo,
3004 4389 3059 4443 in
3094 4402 3203 4458 quo
3224 4385 3611 4443 describeban-

344 4484 456 4537 πᾶν
512 4499 543 4538 e
598 4484 921 4538 Balsamone
974 4481 1301 4552 appellatum
1362 4480 1632 4548 allii-mat;
1705 4481 1920 4537 ostiarii

2028 4503 2137 4557 tur,
2196 4489 2320 4543 licet
2362 4486 2453 4540 alii
2484 4484 2758 4543 deducant
2797 4499 2829 4537 a
2855 4483 3119 4548 marculo,
3150 4480 3296 4553 quod
3340 4494 3456 4543 eos,
3514 4479 3610 4549 qui

346 4591 552 4632 munus
596 4575 761 4631 tradit
820 4574 1063 4630 lsidorus
1108 4572 1446 4644 Ilispalensis
1490 4573 1545 4627 in
1578 4572 1806 4643 epistola
1853 4574 1921 4629 ad

270 4710 285 4721 .
344 4666 702 4724 Lanfredum.
737 4667 1046 4724 Cardinalis
1092 4668 1361 4723 Baronius
1390 4666 1511 4723 fuse
1544 4668 1612 4723 de
1659 4668 1921 4735 ostiariis,

334 4769 399 4815 et
429 4761 727 4837 lectoribus
760 4763 826 4815 ad
857 4777 1063 4815 annum
1094 4760 1300 4816 Christi
1332 4760 1422 4827 44,
1458 4776 1513 4832 p.
1552 4763 1640 4825 77,
1672 4780 1726 4816 ιι.
1774 4764 1840 4818 15
1870 4773 1927 4819 ct

343 4852 591 4919 3i,"ubi
648 4854 715 4908 de
760 4850 957 4909 ofﬁciis
1008 4861 1294 4907 cantorum
1340 4864 1396 4908 et
1440 4852 1804 4908 laborantium
1858 4869 1925 4908 ex

342 4945 577 5015 epistola
635 4945 810 5001 sancti
867 4945 1061 5017 lgnatii
1109 4945 1174 5000 ad
1203 4945 1587 5017 Polycarpum,
1636 4954 1691 5001 et
1735 4955 1926 5002 sancto

347 5036 677 5107 Epiphanio,
741 5036 835 5107 qui
872 5036 1101 5107 copiata:
1131 5045 1186 5093 et
1215 5035 1453 5103 fossarii,
1486 5036 1662 5107 deque
1697 5037 1925 5093 notariis

342 5136 398 5181 et
431 5127 831 5197 defensoribus,
870 5143 935 5184 ac
972 5129 1293 5199 psalmistis,
1333 5128 1409 5183 uti
1455 5126 1678 5193 Hallier,
1730 5145 1784 5199 p.
1822 5127 1926 5184 369

343 5228 403 5275 et
437 5220 565 5275 57$.
600 5219 834 5277 Sanctus
864 5219 1249 5293 Hieronymus,
1303 5222 1419 5277 sive
1448 5222 1575 5291 quis
1608 5220 1750 5276 alius
1780 5220 1924 5275 inter

341 5312 467 5384 ejus
525 5330 689 5384 opera
736 5313 989 5385 Epistolas
1064 5316 1131 5370 ad
1184 5315 1472 5373 Rusticum
1518 5312 1926 5371 Narbonensem

343 5415 561 5472 auctor,
582 5406 649 5461 de
670 5417 876 5476 septem
895 5406 1175 5477 gradibus,
1193 5408 1429 5478 primum
1446 5407 1689 5463 ecclesia:
1705 5407 1929 5463 clerico-

344 5512 468 5576 rum
494 5498 741 5554 ordinem
773 5499 967 5554 statuit
999 5498 1381 5566 fossariorum,
1415 5499 1715 5554 secundum
1759 5500 1930 5554 ostia-

344 5588 556 5645 riorum
578 5609 592 5658 ;
616 5606 724 5646 non
756 5599 1084 5647 sunttamen
1118 5591 1229 5646 ullo
1256 5591 1498 5662 insignes
1531 5591 1722 5646 Ordine
1751 5590 1928 5647 fosso-

346 5697 439 5738 rcs
488 5684 744 5737 κοπιάται
793 5692 985 5740 sancto
1025 5681 1234 5753 lgnatio
1274 5683 1328 5736 in
1381 5682 1610 5751 epistola
1637 5683 1702 5737 ad
1734 5681 1927 5737 Antio-

340 5775 584 5842 chcuos,
621 5791 782 5847 quam
814 5776 989 5846 reiicit
1034 5775 1285 5842 Vossius,
1320 5785 1373 5832 at
1402 5774 1682 5832 Mcstrmus
1730 5790 1925 5845 appro-

2026 4580 2270 4638 tnarculo
2320 4577 2467 4633 fores
2518 4576 2828 4647 pulsabant,
2874 4574 3250 4630 observarent.
3297 4570 3522 4636 Lucius,
3555 4573 3608 4624 in

2025 4675 2220 4730 Placit.
2256 4672 2456 4737 Curia’,
2509 4670 2602 4725 lib.
2640 4685 2681 4733 ι,
2711 4671 2799 4723 ιιι.
2834 4666 2870 4723 5
2897 4676 2952 4723 et
2980 4666 3045 4733 6;
3096 4664 3317 4721 Colvius
3342 4664 3397 4719 in
3450 4659 3609 4718 Notis

2028 4765 2097 4819 ad
2128 4763 2318 4821 Sidon.

2099 4855 2267 4911 Erant
2299 4852 2510 4909 ostiarii
2548 4847 2786 4921 profani,
2831 4854 2885 4903 et
2912 4845 3148 4904 ostiaria:
3169 4842 3214 4901 ll
3242 4842 3464 4914 Κρέων,
3482 4840 3605 4896 etin

2028 4946 2205 5004 sancti
2232 4943 2460 5001 Joannis
2497 4942 2788 5011 Evangelio
2821 4954 2872 4994 c.
2906 4956 2942 4995 ι
2971 4945 3025 4994 et
3052 4952 3211 5002 xvm,
3246 4933 3386 5006 apud
3420 4932 3605 4990 Gallos

2029 5039 2344 5104 Huissiers;
2376 5037 2445 5092 de
2469 5036 2581 5091 illis
2632 5032 3021 5105 Rochellavyn.
3054 5030 3089 5085 ι.
3119 5046 3158 5085 ιι
3191 5027 3432 5083 Iustitut.
3469 5025 3608 5081 Par-

2030 5131 2249 5186 lament.
2288 5146 2411 5200 cap.
2446 5127 2535 5196 16,
2568 5144 2715 5181 nunt.
2748 5126 2837 5180 22.
2869 5124 2945 5181 De
2972 5122 3189 5179 aedituis
3218 5129 3400 5177 autem
3431 5118 3606 5175 Varro

2028 5223 2126 5278 lib.
2167 5239 2221 5277 γι
2256 5221 2328 5276 De
2350 5221 2479 5293 ting.
2522 5219 2643 5275 Lat.
2680 5227 2735 5275 et
2774 5218 2872 5274 lib.
2912 5232 3010 5283 vn,
3049 5230 3171 5271 cum
3218 5212 3440 5284 Iosephi
3472 5211 3605 5267 Sca-

2028 5316 2186 5387 ligeri
2223 5312 2626 5385 Coniectaneis,
2666 5308 2814 5366 Fest.
2844 5310 2899 5365 in
2927 5308 2995 5365 ν.
3028 5305 3285 5363 ιΕάὲιιιιιε
3321 5312 3370 5359 et
3400 5301 3604 5358 diditi-

2029 5424 2170 5463 mus.
2225 5407 2576 5478 Anagnostte,
2623 5419 2722 5479 seu
2753 5402 2984 5473 lectores
3030 5398 3383 5456 continebant
3429 5393 3603 5449 cilicia

2027 5515 2197 5572 penes
2229 5498 2470 5567 Graecos,
2520 5498 2716 5553 horum
2749 5495 3018 5561 omnium,
3052 5501 3111 5547 ut
3147 5489 3345 5560 saepius
3391 5486 3602 5559 repetii.

2029 5591 2349 5657 officiorum,
2385 5606 2480 5647 seu
2526 5590 2709 5662 potius
2746 5587 3002 5646 ordinum
3038 5584 3315 5639 minorum
3350 5578 3605 5635 ostiaria-

2031 5695 2141 5747 tus,
2174 5694 2226 5738 et
2266 5684 2656 5747 exoreistatus,
2692 5696 2803 5753 quo
2833 5677 3138 5750 expellendi
3167 5675 3467 5738 dtemonas,
3502 5671 3605 5726 im-

2030 5776 2373 5846 mundosth
2418 5776 2643 5846 spiritus
2687 5792 2717 5829 a
2757 5771 3079 5842 corporibus
3110 5766 3353 5825 obsessis
3378 5764 3609 5820 dabatur
