3998 6214
482 250 616 317 1399
1178 255 1327 317 JOS.
1366 256 1632 317 ΜοὶΒΙἉΕ
1672 260 2029 322 SUARESII
2070 254 2303 328 LIBER
2345 266 2983 330 CIIRONOLOGICUS
3603 269 3738 334 1400

479 375 718 439 ῐδοίεείίιε
765 366 851 421 his
902 367 994 438 qni
1041 382 1108 423 θο
1160 370 1540 429 ίηῖιίθυθηιυνο
1583 375 1882 431 ﬂoreis”?
1930 379 2054 447 φεί-
2084 389 2126 443 Α
2156 383 2416 454 epiStolas
2448 400 2578 440 suas
2602 385 2667 439 ad
2699 383 3075 447 Colossenses,
3107 390 3160 437 et
3188 380 3256 436 ad
3280 381 3744 439 Thessalonicen-

478 458 600 511 dem
635 472 666 510 a
697 454 906 511 Latinis
947 456 1258 525 adjurantcs
1296 462 1472 516 vocali
1526 474 1676 529 sunt,
1712 468 1843 536 quia
1890 484 2056 541 super

477 549 925 614 catechumenos,
954 551 1046 619 qui
1077 551 1341 620 baptizati
1373 564 1550 620 erant,
1582 558 1667 611 vel
1700 574 1865 629 super
1889 574 2055 615 cncr-

477 655 762 713 gumenos,
794 642 886 710 qui
913 643 1255 698 vexabantur
1282 661 1313 700 a
1336 646 1695 716 ilaamonibus,
1726 650 2056 723 invocabant

479 747 676 788 nomen
708 733 923 788 Domini
953 732 1107 800 Jcsu,
1143 746 1203 791 ut
1230 738 1299 792 ab
1330 738 1415 795 his
1444 742 1855 812 egrederentur.
1893 744 2056 801 Isido-

477 837 595 887 rus,
627 837 677 878 c.
709 823 796 888 l2,
828 822 926 878 lib.
963 841 1038 880 vn
1084 823 1388 899 Etymolog.
1428 845 1478 885 c.
1531 830 1787 899 Clericos,
1820 835 1882 889 2f
1920 836 2050 893 dist.

480 912 735 968 Formula
798 914 1062 971 solemnis
1143 931 1251 986 qua
1312 921 1599 976 cxorcistm
1659 924 2057 981 ordinabantur

475 1011 654 1057 exstat
680 1004 736 1058 in
776 1019 826 1059 c.
856 1003 1159 1073 Exorcista,
1194 1009 1392 1065 ibidem
1420 1030 1436 1079 ;
1470 1012 1729 1071 Salomon
1759 1019 2051 1087 quemdam

478 1094 701 1149 modum
753 1095 1100 1151 exorcizandi
1134 1097 1435 1167 adinvenit,
1466 1104 1902 1179 conjurahatqne
1940 1108 2054 1163 da:-

479 1199 672 1240 monas
705 1186 798 1241 illo
833 1197 1029 1253 utens;
1068 1187 1266 1244 Zonar.
1304 1199 1437 1247 tom.
1471 1192 1513 1259 l,
1555 1193 1651 1249 fol.
1681 1196 1772 1263 ει,
1803 1199 2053 1269 Χρονικ..

481 1274 571 1329 ιιιιί
622 1275 690 1331 de
719 1280 924 1332 annulo
958 1278 1201 1334 Eleazari
1239 1296 1271 1337 e
1317 1281 1576 1354 Josepho,
1609 1288 1789 1359 Αηιὶᾳ.
1824 1287 2052 1345 Judaic.

479 1365 574 1419 lib.
637 1380 755 1432 νιιι,
810 1383 931 1438 cap.
964 1368 1020 1435 ἓ,
1072 1371 1165 1439 qni
1208 1371 1276 1427 de
1320 1374 1436 1441 ipso
1486 1378 1834 1435 exorcizante
1868 1396 2053 1438 coram

479 1455 862 1527 Vespasiano,
925 1459 1153 1532 ejusque
1201 1462 1348 1520 ﬁliis.
1410 1465 1481 1520 At
1543 1483 1664 1539 cap.
1727 1486 1820 1525 XIX
1864 1473 2053 1529 Actor.

482 1549 692 1603 mentio
722 1550 781 1603 tit
807 1552 1263 1607 circumeuntium
1294 1553 1605 1612 Jndzeornm
1630 1562 2049 1630 exorcistarum,

481 1640 577 1709 qui
616 1649 772 1694 erant
807 1651 1016 1711 septem
1069 1645 1164 1699 lilii
1198 1644 1381 1702 Scevre
1408 1649 1667 1721 principis
1687 1653 2057 1723 sacerdotum,

482 1740 538 1784 et
562 1730 889 1834 invocarunt
905 1749 1071 1834 suPer
1086 1750 1184 1791 eos
1208 1738 1301 1807 qui
1322 1739 1591 1795 habebant
1617 1743 1841 1813 spiritus
1865 1747 2059 1813 malos,
2090 1758 2132 1812 Β
2161 1767 2221 1821 2i
2254 1785 2268 1834 ς

484 1836 682 1885 nomen
719 1822 935 1879 Domini
965 1824 1116 1894 .lesu,
1153 1834 1426 1885 tentantes
1458 1832 1732 1902 adjurarxe,
1771 1837 1865 1891 sed
1899 1840 2057 1894 irrito

479 1922 703 1979 conatu,
757 1932 809 1971 ν.
858 1915 930 1971 23
968 1928 1021 1974 et
1050 1922 1426 1991 sequentibus.
1466 1923 1519 1978 ln
1562 1926 1838 1997 baptismo
1871 1939 2055 1985 autem

478 2007 821 2063 cxorcismus
873 2008 1053 2077 fiebat,
1092 2027 1217 2067 cum
1249 2029 1448 2084 magno
1474 2016 1863 2087 jurejurando,
1902 2021 2059 2091 jura-

482 2099 680 2154 bantin
701 2114 898 2156 nomen
934 2102 1142 2158 Christi
1163 2107 1639 2175 catechumeni,et
1669 2111 2060 2167 exsuﬂlahatur

485 2192 721 2257 daemon,
749 2191 1241 2266 imponebaturque
1262 2213 1459 2253 manus
1498 2214 1527 2253 a
1575 2202 1909 2272 presbytero,
1946 2205 2060 2259 uti

481 2281 610 2337 dist.
630 2283 794 2353 gloss.
825 2283 878 2338 in
897 2300 947 2340 c.
969 2284 1231 2355 Pervenit,
1254 2289 1342 2355 50,
1364 2306 1419 2360 q.
1441 2292 1494 2346 l.
1512 2290 1766 2364 Polydor.
1807 2293 2059 2366 Virgilius

480 2388 529 2427 c.
556 2374 590 2427 4
618 2383 671 2429 et
719 2373 773 2439 5,
814 2374 907 2431 lib.
965 2391 1017 2430 tv
1053 2376 1129 2431 De
1171 2379 1428 2433 inventor.
1498 2397 1708 2448 rerum;
1766 2382 1959 2453 Cujac.
1990 2386 2057 2439 ad

480 2482 530 2522 c.
563 2466 596 2520 5
622 2466 699 2523 De
723 2477 931 2539 cognat.
960 2469 1232 2536 spiritual.
1267 2470 1437 2527 llndie
1473 2489 1601 2529 vero
1630 2474 1971 2539 catcchismi,
2005 2488 2058 2531 et

486 2560 780 2625 exorcismi
808 2563 1080 2620 solemnes
1107 2574 1237 2626 sunt
1263 2566 1531 2647 baptismo
1552 2570 1928 2641 conjuncti,_et
1944 2581 2058 2625 sta-

481 2653 577 2710 tim
606 2669 671 2709 ac
697 2655 828 2709 editi
850 2671 1046 2713 sumus
1080 2658 1131 2713 in
1152 2659 1352 2722 lucem.
1385 2670 1480 2715 aut
1511 2672 1633 2733 post
1663 2663 1909 2720 triduum
1947 2665 2059 2720 sal-

480 2755 612 2809 tem,
637 2747 927 2803 adhibetur
944 2759 1258 2823 utrumque,
1285 2754 1413 2809 dum
1438 2756 1611 2811 sacris
1636 2756 1898 2828 tingimur
1920 2757 2058 2828 lym-

480 2839 854 2915 phis;Franc.
888 2841 1139 2898 Connan.
1176 2846 1270 2901 lib.
1309 2863 1405 2902 vm
1427 2847 1925 2904 Commentar.Jur.
1952 2866 2001 2905 c.
2030 2849 2059 2903 5

483 2946 540 2984 ιι.
570 2931 623 2988 2.
658 2932 1037 2990 Atcxorcismi
1087 2952 1585 3005 cnergumnnorum
1631 2940 1861 2994 formula
1883 2948 2062 2999 exstat

480 3023 534 3087 in
594 3022 796 3079 Rituali
860 3025 1109 3082 Romano
1163 3029 1231 3084 ad
1284 3029 1513 3085 calcem.
1570 3030 2061 3093 Eminentissimus

478 3132 700 3192 quoque
744 3120 1043 3187 cardinalis
1077 3122 1248 3189 Bona,
1275 3122 1701 3195 sapientissime,
1734 3138 1798 3181 ac
1820 3124 2057 3195 pruden-
2084 3107 2126 3164 ο

478 3210 690 3277 tissime
705 3211 945 3279 disserit,
977 3213 1043 3267 de
1076 3212 1296 3279 indiciis
1346 3226 1508 3284 atque
1534 3215 1710 3286 signis
1738 3230 2059 3286 energume-

478 3318 696 3366 norum,
725 3304 791 3359 de
822 3304 1154 3361 discretione
1171 3304 1461 3375 spirituum
1483 3306 1580 3362 lib.
1610 3308 1941 3377 Aureo,cap.
1971 3307 2057 3370 ll,

480 3410 633 3447 num.
673 3395 771 3462 i4;
810 3392 1029 3466 Ulpian.
1064 3395 1116 3449 in
1160 3395 1197 3459 Ι,
1230 3411 1268 3460 ι,
1311 3394 1377 3450 ι),
1407 3396 1472 3452 de
1499 3414 1614 3452 var.
1651 3407 1699 3452 ct
1724 3398 2056 3457 extraordin.

480 3488 654 3559 cognit
679 3505 692 3542 :
731 3506 749 3538 ι
771 3488 826 3541 Si
854 3487 1171 3557 incanlavit,
1200 3488 1243 3543 si
1273 3488 1605 3560 imprecatus
1634 3501 1735 3558 est,
1765 3490 1834 3555 si,
1867 3500 1929 3547 ut
1952 3491 2061 3544 vul-

483 3578 600 3648 gari
833 3578 1214 3649 impositorum
1233 3582 1699 3657 (itanuncupabat
1722 3581 2059 3651 Cbistianos)

480 3658 665 3738 verbo~
694 3658 820 3722 utar
876 3669 1244 3737 exorcizavit;
1283 3690 1301 3733 ι
1333 3681 1450 3725 i-rat
1504 3670 1769 3741 Ulpianus
1814 3668 2061 3724 infensus

481 3760 829 3828 Christianis,
880 3760 1027 3827 unde
1080 3761 1293 3832 collegit
1339 3764 1570 3832 septimo
1601 3763 1739 3819 libro
1775 3762 1848 3816 De
1879 3762 2059 3831 ofﬁcio

481 3868 725 3937 procons.
772 3853 1037 3923 rescripta
1074 3856 1382 3925 principum
1415 3857 1481 3910 de
1516 3855 1693 3925 poenis
1720 3854 2061 3920 Christiano-

484 3959 643 4017 rum;
685 3958 715 3997 e
752 3941 1056 4010 Lactantio,
1110 3944 1297 4015 Cujac.
1348 3962 1467 4025 cap.
1502 3944 1571 4006 54
1604 3945 1679 4000 lib
1716 3961 1749 3998 ι
1786 3942 2058 3999 Observat.

483 4042 546 4103 (te
585 4035 897 4089 exorcismis
957 4045 1007 4089 et
1033 4037 1431 4107 energnmenis:
1455 4037 1651 4091 Alciat.
1684 4036 1779 4093 lib.
1817 4048 1910 4104 vtu
1955 4034 2061 4089 Ριι-

483 4143 622 4198 rerg.
650 4143 769 4198 cap.
810 4128 897 4182 ⁸Ξὸ.
937 4128 1089 4183 Adde
1138 4128 1517 4199 Hippocratem
1552 4129 1647 4185 lib.
1690 4129 1825 4199 napi.
1856 4128 2062 4198 παροξ-

483 4218 634 4285 νιῶν.
662 4218 1164 4289 Romanoconcilio
1186 4219 1287 4274 sub
1319 4220 1579 4276 Silvestro
1608 4235 1742 4296 papa
1768 4220 2063 4273 interfuere

486 4311 721 4384 acolytbi
753 4312 845 4383 44,
867 4314 1153 4380 exorcistte
1181 4313 1271 4377 22,
1303 4312 1537 4369 lectores
1571 4311 1733 4368 Urbis
1752 4312 1840 4379 90,
1862 4310 2059 4366 notarii

2156 494 2246 535 ses
2277 479 2435 541 duas,
2464 478 2755 533 nominans
2784 492 2910 531 eum
2943 477 2997 531 in
3054 476 3295 545 Epistula
3338 477 3403 531 ad
3460 476 3741 532 Philemo-

2157 585 2279 625 nem
2313 588 2328 636 ;
2366 568 2470 624 fuit
2518 568 2609 624 hic
2662 567 2959 623 Onesimus
3005 568 3296 638 episc0pus
3324 566 3545 638 Ephesi,
3590 584 3740 622 mar-

2154 670 2348 732 tyrque
2383 660 2590 726 Romae,
2637 675 2668 717 e
2701 659 3085 730 Martyrologio
3122 659 3372 715 Romano
3404 661 3470 715 l5
3499 660 3744 716 Februa-

2156 754 2261 819 rii;
2302 768 2397 824 per
2424 752 2787 824 Epiphanium
2824 752 3082 807 lectorem
3112 751 3180 807 ad
3208 749 3610 823 Pliilippenses,
3641 769 3744 807 eo-

2156 856 2387 914 rumque
2438 843 2499 897 fit
2555 842 2762 897 mentio
2802 842 2856 896 in
2893 843 3250 913 argumentis.
3287 828 3433 898 Erat.
3448 845 3499 899 id
3535 860 3744 900 munus

2155 934 2364 989 litteras
2395 931 2702 1003 perferendi
2736 932 3121 1003 episcoporum
3156 932 3222 989 ad
3251 933 3524 991 Ecclesias
3550 936 3743 1006 injun-

2156 1035 2305 1083 ctum
2377 1024 2695 1091 lectoribus,
2759 1025 3052 1096 acolythis,
3110 1040 3177 1080 ac
3236 1026 3613 1095 subdiaconis,
3680 1039 3745 1081 ut

2156 1117 2393 1174 ostendit
2445 1130 2665 1174 sanctus
2717 1116 3025 1189 Cyprianus
3086 1118 3247 1189 epist.
3303 1118 3392 1183 16,
3431 1119 3487 1174 in
3524 1135 3632 1191 qua
3672 1120 3743 1176 de

2155 1209 2409 1265 Cclcrino
2439 1209 2695 1282 acolytho
2734 1208 2799 1265 ad
2834 1209 3177 1265 diaconatum
3211 1221 3397 1280 postea
3438 1221 3698 1280 provecto
3723 1228 3742 1266 τ

2157 1301 2223 1357 de
2251 1316 2359 1375 quo
2409 1300 2610 1357 Euseb.
2658 1314 2711 1355 et
2762 1300 3110 1373 Martyrolog.
3167 1300 3327 1357 Rern.
3368 1302 3404 1356 5
3434 1300 3745 1365 Februarii,

2159 1393 2251 1449 ubi
2295 1393 2591 1448 cardinalis
2644 1393 2931 1459 Baronius,
2980 1393 3074 1464 qui
3108 1403 3163 1448 et
3195 1394 3261 1448 ad
3314 1409 3519 1448 annum
3570 1395 3639 1449 49
3688 1397 3744 1448 in

2156 1488 2357 1544 Annal.
2414 1486 2505 1558 (an
2547 1486 2638 1541 ille
2668 1486 2760 1557 qui
2801 1487 3059 1556 superius
3099 1485 3207 1541 fos.
3240 1485 3553 1555 Celerinus)
3585 1487 3659 1543 2i
3690 1502 3748 1540 et

2157 1581 2269 1638 25:
2330 1581 2581 1651 quamvis
2645 1579 2712 1634 de
2742 1594 2970 1636 cursore
3024 1580 3172 1635 illam
3222 1580 3291 1635 ad
3337 1596 3454 1636 rem
3486 1582 3748 1652 eligendo

2159 1674 2441 1745 scripserit
2473 1682 2698 1729 sanctus
2738 1673 2993 1744 Ignatius,
3030 1672 3258 1743 epistola
3284 1673 3353 1728 ad
3376 1671 3744 1744 Polyearpum

2328 1765 2636 1822 tabellarios
2687 1766 3096 1836 episcoporum,
3141 1780 3237 1820 seu
3266 1765 3499 1835 legatos,
3532 1766 3745 1821 littera-

2160 1876 2393 1932 rumque
2432 1860 2632 1915 latores
2676 1859 2953 1929 comperio
2977 1858 3258 1929 acolythos
3309 1857 3455 1928 apud
3485 1867 3742 1912 sanctum

2156 1952 2545 2023 Augustinum,
2600 1952 2826 2021 epistola
2882 1950 2985 2005 104
3041 1952 3108 2006 ad
3144 1949 3379 2014 Sixtum,
3412 1952 3504 2007 cui
3543 1953 3737 2007 rescri-

2156 2054 2312 2113 ptum
2340 2058 2499 2097 suum
2532 2040 2682 2096 misit
2712 2055 2808 2111 per
2840 2040 3099 2096 Albinum
3127 2041 3464 2112 acolythnm.
3486 2041 3739 2096 Clemais

2161 2134 2358 2190 tertius
2407 2148 2545 2205 papa
2594 2133 2648 2188 in
2702 2132 2874 2202 antiq.
2909 2131 3245 2188 Collectione
3294 2131 3351 2199 2,
3412 2133 3567 2202 apud
3616 2134 3739 2187 Ant.

2158 2228 2389 2298 August.
2416 2226 2511 2281 lib.
2542 2242 2614 2280 vn
2650 2223 3024 2288 Decrclalium,
3055 2224 3141 2279 tit.
3168 2224 3201 2281 7
3235 2224 3308 2283 De
3328 2241 3569 2279 concess.
3600 2224 3742 2279 Ρητο

2158 2319 2276 2373 ben.
2318 2318 2387 2371 ad
2414 2316 2713 2375 Rcmenscm
2745 2316 3217 2385 archiepiscopum,
3239 2330 3290 2375 c.
3316 2315 3387 2369 ις
3432 2332 3452 2365 ι
3490 2314 3745 2370 Insinua-

2160 2411 2238 2464 vit
2266 2409 2423 2465 nobis
2453 2406 2689 2479 (scribit)
2728 2408 2960 2463 dilectus
2989 2407 3131 2463 filius
3166 2415 3352 2463 noster
3385 2406 3453 2461 C.
3492 2422 3671 2478 nepos
3695 2417 3746 2462 et

2160 2501 2444 2575 acolythus
2485 2507 2691 2575 noster.
2738 2519 2756 2551 ι

2231 2593 2504 2648 Minorum
2566 2594 2793 2648 istorum
2853 2592 3112 2647 ordinum
3171 2591 3473 2646 meminere
3520 2600 3743 2647 sanctus

2149 2686 2378 2743 Marcus
2405 2686 2457 2740 in
2492 2685 2757 2755 Liturgia,
2787 2684 3042 2741 Clemens
3069 2682 3352 2739 Romanus
3388 2684 3445 2737 in
3475 2684 3743 2738 constitu-

2163 2780 2426 2842 tionibus.
2447 2778 2798 2847 στηκέτωσαν
2825 2777 2884 2830 δὲ
2914 2778 2965 2829 οἱ
2992 2776 3094 2847 μὲν
3120 2776 3361 2847 maluerit
3389 2778 3473 2840 εἰς
3502 2778 3610 2839 τὰς
3640 2777 3747 2829 sls-

2160 2872 2314 2936 όδους
2339 2871 2446 2924 τῶν
2494 2868 2723 2941 ἀνδρῶν.
2776 2870 3042 2922 Assistant
3095 2876 3274 2921 autem
3321 2868 3541 2922 astiarii
3567 2869 3747 2921 adia-

2162 2978 2369 3034 gressus
2401 2961 2659 3023 virorum,
2692 2967 2748 3014 et
2778 2957 3033 3033 Capones
3064 2958 3446 3027 apostolorum
3470 2959 3588 3027 jam
3628 2960 3739 3013 lan-

2162 3053 2313 3117 dati;
2351 3052 2467 3107 fuse
2494 3050 2561 3107 de
2595 3050 2677 3105 his
2710 3048 3065 3105 doctissimus
3091 3048 3294 3104 Hallier
3325 3048 3747 3119 episcopusCao

2162 3146 2497 3209 balliccnsis,
2550 3159 2605 3214 p.
2661 3142 2788 3208 564,
2839 3142 2892 3198 in
2934 3142 3104 3197 altera
3132 3150 3286 3210 parte
3320 3140 3397 3197 De
3430 3142 3612 3197 sacris
3639 3140 3749 3196 ele-

2161 3236 2457 3300 ctionihus,
2505 3245 2560 3289 et
2608 3232 3003 3289 ordinationib.
3057 3240 3192 3289 sect.
3237 3231 3291 3299 l,
3328 3247 3377 3287 ο.
3415 3234 3470 3297 l,
3497 3233 3663 3287 artic.
3694 3233 3747 3285 Ι.

2162 3327 2394 3383 Sanctus
2442 3324 2746 3397 Gregorius
2800 3322 3180 3380 Nazianzenus
3235 3336 3376 3379 orat.
3430 3323 3517 3389 18,
3552 3334 3752 3378 narrat

2162 3428 2411 3487 sanctum
2472 3416 2806 3489 Cyprianum
2860 3416 3139 3488 Magnum,
3202 3425 3484 3483 antequam
3546 3424 3752 3483 pastor

2163 3513 2333 3576 ﬁeret,
2385 3508 2655 3579 νεωκόρον
2684 3506 2852 3564 fuisse
2900 3507 3196 3572 delectum,
3238 3506 3288 3562 id
3323 3503 3746 3570 est,edituum,

2163 3605 2239 3660 uti
2296 3601 2483 3657 Dillius
2534 3602 2589 3656 in
2629 3600 2782 3656 Notis
2811 3600 3055 3669 exponit.
3089 3598 3417 3665 Ministrum,
3450 3597 3750 3660 nimirum.

2162 3696 2251 3752 cui
2272 3695 2453 3766 templi
2486 3694 2824 3765 expurgandi
2847 3703 2901 3748 et
2929 3692 3181 3749 vcrrendi
3228 3707 3434 3747 munus
3461 3692 3749 3748 incumbe.

2162 3789 2273 3853 bat,
2297 3802 2406 3841 uno
2437 3784 2603 3843 verbo
2631 3783 2925 3847 ostiarius;
2952 3783 3116 3854 673
3130 3781 3599 3848 huicAdhelmus,
3619 3781 3749 3836 (ΛΞ

2164 3878 2241 3933 De
2270 3877 2474 3935 laudib.
2505 3876 2848 3946 virginitatis,
2876 3885 2933 3931 et
2963 3874 3167 3931 Hallier
3214 3890 3269 3945 ι).
3298 3874 3407 3930 ’566
3428 3875 3748 3929 assentiun-

2164 3978 2275 4036 tur,
2328 3969 2422 4024 sed
2447 3977 2564 4023 acta
2594 3982 2898 4037 preconem
2930 3976 2983 4023 et
3034 3967 3404 4036 expositorem
3439 3981 3750 4036 sacrorum,

2164 4062 2217 4117 id
2258 4071 2343 4115 est
2387 4060 2645 4119 lectorem
2693 4059 3003 4129 perhibent.
3034 4056 3241 4114 Deinde
3267 4072 3402 4112 vero
3429 4057 3750 4119 diaconum,

2128 4196 2131 4197 ν
2165 4151 2481 4219 neutiquam
2537 4158 2846 4218 pastorem,
2888 4162 2982 4204 seu
3014 4147 3351 4218 pontiﬁcem,
3386 4147 3753 4218 Martymlog.

2165 4241 2325 4296 Rom.
2380 4241 2469 4297 die
2504 4240 2575 4295 26
2620 4239 2979 4309 Septembris,
3017 4238 3107 4293 ubi
3137 4238 3436 4294 cardinalis
3476 4238 3758 4292 Baronins

2164 4334 2390 4389 adnotat
2444 4331 2666 4387 Gratcos
2725 4329 2917 4386 Patres
2970 4330 3372 4385 Antioclienum
3412 4329 3759 4401 Cyprianum

489 4403 601 4475 id;
643 4403 745 4458 sub
782 4402 1041 4470 Cornelio
1081 4420 1217 4476 papa
1256 4406 1311 4458 in
1349 4404 1588 4460 Ecclesia
1626 4403 1870 4461 Romana
1906 4411 2061 4458 erant

2168 4425 2380 4495 Magum
2428 4422 2653 4479 Justinaz
2710 4437 2934 4493 procum
2997 4420 3333 4477 confundere
3388 4422 3588 4477 solitos
3629 4438 3759 4476 cum

489 4495 726 4569 acolytbi
780 4497 871 4562 22,
926 4498 1210 4554 exoreistze
1266 4506 1322 4552 et
1375 4497 1607 4553 lectores
1659 4513 1781 4551 cum
1819 4497 2063 4553 ostiariis

486 4585 592 4655 52;
621 4575 748 4642 fuse
799 4603 919 4671 cap.
952 4589 1037 4653 l0,
1083 4589 1177 4655 lib.
1217 4605 1253 4643 ιι
1313 4588 1569 4651 Ρνίεηειςι.
1604 4590 1795 4661 antiq.;
1831 4589 2067 4653 concilio

487 4680 773 4734 Arelaten.“
825 4681 927 4735 sub
988 4680 1179 4735 eodem
1234 4680 1503 4736 Silvestro
1552 4696 1688 4751 papa
1741 4681 2069 4751 subscripsit

488 4786 612 4831 cum
676 4770 983 4837 Dammatc,
1041 4788 1137 4828 seu
1170 4771 1345 4828 Dafno
1377 4774 1634 4847 episcopo
1674 4789 1739 4829 ex
1786 4775 2063 4844 provincia

493 4858 799 4927 Viennense
827 4860 1049 4929 civitate
1077 4861 1332 4933 vasione,
1363 4862 1552 4918 Victor
1575 4864 1868 4926 exorcista,
1898 4873 1950 4918 et
1973 4862 2065 4918 alii

489 4954 556 5025 ad
613 4967 816 5006 annum
850 4950 999 5017 C.N,
1046 4952 1173 5008 526.
1220 4953 1597 5025 Acolythatus,
1638 4953 1723 5007 vel
1753 4953 2065 5015 ceroferarii

493 5060 716 5111 munus,
747 5043 835 5099 cui
868 5045 937 5099 ab
969 5044 1226 5119 episcopo
1277 5044 1575 5119 porrigitur
1602 5052 1653 5098 et
1689 5045 1922 5106 traditur
1945 5061 2070 5103 can-

491 5136 776 5191 delabrum
825 5150 952 5190 cum
995 5124 1221 5207 candela
1266 5124 1559 5200 exstincta,
1596 5145 1649 5190 et
1693 5136 1946 5193 urceolus
1976 5151 2067 5200 va-

491 5244 630 5299 cuus
669 5227 737 5283 ad
774 5226 1174 5299 suggerendum
1206 5227 1393 5297 vinum
1430 5237 1483 5284 et
1514 5244 1711 5300 aquam
1767 5229 1819 5282 in
1858 5226 2069 5284 Eucha-

492 5322 704 5395 ristiam
750 5304 1035 5391 sanguinis
1082 5318 1307 5387 Christi,
1349 5322 1416 5377 de
1444 5338 1554 5393 quo
1593 5323 1729 5377 satis
1769 5323 1853 5393 egi
1884 5337 2071 5392 super-

492 5430 599 5484 que
638 5429 691 5485 c.
723 5414 756 5467 5
779 5413 1067 5484 Coi-ollarii
1100 5414 1326 5469 secundi
1365 5412 1437 5468 De
1466 5414 1632 5487 Agnis
1665 5413 1780 5482 Dei,
1812 5425 1865 5469 et
1892 5415 2067 5470 cardi-

496 5496 637 5578 nalis
693 5505 961 5561 Baronius
1009 5505 1077 5560 ad
1138 5522 1343 5561 annum
1395 5506 1504 5573 58;
1542 5522 1666 5561 cum
1708 5507 1983 5577 deputato,
2018 5515 2072 5560 et

496 5596 867 5671 έανδηλάπτῃ,
903 5614 964 5653 ac
993 5599 1335 5671 λαοσυνάκτῃ
1368 5608 1422 5655 et
1442 5598 1811 5672 ἐκκλεσιάρχῃ
1842 5600 2073 5654 miscent

492 5685 689 5761 (inﬁci.
752 5692 855 5765 Per
912 5689 1233 5753 Onesimum
1285 5691 1619 5768 acolythum,
1685 5691 1884 5746 Paulus
1925 5691 2072 5746 misit

2168 4516 2586 4587 Carthaginiensi
2616 4515 2867 4584 priesule,
2905 4515 3048 4571 sicut
3075 4512 3217 4567 idem
3251 4510 3466 4577 Billius,
3494 4511 3599 4581 qui
3627 4528 3765 4567 san-

2169 4548 2586 4587 υαιιιιαδιιιυιιφι
2616 4548 2867 4584 γιωθυιῠ,
2905 4548 3048 4571 mnu.
3075 4548 3217 4567 ιυνιιι
3254 4548 3466 4577 uua-uua,
3495 4548 3599 4581 Ὶυι
3627 4548 3765 4567 σαι-

2169 4615 2318 4663 etum
2376 4605 2704 4677 Gregorium
2743 4603 3170 4670 Nazianzenum,
3210 4600 3389 4672 quoad
3424 4602 3633 4669 potuit,
3660 4548 3803 4695 (ει-ι

2170 4714 2362 4754 cusare
2390 4698 2543 4755 nisus
2572 4704 2678 4751 est.
2718 4696 2792 4750 De
2824 4695 2995 4766 gradu
3022 4694 3206 4750 aeditui
3238 4702 3463 4749 sanctus
3485 4691 3695 4766 Paulis!

2168 4788 2436 4855 Nolanus,
2495 4788 2654 4857 epist.
2699 4788 2733 4842 6
2769 4787 2836 4841 ad
2882 4786 3151 4841 Severum.
3185 4785 3356 4842 Graeci
3388 4800 3515 4840 recc

2172 4882 2405 4943 lectores
2429 4889 2637 4934 tantum
2662 4887 2987 4950 agnoscunt,
3004 4887 3062 4931 at
3084 4885 3292 4931 veteres
3309 4875 3609 4932 ostiarium

2171 4984 2339 5039 terea,
2400 4981 2455 5028 et
2505 4972 2857 5035 exorcistam,
2907 4978 3071 5039 atque
3093 4968 3425 5039 acolytbum,
3457 4977 3607 5023 teste
3638 4966 3771 5022 ﬂat-

2171 5066 2291 5131 lier,
2334 5080 2454 5136 pag.
2476 5064 2581 5118 585
2622 5063 2694 5117 Dc
2717 5063 2967 5134 gradibus
3004 5060 3454 5131 presbyterorum,
3491 5059 3771 5114 diacono-

2176 5173 2320 5218 rnm,
2371 5154 2813 5217 subdiaconorum
2861 5165 2908 5209 et
2970 5154 3246 5207 lectorum.
3286 5151 3435 5207 Elias
3472 5151 3773 5209 Cretensis

2172 5251 2227 5304 in
2258 5249 2527 5303 decimam
2560 5249 2862 5302 orationem
2899 5247 3075 5301 sancti
3116 5244 3363 5313 Gregorii
3395 5243 3770 5306 Nazianzeni,

2172 5355 2296 5418 pag.
2345 5339 2471 5393 373.
2534 5338 2771 5393 Sanctus
2829 5335 3123 5408 Dionysius
3181 5333 3536 5404 ArcOpagita,
3576 5350 3707 5404 cap.
3739 5332 3774 5386 3

2173 5432 2379 5488 Eccles.
2410 5431 2672 5486 hierarch.
2714 5440 2866 5500 parte
2895 5447 2958 5497 ιι,
2990 5438 3146 5485 vocat
3174 5428 3465 5499 ἐκκρίτους
3514 5426 3773 5497 λειτσυρ-

2174 5524 2325 5595 τούς,
2379 5525 2431 5580 id
2461 5534 2566 5590 eat,
2596 5523 2813 5580 selectos
2846 5524 3140 5590 ministros,
3172 5522 3225 5577 id
3250 5532 3353 5584 est,
3382 5518 3768 5591 presbytcm,

2176 5615 2257 5669 vel
2314 5615 2597 5679 diaconos,
2652 5614 2902 5683 aliosque
2941 5613 3209 5684 adjungit,
3252 5611 3495 5666 minores
3525 5613 3771 5671 scilicet,

2176 5708 2269 5789 qui
2326 5708 2625 5771 sanctuarii
2677 5707 2885 5764 foribus
2940 5714 3237 5789 astant,et
3258 5704 3379 5775 aliis
3412 5704 3765 5773 ministrant.
