3998 6214
284 238 392 305 1401
1575 239 1676 300 DE
1718 240 1846 302 Vl'l‘

1952 241 1995 302 Ξ.
2032 240 2197 302 NILI
3380 227 3517 294 1102

281 350 563 408 secundum
602 350 810 407 οἰκείαν
851 352 1027 421 τάξιν,
1067 353 1118 409 id
1145 363 1248 422 est,
1273 356 1547 427 praprium
1572 357 1838 421 ordinem,
1869 366 1913 420 Α
1944 358 2072 429 logi.
2129 356 2475 428 Pra‘positus,
2541 355 2595 411 in
2652 372 2702 413 ο.
2740 356 2825 412 15.
2876 354 3003 411 dist.
3046 354 3131 418 15,
3182 325 3347 406 tradit
3396 358 3519 402 octo

278 444 420 500 sicuti
478 443 844 501 subdiaconus
892 446 987 515 qui
1033 446 1275 502 minores
1312 448 1553 517 reliquos
1586 462 1836 516 compre-

278 533 632 600 hendebant,e
654 533 1186 605 Pachymerc,atqne
1215 533 1454 589 Maximo
1488 536 1541 588 in
1574 535 1828 590 scholiis.

336 623 603 691 Quorsum
639 625 740 680 iste
774 626 990 691 cinnus,
1022 636 1184 696 atque.
1217 626 1432 698 farrago
1468 627 1534 681 de
1558 626 1798 682 ostiariis
1819 666 1835 690 ,

277 715 580 779 lectoribus.
617 717 907 771 exorcistis
930 757 945 782 ,
973 728 1022 772 et
1056 719 1219 773 aliis?
1250 718 1352 773 uisi
1387 728 1446 773 ut
1475 719 1835 774 oeconomiam

280 805 630 878 Romamque
696 808 973 878 providam
1042 809 1503 876 dispensationem
1582 809 1839 865 Ecclesia:

277 898 437 967 magis
465 913 528 953 ac
558 898 729 969 magis
755 897 1012 963 admirer,
1036 908 1197 969 atque
1227 902 1544 971 suspiciam,
1566 917 1689 972 qua:
1715 899 1839 971 Spi-

274 987 399 1043 ritus
432 988 607 1044 sancti
646 989 827 1044 alllatu
882 991 1139 1047 instincta
1176 992 1461 1049 inferiores
1490 995 1691 1065 gradus
1722 993 1836 1049 los-

273 1080 557 1143 soriorum.
586 1096 681 1137 seu
728 1082 1022 1147 fossorum,
1056 1093 1109 1137 et
1146 1083 1547 1154 psalmistarum
1584 1086 1671 1153 (de
1700 1101 1837 1154 quo-

273 1186 384 1224 rum
406 1170 608 1224 muniis
630 1171 752 1226 vide
780 1187 831 1225 e.
858 1172 1033 1227 nltim.
1052 1173 1388 1232 Pootilicalis
1407 1174 1660 1238 Romani,
1679 1173 1834 1245 etc.,)

270 1264 456 1320 ofﬁciis
477 1265 755 1337 deputavit
780 1307 795 1331 ,
836 1275 892 1320 at
926 1268 1239 1335 superiores
1266 1267 1542 1322 aceensuit
1576 1268 1717 1322 inter
1749 1282 1838 1322 or-

269 1355 438 1422 dines,
481 1355 585 1411 ﬁxe
613 1356 916 1424 stabiliens,
946 1357 1295 1427 minoresque
1314 1358 1674 1427 nuncupavit,
1716 1357 1839 1413 aliis

272 1451 436 1505 tribus
484 1450 657 1505 sacris
728 1452 995 1521 majorum
1052 1467 1246 1506 nomen
1308 1452 1611 1522 imponens.
1673 1451 1839 1504 Caius

266 1543 456 1600 etenim
475 1543 712 1614 pontifex
732 1544 1020 1608 Maximus,
1040 1544 1305 1608 Dalmata,
1321 1559 1383 1599 ex
1414 1559 1608 1614 genere
1639 1543 1841 1597 Dim-le-

269 1636 392 1690 tiani
416 1636 666 1706 Augusti,
690 1637 754 1690 ad
778 1651 978 1691 annum
999 1635 1059 1691 C.
1076 1635 1202 1702 285,
1220 1638 1270 1690 in
1296 1637 1501 1707 cryptis
1519 1637 1836 1702 habitando,

1939 450 2108 508 fuisse
2134 452 2353 523 gradus,
2387 450 2587 520 quibus
2618 449 3009 505 ascendebatur
3036 446 3101 501 ad
3148 452 3358 516 portam
3386 449 3521 494 tem—

1940 545 2013 616 pli
2063 561 2128 598 ex
2190 543 2477 598 Ezechiele
2513 558 2563 598 c.
2599 559 2685 608 ιιι..
2723 552 2777 597 et
2813 542 3032 597 totidem
3067 539 3181 593 fore
3208 535 3518 605 dignitates,

1938 637 2138 707 quibus
2170 635 2480 705 proceditur
2510 636 2576 689 ad
2610 646 2889 706 papatum,
2919 632 3034 689 sive
3068 642 3340 685 summum
3384 638 3519 694 pon-

1941 729 2224 790 tilicatnm,
2258 741 2453 795 nempe
2494 726 2835 795 parochiam,
2868 724 3214 784 det-anetum,
3247 712 3522 771 archidia-

1938 828 2215 882 conatum,
2231 812 2336 871 seu
2359 816 2792 886 prtepositttram,
2809 813 3103 874 abbatiam,
3123 809 3517 879 episcopatum,

1938 908 2802 979 archiepiscopatum,primatum
2839 919 2893 961 et
2916 902 3361 974 patriarchatum.
3410 896 3517 950 Leo

1942 998 2172 1055 Allatius
2195 1000 2575 1064 contendit,et
2594 1000 2789 1069 probat
2821 999 2915 1053 lib.
2947 996 3023 1051 De
3062 1004 3208 1050 wtat.
3239 1002 3285 1046 et
3313 992 3515 1043 interst.

1940 1093 2264 1156 Cm’corum,
2292 1093 2550 1147 lectorem
2595 1107 2699 1147 non
2737 1089 3099 1145 ordinandum
3135 1102 3226 1141 seu
3258 1079 3507 1149 Ἀναγνὼ

1941 1204 2073 1258 στην
2094 1202 2242 1252 eum,
2260 1186 2352 1254 qui
2380 1184 2442 1240 t8
2464 1200 2639 1240 annos
2655 1185 2848 1248 aetatis,
2866 1184 2945 1236 vel
2971 1182 3041 1235 20
3065 1196 3165 1234 non
3184 1178 3518 1247 explesset,e

1941 1278 2329 1335 Nomocauone
2364 1277 2570 1341 Photii,
2606 1275 2869 1346 Notisque
2901 1272 3307 1334 llalsamouis,c
3330 1266 3518 1321 Basili-

1938 1370 2039 1433 cis.
2073 1385 2212 1441 eque
2227 1367 2449 1423 Novella
2470 1368 2765 1439 praesertim
2781 1365 2884 1420 9'57
2903 1361 3191 1419 Iustiniani
3210 1361 3347 1429 apud
3366 1357 3514 1411 Grrc-
3556 1428 3559 1431 _

1938 1477 2057 1529 cos,
2094 1478 2144 1531 p.
2169 1461 2237 1515 56
2259 1469 2311 1514 et
2327 1461 2415 1518 59.
2451 1458 2627 1524 Unde,
2651 1458 2806 1512 sicuti
2825 1456 2934 1525 jam
2957 1454 3184 1519 asserui,
3206 1450 3517 1504 Tltcodulns

1939 1554 2043 1609 Nili
2075 1554 2217 1609 filius
2249 1554 2315 1608 ad
2357 1552 2644 1623 νεωκόρων
2674 1559 2983 1618 provectus,
3027 1548 3078 1600 in
3121 1544 3307 1599 ordine
3337 1555 3517 1619 sacro.

1942 1662 2162 1709 munus,
2195 1644 2507 1715 impositum
2549 1640 2651 1697 sibi
2679 1656 2708 1694 a
2741 1639 3024 1694 sacerdote
3056 1636 3362 1689 divinorum
3407 1647 3517 1699 my-

267 1739 354 1779 seu
396 1726 750 1789 catacumbis,
806 1734 864 1778 ut
910 1735 1126 1788 vocant,
1161 1727 1276 1789 sed,
1329 1736 1387 1780 ut
1427 1740 1528 1796 ego
1578 1726 1832 1791 arbitror,

1952 1737 2237 1792 steriorum
2289 1733 2517 1796 Christi,
2571 1745 2695 1785 cum
2761 1729 2988 1798 impigre
3036 1724 3166 1779 illud
3219 1723 3414 1785 obiret,
3467 1730 3516 1771 rt

268 1817 628 1884 catatumbis;
660 1817 711 1872 id
741 1826 845 1881 est,
877 1817 944 1870 ad
984 1818 1219 1880 tumbas,
1250 1830 1343 1870 seu
1377 1817 1617 1871 tumulos
1666 1817 1836 1886 (tum-

267 1908 329 1963 ba
379 1909 522 1963 enim
577 1925 680 1963 vox
734 1919 817 1963 est
865 1910 1035 1963 sancti
1064 1908 1345 1978 Gregorii,
1400 1924 1521 1979 qua:
1566 1906 1836 1963 tut‘uulum

265 2002 527 2071 signiﬁcat
561 2017 577 2056 :
620 2011 672 2056 et
703 2003 775 2056 ita
800 2002 1284 2057 seusitcardinalis
1309 2001 1571 2056 Raronius
1601 2001 1653 2055 in
1684 1999 1838 2055 Notis

202 2111 217 2124 ·
264 2095 327 2149 ad
344 2095 376 2150 3
392 2094 634 2149 Januarii
650 2093 927 2165 Martyrol.
943 2093 1195 2159 Romam,
1213 2093 1462 2161 quamvis
1481 2093 1725 2147 Latinius
1742 2110 1841 2146 κα·-

265 2184 544 2253 τακύμϐον
603 2184 807 2238 dictum
867 2183 1017 2246 velit,
1079 2183 1241 2236 veluti
1300 2197 1639 2246 concavum,
1696 2182 1839 2251 apud

270 2275 435 2343 Magri
470 2275 523 2328 in
559 2273 806 2343 Notitia),
838 2289 963 2328 cum
999 2272 1204 2343 fugeret
1233 2273 1683 2343 persecutionem,
1716 2289 1844 2328 cou-

270 2366 447 2422 stituit
471 2374 531 2420 ut
558 2365 776 2421 ordines
805 2379 994 2420 omnes
1017 2364 1071 2419 in
1096 2366 1336 2420 Ecclesia
1362 2365 1440 2419 sic
1465 2365 1837 2420 ascenderem.

273 2458 329 2512 Si
392 2457 517 2527 quis
554 2457 841 2527 episcopus
867 2472 991 2512 esse
1024 2466 1349 2523 mereretur,
1381 2465 1525 2511 esset
1559 2457 1840 2521 ostiarius,

269 2551 459 2615 lector,
479 2549 775 2616 exorcista;
800 2564 1052 2619 sequens,
1085 2549 1137 2603 id
1168 2559 1269 2613 est,
1289 2549 1589 2619 acolythus,
1620 2548 1843 2603 subdia-

267 2658 473 2709 conus;
527 2641 815 2705 diaconus,
862 2641 1165 2712 presbyter,
1215 2651 1269 2695 et
1315 2642 1600 2711 episcopus
1648 2639 1844 2696 exinde

267 2734 629 2789 ordinaretur.
669 2733 743 2787 Ex
772 2733 1063 2787 Anastasio
1090 2772 1105 2795 ,
1136 2732 1251 2786 sive
1280 2742 1503 2786 auctore
1534 2730 1666 2785 Vitae
1692 2739 1842 2801 pont.

270 2820 428 2876 Rom.
470 2837 595 2892 pag.
625 2821 714 2876 15.
740 2820 1001 2877 Silvestcr
1038 2830 1223 2891 postea
1253 2823 1305 2875 in
1340 2820 1572 2877 concilio
1600 2822 1845 2875 Romano

267 2927 318 2968 e.
360 2914 416 2978 7,
446 2921 502 2968 et
536 2911 726 2968 Patres
759 2912 1205 2982 Carthaginiensis
1257 2912 1448 2983 synodi
1486 2920 1697 2982 quarta:
1725 2912 1847 2966 totis

1940 1828 2251 1900 ὑπηρεσίας
2288 1825 2534 1896 πρώτας,
2592 1823 2896 1877 ministeria
2929 1820 3103 1890 prima
3135 1818 3246 1896 sive
3284 1813 3517 1877 ostiarii,

1938 1928 1992 1975 et
2043 1921 2247 1985 aeditui,
2284 1928 2448 1989 atque
2486 1917 2724 1980 lectoris,
2758 1930 2877 1985 quae
2910 1922 3099 1967 mutuo
3131 1925 3251 1965 sese
3279 1906 3515 1975 comple-

1939 2015 2245 2079 ctehantur,
2296 2018 2572 2067 exerceret
2626 2009 2889 2074 studiose,
2938 2017 3295 2075 magnamque
3333 1999 3515 2053 conci-

1942 2112 2080 2157 taret
2110 2117 2259 2171 spem
2294 2099 2590 2171 profectus,
2622 2115 2743 2154 cum
2780 2098 2927 2153 brevi
2959 2106 3197 2165 tempore
3224 2094 3388 2147 multa
3419 2091 3521 2144 vir-

1940 2200 2118 2245 tutum
2138 2189 2461 2259 prtebuisset
2482 2188 2799 2257 specimina,
2824 2195 2875 2240 et
2898 2184 2946 2238 id
2975 2184 3227 2239 omnibus
3250 2180 3522 2249 foreLpro—

1940 2290 2059 2352 pter
2089 2280 2281 2345 bouos,
2320 2280 2627 2350 prohosque
2665 2292 2844 2331 mores
2872 2295 2886 2343 ;
2919 2276 3281 2343 consequitur
3313 2272 3519 2326 certius

1942 2391 2066 2431 eum
2117 2374 2363 2445 exegisse
2412 2373 2596 2427 decem
2640 2380 2691 2426 ct
2723 2380 2844 2425 octo
2872 2384 3066 2431 annos,
3099 2368 3206 2421 imo
3236 2373 3290 2420 et
3313 2362 3517 2432 viginti.

2016 2463 2292 2518 Hactenus
2312 2464 2538 2532 primam
2563 2462 2812 2532 paginam
2836 2460 2969 2513 Viue
2989 2458 3161 2513 sancti
3184 2456 3284 2509 Nili
3316 2453 3522 2508 abbatis

1945 2553 2210 2626 pervolri,
2245 2568 2391 2608 nunc
2423 2553 2489 2607 ad
2520 2553 2744 2606 alteram
2776 2566 2962 2621 pergo.
2997 2548 3052 2602 Si
3084 2548 3234 2618 prius
3266 2546 3524 2599 observa-

1943 2647 2114 2701 verim
2162 2640 2502 2699 recentiores
2558 2642 2797 2707 Grmcos,
2860 2641 2951 2712 qui
3005 2640 3261 2693 Romanae
3318 2635 3525 2689 malunt

1945 2738 2201 2794 Ecclesiae
2228 2738 2563 2808 reliquarum
2600 2736 2757 2790 matri
2790 2735 3082 2796 adhaerere,
3117 2746 3215 2785 nec
3253 2726 3323 2784 ab
3349 2744 3410 2782 ea
3439 2742 3523 2780 re-

1946 2830 2068 2885 velli
2140 2830 2481 2899 discindiqne
2533 2830 2788 2898 gaudent,
2841 2827 3153 2880 Iectoratum
3194 2837 3316 2876 cum
3352 2820 3525 2889 prima

1946 2924 2170 2978 tonsura
2215 2920 2486 2985 conferre,
2534 2930 2592 2973 ιιι
2638 2920 2690 2973 in
2726 2916 3076 2985 Euchologio,
3111 2915 3199 2968 ubi
3232 2911 3382 2975 τάξις
3411 2929 3527 2981 χει-

266 3005 391 3060 dem
436 3013 883 3060 numeraverunt.
913 3004 1222 3059 Cardinalis
1264 3004 1533 3061 Baronius
1572 3004 1739 3059 refert
1778 3005 1842 3058 ad

1952 3012 2195 3086 ροτονιας
2237 3011 2332 3065 τοῦ
2372 3011 2723 3079 ἀναγνώστου
2770 3009 2820 3063 in
2856 3008 3049 3079 primis
3084 3006 3325 3076 κείρεται
3350 3005 3377 3056 ὁ
3408 3001 3529 3054 δοῦ-

267 3111 472 3150 annum
504 3094 568 3151 C.
621 3094 683 3149 Ν.
725 3096 815 3162 44,
851 3110 907 3150 n.
937 3097 1026 3150 51.
1059 3095 1153 3150 Pie
1185 3110 1250 3150 ac
1295 3096 1575 3162 ingeniose
1610 3094 1848 3150 Landul-

270 3188 411 3255 phus
437 3186 842 3245 Cartbusianus
888 3195 1039 3256 parte
1085 3202 1103 3241 ι
1152 3186 1283 3241 Vita:
1325 3186 1544 3251 Christi,
1590 3202 1641 3241 c.
1686 3187 1779 3253 65,
1819 3202 1851 3243 e

268 3288 461 3335 sancto
496 3279 810 3343 Ambrosio,
843 3278 1059 3334 lectoris
1089 3294 1290 3333 munus
1320 3279 1636 3348 praestitisse
1681 3288 1852 3335 testa-

267 3382 359 3425 tur
393 3370 670 3427 Christum
710 3370 1021 3437 Dominum,
1066 3370 1286 3440 quando
1314 3371 1441 3440 legit
1481 3370 1534 3424 in
1578 3384 1850 3440 synagoga

270 3463 389 3531 ipso
431 3463 759 3519 versiculum
807 3464 1044 3532 primum
1088 3462 1283 3530 capitis
1331 3461 1655 3528 sexagesimi
1693 3461 1853 3530 primi

269 3553 443 3619 lsaite,
484 3564 545 3608 ut
580 3563 767 3607 narrat
788 3561 1012 3608 sanctus
1057 3552 1258 3617 Lucas,
1295 3568 1371 3613 ιχ,
1436 3552 1501 3606 18
1533 3552 1851 3622 Evangelii;

266 3641 559 3697 ostiarium
606 3643 795 3707 etiam,
821 3642 1039 3712 quando
1063 3641 1219 3710 ejecit
1248 3640 1563 3705 vendentes,
1585 3650 1642 3695 et
1667 3655 1855 3695 emen-

268 3745 353 3790 tes
397 3734 466 3789 de
508 3734 745 3804 templo:
794 3734 1153 3798 exorcistam,
1208 3732 1527 3803 expellendo
1578 3733 1856 3788 daemonas

270 3842 303 3882 e
329 3826 652 3895 corporibus
669 3824 836 3897 674
856 3825 1136 3880 hominum
1156 3841 1172 3891 ;
1191 3824 1500 3897 aeolythum
1522 3863 1538 3884 .
1571 3839 1667 3879 seu
1696 3839 1855 3879 cero-

273 3917 635 3982 ferarium,se
662 3916 838 3972 lucem
864 3932 1045 3971 veram
1071 3916 1429 3983 ostentando;
1454 3923 1506 3970 et
1530 3916 1601 3969 ita
1622 3922 1857 3985 quatuor

274 4008 462 4067 tnunia
506 4008 780 4063 minorum
818 4008 1073 4062 ordinum
1121 4007 1451 4064 exercuisse.
1508 4006 1639 4060 Erat
1688 4006 1739 4059 in
1791 4020 1857 4060 eo

274 4099 478 4169 quippe
504 4108 745 4170 potestas
785 4098 1150 4163 excellentia,
1183 4099 1234 4152 id
1254 4107 1358 4163 est,
1390 4097 1677 4152 ministerii
1712 4097 1861 4166 prin-

275 4194 468 4264 cipalis
495 4193 793 4249 secundum
823 4192 965 4264 quod
995 4200 1113 4247 erat
1136 4191 1319 4255 homo;
1351 4206 1475 4245 nam
1507 4191 1560 4244 in
1593 4199 1856 4260 quantum

280 4286 427 4340 Deus
460 4284 705 4357 “habebat
726 4292 1041 4354 potestatem
1064 4282 1404 4337 auctoritatis
1425 4297 1440 4347 ;
1458 4282 1538 4336 sic
1566 4281 1860 4350 loquuntur

1950 3108 2040 3169 λος
2070 3105 2165 3159 τοῦ
2197 3103 2333 3158 Θεοῦ
2366 3120 2469 3158 ο.ο.
2504 3105 2584 3166 εἰς
2606 3102 2679 3157 τὸ
2729 3102 2901 3172 ὄνομα.
2926 3098 3021 3153 τοῦ
3054 3097 3287 3169 Πατρὸς,
3320 3095 3416 3149 καὶ
3438 3093 3528 3147 τοῦ

1949 3198 2115 3265 Υἱοῦ,
2158 3197 2253 3252 καὶ
2296 3192 2388 3251 τοῦ
2426 3197 2582 3264 ἁγίου
2620 3194 2938 3264 Πνεὺματος
2964 3233 2979 3257 ,
3017 3192 3070 3246 id
3106 3204 3210 3251 est,
3266 3188 3532 3243 Tondetnr

1950 3308 2126 3347 servus
2162 3289 2260 3345 Dei
2302 3287 2375 3343 Ν.
2400 3286 2475 3342 Ν.
2516 3288 2572 3342 in
2612 3288 2819 3341 nomine
2849 3284 3051 3346 Patris,
3077 3293 3123 3336 et
3149 3278 3298 3347 Filii,
3333 3290 3381 3332 et
3413 3276 3533 3347 Spi-

1952 3383 2089 3436 ritus
2139 3380 2356 3443 sancti;
2407 3378 2627 3433 lectoris
2679 3386 2733 3431 et
2776 3374 3017 3429 cantoris
3069 3382 3153 3428 est
3200 3371 3387 3425 eadem
3422 3371 3535 3421 for—

1950 3473 2121 3535 mula,
2153 3471 2283 3525 huic
2306 3470 2467 3525 datur
2492 3469 2630 3523 liber
2662 3467 3024 3528 Psalmorum,
3059 3480 3153 3519 seu
3184 3461 3534 3524 Psalterium,

1955 3552 2032 3620 illi
2067 3561 2455 3633 Epistolarum,
2505 3574 2601 3613 seu
2640 3556 3033 3628 Epistolarium
3085 3570 3207 3610 cum
3248 3551 3531 3606 oratione:

1953 3654 2152 3726 Κύριε,
2183 3652 2272 3716 δὸς
2316 3651 2465 3721 αὐτῷ
2519 3650 2659 3721 μετὰ
2690 3648 2870 3718 πάσης
2899 3645 3086 3715 σοφίας
3132 3645 3224 3698 καὶ
3270 3642 3537 3702 συνέσεως

1954 3747 2059 3801 τῶν
2076 3745 2234 3799 θείων
2255 3762 2348 3798 σου
2370 3743 2543 3811 λόγων
2566 3742 2665 3811 τὴν
2695 3739 2926 3811 μελέτην
2956 3739 3050 3791 καὶ
3083 3735 3181 3806 τὴν
3228 3735 3536 3801 ἀνάγνωσιν

1956 3834 2231 3891 ποιεῖσθαι
2261 3852 2275 3900 ;
2318 3831 2371 3886 id
2393 3840 2474 3887 est
2502 3850 2515 3886 :
2542 3830 2780 3893 Domine,
2817 3829 2885 3883 da
2912 3827 3003 3882 isti
3021 3842 3139 3881 cum
3159 3824 3300 3877 omni
3328 3820 3536 3891 sapien-

1959 3930 2057 3990 tia,
2080 3937 2128 3981 et
2145 3926 2307 3998 675
2333 3923 2613 3994 prudentia
2629 3922 2923 3975 divinorum
2940 3929 3151 3973 tuarum
3169 3917 3537 3988 mysteriorum

1958 4020 2374 4084 meditationem,
2409 4022 2457 4070 et
2490 4014 2756 4069 lectionem
2793 4011 3113 4066 exsecutioni
3141 4011 3413 4063 mandare.
3447 4006 3538 4060 ln-

1958 4111 2093 4167 clusi
2151 4117 2280 4165 sunt
2331 4110 2383 4161 in
2433 4106 2825 4162 subdiaconatu
2906 4099 3395 4171 comprehcnsique
3445 4096 3536 4150 alii

1926 4193 2069 4256 ‘duo
2125 4200 2368 4254 minores
2417 4196 2657 4259 ordines,
2711 4193 3025 4249 ostiariatus
3076 4205 3139 4245 ac
3173 4188 3532 4259 acolythatns,

1960 4303 2011 4347 et
2029 4292 2198 4347 utitur
2219 4290 2477 4345 ordinans
2503 4287 2653 4343 hisce
2673 4285 2851 4341 verbis
2876 4303 2891 4349 ;
2918 4283 3109 4352 Κύριε,
3131 4281 3218 4344 δὸς
3235 4279 3383 4351 αὺτῴ
3400 4280 3537 4347 ἁγά-

276 4378 618 4446 scholastici,
660 4385 719 4431 ut
748 4377 984 4447 explicat
1013 4377 1077 4431 P.
1117 4374 1399 4446 Philippus
1436 4389 1465 4427 a
1496 4374 1849 4428 Sauctissima

1963 4400 2073 4454 πην
2104 4383 2199 4436 καὶ
2233 4381 2567 4452 εὐπρέπειαν
2597 4380 2746 4433 οἴκου
2778 4393 2896 4439 σου,
2926 4375 3264 4446 παριστάναι
3303 4373 3422 4433 ταῖς
3445 4369 3541 4422 Θύ-

276 4468 548 4524 Trinitate
581 4477 721 4539 part.
751 4484 811 4523 ιιι
836 4467 913 4522 De
950 4468 1296 4523 sacramentis
1324 4468 1377 4519 in
1411 4481 1613 4536 genere,
1666 4473 1860 4533 quaest.

276 4561 371 4627 64,
406 4571 512 4617 art.
540 4561 597 4615 3.
623 4558 869 4631 Implevit
896 4562 1060 4615 etiam
1099 4573 1329 4613 munera
1352 4557 1609 4612 Christus
1638 4557 1864 4610 subdia-

276 4655 431 4719 coni,
466 4654 682 4723 quando
708 4652 990 4723 praecinxit
1016 4667 1075 4707 se
1103 4652 1270 4706 linteo
1295 4693 1310 4716 ,
1342 4659 1395 4705 et
1429 4649 1593 4718 pedes
1625 4644 1865 4717 discipu-

278 4744 460 4800 lorum
510 4746 676 4811 lavit;
721 4743 959 4809 diaconi,
990 4742 1210 4813 quando
1241 4742 1294 4795 in
1337 4755 1493 4795 emna
1545 4755 1747 4809 corpus
1799 4747 1856 4793 et

278 4836 605 4909 sanguinem
647 4852 807 4893 suum
846 4835 1129 4905 discipulis
1176 4833 1867 4903 ministravit;presbyteri

278 4932 521 5001 denique
565 4947 687 4986 cum
712 4946 908 5003 partem
942 4942 996 4985 et
1026 4933 1213 4986 vinum
1246 4932 1297 4985 in
1338 4947 1537 5001 corpus
1569 4940 1621 4985 et
1647 4929 1868 5000 sangui-

282 5035 413 5077 nem
449 5037 610 5078 suum
656 5024 907 5088 mutavit,
946 5023 1265 5093 etepiscopi
1314 5024 1618 5077 animarum
1652 5031 1868 5075 nostra-

281 5128 436 5181 rum,
474 5128 601 5173 cum
636 5113 715 5169 uti
754 5111 995 5182 pontifex
1029 5113 1081 5167 in
1106 5129 1198 5167 ara
1229 5113 1407 5168 crucis
1438 5127 1496 5167 se
1531 5112 1729 5167 obtulit
1766 5111 1870 5165 Pa-

281 5204 359 5260 tri
383 5242 400 5267 .
442 5203 747 5259 sacerdmio
788 5204 987 5259 etenim
1021 5203 1347 5275 fungebatur
1370 5218 1536 5269 vero;
1574 5203 1869 5258 cardinalis

284 5294 559 5367 Oreggius
585 5305 801 5351 tractat.
837 5296 891 5361 5,
920 5305 1060 5366 part.
1095 5310 1178 5357 ιιι,
1207 5310 1329 5364 cap.
1373 5295 1462 5362 15,
1494 5304 1689 5365 quiest.
1726 5294 1778 5349 1.

362 5389 422 5444 In
451 5390 592 5445 coelo
619 5388 838 5460 quidem
873 5402 1064 5443 novem
1102 5397 1229 5443 sum
1259 5387 1574 5457 angelorum
1611 5387 1787 5453 chori,
1818 5395 1872 5441 et

286 5480 553 5538 Ecclesiae
586 5481 975 5553 triumphantis
1005 5489 1113 5535 tres
1147 5479 1488 5544 hicrarchite,
1528 5482 1601 5533 ita
1638 5480 1690 5534 iu
1728 5478 1870 5533 mili-

286 5581 449 5628 tante
486 5589 677 5629 novem
729 5588 851 5630 esse
885 5572 1106 5627 ordines
1139 5571 1406 5637 videmus,
1434 5571 1732 5626 secundum
1778 5585 1873 5625 ca—

288 5664 568 5735 nonistas,
608 5664 858 5736 quamvis
894 5664 961 5723 ad
1001 5673 1206 5738 septem
1238 5676 1333 5720 eos
1366 5664 1691 5725 contrahant
1719 5662 1871 5718 theo-

1968 4490 2090 4546 ραις
2110 4472 2202 4527 τοῦ
2218 4472 2347 4526 ναοῦ
2364 4472 2460 4525 τοῦ
2483 4471 2640 4540 ἁγίου
2670 4487 2787 4534 σου,
2817 4468 3081 4522 ἀνάπτειν
3110 4465 3303 4535 λύχνον
3334 4459 3545 4530 σκηνώ-

1970 4582 2143 4637 pato;
2191 4565 2348 4635 δόξης
2407 4579 2499 4616 σου
2528 4579 2543 4628 ;
2578 4561 2630 4616 id
2659 4570 2740 4615 est
2774 4577 2788 4614 :
2825 4557 3065 4623 Domine,
3090 4556 3160 4609 da
3192 4554 3279 4608 isti
3310 4554 3545 4605 charita—

1968 4670 2093 4721 tem,
2121 4665 2170 4711 et
2208 4656 2445 4710 decorem
2472 4654 2659 4706 domus
2689 4662 2815 4715 tute,
2836 4660 2894 4704 ut
2924 4652 3141 4703 assistat
3166 4647 3349 4716 januis
3367 4643 3547 4711 templi

1968 4750 2139 4806 sancti
2187 4750 2286 4812 tui,
2326 4756 2374 4801 et
2424 4746 2676 4800 accendat
2702 4744 2971 4798 lucernam
3005 4738 3327 4795 tabernaculi
3365 4736 3550 4809 gloriae

1960 4853 2096 4898 tute.
2134 4839 2541 4895 Exercistarum
2575 4843 2754 4890 autem
2788 4830 3182 4905 presbyteratui
3215 4827 3549 4897 coniungunt

1973 4942 2082 4989 tam
2139 4948 2303 5002 super
2345 4929 2787 4991 catechumenos,
2825 4940 2989 4994 quam
3022 4932 3078 4978 et
3128 4936 3291 4991 super
3320 4925 3549 4986 e'nergu-

1972 5040 2178 5079 mcnos.
2240 5023 2419 5092 Atque
2447 5022 2553 5075 hoc
2582 5019 2743 5073 modo
2780 5018 2982 5073 sensim
3015 5015 3465 5086 appropinquant,
3495 5016 3550 5063 et

1972 5113 2240 5170 accedunt
2286 5111 2353 5165 ad
2407 5110 2708 5165 Romanam
2747 5106 3047 5161 Ecclesium
3086 5110 3362 5174 parentem
3395 5098 3549 5153 beni-

1973 5204 2313 5277 gnissimam,
2344 5209 2402 5256 ut
2431 5199 2616 5270 accepi
2645 5199 2714 5253 ab
2744 5195 3118 5251 illustrissimo
3159 5192 3383 5247 domino
3412 5189 3553 5244 Onu-

1974 5297 2132 5365 phrio
2192 5293 2554 5349 Constantino
2608 5290 3022 5358 archiepiscopo
3080 5285 3440 5348 Deberitano;
3497 5286 3553 5335 et

1973 5394 2253 5452 revocant,
2308 5394 2474 5454 atque
2521 5390 2803 5445 renovant,
2829 5380 3006 5452 quoad
3035 5384 3283 5450 possunt,
3319 5382 3550 5428 veterem

1975 5481 2120 5536 illam
2172 5478 2534 5533 hicrarchiam
2589 5474 2825 5531 similem
2856 5472 3135 5534 Romante,
3167 5480 3286 5537 qua:
3314 5464 3552 5535 vigebat,

1974 5578 2029 5625 et
2081 5567 2453 5623 eillorescebat
2499 5565 2554 5619 in
2609 5563 2882 5634 primaevis
2913 5562 3021 5618 illis
3064 5558 3317 5615 Ecclesia:
3355 5556 3563 5612 Grecae

1977 5660 2251 5717 nascentis
2293 5659 2555 5724 exordiis,
2590 5658 2862 5730 cujusque
2892 5669 3059 5725 penes
3085 5652 3189 5708 SS.
3218 5649 3567 5718 Dionysium.

3982 4176 3983 4211 1

3982 4262 3983 4283 1

3982 4294 3983 4333 1

3982 4522 3983 4553 1

3982 4582 3983 4623 1

3982 4626 3983 4657 1

3982 4852 3983 4893 1

3982 4946 3983 4975 1

3980 5044 3983 5085 1

3982 5088 3983 5131 1
