3898 6196
470 260 606 331 1ἇοζί

1160 268 1310 329 JOS.
1346 266 1608 328 MARLE
1647 268 2008 330 SUARESII
2046 270 2275 332 LIBER
2311 272 2947 335 CllRONOLOGlCUS

3644 262 3775 329 ιωι

468 375 758 448 lgnatium,
811 382 865 429 et
904 373 1273 440 Clementem,
1324 377 1570 447 aliosque
1597 376 1815 433 Crmcos
1863 376 2047 433 Patres
2076 403 2121 453 Α
2153 381 2268 437 rius
2320 381 2547 449 pi'ola'a,
2588 397 2686 437 seu
2718 382 2826 435 duo
2856 380 3182 436 candelabra
3215 378 3465 435 lucentia
3506 375 3692 430 etiam
3726 377 3773 431 in

467 478 684 522 exstant
730 466 951 537 vestigia
980 476 1034 521 et
1063 480 1403 539 argumenta,
1435 486 1558 524 cum
1600 470 1857 525 Ecclesiae
1895 468 2053 525 Occi-

468 557 697 611 dentalis
744 570 799 611 et
850 555 1142 612 Orientalis
1194 558 1478 615 unanimes
1536 569 1591 614 et
1645 572 2048 628 contesseratrc,

470 661 634 720 atque
687 651 964 706 fmderatze
998 652 1216 706 vinculo
1247 651 1552 718 charitatis,
1588 662 1641 708 et
1672 654 1879 723 glutine
1912 670 2052 710 verat

467 744 775 797 concordia:
810 744 1279 807 consociarentur,
1332 752 1585 811 tanquam
1614 747 1735 799 dua:
1780 746 1954 811 olivae,
1987 746 2054 799 de

2156 475 2316 528 terris
2344 484 2471 527 ante
2521 472 2811 529 Dominum
2844 473 3275 538 Dominatorem,
3313 472 3667 541 Apocalyps.
3700 485 3774 535 It,

2156 567 2210 631 4,
2241 582 2363 635 quie
2405 576 2464 618 ut
2520 566 2849 621 resarciatur
2881 566 3063 621 divina
3118 566 3488 619 miseratione
3548 559 3773 614 tandem

2159 657 2478 727 aliquando,
2513 656 2980 726 quemadmodum
3020 666 3133 712 toto
3183 655 3405 717 allecto,
3445 655 3775 720 inﬁmoque

2159 764 2353 819 precor
2380 765 2446 803 ex
2479 750 2681 810 animo.
2716 748 2799 804 sic
2822 758 2878 803 et
2903 750 3117 804 ominor
3152 749 3545 818 perluhenter.

352 910 355 913 Δ
467 835 670 903 quibus
742 834 1059 901 Zacharias,
1093 841 1146 889 et
1182 832 1333 887 Nilus
1373 835 1487 903 ipse
1524 834 1579 887 in
1621 832 1860 919 Epistula
1893 850 2057 907 supe-

822 1011 908 1071 De
942 1012 1283 1073 tcntatione
1313 1011 1380 1072 S.
1417 1009 1551 1074 Nili
1580 1007 1850 1083 abbatis,
1885 1019 1943 1073 et
1972 1010 2218 1091 reliqua
2262 1011 2416 1083 vita,
2447 1020 2503 1072 et
2552 1018 2775 1084 morte,
2806 1020 2994 1091 atque
3024 1010 3334 1092 sepulcro.

543 1194 663 1252 Uno
708 1196 899 1267 spiritu
948 1213 1052 1251 non
1106 1196 1279 1265 potuit
1330 1195 1436 1250 vita
1478 1194 1582 1249 Nili
1635 1196 1936 1250 transcurri
1990 1212 2055 1252 ac
2155 1197 2268 1253 lius
2312 1206 2518 1267 partes,
2565 1196 2875 1267 Europam,
2909 1198 3095 1253 Asiam
3141 1207 3196 1253 et
3234 1196 3485 1252 Africam
3529 1197 3775 1252 inunda-

468 1287 1021 1357 cssuperarizclivus
1068 1298 1151 1341 est
1200 1287 1362 1341 altior
1411 1296 1465 1342 et
1512 1287 1804 1352 excelsior;
1851 1288 2054 1343 levavit
2161 1301 2290 1347 runt
2319 1290 2620 1360 superfusis
2656 1291 3008 1347 examinibus
3036 1290 3365 1360 populorum
3398 1290 3620 1345 exinde
3648 1307 3775 1361 pro-

468 1379 667 1449 quippe
698 1380 777 1432 vir
803 1377 1035 1431 eximius
1067 1378 1254 1432 oculos
1291 1377 1358 1431 ad
1387 1386 1597 1432 montes
1630 1378 1865 1448 erigens,
1899 1392 2057 1432 suos—
2152 1383 2466 1451 lectorum;
2500 1382 2772 1438 Cimbrica
2808 1398 3004 1451 nempe
3038 1383 3425 1439 Chersonesus
3468 1399 3504 1435 a
3550 1394 3775 1451 septen-
3850 1436 3851 1439 η

467 1484 571 1537 que
613 1484 833 1538 gressus
875 1467 1075 1521 direxit
1120 1466 1186 1521 ad
1228 1482 1412 1536 rupes,
1458 1476 1510 1522 et
1553 1482 1685 1521 saxa
1722 1465 1962 1535 prmaba,
2002 1473 2057 1519 et

2169 1477 2471 1541 trione;ab
2496 1483 2685 1531 austro
2706 1486 2887 1530 autem
2915 1475 3133 1537 Arabia,
3171 1492 3311 1544 quae,
3347 1478 3560 1531 saltem
3597 1476 3773 1542 Felix,
3850 1464 3851 1467 “

468 1562 720 1615 sublimia
752 1576 875 1615 cum
909 1559 1191 1614 ΤΙιεοάιιὶο
1224 1559 1356 1625 filio,
1398 1574 1523 1613 vere
1698 1574 1878 1614 δεινο.
1911 1557 2056 1612 Tan-
2163 1570 2457 1625 Ρρηίηευιει
2508 1569 2738 1633 videtur,
2790 1569 2919 1624 hinc
2974 1570 3097 1624 sinu
3465 1570 3599 1625 siye
3634 1576 3775 1624 mn“

467 1653 639 1722 tisper
679 1653 843 1725 igitur
870 1651 1368 1722 conquiescendum
1404 1649 1505 1704 fuit
1546 1666 1653 1704 una
1690 1667 1813 1706 cum
1852 1650 1958 1705 illis
2002 1650 2055 1703 in

2169 1665 2466 1734 Erythraeo,
2516 1662 2666 1717 illinc
2698 1662 2821 1717 sinu
2857 1662 3112 1727 Persico,
3146 1671 3260 1717 tum
3294 1663 3366 1717 ab
3412 1678 3647 1719 oceano
3680 1662 3765 1716 Ini
3852 1666 3853 1685 ‘

472 1745 759 1800 Sinaiticis
804 1745 974 1815 jugis,
1031 1745 1086 1796 in
1131 1744 1413 1798 montibus
1468 1743 1582 1807 Dei,
1644 1745 1697 1798 in
1746 1744 1947 1815 quibus
1979 1743 2054 1796 illi

2169 1730 2280 1814 dico
2305 1757 2485 1811 abluta
2515 1766 2567 1811 et
2594 1756 2958 1826 circumsepta
2979 1771 2994 1821 ;
3016 1770 3144 1810 cum
3182 1753 3392 1811 Petraaa
3416 1766 3477 1810 ea
3518 1754 3768 1821 Deserta;

473 1838 732 1891 solitarire
766 1838 890 1891 vitae
938 1835 1345 1907 prmgustabant
1387 1837 1777 1891 suavissimam
1812 1836 2057 1891 dulcedi—

472 1947 621 1984 nem.
659 1929 845 1999 Itaque
868 1927 973 1982 Nili
1029 1930 1224 1998 patria,
1250 1928 1490 1993 nomine,
1520 1928 1737 1993 studiis,
1776 1929 2056 1998 dignitate,

472 2020 725 2090 conjuge,
773 2020 943 2089 prole.
988 2019 1302 2082 virtutibus,
1346 2019 1723 2084 conversione,
1759 2020 2056 2091 rebusque,

473 2113 652 2179 quoad
702 2111 919 2181 assequi
967 2112 1141 2181 potui,
1184 2111 1373 2179 gestis,
1421 2112 1700 2182 hucusque
1744 2115 2056 2179 transactis,

475 2203 808 2274 colligendus
838 2213 918 2258 cst
947 2202 1160 2257 fructus
1186 2203 1419 2258 tirocinii
1458 2205 1767 2272 nionastici,
1805 2206 1857 2260 in
1886 2223 2061 2278 eoque

2158 1865 2284 1903 nam
2316 1849 2371 1907 in
2403 1848 2504 1905 bas
2539 1856 2649 1902 tres
2681 1856 2790 1900 tota
2832 1845 3093 1900 dividitur
3124 1845 3345 1911 Arabia,
3385 1861 3615 1916 perque
3646 1848 3769 1901 ista:

2159 1941 2297 1997 duas
2321 1942 2563 1995 adlimret
2592 1938 2924 2003 Palasstinm,
2958 1955 3024 1994 ac
3058 1939 3248 2009 Syria‘,
3283 1955 3312 1993 a
3343 1955 3454 2009 qua
3488 1940 3760 1997 dirimitur.

2159 2033 2435 2103 Euphrate
2469 2032 2633 2087 ﬂuvio
2654 2030 3032 2097 interﬂuente;
3066 2031 3484 2086 Chersonesum
3517 2032 3759 2086 Cimbri

2158 2142 2278 2182 eain
2312 2142 2342 2181 a
2376 2125 2612 2181 Cimbris
2653 2126 2854 2181 dictam
2905 2124 3123 2193 populis
3147 2164 3163 2188 ,
3210 2138 3322 2193 quo
3354 2125 3600 2179 nomine
3637 2124 3742 2179 Ger

2163 2220 2308 2277 mani
2349 2227 2547 2275 vocant
2592 2219 2716 2281 τοὺς
2743 2218 2944 2289 λῃστάς
2966 2260 2981 2284 ,
3021 2218 3072 2272 id
3104 2226 3219 2283 est,
3260 2219 3550 2283 latrones,
3586 2221 3635 2275 si
3664 2235 3760 2288 qua

2159 2310 2293 2364 ﬁdes
2322 2309 2615 2365 Plutarcho
2661 2310 2714 2363 in
2744 2307 2953 2376 Mario,
3001 2309 3241 2364 arbitror
3281 2324 3410 2364 esse
3438 2311 3622 2365 ollam
3652 2327 3763 2366 suc-

2161 2415 2381 2463 eensam
2405 2440 2420 2465 ,
2452 2414 2616 2469 quam
2661 2397 2986 2468 praaviderat
3020 2395 3289 2453 Jeremias
3321 2413 3353 2453 a
3402 2398 3564 2454 facie
3624 2404 3764 2470 agni.

2161 2494 2307 2550 lonis
2330 2508 2382 2549 c.
2422 2507 2462 2558 ι,
2501 2507 2554 2546 v.
2591 2490 2677 2545 15.
2710 2489 2872 2546 Certe
2916 2488 3185 2552 Scandia,
3234 2490 3355 2546 sive
3382 2490 3759 2545 ‘Scandinaria

2164 2586 2275 2655 (ita
2318 2583 2466 2640 enim
2505 2590 2854 2651 nuncupatur
2908 2579 3029 2636 haec
3074 2580 3361 2650 peninsula
3422 2583 3583 2637 inter
3629 2599 3769 2642 mare

2163 2678 2466 2743 Balticum,
2498 2693 2597 2732 seu
2638 2676 2919 2731 Codanum
2967 2674 3183 2739 sinum,
3218 2684 3276 2730 et
3315 2691 3608 2735 oceanum
3652 2694 3769 2749 sep.

2164 2769 2546 2831 tentrionalem
2580 2777 2808 2824 extensa
2846 2765 3023 2822 Plinio
3046 2775 3104 2821 et
3127 2766 3352 2836 Solino)
3400 2770 3771 2837 cognomina-

473 2848 749 2901 Abrabam
780 2847 915 2902 Gen.
953 2864 1087 2914 χιιι,
1122 2848 1146 2900 1
1178 2862 1331 2918 seqq.
1377 2862 1542 2918 super
1592 2847 1745 2904 Isaac
1800 2849 1913 2903 filio
1962 2864 2066 2907 suo
2164 2876 2256 2922 ιω-
2300 2864 2494 2933 vagina
2516 2862 2781 2934 gentium,
2804 2868 2860 2914 et
2883 2858 3099 2915 ollicina
3118 2859 3435 2923 nationum,
3462 2859 3608 2929 quia
3632 2860 3770 2914 sicut

475 2940 787 3011 unigenito,
820 2956 980 3010 quem
1021 2939 1281 3010 diligebat
1318 2940 1497 3007 unice,
1546 2950 1604 2995 ut
1645 2941 1732 3010 pia
1767 2941 1887 3010 ejus
1935 2942 2065 2998 obe-

2169 2958 2346 3013 innuit
2366 2956 2672 3011 Jornandes
2696 2953 2789 3023 (an
2817 2951 3129 3008 Gordianus
3159 2951 3457 3016 diaconus,
3488 2954 3596 3022 qui
3650 2955 3773 3008 scri-

474 3033 676 3088 dientia
707 3033 873 3104 676
905 3032 1226 3102 probaretur
1261 3031 1477 3086 sazculis
1508 3031 1563 3085 in
1595 3032 1845 3088 notitiam
1880 3033 2062 3104 prole-

2169 3051 2358 3122 psitde
2373 3049 2537 3104 rebus
2566 3045 2805 3102 Geticis?
2822 3046 2864 3110 ),
2882 3059 2948 3099 ex
2969 3059 3033 3100 ea
3058 3043 3317 3098 nimirum
3344 3043 3775 3135 innumerabilis

474 3126 665 3193 renda;
702 3125 861 3195 idque
889 3125 1182 3181 observant
1211 3132 1433 3179 sanctus
1462 3121 1823 3195 Augustinus,
1844 3125 1942 3188 lib,
1974 3141 2062 3181 xvi

2171 3121 2457 3194 hominum
2502 3135 2793 3191 multitudo
2842 3132 3075 3188 diversis
3123 3130 3466 3200 temporibus
3508 3133 3775 3200 pmsiliit,

477 3215 555 3285 De
602 3218 814 3271 civitate
842 3215 956 3280 Dei,
996 3232 1045 3271 c.
1080 3215 1169 3281 52,
1203 3224 1257 3271 et
1295 3225 1519 3272 sanctus
1547 3215 1787 3273 Joannes
1823 3216 2068 3289 Chryso-
2167 3240 2224 3288 ει
2254 3245 2351 3300 per
2388 3238 2585 3292 ιοιιιηι,
2630 3240 2795 3297 quam
2846 3224 2953 3279 late
2994 3232 3162 3294 patet,
3206 3222 3420 3277 telluris
3446 3222 3780 3278 habitabile

2168 3325 2406 3396 spatium
2452 3322 2579 3377 inde
2624 3318 3030 3390 commigravit,
3083 3331 3219 3371 neve
3266 3324 3509 3385 repetam
3564 3315 3781 3371 eﬂusas

2168 3417 2368 3475 exinde
2393 3414 2672 3481 Cimbros,
2710 3412 3043 3475 Ambronas,
3074 3419 3132 3466 et
3165 3408 3453 3469 Teutonas,
3492 3423 3527 3461 a
3566 3408 3785 3463 Catulo

2170 3511 2339 3575 variis
2379 3509 2581 3581 praeliis
2608 3506 2848 3571 attritos,
2882 3512 2939 3560 et
2968 3519 2999 3559 a
3028 3503 3090 3559 C.
3139 3501 3298 3557 Mario
3322 3500 3385 3553 ad
3415 3499 3785 3555 internecio-

2170 3615 2298 3665 nem
2342 3613 2516 3668 usque
2575 3595 2782 3650 deletos
2812 3594 2866 3648 in
2905 3591 3188 3664 provincia
3216 3588 3602 3654 Narbonense,
3645 3588 3784 3642 duo

2174 3689 2379 3747 Gallias
2406 3688 2706 3760 pervagati,
2730 3695 2786 3741 et
2815 3684 3187 3749 Germaniam,
3215 3681 3540 3736 invaderent
3562 3680 3781 3735 italiam

2170 3781 2280 3838 sub
2311 3794 2518 3835 annum
2554 3777 2622 3832 ab
2649 3776 2798 3833 Urbe
2826 3775 3047 3830 condita
3079 3772 3207 3838 650,
3240 3781 3294 3827 et
3322 3781 3451 3827 ante
3482 3770 3779 3825 Christum

474 2296 843 2366 percipiendo,
902 2305 954 2349 et
988 2295 1354 2365 excerpendo,
1398 2305 1452 2351 et
1490 2298 1755 2368 quidquid
1798 2300 1922 2356 vita:
1966 2317 2061 2357 su-

474 2391 675 2461 perfuit
706 2389 1061 2455 recensendo,
1089 2391 1240 2461 juvat
1272 2406 1491 2460 operam
1526 2408 1725 2448 navare
1754 2380 2056 2460 strenuam,

472 2484 647 2539 donec
690 2483 755 2537 ad
806 2492 1006 2537 metam
1056 2483 1401 2552 perveniam,
1454 2483 1814 2554 ultimamque
1857 2485 2060 2542 lineam

474 2577 694 2641 ducam,
726 2583 777 2629 et
814 2575 1062 2644 sepulcra
1094 2590 1444 2644 componant.

546 2664 847 2720 Intentator
875 2674 959 2719 cst
988 2664 1259 2719 malorum
1290 2663 1466 2731 Deus,
1498 2665 1576 2722 uti
1620 2667 1814 2723 scribit
1842 2679 2065 2724 sanctus

471 2755 711 2812 Jacobus
758 2757 1040 2828 apostolus
1077 2757 1129 2810 in
1165 2757 1327 2827 epist.
1366 2774 1419 2823 v,
1462 2758 1548 2813 l3.
1582 2758 1833 2813 Tentavit
1879 2768 2064 2814 tamen

479 3317 713 3369 stemus,
748 3309 894 3362 hom.
924 3309 957 3362 4
982 3309 1035 3361 in
1073 3306 1283 3371 (Σωτάδη
1311 3323 1419 3361 non
1452 3316 1631 3361 autem
1664 3308 1767 3377 ipsi
1817 3308 1945 3376 Deo,
1980 3309 2068 3365 cui

480 3410 607 3455 nota
660 3410 777 3454 erat
837 3400 958 3470 ejus
1006 3398 1140 3456 fides
1193 3398 1517 3470 singularis.
1574 3397 1799 3461 Tentari
1850 3417 2069 3472 quoque

481 3494 728 3565 permisit
760 3494 902 3549 Deus
942 3509 1160 3549 servum
1209 3509 1371 3549 suum
1424 3492 1526 3551 Job
1566 3494 1704 3564 (toto
1736 3496 1874 3565 libro
1903 3495 2068 3575 Job),

480 3587 575 3645 sed
619 3587 790 3642 fidelis
839 3587 1171 3651 Altissimus,
1235 3604 1415 3659 neque
1480 3589 1687 3658 patitur
1736 3605 2067 3660 quemquam

483 3680 677 3739 tentari
709 3695 875 3749 supra
906 3678 959 3734 id
992 3679 1137 3751 quod
1183 3688 1384 3749 potest,
1419 3679 1551 3737 facit
1589 3681 1753 3737 etiam
1790 3698 1915 3739 cum
1952 3692 2073 3738 ten-

481 3773 688 3827 tatione
717 3781 1063 3842 proventum,
1097 3771 1176 3827 sic
1200 3771 1345 3826 enim
1379 3772 1574 3842 probat
1604 3773 1752 3828 velut
1777 3775 2073 3845 explorans

476 3865 756 3935 justorum
798 3863 993 3929 ﬁdem,
1032 3879 1063 3921 e
1101 3872 1295 3920 sancto
1334 3864 1508 3920 Paulo
1536 3864 1582 3920 ll
1605 3866 1732 3923 Cor.
1772 3883 1841 3932 ιι,
1878 3867 1985 3934 15;
2020 3874 2076 3925 et
2176 3880 2366 3928 natum
2397 3871 2531 3933 102,
2560 3868 2890 3925 testantibus
2929 3866 3095 3939 677
3147 3863 3427 3920 Plutarch.
3466 3864 3524 3917 in
3580 3862 3780 3923 Mario,

368 4038 371 4041 Α
482 3973 513 4011 e
543 3966 736 4017 sancto
782 3958 1125 4030 Augustino,
1155 3972 1320 4014 serm.
1348 3973 1388 4012 ιι
1436 3956 1516 4012 Dc
1565 3960 1733 4013 verbis
1776 3958 1991 4013 Domini
2019 3960 2077 4014 in
2175 3962 2378 4035 p.t40;
2414 3960 2639 4026 Velleio,
2671 3960 2766 4015 lib.
2790 3974 2850 4026 ιι,
2881 3973 3005 4030 pag.
3043 3957 3176 4023 H9;
3198 3954 3440 4019 Iustino,
3465 3955 3568 4011 lib.
3592 3970 3781 4019 smn,

484 4047 798 4104 Matt/ticum
824 4066 876 4116 ι,
901 4059 960 4104 ιιι
987 4063 1083 4105 eos
1103 4056 1351 4105 coronet.
1376 4046 1580 4109 Sancto
1600 4048 1891 4105 Ambrosio
1916 4057 2072 4114 teste,
2177 4068 2303 4124 pag.
2343 4050 2487 4119 220;
2534 4050 2741 4105 Annaeo
2783 4047 2946 4103 Floro
2965 4086 2982 4112 ,
3013 4047 3107 4101 lib.
3145 4062 3227 4100 ιιι.
3267 4060 3319 4100 c.
3356 4047 3412 4111 3;
3442 4044 3653 4111 Plinio,
3684 4046 3780 4101 lib.

483 4138 579 4198 lib.
612 4156 666 4195 iv
721 4140 796 4196 De
835 4141 1064 4209 Abram,
1115 4156 1167 4199 c.
1198 4140 1270 4206 8,
1319 4155 1421 4197 nec
1455 4140 1709 4208 sustinet,
1752 4141 1993 4213 sinitque
2021 4143 2076 4205 in
2180 4160 2257 4210 IV,
2280 4158 2333 4199 e.
2364 4144 2463 4209 μς
2505 4141 2678 4197 Paulo
2718 4140 2940 4205 Orosio,
2965 4138 3060 4194 lib.
3093 4154 3150 4205 v,
3184 4152 3237 4193 ιε.
3274 4136 3374 4202 i6;
3424 4134 3703 4205 Eutropio
3731 4138 3783 4190 in

485 4236 838 4291 tentationem
888 4250 984 4290 eos
1030 4234 1238 4299 induci,
1282 4235 1365 4289 vel
1405 4235 1716 4309 εἰσενέγκῃ.
1762 4243 1823 4291 ιιι
1852 4244 2079 4291 sanctus
2178 4237 2428 4308 Epitome
2454 4235 2712 4301 Liviana;
2756 4231 3067 4289 Berthaudo
3098 4231 3154 4285 in
3187 4228 3343 4285 Flor.
3384 4229 3537 4285 Call.
3574 4231 3672 4284 lih.
3702 4247 3784 4293 ιιι,

482 4325 826 4397 Augustinus
853 4328 1078 4397 exponit
1109 4343 1158 4382 c.
1188 4329 1244 4394 9,
1275 4328 1369 4383 lib.
1401 4344 1438 4383 ιι
1472 4328 1549 4383 De
1574 4344 1735 4383 serui.
1774 4327 1993 4385 Domini
2020 4331 2079 4383 in
2179 4347 2230 4386 c.
2262 4329 2316 4385 4.
2361 4328 2499 4385 Cum
2559 4327 2753 4382 Decius
2801 4324 3072 4395 Traianus
3122 4323 3453 4393 imperaret,
3506 4320 3685 4375 Gothi
3722 4337 3785 4376 ex

479 4428 682 4484 monte,
716 4434 816 4475 nec
852 4419 1076 4473 omnino
1119 4420 1380 4486 immittit,
1422 4435 1519 4477 seu
1557 4418 1819 4491 relinquit
1862 4419 2071 4490 virgam
2102 4419 2152 4478 Ι)
2175 4421 2364 4479 eadem
2403 4418 2692 4489 peuiusula
2719 4417 2849 4481 orti,
2883 4414 3212 4484 deductique
3236 4414 3290 4467 in
3322 4410 3645 4483 Scythiam.
3669 4422 3788 4466 turn

478 4521 834 4597 peccatorum
870 4525 1037 4581 super
1074 4519 1278 4581 sortem
1305 4512 1581 4582 justorum
1608 4551 1624 4579 ,
1655 4527 1688 4567 e
1720 4512 1862 4582 psal.
1891 4528 2075 4582 castv,

442 4606 544 4683 ’75,
602 4613 662 4660 ut
709 4606 946 4677 explicat
1001 4603 1451 4676 eloquentissime
1501 4612 1730 4661 sanctus
1784 4603 2079 4677 Gregorius

482 4699 886 4769 Naianzcnus,
913 4707 1055 4754 orat.
1088 4715 1125 4763 ι,
1164 4714 1218 4769 p.
1255 4697 1383 4755 588.

560 4791 811 4849 Tentavit
839 4793 1002 4849 etiam
1032 4793 1217 4851 Nilum
1249 4790 1395 4849 Deus
1424 4805 1589 4862 super
1619 4789 1734 4847 filio
1769 4803 1874 4847 suo
1899 4786 2082 4846 Theo-

478 4885 619 4949 dqu
644 4925 661 4952 ,
716 4895 776 4941 ut
839 4885 1002 4941 ambo
1057 4884 1412 4957 pretiosiores
1464 4882 1841 4939 invenirentur
1896 4896 2036 4939 auro
2061 4923 2078 4949 ,

479 4979 632 5050 quod
675 4994 773 5049 per
802 4980 980 5050 ignem
1012 4979 1305 5049 probatur,
1339 4995 1372 5036 e
1399 4986 1594 5036 sancto
1637 4977 1800 5034 Petro
1847 4975 1903 5047 (ι
1930 4975 2077 5032 Petr.

485 5084 540 5139 ι,
583 5069 979 5140 7).Cecinerat
1019 5067 1320 5139 profanus,
1363 5077 1421 5124 et
1452 5068 1725 5140 relegatus
1768 5064 1859 5120 ille
1898 5073 2078 5134 poeta:

560 5172 776 5244 Scilich
804 5181 860 5226 ut
891 5172 1095 5241 [suum
1124 5182 1393 5244 spectatur
1413 5173 1469 5227 in
1498 5173 1716 5244 ignibus
1737 5184 1967 5237 aurum,

638 5242 888 5314 Tempore
912 5245 989 5303 sic
1015 5242 1159 5299 duro
1179 5255 1256 5298 est
1282 5243 1611 5314 inspicienda
1641 5242 1796 5313 ﬁdes.

485 5348 755 5421 llancque
804 5357 1188 5420 tempestatem
1232 5348 1599 5419 procellosam
1648 5352 1945 5403 consecuta
1997 5349 2084 5401 est

486 5442 759 5506 mirabilis
801 5443 1200 5514 tranquillitas,
1241 5441 1506 5511 illmsique
1567 5440 1789 5497 fuerunt
1834 5438 2000 5493 ambo
2026 5436 2080 5492 in

2182 4512 2332 4569 Getis
2374 4512 2623 4578 immisti,
2654 4510 2929 4582 Cotbique
2964 4508 3241 4580 appellati,
3272 4506 3433 4577 quasi
3468 4506 3703 4577 τύητες,
3740 4506 3789 4558 id

2178 4607 2264 4658 est
2291 4600 2458 4671 magi,
2478 4600 2595 4656 sive
2627 4600 3018 4664 incautatores,
3041 4611 3169 4651 eum
3197 4594 3549 4650 devicerunt.
3596 4594 3730 4648 lo:
3762 4610 3789 4645 a

2180 4690 2430 4759 Claudio,
2470 4688 2762 4758 Proboque
2811 4688 3029 4754 domiti,
3060 4696 3116 4743 et
3142 4685 3333 4743 crediti
3384 4684 3506 4756 Gog
3561 4696 3625 4740 et
3674 4684 3793 4739 la-

2180 4795 2305 4854 gog,
2369 4796 2511 4854 quos
2570 4779 2965 4853 praeimntiarat
3033 4778 3285 4836 Ezechiel
3335 4793 3385 4835 c.
3450 4793 3673 4833 sum:
3744 4788 3795 4833 et

2180 4887 2373 4939 xxxix,
2396 4880 2453 4930 et
2480 4873 2549 4931 de
2569 4872 2773 4944 quibus
2794 4871 2907 4942 agit
2933 4880 3163 4927 sanctus
3178 4866 3445 4935 Joannes,
3466 4868 3787 4940 Apocalyp.

2180 4981 2274 5033 xx,
2312 4966 2379 5034 7;
2421 4975 2646 5023 sanctus
2675 4965 3022 5035 Augustinus
3069 4963 3172 5020 lib.
3224 4977 3294 5020 xx
3350 4961 3432 5018 De
3475 4960 3639 5017 civit.
3672 4960 3794 5024 Da’,

2182 5074 2235 5114 c.
2259 5057 2346 5125 ll;
2365 5056 2618 5123 Orosius,
2647 5056 2743 5113 lib.
2763 5069 2862 5120 vn,
2886 5069 2936 5111 e.
2955 5053 3047 5120 39,
3070 5052 3403 5123 fortunaque
3427 5067 3563 5109 cum
3578 5052 3797 5109 Bona-

2180 5150 2271 5213 nia
2311 5151 2432 5208 orbi
2489 5148 2901 5207 dominantibus
2933 5162 3082 5203 nunc
3118 5160 3404 5217 prospera,
3444 5146 3799 5216 quandoque

2178 5243 2412 5301 adversa
2457 5250 2760 5315 pugnantes
2806 5239 3089 5297 Valentem
3132 5237 3416 5304 fuderunt,
3455 5237 3593 5292 dein
3644 5236 3797 5293 εσυ.

2184 5333 2597 5406 stantinopolim
2630 5332 2987 5397 obsederunt,
3035 5329 3164 5387 inde
3202 5327 3434 5385 Romam
3486 5338 3795 5400 eam

2176 5438 2237 5488 α
2256 5428 2616 5485 obtinuerunt
2630 5426 2738 5482 sub
2759 5426 3003 5499 regibus,
3025 5424 3202 5480 donec
3223 5437 3253 5477 a
3279 5419 3515 5478 Narsete
3538 5422 3795 5487 sulmcti,

492 5534 656 5601 aquis
698 5534 914 5596 validis.
941 5534 984 5590 ll
1014 5534 1172 5591 Esdr.
1203 5549 1281 5600 ix,
1309 5533 1397 5588 ll.
1421 5531 1551 5588 Dure
1578 5540 1709 5588 sunt
1735 5529 2080 5601 potissimum
2174 5531 2236 5580 et
2269 5520 2614 5578 exterminati
2652 5519 2874 5577 fuerunt
2904 5534 2961 5573 in
2995 5515 3174 5573 italia.
3203 5514 3339 5582 Qum
3365 5524 3554 5570 autem
3586 5528 3797 5569 eorum

496 5624 556 5683 in
592 5626 847 5681 universo
881 5638 1150 5683 terrarum
1182 5627 1317 5683 orbe
1356 5624 1641 5696 regiones,
1675 5638 1799 5694 qum
1828 5622 1995 5677 variis
2023 5621 2078 5675 in
2182 5614 2366 5686 portio
2410 5612 2468 5668 in
2515 5610 2870 5669 Narbonense
2916 5608 3197 5682 provincia
3249 5605 3601 5668 subsederat.
3654 5619 3795 5675 qua

490 5715 709 5781 sanatis
757 5726 867 5770 tres
903 5719 1235 5775 notissimas.
1270 5728 1322 5774 et
1362 5695 1697 5775 cohaerentes
1743 5715 1974 5772 invicem
2012 5713 2078 5770 il-
2185 5705 2254 5764 ab
2302 5706 2389 5763 bis
2434 5703 2750 5776 Langotbia'.
2804 5717 3001 5761 nomen
3046 5700 3149 5759 fuit
3194 5700 3422 5768 sortita,
3474 5707 3669 5770 postea
3722 5695 3791 5752 in
