3998 6214
477 242 610 308 140⁸1

1225 242 1356 304 JOS
1414 239 1679 302 MARI/E
1712 237 2071 300 SUARESII
2112 235 2340 298 LIBER
2379 236 3018 301 CHRONOLUGICUS

473 348 661 405 τιανοῦ
712 348 808 403 τοῦ
864 347 1169 419 βασιλέως,
1223 350 1322 402 καὶ
1374 345 1586 418 Πέτρηυ
1635 345 2075 417 ἀρχιεπισκόπου

2197 360 2295 400 :em
2343 348 2778 416 persecutionem
2820 344 3140 402 Diocletiani
3190 343 3455 400 adversus
3487 342 3765 399 Christia-

489 441 898 512 Ἀλεξανδρείας
916 439 1284 511 ἀνῃρέθησαν,
1310 437 1406 492 καί
1432 438 1614 510 ἕτεροι
1653 436 2067 507 Ἦσυχάζοντες,

478 536 574 586 καὶ
602 532 758 586 αὐτοὶ
791 533 851 583 ἐν
877 530 955 601 τῷ
986 530 1114 601 Σινᾷ
1152 529 1290 599 lipsi.
1322 527 1663 593 Ἐξελθόντες
1689 527 1799 597 γὰρ
1820 528 2072 580 eluctata

479 622 703 686 κοῦντες
743 624 838 676 καὶ
869 622 1026 675 αὐτοὶ
1054 624 1111 673 ὲν
1159 620 1238 691 τῷ
1276 620 1408 691 Σινᾷ
1436 620 1553 692 ὅραι
1582 619 1911 690 Σαρακηνοὶ,
1937 620 2075 671 ἀπο-

482 712 731 775 θανόντος
781 711 875 765 τοῦ
937 710 1217 780 φυλάρχου
1258 710 1460 775 αὐτῶν,
1495 710 1727 772 πολλοὺς
1773 710 2074 778 ὶφόνευσαν

481 802 591 857 τῶν
620 802 875 872 ἀσκητῶν
894 818 907 832 ’
927 801 1039 856 τῶν
1067 803 1124 855 δὲ
1157 801 1361 855 λοιπῶν
1391 801 1670 870 φυγόντων
1703 802 1786 862 ei;
1830 800 1892 854 τὸ
1939 798 2073 869 ὀχύ-

485 912 670 965 ρωμα,
712 894 884 966 ἐφάνη
938 897 1055 957 τοῖς
1101 894 1438 964 Σαρακηνοῖς
1480 892 1571 945 διὰ
1599 892 1698 961 τῆς
1726 891 1921 954 νυκτὸς
1941 889 2074 959 φλὸξ

484 988 667 1056 πυρὸς.
683 986 1055 1040 κατακαίουσα
1079 986 1199 1038 ὅλον
1223 983 1285 1037 τὸ
1310 984 1435 1053 ὅρος
1454 1001 1469 1015 ·
1498 985 1533 1053 ὴ
1564 982 1623 1035 δὲ
1651 982 1785 1052 φλὸξ
1810 983 2077 1052 ἀνήρχετο

485 1077 588 1140 ἕως
641 1079 736 1130 τοῦ
788 1076 1055 1145 οὐρανοῦ⁵
1091 1076 1187 1130 καὶ
1219 1076 1421 1137 ιδόντες
1455 1076 1506 1127 ol
1544 1074 1855 1144 Σαρακηνοὶ
1878 1073 2077 1145 ἐφοϐή-

486 1168 679 1236 θησαν,
726 1169 820 1220 καὶ
869 1167 1125 1237 ῥίψαντες
1171 1166 1239 1218 τὰ
1268 1166 1409 1218 ὅπλα
1438 1163 1618 1217 αὐτῶν
1654 1163 1878 1233 ἔφυγον.
1920 1165 1983 1218 Ol
2017 1164 2077 1217 δὲ

487 1262 702 1329 πρῶτον
762 1259 1064 1327 σφαγέντες
1112 1254 1254 1329 ἦσαν
1294 1260 1594 1329 τριάκοντα
1651 1257 1798 1309 ὀκτὼ
1860 1256 2077 1327 ἔχοντες

491 1351 707 1419 πληγὰς
740 1350 1029 1422 διαφόρους
1056 1352 1112 1404 ὲν
1136 1352 1248 1413 τοῖς
1276 1349 1524 1419 σώμασιν
1555 1349 1735 1403 αὐτῶν
1756 1363 1772 1377 ⁶
1808 1348 1870 1413 ἐξ
1897 1349 2079 1401 αὐτῶν

488 1443 544 1496 δὲ
569 1443 841 1514 ᾑρέθησαν
874 1443 968 1497 δύο
997 1444 1197 1507 ζῶντες
1217 1482 1231 1505 ,
1257 1442 1473 1505 Σάϐϐας
1511 1444 1608 1495 καὶ
1645 1440 1905 1503 Ἦσαῐαρ
1933 1442 1984 1493 oi
2021 1439 2079 1494 δὲ

491 1535 839 1601 φονευθέντες
879 1537 928 1588 ol.
976 1535 1073 1603 μὲν
1116 1533 1216 1597 τὰς
1247 1533 1494 1602 usuali;
1527 1532 1929 1602 ἀπετμήθησαν
1985 1548 2078 1585 τε·

492 1626 673 1689 λείως,
701 1626 812 1677 τῶν
840 1626 897 1678 δὲ
931 1629 995 1678 ὲκ
1035 1625 1135 1679 τοῦ
1176 1626 1299 1688 ἑνὸς
1327 1625 1525 1697 μέρους
1552 1624 1776 1695 ἐκράτει
1802 1625 1865 1677 τὸ
1881 1623 2077 1695 δέρμα,

497 1718 645 1769 ἄλλοι
688 1718 854 1786 μέσον
901 1718 1182 1786 ἐκόπησαν
1223 1736 1238 1753 ο
1263 1716 1356 1779 οὓς
1384 1696 1588 1784 ἔθαψαν
1611 1716 1662 1768 oi
1690 1715 1789 1768 δύο
1820 1715 2076 1785 μοναχοὶ,
2109 1696 2153 1755 Β

496 1806 564 1858 τὰ
595 1806 724 1875 περὶ
746 1806 923 1861 αὐτῶν
947 1808 1194 1869 εἰπόντες
1216 1824 1229 1837 ο
1263 1807 1315 1861 id
1344 1815 1428 1861 est
1457 1848 1471 1862 .
1511 1806 1699 1860 Multis
1724 1818 1847 1860 ante
1887 1819 2087 1876 tempo—

500 1899 643 1950 ribus
701 1899 922 1966 (scilicet
972 1900 1278 1967 priusquam
1326 1897 1692 1951 occiderentur
1723 1914 1756 1949 a
1820 1897 2075 1951 Barbaris

503 1988 774 2050 Blennniis
821 1989 1062 2041 vocitetis
1107 1989 1202 2041 sub
1242 1987 1531 2042 Theodosio
1569 1988 1636 2040 Α.
1676 1988 1940 2054 monachi,
1968 2002 2085 2042 cunt

503 2079 690 2150 quibus
726 2090 838 2133 erat
874 2078 1081 2148 Nilus),
1108 2081 1204 2133 sub
1244 2080 1460 2147 imperio
1490 2079 1814 2133 Diocletiani
1841 2079 2086 2150 Augusti,

502 2182 549 2225 et
598 2172 751 2225 Petro
792 2171 1132 2226 Alexandria
1176 2173 1566 2241 archiepiscopo
1608 2178 1731 2229 cesi
1777 2173 2010 2242 fueram,
2040 2181 2091 2227 et

506 2266 603 2317 alii
652 2263 999 2333 tranquillam
1042 2265 1206 2317 vitam
1267 2264 1527 2333 degentes,
1579 2272 1630 2318 et
1673 2264 1777 2331 ipsi
1809 2279 2010 2333 quoque
2037 2264 2090 2316 in

507 2354 639 2409 Sina
698 2369 889 2409 monte.
948 2354 1161 2424 Eqressi
1200 2356 1393 2410 etenim
1453 2356 1545 2424 qui
1593 2364 1643 2409 et
1664 2355 1903 2409 habitant
1936 2370 2094 2424 prope

509 2442 639 2499 Sina
673 2455 896 2498 montem
937 2444 1215 2509 Saraceni,
1247 2456 1455 2499 mortuo
1482 2448 1721 2515 ipsorum
1757 2446 1924 2501 tribus
1954 2463 2093 2514 prte-

511 2534 664 2602 facta,
712 2533 966 2601 plurimos
1007 2534 1342 2587 trucidarunt
1378 2534 1744 2588 exercitationi
1792 2534 2095 2588 monasticae

509 2626 757 2686 deditos;
799 2625 1013 2692 reliquis
1066 2634 1240 2680 autem
1265 2627 1322 2679 in
1369 2627 1712 2680 munitionem
1744 2624 2111 2694 profugienli-i

512 2717 629 2781 bus,
685 2718 796 2770 visa
849 2718 951 2787 fuit
994 2717 1274 2773 Saracenis
1313 2719 1534 2786 ﬂamma
1574 2720 1874 2771 uniuersum
1905 2714 2098 2768 ambu-

513 2823 629 2861 rens
666 2819 914 2871 montem,
950 2826 1111 2880 eaque
1148 2811 1217 2862 ad
1259 2809 1447 2863 aulum
1480 2825 1643 2879 usque
1672 2807 1997 2877 assurgebat.
2032 2803 2099 2860 Id

514 2900 743 2952 videntes
775 2899 1029 2954 Saraceni
1075 2902 1455 2962 extimuernnt.
1504 2912 1553 2955 et
1615 2902 1727 2953 suis
1786 2900 1951 2953 armis
1999 2898 2099 2952 ab-

2179 451 2313 501 uos,
2354 440 2488 493 adiit
2522 439 2574 493 in
2619 438 2965 494 Palaestinam
2996 438 3324 493 adoraturus
3359 453 3519 494 sacra
3559 435 3765 491 Christi

2182 526 2398 583 Domini
2426 536 2777 584 monumenta
2801 546 2815 595 ;
2840 529 2968 583 hinc
2993 529 3232 599 perrexit
3248 528 3314 583 ad
3337 538 3586 583 montem
3615 525 3769 591 Sina,

2179 619 2234 673 in
2270 620 2430 689 cujus
2463 621 2779 685 solitudine,
2826 636 2890 674 ac
2923 622 3130 675 vertice
3176 621 3427 675 monachi
3474 619 3767 692 degebant,

2179 726 2414 781 quorum
2458 713 2625 769 vitam
2661 714 2961 784 angelicam
2992 713 3273 784 depingit;
3329 722 3443 767 tum
3480 723 3687 767 narrat
3728 725 3772 765 at

2182 802 2464 866 Saraceni,
2494 818 2620 858 cum
2652 819 2843 857 eorum
2872 803 2982 858 dux
3013 819 3043 859 e
3073 804 3184 858 vita
3215 803 3528 874 migrasset,
3557 802 3618 856 in
3649 800 3769 854 soln-

2182 894 2466 950 tudinibus
2488 894 2709 961 Getrab,
2740 894 2984 960 Chobar,
3020 906 3074 949 et
3098 895 3291 960 Cedar,
3317 894 3555 963 aliisque
3580 903 3771 946 sancto

2182 985 2355 1040 monti
2392 986 2680 1056 proximis,
2712 987 2906 1042 obvios
2944 1001 3194 1057 quosque
3231 986 3589 1055 pcremerint,
3627 1000 3773 1038 cutu-

2182 1092 2289 1146 que
2341 1076 2396 1130 in
2452 1087 2704 1133 sanctum
2755 1087 2995 1131 montem
3031 1085 3356 1146 pergerent,
3403 1077 3495 1130 cui
3544 1086 3772 1144 praeerat

2184 1170 2369 1233 Dulas.
2401 1168 2581 1224 dictus
2612 1169 2682 1223 ob
2714 1169 3188 1224 mansuetudinem
3226 1166 3436 1239 Moyses
3488 1167 3546 1220 in
3590 1165 3770 1229 Turri,

2185 1262 2373 1315 oborta
2410 1260 2593 1315 subito
2625 1259 2840 1316 ﬂamma
2885 1276 3007 1316 cum
3044 1259 3193 1314 fumo
3222 1261 3415 1313 terruit
3458 1256 3772 1317 Barbaros,

2185 1353 2278 1422 qui
2318 1354 2387 1407 ab
2417 1352 2634 1422 incepto
2671 1353 2997 1407 destiterunt
3024 1352 3250 1416 itinere;
3307 1359 3430 1419 post
3460 1364 3665 1403 eorum
3701 1366 3776 1402 re-

2185 1459 2402 1499 cessum
2427 1445 2615 1498 exiens
2637 1458 2667 1498 e
2690 1443 2851 1497 Turri
2884 1442 3050 1497 Dulas
3078 1458 3203 1496 cum
3235 1441 3546 1503 monachis,
3578 1442 3777 1508 reperit

2186 1537 2408 1607 triginta
2431 1543 2556 1590 octo
2578 1536 2878 1590 monachos
2902 1535 3135 1598 occisos,
3168 1550 3200 1588 e
3222 1535 3427 1603 quibus
3480 1532 3773 1585 duodecim

2189 1627 2243 1681 in
2279 1625 2480 1681 Getrab
2527 1628 2859 1682 monasterio
2904 1626 3188 1696 jacebant,
3216 1634 3265 1679 et
3297 1624 3507 1694 passim
3543 1623 3775 1691 dispersi

2184 1716 2298 1782 alii,
2331 1716 2603 1786 spirantes
2640 1727 2904 1786 praeterea
2964 1717 3137 1780 duos,
3181 1714 3421 1769 Sabbam
3461 1714 3689 1768 scilicet
3726 1729 3776 1767 ac

2186 1809 2405 1873 Isaiam,
2438 1825 2470 1864 e
2490 1810 2691 1880 quibus
2720 1809 2857 1864 obiit
2882 1807 3051 1864 Isaias
3082 1807 3403 1870 confestim,
3448 1816 3512 1861 at
3542 1806 3771 1867 Sabbas,

2186 1917 2311 1957 cum
2339 1902 2549 1957 cladem
2581 1901 2968 1969 recensuisset,
3007 1901 3088 1956 sic
3112 1916 3330 1971 quoque
3369 1900 3625 1954 decessit
3656 1915 3771 1969 qua-

2187 1994 2439 2064 draginta
2460 2001 2585 2063 post
2609 1993 2749 2058 dies,
2784 1993 2856 2047 ita
2887 2001 2946 2047 ut
2970 1992 3450 2065 quadragesimum
3486 2008 3765 2045 numerum

2189 2085 2585 2141 monachorum
2625 2100 2892 2142 caesorum
2938 2085 3304 2156 impleverim,
3337 2095 3393 2137 et
3440 2084 3567 2137 haec
3601 2085 3766 2137 cuiuis

2188 2177 2484 2250 contigisse
2552 2176 2787 2232 allirmat
2867 2178 2955 2234 die
3020 2177 3259 2232 secunda
3322 2178 3543 2230 mensis
3625 2174 3768 2245 Tybi.

2190 2284 2313 2340 quas
2343 2277 2697 2340 computatur
2718 2269 2787 2323 ab
2820 2268 3090 2340 Egyptiis
3122 2268 3189 2321 14
3215 2265 3484 2322 Januarii.
3521 2265 3773 2335 Adjungit

2193 2360 2283 2415 hie
2312 2359 2642 2431 Ammonius
2668 2367 2910 2429 stragem
2944 2358 3104 2412 aliam
3141 2356 3247 2412 sibi
3285 2357 3352 2409 ab
3377 2356 3564 2409 altero
3600 2372 3771 2408 nan-a-

2194 2460 2305 2507 tam
2339 2454 2632 2516 monacho,
2669 2452 2763 2521 qui
2791 2451 3024 2517 viderat,
3069 2459 3123 2504 et
3148 2447 3497 2517 confugerat.
3525 2450 3725 2502 editam
3748 2462 3769 2500 ι

2194 2545 2490 2611 Barbaris,
2556 2544 2955 2599 monachorum
3012 2543 3065 2596 in
3123 2540 3418 2596 solitudine
3463 2539 3675 2595 Baithu
3731 2542 3773 2591 is

2195 2637 2395 2691 Arabia
2445 2636 2673 2701 Petram,
2714 2635 3006 2689 Ptolemaeo
3037 2632 3290 2691 Rutheni,
3340 2631 3461 2685 sive
3494 2642 3563 2685 ut
3598 2632 3648 2683 in
3684 2630 3777 2682 Ba-

2198 2731 2305 2787 silii
2336 2729 2643 2796 Mcnologio
2676 2730 2897 2799 legitur,
2933 2738 2987 2782 ct
3010 2732 3061 2781 in
3094 2724 3367 2789 Romano,
3418 2728 3501 2779 in-
3530 2725 3779 2795 τερ-βω,

2198 2826 2325 2894 quia
2358 2824 2462 2879 sita
2489 2832 2572 2878 est
2609 2822 2664 2876 in
2712 2822 2849 2875 mari
2905 2820 3111 2884 Rubro,
3166 2834 3261 2874 seu
3311 2820 3378 2873 ad
3427 2819 3591 2873 littus
3627 2820 3781 2871 maris

2198 2915 2397 2979 Rubri,
2430 2924 2491 2969 ut
2521 2914 2637 2969 vult
2677 2914 2735 2968 P.
2770 2913 3108 2983 Augustinus
3146 2912 3418 2974 Lubiuus,
3457 2911 3777 2980 probatque,

505 2991 659 3088 Ῐεςιίέ
701 2993 1040 3062 aufugerunt
1085 2993 1189 3057 Qui
1231 3008 1354 3088 item
1414 2993 1644 3088 Primum
1696 2992 1855 3088 οσείξί
1885 2991 2098 3088 [κεῖαν
2123 3028 2169 3088 ο
2199 3007 2468 3064 referente
2487 3006 2718 3060 Domino
2756 3003 3015 3060 Mlehaele
3047 3004 3281 3057 Antonio
3308 3003 3629 3065 Bandrand,
3661 3016 3781 3071 geoo

517 3084 734 3154 triginta
774 3095 888 3138 acto
935 3095 1104 3149 erant,
1132 3086 1288 3139 rariis
1340 3084 1637 3138 uulneribus
1685 3084 1880 3137 concisi
1903 3084 2015 3137 suis
2044 3083 2101 3135 in

517 3177 842 3244 corporibus.
927 3176 1011 3230 Ea:
1062 3178 1143 3231 Itis
1186 3193 1345 3245 porro
1388 3176 1497 3231 duo
1558 3177 1659 3231 civi
1709 3176 2098 3245 superfuerunt,

518 3266 724 3320 Sabbas
770 3278 817 3320 et
877 3266 1067 3320 Esaias
1093 3284 1112 3320 :
1143 3268 1432 3336 interfectis
1458 3276 1636 3320 autem
1662 3266 1978 3336 quibusdam
2003 3282 2100 3319 ca-

515 3367 608 3426 put
664 3359 873 3426 penitus
924 3368 1003 3412 est
1031 3367 1386 3427 amputatum,
1419 3359 1718 3429 aliquorum
1748 3372 1867 3412 vero
1898 3370 1966 3413 ea:
1990 3373 2102 3413 una

516 3460 665 3517 parte
695 3451 831 3504 cutis
881 3449 1221 3517 retinebatur,
1276 3451 1405 3505 aliis
1454 3450 1739 3505 dimidium
1773 3450 2099 3507 exciderant.

518 3539 625 3596 Eos
658 3543 970 3609 sepelierunt
1015 3544 1119 3596 duo
1149 3543 1415 3610 monachi,
1451 3543 1545 3614 qui
1581 3543 1830 3599 dixerunt
1848 3559 2103 3614 quacun-

515 3649 616 3703 que
640 3633 748 3687 illis
790 3636 1137 3702 contigerunt.
1200 3635 1524 3692 Ammonius
1554 3636 1859 3708 presbyter,
1900 3648 1954 3694 et
1984 3651 2109 3693 mo-

518 3726 728 3780 nachus
762 3725 1071 3796 Egyptius,
1105 3741 1170 3781 ac
1200 3736 1406 3799 martyr
1434 3743 1560 3784 cum
1588 3737 1779 3785 sancto
1804 3728 1970 3786 Petro
1987 3729 2106 3801 epi-

518 3833 706 3888 scopo,
741 3829 905 3889 atque
950 3828 1190 3891 martyre
1216 3820 1702 3887 Alexandrino,ex
1735 3823 1975 3881 Eusebio
2002 3823 2100 3880 lib.

519 3925 641 3976 vut,
664 3926 714 3966 c.
738 3912 772 3966 9
801 3912 942 3967 llist.
970 3914 1179 3977 eccles.,
1202 3912 1362 3983 cujus
1391 3915 1715 3986 martyrium
1747 3915 1939 3973 Latine
1962 3914 2102 3971 ΚΡ.

520 4002 843 4061 Franciscus
875 4004 1145 4061 Combelis
1174 4005 1607 4073 laudatissimtts,
1638 4016 1694 4063 et
1728 4007 1939 4064 Gallice
1968 4006 2103 4063 ΚΡ·

520 4093 777 4151 Nicotaus
835 4093 911 4150 Le
978 4095 1157 4151 Sueur
1225 4096 1676 4153 accuratissimus
1729 4096 2107 4163 reddiderunt,

521 4187 681 4241 ambo
733 4186 976 4256 ejusdem
1034 4185 1288 4243 ordinis:
1327 4187 1676 4252 Ammonius,
1707 4186 1955 4257 inquam,
1990 4186 2106 4242 for-
2138 4208 2139 4211 η

524 4272 687 4328 tassis
742 4273 851 4338 ille,
899 4273 1059 4344 cujus
1106 4278 1346 4331 animam
1393 4276 1448 4332 in
1501 4276 1698 4333 ctelum
1748 4276 1946 4332 deferri
1975 4276 2109 4332 vidit

2206 3102 2416 3172 grapho
2467 3097 2800 3169 peritissimo
2842 3096 2895 3150 in
2952 3093 3172 3151 Lexico.
3217 3094 3293 3149 Ea
3346 3095 3595 3148 solitudo
3630 3110 3681 3148 c.
3720 3108 3783 3145 xv

2206 3190 2381 3247 Exodi
2441 3199 2672 3244 vocatur
2721 3186 2887 3253 Elim,
2928 3186 3139 3256 fuitque
3167 3185 3403 3241 secunda
3444 3186 3657 3248 statio,
3694 3200 3785 3238 seu

2205 3281 2420 3337 mansio
2456 3277 2836 3339 Hebraeorum,
2867 3276 2960 3332 ubi
2988 3286 3144 3331 erant
3177 3275 3462 3330 duodecim
3494 3273 3706 3334 fontes,
3739 3286 3787 3327 et

2207 3370 2553 3442 septuaginta
2587 3369 2822 3439 palmae,
2871 3382 2997 3438 quae
3044 3375 3426 3422 succreverunt
3466 3365 3518 3417 in
3546 3365 3784 3428 silvam,

2208 3462 2303 3519 ubi
2350 3461 2565 3533 Moyses
2612 3458 2940 3525 monachus,
2973 3458 3205 3529 ejusque
3244 3456 3529 3526 discipulus
3562 3453 3755 3511 Psoes
3782 3500 3794 3519 ,

2207 3564 2264 3611 et
2304 3553 2507 3626 Ioseph
2560 3552 2825 3624 Ephesius
2872 3552 3011 3607 mira
3062 3558 3343 3621 patrarunt
3384 3563 3575 3618 opera.
3623 3550 3694 3602 ιιι
3735 3565 3795 3603 ea

2207 3653 2517 3703 tercentum
2572 3644 2866 3715 Blemmyas
2917 3642 3221 3697 transvecti
3268 3655 3403 3695 nave
3449 3640 3518 3694 ad
3565 3640 3790 3701 Clisma,

2208 3752 2334 3810 quas
2368 3752 2467 3791 arx
2504 3745 2592 3792 est
2625 3735 2887 3797 Arabum,
2930 3749 2997 3788 ex
3026 3731 3399 3801 Ethiopibns,
3441 3742 3494 3784 et
3532 3731 3632 3784 Ela
3666 3732 3794 3785 urbe

2208 3826 2424 3882 Arabia:
2442 3823 2685 3889 Petram,
2705 3824 2800 3878 ubi
2832 3823 2961 3879 olim
2991 3823 3134 3893 legio
3171 3821 3419 3876 Romana
3451 3821 3793 3879 subsidebat,

2212 3915 2489 3987 Stephano
2547 3921 2685 3969 teste
2734 3912 2812 3967 De
2856 3912 3114 3977 urbibus,
3175 3914 3453 3966 irruentes
3532 3909 3798 3964 fuderunt

2210 4008 2561 4073 Pharanitas,
2600 4006 2695 4077 qui
2736 4019 2856 4061 sese
2906 4006 3226 4070 tuebantur,
3273 4020 3397 4059 cum
3456 4004 3801 4075 refugissent

2211 4103 2352 4157 intra
2376 4111 2604 4165 murum
2653 4094 2825 4151 Paulo
2864 4094 3071 4151 Petram
3104 4095 3244 4150 duce.
3269 4107 3436 4165 atque
3484 4098 3797 4157 hortatore,

2211 4200 2268 4247 et
2329 4190 2441 4245 illic
2506 4188 2765 4244 obsessos
2837 4187 3268 4252 interemerunt,
3357 4197 3411 4241 ct
3474 4184 3803 4249 Jeremiam,

2212 4281 2340 4337 dein
2415 4279 2597 4350 ipsum
2665 4274 2916 4332 Paulum.
2971 4278 3067 4332 ille
3120 4277 3465 4345 monachus,
3552 4279 3656 4347 qui
3710 4294 3807 4332 ex-

525 4369 750 4416 sanctus
780 4360 1075 4429 Antonius,
1105 4379 1136 4420 e
1166 4378 1359 4422 sancto
1389 4367 1684 4423 Athanasio
1704 4367 1873 4439 680
1903 4367 1957 4422 in
1978 4368 2101 4437 ejus
2130 4380 2178 4437 ι)
2202 4373 2521 4447 plot-averet
2581 4369 2686 4425 ista
2712 4408 2729 4434 ,
2780 4383 2905 4425 sese
2954 4369 3240 4425 abscondit
3287 4370 3391 4425 sub
3440 4369 3645 4438 ramisf
3693 4369 3810 4438 pal-

528 4450 672 4529 Vita,
711 4462 766 4510 et
801 4454 1022 4523 Suidas,
1060 4473 1216 4530 teque
1254 4457 1386 4515 Vitis
1413 4459 1635 4515 Patrum
1662 4501 1678 4527 ,
1717 4475 1772 4531 p.
1808 4459 1932 4526 150,
1973 4475 2098 4515 car-

526 4546 643 4601 diu.
680 4546 952 4606 Baronius
991 4550 1046 4605 in
1087 4549 1469 4623 Martyrologio
1517 4550 1677 4607 Rom.
1720 4551 1789 4607 ad
1832 4551 2102 4606 Kalendas

529 4636 887 4710 Septembris,
921 4641 1152 4697 istorum
1174 4644 1566 4699 monachorum
1611 4643 1811 4700 cedem
1845 4642 2102 4715 Egyptia

529 4729 734 4803 lingua,
768 4743 1078 4790 enarratam
1110 4735 1213 4791 sibi
1252 4736 1323 4791 ab
1355 4735 1535 4792 Sabba
1571 4746 1625 4792 et
1678 4735 1818 4792 Isaia
1839 4776 1855 4803 ,
1894 4734 2105 4791 descri-

530 4823 671 4893 psit;
706 4824 982 4880 inventam
1016 4841 1147 4882 vero
1174 4825 1460 4883 Naucratae
1485 4830 1573 4900 (ea
1604 4828 1738 4884 urbs
1768 4834 1872 4893 est,
1904 4841 2026 4899 qua
2051 4837 2109 4883 et

533 4912 841 4982 Naucratis,
882 4915 938 4970 in
968 4914 1207 4987 Egypto
1240 4918 1482 4974 Pollucis
1525 4917 1898 4989 grammatici,
1946 4918 2108 4989 cujus

530 5016 616 5063 cst
644 5011 1017 5065 Onomasticon
1044 5010 1282 5067 dicatum
1315 5010 1626 5082 imperatori
1657 5010 1981 5075 Commodo,
2005 5010 2109 5068 sub

532 5115 644 5169 quo
677 5100 766 5156 ille
797 5100 1001 5170 ﬂoruit,
1029 5111 1087 5159 et
1128 5119 1326 5161 nomus
1357 5104 1787 5162 mediterraneus
1817 5104 1962 5161 intra
1984 5103 2109 5160 Del-

536 5201 644 5249 tam
679 5194 750 5250 ab
799 5211 864 5251 ea
912 5205 1258 5267 nuncupatur
1303 5205 1357 5254 et
1400 5198 1604 5255 ostium
1665 5197 1813 5264 Nili,
1867 5196 2014 5269 quod
2055 5204 2111 5253 et

535 5288 896 5360 Canopicum.
927 5289 1125 5356 Plinio,
1163 5291 1442 5358 Straboni,
1475 5302 1531 5348 et
1566 5292 1841 5363 Stephano
1873 5289 2112 5347 auctori-

538 5381 673 5452 hus)
715 5382 1134 5454 descriptionem
1166 5385 1309 5441 hanc
1335 5384 1477 5457 apud
1504 5386 1889 5441 auachoretam
1918 5397 2113 5456 quem-

543 5475 667 5531 dam
695 5472 933 5534 Joannes
959 5480 1242 5552 presbyter
1260 5479 1449 5539 Graece
1463 5481 1650 5537 vertit.
1668 5478 1763 5537 llle
1791 5478 2114 5536 Ammonius

545 5565 798 5623 cellulam
854 5569 1088 5626 habebat
1134 5570 1189 5627 in
1240 5570 1493 5643 Canopo;
1549 5582 1633 5627 est
1686 5573 1789 5627 hoc
1853 5570 2114 5642 Oppidum

549 5653 775 5724 581W
799 5659 941 5715 haud
968 5664 1151 5730 procul
1178 5661 1631 5732 abAlesaudria,
1652 5673 1707 5721 et
1728 5662 1943 5735 fugiens
1967 5669 2115 5733 atro-

2198 4477 2455 4529 marum,
2528 4458 2777 4530 viditque
2849 4459 3072 4515 latitans
3144 4459 3499 4514 Salathielem
3574 4460 3806 4525 occidi;

2197 4553 2360 4625 es],
2430 4564 2670 4622 cumque
2726 4550 2956 4605 Barbari
3014 4550 3258 4622 receptui
3316 4559 3593 4607 canentes
3656 4551 3812 4604 edita

2201 4650 2384 4713 strage
2432 4638 2830 4697 monachorum
2856 4680 2874 4706 ,
2931 4653 3123 4695 navem
3181 4628 3292 4694 itou
3358 4638 3742 4702 invenissent,
3782 4656 3809 4693 a

2203 4733 2478 4792 sescentis
2526 4731 2843 4788 Pharanitis
2876 4731 2944 4787 ad
2986 4746 3158 4787 unum
3208 4731 3389 4788 necati
3439 4741 3630 4789 sunt:
3676 4743 3815 4788 tunc

2203 4840 2499 4897 erumpam
2543 4823 2650 4881 iste
2691 4824 3017 4879 Ammonius
3073 4825 3374 4879 monachos
3419 4838 3605 4880 caesos
3656 4839 3818 4880 ωει-

2204 4917 2347 4989 perit
2395 4917 2466 4973 ὅθ
2512 4923 2570 4972 et
2621 4915 3103 4987 quadragesimum
3159 4916 3463 4979 Domuum,
3521 4916 3630 4984 qui
3684 4930 3815 4970 mox

2206 5009 2449 5066 animam
2493 5006 2809 5074 exhalavit;
2853 5006 3086 5063 Andreae
3115 5006 3339 5078 quidem
3370 5006 3639 5072 vulnera,
3684 5008 3820 5075 quia

2207 5116 2321 5159 non
2350 5108 2510 5158 erant
2558 5099 2773 5163 letalia,
2809 5098 3034 5156 fuerunt
3058 5109 3272 5168 curata,
3300 5110 3355 5154 et
3389 5096 3562 5153 Orion
3603 5098 3821 5153 illam

2208 5194 2582 5267 deprehensus
2632 5194 2968 5264 supervixit,
3022 5208 3088 5250 ac
3137 5206 3249 5248 una
3300 5204 3425 5247 cum
3480 5187 3819 5254 Obediene.

2211 5297 2377 5360 atque
2412 5284 2749 5357 primoribus
2780 5286 3242 5346 Pharanitarum,
3289 5298 3521 5354 corpora
3561 5286 3819 5353 quadra-

2213 5381 2365 5455 ginta
2392 5380 2578 5438 itidem
2615 5381 3009 5438 monachorum
3046 5378 3362 5435 Christisno
3387 5378 3499 5432 ritu
3533 5376 3817 5445 gestando

2214 5473 2444 5546 palmas,
2484 5474 2828 5545 hymnosque
2856 5472 3217 5536 conoineudo,
3254 5470 3603 5525 tumuiarunt
3632 5488 3652 5526 :
3686 5468 3817 5523 inibi

2217 5578 2399 5622 autem
2455 5565 2814 5636 perstiterunt
2866 5563 3156 5635 religiosus
3203 5561 3469 5623 Obedien,
3526 5571 3587 5615 et
3618 5560 3815 5623 Orion,

2221 5673 2287 5717 ac
2333 5658 2601 5716 Andreas.
2654 5656 2859 5716 Verum
2913 5672 3038 5714 cum
3088 5658 3191 5714 ista
3239 5654 3551 5713 rescivisset
3601 5654 3680 5710 ab
3724 5653 3825 5707 illo

3633 230 3883 329 tua1

3881 266 3883 349 Ι

3886 468 3887 519 ι

3890 668 3891 729 ι

3881 868 3895 945 ’1

3895 970 3897 1070 l

3903 1372 3905 1459 Α

3908 1672 3911 1763 ψ

3903 1772 3913 1840 ει
