3998 6214
22 1318 37 1371 ι

22 1432 43 1465 ιι

22 1524 47 1559 ἢ

22 1620 49 1656 ξ.

22 1712 47 1747 Ξ

41 1806 51 1839 i

22 2184 49 2217 5!

22 2278 49 2313 Ε

22 2370 45 2405 Ιῗ

22 2456 47 2495 li

22 2556 47 2593 ς

22 2630 47 2683 ,ζ

22 2744 41 2779 (ﬁ

22 3876 29 3909 ἱ

22 3970 35 4005 Ξ

22 4056 45 4099 ε

22 4146 51 4193 ες

22 4244 43 4287 [ε

291 253 426 321 1409

1605 249 1704 310 DE
1723 248 1903 312 VITA
1941 249 2002 309 S.
2041 250 2209 312 NII.I

3406 251 3555 318 1410.

283 373 552 445 monacho
580 370 831 443 profugo,
868 378 923 427 et
960 368 1224 442 αὐτόπτῃ.
1258 367 1311 423 id
1355 366 1584 438 est,.qui
1614 365 1855 437 propriis
1884 374 1930 429 Α
1957 366 2245 425 cherrima:
2289 367 2703 424 Commentarios
2756 368 3070 439 composuit,
3121 370 3212 439 qui
3242 368 3312 423 ad
3342 371 3548 424 exerci-

280 468 454 524 oculis
502 465 731 529 viderat,
778 462 1105 519 Ammonius
1155 462 1211 516 in
1251 460 1542 532 lEgyptum
1588 458 1657 514 ad
1702 468 1863 529 tugu-

282 563 423 615 rium
468 574 624 614 suum
674 572 928 612 reversus
974 563 1079 619 est,
1131 563 1186 609 et
1236 552 1492 624 Egyptio
1538 549 1864 620 conscripsit

284 652 572 713 idiomate,
634 649 864 718 ejusque
936 647 1091 715 λόγος
1152 648 1219 700 de
1286 645 1390 700 ista
1450 645 1598 699 caule
1670 657 1861 699 versus

280 739 482 805 Graece,
515 749 572 794 ut
615 738 848 793 iudicavi
888 754 919 792 a
974 737 1035 791 Ρ.
1084 736 1357 793 Cntnbetis
1408 735 1595 792 GI‘IBCP.
1647 735 1865 790 Latine-

279 848 386 901 que
418 831 638 885 Parisiis
680 828 860 885 editus
910 828 1013 884 fuit
1053 844 1198 883 anno
1245 828 1380 882 1660
1410 830 1464 884 in
1496 840 1711 894 octavo,
1744 839 1798 884 et
1831 844 1864 884 a

280 922 339 978 P.
384 923 455 978 Le
486 924 665 979 Sueur
694 922 899 978 Gallice
931 921 1165 988 ibidem,
1210 922 1513 991 eodemque
1542 936 1689 975 anno
1717 936 1748 976 e
1772 936 1865 977 co-

279 1016 494 1070 dicibus
522 1015 917 1084 manuscriptis
947 1013 1139 1085 Regio,
1186 1012 1517 1080 Mazzariuo,
1548 1024 1602 1069 et
1642 1014 1866 1085 Segnio-

280 1107 434 1161 riano
468 1117 587 1177 post
615 1107 748 1162 Acta
796 1114 1109 1161 sanctorum
1167 1103 1461 1168 Eustachii,
1493 1119 1589 1159 seu
1634 1105 1863 1170 Placidi,

278 1208 332 1251 et
358 1197 709 1266 'l‘beopistes,
761 1200 875 1250 sive
914 1196 1154 1251 Tatiana:
1181 1190 1449 1265 conjugis,
1478 1204 1532 1250 et
1566 1194 1863 1250 Laudatio-

279 1276 401 1346 nem
462 1288 665 1344 Nicone
712 1287 1082 1359 Paphlagonis
1132 1287 1419 1341 insertam.
1472 1284 1667 1356 Incipit
1708 1286 1866 1354 λόγος

278 1383 583 1448 Ammonii,
643 1383 890 1449 Ἐγένετό
928 1398 1074 1451 μοι,
1131 1381 1467 1451 dcsinitque,
1546 1380 1626 1450 τῷ
1688 1382 1868 1453 ἁμαρ-

276 1471 452 1541 τωλῷ.
552 1471 995 1542 Martyrologium
1075 1469 1380 1523 Romanum
1460 1469 1548 1524 die
1633 1471 1698 1525 14
1777 1471 1868 1527 Ja-

278 1564 456 1618 nuarii
523 1564 636 1618 ha:c
688 1554 904 1618 habet!
954 1582 971 1614 ι
1018 1563 1079 1617 In
1131 1572 1318 1618 monte
1373 1562 1501 1617 Sina
1551 1572 1868 1627 sanctorum

279 1657 502 1725 triginta
540 1666 662 1710 octo
708 1656 1098 1711 monachorum
1132 1671 1162 1710 a
1212 1655 1504 1711 Saracenis
1552 1656 1623 1711 ob
1661 1656 1865 1729 Christi

278 1746 436 1801 ﬁdem
478 1746 912 1803 interfectorum.
956 1746 1014 1801 lu
1045 1746 1279 1819 (Egypto
1305 1746 1358 1800 in
1408 1747 1594 1803 Raithi
1644 1749 1865 1817 regione

276 1851 588 1895 sanctorum
638 1856 768 1894 xuii
815 1840 1244 1905 monachorum,
1294 1840 1388 1911 qui
1421 1854 1521 1910 pro
1553 1839 1864 1896 Christiana

276 1930 537 2001 religione
583 1948 612 1987 a
670 1931 951 1986 Blemmiis
994 1932 1164 1986 occisi
1224 1941 1393 1995 sunt;
1433 1918 1461 1983 ›“
1511 1932 1582 1986 ibi
1639 1941 1749 1986 tam
1808 1932 1863 1984 in

275 2034 458 2077 mante
486 2021 613 2077 Sina
634 2062 650 2087 ,
672 2038 833 2092 quam
864 2024 917 2078 in
950 2022 1132 2078 Raithi
1177 2024 1527 2093 reponendus
1558 2033 1639 2079 est
1669 2039 1864 2079 nume-

275 2128 369 2168 rus
413 2116 770 2185 quadraginta
822 2116 1254 2177 monachorum,
1313 2125 1373 2170 ut
1400 2125 1617 2171 constat
1664 2133 1694 2172 c
1733 2133 1862 2171 nar-

272 2205 485 2259 ratione
522 2206 916 2275 suprascripta,
964 2214 1019 2261 et
1068 2207 1146 2261 sic
1189 2207 1256 2260 ad
1305 2208 1624 2277 octuaginta
1664 2224 1863 2262 nume-

274 2304 481 2348 rantur.
521 2295 766 2349 Meminit
805 2297 994 2350 Petrus
1042 2294 1117 2349 La
1164 2294 1315 2350 Valle
1370 2298 1682 2350 monasterii
1735 2313 1869 2373 cum.

275 2386 501 2440 ecclesia
533 2386 634 2440 sub
681 2386 836 2439 titulo
867 2385 1232 2455 Quadraginta
1282 2395 1579 2453 martyrum
1622 2386 1672 2440 in
1708 2385 1859 2454 Sina,

275 2486 408 2530 tom.
446 2476 483 2540 l,
526 2477 683 2551 epist.
718 2477 803 2541 ll,
839 2493 892 2547 p.
931 2477 1054 2543 287,
1079 2479 1376 2546 primorum
1418 2478 1643 2543 scilicet,
1683 2481 1861 2548 quoad

275 2568 407 2623 mihi
458 2568 767 2637 conjectura
847 2569 971 2623 licet
1028 2556 1280 2637 assequi.
1330 2568 1701 2624 Contirmatur
1749 2570 1862 2625 haec

273 2658 526 2713 excursio
552 2659 653 2712 sub
700 2658 1033 2713 Diocletiano
1071 2660 1251 2715 verbis
1288 2660 1435 2714 hisce
1481 2660 1608 2723 Nili,
1647 2660 1859 2716 descri-

274 2750 449 2805 bentis
492 2765 632 2816 eam,
678 2765 801 2819 qua:
846 2750 947 2804 sub
993 2748 1325 2817 Theodosio,
1377 2751 1427 2805 id
1477 2762 1560 2805 est
1591 2769 1709 2805 :evo
1760 2767 1861 2805 suo

272 2842 471 2905 evenit,
504 2841 852 2912 ἀνῃρέθησαν
881 2842 938 2894 δὲ
970 2841 1115 2895 ἄλλοι
1155 2843 1260 2912 πρὸ
1302 2844 1562 2897 πλειόνων
1602 2843 1759 2905 ἐτῶν,
1806 2842 1859 2897 id

272 2943 377 2998 est,
428 2934 688 3003 interfecti
745 2950 862 2987 vero
914 2935 1009 2987 alii
1057 2933 1340 3000 (monachi
1395 2936 1687 3003 nimirum)
1735 2944 1860 2988 ante

1964 461 2217 525 tationem
2247 472 2549 533 prwparant
2605 472 2656 519 et
2695 465 3173 528 conversationem;
3220 473 3270 517 et
3326 464 3552 533 captivi-

1964 559 2123 604 tatem
2170 560 2218 606 et
2280 556 2473 607 credent
2506 564 2811 609 sanctorum
2854 554 3081 609 Patrum
3133 555 3431 623 descripsit.
3476 554 3550 610 Ili

1962 645 2149 714 quippe
2184 648 2425 701 monachi
2454 650 2623 703 necati
2655 649 2869 718 fuerunt
2892 666 2926 703 a
2952 648 3229 709 Barbaris.
3273 668 3538 721 nuncupa-

1964 735 2029 788 tis
2059 735 2324 792 Blenmiis
2350 737 2413 791 ab
2445 738 2649 792 Arabia
2681 756 2843 809 usque
2866 741 2935 794 ad
2972 738 3262 810 zEggptum
3315 752 3366 795 et
3402 760 3547 797 mare

1963 823 2219 891 Rubrum,
2276 828 2433 895 juxta
2459 828 2807 883 solitudinem
2850 832 3271 889 excurrentibus.
3327 835 3547 889 Etcum

1963 914 2114 974 Nilus
2149 918 2264 987 ipse
2292 919 2731 975 circumstantias
2765 935 2954 976 omnes
2986 923 3214 979 caedium
3237 963 3252 985 .
3301 940 3422 994 quae
3451 942 3546 980 ac-

1965 1011 2233 1077 ciderunt,
2266 1013 2393 1082 quia
2435 1022 2565 1069 tunc
2597 1014 2781 1069 aderat
2812 1014 2864 1067 in
2904 1012 3033 1069 Sina
3065 1024 3267 1083 monte,
3302 1031 3365 1070 ac
3392 1032 3548 1070 com-

1966 1104 2254 1168 miseraus,
2290 1121 2382 1160 eas
2424 1106 2721 1175 spectabat,
2772 1106 3203 1178 nominatimque
3249 1109 3550 1163 monachos

1966 1192 2279 1250 interfectos
2309 1196 2515 1267 aliquot
2538 1212 2890 1259 enumerans,
2926 1206 3140 1267 tempus
3169 1214 3387 1269 quoque
3415 1199 3551 1269 adji-

1966 1286 2073 1341 ciat
2120 1286 2385 1341 decimam
2438 1299 2690 1358 quartam
2736 1288 2879 1344 diem
2926 1289 3206 1356 Januarii,
3259 1302 3316 1347 tit
3364 1293 3547 1357 retuli,

1966 1376 2354 1449 adjungatqne,
2384 1379 2623 1444 πάντως
2653 1381 2761 1449 γὰρ
2783 1381 2905 1446 τοῖς
2932 1383 3257 1437 εὺλαὸἐσιν
3294 1385 3331 1453 η
3360 1384 3550 1453 μάθη-

1966 1486 2066 1535 σις
2094 1471 2190 1524 καὶ
2226 1471 2331 1525 τοῦ
2361 1473 2587 1540 χρόνου
2620 1471 2717 1525 καὶ
2746 1469 2866 1526 τῶν
2903 1473 3205 1543 ὀνομάτων
3224 1476 3549 1538 σπουδάζε-

1967 1578 2060 1615 ται
2081 1602 2095 1627 ,
2124 1562 2434 1616 κοινωνεῖν
2465 1563 2593 1627 ταῖς
2633 1562 2899 1631 μνήμαις
2932 1563 3051 1618 τῶν
3088 1566 3271 1637 ἁγίων
3301 1568 3548 1622 ἐθέλου-

1968 1664 2111 1703 σινο
2162 1650 2212 1704 id
2267 1661 2395 1719 cst,
2447 1654 2658 1705 omnino
2707 1671 2927 1726 namque
2980 1674 3011 1711 a
3063 1657 3258 1719 devotis
3310 1660 3546 1714 studiose

1965 1743 2223 1812 quwritur
2253 1744 2477 1797 scientia
2513 1747 2757 1814 temporis
2818 1750 3208 1818 nummumque,
3254 1750 3545 1805 uolentibus

1968 1835 2233 1909 (scilicet)
2290 1835 2665 1890 memoriarum
2721 1846 3023 1891 sanctorum
3072 1840 3191 1908 ﬁeri
3228 1842 3542 1912 participes;

1966 1939 2095 2005 t'res,
2132 1935 2342 1981 tantum
2383 1927 2628 1993 nominat
2670 1944 2860 1995 caesos,
2893 1929 3232 1988 Theodulum
3266 1935 3546 2007 presbyte-

1965 2034 2111 2083 rum,
2143 2018 2397 2083 Paulum,
2429 2029 2483 2075 et
2509 2019 2797 2085 Joannem,
2839 2032 3025 2093 postea
3056 2026 3304 2080 nominat
3337 2040 3545 2098 septem

1964 2124 2017 2177 p.
2054 2110 2146 2176 87,
2192 2110 2392 2175 quibus
2422 2127 2453 2165 a
2508 2112 2567 2165 Ρ.
2596 2111 2692 2183 ‘Le
2744 2112 2922 2168 Sueur
2977 2125 3202 2171 octavus
3241 2118 3547 2173 adnectitur

1964 2197 2138 2253 Isaac.
2175 2198 2227 2252 ld
2258 2215 2387 2255 vero
2411 2200 2647 2255 arbitror
2675 2203 2944 2268 evenisse,
2978 2206 3102 2274 quia
3136 2208 3227 2276 qui
3260 2207 3540 2279 Martyrol.

1966 2288 2199 2346 Roman.
2253 2300 2651 2346 eontexueruut
2693 2292 2834 2347 diem
2888 2296 3180 2364 sepultura:
3228 2301 3542 2356 adnotatum

1964 2383 2250 2452 diligvntcr
2283 2384 2659 2446 observarunt,
2696 2385 2852 2455 isque
2882 2387 3144 2444 confusus
3177 2390 3273 2446 fll‘ll
3307 2409 3431 2447 cum
3453 2410 3542 2459 eo,

1963 2489 2072 2543 quo
2099 2473 2202 2528 sub
2247 2474 2596 2538 Diocletiano,
2624 2485 2683 2530 ut
2712 2492 2839 2531 mox
2872 2480 3322 2547 memorabimus,
3348 2499 3377 2536 a
3409 2483 3545 2538 Bar-

1962 2566 2109 2621 baris
2138 2566 2303 2621 occisi
2325 2566 2546 2621 inerunt
2571 2568 2661 2622 alii
2691 2570 2965 2633 monachi,
2992 2579 3045 2625 et
3077 2589 3205 2637 una,
3238 2575 3543 2645 eademque

1934 2657 2275 2733 “celebritate
2307 2673 2612 2714 concursus
2645 2659 2802 2714 ﬁebat
2831 2660 2897 2715 ad
2933 2661 3045 2716 loca
3081 2675 3377 2736 martyrum
3413 2668 3543 2722 ism-

1962 2764 2080 2803 rum
2128 2751 2393 2819 sanguine
2432 2750 2672 2820 perfusa,
2718 2752 2800 2806 vel
2844 2754 3066 2809 tumulis
3110 2756 3424 2823 nobilitata;
3476 2775 3545 2814 ne

1961 2841 2032 2911 pii
2070 2841 2302 2896 viatores
2340 2851 2560 2911 propter
2597 2843 2890 2913 longinqua
2939 2846 3192 2901 itinerum
3226 2850 3399 2917 spatia
3441 2866 3543 2905 sa:-

1960 2933 2084 3003 pius
2126 2933 2488 3000 lassarentur,
2536 2935 2679 2989 sicut
2722 2952 2751 2990 e
2786 2935 2904 2990 Nilo
2948 2938 3135 3004 retuli,
3170 2950 3223 2993 et
3258 2954 3288 2993 e
3326 2939 3543 2998 Menzcis

271 3024 445 3094 plures
483 3040 669 3087 nitnos,
718 3040 949 3094 quorum
989 3027 1249 3079 memoria
1277 3026 1466 3079 eadem
1507 3028 1595 3082 die
1633 3022 1861 3098 (nempe
1888 3045 1930 3103 ο
1966 3026 2153 3095 liquet,
2188 3025 2519 3095 adiuuatque
2557 3028 2847 3083 rardiualis
2902 3028 3185 3084 Baronius.
3214 3031 3336 3086 Dies
3358 3042 3540 3091 autem

272 3116 502 3183 septima
540 3123 660 3184 post
690 3115 1069 3185 Epiphaniam,
1102 3130 1197 3168 seu
1227 3116 1632 3184 decimaquarta
1655 3115 1858 3171 Janua-

273 3206 371 3276 rii)
415 3194 757 3272 celebratur,
787 3222 853 3261 ne
882 3215 1029 3260 tanta
1072 3221 1137 3260 ex
1172 3205 1579 3275 intercapedine
1606 3208 1851 3261 crebrio-

273 3295 423 3351 ribus
450 3298 803 3361 conventibus
837 3298 1123 3351 multitudo
1150 3296 1365 3366 piorum
1414 3297 1696 3352 COIIﬂUClIS
1730 3298 1855 3352 fati-

271 3403 527 3463 garetur;
557 3393 649 3447 sed
693 3393 760 3448 de
791 3382 1075 3456 Cassiano,
1107 3403 1160 3448 et
1193 3393 1432 3457 Thecue,
1480 3409 1544 3448 ac
1581 3394 1854 3465 liaythuui

273 3485 521 3554 superius
560 3493 739 3539 actum
769 3494 848 3539 cst
883 3486 1076 3539 iterum
1144 3486 1450 3553 iterumque
1509 3486 1757 3552 apposite
1786 3484 1853 3538 ad

271 3576 498 3644 primum
530 3576 687 3630 istam
714 3577 1117 3638 excursionem,
1152 3574 1255 3629 sub
1295 3589 1440 3628 anno
1470 3585 1652 3629 autem
1686 3574 1749 3629 C.
1780 3574 1849 3628 N.

269 3665 393 3720 505.
418 3665 700 3720 Miraberis
724 3674 925 3729 autem,
951 3663 1092 3734 quod
1121 3663 1173 3716 in
1200 3661 1582 3734 Martyrologio
1602 3664 1851 3719 Romano

271 3758 337 3811 ad
371 3757 440 3810 9.8
469 3754 590 3810 Maii
632 3755 807 3809 locata
846 3754 918 3808 sit
967 3752 1205 3807 secunda
1252 3752 1495 3807 incursio
1541 3753 1644 3807 ista
1687 3752 1851 3809 Sara-

271 3862 529 3902 cenorum
563 3847 633 3901 ita
678 3856 937 3921 concepta
971 3861 985 3899 :
1033 3861 1051 3896 ι
1078 3841 1299 3898 Tbecue
1323 3843 1377 3897 in
1401 3841 1683 3899 Palaestina
1721 3860 1851 3901 san-

272 3946 478 3992 ctorum
506 3935 895 3990 monachorum
927 3943 1248 4003 martyrum,
1284 3935 1377 4004 qui
1410 3943 1650 4004 tempore
1681 3933 1852 3990 Theo-

269 4028 405 4082 dosii
434 4025 678 4081 Junioris
725 4040 755 4078 a
783 4024 1068 4080 Saracenis
1110 4024 1275 4079 occisi
1300 4032 1449 4087 sunt,
1487 4039 1719 4094 quorum
1758 4040 1850 4080 sa-

270 4138 393 4178 cras
416 4122 674 4192 reliquias
697 4120 893 4189 accolae
910 4120 1246 4191 colligentes,
1270 4135 1483 4174 summa
1503 4120 1850 4176 veneratione

273 4216 391 4269 illas
411 4216 737 4277 habuerunt,
763 4232 782 4265 ι
806 4229 930 4268 cmn
963 4213 1016 4267 in
1046 4210 1350 4283 Menologio
1379 4210 1569 4267 ϐιωιο
1606 4211 1850 4268 referan-

273 4317 359 4361 tur
412 4308 514 4379 ista
566 4306 653 4360 die
707 4305 916 4360 decima
950 4314 1145 4374 quarta
1196 4302 1442 4359 Januarii
1489 4300 1707 4360 ςοῦτοι
1738 4304 1848 4358 τὸν

270 4398 605 4467 ἀσκητικὸν
622 4395 766 4462 βίον
794 4395 1141 4461 ποθοῦντες,
1163 4393 1312 4452 πᾶσι
1336 4394 1462 4463 τοῖς
1485 4395 1591 4450 τοῦ
1617 4396 1849 4464 κόσμου

270 4488 500 4555 χαίρειν
535 4486 825 4551 εἰπόντες,
857 4483 1166 4550 κατῴκουν
1190 4483 1303 4552 τὴν
1328 4484 1568 4553 ἔρημον.
1603 4484 1740 4539 Μεθ’
1763 4479 1851 4538 ὧν

270 4577 347 4649 ἦν
375 4582 406 4633 ό
430 4575 719 4645 μακάριος
737 4574 947 4641 Νεῖλος
968 4574 1231 4643 ἔπαρχος
1256 4575 1511 4644 γεγονὼς
1535 4579 1849 4647 Κωνσταν.

269 4673 695 4745 τινουπόλεως,
717 4672 750 4722 ό
773 4668 869 4722 καὶ
892 4666 1139 4736 δυνάμει
1168 4668 1375 4739 λόγου,
1401 4667 1501 4721 καὶ
1528 4668 1634 4723 τοῦ
1675 4668 1848 4738 ἁγίου

270 4764 612 4832 Πνεύματος
624 4760 839 4828 χάριτι,
861 4758 1163 4813 κάλλιστα
1196 4758 1630 4828 συηῬάμμιιτα
1652 4760 1849 4826 ἐκθεὶς

269 4857 419 4925 πρὸς
449 4856 613 4927 682
640 4853 910 4922 ἄσκησιν
936 4853 1350 4922 ἐπαλείφοντα
1370 4853 1467 4906 καὶ
1499 4852 1613 4920 τὴν
1641 4853 1847 4923 διαγωι

268 4948 402 5021 τὴν,
434 4948 532 5002 καὶ
561 4947 993 5017 αἰχμαλωσίαν,
1031 4947 1129 4999 καὶ
1156 4944 1470 5013 ἀναίρεσιν
1497 4945 1617 5000 τῶν
1662 4948 1850 5001 ὁσίων

267 5040 543 5109 Πατέρων
566 5039 791 5092 τούτων
813 5036 1166 5107 arande-ac.
1196 5032 1371 5091 Οὗτοι
1411 5035 1523 5106 γὰρ
1560 5036 1850 5106 ἀνῃρέθη-

268 5147 389 5187 σαν
425 5131 545 5185 ὐπὸ
576 5129 693 5183 τῶν
714 5126 1034 5197 βαρϐάρων
1063 5126 1255 5180 ὄντων
1293 5126 1638 5197 λεγομένων
1658 5130 1847 5196 Blep-

262 5225 456 5295 μύωνν
484 5221 603 5276 ἀπὸ
643 5220 909 5289 Ἀραϐίας
950 5218 1061 5285 ἓως
1086 5218 1387 5288 Αὶγὺπτου
1409 5218 1506 5271 καὶ
1530 5216 1848 5286 θαλάσσης

280 5310 564 5384 Ἐρυθρᾶς
592 5309 741 5365 κατὰ
769 5308 886 5378 τὴν
920 5310 1143 5379 ἔρημον
1177 5310 1691 5378 παρατετιλμένων·
1743 5308 1846 5364 Isti

267 5405 620 5461 desiderantes
680 5405 837 5459 vitam
892 5403 1282 5457 exercitationis
1337 5403 1661 5469 monastira’,
1719 5418 1847 5455 cun-

267 5500 363 5552 ctis
401 5496 582 5551 mundi
621 5495 772 5550 rebus
813 5495 1176 5560 maledicentes,
1218 5492 1539 5561 habitarunt
1566 5494 1621 5546 in
1654 5493 1844 5546 solitu-

265 5590 407 5653 dine,
446 5604 560 5640 cum
592 5589 777 5657 quibus
803 5596 916 5641 erat
947 5586 1128 5639 beatus
1165 5581 1347 5645 Nilus,
1371 5582 1461 5650 qui
1486 5592 1534 5635 et
1588 5582 1637 5636 vi
1669 5585 1845 5653 copia-

266 5694 363 5750 que
394 5677 621 5747 dicendi,
650 5689 698 5734 et
729 5678 898 5733 sancti
933 5676 1161 5747 Spiritus
1204 5673 1379 5745 gratia
1408 5675 1687 5749 pra'dius,
1722 5674 1845 5744 pul—

1961 3120 2250 3189 sepulturae
2272 3119 2648 3174 universorum
2672 3136 2777 3174 non
2814 3123 2995 3176 statim
3028 3132 3149 3191 post
3178 3125 3381 3179 caulem
3414 3125 3539 3193 fuit;

1958 3217 2116 3275 erant
2155 3210 2356 3280 quippe
2409 3211 2585 3279 sparsi
2633 3212 2781 3268 varia
2826 3229 2919 3283 per
2967 3215 3183 3281 tuguria
3237 3216 3459 3286 singu‘i,
3486 3225 3543 3273 et

1961 3312 2073 3356 tres
2103 3309 2311 3356 tantmn
2351 3302 2421 3357 ad
2460 3302 2589 3358 Sina
2634 3303 2784 3359 luere
2827 3306 3104 3371 trucidati,
3142 3308 3233 3362 alii
3270 3308 3458 3378 procul
3486 3310 3540 3366 in

1954 3394 2069 3448 suis
2110 3397 2359 3463 tuguriis,
2389 3413 2492 3451 nec
2536 3398 2889 3453 inverisimile
2920 3398 3134 3453 videtur
3159 3415 3188 3454 a
3225 3400 3314 3455 die
3354 3400 3417 3455 l4
3452 3400 3542 3456 Ja-

1956 3483 2157 3548 nuarii,
2186 3484 2253 3537 ad
2294 3486 2437 3539 diem
2462 3485 2533 3537 28
2566 3483 2711 3547 Maii,
2754 3487 3109 3542 remotiorum
3144 3489 3335 3543 funera
3369 3491 3541 3547 fuisse

1955 3578 2250 3638 protracta,
2286 3571 2338 3624 in
2369 3572 2748 3641 perquirendis
2777 3574 2920 3627 enim
2948 3577 3292 3644 corporibus,
3315 3585 3371 3632 et
3389 3594 3539 3633 com-

1953 3660 2266 3729 portandis,
2323 3660 2641 3717 diuturnum
2706 3673 3088 3731 consumptum
3153 3674 3236 3720 est
3284 3675 3537 3736 tempus,

1953 3764 2054 3806 nec
2086 3760 2262 3807 tutum
2302 3760 2419 3806 erat
2447 3767 2513 3807 eo
2540 3767 2785 3819 munere
2829 3752 3118 3809 defunctos
3163 3758 3441 3824 prosequi.
3483 3764 3540 3827 et

1953 3840 2355 3897 multitudinem
2428 3842 2572 3898 ciere
2644 3840 2879 3898 ﬁdelium
2957 3844 3023 3898 ad
3097 3847 3538 3905 cohonestandas

1950 3931 2262 4001 exsequias,
2307 3931 2479 3988 donec
2506 3933 2662 4003 quies
2693 3941 2834 3988 esset
2860 3948 2891 3987 a
2922 3932 3177 3991 Barbaris
3219 3935 3525 4005 impetrata,

1951 4039 2305 4094 ipsorumque
2345 4023 2452 4079 dux
2483 4024 2790 4101 adeundus,
2830 4032 2884 4079 ct
2913 4025 3149 4080 orandus
3194 4036 3330 4091 erat,
3384 4036 3442 4081 ut
3466 4044 3531 4083 et

1949 4114 2231 4185 Epitome,
2264 4131 2426 4186 quam
2458 4130 2583 4170 mox
2634 4115 2944 4186 subjiciam,
2982 4116 3311 4171 narrationis
3341 4133 3370 4171 a
3416 4118 3535 4173 Nilo

1951 4204 2070 4276 ipso
2111 4207 2452 4262 concinnatae
2489 4206 2711 4276 patebit.
2759 4205 2881 4262 Dies
2913 4214 3095 4261 autem
3129 4211 3261 4263 istos
3302 4207 3533 4264 Romani

1946 4296 2311 4370 Martyrologii
2379 4300 2699 4355 collectores
2749 4314 2875 4354 cum
2924 4300 3305 4366 rescivissent,
3373 4305 3534 4360 anxie

1881 4380 1926 4439 ι)
1953 4389 2313 4460 religioseque
2354 4397 2768 4455 conservarunt,
2814 4398 2920 4445 tam
2950 4405 3071 4445 cum
3114 4389 3181 4446 de
3223 4391 3324 4447 hac
3351 4392 3535 4448 incur-

1949 4483 2106 4540 sione
2142 4486 2245 4541 sub
2288 4482 2598 4541 Thcodosio
2632 4493 2817 4556 agunt,
2852 4486 2920 4541 de
2944 4501 3052 4556 qua
3094 4494 3318 4543 sanctus
3343 4486 3529 4558 Augu-

1949 4578 2147 4643 stinus,
2165 4578 2324 4648 epist.
2347 4577 2444 4631 l22
2460 4579 2529 4631 ad
2555 4577 2918 4634 Victorianum
2939 4596 2958 4643 ;
2976 4562 3273 4646 Nicephor.
3297 4578 3529 4645 Callisti,

1949 4664 2045 4723 lib.
2075 4684 2185 4731 xuv,
2216 4684 2337 4738 cap.
2379 4668 2480 4735 54;
2518 4676 2572 4723 et
2601 4669 2898 4724 cardinalis
2940 4667 3230 4734 Baronius,
3258 4670 3310 4723 in
3333 4671 3529 4725 Annal.

1946 4759 2012 4815 ad
2049 4773 2139 4812 an.
2172 4757 2307 4823 MO;
2340 4774 2404 4812 ac
2437 4765 2658 4813 sanctus
2695 4758 3009 4828 ilieronym.
3046 4759 3099 4813 in
3136 4758 3239 4813 Vit.
3272 4757 3526 4817 Patrum,

1946 4864 2109 4921 quam
2153 4867 2276 4907 cum
2309 4851 2374 4905 de
2400 4852 2520 4907 aliis
2550 4852 2948 4907 Saracenorum
2982 4852 3529 4922 incursibus,7deque

1946 4941 2250 4996 subsecutis
2285 4941 2674 4996 monachorum
2720 4942 2957 4997 caedibus
2992 4950 3244 5008 tractant;
3285 4942 3528 4997 namrdie

1945 5032 2154 5086 decima
2223 5047 2366 5087 nona
2449 5032 2730 5088 Februarii
2791 5034 2986 5103 legitur
3038 5034 3093 5088 in
3143 5032 3526 5106 Martyrologio

1943 5123 2106 5196 633
2141 5124 2329 5179 eodem
2355 5165 2369 5186 ,
2406 5127 2852 5181 commemoratio
2883 5134 3198 5181 sanctorum
3233 5127 3526 5185 monacho-

1947 5228 2089 5277 rum,
2122 5223 2174 5268 et
2226 5213 2459 5268 aliorum
2497 5224 2817 5285 martyrum,
2873 5214 2964 5286 qui
3021 5230 3050 5269 a
3100 5216 3389 5271 Saracenis
3422 5216 3527 5271 sub

1944 5305 2082 5359 duce
2128 5305 2499 5379 Alemundaro
2547 5306 2845 5363 suavissime
2890 5305 3013 5360 caesi
3066 5315 3196 5363 sunt
3242 5306 3312 5361 ob
3363 5305 3525 5362 [idem

1943 5395 2170 5451 Christi.
2224 5394 2352 5467 Ejus
2402 5397 2765 5452 meminerunt
2797 5396 3131 5467 Nicepltorus
3160 5397 3388 5464 Callisti,
3424 5398 3522 5470 lib.

1946 5504 2056 5554 xvi,
2085 5506 2133 5544 c.
2166 5488 2269 5554 55;
2300 5501 2491 5544 auctor
2510 5490 2768 5544 IIistoriw
2795 5487 3047 5547 Miscellte
3075 5491 3168 5545 lib.
3199 5506 3288 5556 xv,
3317 5506 3369 5560 p.
3397 5490 3522 5556 921,

1942 5598 1972 5636 e
2007 5580 2359 5650 Theophane.
2399 5593 2450 5637 et
2476 5591 2719 5637 statuunt
2766 5598 2968 5637 annum
2999 5583 3270 5638 decimum
3320 5597 3524 5637 nonum

1945 5673 2249 5742 Anastasii,
2286 5673 2346 5730 C.
2389 5671 2461 5731 Ν.
2503 5674 2642 5744 508;
2690 5674 2969 5733 Cedrcnus
2999 5691 3203 5738 annum
3247 5675 3524 5732 decimum
