3898 6196
435 253 567 322 1111

1162 254 1313 319 JOS.
1351 251 1615 313 ΜΑΒΙιΕ
1652 250 2013 313 SUARESII
2052 240 2280 311 LIBER
2320 248 2953 313 CHRONOLOGICUS

3596 246 3737 314 1112

432 364 730 432 Anastasii,
760 354 865 420 501-
898 364 962 419 C.
996 362 1063 418 N.
1104 377 1168 419 ac
1199 361 1551 417 indictionem
1575 362 1913 432 secundam;
1938 359 2030 414 alii
2060 344 2105 423 Ᾰ
2129 358 2322 428 passio
2352 358 2407 412 in
2435 348 2749 423 Palaestina;
2778 350 2845 413 de
2870 372 2987 429 qua
3010 348 3379 416 medtb‘ﬁtﬁt’
3400 354 3739 417 sz’eor‘um

432 430 1100 523 Anastasiiundecimum,
1122 454 1184 510 C.
1216 450 1280 508 N.
1306 452 1432 509 502.
1462 430 1751 523 Uteuiique
1780 452 1871 515 sit,
1894 465 2018 505 ear-

428 554 628 611 dinalis
682 550 980 613 Baronius,
1034 556 1088 603 et
1140 547 1344 602 Sethus
1404 542 1705 609 Calvisius,
1769 542 2019 613 quamvis

434 644 760 708 haereticus,
815 653 995 697 tamen
1052 649 1282 696 exactus
1335 646 1645 708 temporum
1678 643 2016 706 supputator,

434 753 637 791 annum
668 735 729 791 C.
763 732 829 789 N.
880 733 983 788 508
1021 733 1276 796 firmant,
1307 744 1419 800 quo
1443 727 1873 792 Alemundarus,
1907 728 2021 781 sive

430 830 840 887 Alamundarus
872 828 973 881 is:e
1012 824 1244 886 Zetices,
1281 808 1349 877 an
1397 822 1740 876 Scenitarum
1775 820 2019 891 regulus,

434 939 531 979 seu
559 919 889 992 phylarchus
917 933 1040 973 cum
1066 914 1263 970 Zareta
1286 916 1412 983 rege
1437 912 1724 967 Persarum
1760 911 1815 966 in
1856 911 2021 967 Phae-

436 1016 612 1070 niccm
676 1023 729 1066 ct
781 1010 994 1083 Syriam
1045 1006 1314 1069 excurrit,
1358 1004 1593 1074 fecitque
1637 1004 1905 1073 impetum
1964 1004 2029 1056 in"

438 1102 747 1158 Palaestinas
780 1101 941 1164 ﬁnes,
972 1108 1027 1154 et
1054 1108 1264 1168 strages
1294 1097 1398 1151 ista
1430 1095 1586 1150 tertia
1624 1095 2020 1149 mouachdrum

436 1193 536 1249 fuit
568 1204 699 1248 tunc
725 1193 891 1257 edita,
928 1191 1072 1261 quod
1108 1188 1321 1244 facinus
1346 1201 1537 1241 rursus
1566 1172 1887 1241 Vadicarius
1908 1184 2022 1240 fra-

436 1299 520 1342 t'er
553 1285 716 1355 Agari
751 1283 1023 1338 demortui
1061 1283 1233 1335 fertur
1265 1292 1580 1334 renovasse.
1615 1278 2021 1334 Alemundarus

437 1388 616 1435 autem
646 1376 847 1431 Christi
878 1377 1036 1430 fidem
1062 1373 1346 1444 amplexus
1375 1380 1481 1433 est,
1505 1369 1571 1424 ad
1594 1384 1685 1423 an.
1709 1368 1772 1424 Ο.
1794 1366 1861 1425 Ν.
1891 1370 2019 1435 515,

436 1470 497 1522 tit
526 1463 817 1521 cardinalis
852 1461 1118 1516 Baronius
1163 1476 1193 1515 e
1221 1456 1552 1528 Nicephoro,
1586 1456 1660 1511 lib
1690 1472 1821 1522 xvu,
1855 1471 1905 1512 c.
1928 1457 2019 1523 55,

436 1562 491 1613 et
521 1568 744 1613 auctore
777 1554 1029 1609 Historiae
1074 1551 1352 1617 Miscellw,
1395 1554 1490 1609 lib.
1516 1550 1889 1621 suprascripto
1928 1552 2018 1616 xv,

2126 440 2453 521 Henologio.
2489 468 2507 502 ι
2551 447 2743 505 Toties
2759 449 2983 507 Barbari
3019 453 3427 523 aggressi‘sunt
3480 450 3613 508 loca
3648 454 3741 510 illa

2125 546 2339 605 sancta,
2380 540 2435 593 et
2460 539 2807 595 cacodzenton
2840 538 3066 597 invidus
3098 543 3273 599 hostis
3302 543 3578 614 angelica
3622 556 3742 599 mo—

2127 632 2428 687 nachorum
2450 628 2975 695 vitaz,Bat‘barorum
2998 634 3160 703 opera
3178 636 3417 707 quietem
3434 646 3738 692 servorum

2127 722 2221 778 Dei
2261 724 2582 793 perturbare
2612 728 2843 781 cenatus
2874 735 2980 792 est,
3010 738 3064 783 et
3103 726 3287 783 aream
3321 730 3495 785 istam
3549 730 3743 801 perse-

2126 814 2365 871 cutionis
2416 818 2731 873 turbinibus
2779 819 3079 886 ventilare;
3143 822 3285 877 unde
3339 828 3583 879 coaetus
3640 823 3741 879 fuit

2124 907 2469 965 Justinianus
2499 912 2774 980 Angustus
2796 913 2850 966 in
2883 911 3015 967 Sina
3036 914 3319 969 das'telluin
3355 918 3740 985 exaéditicare,

2128 1010 2189 1056 ut
2238 1001 2363 1057 illos
2406 1001 2640 1057 validius
2684 1012 3007 1072 protegeret.
3056 1005 3249 1059 'lur‘rts
3302 1008 3521 1061 etenim
3574 1018 3739 1062 antea

2126 1100 2337 1149 tantum
2361 1102 2500 1160 erat,
2540 1095 2634 1150 sed
2666 1094 2714 1149 is
2748 1110 2945 1150 novam
2987 1096 3347 1152 munitionem
3381 1102 3737 1163 construxit,

2128 1188 2265 1245 teste
2291 1184 2579 1259 Procopio,
2605 1190 2701 1245 lib.
2728 1206 2762 1244 v
2813 1189 2888 1244 De
2914 1190 3104 1259 a’diﬁ'c.
3143 1190 3477 1261 Iustiniani,
3518 1211 3576 1263 p.
3606 1195 3737 1256 117;

2128 1280 2258 1350 quin
2306 1288 2358 1335 et
2397 1282 2538 1352 apud
2577 1279 2927 1352 Thcopolim,
2967 1283 3082 1338 sive
3110 1285 3464 1339 Antiochiam
3514 1304 3739 1341 murum

2129 1365 2317 1422 Sancti
2350 1367 2587 1425 Maronis
2618 1380 2786 1439 prope"
2836 1369 3097 1440 Daphnen
3134 1375 3459 1441 renovavit,
3513 1391 3573 1444 p.
3614 1376 3737 1430 1:9.

2131 1458 2226 1513 Est
2256 1468 2437 1514 autem
2470 1461 2871 1516 monasterium
2915 1462 3101 1517 Sancti
3136 1461 3380 1519 Maronis
3415 1466 3742 1535 principale

2131 1552 2587 1607 monasteriorum
2627 1553 2881 1609 secundae
2916 1551 3105 1625 Syriae,
3138 1556 3298 1625 cujus
3346 1559 3743 1614 ambasciator

437 1651 633 1721 probat
704 1648 773 1703 de
824 1647 1183 1703 conversione
1237 1644 1523 1710 Saraceni,
1565 1645 1658 1715 qui
1697 1654 1867 1712 nepos
1904 1636 2031 1697 erat‘
2057 1700 2097 1721 ἓ
2128 1640 2397 1698 diaconus
2422 1640 2625 1699 Paulus
2658 1642 2711 1697 in
2760 1642 3365 1715 Constantinopolitano
3408 1660 3447 1700 ν
3477 1662 3737 1702 meome-

437 1714 790 1795 Amerumnis
841 1739 899 1791 in
945 1746 1128 1792 castro
1163 1736 1370 1805 Ampeli
1406 1714 1601 1807 Syriae,
1636 1740 1760 1789 cum
1797 1733 2027 1789 vidisset
2057 1714 2103 1777 Β
2130 1733 2258 1790 nico
2311 1735 2576 1803 concilio,
2637 1732 2853 1792 actione
2895 1736 3094 1807 prima,
3152 1737 3493 1810 Subscripsi‘t
3552 1739 3737 1794 libello

439 1832 675 1903 speciem
726 1828 953 1884 infantis
992 1828 1047 1881 in
1085 1826 1449 1883 Eucharistia.
1497 1826 1718 1882 Relatio
1775 1822 2031 1896 Gregorii
2132 1831 2549 1885 monachorum.
2615 1822 2740 1884 Fuit
2804 1840 2859 1883 et
2912 1830 3218 1884 Alexander
3281 1832 3731 1887 archimandrita

439 1923 767 1993 Decapolita:
814 1921 1019 1988 prodiit
1063 1920 1205 1990 typis
1238 1918 1430 1975 Romae
1467 1935 1497 1976 a
1552 1919 1713 1973 Patre
1754 1916 1963 1973 Isidoro
1995 1928 2031 1972 ι’

444 2008 917 2083 Sancto-Josepho
938 2011 1229 2067 Carmelita
1257 2010 1579 2066 Excalceato
1603 2010 1788 2065 Gmce
1811 2008 2030 2065 Latine-

439 2123 546 2178 que
566 2106 860 2176 publicata.
890 2103 1048 2158 Pater
1077 2118 1297 2173 quoque
1328 2094 1662 2173 Theophilus
1692 2100 2026 2174 Raynaldus,

439 2199 602 2254 aliam
658 2196 1066 2253 conversionem
1112 2195 1376 2265 principis
1428 2193 1609 2249 Persa:
1668 2210 1697 2249 a
1751 2193 1912 2248 Petro
1962 2194 2033 2248 de‘

440 2289 622 2347 Monte
657 2299 785 2343 tunc
811 2289 1065 2359 episcopo
1100 2286 1370 2341 Brixiensl
1430 2298 1641 2342 versam
1685 2284 1937 2340 Latinum
1974 2285 2028 2339 in

441 2400 751 2444 sermonem
815 2401 882 2439 ex
940 2382 1130 2438 Grzrco
1175 2380 1485 2452 Epiphanli,
1538 2378 1837 2448 Romazque
1885 2391 2031 2431 anno

441 2474 506 2534 C.
537 2479 605 2532 N.
633 2476 772 2533 1523
825 2489 1109 2539 excusam,
1142 2483 1201 2528 ut
1227 2471 1413 2543 arguit
1431 2487 1494 2526 cx
1525 2470 1930 2542 Epigrammate
1961 2468 2030 2523 ad

443 2568 753 2627 hlatthaaum
818 2566 1101 2623 Gibertum
1163 2564 1465 2631 Datarium,
1529 2578 1658 2618 mox
1714 2562 2029 2633 episcopum

444 2659 716 2715 Veronen.
772 2657 1177 2727 dignissimum,
1215 2671 1323 2711 non
1369 2665 1573 2718 tamen,
1626 2663 1686 2708 nt
1729 2654 1933 2707 vocitat
1967 2651 2028 2704 P.

442 2754 587 2809 idem
630 2750 1000 2821 TheOphilus,
1065 2750 1420 2814 cardinalem,
1474 2746 1662 2802 rec‘udi
1711 2746 1929 2802 curavit
1974 2744 2033 2799 in‘

443 2842 640 2903 Gallia.
668 2846 742 2900 De
770 2844 958 2898 Jndzeo
986 2860 1081 2914 per
1104 2845 1423 2900 miraculum
1447 2828 1657 2899 sancite
1679 2840 2037 2897 Eucharistia:

443 2940 512 2993 ad
549 2937 709 2993 ﬁdem
757 2936 1125 2991 Christianam
1176 2950 1446 2991 converso
1509 2933 1860 2989 Innocentius
1894 2928 2030 2986 Ter-

445 3123 611 3194 gusti,
636 3120 698 3177 C.
732 3120 793 3175 NL
824 3120 953 3187 527,
987 3120 1150 3175 iidem
1208 3117 1548 3189 Nicephorus
1591 3127 1645 3173 et
1702 3126 1895 3171 auctor
1928 3114 2028 3171 Mi-

444 3214 624 3269 scellaa
673 3214 897 3267 tradunt
948 3212 1051 3267 sub
1116 3210 1485 3265 Alcmundaro
1520 3225 1645 3279 rege
1700 3209 1898 3264 Zeticae'
1937 3206 2035 3278 (an

446 3303 632 3374 regulo
684 3302 1108 3372 Scenita‘rum?)
1140 3302 1192 3355 in
1228 3288 1591 3367 Palaestinam,
1658 3317 1754 3356 seu
1811 3300 2026 3371 Syriam

444 3392 702 3462 primam,
735 3392 1043 3452 excur‘risse
1078 3389 1399 3455 Saracenos,
1448 3402 1653 3459 easque
1686 3389 2041 3460 deprmdatos'

442 3476 640 3547 fuisse,
674 3497 849 3552 usque
896 3480 1123 3536 adfines
1168 3481 1491 3545 Antiochire,
1545 3480 1682 3535 nihil
1731 3490 1909 3536 tamen
1959 3480 2028 3536 de

444 3564 757 3630 monachis.

520 3663 646 3720 Fuit
675 3673 728 3719 et
762 3664 1159 3719 monachorum
1193 3663 1555 3733 quadraginta
1590 3674 1829 3734 quatuor
1853 3663 2039 3718 caedes

443 3755 506 3812 in
543 3755 697 3809 laura
759 3754 931 3810 sancti
986 3754 1143 3809 Sabae
1193 3755 1250 3808 in
1296 3748 1591 3808 Palaestina
1641 3752 1951 3808 occisormn
1996 3756 2039 3809 a'

444 3846 763 3912 Saracenis,
796 3862 826 3902 e
854 3845 1091 3901 Baronio
1120 3845 1395 3900 cardinale
1436 3844 1503 3899 ad
1532 3844 1676 3899 diem
1720 3846 1786 3899 16
1816 3842 1937 3899 Maii
1972 3845 2025 3899 in

449 3935 603 3992 Notis
641 3936 707 3991 ad
742 3934 976 3989 Roman.
1032 3933 1376 4005 Martyrolog.
1404 3928 1459 3989 et
1488 3935 1541 3988 in
1574 3934 1772 3988 Annal.
1815 3935 1881 3988 ad
1925 3940 2041 3988 an-‘

449 4032 583 4083 nu'tn
619 4027 678 4082 C.
728 4024 795 4081 N.
823 4020 947 4091 619,
982 4040 1078 4080 seu
1126 4026 1254 4089 630,
1285 4025 1536 4081 Heraclio
1586 4026 1932 4095 imperatore,
1960 4027 2039 4081 de

451 4135 558 4191 qua
577 4118 833 4174 Moschus
873 4119 927 4172 in
963 4117 1138 4173 Prato
1164 4118 1457 4188 spirituali,
1489 4134 1540 4174 c.
1567 4117 1621 4183 ιι,
1654 4104 1813 4171 η.21’
1861 4127 1914 4172 et
1935 4116 2024 4183 99,

449 4208 553 4265 ubi
594 4208 935 4281 Rosweydus
990 4210 1219 4265 laudans
1262 4210 1441 4280 ipsum
1488 4209 1819 4265 cardinalem
1858 4200 2041 4262 Baro-'

452 4298 635 4367 nium;
671 4299 767 4355 sed
808 4316 933 4355 cum
967 4301 1284 4374 μνημονικῷ
1321 4302 1682 4375 ἁμαρτηματι
1731 4303 1796 4357 ad
1831 4296 1905 4357 19
1927 4296 2047 4355 lie-4'

2129 1919 2301 1975 etiam
2342 1933 2410 1975 ex
2444 1918 2603 1989 epist.
2650 1914 2725 1974 22
2764 1916 3069 1975 llurmisdae
3103 1919 3171 1974 de
3204 1919 3506 1976 hlarott‘itis
3540 1925 3614 1976 ad
3646 1938 3723 1977 ac.

2128 2010 2192 2064 (Ἰ.
2219 2007 2286 2063 N.
2310 2004 2482 2075 1099;
2512 2008 2838 2066 Ptolemzeus
2862 2006 3065 2066 anen’.
3100 2012 3152 2065 in
3175 2012 3371 2066 Annal.
3391 2028 3464 2066 ex
3504 2011 3729 2069 Richar-

2129 2103 2231 2169 do;
2261 2105 2351 2158 sed
2386 2116 2438 2158 et
2466 2103 2761 2158 cardinalis
2794 2100 3061 2160 Baron‘ius
3082 2104 3133 2158 in‘
3162 2102 3314 2160 Nolis
3353 2107 3421 2160 ad
3462 2107 3730 2179 Martyro-

2130 2196 2332 2266 logium
2390 2194 2699 2251 Romanum
2742 2196 2833 2253 die
2864 2196 2928 2251 21
2984 2195 3274 2264 Octobris,
3314 2209 3373 2255 et
3411 2203 3471 2255 in
3536 2205 3727 2256 Annal.

2130 2288 2421 2342 ecclesiast.
2470 2286 2536 2343 ad
2565 2290 2766 2342 annum
2797 2280 2952 2342 1182.
2986 2287 3104 2343 Tibi
3132 2286 3381 2359 proiecto
3412 2292 3729 2348 satisfaciet

2130 2390 2463 2451 purpuratus
2512 2380 2604 2435 ille
2661 2378 2806 2450 pugil
2867 2374 3152 2444 Beclesiaa,
3209 2396 3313 2439 nec
3376 2383 3730 2440 insimulabis

2126 2472 2460 2545 ἀπροσεξίας
2488 2473 2668 2528 virum
2709 2473 2854 2526 hunc
2899 2486 3198 2537 summum,
3232 2474 3278 2528 si
3330 2474 3575 2544 legeris,
3619 2494 3727 2544 qua

2130 2566 2324 2620 scribit
2348 2565 2413 2619 ad
2438 2565 2502 2619 11
2527 2562 2794 2629 Januarii,
2819 2570 2873 2617 et
2902 2564 2966 2617 19
2996 2554 3277 2617 Feln'uarii
3311 2564 3419 2632 (uti
3450 2578 3588 2635 pag.
3618 2567 3729 2627 187,

2133 2656 2185 2710 in’
2209 2653 2362 2711 Notis
2387 2655 2454 2710 ad
2479 2652 2579 2710 Nili
2603 2656 2869 2723 διήγημα,
2896 2648 2955 2707 1".
2985 2651 3273 2723 Pessinus)
3305 2663 3363 2708 et
3394 2656 3733 2725 expenderis

2133 2748 2248 2805 haec
2273 2747 2435 2804 verba
2473 2766 2487 2803 :
2533 2766 2553 2798 ι
2598 2743 2839 2816 Contigit
2868 2744 3135 2815 ejusmodi
3169 2746 3510 2816 gravissima
3550 2758 3733 2816 perge-

2131 2845 2299 2907 cutio,
2322 2850 2450 2905 etc.,
2488 2859 2508 2893 ι
2545 2847 2599 2894 et
2631 2837 2897 2909 ejusmodi
2928 2852 3024 2907 pro
3051 2836 3221 2892 simili
3241 2839 3498 2894 volueris
3536 2842 3733 2895 intelli-

2132 2941 2348 3005 gerc,et
2378 2931 2552 2986 amice
2572 2938 2791 3001 quoque
2810 2922 2932 2983 ista.
2968 2948 2991 2980 ‹
3016 2927 3134 2983 Una
3161 2929 3389 3000 (inquit)
3417 2932 3735 3001 eademque

338 3080 347 3105 ι
446 3030 553 3086 tius
603 3030 701 3084 lib.
736 3044 810 3097 tv,
853 3029 1015 3099 epist.
1044 3027 1133 3083 84.
1175 3027 1335 3082 Anno
1384 3027 1558 3097 primo
1590 3016 1879 3081 Justiniani
1920 3025 2033 3079 Au-
2059 3044 2109 3109 ρ’
2133 3026 2439 3096 persecutio
2462 3022 2887 3084 Saracenorum,
2911 3021 3076 3075 sivea
3101 3019 3398 3076 Saracenis
3419 3032 3732 3086 commota,

2132 3129 2187 3178 et
2216 3118 2418 3173 inllicta
2449 3115 2851 3187 suprascriptds
2885 3126 3107 3170 sanctos
3147 3115 3455 3170 monachos
3491 3117 3738 3171 diversis

2127 3213 2182 3267 in
2215 3210 2353 3265 locis”
2384 3210 2591 3277 positos
2627 3207 2865 3270 vexavit,
2890 3202 3231 3277 diversisque
3264 3206 3466 3262 diebus
3499 3210 3738 3271 occidit.

2129 3296 2248 3374 (seu
2290 3299 2522 3355 diversis
2568 3299 2953 3368 temporibus),
2998 3307 3189 3352 utnon
3224 3299 3438 3353 mireris
3496 3302 3550 3354 si
3588 3316 3743 3370 saepe

2127 3402 2320 3461 agatur
2351 3393 2409 3446 in“
2441 3386 2693 3446 Romano
2724 3390 3105 3461 Martyrologio
3152 3391 3369 3445 inferius
3403 3391 3477 3445 de
3515 3408 3747 3448 mona-

2126 3486 2246 3541 chis
2274 3486 2431 3541 caesis
2476 3499 2510 3538 a
2555 3483 2866 3541 Saracenis.
2896 3485 2972 3541 lta
3022 3485 3315 3557 persecutio
3350 3486 3749 3555 Diocletiani,

2032 3640 2039 3645 ,
2126 3584 2213 3637 vel
2250 3580 2482 3638 alierum
2517 3584 2956 3653 tyrannorumin
2987 3582 3326 3638 Christianos
3354 3578 3751 3641 debacchan-

2129 3674 2261 3729 tium
2298 3674 2498 3729 dicitur
2526 3676 2655 3740 una,
2690 3677 2945 3746 quamvis
2974 3674 3206 3730 diversis
3246 3675 3466 3741 diebus,
3506 3686 3744 3749 tempo-

2126 3767 2389 3836 ribusque
2432 3764 2599 3823 fuerit
2628 3767 2866 3823 excitata
2917 3781 2972 3823 et
3011 3768 3412 3823 consummata.
3450 3788 3472 3819 ι
3514 3769 3563 3823 Ε
3616 3774 3745 3842 qui-

2127 3848 2231 3915 bus
2287 3856 2587 3916 cardinalis
2633 3856 2858 3913 Baronii
2916 3856 3132 3926 verbis,
3194 3876 3357 3930 quam
3410 3860 3591 3917 fuerit
3653 3864 3748 3918 ille

2127 3956 2363 4003 attentus
2387 3948 2441 4002 in
2467 3946 2739 4018 Operibus
2767 3949 2881 4007 suis
2912 3950 3112 4006 clarius
3144 3950 3381 4006 elucebit
3406 3954 3745 4023 aequissimo

2129 4032 2309 4093 rerum
2334 4038 2674 4095 aestimatori.

2198 4127 2334 4182 Dum
2363 4118 2514 4183 Nilus
2539 4145 2637 4200 pro
2667 4136 2819 4185 mo‘r'e
2848 4147 2947 4187 suo
2974 4124 3052 4188 ad.
3076 4142 3322 4195 sanctos,
3357 4136 3451 4203 qui
3480 4148 3657 4191 erant
3692 4140 3745 4191 in

2128 4209 2305 4283 Rubo,
2332 4218 2386 4273 et
2405 4212 2590 4275 G'raéce
2603 4219 2782 4292 Βὰτῳ,
2811 4215 3375 4294 (ιιιεωΜογερένὶᾶίι
3404 4226 3747 4287 ardentem.

2127 4319 2183 4364 at
2242 4308 2671 4378 incombust'um,
2724 4313 2892 4368 Exodi
2944 4330 3023 4382 tu,
3079 4315 3149 4381 2,
3213 4314 3306 4369 ubi
3367 4318 3657 4371 sacellum
3718 4336 3749 4372 a

452 4386 681 4453 bruarii,
739 4389 806 4446 de
852 4405 959 4460 qua
1017 4401 1071 4446 et
1127 4392 1430 4448 Antiochus
1485 4393 1540 4447 in
1595 4392 1857 4463 Epistola,
1926 4392 2021 4449 seu
2055 4384 2315 4458 Dsancta
2377 4398 2576 4459 Helena
2626 4404 2867 4478 Augusta
2917 4404 3022 4461 fuit
3071 4415 3449 4473 exstructum,
3515 4419 3579 4465 et
3640 4412 3751 4465 sub

454 4485 755 4554 fragmento
775 4483 843 4538 ad
869 4480 1247 4549 Eustachium,
1278 4484 1423 4554 quod
1454 4485 1733 4555 praefixum
1765 4498 1851 4542 est
1882 4486 2024 4541 Pan-

451 4576 622 4629 decue
659 4573 878 4631 intexta:
898 4583 1031 4631 tom.
1056 4574 1121 4629 1X
1151 4574 1490 4631 Bibliotltecte
1524 4574 2025 4637 Patrum.Sedebat

452 4674 585 4720 unm.
606 4663 995 4737 Hierosolymis
1013 4666 1333 4737 patriarcha
1356 4668 1410 4722 in
1434 4666 1705 4723 Persidem
1730 4683 1760 4722 a
1782 4667 2023 4724 Chosroe

446 4755 666 4812 abducti
686 4758 1086 4830 ύοποτηρητής,
1114 4759 1165 4813 id
1187 4771 1268 4814 est
1289 4759 1461 4815 locum
1480 4770 1686 4825 tenens,
1712 4754 2023 4827 Modestus}

448 4846 757 4916 imperabat
779 4844 1083 4913 Heracllus,
1119 4848 1213 4918 qni
1242 4846 1554 4905 Clirosroen
1580 4846 1731 4905 vicit.
1760 4848 1834 4904 De
1854 4848 2021 4904 mira-

446 4935 627 5001 culis,
684 4950 805 5005 quae
851 4936 1204 5008 contigerunt
1255 4950 1379 4993 cum
1435 4937 1566 4992 illud
1626 4941 2024 4995 monasterium

447 5026 772 5081 (invaserunt
804 5024 1061 5082 Saraceni
1087 5037 1281 5097 praeter
1317 5027 1618 5095 Moschum,
1649 5029 1885 5100 Cyrillus
1905 5042 2025 5086 mo-

450 5118 664 5172 nachus
693 5116 744 5171 in
774 5116 925 5172 Actis
947 5118 1121 5173 sancti
1155 5118 1331 5186 Sabae,
1365 5121 1453 5175 die
1477 5120 1510 5175 5
1543 5123 1893 5189 Decembris;
1919 5122 2027 5177 Eui-

448 5208 695 5280 (hymius
723 5211 895 5266 abbas
951 5212 1042 5266 die
1077 5211 1149 5266 20
1190 5210 1433 5267 Januarii
1485 5222 1777 5270 recensens
1812 5220 2027 5283 grassa-

447 5300 659 5355 sionem
674 5288 1232 5374 WSaracenicam
1250 5303 1353 5358 sub
1370 5305 1683 5371 Anastasio,
1700 5305 1765 5360 de
1780 5306 1885 5376 q'ua
1905 5315 1957 5360 et
1972 5307 2027 5361 in

449 5394 619 5449 rebus
655 5396 819 5465 gestis
861 5398 1034 5453 sancti
1053 5396 1279 5453 Joannis
1314 5396 1611 5452 Silentiarii
1662 5400 1805 5467 apud
1858 5394 2029 5454 Meta-

450 5483 733 5552 phrastem
782 5487 869 5543 die
945 5490 1012 5544 13
1063 5487 1209 5544 Maii.
1266 5489 1326 5544 ln
1382 5488 1762 5559 Martyrologio
1808 5490 2028 5559 quidem

451 5570 705 5653 Romano
732 5576 847 5631 liazc
874 5578 1160 5647 habentur,
1199 5580 1285 5635 die
1308 5578 1374 5634 16
1397 5579 1518 5633 Maii
1555 5599 1568 5636 :
1597 5600 1615 5634 ‹
1641 5579 2029 5637 Monachormn

450 5662 515 5714 in
572 5659 723 5713 [aura
789 5668 962 5721 sancti
1014 5669 1170 5723 Saba:
1221 5685 1250 5723 a
1280 5669 1573 5728 Saracenis
1625 5672 2028 5729 interfectorum

2124 4494 2281 4549 altari
2305 4496 2644 4566 compositus
2673 4498 2865 4567 ingens
2899 4498 3059 4568 lapis,
3086 4508 3139 4553 et
3168 4514 3329 4569 prope
3358 4515 3531 4569 quem
3561 4499 3752 4557 Justi-

2124 4586 2324 4642 nianus
2384 4586 2680 4658 imperator
2753 4605 3006 4660 magnam
3068 4588 3361 4646 aediﬁcavit
3426 4594 3749 4649 ecclesiam

2124 4677 2296 4733 instar
2325 4680 2488 4746 arcis,
2519 4680 2902 4751 ut‘Procopins
2932 4682 3165 4739 laudatis
3194 4682 3329 4738 locis
3357 4682 3674 4753 describit,
3700 4697 3751 4739 τι

2125 4778 2413 4825 attestatur
2459 4772 2653 4828 Petrus
2700 4789 2727 4827 a
2776 4768 2929 4829 Valle
2988 4784 3125 4830 tom.
3168 4773 3440 4847 lPeregr.
3486 4795 3546 4848 ῃ.
3584 4781 3750 4835 286:

2126 4858 2193 4913 ad
2230 4872 2448 4919 sanctos
2480 4866 2767 4935 (inquam),
2817 4865 2871 4920 id
2905 4876 2989 4921 est
3019 4868 3372 4938 perfectiores
3397 4872 3753 4931 monachos.

2126 4952 2301 5019 paulo
2323 4956 2457 5008 ante
2480 4955 2547 5010 de
2582 4965 2767 5011 monte
2796 4954 2926 5011 Sina
2955 4958 3347 5022 descendisset,
3392 4970 3455 5013 ut
3507 4962 3757 5015 haberet

2125 5048 2249 5099 cum
2293 5045 2427 5114 ipsis
2475 5062 2741 5118 synaxcs,
2795 5052 2865 5103 et
2893 5048 3250 5115 eollationes,
3310 5050 3543 5121 aliaque
3572 5054 3755 5123 spiri-

2127 5134 2293 5191 tualia
2310 5137 2752 5202 exercitamenta,
2782 5138 3036 5195 monachi
3065 5139 3227 5194 etiam
3245 5134 3759 5212 distinguebantur

2124 5222 2191 5277 in
2234 5225 2567 5295 ἀρχαρίθυς,
2610 5226 2724 5281 sive
2788 5229 3084 5298 ἀρχαίους,
3125 5229 3177 5284 id
3219 5239 3337 5292 est,
3394 5231 3759 5301 incipientes,

2133 5316 2399 5386 μικροσχή
2410 5333 2561 5386 μους,
2586 5320 2680 5372 καὶ
2709 5320 3018 5393 μεγαλοσχή
3027 5338 3181 5391 μους,
3208 5321 3258 5376 id
3272 5330 3385 5387 est,
3407 5340 3586 5391 pum
3604 5338 3763 5380 mle

2131 5408 2386 5473 amictus,
2418 5410 2732 5481 indutosque
2758 5406 2924 5484 685
2959 5420 3175 5483 magna,
3208 5414 3301 5484 qui
3328 5414 3541 5470 τέλειοι
3578 5418 3765 5472 καλὸ-

2132 5511 2291 5569 γηροι
2370 5499 2741 5567 dicebantur,
2823 5513 2884 5558 ut
2961 5506 3105 5574 apud
3188 5504 3763 5581 Hierosolymitanos

2132 5586 2344 5653 equites
2390 5588 2612 5655 novitii,
2653 5599 2705 5645 et
2751 5589 3143 5658 Grand—Croix,
3178 5594 3343 5660 Coar,
3398 5597 3605 5667 p.472,
3638 5600 3765 5653 483

2133 5686 2187 5732 et
2209 5677 2377 5734 5l7in
2400 5677 2652 5751 Euchol.‘;
2679 5685 2771 5740 sed
2796 5700 2988 5742 vereor
3011 5696 3080 5745 ne
3100 5690 3170 5744 sit
3196 5690 3297 5744 hoc
3318 5692 3761 5749 monachorum
