3998 6214
6 5206 37 5259 ρ

6 5296 39 5349 ἅ

6 5435 9 5439 .
25 5398 39 5425 δ’

6 5474 41 5531 μ

6 5568 39 5625 ἄ

6 5662 41 5741 δέ

8 5770 33 5797 [Α

274 300 303 366 ἲ
320 294 419 361 il3
1622 296 1915 360 DE'VITA
1958 298 2017 361 S.
2051 297 2218 360 NILI
3403 296 3547 365 MM

261 404 555 466 discrimen
597 406 897 464 recentius.
954 404 1167 470 Evenit,
1225 405 1303 460 uti
1370 405 1483 475 jam
1534 407 1855 477 przenotavi,
1884 410 2052 480 Aalii
2106 398 2328 466 nomine
2381 409 2588 466 Paulus
2647 412 2721 479 et,
2774 396 3012 470 Joannes
3060 412 3175 485 jam
3227 413 3547 471 exhalat-ant

261 507 518 562 excursio
567 505 655 559 illa
694 502 1069 559 memorabilis
1118 501 1518 557 Saracenorum
1551 500 1617 555 ad
1648 518 1855 557 annum

260 592 321 655 C.
365 597 431 652 N.
466 598 593 663 410,
659 597 753 668 qui
791 611 988 651 canum
1044 596 1219 651 instar
1254 593 1653 665 exagitatarum
1706 594 1857 650 rabie

262 693 597 747 inconditum
629 692 851 747 edentes
880 691 1175 746 clamorem
1209 691 1263 745 in
1300 690 1394 746 Dei
1427 691 1576 745 viros
1624 690 1855 745 insilue-

262 794 441 838 runt:
479 784 721 855 ipsorum
775 783 1066 847 belluinos,
1134 781 1449 852 ferinosque
1500 797 1683 838 mores
1737 782 1853 852 jam

261 877 513 946 graphice
540 875 831 931 deliueavit
859 871 1014 930 Nilus
1041 875 1095 928 in
1119 889 1218 929 sua
1247 872 1851 946 Contplotatione(sic),

260 968 717 1040 quemadmodum
764 976 820 1023 et
865 966 1213 1034 Ammonius,
1261 982 1369 1021 non
1413 966 1704 1022 violentius
1743 966 1854 1036 lupi

262 1059 414 1129 agnis
461 1057 743 1126 insultant,
778 1059 1073 1126 ululantes,
1095 1059 1149 1112 in
1181 1060 1374 1130 primis
1398 1067 1773 1124 corraserant,
1802 1069 1856 1113 et
1884 1070 1887 1071 '

260 1152 623 1222 compilarunt
666 1167 1025 1223 quascunque
1062 1159 1455 1224 congesserant
1509 1150 1615 1205 illa:
1652 1160 1854 1206 sancta:

261 1244 503 1300 formicae
534 1250 903 1317 praeparantes
938 1245 1007 1299 ad
1049 1244 1339 1299 hibernum
1381 1242 1586 1298 victum
1624 1243 1854 1298 summi-

262 1348 399 1394 tates
436 1339 716 1405 arborum,
748 1339 1391 1408 baccasque‘silvestres,
1434 1351 1558 1405 qua:
1602 1336 1671 1389 ad
1707 1335 1856 1391 hunc

264 1447 423 1487 usum
475 1431 668 1487 sedulo
720 1431 985 1495 collectae,
1035 1439 1088 1485 et
1138 1429 1427 1501 custoditae
1468 1428 1685 1493 siccari,
1740 1428 1857 1484 sive

262 1523 469 1589 durari,
506 1524 821 1594 servarique
859 1533 1127 1593 poterant,
1165 1540 1288 1579 mox
1319 1523 1633 1601 compulere
1664 1537 1857 1575 mona-

263 1620 398 1675 chos
433 1629 491 1673 ut
522 1635 615 1675 eas
667 1621 732 1674 ad
767 1636 888 1699 sese
958 1610 1344 1690 deportarent;
1382 1620 1522 1673 alios
1575 1633 1704 1673 vero
1737 1633 1858 1673 mo-

191 1778 203 1790 .
262 1713 506 1779 naebos,
562 1714 656 1784 qui
710 1723 869 1769 erant
926 1713 1073 1768 intra
1140 1713 1429 1768 ecclesiam
1494 1712 1853 1777 abstrahunt,
1892 1752 1931 1790 Α

1958 504 2220 568 animam,
2267 505 2702 575 prmiverantque
2767 514 3060 562 metatores
3116 506 3430 577 presbytero
3477 508 3544 564 ad

1959 596 2238 650 caelestem
2266 597 2493 663 gloriam
2528 597 2671 652 velut
2700 598 3175 654 anteambulones.
3203 598 3548 668 Sepelierunt

1959 688 2139 757 itaque
2177 688 2465 743 defunctos
2493 690 2581 744 die
2614 691 2843 760 septima
2875 699 2996 760 post
3035 689 3417 760 Epiphaniam,
3451 708 3546 746 seu

1957 780 2165 835 decima
2184 792 2376 850 quarta
2396 781 2665 847 Januarii,
2691 784 2766 837 uti
2795 784 2908 853 jam
2940 784 3101 838 toties
3120 786 3376 854 praefatus
3401 800 3545 851 sum,

1958 874 2211 929 monachi
2252 875 2575 944 superstites
2621 891 2745 930 cum
2772 874 2915 930 Nilo.

2032 965 2223 1021 Omnis
2270 966 2326 1021 in
2359 965 2637 1022 Theodulo
2672 968 2853 1023 stabat
2888 967 3061 1023 ehari
3109 968 3351 1038 parentis
3392 984 3544 1024 cura.

1956 1054 2114 1111 Nilus
2150 1056 2317 1126 igitur
2365 1058 2483 1112 vale
2522 1056 2669 1113 dicto
2730 1058 2904 1112 sacris
2959 1059 3448 1121 commilitonibus,
3497 1068 3551 1113 et

1959 1148 2223 1204 missione
2265 1148 2430 1218 petita
2479 1150 2812 1218 temporaria
2835 1190 2849 1213 ,
2883 1165 2941 1205 se
2971 1149 3151 1205 itineri
3200 1152 3455 1223 accingit,
3491 1156 3551 1205 ut

1958 1253 2084 1293 eum
2111 1238 2488 1309 perquirere},
2523 1240 2925 1296 commendans
2962 1254 3021 1296 se
3058 1241 3400 1297 orationibus
3421 1258 3552 1297 san.

1960 1331 2035 1385 eti
2062 1340 2257 1397 cmtus,
2293 1343 2353 1387 et
2394 1333 2448 1387 in
2491 1332 2600 1388 Deo
2639 1333 2879 1403 deligens
2915 1332 3134 1390 omnem
3171 1326 3321 1405 spem
3366 1351 3547 1403 suam,

1960 1427 2128 1489 utque
2171 1429 2357 1485 pastor
2393 1420 2752 1491 deperditam,
2802 1431 3123 1494 raptamque
3162 1425 3431 1479 oviculam
3463 1441 3550 1479 re-

1960 1521 2342 1578 cuperaturus,
2400 1512 2676 1567 animatus
2725 1512 2945 1581 quidem
2998 1515 3340 1582 hacliducia,
3395 1531 3551 1571 erra-

1959 1600 2176 1656 bundus
2198 1611 2407 1665 tamen,
2438 1612 2503 1655 ac
2533 1601 2726 1672 lugens
2755 1599 2970 1657 Pharan
3007 1606 3155 1659 venit
3180 1605 3283 1675 (est
3314 1620 3376 1660 ea
3412 1608 3551 1661 urbs

1960 1689 2174 1757 Arabia:
2204 1691 2447 1759 Petrzeae,
2493 1699 2548 1746 et
2601 1707 2763 1747 mons
2810 1694 2874 1747 ad
2912 1694 3093 1749 sinum
3138 1695 3431 1749 Arabieum
3492 1696 3549 1749 in

262 1807 579 1877 nudantque
620 1807 735 1861 suis
763 1807 1115 1870 centonibus,
1156 1813 1444 1875 provectos
1483 1812 1641 1857 aetate
1666 1803 1854 1871 dispo-

1959 1780 2177 1853 Egypti
2229 1784 2488 1838 confinio.
2525 1783 2853 1839 Ptolemaeus
2922 1785 3174 1840 meminit
3223 1788 3548 1857 p0pulorum

261 1911 398 1954 nunt
419 1900 611 1954 ordine
634 1899 700 1952 ad
732 1898 956 1963 caedem,
985 1907 1099 1952 tum
1122 1898 1543 1951 circumstantes
1569 1895 1858 1951 truculenti

260 1990 546 2043 carnifices
600 1990 838 2043 eduxere
869 1987 1082 2057 gladios
1123 1987 1285 2053 irati,
1329 1995 1384 2041 et
1428 1996 1579 2041 torve
1611 1987 1855 2057 igneum,

260 2081 685 2149 rutilantemque
724 2079 1109 2134 subvolventes
1145 2080 1394 2133 obtutum
1450 2092 1577 2149 erga
1608 2078 1854 2132 strictam

259 2172 404 2226 illam
467 2172 676 2233 aciem,
737 2180 1095 2240 paratamque
1154 2171 1273 2224 neci
1324 2185 1422 2239 pro
1474 2168 1714 2233 Christo,
1766 2168 1855 2223 cui

263 2265 675 2319 famulabantur
703 2263 1001 2317 subeunda:
1048 2262 1263 2317 fortiter
1293 2279 1356 2316 ac
1396 2276 1675 2333 generose.
1707 2260 1855 2331 Lego

264 2370 455 2423 nempe
480 2347 842 2424 πυρωπόν,”θι
868 2354 1171 2424 πυρῤωπὸν
1197 2355 1353 2421 (utin
1378 2362 1548 2417 textu,
1579 2351 1855 2423 notisque,

262 2460 319 2514 p.
374 2446 493 2510 l60,
520 2446 746 2501 doctiss.
793 2444 1097 2515 Pessinus).
1134 2445 1392 2500 Mandant
1429 2442 1699 2499 sacerdoti
1750 2442 1855 2513 loci

264 2539 425 2603 sacri,
460 2548 517 2591 ut
543 2537 829 2606 protendat
856 2537 1145 2609 cervicem,
1182 2537 1532 2615 inferuntque
1560 2552 1665 2591 non
1692 2536 1857 2592 simul

264 2631 425 2683 ambo
457 2632 586 2698 (duo
616 2632 816 2684 etenim
852 2629 1030 2699 ipsum
1078 2630 1557 2701 circumstabant),
1584 2629 1678 2685 sed
1713 2646 1855 2688 unus

265 2730 388 2788 post
427 2719 592 2772 alium
637 2735 798 2775 enses
830 2723 1088 2791 utrinque
1140 2708 1547 2791 inlligendo,rut
1576 2723 1856 2778 crudelius

264 2813 550 2883 degustata
582 2822 755 2867 morte
788 2813 1154 2879 occideretur,
1197 2814 1380 2885 plagas
1424 2814 1493 2870 ad
1537 2816 1858 2888 iuterscapi-

267 2904 398 2956 lium
446 2914 500 2958 et
530 2898 860 2970 mamillam,
893 2920 923 2959 e
969 2902 1169 2975 quibus
1221 2906 1310 2961 ille
1347 2907 1602 2962 sacerdos
1632 2908 1855 2965 victima

266 2984 379 3045 Deo
431 3007 587 3047 sacra
639 2993 914 3058 concidit,
978 2994 1120 3049 sicut
1172 3005 1228 3050 et
1268 2995 1388 3066 ejus
1447 2997 1855 3056 concellulanus

265 3083 624 3152 grandaevus,
675 3084 736 3139 et.
770 3080 983 3139 fractus
1032 3100 1142 3140 non
1185 3086 1347 3141 annis
1392 3096 1621 3152 tantum.
1670 3089 1763 3145 sed
1804 3096 1856 3143 et

267 3176 587 3231 monasticis
618 3176 924 3242 laboribus,
960 3175 1196 3247 denique
1228 3195 1363 3249 puer
1393 3176 1498 3235 illis
1533 3181 1855 3237 ministraus

262 3252 451 3334 jussus
493 3268 735 3338 relegere
775 3268 991 3330 baccas,
1070 3268 1149 3324 uti
1197 3269 1310 3339 jam
1366 3272 1606 3327 narravi.
1660 3270 1853 3326 Satiati

268 3360 521 3415 mactatis
579 3360 728 3416 hisce
784 3361 961 3417 tribus
1008 3361 1237 3417 Barbari
1295 3362 1518 3432 reliquis
1569 3364 1853 3419 monachis

268 3452 579 3508 iudicarunt
624 3456 682 3507 ut
731 3452 909 3523 fugam
960 3464 1329 3523 capesserent,
1372 3467 1425 3508 et
1472 3452 1709 3519 abirent,
1755 3455 1854 3507 οὐκ

266 3538 382 3596 οἴδα
411 3543 463 3596 τί
511 3542 805 3610 παθόντες,
838 3560 1032 3599 manus
1099 3545 1301 3599 indicio
1351 3546 1673 3609 suadentes,
1725 3540 1852 3601 curn

266 3635 450 3688 adhuc
474 3643 720 3688 tenerent
747 3635 1012 3704 sanguine
1046 3634 1276 3690 infectos
1316 3650 1496 3701 enses,
1529 3638 1698 3690 nescio
1720 3655 1854 3707 quo—-

268 3724 422 3776 modo
457 3723 655 3792 placati
687 3722 861 3794 (Nilus
899 3724 1098 3794 inquit,
1131 3740 1185 3793 p.
1215 3724 1306 3795 50)
1359 3741 1455 3795 per
1486 3736 1675 3797 tesqua
1715 3744 1852 3797 prte-

267 3814 452 3883 cipitia
516 3814 824 3883 gradientes
893 3815 1049 3869 ocius
1118 3806 1372 3870 mena’cbi
1432 3815 1539 3870 nisi
1597 3827 1725 3873 sunt
1784 3818 1851 3873 ad

271 3914 510 3960 montem
539 3908 792 3974 evadere,
828 3923 930 3961 nec
955 3898 1101 3961 enim
1144 3907 1229 3960 via
1260 3908 1383 3962 trita
1425 3918 1562 3973 erat,
1596 3908 1854 3965 haesitan-

273 3996 423 4062 tiam,
457 3997 881 4068 tarditatemque
911 4014 1066 4053 suam
1097 3996 1256 4054 Nilus
1280 3990 1374 4063 illic
1394 3988 1592 4071 pingit,
1638 4011 1751 4056 tum
1781 4003 1852 4059 ob

273 4094 509 4152 atatem,
542 4088 616 4142 uti
640 4088 752 4158 jam
792 4089 1085 4151 insinuavi,
1112 4097 1224 4144 tum
1250 4090 1405 4160 quod
1426 4091 1619 4148 abduci
1647 4092 1853 4150 videret

272 4172 613 4233 Theodulu‘m
662 4179 884 4233 unicum
935 4186 1097 4234 suum
1155 4179 1348 4245 lilium,
1402 4193 1457 4238 et
1493 4182 1850 4252 professionis

271 4271 482 4323 socium
518 4286 547 4325 a
587 4270 861 4337 Barbaris,
896 4272 1096 4342 illeque
1150 4281 1355 4342 patrem
1390 4275 1633 4331 vicissim
1666 4293 1851 4349 respe-

271 4367 473 4426 ctaret,
524 4361 1348 4429 pe'rtrahentibusimmanibus
1381 4382 1507 4421 eum
1555 4368 1849 4425 tortoribus

1960 1873 2401 1930 Pbaranitarum.
2432 1875 2509 1931 lbi
2529 1877 2806 1931 habitavit
2833 1875 3027 1932 lsmael
3064 1874 3207 1934 filius
3224 1878 3549 1946 Abr‘abami,

1958 1954 2013 2016 et
2037 1962 2200 2033 Agar,
2222 1961 2357 2017 Gen.
2383 1977 2432 2017 e.
2466 1978 2577 2027 xxi,
2600 1978 2649 2018 v.
2673 1958 2763 2029 Ἠ,
2800 1963 3011 2033 fuitque
3032 1965 3097 2019 l3
3126 1969 3341 2022 mansio
3365 1967 3550 2038 populi

1958 2048 2126 2107 Israel
2146 2067 2211 2106 ex
2234 2061 2461 2108 auctore
2482 2050 2625 2108 Mar.
2656 2054 2845 2107 histor.
2870 2065 3061 2125 estque
3084 2058 3342 2127 solitudo)
3365 2060 3556 2129 ibique

1959 2142 2179 2199 habitos
2247 2159 2278 2198 a
2332 2161 2389 2200 se
2456 2156 2704 2201 recenset
2782 2148 2927 2202 ultro
2974 2149 3223 2219 citraque
3270 2150 3555 2207 sermones

1958 2252 2082 2290 cum
2148 2238 2473 2306 quibusdam
2534 2224 2954 2306 accedentibus,
2988 2242 3176 2295 vitam
3221 2242 3547 2311 solitariam,

1958 2330 2073 2382 sive
2096 2328 2431 2383 eremiticam
2481 2330 2911 2396 dilaudantibus,
2949 2340 3109 2404 atque
3143 2336 3549 2393 circumseden-

1960 2421 2106 2475 tibus
2144 2430 2209 2476 et‘
2229 2430 2452 2477 causam
2494 2424 2733 2495 gemitus
2784 2442 2847 2481 ac
2898 2426 3061 2483 fletus
3098 2430 3547 2500 exquirentibus;

1960 2512 2014 2567 in
2041 2514 2308 2585 lacrymas
2336 2516 2481 2570 enim
2508 2524 2734 2589 gemens
2775 2519 3220 2590 colliqueseebat,
3258 2538 3320 2575 ac
3351 2524 3548 2577 sedens

1958 2602 2201 2673 ejulabat
2255 2606 2681 2671 miserabiliter,
2736 2612 3032 2679 respondet
3094 2629 3223 2668 suas
3277 2630 3549 2669 aerumnas

1956 2703 2185 2763 paratus
2223 2711 2524 2765 exponere,
2561 2699 2919 2771 deplorath
2958 2696 3323 2761 Calamitatem
3365 2725 3546 2773 suam,

1959 2784 2167 2857 filiique
2198 2788 2586 2859 captivitatem,
2622 2794 2705 2847 vel
2739 2795 2939 2849 caedem
2973 2813 3135 2865 quam
3164 2804 3546 2868 praesumebat,

1958 2878 2230 2935 interdum
2258 2882 2593 2949 metiCulose,
2618 2887 2895 2955 totiusque
2912 2888 3034 2942 vitai
3078 2906 3191 2945 sure
3215 2876 3545 2947 curriculum

1958 2985 2095 3040 pene
2152 2987 2313 3028 orsus
2353 2974 2588 3030 breviter
2619 2979 2895 3043 contexit,
2934 2981 3414 3055 interrogatusque
3476 2988 3544 3043 de

1961 3070 2141 3133 strage
2177 3072 2518 3129 sanctorum,
2571 3067 2770 3123 divina:
2818 3072 3177 3139 providentiae
3221 3077 3544 3147 specialius,

1882 3129 1928 3193 ο
1958 3162 2012 3208 et
2043 3154 2368 3211 documenta
2395 3159 2721 3229 quamplura
2742 3129 3068 3231 depromens
3090 3129 3264 3221 sacris
3291 3183 3319 3222 e
3342 3129 3542 3235 Libris:

1958 3254 2071 3302 tum
2104 3247 2470 3306 Barbaroruni
2507 3252 2731 3319 victum,
2780 3253 3101 3320 latrocinia,
3158 3260 3441 3327 saevitiam,
3495 3272 3549 3318 et

1955 3332 2289 3396 eamelorum
2340 3342 2620 3407 carnibus,
2681 3348 2821 3414 quos
2876 3348 3179 3417 prcesertim
3232 3364 3546 3423 nuncupant

1956 3431 2281 3494 dromadas,
2324 3444 2419 3487 seu
2455 3434 2833 3490 dromedarios
2883 3442 2913 3491 a
2962 3444 3150 3503 cdrsu,
3190 3443 3547 3511 alimentum;

1956 3521 2146 3587 stellae,
2174 3523 2285 3577 sive
2306 3524 2437 3578 astri
2470 3525 2704 3579 Luciferi
2737 3527 2964 3594 cultum,
2992 3534 3317 3588 sacrificium
3346 3554 3548 3605 puero—

1956 3628 2075 3665 rum
2124 3614 2301 3668 :etatis
2356 3614 2488 3669 ﬂore
2532 3631 2595 3669 ac
2642 3617 2859 3685 egregia
2902 3618 3074 3674 forma
3127 3625 3537 3691 excellentium,

1956 3705 2039 3759 vel
2084 3706 2219 3761 albae
2265 3717 2319 3761 et
2350 3704 2585 3763 macula
2644 3710 2885 3766 carentis
2938 3716 3159 3769 camela:
3206 3716 3482 3785 diluculo;
3515 3735 3549 3774 e

1954 3812 2220 3854 converso
2252 3800 2646 3856 monachorum
2697 3803 2859 3857 vitam
2902 3805 3230 3877 angelicam,
3266 3810 3545 3879 pietatem,

1954 3897 2121 3958 atque
2148 3892 2620 3971 conversationem
2652 3898 2928 3949 austeram
2962 3898 3033 3953 ob
3063 3900 3253 3955 oculos
3280 3902 3452 3971 penit,
3484 3912 3547 3957 ut

1954 3976 2281 4036 conveniant
2318 3984 2385 4037 ad
2418 3967 2573 4039 sacra
2616 3983 2874 4056 mysteria
2915 3992 3385 4047 communicantes
3421 3990 3434 4058 ζ
3474 3994 3547 4049 de

1956 4075 2127 4142 inani,
2177 4093 2343 4148 quam
2393 4076 2626 4151 fugiunt,
2666 4079 2859 4149 gloria,
2900 4091 3068 4152 utque
3119 4099 3243 4139 vere
3295 4076 3543 4157 philoso-

1954 4168 2196 4237 phantur
2233 4169 2437 4240 (Persa:
2471 4169 2713 4240 profecto
2746 4171 2924 4227 adhuc
2958 4172 3245 4230 immolant
3281 4178 3541 4234 feminam

1952 4258 2245 4326 camelum,
2292 4266 2431 4315 teste
2462 4259 2537 4315 La
2572 4258 2741 4329 Valle,
2773 4274 2926 4333 parte
2962 4281 2999 4331 ι,
3047 4281 3101 4336 p.
3135 4267 3240 4321 155
3271 4278 3325 4323 et
3370 4269 3459 4337 48,
3487 4274 3541 4325 et

1952 4346 2136 4403 Niceta
2166 4349 2217 4402 in
2256 4346 2460 4411 Vitas.
2490 4348 2628 4405 Elite
2671 4353 2789 4407 novi
2816 4356 3103 4426 martyrig.
3131 4372 3183 4428 p.
3214 4356 3349 4426 202,
3374 4375 3535 4429 quem

271 4450 518 4515 subinde,
546 4452 719 4506 donec
760 4453 938 4507 innuit
970 4454 1132 4519 filius,
1170 4466 1226 4509 ut
1256 4456 1358 4526 ipsi
1397 4457 1501 4513 sibi
1536 4452 1853 4514 consuleret
1884 4448 1927 4518 Ο
1955 4439 2187 4511 Protum
2233 4439 2528 4496 combCﬁS-
2576 4441 2828 4498 “0’91"”
2854 4444 3004 4501 EH35
3055 4448 3156 4505 i510
3182 4451 3327 4503 θηησ
3372 4449 3433 4504 (Σ
3468 4449 3534 4504 Ν·

274 4551 456 4609 pater,
498 4541 735 4613 fugaque
776 4545 1007 4600 salutem
1059 4558 1363 4616 quaereret;
1406 4549 1645 4605 haerebat
1669 4560 1852 4607 tamen

272 4626 444 4696 Nilus,
469 4624 641 4687 donec
664 4634 891 4689 nimium
912 4636 1257 4693 intervallum
1276 4639 1396 4709 ejus
1417 4641 1606 4697 oculos
1627 4640 1854 4698 frustra-

274 4730 387 4777 tum
414 4736 518 4789 est,
551 4724 835 4782 deficiente
861 4728 1222 4787 nihilominus
1255 4747 1418 4788 sensu
1452 4734 1623 4802 visus,
1667 4738 1857 4792 secuta

270 4823 354 4870 cst
415 4816 669 4873 volantas
716 4828 769 4873 et
823 4826 987 4875 amor
1020 4822 1193 4877 filium
1249 4825 1650 4892 comitabatur,
1699 4826 1854 4886 Nilus

276 4909 492 4963 tandem
552 4910 743 4967 dolore
794 4912 1076 4971 confectus
1124 4915 1402 4973 discessit.
1456 4918 1631 4976 Simul
1689 4932 1855 4992 atque

272 5000 529 5059 Saraceni
556 5004 1138 5075 proculrecesserunt,
1171 5010 1358 5067 multis
1382 5013 1507 5068 aliis
1537 5020 1633 5085 per
1662 5016 1855 5071 solitu-

272 5092 454 5149 dinem
503 5094 821 5165 trdcidatis,
892 5102 949 5153 et
999 5099 1530 5169 discussornimbo',
1589 5104 1855 5159 serenitas

272 5182 480 5241 effulsit
510 5187 715 5257 aliqua,
751 5203 944 5245 rursus
967 5205 1092 5245 cum
1116 5190 1239 5247 aliis
1262 5193 1555 5249 monachis
1574 5196 1854 5250 descendit

274 5290 304 5331 e
329 5289 513 5334 monte
540 5279 715 5345 Nilus,
745 5288 805 5335 ut
836 5280 1013 5337 tribus
1058 5281 1165 5339 illis
1197 5275 1371 5340 ofﬁcia
1411 5282 1592 5341 debita
1625 5286 1852 5341 exhibe-

275 5376 485 5439 rentur,
516 5373 979 5446 bumarenturque
1002 5376 1160 5433 beata
1180 5388 1429 5449 corpora.
1456 5378 1651 5435 Senem
1679 5380 1856 5436 adhuc

275 5462 379 5533 ipsi
417 5464 713 5535 spirantem
767 5480 1167 5538 compererunt,
1208 5470 1303 5541 qui
1355 5472 1642 5527 collectum
1695 5472 1855 5542 spiri-

279 5565 416 5621 tum,
441 5566 505 5611 ut‘
530 5571 629 5615 eos
652 5548 1032 5617 adhortaretur
1063 5563 1130 5617 ad
1163 5563 1511 5619 serviendum
1541 5563 1721 5635 686‘
1742 5564 1855 5621 Deo

278 5656 613 5715 constanter,
635 5650 853 5706 dearum
886 5653 1103 5709 emisit:
1132 5654 1437 5709 vocabatur
1457 5655 1545 5710 liic
1573 5656 1857 5727 presbyter

277 5734 617 5811 Theodu‘ius,
642 5751 695 5798 et
715 5754 976 5799 coronam
999 5745 1241 5815 migrans
1261 5746 1328 5802 ad
1356 5746 1557 5803 coelum
1584 5736 1851 5816 obtinuit;

1957 4531 2080 4596 768,
2132 4534 2321 4588 mundi
2366 4531 2564 4607 6268);
2601 4535 2667 4591 de
2720 4535 2991 4591 Arabibus
3040 4540 3399 4608 nomadibus,
3443 4541 3537 4610 qui

1956 4625 2127 4681 stella
2175 4623 2401 4682 Veneris
2449 4624 2721 4691 matutino
2751 4643 2813 4683 ac
2842 4627 3099 4685 Lucifero
3128 4640 3281 4686 astro
3311 4615 3535 4702 (gemini

1956 4717 2217 4788 praevium
2244 4718 2501 4788 temporis
2526 4720 2740 4773 vocavit
2759 4717 2962 4774 Seu’eCa
2988 4720 3260 4788 tragicus;
3286 4730 3367 4775 est
3390 4722 3535 4777 enim

1955 4823 2150 4878 vesper
2204 4808 2405 4873 etiam,
2469 4823 2591 4877 quae
2651 4809 2878 4866 lucescit
2926 4810 3033 4879 bis,
3091 4812 3247 4881 quasi
3298 4812 3543 4869 educens

1955 4910 2269 4971 cogensque
2338 4900 2620 4961 stellarum
2662 4902 2893 4957 aliarum
2935 4904 3176 4973 gregem)
3208 4919 3258 4974 p.
3294 4903 3422 4958 217.
3460 4901 3536 4959 lbi

1956 4989 2230 5046 Combeﬂs
2256 4988 2439 5045 Nilum
2468 4991 2721 5047 dilaudat
2742 4993 2809 5049 de
2845 4994 2951 5049 isto
2980 4993 3311 5051 Sarace‘n’ico
3350 5009 3543 5050 errore

1957 5084 2011 5136 in
2041 5081 2183 5137 libro”
2222 5070 2296 5137 De
2324 5084 2475 5139 cede
2499 5092 2813 5141 sanctorum
2836 5084 3061 5158 Patrum
3092 5087 3145 5141 in
3176 5090 3362 5142 monte
3382 5087 3547 5154 Sina,

1956 5180 2011 5226 et
2039 5170 2221 5227 fusius
2246 5172 2380 5242 agit.

2024 5281 2213 5340 Astitit
2275 5276 2397 5339 Nilo
2463 5296 2588 5339 cum
2666 5277 2943 5341 retulisset
3017 5286 3300 5343 incursum
3374 5286 3541 5343 Sara-

1955 5392 2252 5443 cenorum,
2314 5386 2367 5431 et
2414 5380 2613 5433 eadem
2671 5379 3105 5447 monachorum,
3148 5380 3307 5450 cujus
3365 5379 3540 5451 hypo-

1957 5470 2187 5541 typosim
2233 5469 2346 5539 jam
2407 5470 2661 5539 reposui,
2716 5467 2980 5541 profugus
3034 5471 3342 5541 ecaptivis,
3401 5486 3543 5541 quos

1954 5560 2176 5616 Barbari
2239 5560 2767 5631 comprehenderant
2819 5561 3038 5632 elapsus
3083 5578 3150 5618 ex
3204 5578 3392 5618 eorum
3444 5579 3542 5619 ca—

1956 5655 2104 5715 Stris.
2159 5669 2350 5710 servus
2391 5669 2586 5725 nempe
2630 5652 2945 5729 Magadonis
2969 5656 3269 5723 senatoris,
3314 5667 3369 5712 et
3399 5673 3543 5712 nun-

1957 5748 2053 5804 tiat
2079 5740 2244 5818 687
2279 5738 2458 5803 adhuc
2491 5746 2759 5803 anhelans
2794 5763 2851 5804 se
2878 5748 2977 5804 abs
3010 5748 3117 5804 illis
3145 5748 3425 5820 aufugisse
3450 5748 3551 5802 de-
