3898 6196
486 264 622 330 1415

1229 257 1380 319 JOS.
1420 252 1687 316 MARI/E
1725 248 2087 312 SUARESII
2129 244 2365 308 LIBER
2400 240 3041 304 CII‘RONOLOGICUS

3643 239 3769 304 ιιιδ

478 382 774 451 signatum,
812 389 869 431 ιιι
903 372 1281 429 immolaretur
1326 382 1453 424 cum
1495 364 1780 420 Theodqu
1824 361 1927 415 Nili
1960 360 2073 414 lilio
2102 367 2147 424 Α
2174 358 2455 451 emittunt,
2502 354 2649 409 unde
2698 351 2949 451 scintillae
2997 349 3486 451 decumam”
3514 358 3574 404 et
3602 349 3659 403 in
3698 351 3772 404 ιἰι-

480 467 817 526 illucesceuti
866 463 1119 520 Lucifero
1148 480 1161 515 :
1192 468 1477 532 percenset
1524 467 1847 528 apparatum
1897 453 2071 509 sacri-

482 561 610 624 ficii,
653 569 706 614 et
740 556 1028 620 Tlteoduli,
1075 554 1169 625 qui
1209 560 1453 623 perstare
1500 550 1768 610 voluerat,
1814 554 2071 601 constan-

479 652 634 712 tiam,
692 649 883 704 confisi
938 647 1137 701 divinae
1189 641 1613 704 misericordiae,
1671 638 2069 693 immanitatem

480 745 776 801 nomadum
839 743 1080 796 Arabum
1139 746 1345 795 tantam
1407 735 1660 798 affirmat,
1699 741 1757 785 ut
1810 736 2074 786 exuerent

480 852 698 892 omnem
760 835 1188 894 immanitatem,
1244 839 1298 885 et
1349 827 1603 883 smvirent
1648 824 1833 893 impie,
1878 821 2075 874 imma-

485 928 735 997 niterque
787 926 840 979 in
899 923 1220 987 monachos,
1275 934 1509 989 emnque
1565 916 1784 969 illorum
1837 926 2072 981 corpora

483 1020 774 1074 illudentes
823 1014 1325 1072 excarititlcasseut,
1384 1007 1648 1078 insepulta
1701 1005 1792 1060 illa
1836 1003 2073 1058 derelin-

482 1119 735 1184 querent,
769 1126 864 1164 nee
894 1110 1059 1162 humo
1090 1090 1297 1175 tegere,
1314 1101 1401 1156 vel
1426 1099 1659 1154 obruere
1689 1097 2072 1168 dignarentur,

484 1205 576 1260 sed
613 1202 720 1256 Deo
752 1202 1075 1256 devotornm
1126 1197 1322 1250 anima:
1352 1192 1408 1247 in
1443 1190 1643 1246 emlum
1689 1194 1921 1257 receptae
1942 1186 2073 1238 ‘vin-

483 1298 687 1351 dictam
732 1312 759 1345 ιι
809 1290 918 1345 Deo
959 1289 1304 1361 flagitabant,
1348 1294 1401 1340 et
1445 1282 1685 1361 sanguis.
1706 1280 1773 1335 ad
1805 1294 1927 1334 eum
1964 1277 2075 1332 ela-

484 1389 687 1443 mabat.
736 1386 864 1440 Erat
910 1385 1135 1438 nuntius
1179 1382 1283 1435 iste
1315 1392 1508 1443 servus
1552 1373 1869 1443 Magadonis
1912 1387 2074 1425 sena-

484 1482 639 1543 toris,
675 1479 770 1549 qui
811 1476 1040 1539 addidit,
1081 1483 1140 1528 ut
1170 1473 1379 1526 Arabes
1431 1469 1505 1523 illi
1554 1467 1833 1522 tribunum
1871 1463 2074 1517 milita-

487 1575 617 1628 riter
672 1578 1063 1641 repugnantem
1124 1559 1544 1633 interceperint,
1611 1570 1666 1614 et
1723 1556 2073 1612 membratim

483 1664 779 1721 ceciderint
819 1659 1147 1733 (στρατηγὸν
1174 1659 1271 1728 τῆς
1316 1654 1590 1716 πολιτείας
1642 1651 1828 1705 ducem
1890 1650 2072 1718 reipu-

486 1764 634 1816 blicu:
664 1755 997 1825 vertissent),
1030 1752 1313 1806 dominum
1350 1763 1476 1802 vero
1516 1760 1677 1800 suum
1712 1738 2069 1813 Magaddnem

488 1852 703 1923 publico
735 1848 1075 1920 perfunctum
1128 1855 1354 1896 munere.
1384 1853 1510 1893 eum
1560 1838 1672 1890 lilio
1743 1834 2071 1901 duobusque

487 1922 705 1998 famulis
769 1948 960 1994 contra
1013 1931 1172 1987 tidem
1231 1929 1414 1983 datam
1476 1922 1891 1983 interfecerint.
1946 1928 2069 1995 tum

489 2033 817 2089 monachum
875 2024 1240 2081 venerabilem
1310 2017 1643 2089 praecipitem
1707 2012 1961 2068 dederint
2016 2009 2073 2064 in

489 2133 717 2194 petram,
745 2116 1100 2187 scepulninve
1122 2110 1428 2179 subjectum
1452 2126 1466 2172 ;
1495 2122 1621 2161 mox
1667 2104 2074 2159 adolescentem

490 2212 817 2269 monachum
864 2205 1266 2263 obtruncarint,
1319 2209 1434 2254 tum
1481 2196 1645 2259 alium
1694 2194 2076 2250 adolescentu-

489 2307 601 2361 lunt
651 2303 960 2358 animosum
1015 2293 1334 2349 vulneribus
1381 2287 1740 2371 confecerint,
1779 2300 2074 2345 occurren-

488 2410 676 2467 tesque
711 2402 822 2449 tres
861 2391 1061 2455 adhuc,
1093 2396 1144 2442 et
1186 2387 1238 2440 in
1274 2381 1507 2454 tuguriis
1536 2378 1771 2441 duobus,
1810 2385 2074 2447 repertos.

490 2488 557 2542 ad
603 2495 851 2541 austrum
896 2478 1116 2550 quidem
1155 2490 1347 2537 unum,
1392 2482 1447 2528 et
1479 2472 1711 2526 alterum
1745 2469 1814 2523 ad
1857 2477 2075 2538 septen-

491 2580 754 2642 trionem;
776 2570 1157 2627 —universim
1180 2578 1305 2624 octo
1321 2564 1641 2626 monachos,
1664 2562 1863 2631 quibus
1879 2562 1925 2615 si
1948 2560 2078 2630 jun-

491 2678 690 2740 gantur
743 2676 854 2720 tres
900 2644 1185 2725 nominati,
1231 2658 1539 2730 sepultique
1568 2655 1860 2725 superius,
1904 2653 2075 2709 unde-

491 2762 599 2817 cim
639 2757 1131 2831 comptttabuntur;
1161 2782 1232 2794 --
1257 2766 1319 2808 se
1348 2750 1438 2807 ille
1467 2764 1659 2807 servus
1706 2756 1783 2802 tot
1835 2747 2076 2803 czedibus

495 2826 847 2922 perterritum
907 2826 1210 2916 arripuisse
1263 2842 1443 2914 fugam
1500 2842 1735 2905 asserit;
1792 2839 1886 2895 sed
1943 2837 2077 2909 quid

494 2951 673 3009 actum
717 2937 1018 3002 Tlteodnlo,
1068 2950 1227 3005 quem
1277 2932 1662 2989 immolandum
1708 2931 1808 3001 ipsi
1853 2928 2076 2985 Barbari

2176 447 2306 503 mite
2355 447 2632 503 siccorum
2677 443 3074 512 aridorumque
3121 426 3490 510 virgultorum
3540 454 3775 513 except:

2173 538 2448 593 ﬂaunnam
2498 536 2803 593 excitarent
2849 534 2919 589 ad
2972 547 3169 588 carnes
3222 533 3669 603 concoquendas
3725 536 3772 590 in

2174 629 2387 685 itinere.
2724 696 2727 701 η

2246 720 2455 775 Interea
2503 717 2694 784 Nilus,
2750 716 2954 788 aliique
3000 716 3141 772 versi
3181 716 3248 770 ad
3300 714 3477 771 ofﬁcia
3534 715 3771 771 funebria
3854 724 3855 779 ξ

2175 814 2319 868 circa
2355 827 2623 868 cursorum
2676 824 2933 879 corpora,
2983 810 3235 880 quintum
3264 809 3376 879 jam
3418 810 3611 870 diem,
3648 826 3777 862 ιιιος.
3854 798 3855 803 “

2179 916 2300 961 tuos
2341 920 2436 959 eos
2478 905 2837 967 invenerunt,
2881 912 2934 956 et
2969 901 3075 956 huc
3115 902 3355 971 illucque
3391 901 3655 971 jacentis
3706 920 3782 956 e2-

2175 999 2372 1052 davera
2399 996 2549 1050 nullo
2603 1004 2742 1049 tetro
2804 993 3005 1049 infecta
3064 993 3274 1059 odore,
3333 1009 3439 1048 non
3505 996 3776 1062 putredine

2175 1090 2391 1155 vitiata,
2440 1103 2542 1143 nec
2588 1085 2783 1141 violata
2836 1100 3021 1141 morsu
3061 1086 3359 1141 bestiarum
3391 1085 3703 1147 feracium,
3736 1098 3776 1140 et

2175 1184 2613 1243 carnirorarum,
2650 1180 2743 1234 sed
2782 1180 3115 1248 incorrupta,
3157 1189 3209 1233 et
3240 1179 3481 1250 integra,
3524 1194 3635 1232 nec
3673 1180 3770 1233 dis.

2176 1276 2356 1333 soluta
2391 1274 2471 1328 vel
2503 1272 2669 1347 llum,
2706 1282 2761 1324 ut
2797 1271 3022 1335 assolet,
3052 1286 3284 1341 quorum
3312 1271 3557 1323 nomina
3591 1270 3777 1326 dilice.

2176 1377 2304 1422 runt
2345 1366 2415 1421 ab
2449 1367 2539 1421 illo
2579 1363 2893 1433 Magadonis
2933 1379 3091 1418 servo
3122 1383 3137 1419 :
3181 1365 3233 1417 in
3270 1363 3623 1419 Bethambre
3660 1364 3777 1420 Pro-

2176 1460 2380 1521 culum,
2431 1457 2721 1529 Hypatium
2773 1456 2825 1510 in
2886 1456 3047 1519 Geth,
3101 1454 3252 1511 Isaae
3300 1456 3362 1511 in
3414 1459 3776 1524 monasteria,

2178 1551 2231 1605 in
2285 1550 2567 1604 mansione
2613 1548 2891 1603 ercmitica
2952 1548 3171 1613 Salael,
3226 1546 3546 1603 Macariurn
3612 1562 3777 1604 autem

2178 1652 2233 1697 et
2277 1632 2518 1697 Marcum
2579 1656 2675 1712 per
2729 1640 3081 1696 solitudinem
3126 1650 3280 1697 extra
3326 1641 3693 1709 mansiOnes,
3739 1655 3780 1697 et

2180 1733 2461 1803 Benjamin
2497 1732 2552 1786 in
2603 1732 2877 1787 exteriore
2909 1747 3093 1787 eremo
3137 1730 3322 1799 :Elim,
3380 1733 3699 1789 Eusebium
3735 1736 3777 1788 in

2178 1823 2310 1880 Tola
2346 1824 2538 1895 (locus
2570 1832 2655 1878 est
2705 1824 2809 1879 hoc
2837 1823 3057 1878 nomine
3107 1823 3175 1877 ad
3206 1835 3534 1878 extremum
3592 1829 3772 1880 montis

2180 1917 2370 1986 pedem
2418 1916 2612 1988 quinto
2655 1915 2832 1986 lapide
2870 1915 2949 1969 ab
3003 1917 3118 1970 aede
3164 1931 3342 1977 sacra,
3393 1917 3500 1971 ubi
3558 1916 3773 1973 Joannes

2178 2008 2453 2066 Climarus
2506 2023 2682 2064 annos
2744 2008 3103 2078 quadraginta
3151 2010 3361 2078 peregit
3408 2024 3558 2063 cum
3620 2009 3770 2075 κοξκς)

2178 2110 2233 2155 et
2264 2100 2435 2155 Eliam
2468 2102 2522 2155 in
2554 2099 2701 2166 Aze;
2732 2100 2787 2154 in
2814 2097 2995 2155 Patris
3034 2098 3109 2155 Le
3142 2099 3319 2155 Sueur
3362 2102 3647 2157 versione
3673 2102 3769 2155 αλιι

2180 2193 2285 2248 lica
2325 2193 2415 2248 hic
2459 2191 2611 2247 Isaac
2638 2191 2973 2263 adjnngitur,
3014 2207 3079 2247 ex
3121 2192 3357 2248 Eusebio
3383 2204 3439 2248 et
3466 2192 3629 2252 Elia.
3660 2194 3765 2249 Cum

2179 2285 2317 2341 alter
2346 2284 2635 2341 confossus
2665 2285 2837 2357 plagis
2861 2285 3043 2341 adhuc
3071 2285 3307 2343 animam
3343 2286 3641 2352 traheret,
3669 2303 3766 2341 eum

2180 2378 2537 2446 deportarunt
2583 2378 2636 2432 in
2672 2378 2926 2433 cellulam
2950 2416 2966 2443 ,
3006 2388 3062 2433 et
3098 2378 3379 2448 persoluto
3427 2379 3681 2449 reliquis
3710 2380 3770 2433 oi-

2180 2470 2326 2535 llcio,
2375 2468 2607 2525 reduces
2639 2471 3009 2525 exanimatum
3053 2484 3219 2540 prope
3269 2469 3575 2540 hydriam,
3625 2471 3678 2525 in
3707 2486 3770 2540 gr-

2181 2578 2287 2616 nua
2323 2577 2578 2633 pronum,
2612 2571 2668 2616 et
2696 2579 2725 2618 a
2752 2572 2881 2633 potu
2917 2572 3135 2633 propter
3160 2561 3448 2616 vulnerum
3482 2562 3770 2618 inﬂamma-

2182 2658 2411 2723 tiOnem,
2442 2659 2573 2714 dum
2599 2658 2735 2723 sitit,
2763 2656 3029 2719 defecisse
3059 2669 3421 2729 agnoverunt,
3458 2669 3529 2714 ct
3557 2661 3609 2715 ei
3632 2662 3772 2714 etiam

2178 2753 2326 2823 justa
2361 2753 2638 2819 fecerunt;
2666 2763 2719 2807 et
2754 2754 3033 2823 siquidem
3081 2752 3171 2808 isti
3204 2763 3350 2825 octo
3400 2766 3550 2808 sunt
3597 2756 3687 2809 alii
3717 2756 3772 2807 ab

2184 2844 2292 2903 illis
2333 2856 2474 2913 octo,
2520 2860 2753 2917 quorum
2800 2845 3001 2900 caedem
3036 2856 3393 2900 enarraverat
3435 2861 3651 2902 Servus
3683 2847 3777 2900 3h-

2184 2940 2430 3010 gadonis,
2472 2940 2676 3010 quique
2714 2955 2838 2993 cum
2883 2938 3078 3005 tribus,
3123 2955 3262 3009 quos
3310 2939 3609 3008 primitias
3654 2958 3779 2994 mar.

492 3032 873 3093 susurrabant,
905 3029 1159 3096 ignorare
1191 3041 1249 3080 se
1284 3024 1500 3079 fatetur.
1536 3021 1737 3091 Ingerit
1770 3020 1925 3075 Nilus
1955 3037 2073 3090 gra-

2182 3041 2358 3103 tyrum
2411 3032 2627 3085 illorum
2681 3029 2804 3099 jure
2862 3029 3345 3100 nuncupabimus,
3399 3032 3775 3085 noventdccirn

493 3128 646 3181 viore
671 3121 1041 3180 sollicitudine
1073 3132 1369 3189 Oppressus
1420 3118 1695 3171 somnium
1726 3129 1911 3177 suum,
1950 3128 2074 3168 cum

496 3233 608 3287 prae
658 3216 848 3271 dolore
887 3211 1289 3273 obdormisset,
1324 3216 1383 3262 ut
1422 3207 1654 3281 Opinor,
1691 3206 1841 3262 visus
1870 3205 1976 3260 sibi
2012 3206 2078 3259 ab

496 3309 679 3379 ignoto
737 3304 1006 3359 redditam
1070 3300 1357 3370 epistolam
1410 3297 1528 3361 lilii,
1569 3296 1625 3353 in
1669 3296 1829 3366 cujus
1882 3296 2080 3350 inseri-

496 3398 680 3467 ptione
704 3409 763 3449 se
798 3391 1069 3464 μακάριον
1109 3386 1429 3444 Tlteodulus
1466 3386 1849 3452 attestabatnr,
1878 3385 1929 3441 id
1973 3395 2077 3448 est,

495 3489 740 3559 felicem;
775 3483 924 3540 addit
966 3480 1338 3537 fortitudinem
1370 3477 1656 3547 cujusdam
1704 3477 1894 3532 matris
1936 3474 2081 3529 Pha-

497 3596 593 3635 rau
628 3574 911 3633 incolentis
933 3617 949 3641 ,
986 3589 1107 3645 qua:
1139 3572 1337 3626 mulier
1368 3584 1497 3624 rere
1529 3567 1689 3624 fortis
1717 3567 1941 3622 inventa
1972 3571 2075 3622 est.

496 3671 631 3728 Nam
663 3672 834 3725 ﬁlium
877 3668 1279 3723 adolescentem
1316 3678 1345 3717 a
1382 3660 1637 3717 Barbaris
1670 3660 2079 3729 grassatoribus

496 3766 880 3833 interemptum
906 3802 922 3826 ,
966 3768 1024 3813 ut
1070 3754 1387 3828 praefertur,
1439 3768 1563 3809 eum
1617 3752 1940 3822 accepisset,
1972 3766 2077 3806 non

498 3856 834 3917 muliebriter
861 3852 1075 3922 ejulans
1123 3863 1248 3904 eum
1300 3846 1540 3911 deflevit,
1574 3844 1667 3900 sed
1718 3843 1829 3899 Deo
1876 3843 2081 3913 gratias

496 3963 686 4021 agens,
727 3947 903 4016 deque
933 3943 1106 4014 ipsius
1153 3941 1331 3997 salute
1361 3954 1577 4004 secura,
1606 3952 1792 3993 necem
1818 3936 1963 3991 illius
1992 3951 2082 4006 ge-

497 4054 691 4095 nerose
720 4036 991 4101 toleravit,
1038 4042 1093 4089 et
1142 4033 1246 4088 sibi
1278 4032 1456 4102 potius
1486 4028 1753 4101 gratulata
1788 4038 1891 4089 est,
1924 4035 2083 4091 tunc-

494 4150 603 4204 que
647 4132 796 4186 illius
825 4128 1076 4198 exemplo
1101 4142 1158 4182 se
1209 4135 1568 4185 commotum,
1602 4122 1915 4192 pudoreque
1949 4134 2081 4175 eon—

497 4224 679 4278 fusum
744 4223 984 4276 erexisse
1046 4214 1311 4271 animum
1398 4217 1691 4269 confitetur
1764 4209 1963 4277 Nilus,
2026 4219 2081 4265 et

498 4314 792 4367 maximum
833 4310 1078 4364 levamen
1133 4319 1297 4377 atque
1325 4306 1579 4360 solatium
1603 4305 1728 4358 inde
1751 4302 2077 4373 percepisse.

2178 3127 2659 3193 computabnntur,
2684 3135 2737 3181 et
2762 3114 3101 3196 reliquorum
3128 3125 3520 3180 novemdeeim
3560 3120 3778 3180 nomina
3854 3128 3855 3201 ἐ

2179 3208 2357 3272 Fastis
2406 3218 2666 3287 inscripta
2712 3218 3033 3275 cmlestibus
3094 3217 3244 3273 velut
3294 3220 3677 3274 adsuetorum
3738 3234 3783 3275 tt

2178 3319 2563 3367 coronatorum
2595 3309 3001 3367 venerabimur.
3516 3370 3523 3375 τ

2248 3402 2604 3457 Commodum
2640 3416 2768 3456 ecce
2805 3399 2925 3455 Nilo
2980 3401 3197 3456 Pliaran
3250 3401 3627 3470 regredientc,
3668 3404 3789 3456 red-

2179 3500 2313 3548 eunt
2369 3507 2493 3546 cum
2539 3490 2745 3545 litteris!
2783 3491 2951 3561 reguli
2983 3489 3355 3554 Barbarorum,
3390 3490 3793 3547 Hemerodro-

2180 3584 2252 3638 mi
2298 3598 2329 3639 a
2358 3583 2672 3638 Pliaranitis
2702 3583 2768 3637 ad
2811 3584 2963 3638 illum
2995 3584 3172 3649 missi,
3213 3594 3264 3639 et
3298 3585 3360 3637 ad
3386 3600 3598 3655 pacem
3648 3603 3793 3641 eon-

2182 3676 2543 3743 firmandam,
2611 3693 2840 3746 quaeque
2893 3688 3049 3749 capta
3108 3677 3324 3732 fuerant
3389 3680 3787 3743 restituenda,

2179 3767 2519 3836 mediumque
2563 3767 2859 3834 ultionem,
2917 3783 2986 3822 ne
3032 3770 3359 3823 commercia
3420 3770 3789 3825 solverentur

2181 3874 2241 3915 se
2295 3860 2515 3929 regulus
2568 3848 2838 3914 offerebat
2888 3859 2998 3915 illis
3048 3848 3401 3930 promptum.
3466 3859 3788 3916 Remittnit

2181 3961 2428 4005 oratores
2454 3966 2579 4006 cum
2615 3951 2771 4009 donis
2806 3950 3113 4007 Pliaramtre
3141 3953 3206 4006 ad
3234 3940 3497 4007 eumdem
3538 3956 3787 4023 regulum

2182 4042 2569 4107 Barbarnrum,
2610 4043 2703 4112 qui
2733 4042 2968 4098 libenter
3018 4053 3329 4115 argentatas
3364 4044 3627 4099 audiunt
3668 4063 3789 4115 que.

2184 4134 2464 4200 rimouias,
2492 4144 2545 4188 et
2585 4143 2709 4188 ante
2737 4150 2970 4204 quorum
3006 4135 3267 4204 principis
3299 4130 3508 4188 faciem
3564 4152 3791 4189 ninam

2181 4225 2414 4296 Spatium
2474 4224 2701 4290 faciunt,
2763 4225 3182 4281 Proverbiorum
3232 4241 3388 4293 mn,
3456 4227 3563 4292 16,
3611 4237 3677 4281 ut
3721 4236 3793 4281 est

2180 4332 2342 4373 omne
2388 4317 2752 4373 Barbarorum
2793 4334 2967 4388 genus
3004 4316 3326 4388 φιλόδωρον,
3363 4318 3465 4371 καὶ
3530 4320 3799 4391 φιλοχρή-

494 4399 652 4456 Certe
677 4399 723 4454 si
752 4399 941 4453 eodem
994 4405 1239 4466 tempore
1290 4394 1651 4466 superfuisset
1694 4394 1938 4464 ejusdem
1968 4390 2074 4446 Nili
2108 4398 2153 4453 Β
2181 4400 2370 4480 ματονέ
2401 4425 2467 4464 εχ
2500 4406 2864 4465 "modumin
2908 4396 3120 4475 seven,
3149 4410 3201 4463 id
3226 4399 3332 4475 es“,
3367 4425 3592 4467 amans
3626 4390 3797 4467 ἀπο,

494 4488 717 4557 conjur,
752 4498 807 4544 et
837 4488 966 4552 lilia,
997 4486 1266 4557 potuisset
1292 4485 1358 4539 ad
1406 4485 1527 4538 illas
1570 4483 1959 4552 apostrophen,
1991 4481 2079 4538 vel

494 4578 715 4649 aliquod
783 4578 1140 4649 epiphonema
1211 4575 1448 4645 dirigere
1490 4589 1505 4626 :
1548 4586 1617 4626 an
1672 4574 1801 4642 quia
1849 4580 2079 4628 mortuae

496 4671 699 4725 mundo
727 4679 905 4735 erant,
944 4669 1133 4734 tacuit,
1164 4685 1232 4723 an
1266 4676 1488 4737 propter
1516 4664 1694 4720 illatas
1720 4664 1831 4736 jam
1860 4680 2075 4731 causas,

491 4763 782 4835 :equanimi
830 4762 1045 4818 lectoris
1077 4762 1182 4816 erit
1217 4762 1528 4831 arbitrium.

562 4876 828 4933 Memorat
856 4890 1022 4946 porro
1054 4873 1230 4941 Nilus,
1272 4875 1424 4930 hisce
1461 4875 1667 4932 nuntiis
1712 4875 1950 4931 cladium
1978 4889 2078 4928 au-

491 4970 621 5025 ditis
673 4968 999 5023 convenisse
1071 4966 1440 5030 Pliaranitas,
1493 4967 2076 5039 visumqueconsilio

494 5078 602 5117 non
654 5062 1119 5117 dissimulandum
1184 5062 1329 5117 istud
1384 5062 1689 5131 ﬂagitium,
1746 5060 2078 5129 silentioque

492 5152 805 5223 tegendum,
843 5150 955 5206 imo
982 5153 1093 5223 regi
1116 5152 1480 5209 Barbarorum
1540 5163 1732 5217 contra
1773 5153 1953 5209 foedus
1993 5162 2078 5207 at-

492 5251 759 5296 tentatum
802 5241 985 5299 scelus
1014 5244 1460 5315 signiﬁcandum,
1490 5246 2073 5315 conquerendnmque,

492 5345 553 5389 ut
591 5336 783 5390 saltem
821 5335 1199 5393 iuhiberentur
1245 5337 1386 5395 foeda
1428 5341 1533 5395 isra
1578 5339 1867 5395 latrocinia
1911 5339 2071 5393 dein-

490 5440 650 5495 ceps;
682 5427 948 5482 miserunt
970 5428 1131 5499 igitur
1156 5429 1399 5487 civesilli
1425 5431 1566 5486 duos
1596 5431 2068 5499 ltemerodrornos,

492 5514 546 5567 id
585 5523 684 5579 est,
717 5531 970 5572 cursores
1000 5517 1229 5573 diurnos
1275 5520 1571 5590 puberibus
1616 5520 1936 5583 adultiores,
1980 5520 2075 5590 qui

491 5603 675 5659 ferunt
724 5606 829 5660 tela
874 5618 929 5663 et
952 5610 1192 5669 hastilia.
1238 5619 1299 5665 ut
1335 5609 1495 5679 ligant
1544 5612 1706 5676 feras,
1751 5621 1804 5666 et
1841 5613 2071 5676 silicem,

494 5690 577 5747 vel
601 5692 940 5761 igniariume
975 5698 1148 5767 silice,
1200 5698 1474 5771 ferroque,
1507 5716 1629 5772 quae
1667 5701 1856 5759 collisa
1892 5704 2072 5774 ignem

2178 4517 2301 4556 rum
2356 4511 2412 4557 et
2440 4502 2819 4571 pecuniarum.
2853 4501 3235 4571 Peregrinatur
3281 4518 3407 4556 eum
3458 4493 3801 4561 oratoribus

2180 4592 2287 4648 illis
2327 4593 2394 4647 ad
2443 4603 2695 4648 octavum
2742 4608 2915 4664 usque
2961 4594 3103 4648 diem
3142 4588 3347 4659 Nilus;
3390 4610 3535 4649 nam
3588 4599 3667 4652 ad
3713 4599 3803 4651 hoc

2178 4688 2283 4741 iter
2313 4687 2714 4743 conficiendum
2748 4687 3038 4743 duodecim
3080 4697 3199 4743 erat
3228 4688 3425 4743 diebus
3480 4704 3687 4765 opus;
3734 4692 3805 4744 la-

2178 4779 2472 4836 borabatur
2519 4780 2573 4833 in
2596 4780 2791 4845 eodem
2833 4795 2990 4848 aqua!
3028 4781 3278 4849 penuria,
3305 4780 3403 4834 sed
3438 4780 3596 4849 fons
3627 4786 3806 4856 prori-

2177 4888 2302 4926 mus
2331 4875 2655 4941 sperabatur
2696 4887 2727 4924 a
2760 4872 3092 4938 sitientibus,
3128 4880 3183 4928 et
3218 4872 3650 4943 indicabatur;
3688 4888 3807 4931 tunc

2175 4962 2357 5029 Nilus,
2420 4972 2533 5018 tam
2596 4962 2873 5037 debilitate
2952 4965 3363 5035 senectutisque
3428 4965 3805 5027 inﬁrmitate,

2177 5056 2353 5127 quam
2386 5056 2540 5125 gravi
2584 5056 2849 5135 modestia
2887 5057 3218 5124 retardante,
3254 5057 3329 5111 uti
3357 5057 3483 5127 jam
3538 5060 3807 5115 animad-

2177 5149 2335 5215 verti,
2392 5149 2653 5219 nequibat
2711 5151 2932 5219 assequi
2964 5152 3217 5223 _comites
3269 5162 3335 5206 eo
3388 5154 3803 5215 consolantes.

2176 5257 2492 5312 quanquam
2522 5242 2722 5296 virium
2753 5244 2890 5298 satis
2913 5244 3214 5299 etiamnum
3240 5243 3413 5313 jactat
3438 5244 3569 5300 sibi
3611 5262 3809 5317 snper-

2179 5333 2348 5390 fuisse
2379 5335 2625 5405 fingenti,
2658 5350 2723 5391 ac
2748 5338 3105 5406 praesumenti
3134 5345 3487 5407 reperturum
3520 5352 3599 5393 se
3625 5337 3810 5393 Theo-

2175 5425 2365 5482 dulum
2398 5420 2571 5482 lilium
2624 5442 2817 5494 suum,
2833 5440 2886 5484 et
2916 5428 2970 5485 id
3001 5430 3129 5500 quia
3163 5429 3374 5486 circum
3419 5426 3662 5486 fontem
3702 5428 3809 5484 dif-

2177 5517 2284 5573 fusi
2308 5518 2533 5576 Barbari
2556 5530 2734 5589 erant,
2757 5531 2813 5577 et
2843 5536 2973 5593 vero
2997 5522 3179 5579 Nium
3210 5521 3358 5578 illico
3382 5522 3437 5577 bi
3459 5532 3806 5593 raptarum,

2176 5626 2304 5666 mox
2353 5612 2682 5671 dimiserunt
2739 5616 3005 5673 militibus
3059 5616 3218 5682 visis,
3278 5624 3334 5670 et
3387 5630 3450 5670 se
3478 5615 3554 5670 in
3611 5616 3807 5686 fugam

2175 5702 2461 5763 dederunt.
2523 5704 2773 5765 Perrexit
2828 5709 2994 5780 igitur
3071 5724 3199 5767 cum
3274 5707 3615 5778 militibus,
3665 5720 3809 5778 qua-
