  <div class='ocr_page' id='page_1' title='image "/cluster/home/n/w/nwhite01/storage/ocr_20150623/79/hvd.32044073502056/714.png"; bbox 0 0 3998 6214; ppageno 0'>
   <div class='ocr_carea' id='block_1_1' title="bbox 396 191 1969 297">
    <p class='ocr_par' dir='ltr' id='par_1_1' title="bbox 396 215 1969 297">
     <span class='ocr_line' id='line_1_1' title="bbox 396 215 1969 297; baseline -0.016 0"><span class='ocrx_word' id='word_1_1' title='bbox 396 232 528 297; x_wconf 66' lang='grc'><strong>1417</strong></span> <span class='ocrx_word' id='word_1_2' title='bbox 1694 217 1793 278; x_wconf 87' lang='lat' dir='ltr'><strong>DE</strong></span> <span class='ocrx_word' id='word_1_3' title='bbox 1834 215 1969 279; x_wconf 60' lang='lat' dir='ltr'><strong>VIT.</strong></span> 
     </span>
    </p>
   </div>
   <div class='ocr_carea' id='block_1_2' title="bbox 2072 191 3633 297">
    <p class='ocr_par' dir='ltr' id='par_1_2' title="bbox 2072 191 3633 297">
     <span class='ocr_line' id='line_1_2' title="bbox 2072 191 3633 297; baseline -0.011 -28"><span class='ocrx_word' id='word_1_4' title='bbox 2072 212 2107 272; x_wconf 73' lang='grc' dir='ltr'><strong>Ξ.</strong></span> <span class='ocrx_word' id='word_1_5' title='bbox 2149 209 2331 269; x_wconf 77' lang='lat' dir='ltr'><strong>NILI.</strong></span> <span class='ocrx_word' id='word_1_6' title='bbox 3488 191 3552 297; x_wconf 43' lang='lat' dir='ltr'><strong>‘ii</strong></span> <span class='ocrx_word' id='word_1_7' title='bbox 3571 192 3633 253; x_wconf 82' lang='lat'>18</span> 
     </span>
    </p>
   </div>
   <div class='ocr_carea' id='block_1_3' title="bbox 400 684 1972 769">
    <p class='ocr_par' dir='ltr' id='par_1_3' title="bbox 400 684 1972 769">
     <span class='ocr_line' id='line_1_3' title="bbox 400 684 1972 769; baseline -0.011 -16"><span class='ocrx_word' id='word_1_8' title='bbox 400 699 561 769; x_wconf 76' lang='lat'><strong>389</strong></span> <span class='ocrx_word' id='word_1_9' title='bbox 600 697 924 767; x_wconf 97' lang='lat' dir='ltr'><strong>tandemque</strong></span> <span class='ocrx_word' id='word_1_10' title='bbox 968 712 997 750; x_wconf 89' lang='lat' dir='ltr'><strong>a</strong></span> <span class='ocrx_word' id='word_1_11' title='bbox 1050 695 1297 765; x_wconf 84' lang='lat' dir='ltr'><strong>pluribus</strong></span> <span class='ocrx_word' id='word_1_12' title='bbox 1326 735 1340 754; x_wconf 87' lang='lat'><em>.</em></span> <span class='ocrx_word' id='word_1_13' title='bbox 1396 691 1562 746; x_wconf 91' lang='lat' dir='ltr'><strong>etiam</strong></span> <span class='ocrx_word' id='word_1_14' title='bbox 1614 684 1972 757; x_wconf 76' lang='lat' dir='ltr'><strong>jurejurando</strong></span> 
     </span>
    </p>
   </div>
   <div class='ocr_carea' id='block_1_4' title="bbox 398 773 1973 855">
    <p class='ocr_par' dir='ltr' id='par_1_4' title="bbox 398 773 1973 855">
     <span class='ocr_line' id='line_1_4' title="bbox 398 773 1973 855; baseline -0.009 -16"><span class='ocrx_word' id='word_1_15' title='bbox 398 789 643 855; x_wconf 76' lang='lat' dir='ltr'><strong>praestita</strong></span> <span class='ocrx_word' id='word_1_16' title='bbox 682 785 1096 850; x_wconf 78' lang='lat' dir='ltr'><strong>afﬁrmantibus,</strong></span> <span class='ocrx_word' id='word_1_17' title='bbox 1129 781 1376 853; x_wconf 75' lang='lat' dir='ltr'><strong>agnoscit</strong></span> <span class='ocrx_word' id='word_1_18' title='bbox 1397 794 1519 834; x_wconf 90' lang='lat' dir='ltr'><strong>eum</strong></span> <span class='ocrx_word' id='word_1_19' title='bbox 1552 778 1755 840; x_wconf 84' lang='lat' dir='ltr'><strong>vivere,</strong></span> <span class='ocrx_word' id='word_1_20' title='bbox 1784 773 1973 828; x_wconf 88' lang='lat' dir='ltr'><strong>diven-</strong></span> 
     </span>
    </p>
   </div>
   <div class='ocr_carea' id='block_1_5' title="bbox 395 861 1969 946">
    <p class='ocr_par' dir='ltr' id='par_1_5' title="bbox 395 861 1969 946">
     <span class='ocr_line' id='line_1_5' title="bbox 395 861 1969 946; baseline -0.01 -15"><span class='ocrx_word' id='word_1_21' title='bbox 395 877 677 946; x_wconf 79' lang='lat' dir='ltr'><strong>ditunique</strong></span> <span class='ocrx_word' id='word_1_22' title='bbox 705 875 920 930; x_wconf 85' lang='lat' dir='ltr'><strong>cuidam</strong></span> <span class='ocrx_word' id='word_1_23' title='bbox 956 874 1097 942; x_wconf 88' lang='lat' dir='ltr'><strong>apud</strong></span> <span class='ocrx_word' id='word_1_24' title='bbox 1129 871 1347 925; x_wconf 85' lang='lat' dir='ltr'><strong>Elusam</strong></span> <span class='ocrx_word' id='word_1_25' title='bbox 1374 868 1598 932; x_wconf 89' lang='lat' dir='ltr'><strong>urbem;</strong></span> <span class='ocrx_word' id='word_1_26' title='bbox 1633 877 1869 933; x_wconf 87' lang='lat' dir='ltr'><strong>cumque</strong></span> <span class='ocrx_word' id='word_1_27' title='bbox 1893 861 1969 915; x_wconf 90' lang='lat' dir='ltr'><strong>illi</strong></span> 
     </span>
    </p>
   </div>
   <div class='ocr_carea' id='block_1_6' title="bbox 399 954 1972 1031">
    <p class='ocr_par' dir='ltr' id='par_1_6' title="bbox 399 954 1972 1031">
     <span class='ocr_line' id='line_1_6' title="bbox 399 954 1972 1031; baseline -0.011 -8"><span class='ocrx_word' id='word_1_28' title='bbox 399 969 769 1031; x_wconf 74' lang='lat' dir='ltr'><strong>hortarentur,</strong></span> <span class='ocrx_word' id='word_1_29' title='bbox 800 973 860 1019; x_wconf 90' lang='lat' dir='ltr'><strong>ut</strong></span> <span class='ocrx_word' id='word_1_30' title='bbox 889 979 954 1019; x_wconf 90' lang='lat' dir='ltr'><strong>eo</strong></span> <span class='ocrx_word' id='word_1_31' title='bbox 981 978 1038 1017; x_wconf 85' lang='lat' dir='ltr'><strong>se</strong></span> <span class='ocrx_word' id='word_1_32' title='bbox 1064 962 1360 1024; x_wconf 79' lang='lat' dir='ltr'><strong>conferret,</strong></span> <span class='ocrx_word' id='word_1_33' title='bbox 1385 959 1526 1013; x_wconf 87' lang='lat' dir='ltr'><strong>haud</strong></span> <span class='ocrx_word' id='word_1_34' title='bbox 1568 956 1729 1010; x_wconf 83' lang='lat' dir='ltr'><strong>dubie</strong></span> <span class='ocrx_word' id='word_1_35' title='bbox 1771 954 1972 1024; x_wconf 83' lang='lat' dir='ltr'><strong>quippe</strong></span> 
     </span>
    </p>
   </div>
   <div class='ocr_carea' id='block_1_7' title="bbox 398 1042 1969 1119">
    <p class='ocr_par' dir='ltr' id='par_1_7' title="bbox 398 1042 1969 1119">
     <span class='ocr_line' id='line_1_7' title="bbox 398 1042 1969 1119; baseline -0.011 -8"><span class='ocrx_word' id='word_1_36' title='bbox 398 1059 472 1113; x_wconf 88' lang='lat' dir='ltr'><strong>ibi</strong></span> <span class='ocrx_word' id='word_1_37' title='bbox 500 1073 624 1112; x_wconf 89' lang='lat' dir='ltr'><strong>eum</strong></span> <span class='ocrx_word' id='word_1_38' title='bbox 662 1058 939 1111; x_wconf 84' lang='lat' dir='ltr'><strong>inventum</strong></span> <span class='ocrx_word' id='word_1_39' title='bbox 972 1053 1077 1119; x_wconf 88' lang='lat' dir='ltr'><strong>iri;</strong></span> <span class='ocrx_word' id='word_1_40' title='bbox 1099 1066 1224 1106; x_wconf 91' lang='lat' dir='ltr'><strong>cum</strong></span> <span class='ocrx_word' id='word_1_41' title='bbox 1251 1050 1466 1105; x_wconf 90' lang='lat' dir='ltr'><strong>duobus</strong></span> <span class='ocrx_word' id='word_1_42' title='bbox 1494 1048 1594 1101; x_wconf 82' lang='lat' dir='ltr'><strong>via-</strong></span> <span class='ocrx_word' id='word_1_43' title='bbox 1626 1044 1817 1115; x_wconf 89' lang='lat' dir='ltr'><strong>peritis</strong></span> <span class='ocrx_word' id='word_1_44' title='bbox 1841 1042 1969 1095; x_wconf 81' lang='lat' dir='ltr'><strong>Elu-</strong></span> 
     </span>
    </p>
   </div>
   <div class='ocr_carea' id='block_1_8' title="bbox 399 1130 1969 1214">
    <p class='ocr_par' dir='ltr' id='par_1_8' title="bbox 399 1130 1969 1214">
     <span class='ocr_line' id='line_1_8' title="bbox 399 1130 1969 1214; baseline -0.012 -14"><span class='ocrx_word' id='word_1_45' title='bbox 399 1161 517 1201; x_wconf 89' lang='lat' dir='ltr'><strong>sam</strong></span> <span class='ocrx_word' id='word_1_46' title='bbox 552 1145 957 1214; x_wconf 89' lang='lat' dir='ltr'><strong>proﬁciscitur;</strong></span> <span class='ocrx_word' id='word_1_47' title='bbox 997 1141 1050 1194; x_wconf 91' lang='lat' dir='ltr'><strong>in</strong></span> <span class='ocrx_word' id='word_1_48' title='bbox 1075 1143 1160 1195; x_wconf 91' lang='lat' dir='ltr'><strong>via</strong></span> <span class='ocrx_word' id='word_1_49' title='bbox 1187 1137 1413 1193; x_wconf 81' lang='lat' dir='ltr'><strong>oﬁ&#39;endit</strong></span> <span class='ocrx_word' id='word_1_50' title='bbox 1439 1134 1591 1188; x_wconf 87' lang='lat' dir='ltr'><strong>Nilus</strong></span> <span class='ocrx_word' id='word_1_51' title='bbox 1623 1146 1784 1201; x_wconf 89' lang='lat' dir='ltr'><strong>quem</strong></span> <span class='ocrx_word' id='word_1_52' title='bbox 1814 1130 1969 1183; x_wconf 83' lang='lat' dir='ltr'><strong>vide-</strong></span> 
     </span>
    </p>
   </div>
   <div class='ocr_carea' id='block_1_9' title="bbox 398 1218 1967 1294">
    <p class='ocr_par' dir='ltr' id='par_1_9' title="bbox 398 1218 1967 1294">
     <span class='ocr_line' id='line_1_9' title="bbox 398 1218 1967 1294; baseline -0.011 -7"><span class='ocrx_word' id='word_1_53' title='bbox 398 1245 480 1289; x_wconf 89' lang='lat' dir='ltr'><strong>rat</strong></span> <span class='ocrx_word' id='word_1_54' title='bbox 504 1236 679 1289; x_wconf 89' lang='lat' dir='ltr'><strong>virum</strong></span> <span class='ocrx_word' id='word_1_55' title='bbox 707 1233 843 1287; x_wconf 85' lang='lat' dir='ltr'><strong>alias</strong></span> <span class='ocrx_word' id='word_1_56' title='bbox 869 1231 1035 1285; x_wconf 82' lang='lat' dir='ltr'><strong>Elusa</strong></span> <span class='ocrx_word' id='word_1_57' title='bbox 1064 1242 1364 1289; x_wconf 87' lang='lat' dir='ltr'><strong>reversum,</strong></span> <span class='ocrx_word' id='word_1_58' title='bbox 1393 1236 1677 1294; x_wconf 79' lang='lat' dir='ltr'><strong>agasonem</strong></span> <span class='ocrx_word' id='word_1_59' title='bbox 1710 1218 1967 1273; x_wconf 89' lang='lat' dir='ltr'><strong>nimirum</strong></span> 
     </span>
    </p>
   </div>
   <div class='ocr_carea' id='block_1_10' title="bbox 399 1308 1969 1394">
    <p class='ocr_par' dir='ltr' id='par_1_10' title="bbox 399 1308 1969 1394">
     <span class='ocr_line' id='line_1_10' title="bbox 399 1308 1969 1394; baseline -0.012 -15"><span class='ocrx_word' id='word_1_60' title='bbox 399 1334 715 1394; x_wconf 86' lang='lat' dir='ltr'><strong>sequentem</strong></span> <span class='ocrx_word' id='word_1_61' title='bbox 737 1324 985 1393; x_wconf 85' lang='lat' dir='ltr'><strong>jumenta</strong></span> <span class='ocrx_word' id='word_1_62' title='bbox 1009 1328 1228 1382; x_wconf 90' lang='lat' dir='ltr'><strong>onusta,</strong></span> <span class='ocrx_word' id='word_1_63' title='bbox 1254 1316 1346 1381; x_wconf 88' lang='lat' dir='ltr'><strong>qui</strong></span> <span class='ocrx_word' id='word_1_64' title='bbox 1370 1314 1607 1385; x_wconf 78' lang='lat' dir='ltr'><strong>agnitum</strong></span> <span class='ocrx_word' id='word_1_65' title='bbox 1628 1308 1969 1366; x_wconf 82' lang='lat' dir='ltr'><strong>familiariter</strong></span> 
     </span>
    </p>
   </div>
   <div class='ocr_carea' id='block_1_11' title="bbox 398 1400 1968 1484">
    <p class='ocr_par' dir='ltr' id='par_1_11' title="bbox 398 1400 1968 1484">
     <span class='ocr_line' id='line_1_11' title="bbox 398 1400 1968 1484; baseline -0.01 -15"><span class='ocrx_word' id='word_1_66' title='bbox 398 1415 577 1469; x_wconf 89' lang='lat' dir='ltr'><strong>Nilum</strong></span> <span class='ocrx_word' id='word_1_67' title='bbox 629 1414 922 1484; x_wconf 86' lang='lat' dir='ltr'><strong>appellans,</strong></span> <span class='ocrx_word' id='word_1_68' title='bbox 955 1411 1178 1466; x_wconf 91' lang='lat' dir='ltr'><strong>eductas</strong></span> <span class='ocrx_word' id='word_1_69' title='bbox 1212 1424 1243 1464; x_wconf 88' lang='lat' dir='ltr'><strong>e</strong></span> <span class='ocrx_word' id='word_1_70' title='bbox 1264 1409 1517 1477; x_wconf 84' lang='lat' dir='ltr'><strong>pharetra</strong></span> <span class='ocrx_word' id='word_1_71' title='bbox 1549 1404 1755 1458; x_wconf 89' lang='lat' dir='ltr'><strong>litteras</strong></span> <span class='ocrx_word' id='word_1_72' title='bbox 1783 1400 1968 1455; x_wconf 83' lang='lat' dir='ltr'><strong>reddi-</strong></span> 
     </span>
    </p>
   </div>
   <div class='ocr_carea' id='block_1_12' title="bbox 398 1491 1968 1576">
    <p class='ocr_par' dir='ltr' id='par_1_12' title="bbox 398 1491 1968 1576">
     <span class='ocr_line' id='line_1_12' title="bbox 398 1491 1968 1576; baseline -0.011 -16"><span class='ocrx_word' id='word_1_73' title='bbox 398 1508 496 1570; x_wconf 86' lang='lat' dir='ltr'><strong>dit,</strong></span> <span class='ocrx_word' id='word_1_74' title='bbox 534 1507 788 1576; x_wconf 89' lang='lat' dir='ltr'><strong>bonoque</strong></span> <span class='ocrx_word' id='word_1_75' title='bbox 821 1506 1005 1559; x_wconf 90' lang='lat' dir='ltr'><strong>animo</strong></span> <span class='ocrx_word' id='word_1_76' title='bbox 1036 1517 1158 1558; x_wconf 88' lang='lat' dir='ltr'><strong>esse</strong></span> <span class='ocrx_word' id='word_1_77' title='bbox 1211 1502 1388 1570; x_wconf 88' lang='lat' dir='ltr'><strong>ipsum</strong></span> <span class='ocrx_word' id='word_1_78' title='bbox 1434 1497 1618 1567; x_wconf 85' lang='lat' dir='ltr'><strong>jussit,</strong></span> <span class='ocrx_word' id='word_1_79' title='bbox 1664 1495 1747 1547; x_wconf 78' lang='grc' dir='ltr'><strong>ὅτι</strong></span> <span class='ocrx_word' id='word_1_80' title='bbox 1784 1491 1892 1561; x_wconf 85' lang='grc' dir='ltr'><strong>γὰρ</strong></span> <span class='ocrx_word' id='word_1_81' title='bbox 1937 1491 1968 1542; x_wconf 79' lang='grc' dir='ltr'><strong>ὁ</strong></span> 
     </span>
    </p>
   </div>
   <div class='ocr_carea' id='block_1_13' title="bbox 399 1581 1966 1667">
    <p class='ocr_par' dir='ltr' id='par_1_13' title="bbox 399 1581 1966 1667">
     <span class='ocr_line' id='line_1_13' title="bbox 399 1581 1966 1667; baseline -0.01 -19"><span class='ocrx_word' id='word_1_82' title='bbox 399 1598 697 1667; x_wconf 76' lang='grc' dir='ltr'><strong>πριάμενος</strong></span> <span class='ocrx_word' id='word_1_83' title='bbox 730 1650 735 1655; x_wconf 67' lang='grc'>,</span> <span class='ocrx_word' id='word_1_84' title='bbox 765 1596 880 1649; x_wconf 80' lang='grc' dir='ltr'>υἱόν</span> <span class='ocrx_word' id='word_1_85' title='bbox 946 1611 1038 1648; x_wconf 86' lang='grc' dir='ltr'><strong>σου</strong></span> <span class='ocrx_word' id='word_1_86' title='bbox 1091 1591 1310 1659; x_wconf 88' lang='lat' dir='ltr'><strong>(aiens)</strong></span> <span class='ocrx_word' id='word_1_87' title='bbox 1364 1589 1493 1643; x_wconf 67' lang='grc' dir='ltr'><strong>ἑστϊ</strong></span> <span class='ocrx_word' id='word_1_88' title='bbox 1534 1584 1677 1639; x_wconf 84' lang='grc' dir='ltr'><strong>κατὰ</strong></span> <span class='ocrx_word' id='word_1_89' title='bbox 1736 1581 1966 1653; x_wconf 77' lang='grc' dir='ltr'><strong>Χριστὸν</strong></span> 
     </span>
    </p>
   </div>
   <div class='ocr_carea' id='block_1_14' title="bbox 391 276 3635 409">
    <p class='ocr_par' dir='ltr' id='par_1_14' title="bbox 391 276 3635 409">
     <span class='ocr_line' id='line_1_14' title="bbox 391 276 3635 409; baseline -0.013 -15"><span class='ocrx_word' id='word_1_90' title='bbox 391 340 680 409; x_wconf 84' lang='lat' dir='ltr'><strong>triduoque</strong></span> <span class='ocrx_word' id='word_1_91' title='bbox 747 339 992 406; x_wconf 77' lang='lat' dir='ltr'><strong>pervenit</strong></span> <span class='ocrx_word' id='word_1_92' title='bbox 1045 331 1202 390; x_wconf 85' lang='lat' dir='ltr'><strong>Nilus</strong></span> <span class='ocrx_word' id='word_1_93' title='bbox 1263 330 1315 385; x_wconf 90' lang='lat' dir='ltr'><strong>in</strong></span> <span class='ocrx_word' id='word_1_94' title='bbox 1383 335 1562 384; x_wconf 89' lang='lat' dir='ltr'><strong>castra</strong></span> <span class='ocrx_word' id='word_1_95' title='bbox 1623 325 1793 396; x_wconf 90' lang='lat' dir='ltr'><strong>reguli</strong></span> <span class='ocrx_word' id='word_1_96' title='bbox 1847 327 1971 378; x_wconf 85' lang='lat' dir='ltr'><strong>bar—</strong></span> <span class='ocrx_word' id='word_1_97' title='bbox 2003 329 2041 383; x_wconf 81' lang='grc' dir='ltr'><strong>Α</strong></span> <span class='ocrx_word' id='word_1_98' title='bbox 2077 316 2414 386; x_wconf 86' lang='lat' dir='ltr'><strong>tempestive,</strong></span> <span class='ocrx_word' id='word_1_99' title='bbox 2440 313 2511 366; x_wconf 89' lang='lat' dir='ltr'><strong>ita</strong></span> <span class='ocrx_word' id='word_1_100' title='bbox 2542 320 2599 365; x_wconf 90' lang='lat' dir='ltr'><strong>ut</strong></span> <span class='ocrx_word' id='word_1_101' title='bbox 2625 322 2746 365; x_wconf 90' lang='lat' dir='ltr'><strong>eum</strong></span> <span class='ocrx_word' id='word_1_102' title='bbox 2779 306 3023 379; x_wconf 84' lang='lat' dir='ltr'><strong>persequi</strong></span> <span class='ocrx_word' id='word_1_103' title='bbox 3053 304 3267 409; x_wconf 74' lang='lat' dir='ltr'><strong>barbari</strong></span> <span class='ocrx_word' id='word_1_104' title='bbox 3296 276 3635 407; x_wconf 65' lang='lat' dir='ltr'><strong>nequiverint</strong></span> 
     </span>
    </p>
   </div>
   <div class='ocr_carea' id='block_1_15' title="bbox 389 416 1975 493">
    <p class='ocr_par' dir='ltr' id='par_1_15' title="bbox 389 416 1975 493">
     <span class='ocr_line' id='line_1_15' title="bbox 389 416 1975 493; baseline -0.012 -8"><span class='ocrx_word' id='word_1_105' title='bbox 389 425 645 485; x_wconf 84' lang='lat' dir='ltr'><strong>harorum</strong></span> <span class='ocrx_word' id='word_1_106' title='bbox 734 426 1053 490; x_wconf 82' lang='lat' dir='ltr'><strong>Ammanis,</strong></span> <span class='ocrx_word' id='word_1_107' title='bbox 1137 424 1231 493; x_wconf 86' lang='lat' dir='ltr'><strong>qui</strong></span> <span class='ocrx_word' id='word_1_108' title='bbox 1318 421 1546 477; x_wconf 83' lang='lat' dir='ltr'><strong>comiter</strong></span> <span class='ocrx_word' id='word_1_109' title='bbox 1636 432 1701 472; x_wconf 91' lang='lat' dir='ltr'><strong>ac</strong></span> <span class='ocrx_word' id='word_1_110' title='bbox 1776 416 1975 485; x_wconf 85' lang='lat' dir='ltr'><strong>perhu-</strong></span> 
     </span>
    </p>
   </div>
   <div class='ocr_carea' id='block_1_16' title="bbox 393 508 1974 593">
    <p class='ocr_par' dir='ltr' id='par_1_16' title="bbox 393 508 1974 593">
     <span class='ocr_line' id='line_1_16' title="bbox 393 508 1974 593; baseline -0.009 -19"><span class='ocrx_word' id='word_1_111' title='bbox 393 521 624 574; x_wconf 88' lang='lat' dir='ltr'><strong>maniter</strong></span> <span class='ocrx_word' id='word_1_112' title='bbox 677 534 770 574; x_wconf 90' lang='lat' dir='ltr'><strong>eos</strong></span> <span class='ocrx_word' id='word_1_113' title='bbox 832 519 1061 593; x_wconf 79' lang='lat' dir='ltr'><strong>excepit.</strong></span> <span class='ocrx_word' id='word_1_114' title='bbox 1136 516 1430 583; x_wconf 84' lang='lat' dir='ltr'><strong>Diligenter</strong></span> <span class='ocrx_word' id='word_1_115' title='bbox 1496 511 1569 566; x_wconf 91' lang='lat' dir='ltr'><strong>ibi</strong></span> <span class='ocrx_word' id='word_1_116' title='bbox 1635 508 1790 563; x_wconf 85' lang='lat' dir='ltr'><strong>Nilus</strong></span> <span class='ocrx_word' id='word_1_117' title='bbox 1850 522 1974 578; x_wconf 90' lang='lat' dir='ltr'><strong>per-</strong></span> 
     </span>
    </p>
   </div>
   <div class='ocr_carea' id='block_1_17' title="bbox 392 602 1971 669">
    <p class='ocr_par' dir='ltr' id='par_1_17' title="bbox 392 602 1971 669">
     <span class='ocr_line' id='line_1_17' title="bbox 392 602 1971 669; baseline -0.01 -8"><span class='ocrx_word' id='word_1_118' title='bbox 392 617 669 663; x_wconf 89' lang='lat' dir='ltr'><strong>serutatur</strong></span> <span class='ocrx_word' id='word_1_119' title='bbox 725 607 791 662; x_wconf 90' lang='lat' dir='ltr'><strong>de</strong></span> <span class='ocrx_word' id='word_1_120' title='bbox 844 606 976 669; x_wconf 87' lang='lat' dir='ltr'><strong>tilio,</strong></span> <span class='ocrx_word' id='word_1_121' title='bbox 1018 602 1369 659; x_wconf 89' lang='lat' dir='ltr'><strong>rumusculos</strong></span> <span class='ocrx_word' id='word_1_122' title='bbox 1421 613 1612 654; x_wconf 92' lang='lat' dir='ltr'><strong>omnes</strong></span> <span class='ocrx_word' id='word_1_123' title='bbox 1658 607 1971 664; x_wconf 73' lang='lat' dir='ltr'><strong>aucupans,</strong></span> 
     </span>
    </p>
   </div>
   <div class='ocr_carea' id='block_1_18' title="bbox 2075 396 3635 480">
    <p class='ocr_par' dir='ltr' id='par_1_18' title="bbox 2075 396 3635 480">
     <span class='ocr_line' id='line_1_18' title="bbox 2075 396 3635 480; baseline -0.012 -16"><span class='ocrx_word' id='word_1_124' title='bbox 2075 418 2296 480; x_wconf 80' lang='lat' dir='ltr'><strong>propter</strong></span> <span class='ocrx_word' id='word_1_125' title='bbox 2324 406 2555 478; x_wconf 88' lang='lat' dir='ltr'><strong>spatium</strong></span> <span class='ocrx_word' id='word_1_126' title='bbox 2583 403 2863 473; x_wconf 89' lang='lat' dir='ltr'><strong>temporis,</strong></span> <span class='ocrx_word' id='word_1_127' title='bbox 2888 417 2952 456; x_wconf 76' lang='lat' dir='ltr'><strong>ex</strong></span> <span class='ocrx_word' id='word_1_128' title='bbox 2984 415 3093 469; x_wconf 90' lang='lat' dir='ltr'><strong>quo</strong></span> <span class='ocrx_word' id='word_1_129' title='bbox 3120 399 3343 462; x_wconf 89' lang='lat' dir='ltr'><strong>abierat,</strong></span> <span class='ocrx_word' id='word_1_130' title='bbox 3372 406 3424 449; x_wconf 91' lang='lat' dir='ltr'><strong>et</strong></span> <span class='ocrx_word' id='word_1_131' title='bbox 3456 396 3635 448; x_wconf 82' lang='lat' dir='ltr'><strong>incer-</strong></span> 
     </span>
    </p>
   </div>
   <div class='ocr_carea' id='block_1_19' title="bbox 2074 486 3635 568">
    <p class='ocr_par' dir='ltr' id='par_1_19' title="bbox 2074 486 3635 568">
     <span class='ocr_line' id='line_1_19' title="bbox 2074 486 3635 568; baseline -0.01 -15"><span class='ocrx_word' id='word_1_132' title='bbox 2074 509 2190 555; x_wconf 87' lang='lat' dir='ltr'><strong>tum</strong></span> <span class='ocrx_word' id='word_1_133' title='bbox 2220 501 2339 565; x_wconf 64' lang='lat' dir='ltr'><strong>vim,</strong></span> <span class='ocrx_word' id='word_1_134' title='bbox 2364 514 2526 568; x_wconf 87' lang='lat' dir='ltr'><strong>quam</strong></span> <span class='ocrx_word' id='word_1_135' title='bbox 2568 496 2856 565; x_wconf 79' lang='lat' dir='ltr'><strong>delegerat.</strong></span> <span class='ocrx_word' id='word_1_136' title='bbox 2888 492 3001 563; x_wconf 88' lang='lat' dir='ltr'><strong>Ego</strong></span> <span class='ocrx_word' id='word_1_137' title='bbox 3038 502 3166 545; x_wconf 89' lang='lat' dir='ltr'><strong>vero</strong></span> <span class='ocrx_word' id='word_1_138' title='bbox 3200 490 3480 560; x_wconf 87' lang='lat' dir='ltr'><strong>(ait),cum</strong></span> <span class='ocrx_word' id='word_1_139' title='bbox 3516 486 3635 557; x_wconf 81' lang='lat' dir='ltr'><strong>plu-</strong></span> 
     </span>
    </p>
   </div>
   <div class='ocr_carea' id='block_1_20' title="bbox 2076 577 3635 657">
    <p class='ocr_par' dir='ltr' id='par_1_20' title="bbox 2076 577 3635 657">
     <span class='ocr_line' id='line_1_20' title="bbox 2076 577 3635 657; baseline -0.012 -10"><span class='ocrx_word' id='word_1_140' title='bbox 2076 594 2213 647; x_wconf 87' lang='lat' dir='ltr'><strong>rima</strong></span> <span class='ocrx_word' id='word_1_141' title='bbox 2248 591 2439 645; x_wconf 87' lang='lat' dir='ltr'><strong>mortis</strong></span> <span class='ocrx_word' id='word_1_142' title='bbox 2472 591 2650 657; x_wconf 84' lang='lat' dir='ltr'><strong>imago</strong></span> <span class='ocrx_word' id='word_1_143' title='bbox 2676 585 2838 640; x_wconf 88' lang='lat' dir='ltr'><strong>menti</strong></span> <span class='ocrx_word' id='word_1_144' title='bbox 2865 598 2998 638; x_wconf 52' lang='lat' dir='ltr'><strong>meae.</strong></span> <span class='ocrx_word' id='word_1_145' title='bbox 3027 582 3426 642; x_wconf 80' lang='lat' dir='ltr'><strong>obversaretur,</strong></span> <span class='ocrx_word' id='word_1_146' title='bbox 3469 577 3635 647; x_wconf 78' lang='lat' dir='ltr'><strong>gemi-</strong></span> 
     </span>
    </p>
   </div>
   <div class='ocr_carea' id='block_1_21' title="bbox 2073 673 3633 745">
    <p class='ocr_par' dir='ltr' id='par_1_21' title="bbox 2073 673 3633 745">
     <span class='ocr_line' id='line_1_21' title="bbox 2073 673 3633 745; baseline -0.012 -7"><span class='ocrx_word' id='word_1_147' title='bbox 2073 684 2265 737; x_wconf 90' lang='lat' dir='ltr'><strong>nabam</strong></span> <span class='ocrx_word' id='word_1_148' title='bbox 2307 682 2371 735; x_wconf 89' lang='lat' dir='ltr'><strong>ad</strong></span> <span class='ocrx_word' id='word_1_149' title='bbox 2418 679 2749 733; x_wconf 85' lang='lat' dir='ltr'><strong>Altissimum</strong></span> <span class='ocrx_word' id='word_1_150' title='bbox 2783 690 2970 745; x_wconf 88' lang='lat' dir='ltr'><strong>preces</strong></span> <span class='ocrx_word' id='word_1_151' title='bbox 2996 673 3161 744; x_wconf 76' lang='lat'><strong>690</strong></span> <span class='ocrx_word' id='word_1_152' title='bbox 3188 678 3443 733; x_wconf 86' lang='lat' dir='ltr'><strong>meas,&#39;et</strong></span> <span class='ocrx_word' id='word_1_153' title='bbox 3481 683 3633 736; x_wconf 70' lang='lat' dir='ltr'><strong>opem</strong></span> 
     </span>
    </p>
   </div>
   <div class='ocr_carea' id='block_1_22' title="bbox 2073 759 3636 841">
    <p class='ocr_par' dir='ltr' id='par_1_22' title="bbox 2073 759 3636 841">
     <span class='ocr_line' id='line_1_22' title="bbox 2073 759 3636 841; baseline -0.01 -14"><span class='ocrx_word' id='word_1_154' title='bbox 2073 773 2192 841; x_wconf 84' lang='lat' dir='ltr'><strong>ejus</strong></span> <span class='ocrx_word' id='word_1_155' title='bbox 2221 770 2578 841; x_wconf 87' lang='lat' dir='ltr'><strong>implorabam</strong></span> <span class='ocrx_word' id='word_1_156' title='bbox 2609 767 2720 837; x_wconf 88' lang='lat' dir='ltr'><strong>spei</strong></span> <span class='ocrx_word' id='word_1_157' title='bbox 2746 772 2958 835; x_wconf 85' lang='lat' dir='ltr'><strong>plenus,</strong></span> <span class='ocrx_word' id='word_1_158' title='bbox 2985 780 3052 818; x_wconf 92' lang='lat' dir='ltr'><strong>ne</strong></span> <span class='ocrx_word' id='word_1_159' title='bbox 3098 778 3258 818; x_wconf 90' lang='lat' dir='ltr'><strong>cruor</strong></span> <span class='ocrx_word' id='word_1_160' title='bbox 3296 776 3450 814; x_wconf 87' lang='lat' dir='ltr'><strong>meus</strong></span> <span class='ocrx_word' id='word_1_161' title='bbox 3479 759 3636 812; x_wconf 84' lang='lat' dir='ltr'><strong>inuo-</strong></span> 
     </span>
    </p>
   </div>
   <div class='ocr_carea' id='block_1_23' title="bbox 2072 852 3639 924">
    <p class='ocr_par' dir='ltr' id='par_1_23' title="bbox 2072 852 3639 924">
     <span class='ocr_line' id='line_1_23' title="bbox 2072 852 3639 924; baseline -0.012 -5"><span class='ocrx_word' id='word_1_162' title='bbox 2072 878 2210 919; x_wconf 89' lang='lat' dir='ltr'><strong>cuus</strong></span> <span class='ocrx_word' id='word_1_163' title='bbox 2265 872 2317 917; x_wconf 89' lang='lat' dir='ltr'><strong>et</strong></span> <span class='ocrx_word' id='word_1_164' title='bbox 2346 860 2599 915; x_wconf 85' lang='lat' dir='ltr'><strong>innoxius</strong></span> <span class='ocrx_word' id='word_1_165' title='bbox 2622 856 2956 912; x_wconf 68' lang='lat' dir='ltr'><strong>daemonibus</strong></span> <span class='ocrx_word' id='word_1_166' title='bbox 3000 852 3228 924; x_wconf 84' lang='lat' dir='ltr'><strong>impuris</strong></span> <span class='ocrx_word' id='word_1_167' title='bbox 3266 852 3546 910; x_wconf 90' lang='lat' dir='ltr'><strong>libaretur,</strong></span> <span class='ocrx_word' id='word_1_168' title='bbox 3585 856 3639 901; x_wconf 93' lang='lat' dir='ltr'><strong>et</strong></span> 
     </span>
    </p>
   </div>
   <div class='ocr_carea' id='block_1_24' title="bbox 2074 940 3638 1020">
    <p class='ocr_par' dir='ltr' id='par_1_24' title="bbox 2074 940 3638 1020">
     <span class='ocr_line' id='line_1_24' title="bbox 2074 940 3638 1020; baseline -0.012 -11"><span class='ocrx_word' id='word_1_169' title='bbox 2074 964 2241 1017; x_wconf 89' lang='lat' dir='ltr'><strong>astro,</strong></span> <span class='ocrx_word' id='word_1_170' title='bbox 2274 968 2368 1007; x_wconf 90' lang='lat' dir='ltr'><strong>seu</strong></span> <span class='ocrx_word' id='word_1_171' title='bbox 2417 950 2655 1020; x_wconf 84' lang='lat' dir='ltr'><strong>maligno</strong></span> <span class='ocrx_word' id='word_1_172' title='bbox 2697 947 2909 1017; x_wconf 85' lang='lat' dir='ltr'><strong>spiritui</strong></span> <span class='ocrx_word' id='word_1_173' title='bbox 2959 943 3312 1000; x_wconf 86' lang='lat' dir='ltr'><strong>obscenitatis</strong></span> <span class='ocrx_word' id='word_1_174' title='bbox 3356 957 3419 995; x_wconf 90' lang='lat' dir='ltr'><strong>ac</strong></span> <span class='ocrx_word' id='word_1_175' title='bbox 3457 940 3638 994; x_wconf 86' lang='lat' dir='ltr'><strong>libidi-</strong></span> 
     </span>
    </p>
   </div>
   <div class='ocr_carea' id='block_1_25' title="bbox 2073 1033 3640 1117">
    <p class='ocr_par' dir='ltr' id='par_1_25' title="bbox 2073 1033 3640 1117">
     <span class='ocr_line' id='line_1_25' title="bbox 2073 1033 3640 1117; baseline -0.01 -18"><span class='ocrx_word' id='word_1_176' title='bbox 2073 1046 2159 1100; x_wconf 86' lang='lat' dir='ltr'><strong>nis</strong></span> <span class='ocrx_word' id='word_1_177' title='bbox 2198 1043 2524 1117; x_wconf 85' lang='lat' dir='ltr'><strong>administro</strong></span> <span class='ocrx_word' id='word_1_178' title='bbox 2549 1079 2565 1104; x_wconf 95' lang='lat'><strong>,</strong></span> <span class='ocrx_word' id='word_1_179' title='bbox 2612 1040 2867 1111; x_wconf 65' lang='lat' dir='ltr'><strong>virgineae</strong></span> <span class='ocrx_word' id='word_1_180' title='bbox 2908 1052 3043 1093; x_wconf 71' lang='lat' dir='ltr'><strong>mea:</strong></span> <span class='ocrx_word' id='word_1_181' title='bbox 3077 1035 3260 1092; x_wconf 90' lang='lat' dir='ltr'><strong>carnis</strong></span> <span class='ocrx_word' id='word_1_182' title='bbox 3292 1033 3449 1089; x_wconf 90' lang='lat' dir='ltr'><strong>nidor</strong></span> <span class='ocrx_word' id='word_1_183' title='bbox 3493 1040 3640 1087; x_wconf 84' lang='lat' dir='ltr'><strong>esset</strong></span> 
     </span>
    </p>
   </div>
   <div class='ocr_carea' id='block_1_26' title="bbox 2070 1121 3634 1201">
    <p class='ocr_par' dir='ltr' id='par_1_26' title="bbox 2070 1121 3634 1201">
     <span class='ocr_line' id='line_1_26' title="bbox 2070 1121 3634 1201; baseline -0.011 -10"><span class='ocrx_word' id='word_1_184' title='bbox 2070 1133 2417 1191; x_wconf 89' lang='lat' dir='ltr'><strong>oblectationi</strong></span> <span class='ocrx_word' id='word_1_185' title='bbox 2446 1132 2796 1187; x_wconf 83' lang='lat' dir='ltr'><strong>vehementer</strong></span> <span class='ocrx_word' id='word_1_186' title='bbox 2816 1130 3136 1201; x_wconf 87' lang='lat' dir='ltr'><strong>eﬁlagitaus.</strong></span> <span class='ocrx_word' id='word_1_187' title='bbox 3159 1126 3298 1181; x_wconf 88' lang='lat' dir='ltr'><strong>Ecce</strong></span> <span class='ocrx_word' id='word_1_188' title='bbox 3328 1121 3634 1189; x_wconf 89' lang='lat' dir='ltr'><strong>proditLu-</strong></span> 
     </span>
    </p>
   </div>
   <div class='ocr_carea' id='block_1_27' title="bbox 2069 1215 3636 1295">
    <p class='ocr_par' dir='ltr' id='par_1_27' title="bbox 2069 1215 3636 1295">
     <span class='ocr_line' id='line_1_27' title="bbox 2069 1215 3636 1295; baseline -0.011 -12"><span class='ocrx_word' id='word_1_189' title='bbox 2069 1226 2205 1283; x_wconf 79' lang='lat' dir='ltr'><strong>cifer</strong></span> <span class='ocrx_word' id='word_1_190' title='bbox 2231 1240 2397 1295; x_wconf 86' lang='lat' dir='ltr'><strong>super</strong></span> <span class='ocrx_word' id='word_1_191' title='bbox 2429 1224 2711 1279; x_wconf 85' lang='lat' dir='ltr'><strong>horizonta</strong></span> <span class='ocrx_word' id='word_1_192' title='bbox 2743 1222 2914 1277; x_wconf 79' lang='lat' dir='ltr'><strong>fausta</strong></span> <span class='ocrx_word' id='word_1_193' title='bbox 2957 1222 3096 1282; x_wconf 89' lang='lat' dir='ltr'><strong>luce,</strong></span> <span class='ocrx_word' id='word_1_194' title='bbox 3127 1234 3211 1273; x_wconf 90' lang='lat' dir='ltr'><strong>me</strong></span> <span class='ocrx_word' id='word_1_195' title='bbox 3245 1215 3510 1286; x_wconf 87' lang='lat' dir='ltr'><strong>supplicio</strong></span> <span class='ocrx_word' id='word_1_196' title='bbox 3529 1224 3636 1269; x_wconf 88' lang='lat' dir='ltr'><strong>tam</strong></span> 
     </span>
    </p>
   </div>
   <div class='ocr_carea' id='block_1_28' title="bbox 2070 1309 3638 1384">
    <p class='ocr_par' dir='ltr' id='par_1_28' title="bbox 2070 1309 3638 1384">
     <span class='ocr_line' id='line_1_28' title="bbox 2070 1309 3638 1384; baseline -0.01 -11"><span class='ocrx_word' id='word_1_197' title='bbox 2070 1315 2414 1373; x_wconf 80' lang='lat' dir='ltr'><strong>exsecrando</strong></span> <span class='ocrx_word' id='word_1_198' title='bbox 2443 1317 2711 1377; x_wconf 81' lang='lat' dir='ltr'><strong>eximens,</strong></span> <span class='ocrx_word' id='word_1_199' title='bbox 2761 1313 2918 1384; x_wconf 89' lang='lat' dir='ltr'><strong>quasi</strong></span> <span class='ocrx_word' id='word_1_200' title='bbox 2966 1311 3075 1365; x_wconf 89' lang='lat' dir='ltr'><strong>Deo</strong></span> <span class='ocrx_word' id='word_1_201' title='bbox 3112 1309 3475 1380; x_wconf 63' lang='lat' dir='ltr'><strong>praeipiente,</strong></span> <span class='ocrx_word' id='word_1_202' title='bbox 3512 1321 3638 1375; x_wconf 87' lang='lat' dir='ltr'><strong>pro-</strong></span> 
     </span>
    </p>
   </div>
   <div class='ocr_carea' id='block_1_29' title="bbox 2068 1401 3637 1477">
    <p class='ocr_par' dir='ltr' id='par_1_29' title="bbox 2068 1401 3637 1477">
     <span class='ocr_line' id='line_1_29' title="bbox 2068 1401 3637 1477; baseline -0.008 -17"><span class='ocrx_word' id='word_1_203' title='bbox 2068 1423 2267 1477; x_wconf 89' lang='lat' dir='ltr'><strong>perans</strong></span> <span class='ocrx_word' id='word_1_204' title='bbox 2291 1406 2384 1460; x_wconf 88' lang='lat' dir='ltr'><strong>illa</strong></span> <span class='ocrx_word' id='word_1_205' title='bbox 2420 1405 2595 1467; x_wconf 87' lang='lat' dir='ltr'><strong>stella,</strong></span> <span class='ocrx_word' id='word_1_206' title='bbox 2638 1412 2698 1458; x_wconf 86' lang='lat' dir='ltr'><strong>ut</strong></span> <span class='ocrx_word' id='word_1_207' title='bbox 2744 1417 2843 1472; x_wconf 89' lang='lat' dir='ltr'><strong>ego</strong></span> <span class='ocrx_word' id='word_1_208' title='bbox 2890 1401 3154 1455; x_wconf 87' lang='lat' dir='ltr'><strong>nescirem</strong></span> <span class='ocrx_word' id='word_1_209' title='bbox 3189 1412 3467 1461; x_wconf 86' lang='lat' dir='ltr'><strong>occasum,</strong></span> <span class='ocrx_word' id='word_1_210' title='bbox 3514 1411 3637 1450; x_wconf 79' lang='lat' dir='ltr'><strong>sur-</strong></span> 
     </span>
    </p>
   </div>
   <div class='ocr_carea' id='block_1_30' title="bbox 2067 1490 3640 1568">
    <p class='ocr_par' dir='ltr' id='par_1_30' title="bbox 2067 1490 3640 1568">
     <span class='ocr_line' id='line_1_30' title="bbox 2067 1490 3640 1568; baseline -0.008 -16"><span class='ocrx_word' id='word_1_211' title='bbox 2067 1507 2198 1568; x_wconf 88' lang='lat' dir='ltr'><strong>gunt</strong></span> <span class='ocrx_word' id='word_1_212' title='bbox 2223 1504 2277 1552; x_wconf 88' lang='lat' dir='ltr'><strong>et</strong></span> <span class='ocrx_word' id='word_1_213' title='bbox 2320 1507 2444 1552; x_wconf 94' lang='lat' dir='ltr'><strong>orto</strong></span> <span class='ocrx_word' id='word_1_214' title='bbox 2479 1496 2590 1566; x_wconf 89' lang='lat' dir='ltr'><strong>jam</strong></span> <span class='ocrx_word' id='word_1_215' title='bbox 2646 1495 2760 1549; x_wconf 90' lang='lat' dir='ltr'><strong>sole</strong></span> <span class='ocrx_word' id='word_1_216' title='bbox 2812 1493 3055 1555; x_wconf 86' lang='lat' dir='ltr'><strong>barbari,</strong></span> <span class='ocrx_word' id='word_1_217' title='bbox 3097 1492 3213 1560; x_wconf 88' lang='lat' dir='ltr'><strong>ejus</strong></span> <span class='ocrx_word' id='word_1_218' title='bbox 3258 1490 3542 1559; x_wconf 84' lang='lat' dir='ltr'><strong>splendore</strong></span> <span class='ocrx_word' id='word_1_219' title='bbox 3578 1502 3640 1540; x_wconf 82' lang='lat' dir='ltr'><strong>ac</strong></span> 
     </span>
    </p>
   </div>
   <div class='ocr_carea' id='block_1_31' title="bbox 2065 1581 3641 1657">
    <p class='ocr_par' dir='ltr' id='par_1_31' title="bbox 2065 1581 3641 1657">
     <span class='ocr_line' id='line_1_31' title="bbox 2065 1581 3641 1657; baseline -0.007 -14"><span class='ocrx_word' id='word_1_220' title='bbox 2065 1589 2261 1657; x_wconf 85' lang='lat' dir='ltr'><strong>jubare</strong></span> <span class='ocrx_word' id='word_1_221' title='bbox 2299 1587 2626 1657; x_wconf 82' lang='lat' dir='ltr'><strong>perturbati,</strong></span> <span class='ocrx_word' id='word_1_222' title='bbox 2657 1586 2784 1657; x_wconf 87' lang='lat' dir='ltr'><strong>quia</strong></span> <span class='ocrx_word' id='word_1_223' title='bbox 2816 1584 3112 1654; x_wconf 87' lang='lat' dir='ltr'><strong>legitimum</strong></span> <span class='ocrx_word' id='word_1_224' title='bbox 3157 1581 3641 1651; x_wconf 81' lang='lat' dir='ltr'><strong>praescriptumque</strong></span> 
     </span>
    </p>
   </div>
   <div class='ocr_carea' id='block_1_32' title="bbox 398 1672 1969 1757">
    <p class='ocr_par' dir='ltr' id='par_1_32' title="bbox 398 1676 1969 1757">
     <span class='ocr_line' id='line_1_32' title="bbox 398 1676 1969 1757; baseline -0.01 -18"><span class='ocrx_word' id='word_1_225' title='bbox 398 1687 558 1741; x_wconf 81' lang='grc' dir='ltr'><strong>θείων</strong></span> <span class='ocrx_word' id='word_1_226' title='bbox 622 1687 935 1757; x_wconf 77' lang='grc' dir='ltr'><strong>μυστηρίων</strong></span> <span class='ocrx_word' id='word_1_227' title='bbox 967 1685 1175 1755; x_wconf 81' lang='grc' dir='ltr'><strong>ἱερεύς,</strong></span> <span class='ocrx_word' id='word_1_228' title='bbox 1207 1682 1453 1753; x_wconf 80' lang='lat' dir='ltr'><strong>quoniam</strong></span> <span class='ocrx_word' id='word_1_229' title='bbox 1481 1677 1569 1753; x_wconf 73' lang='lat' dir='ltr'><strong>qui</strong></span> <span class='ocrx_word' id='word_1_230' title='bbox 1605 1676 1777 1744; x_wconf 76' lang='lat' dir='ltr'><strong>ﬁlium</strong></span> <span class='ocrx_word' id='word_1_231' title='bbox 1826 1682 1969 1725; x_wconf 85' lang='lat' dir='ltr'><strong>tuum</strong></span> 
     </span>
    </p>
   </div>
   <div class='ocr_carea' id='block_1_33' title="bbox 2072 1672 3639 1757">
    <p class='ocr_par' dir='ltr' id='par_1_33' title="bbox 2074 1672 3639 1746">
     <span class='ocr_line' id='line_1_33' title="bbox 2074 1672 3639 1746; baseline -0.006 -13"><span class='ocrx_word' id='word_1_232' title='bbox 2074 1678 2326 1733; x_wconf 89' lang='lat' dir='ltr'><strong>sacriﬁcii</strong></span> <span class='ocrx_word' id='word_1_233' title='bbox 2358 1686 2574 1746; x_wconf 86' lang='lat' dir='ltr'><strong>tempus</strong></span> <span class='ocrx_word' id='word_1_234' title='bbox 2597 1676 2896 1738; x_wconf 80' lang='lat' dir='ltr'><strong>efﬂuxerat,</strong></span> <span class='ocrx_word' id='word_1_235' title='bbox 2934 1689 3126 1741; x_wconf 90' lang='lat' dir='ltr'><strong>meque</strong></span> <span class='ocrx_word' id='word_1_236' title='bbox 3162 1672 3489 1726; x_wconf 86' lang='lat' dir='ltr'><strong>assidentem</strong></span> <span class='ocrx_word' id='word_1_237' title='bbox 3544 1685 3639 1739; x_wconf 88' lang='lat' dir='ltr'><strong>pe-</strong></span> 
     </span>
    </p>
   </div>
   <div class='ocr_carea' id='block_1_34' title="bbox 397 1762 1971 1837">
    <p class='ocr_par' dir='ltr' id='par_1_34' title="bbox 397 1762 1971 1837">
     <span class='ocr_line' id='line_1_34' title="bbox 397 1762 1971 1837; baseline -0.011 -8"><span class='ocrx_word' id='word_1_238' title='bbox 397 1778 561 1837; x_wconf 80' lang='lat' dir='ltr'><strong>emit,</strong></span> <span class='ocrx_word' id='word_1_239' title='bbox 599 1786 675 1831; x_wconf 84' lang='lat' dir='ltr'><strong>est</strong></span> <span class='ocrx_word' id='word_1_240' title='bbox 725 1776 1011 1829; x_wconf 82' lang='lat' dir='ltr'><strong>secundum</strong></span> <span class='ocrx_word' id='word_1_241' title='bbox 1060 1773 1329 1829; x_wconf 81' lang='lat' dir='ltr'><strong>Christum</strong></span> <span class='ocrx_word' id='word_1_242' title='bbox 1367 1770 1662 1822; x_wconf 82' lang='lat' dir='ltr'><strong>divinorum</strong></span> <span class='ocrx_word' id='word_1_243' title='bbox 1728 1762 1971 1816; x_wconf 79' lang='lat' dir='ltr'><strong>sacerdos</strong></span> 
     </span>
    </p>
   </div>
   <div class='ocr_carea' id='block_1_35' title="bbox 406 1852 1973 1940">
    <p class='ocr_par' dir='ltr' id='par_1_35' title="bbox 406 1852 1973 1940">
     <span class='ocr_line' id='line_1_35' title="bbox 406 1852 1973 1940; baseline -0.013 -17"><span class='ocrx_word' id='word_1_244' title='bbox 406 1870 807 1940; x_wconf 80' lang='lat' dir='ltr'><strong>mysteriorum;</strong></span> <span class='ocrx_word' id='word_1_245' title='bbox 843 1874 897 1920; x_wconf 91' lang='lat' dir='ltr'><strong>et</strong></span> <span class='ocrx_word' id='word_1_246' title='bbox 940 1865 1083 1918; x_wconf 86' lang='lat' dir='ltr'><strong>ﬁlius</strong></span> <span class='ocrx_word' id='word_1_247' title='bbox 1110 1863 1308 1917; x_wconf 91' lang='lat' dir='ltr'><strong>dicitur</strong></span> <span class='ocrx_word' id='word_1_248' title='bbox 1334 1860 1486 1914; x_wconf 89' lang='lat' dir='ltr'><strong>obire</strong></span> <span class='ocrx_word' id='word_1_249' title='bbox 1524 1856 1710 1909; x_wconf 91' lang='lat' dir='ltr'><strong>munia</strong></span> <span class='ocrx_word' id='word_1_250' title='bbox 1739 1854 1792 1906; x_wconf 94' lang='lat' dir='ltr'><strong>in</strong></span> <span class='ocrx_word' id='word_1_251' title='bbox 1825 1852 1973 1905; x_wconf 84' lang='lat' dir='ltr'><strong>ordi-</strong></span> 
     </span>
    </p>
   </div>
   <div class='ocr_carea' id='block_1_36' title="bbox 399 1942 1970 2026">
    <p class='ocr_par' dir='ltr' id='par_1_36' title="bbox 399 1942 1970 2026">
     <span class='ocr_line' id='line_1_36' title="bbox 399 1942 1970 2026; baseline -0.014 -11"><span class='ocrx_word' id='word_1_252' title='bbox 399 1978 464 2015; x_wconf 88' lang='lat' dir='ltr'><strong>ne</strong></span> <span class='ocrx_word' id='word_1_253' title='bbox 498 1969 712 2015; x_wconf 89' lang='lat' dir='ltr'><strong>sacrato</strong></span> <span class='ocrx_word' id='word_1_254' title='bbox 747 1972 921 2026; x_wconf 87' lang='lat' dir='ltr'><strong>usque</strong></span> <span class='ocrx_word' id='word_1_255' title='bbox 953 1955 1018 2009; x_wconf 91' lang='lat' dir='ltr'><strong>ad</strong></span> <span class='ocrx_word' id='word_1_256' title='bbox 1050 1954 1223 2023; x_wconf 89' lang='lat' dir='ltr'><strong>prima</strong></span> <span class='ocrx_word' id='word_1_257' title='bbox 1266 1949 1613 2005; x_wconf 88' lang='lat' dir='ltr'><strong>ostiariorum</strong></span> <span class='ocrx_word' id='word_1_258' title='bbox 1667 1942 1970 1998; x_wconf 89' lang='lat' dir='ltr'><strong>ministeria</strong></span> 
     </span>
    </p>
   </div>
   <div class='ocr_carea' id='block_1_37' title="bbox 400 2037 1969 2119">
    <p class='ocr_par' dir='ltr' id='par_1_37' title="bbox 400 2037 1969 2119">
     <span class='ocr_line' id='line_1_37' title="bbox 400 2037 1969 2119; baseline -0.012 -14"><span class='ocrx_word' id='word_1_259' title='bbox 400 2052 624 2106; x_wconf 89' lang='lat' dir='ltr'><strong>ﬁdenter</strong></span> <span class='ocrx_word' id='word_1_260' title='bbox 674 2056 960 2119; x_wconf 88' lang='lat' dir='ltr'><strong>provectus</strong></span> <span class='ocrx_word' id='word_1_261' title='bbox 986 2084 1001 2109; x_wconf 92' lang='lat'><strong>,</strong></span> <span class='ocrx_word' id='word_1_262' title='bbox 1050 2057 1299 2113; x_wconf 85' lang='lat' dir='ltr'><strong>magnam</strong></span> <span class='ocrx_word' id='word_1_263' title='bbox 1345 2054 1475 2094; x_wconf 90' lang='lat' dir='ltr'><strong>vero</strong></span> <span class='ocrx_word' id='word_1_264' title='bbox 1515 2037 1756 2092; x_wconf 85' lang='lat' dir='ltr'><strong>studiose</strong></span> <span class='ocrx_word' id='word_1_265' title='bbox 1794 2048 1969 2104; x_wconf 90' lang='lat' dir='ltr'><strong>spem,</strong></span> 
     </span>
    </p>
   </div>
   <div class='ocr_carea' id='block_1_38' title="bbox 400 2130 1972 2208">
    <p class='ocr_par' dir='ltr' id='par_1_38' title="bbox 400 2130 1972 2208">
     <span class='ocr_line' id='line_1_38' title="bbox 400 2130 1972 2208; baseline -0.011 -13"><span class='ocrx_word' id='word_1_266' title='bbox 400 2156 558 2195; x_wconf 92' lang='lat' dir='ltr'><strong>nemo</strong></span> <span class='ocrx_word' id='word_1_267' title='bbox 608 2149 668 2193; x_wconf 90' lang='lat' dir='ltr'><strong>ut</strong></span> <span class='ocrx_word' id='word_1_268' title='bbox 715 2139 971 2208; x_wconf 89' lang='lat' dir='ltr'><strong>majorem</strong></span> <span class='ocrx_word' id='word_1_269' title='bbox 1021 2134 1307 2190; x_wconf 88' lang='lat' dir='ltr'><strong>ostentarit</strong></span> <span class='ocrx_word' id='word_1_270' title='bbox 1341 2171 1358 2196; x_wconf 93' lang='lat'><strong>,</strong></span> <span class='ocrx_word' id='word_1_271' title='bbox 1405 2130 1657 2186; x_wconf 77' lang='lat' dir='ltr'><strong>exhibere</strong></span> <span class='ocrx_word' id='word_1_272' title='bbox 1720 2139 1972 2195; x_wconf 88' lang='lat' dir='ltr'><strong>progres-</strong></span> 
     </span>
    </p>
   </div>
   <div class='ocr_carea' id='block_1_39' title="bbox 399 2217 1971 2297">
    <p class='ocr_par' dir='ltr' id='par_1_39' title="bbox 399 2217 1971 2297">
     <span class='ocr_line' id='line_1_39' title="bbox 399 2217 1971 2297; baseline -0.013 -10"><span class='ocrx_word' id='word_1_273' title='bbox 399 2248 513 2297; x_wconf 84' lang='lat' dir='ltr'><strong>sus,</strong></span> <span class='ocrx_word' id='word_1_274' title='bbox 558 2248 622 2286; x_wconf 90' lang='lat' dir='ltr'><strong>ac</strong></span> <span class='ocrx_word' id='word_1_275' title='bbox 668 2230 819 2284; x_wconf 90' lang='lat' dir='ltr'><strong>brevi</strong></span> <span class='ocrx_word' id='word_1_276' title='bbox 866 2239 1110 2297; x_wconf 89' lang='lat' dir='ltr'><strong>tempore</strong></span> <span class='ocrx_word' id='word_1_277' title='bbox 1154 2225 1375 2279; x_wconf 89' lang='lat' dir='ltr'><strong>multam</strong></span> <span class='ocrx_word' id='word_1_278' title='bbox 1426 2220 1647 2274; x_wconf 86' lang='lat' dir='ltr'><strong>virtutis</strong></span> <span class='ocrx_word' id='word_1_279' title='bbox 1688 2217 1971 2285; x_wconf 83' lang='lat' dir='ltr'><strong>experien-</strong></span> 
     </span>
    </p>
   </div>
   <div class='ocr_carea' id='block_1_40' title="bbox 401 2304 1973 2390">
    <p class='ocr_par' dir='ltr' id='par_1_40' title="bbox 401 2304 1973 2390">
     <span class='ocr_line' id='line_1_40' title="bbox 401 2304 1973 2390; baseline -0.012 -15"><span class='ocrx_word' id='word_1_280' title='bbox 401 2323 529 2375; x_wconf 88' lang='lat' dir='ltr'><strong>tiam</strong></span> <span class='ocrx_word' id='word_1_281' title='bbox 575 2324 845 2390; x_wconf 61' lang='lat' dir='ltr'><strong>prazbere,</strong></span> <span class='ocrx_word' id='word_1_282' title='bbox 886 2326 939 2371; x_wconf 89' lang='lat' dir='ltr'><strong>et</strong></span> <span class='ocrx_word' id='word_1_283' title='bbox 985 2316 1053 2370; x_wconf 87' lang='lat' dir='ltr'><strong>ab</strong></span> <span class='ocrx_word' id='word_1_284' title='bbox 1084 2313 1337 2367; x_wconf 87' lang='lat' dir='ltr'><strong>omnibus</strong></span> <span class='ocrx_word' id='word_1_285' title='bbox 1382 2311 1648 2364; x_wconf 80' lang='lat' dir='ltr'><strong>faventem</strong></span> <span class='ocrx_word' id='word_1_286' title='bbox 1696 2306 1838 2360; x_wconf 80' lang='lat' dir='ltr'><strong>ferre</strong></span> <span class='ocrx_word' id='word_1_287' title='bbox 1862 2304 1973 2359; x_wconf 90' lang='lat' dir='ltr'><strong>cal-</strong></span> 
     </span>
    </p>
   </div>
   <div class='ocr_carea' id='block_1_41' title="bbox 401 2400 1971 2479">
    <p class='ocr_par' dir='ltr' id='par_1_41' title="bbox 401 2400 1971 2479">
     <span class='ocr_line' id='line_1_41' title="bbox 401 2400 1971 2479; baseline -0.013 -13"><span class='ocrx_word' id='word_1_288' title='bbox 401 2414 605 2475; x_wconf 88' lang='lat' dir='ltr'><strong>culum,</strong></span> <span class='ocrx_word' id='word_1_289' title='bbox 642 2409 785 2479; x_wconf 86' lang='lat' dir='ltr'><strong>quod</strong></span> <span class='ocrx_word' id='word_1_290' title='bbox 837 2408 943 2462; x_wconf 92' lang='lat' dir='ltr'><strong>illis</strong></span> <span class='ocrx_word' id='word_1_291' title='bbox 989 2407 1060 2461; x_wconf 89' lang='lat' dir='ltr'><strong>sit</strong></span> <span class='ocrx_word' id='word_1_292' title='bbox 1106 2400 1429 2474; x_wconf 84' lang='lat' dir='ltr'><strong>persuasum</strong></span> <span class='ocrx_word' id='word_1_293' title='bbox 1475 2400 1545 2453; x_wconf 89' lang='lat' dir='ltr'><strong>ob</strong></span> <span class='ocrx_word' id='word_1_294' title='bbox 1584 2410 1798 2452; x_wconf 89' lang='lat' dir='ltr'><strong>morum</strong></span> <span class='ocrx_word' id='word_1_295' title='bbox 1841 2408 1971 2464; x_wconf 85' lang='lat' dir='ltr'><strong>pro-</strong></span> 
     </span>
    </p>
   </div>
   <div class='ocr_carea' id='block_1_42' title="bbox 408 2486 1969 2561">
    <p class='ocr_par' dir='ltr' id='par_1_42' title="bbox 408 2486 1969 2561">
     <span class='ocr_line' id='line_1_42' title="bbox 408 2486 1969 2561; baseline -0.012 -7"><span class='ocrx_word' id='word_1_296' title='bbox 408 2502 629 2555; x_wconf 87' lang='lat' dir='ltr'><strong>bitatem</strong></span> <span class='ocrx_word' id='word_1_297' title='bbox 659 2498 935 2560; x_wconf 87' lang='lat' dir='ltr'><strong>idoneum,</strong></span> <span class='ocrx_word' id='word_1_298' title='bbox 961 2503 1021 2549; x_wconf 91' lang='lat' dir='ltr'><strong>ut</strong></span> <span class='ocrx_word' id='word_1_299' title='bbox 1053 2495 1118 2548; x_wconf 89' lang='lat' dir='ltr'><strong>ad</strong></span> <span class='ocrx_word' id='word_1_300' title='bbox 1152 2494 1296 2547; x_wconf 87' lang='lat' dir='ltr'><strong>hunc</strong></span> <span class='ocrx_word' id='word_1_301' title='bbox 1327 2490 1554 2561; x_wconf 89' lang='lat' dir='ltr'><strong>gradum</strong></span> <span class='ocrx_word' id='word_1_302' title='bbox 1596 2486 1969 2541; x_wconf 75' lang='lat' dir='ltr'><strong>extolleretur.</strong></span> 
     </span>
    </p>
   </div>
   <div class='ocr_carea' id='block_1_43' title="bbox 408 2577 1976 2657">
    <p class='ocr_par' dir='ltr' id='par_1_43' title="bbox 408 2577 1976 2657">
     <span class='ocr_line' id='line_1_43' title="bbox 408 2577 1976 2657; baseline -0.01 -14"><span class='ocrx_word' id='word_1_303' title='bbox 408 2588 579 2657; x_wconf 85' lang='lat' dir='ltr'><strong>(Urbs</strong></span> <span class='ocrx_word' id='word_1_304' title='bbox 608 2600 692 2643; x_wconf 88' lang='lat' dir='ltr'><strong>est</strong></span> <span class='ocrx_word' id='word_1_305' title='bbox 716 2588 876 2643; x_wconf 80' lang='lat' dir='ltr'><strong>Elusa</strong></span> <span class='ocrx_word' id='word_1_306' title='bbox 903 2587 1033 2642; x_wconf 92' lang='lat' dir='ltr'><strong>olim</strong></span> <span class='ocrx_word' id='word_1_307' title='bbox 1059 2586 1273 2639; x_wconf 75' lang='lat' dir='ltr'><strong>Arabia:</strong></span> <span class='ocrx_word' id='word_1_308' title='bbox 1298 2600 1316 2649; x_wconf 87' lang='lat'><strong>;</strong></span> <span class='ocrx_word' id='word_1_309' title='bbox 1343 2581 1434 2636; x_wconf 92' lang='lat' dir='ltr'><strong>sed</strong></span> <span class='ocrx_word' id='word_1_310' title='bbox 1466 2587 1651 2649; x_wconf 89' lang='lat' dir='ltr'><strong>postea</strong></span> <span class='ocrx_word' id='word_1_311' title='bbox 1675 2577 1976 2645; x_wconf 84' lang='lat' dir='ltr'><strong>imperante</strong></span> 
     </span>
    </p>
   </div>
   <div class='ocr_carea' id='block_1_44' title="bbox 404 2667 1976 2739">
    <p class='ocr_par' dir='ltr' id='par_1_44' title="bbox 404 2667 1976 2739">
     <span class='ocr_line' id='line_1_44' title="bbox 404 2667 1976 2739; baseline -0.009 -6"><span class='ocrx_word' id='word_1_312' title='bbox 404 2679 715 2733; x_wconf 84' lang='lat' dir='ltr'><strong>.lustiniano</strong></span> <span class='ocrx_word' id='word_1_313' title='bbox 764 2679 1067 2734; x_wconf 63' lang='lat' dir='ltr'><strong>Palaestina:</strong></span> <span class='ocrx_word' id='word_1_314' title='bbox 1114 2676 1285 2732; x_wconf 72' lang='lat' dir='ltr'><strong>tertia:</strong></span> <span class='ocrx_word' id='word_1_315' title='bbox 1326 2674 1428 2728; x_wconf 79' lang='lat' dir='ltr'><strong>fuit</strong></span> <span class='ocrx_word' id='word_1_316' title='bbox 1465 2671 1718 2739; x_wconf 85' lang='lat' dir='ltr'><strong>ascripta,</strong></span> <span class='ocrx_word' id='word_1_317' title='bbox 1747 2667 1976 2737; x_wconf 84' lang='lat' dir='ltr'><strong>ejusque</strong></span> 
     </span>
    </p>
   </div>
   <div class='ocr_carea' id='block_1_45' title="bbox 404 2760 1970 2842">
    <p class='ocr_par' dir='ltr' id='par_1_45' title="bbox 404 2760 1970 2842">
     <span class='ocr_line' id='line_1_45' title="bbox 404 2760 1970 2842; baseline -0.01 -14"><span class='ocrx_word' id='word_1_318' title='bbox 404 2779 631 2828; x_wconf 86' lang='lat' dir='ltr'><strong>sanctus</strong></span> <span class='ocrx_word' id='word_1_319' title='bbox 657 2769 1020 2842; x_wconf 84' lang='lat' dir='ltr'><strong>Hieronymus</strong></span> <span class='ocrx_word' id='word_1_320' title='bbox 1060 2770 1113 2823; x_wconf 90' lang='lat' dir='ltr'><strong>in</strong></span> <span class='ocrx_word' id='word_1_321' title='bbox 1149 2768 1270 2823; x_wconf 79' lang='lat' dir='ltr'><strong>Vita</strong></span> <span class='ocrx_word' id='word_1_322' title='bbox 1306 2765 1482 2821; x_wconf 83' lang='lat' dir='ltr'><strong>sancti</strong></span> <span class='ocrx_word' id='word_1_323' title='bbox 1524 2760 1819 2818; x_wconf 83' lang='lat' dir='ltr'><strong>Hilarionis</strong></span> <span class='ocrx_word' id='word_1_324' title='bbox 1853 2773 1970 2814; x_wconf 90' lang='lat' dir='ltr'><strong>me-</strong></span> 
     </span>
    </p>
   </div>
   <div class='ocr_carea' id='block_1_46' title="bbox 405 2852 1969 2932">
    <p class='ocr_par' dir='ltr' id='par_1_46' title="bbox 405 2852 1969 2932">
     <span class='ocr_line' id='line_1_46' title="bbox 405 2852 1969 2932; baseline -0.007 -15"><span class='ocrx_word' id='word_1_325' title='bbox 405 2862 611 2932; x_wconf 88' lang='lat' dir='ltr'><strong>minit.)</strong></span> <span class='ocrx_word' id='word_1_326' title='bbox 645 2862 769 2915; x_wconf 90' lang='lat' dir='ltr'><strong>lniit</strong></span> <span class='ocrx_word' id='word_1_327' title='bbox 798 2876 927 2932; x_wconf 88' lang='lat' dir='ltr'><strong>ergo</strong></span> <span class='ocrx_word' id='word_1_328' title='bbox 945 2859 1159 2915; x_wconf 90' lang='lat' dir='ltr'><strong>tandem</strong></span> <span class='ocrx_word' id='word_1_329' title='bbox 1180 2857 1399 2913; x_wconf 86' lang='lat' dir='ltr'><strong>Elusam</strong></span> <span class='ocrx_word' id='word_1_330' title='bbox 1429 2852 1583 2910; x_wconf 90' lang='lat' dir='ltr'><strong>Nilus</strong></span> <span class='ocrx_word' id='word_1_331' title='bbox 1612 2852 1969 2917; x_wconf 76' lang='lat' dir='ltr'><strong>exhilaratus,</strong></span> 
     </span>
    </p>
   </div>
   <div class='ocr_carea' id='block_1_47' title="bbox 404 2946 1972 3024">
    <p class='ocr_par' dir='ltr' id='par_1_47' title="bbox 404 2946 1972 3024">
     <span class='ocr_line' id='line_1_47' title="bbox 404 2946 1972 3024; baseline -0.007 -16"><span class='ocrx_word' id='word_1_332' title='bbox 404 2964 567 3024; x_wconf 79' lang='lat' dir='ltr'><strong>atque</strong></span> <span class='ocrx_word' id='word_1_333' title='bbox 597 2954 779 3008; x_wconf 79' lang='lat' dir='ltr'><strong>laetitia</strong></span> <span class='ocrx_word' id='word_1_334' title='bbox 825 2952 1093 3017; x_wconf 83' lang='lat' dir='ltr'><strong>dit&#39;ﬁuens,</strong></span> <span class='ocrx_word' id='word_1_335' title='bbox 1130 2951 1263 3006; x_wconf 90' lang='lat' dir='ltr'><strong>adiit</strong></span> <span class='ocrx_word' id='word_1_336' title='bbox 1293 2948 1616 3014; x_wconf 86' lang='lat' dir='ltr'><strong>Ecclesiam,</strong></span> <span class='ocrx_word' id='word_1_337' title='bbox 1651 2946 1719 3000; x_wconf 77' lang='grc' dir='ltr'><strong>τὰ</strong></span> <span class='ocrx_word' id='word_1_338' title='bbox 1769 2946 1972 3014; x_wconf 72' lang='grc' dir='ltr'><strong>τέμενα</strong></span> 
     </span>
    </p>
   </div>
   <div class='ocr_carea' id='block_1_48' title="bbox 405 3037 1975 3115">
    <p class='ocr_par' dir='ltr' id='par_1_48' title="bbox 405 3037 1975 3115">
     <span class='ocr_line' id='line_1_48' title="bbox 405 3037 1975 3115; baseline -0.006 -18"><span class='ocrx_word' id='word_1_339' title='bbox 405 3045 501 3099; x_wconf 77' lang='grc' dir='ltr'><strong>τοῦ</strong></span> <span class='ocrx_word' id='word_1_340' title='bbox 524 3044 681 3105; x_wconf 80' lang='grc' dir='ltr'>Θεοῦ.</span> <span class='ocrx_word' id='word_1_341' title='bbox 711 3045 911 3115; x_wconf 83' lang='lat' dir='ltr'><strong>gratias</strong></span> <span class='ocrx_word' id='word_1_342' title='bbox 941 3044 1177 3099; x_wconf 75' lang='lat' dir='ltr'><strong>referens</strong></span> <span class='ocrx_word' id='word_1_343' title='bbox 1197 3040 1346 3098; x_wconf 64' lang='lat'><strong>0.5!.</strong></span> <span class='ocrx_word' id='word_1_344' title='bbox 1376 3040 1488 3095; x_wconf 89' lang='lat' dir='ltr'><strong>Deo</strong></span> <span class='ocrx_word' id='word_1_345' title='bbox 1515 3054 1624 3095; x_wconf 90' lang='lat' dir='ltr'><strong>non</strong></span> <span class='ocrx_word' id='word_1_346' title='bbox 1653 3040 1770 3094; x_wconf 89' lang='lat' dir='ltr'><strong>sine</strong></span> <span class='ocrx_word' id='word_1_347' title='bbox 1801 3037 1975 3107; x_wconf 85' lang='lat' dir='ltr'><strong>lacry-</strong></span> 
     </span>
    </p>
   </div>
   <div class='ocr_carea' id='block_1_49' title="bbox 410 3126 1975 3204">
    <p class='ocr_par' dir='ltr' id='par_1_49' title="bbox 410 3126 1975 3204">
     <span class='ocr_line' id='line_1_49' title="bbox 410 3126 1975 3204; baseline -0.003 -18"><span class='ocrx_word' id='word_1_348' title='bbox 410 3134 536 3197; x_wconf 87' lang='lat' dir='ltr'><strong>mis,</strong></span> <span class='ocrx_word' id='word_1_349' title='bbox 574 3149 712 3204; x_wconf 87' lang='lat' dir='ltr'><strong>quas</strong></span> <span class='ocrx_word' id='word_1_350' title='bbox 750 3134 1005 3204; x_wconf 85' lang='lat' dir='ltr'><strong>gaudium</strong></span> <span class='ocrx_word' id='word_1_351' title='bbox 1036 3133 1233 3198; x_wconf 90' lang='lat' dir='ltr'><strong>ciebat,</strong></span> <span class='ocrx_word' id='word_1_352' title='bbox 1267 3132 1553 3187; x_wconf 87' lang='lat' dir='ltr'><strong>deducitur</strong></span> <span class='ocrx_word' id='word_1_353' title='bbox 1581 3130 1837 3192; x_wconf 90' lang='lat' dir='ltr'><strong>domum,</strong></span> <span class='ocrx_word' id='word_1_354' title='bbox 1880 3126 1975 3181; x_wconf 91' lang='lat' dir='ltr'><strong>ubi</strong></span> 
     </span>
    </p>
   </div>
   <div class='ocr_carea' id='block_1_50' title="bbox 409 3214 1973 3286">
    <p class='ocr_par' dir='ltr' id='par_1_50' title="bbox 409 3214 1973 3286">
     <span class='ocr_line' id='line_1_50' title="bbox 409 3214 1973 3286; baseline -0.004 -11"><span class='ocrx_word' id='word_1_355' title='bbox 409 3223 553 3277; x_wconf 87' lang='lat' dir='ltr'><strong>tilius</strong></span> <span class='ocrx_word' id='word_1_356' title='bbox 577 3232 714 3286; x_wconf 89' lang='lat' dir='ltr'><strong>erat,</strong></span> <span class='ocrx_word' id='word_1_357' title='bbox 742 3238 771 3276; x_wconf 89' lang='lat' dir='ltr'><strong>a</strong></span> <span class='ocrx_word' id='word_1_358' title='bbox 808 3224 994 3277; x_wconf 90' lang='lat' dir='ltr'><strong>multis</strong></span> <span class='ocrx_word' id='word_1_359' title='bbox 1032 3221 1463 3286; x_wconf 64' lang='lat' dir='ltr'><strong>collaztautibus;</strong></span> <span class='ocrx_word' id='word_1_360' title='bbox 1503 3226 1560 3273; x_wconf 90' lang='lat' dir='ltr'><strong>at</strong></span> <span class='ocrx_word' id='word_1_361' title='bbox 1591 3217 1735 3272; x_wconf 83' lang='lat' dir='ltr'><strong>ﬁlius</strong></span> <span class='ocrx_word' id='word_1_362' title='bbox 1780 3214 1973 3269; x_wconf 89' lang='lat' dir='ltr'><strong>obvius</strong></span> 
     </span>
    </p>
   </div>
   <div class='ocr_carea' id='block_1_51' title="bbox 408 3312 1969 3385">
    <p class='ocr_par' dir='ltr' id='par_1_51' title="bbox 408 3312 1969 3385">
     <span class='ocr_line' id='line_1_51' title="bbox 408 3312 1969 3385; baseline -0.004 -18"><span class='ocrx_word' id='word_1_363' title='bbox 408 3315 547 3382; x_wconf 90' lang='lat' dir='ltr'><strong>patri</strong></span> <span class='ocrx_word' id='word_1_364' title='bbox 574 3315 837 3384; x_wconf 86' lang='lat' dir='ltr'><strong>procedit,</strong></span> <span class='ocrx_word' id='word_1_365' title='bbox 877 3324 1082 3385; x_wconf 88' lang='lat' dir='ltr'><strong>patrem</strong></span> <span class='ocrx_word' id='word_1_366' title='bbox 1117 3314 1205 3367; x_wconf 85' lang='lat' dir='ltr'><strong>vix</strong></span> <span class='ocrx_word' id='word_1_367' title='bbox 1221 3312 1464 3384; x_wconf 88' lang='lat' dir='ltr'><strong>agnoscit</strong></span> <span class='ocrx_word' id='word_1_368' title='bbox 1485 3318 1704 3381; x_wconf 91' lang='lat' dir='ltr'><strong>propter</strong></span> <span class='ocrx_word' id='word_1_369' title='bbox 1735 3322 1969 3372; x_wconf 86' lang='lat' dir='ltr'><strong>comam,</strong></span> 
     </span>
    </p>
   </div>
   <div class='ocr_carea' id='block_1_52' title="bbox 408 3401 1976 3476">
    <p class='ocr_par' dir='ltr' id='par_1_52' title="bbox 408 3401 1976 3476">
     <span class='ocr_line' id='line_1_52' title="bbox 408 3401 1976 3476; baseline -0.003 -18"><span class='ocrx_word' id='word_1_370' title='bbox 408 3420 570 3473; x_wconf 90' lang='lat' dir='ltr'><strong>quam</strong></span> <span class='ocrx_word' id='word_1_371' title='bbox 607 3405 741 3461; x_wconf 79' lang='lat' dir='ltr'><strong>forte</strong></span> <span class='ocrx_word' id='word_1_372' title='bbox 775 3407 1113 3476; x_wconf 86' lang='lat' dir='ltr'><strong>promiserat,</strong></span> <span class='ocrx_word' id='word_1_373' title='bbox 1142 3415 1195 3461; x_wconf 92' lang='lat' dir='ltr'><strong>et</strong></span> <span class='ocrx_word' id='word_1_374' title='bbox 1218 3414 1393 3460; x_wconf 88' lang='lat' dir='ltr'><strong>vestes</strong></span> <span class='ocrx_word' id='word_1_375' title='bbox 1424 3402 1688 3467; x_wconf 87' lang='lat' dir='ltr'><strong>sordidas,</strong></span> <span class='ocrx_word' id='word_1_376' title='bbox 1714 3401 1976 3468; x_wconf 87' lang='lat' dir='ltr'><strong>collacry-</strong></span> 
     </span>
    </p>
   </div>
   <div class='ocr_carea' id='block_1_53' title="bbox 408 3491 1975 3566">
    <p class='ocr_par' dir='ltr' id='par_1_53' title="bbox 408 3491 1975 3566">
     <span class='ocr_line' id='line_1_53' title="bbox 408 3491 1975 3566; baseline -0.004 -19"><span class='ocrx_word' id='word_1_377' title='bbox 408 3505 626 3551; x_wconf 82' lang='lat' dir='ltr'><strong>mantur</strong></span> <span class='ocrx_word' id='word_1_378' title='bbox 645 3497 826 3559; x_wconf 88' lang='lat' dir='ltr'><strong>ambo,</strong></span> <span class='ocrx_word' id='word_1_379' title='bbox 851 3507 1140 3566; x_wconf 89' lang='lat' dir='ltr'><strong>postquam</strong></span> <span class='ocrx_word' id='word_1_380' title='bbox 1161 3504 1315 3565; x_wconf 88' lang='lat' dir='ltr'><strong>pater</strong></span> <span class='ocrx_word' id='word_1_381' title='bbox 1352 3494 1545 3547; x_wconf 76' lang='lat' dir='ltr'><strong>deﬁxis</strong></span> <span class='ocrx_word' id='word_1_382' title='bbox 1574 3493 1626 3545; x_wconf 93' lang='lat' dir='ltr'><strong>in</strong></span> <span class='ocrx_word' id='word_1_383' title='bbox 1649 3491 1816 3543; x_wconf 84' lang='lat' dir='ltr'><strong>tilium</strong></span> <span class='ocrx_word' id='word_1_384' title='bbox 1844 3503 1975 3542; x_wconf 89' lang='lat' dir='ltr'><strong>ocu-</strong></span> 
     </span>
    </p>
   </div>
   <div class='ocr_carea' id='block_1_54' title="bbox 409 3582 1974 3655">
    <p class='ocr_par' dir='ltr' id='par_1_54' title="bbox 409 3582 1974 3655">
     <span class='ocr_line' id='line_1_54' title="bbox 409 3582 1974 3655; baseline -0.003 -18"><span class='ocrx_word' id='word_1_385' title='bbox 409 3586 496 3650; x_wconf 88' lang='lat' dir='ltr'><strong>lis,</strong></span> <span class='ocrx_word' id='word_1_386' title='bbox 531 3601 706 3655; x_wconf 86' lang='lat' dir='ltr'><strong>eoque</strong></span> <span class='ocrx_word' id='word_1_387' title='bbox 737 3587 1023 3640; x_wconf 79' lang='lat' dir='ltr'><strong>confestim</strong></span> <span class='ocrx_word' id='word_1_388' title='bbox 1064 3587 1269 3654; x_wconf 87' lang='lat' dir='ltr'><strong>agnito,</strong></span> <span class='ocrx_word' id='word_1_389' title='bbox 1317 3591 1524 3637; x_wconf 89' lang='lat' dir='ltr'><strong>tantum</strong></span> <span class='ocrx_word' id='word_1_390' title='bbox 1559 3582 1816 3651; x_wconf 88' lang='lat' dir='ltr'><strong>gaudium</strong></span> <span class='ocrx_word' id='word_1_391' title='bbox 1841 3594 1974 3633; x_wconf 90' lang='lat' dir='ltr'><strong>con-</strong></span> 
     </span>
    </p>
   </div>
   <div class='ocr_carea' id='block_1_55' title="bbox 407 3668 1971 3742">
    <p class='ocr_par' dir='ltr' id='par_1_55' title="bbox 407 3668 1971 3742">
     <span class='ocr_line' id='line_1_55' title="bbox 407 3668 1971 3742; baseline -0.005 -14"><span class='ocrx_word' id='word_1_392' title='bbox 407 3675 586 3742; x_wconf 88' lang='lat' dir='ltr'><strong>cipere</strong></span> <span class='ocrx_word' id='word_1_393' title='bbox 607 3673 793 3727; x_wconf 90' lang='lat' dir='ltr'><strong>animo</strong></span> <span class='ocrx_word' id='word_1_394' title='bbox 812 3688 921 3726; x_wconf 87' lang='lat' dir='ltr'><strong>non</strong></span> <span class='ocrx_word' id='word_1_395' title='bbox 953 3673 1157 3737; x_wconf 89' lang='lat' dir='ltr'><strong>valens,</strong></span> <span class='ocrx_word' id='word_1_396' title='bbox 1187 3670 1424 3726; x_wconf 89' lang='lat' dir='ltr'><strong>concidit</strong></span> <span class='ocrx_word' id='word_1_397' title='bbox 1446 3669 1695 3724; x_wconf 88' lang='lat' dir='ltr'><strong>resolutis</strong></span> <span class='ocrx_word' id='word_1_398' title='bbox 1723 3668 1971 3731; x_wconf 87' lang='lat' dir='ltr'><strong>artubus,</strong></span> 
     </span>
    </p>
   </div>
   <div class='ocr_carea' id='block_1_56' title="bbox 408 3759 1970 3829">
    <p class='ocr_par' dir='ltr' id='par_1_56' title="bbox 408 3759 1970 3829">
     <span class='ocr_line' id='line_1_56' title="bbox 408 3759 1970 3829; baseline -0.004 -12"><span class='ocrx_word' id='word_1_399' title='bbox 408 3772 463 3817; x_wconf 91' lang='lat' dir='ltr'><strong>et</strong></span> <span class='ocrx_word' id='word_1_400' title='bbox 511 3762 783 3817; x_wconf 79' lang='lat' dir='ltr'><strong>exanimis</strong></span> <span class='ocrx_word' id='word_1_401' title='bbox 821 3762 1080 3827; x_wconf 86' lang='lat' dir='ltr'><strong>creditus,</strong></span> <span class='ocrx_word' id='word_1_402' title='bbox 1110 3775 1140 3815; x_wconf 91' lang='lat' dir='ltr'><strong>a</strong></span> <span class='ocrx_word' id='word_1_403' title='bbox 1169 3759 1281 3814; x_wconf 88' lang='lat' dir='ltr'><strong>ﬁlio</strong></span> <span class='ocrx_word' id='word_1_404' title='bbox 1308 3760 1647 3829; x_wconf 82' lang='lat' dir='ltr'><strong>amplexante</strong></span> <span class='ocrx_word' id='word_1_405' title='bbox 1676 3763 1970 3822; x_wconf 88' lang='lat' dir='ltr'><strong>recreatus,</strong></span> 
     </span>
    </p>
   </div>
   <div class='ocr_carea' id='block_1_57' title="bbox 406 3849 1971 3921">
    <p class='ocr_par' dir='ltr' id='par_1_57' title="bbox 406 3849 1971 3921">
     <span class='ocr_line' id='line_1_57' title="bbox 406 3849 1971 3921; baseline -0.004 -11"><span class='ocrx_word' id='word_1_406' title='bbox 406 3864 463 3910; x_wconf 92' lang='lat' dir='ltr'><strong>et</strong></span> <span class='ocrx_word' id='word_1_407' title='bbox 499 3863 731 3917; x_wconf 86' lang='lat' dir='ltr'><strong>erectus,</strong></span> <span class='ocrx_word' id='word_1_408' title='bbox 761 3854 851 3908; x_wconf 90' lang='lat' dir='ltr'><strong>diu</strong></span> <span class='ocrx_word' id='word_1_409' title='bbox 876 3868 1058 3909; x_wconf 89' lang='lat' dir='ltr'><strong>vocem</strong></span> <span class='ocrx_word' id='word_1_410' title='bbox 1089 3869 1195 3907; x_wconf 90' lang='lat' dir='ltr'><strong>non</strong></span> <span class='ocrx_word' id='word_1_411' title='bbox 1223 3851 1445 3918; x_wconf 87' lang='lat' dir='ltr'><strong>invenit,</strong></span> <span class='ocrx_word' id='word_1_412' title='bbox 1477 3859 1532 3906; x_wconf 89' lang='lat' dir='ltr'><strong>et</strong></span> <span class='ocrx_word' id='word_1_413' title='bbox 1556 3865 1655 3921; x_wconf 90' lang='lat' dir='ltr'><strong>pro</strong></span> <span class='ocrx_word' id='word_1_414' title='bbox 1680 3850 1859 3905; x_wconf 88' lang='lat' dir='ltr'><strong>verbis</strong></span> <span class='ocrx_word' id='word_1_415' title='bbox 1889 3849 1971 3904; x_wconf 84' lang='lat' dir='ltr'><strong>la—</strong></span> 
     </span>
    </p>
   </div>
   <div class='ocr_carea' id='block_1_58' title="bbox 406 3942 1970 4017">
    <p class='ocr_par' dir='ltr' id='par_1_58' title="bbox 406 3942 1970 4017">
     <span class='ocr_line' id='line_1_58' title="bbox 406 3942 1970 4017; baseline -0.003 -17"><span class='ocrx_word' id='word_1_416' title='bbox 406 3961 622 4016; x_wconf 81' lang='lat' dir='ltr'><strong>crymas</strong></span> <span class='ocrx_word' id='word_1_417' title='bbox 639 3947 987 4017; x_wconf 86' lang='lat' dir='ltr'><strong>loquebatur,</strong></span> <span class='ocrx_word' id='word_1_418' title='bbox 1019 3946 1233 4001; x_wconf 88' lang='lat' dir='ltr'><strong>tandem</strong></span> <span class='ocrx_word' id='word_1_419' title='bbox 1252 3944 1424 3999; x_wconf 86' lang='lat' dir='ltr'><strong>ﬁlium</strong></span> <span class='ocrx_word' id='word_1_420' title='bbox 1447 3943 1687 3999; x_wconf 85' lang='lat' dir='ltr'><strong>vicissim</strong></span> <span class='ocrx_word' id='word_1_421' title='bbox 1718 3942 1970 4013; x_wconf 77' lang='lat' dir='ltr'><strong>amplexu</strong></span> 
     </span>
    </p>
   </div>
   <div class='ocr_carea' id='block_1_59' title="bbox 406 4033 1972 4107">
    <p class='ocr_par' dir='ltr' id='par_1_59' title="bbox 406 4033 1972 4107">
     <span class='ocr_line' id='line_1_59' title="bbox 406 4033 1972 4107; baseline -0.002 -17"><span class='ocrx_word' id='word_1_422' title='bbox 406 4038 714 4092; x_wconf 82' lang='lat' dir='ltr'><strong>arctissimo</strong></span> <span class='ocrx_word' id='word_1_423' title='bbox 740 4037 1140 4107; x_wconf 85' lang='lat' dir='ltr'><strong>constringens,</strong></span> <span class='ocrx_word' id='word_1_424' title='bbox 1166 4035 1404 4106; x_wconf 81' lang='lat' dir='ltr'><strong>exquirit</strong></span> <span class='ocrx_word' id='word_1_425' title='bbox 1442 4034 1806 4090; x_wconf 86' lang='lat' dir='ltr'><strong>narrationem</strong></span> <span class='ocrx_word' id='word_1_426' title='bbox 1837 4033 1972 4087; x_wconf 86' lang='lat' dir='ltr'><strong>libe-</strong></span> 
     </span>
    </p>
   </div>
   <div class='ocr_carea' id='block_1_60' title="bbox 408 4127 1966 4198">
    <p class='ocr_par' dir='ltr' id='par_1_60' title="bbox 408 4127 1966 4198">
     <span class='ocr_line' id='line_1_60' title="bbox 408 4127 1966 4198; baseline -0.001 -19"><span class='ocrx_word' id='word_1_427' title='bbox 408 4127 635 4181; x_wconf 88' lang='lat' dir='ltr'><strong>rationis</strong></span> <span class='ocrx_word' id='word_1_428' title='bbox 659 4142 792 4193; x_wconf 75' lang='lat' dir='ltr'><strong>suae,</strong></span> <span class='ocrx_word' id='word_1_429' title='bbox 840 4135 1104 4198; x_wconf 84' lang='lat' dir='ltr'><strong>rogatque</strong></span> <span class='ocrx_word' id='word_1_430' title='bbox 1148 4127 1350 4196; x_wconf 90' lang='lat' dir='ltr'><strong>ipsum,</strong></span> <span class='ocrx_word' id='word_1_431' title='bbox 1383 4135 1442 4181; x_wconf 93' lang='lat' dir='ltr'><strong>ut</strong></span> <span class='ocrx_word' id='word_1_432' title='bbox 1472 4141 1593 4181; x_wconf 87' lang='lat' dir='ltr'><strong>eam</strong></span> <span class='ocrx_word' id='word_1_433' title='bbox 1631 4132 1966 4195; x_wconf 87' lang='lat' dir='ltr'><strong>percenseat.</strong></span> 
     </span>
    </p>
   </div>
   <div class='ocr_carea' id='block_1_61' title="bbox 476 4219 1970 4291">
    <p class='ocr_par' dir='ltr' id='par_1_61' title="bbox 476 4219 1970 4291">
     <span class='ocr_line' id='line_1_61' title="bbox 476 4219 1970 4291; baseline -0.002 -17"><span class='ocrx_word' id='word_1_434' title='bbox 476 4219 662 4275; x_wconf 86' lang='lat' dir='ltr'><strong>Paruit</strong></span> <span class='ocrx_word' id='word_1_435' title='bbox 686 4219 808 4276; x_wconf 88' lang='lat' dir='ltr'><strong>Nilo</strong></span> <span class='ocrx_word' id='word_1_436' title='bbox 839 4222 1172 4287; x_wconf 86' lang='lat' dir='ltr'><strong>Tbeodulus,</strong></span> <span class='ocrx_word' id='word_1_437' title='bbox 1212 4235 1549 4291; x_wconf 82' lang='lat' dir='ltr'><strong>casnumque</strong></span> <span class='ocrx_word' id='word_1_438' title='bbox 1588 4219 1785 4276; x_wconf 89' lang='lat' dir='ltr'><strong>seriem</strong></span> <span class='ocrx_word' id='word_1_439' title='bbox 1824 4219 1970 4272; x_wconf 87' lang='lat' dir='ltr'><strong>ordi-</strong></span> 
     </span>
    </p>
   </div>
   <div class='ocr_carea' id='block_1_62' title="bbox 2075 1760 3639 1835">
    <p class='ocr_par' dir='ltr' id='par_1_62' title="bbox 2075 1760 3639 1835">
     <span class='ocr_line' id='line_1_62' title="bbox 2075 1760 3639 1835; baseline -0.008 -12"><span class='ocrx_word' id='word_1_440' title='bbox 2075 1769 2322 1823; x_wconf 88' lang='lat' dir='ltr'><strong>ctinatim</strong></span> <span class='ocrx_word' id='word_1_441' title='bbox 2351 1775 2619 1822; x_wconf 81' lang='lat' dir='ltr'><strong>consertis</strong></span> <span class='ocrx_word' id='word_1_442' title='bbox 2659 1765 2864 1835; x_wconf 88' lang='lat' dir='ltr'><strong>digitis,</strong></span> <span class='ocrx_word' id='word_1_443' title='bbox 2899 1774 3030 1826; x_wconf 91' lang='lat' dir='ltr'><strong>etc.,</strong></span> <span class='ocrx_word' id='word_1_444' title='bbox 3067 1776 3293 1832; x_wconf 89' lang='lat' dir='ltr'><strong>meaque</strong></span> <span class='ocrx_word' id='word_1_445' title='bbox 3331 1760 3639 1830; x_wconf 80' lang='lat' dir='ltr'><strong>amplexum</strong></span> 
     </span>
    </p>
   </div>
   <div class='ocr_carea' id='block_1_63' title="bbox 2074 1849 3641 1923">
    <p class='ocr_par' dir='ltr' id='par_1_63' title="bbox 2074 1849 3641 1923">
     <span class='ocr_line' id='line_1_63' title="bbox 2074 1849 3641 1923; baseline -0.007 -11"><span class='ocrx_word' id='word_1_446' title='bbox 2074 1873 2270 1923; x_wconf 76' lang='lat' dir='ltr'><strong>genua,</strong></span> <span class='ocrx_word' id='word_1_447' title='bbox 2292 1868 2343 1912; x_wconf 89' lang='lat' dir='ltr'><strong>et</strong></span> <span class='ocrx_word' id='word_1_448' title='bbox 2376 1857 2721 1910; x_wconf 84' lang='lat' dir='ltr'><strong>manantibus</strong></span> <span class='ocrx_word' id='word_1_449' title='bbox 2764 1854 2991 1909; x_wconf 90' lang='lat' dir='ltr'><strong>ubertim</strong></span> <span class='ocrx_word' id='word_1_450' title='bbox 3037 1852 3294 1922; x_wconf 81' lang='lat' dir='ltr'><strong>lacrymis</strong></span> <span class='ocrx_word' id='word_1_451' title='bbox 3336 1851 3493 1906; x_wconf 85' lang='lat' dir='ltr'><strong>sinus</strong></span> <span class='ocrx_word' id='word_1_452' title='bbox 3538 1849 3641 1902; x_wconf 89' lang='lat' dir='ltr'><strong>im-</strong></span> 
     </span>
    </p>
   </div>
   <div class='ocr_carea' id='block_1_64' title="bbox 2073 1942 3640 2018">
    <p class='ocr_par' dir='ltr' id='par_1_64' title="bbox 2073 1942 3640 2018">
     <span class='ocr_line' id='line_1_64' title="bbox 2073 1942 3640 2018; baseline -0.005 -16"><span class='ocrx_word' id='word_1_453' title='bbox 2073 1950 2330 2018; x_wconf 89' lang='lat' dir='ltr'><strong>plentem,</strong></span> <span class='ocrx_word' id='word_1_454' title='bbox 2381 1948 2786 2018; x_wconf 87' lang='lat' dir='ltr'><strong>interrogarunt</strong></span> <span class='ocrx_word' id='word_1_455' title='bbox 2816 1946 2883 2000; x_wconf 89' lang='lat' dir='ltr'><strong>de</strong></span> <span class='ocrx_word' id='word_1_456' title='bbox 2924 1960 3082 2001; x_wconf 84' lang='lat' dir='ltr'><strong>servo</strong></span> <span class='ocrx_word' id='word_1_457' title='bbox 3113 1944 3224 2007; x_wconf 92' lang='lat' dir='ltr'><strong>illo,</strong></span> <span class='ocrx_word' id='word_1_458' title='bbox 3254 1958 3413 2014; x_wconf 90' lang='lat' dir='ltr'><strong>quem</strong></span> <span class='ocrx_word' id='word_1_459' title='bbox 3442 1942 3640 1996; x_wconf 79' lang='lat' dir='ltr'><strong>frustra</strong></span> 
     </span>
    </p>
   </div>
   <div class='ocr_carea' id='block_1_65' title="bbox 2074 2036 3641 2106">
    <p class='ocr_par' dir='ltr' id='par_1_65' title="bbox 2074 2036 3641 2106">
     <span class='ocr_line' id='line_1_65' title="bbox 2074 2036 3641 2106; baseline -0.004 -14"><span class='ocrx_word' id='word_1_460' title='bbox 2074 2040 2472 2106; x_wconf 89' lang='lat' dir='ltr'><strong>requisierant;</strong></span> <span class='ocrx_word' id='word_1_461' title='bbox 2510 2038 2602 2093; x_wconf 89' lang='lat' dir='ltr'><strong>sed</strong></span> <span class='ocrx_word' id='word_1_462' title='bbox 2636 2053 2759 2091; x_wconf 92' lang='lat' dir='ltr'><strong>cum</strong></span> <span class='ocrx_word' id='word_1_463' title='bbox 2797 2052 2884 2092; x_wconf 91' lang='lat' dir='ltr'><strong>me</strong></span> <span class='ocrx_word' id='word_1_464' title='bbox 2920 2036 3053 2106; x_wconf 88' lang='lat' dir='ltr'><strong>ipsis</strong></span> <span class='ocrx_word' id='word_1_465' title='bbox 3084 2036 3380 2090; x_wconf 64' lang='lat' dir='ltr'><strong>adhaesisse</strong></span> <span class='ocrx_word' id='word_1_466' title='bbox 3412 2049 3641 2102; x_wconf 89' lang='lat' dir='ltr'><strong>respon-</strong></span> 
     </span>
    </p>
   </div>
   <div class='ocr_carea' id='block_1_66' title="bbox 2072 2127 3642 2200">
    <p class='ocr_par' dir='ltr' id='par_1_66' title="bbox 2072 2127 3642 2200">
     <span class='ocr_line' id='line_1_66' title="bbox 2072 2127 3642 2200; baseline -0.003 -17"><span class='ocrx_word' id='word_1_467' title='bbox 2072 2130 2295 2194; x_wconf 83' lang='lat' dir='ltr'><strong>dissem,</strong></span> <span class='ocrx_word' id='word_1_468' title='bbox 2330 2146 2431 2184; x_wconf 87' lang='lat' dir='ltr'><strong>nec</strong></span> <span class='ocrx_word' id='word_1_469' title='bbox 2454 2144 2563 2200; x_wconf 90' lang='lat' dir='ltr'><strong>quo</strong></span> <span class='ocrx_word' id='word_1_470' title='bbox 2593 2131 2921 2198; x_wconf 77' lang='lat' dir='ltr'><strong>perrexisset</strong></span> <span class='ocrx_word' id='word_1_471' title='bbox 2955 2130 3096 2183; x_wconf 88' lang='lat' dir='ltr'><strong>scire</strong></span> <span class='ocrx_word' id='word_1_472' title='bbox 3131 2128 3242 2180; x_wconf 91' lang='lat' dir='ltr'><strong>ullo</strong></span> <span class='ocrx_word' id='word_1_473' title='bbox 3271 2127 3432 2180; x_wconf 91' lang='lat' dir='ltr'><strong>modo</strong></span> <span class='ocrx_word' id='word_1_474' title='bbox 3478 2141 3642 2179; x_wconf 90' lang='lat' dir='ltr'><strong>nove-</strong></span> 
     </span>
    </p>
   </div>
   <div class='ocr_carea' id='block_1_67' title="bbox 2072 2216 3643 2287">
    <p class='ocr_par' dir='ltr' id='par_1_67' title="bbox 2072 2216 3643 2287">
     <span class='ocr_line' id='line_1_67' title="bbox 2072 2216 3643 2287; baseline 0 -16"><span class='ocrx_word' id='word_1_475' title='bbox 2072 2227 2219 2283; x_wconf 86' lang='lat' dir='ltr'><strong>runt,</strong></span> <span class='ocrx_word' id='word_1_476' title='bbox 2254 2228 2534 2287; x_wconf 88' lang='lat' dir='ltr'><strong>parcentes</strong></span> <span class='ocrx_word' id='word_1_477' title='bbox 2560 2220 2797 2287; x_wconf 89' lang='lat' dir='ltr'><strong>corpori,</strong></span> <span class='ocrx_word' id='word_1_478' title='bbox 2832 2220 3105 2287; x_wconf 89' lang='lat' dir='ltr'><strong>vitamque</strong></span> <span class='ocrx_word' id='word_1_479' title='bbox 3130 2216 3469 2286; x_wconf 84' lang='lat' dir='ltr'><strong>indulgentes</strong></span> <span class='ocrx_word' id='word_1_480' title='bbox 3504 2217 3643 2271; x_wconf 88' lang='lat' dir='ltr'><strong>hanc</strong></span> 
     </span>
    </p>
   </div>
   <div class='ocr_carea' id='block_1_68' title="bbox 2072 2308 3639 2374">
    <p class='ocr_par' dir='ltr' id='par_1_68' title="bbox 2072 2308 3639 2374">
     <span class='ocr_line' id='line_1_68' title="bbox 2072 2308 3639 2374; baseline -0.001 -12"><span class='ocrx_word' id='word_1_481' title='bbox 2072 2308 2274 2362; x_wconf 82' lang='lat' dir='ltr'><strong>ﬁuxam</strong></span> <span class='ocrx_word' id='word_1_482' title='bbox 2329 2317 2384 2363; x_wconf 91' lang='lat' dir='ltr'><strong>et</strong></span> <span class='ocrx_word' id='word_1_483' title='bbox 2417 2309 2699 2374; x_wconf 88' lang='lat' dir='ltr'><strong>caducam,</strong></span> <span class='ocrx_word' id='word_1_484' title='bbox 2734 2310 2972 2363; x_wconf 89' lang='lat' dir='ltr'><strong>animam</strong></span> <span class='ocrx_word' id='word_1_485' title='bbox 3000 2309 3179 2363; x_wconf 91' lang='lat' dir='ltr'><strong>conati</strong></span> <span class='ocrx_word' id='word_1_486' title='bbox 3210 2315 3339 2362; x_wconf 89' lang='lat' dir='ltr'><strong>sunt</strong></span> <span class='ocrx_word' id='word_1_487' title='bbox 3372 2308 3639 2371; x_wconf 85' lang='lat' dir='ltr'><strong>occidere,</strong></span> 
     </span>
    </p>
   </div>
   <div class='ocr_carea' id='block_1_69' title="bbox 2079 2398 3641 2470">
    <p class='ocr_par' dir='ltr' id='par_1_69' title="bbox 2079 2398 3641 2470">
     <span class='ocr_line' id='line_1_69' title="bbox 2079 2398 3641 2470; baseline 0 -18"><span class='ocrx_word' id='word_1_488' title='bbox 2079 2414 2143 2454; x_wconf 89' lang='lat' dir='ltr'><strong>ac</strong></span> <span class='ocrx_word' id='word_1_489' title='bbox 2176 2409 2433 2454; x_wconf 81' lang='lat' dir='ltr'><strong>aeternam</strong></span> <span class='ocrx_word' id='word_1_490' title='bbox 2461 2416 2653 2470; x_wconf 89' lang='lat' dir='ltr'><strong>rapere</strong></span> <span class='ocrx_word' id='word_1_491' title='bbox 2683 2401 3163 2455; x_wconf 88' lang='lat' dir='ltr'><strong>immortalitatem.</strong></span> <span class='ocrx_word' id='word_1_492' title='bbox 3209 2398 3501 2455; x_wconf 68' lang='lat' dir='ltr'><strong>Iusserunt</strong></span> <span class='ocrx_word' id='word_1_493' title='bbox 3534 2400 3641 2454; x_wconf 81' lang='lat' dir='ltr'><strong>ita-</strong></span> 
     </span>
    </p>
   </div>
   <div class='ocr_carea' id='block_1_70' title="bbox 2078 2492 3691 2563">
    <p class='ocr_par' dir='ltr' id='par_1_70' title="bbox 2078 2492 3691 2563">
     <span class='ocr_line' id='line_1_70' title="bbox 2078 2492 3691 2563; baseline 0.001 -19"><span class='ocrx_word' id='word_1_494' title='bbox 2078 2505 2186 2559; x_wconf 91' lang='lat' dir='ltr'><strong>que</strong></span> <span class='ocrx_word' id='word_1_495' title='bbox 2209 2506 2294 2545; x_wconf 92' lang='lat' dir='ltr'><strong>me</strong></span> <span class='ocrx_word' id='word_1_496' title='bbox 2327 2495 2705 2563; x_wconf 80' lang='grc' dir='ltr'>μιαροφαγείν,</span> <span class='ocrx_word' id='word_1_497' title='bbox 2749 2494 2800 2547; x_wconf 90' lang='lat' dir='ltr'><strong>id</strong></span> <span class='ocrx_word' id='word_1_498' title='bbox 2833 2505 2937 2560; x_wconf 91' lang='lat' dir='ltr'><strong>est,</strong></span> <span class='ocrx_word' id='word_1_499' title='bbox 2968 2492 3354 2548; x_wconf 91' lang='lat' dir='ltr'><strong>contaminatis</strong></span> <span class='ocrx_word' id='word_1_500' title='bbox 3383 2493 3520 2547; x_wconf 91' lang='lat' dir='ltr'><strong>cibis</strong></span> <span class='ocrx_word' id='word_1_501' title='bbox 3547 2507 3644 2547; x_wconf 88' lang='lat' dir='ltr'><strong>ve-</strong></span> <span class='ocrx_word' id='word_1_502' title='bbox 3684 2550 3691 2555; x_wconf 49' lang='grc'>,</span> 
     </span>
    </p>
   </div>
   <div class='ocr_carea' id='block_1_71' title="bbox 2075 2584 3642 2652">
    <p class='ocr_par' dir='ltr' id='par_1_71' title="bbox 2075 2584 3642 2652">
     <span class='ocr_line' id='line_1_71' title="bbox 2075 2584 3642 2652; baseline -0.001 -14"><span class='ocrx_word' id='word_1_503' title='bbox 2075 2584 2175 2647; x_wconf 89' lang='lat' dir='ltr'><strong>sci,</strong></span> <span class='ocrx_word' id='word_1_504' title='bbox 2209 2593 2263 2637; x_wconf 91' lang='lat' dir='ltr'><strong>et</strong></span> <span class='ocrx_word' id='word_1_505' title='bbox 2296 2584 2615 2640; x_wconf 87' lang='lat' dir='ltr'><strong>mulieribus</strong></span> <span class='ocrx_word' id='word_1_506' title='bbox 2643 2586 2950 2652; x_wconf 89' lang='lat' dir='ltr'><strong>colludere;</strong></span> <span class='ocrx_word' id='word_1_507' title='bbox 2984 2587 3078 2641; x_wconf 91' lang='lat' dir='ltr'><strong>sed</strong></span> <span class='ocrx_word' id='word_1_508' title='bbox 3112 2584 3207 2640; x_wconf 82' lang='lat' dir='ltr'><strong>Dei</strong></span> <span class='ocrx_word' id='word_1_509' title='bbox 3236 2587 3406 2641; x_wconf 80' lang='lat' dir='ltr'><strong>fultus</strong></span> <span class='ocrx_word' id='word_1_510' title='bbox 3437 2586 3642 2638; x_wconf 80' lang='lat' dir='ltr'><strong>auxilio</strong></span> 
     </span>
    </p>
   </div>
   <div class='ocr_carea' id='block_1_72' title="bbox 2073 2675 3643 2748">
    <p class='ocr_par' dir='ltr' id='par_1_72' title="bbox 2073 2675 3643 2748">
     <span class='ocr_line' id='line_1_72' title="bbox 2073 2675 3643 2748; baseline -0.001 -18"><span class='ocrx_word' id='word_1_511' title='bbox 2073 2675 2396 2740; x_wconf 79' lang='lat' dir='ltr'><strong>contradisi,</strong></span> <span class='ocrx_word' id='word_1_512' title='bbox 2429 2690 2532 2731; x_wconf 92' lang='lat' dir='ltr'><strong>nec</strong></span> <span class='ocrx_word' id='word_1_513' title='bbox 2558 2677 2795 2732; x_wconf 90' lang='lat' dir='ltr'><strong>obedivi.</strong></span> <span class='ocrx_word' id='word_1_514' title='bbox 2824 2676 3149 2732; x_wconf 88' lang='lat' dir='ltr'><strong>Perventum</strong></span> <span class='ocrx_word' id='word_1_515' title='bbox 3179 2678 3415 2748; x_wconf 87' lang='lat' dir='ltr'><strong>denique</strong></span> <span class='ocrx_word' id='word_1_516' title='bbox 3440 2678 3507 2731; x_wconf 93' lang='lat' dir='ltr'><strong>ad</strong></span> <span class='ocrx_word' id='word_1_517' title='bbox 3525 2678 3643 2730; x_wconf 91' lang='lat' dir='ltr'><strong>cul-</strong></span> 
     </span>
    </p>
   </div>
   <div class='ocr_carea' id='block_1_73' title="bbox 2074 2767 3639 2837">
    <p class='ocr_par' dir='ltr' id='par_1_73' title="bbox 2074 2767 3639 2837">
     <span class='ocr_line' id='line_1_73' title="bbox 2074 2767 3639 2837; baseline 0 -16"><span class='ocrx_word' id='word_1_518' title='bbox 2074 2777 2186 2821; x_wconf 87' lang='lat' dir='ltr'><strong>tam</strong></span> <span class='ocrx_word' id='word_1_519' title='bbox 2217 2767 2515 2837; x_wconf 87' lang='lat' dir='ltr'><strong>regionem,</strong></span> <span class='ocrx_word' id='word_1_520' title='bbox 2550 2782 2618 2824; x_wconf 81' lang='lat' dir='ltr'><strong>ex</strong></span> <span class='ocrx_word' id='word_1_521' title='bbox 2664 2767 2754 2822; x_wconf 88' lang='lat' dir='ltr'><strong>illa</strong></span> <span class='ocrx_word' id='word_1_522' title='bbox 2788 2768 3081 2823; x_wconf 89' lang='lat' dir='ltr'><strong>solitudine</strong></span> <span class='ocrx_word' id='word_1_523' title='bbox 3110 2778 3217 2823; x_wconf 90' lang='lat' dir='ltr'><strong>tam</strong></span> <span class='ocrx_word' id='word_1_524' title='bbox 3254 2769 3445 2833; x_wconf 84' lang='lat' dir='ltr'><strong>sterili,</strong></span> <span class='ocrx_word' id='word_1_525' title='bbox 3489 2776 3542 2822; x_wconf 90' lang='lat' dir='ltr'><strong>et</strong></span> <span class='ocrx_word' id='word_1_526' title='bbox 3574 2769 3639 2821; x_wconf 92' lang='lat' dir='ltr'><strong>ad</strong></span> 
     </span>
    </p>
   </div>
   <div class='ocr_carea' id='block_1_74' title="bbox 2074 2857 3636 2930">
    <p class='ocr_par' dir='ltr' id='par_1_74' title="bbox 2074 2857 3636 2930">
     <span class='ocr_line' id='line_1_74' title="bbox 2074 2857 3636 2930; baseline 0.001 -18"><span class='ocrx_word' id='word_1_527' title='bbox 2074 2857 2273 2914; x_wconf 88' lang='lat' dir='ltr'><strong>Sueam</strong></span> <span class='ocrx_word' id='word_1_528' title='bbox 2306 2860 2485 2915; x_wconf 89' lang='lat' dir='ltr'><strong>vicum</strong></span> <span class='ocrx_word' id='word_1_529' title='bbox 2517 2868 2825 2916; x_wconf 91' lang='lat' dir='ltr'><strong>statuerunt</strong></span> <span class='ocrx_word' id='word_1_530' title='bbox 2852 2875 2938 2915; x_wconf 90' lang='lat' dir='ltr'><strong>me</strong></span> <span class='ocrx_word' id='word_1_531' title='bbox 2964 2860 3169 2915; x_wconf 91' lang='lat' dir='ltr'><strong>nudum</strong></span> <span class='ocrx_word' id='word_1_532' title='bbox 3205 2875 3373 2930; x_wconf 87' lang='lat' dir='ltr'><strong>prope</strong></span> <span class='ocrx_word' id='word_1_533' title='bbox 3405 2869 3636 2930; x_wconf 90' lang='lat' dir='ltr'><strong>portam,</strong></span> 
     </span>
    </p>
   </div>
   <div class='ocr_carea' id='block_1_75' title="bbox 2076 2948 3643 3022">
    <p class='ocr_par' dir='ltr' id='par_1_75' title="bbox 2076 2948 3643 3022">
     <span class='ocr_line' id='line_1_75' title="bbox 2076 2948 3643 3022; baseline 0.003 -20"><span class='ocrx_word' id='word_1_534' title='bbox 2076 2948 2324 3005; x_wconf 87' lang='lat' dir='ltr'><strong>venalem</strong></span> <span class='ocrx_word' id='word_1_535' title='bbox 2373 2949 2567 3005; x_wconf 90' lang='lat' dir='ltr'><strong>incolis</strong></span> <span class='ocrx_word' id='word_1_536' title='bbox 2602 2962 3035 3021; x_wconf 86' lang='lat' dir='ltr'><strong>proposuerunt,</strong></span> <span class='ocrx_word' id='word_1_537' title='bbox 3067 2968 3097 3007; x_wconf 87' lang='lat' dir='ltr'><strong>a</strong></span> <span class='ocrx_word' id='word_1_538' title='bbox 3133 2954 3332 3022; x_wconf 88' lang='lat' dir='ltr'><strong>quibus</strong></span> <span class='ocrx_word' id='word_1_539' title='bbox 3375 2967 3498 3007; x_wconf 89' lang='lat' dir='ltr'><strong>cum</strong></span> <span class='ocrx_word' id='word_1_540' title='bbox 3533 2952 3643 3007; x_wconf 82' lang='lat' dir='ltr'><strong>duo</strong></span> 
     </span>
    </p>
   </div>
   <div class='ocr_carea' id='block_1_76' title="bbox 2079 3042 3636 3117">
    <p class='ocr_par' dir='ltr' id='par_1_76' title="bbox 2079 3042 3636 3117">
     <span class='ocr_line' id='line_1_76' title="bbox 2079 3042 3636 3117; baseline 0.002 -22"><span class='ocrx_word' id='word_1_541' title='bbox 2079 3049 2287 3095; x_wconf 86' lang='lat' dir='ltr'><strong>tantum</strong></span> <span class='ocrx_word' id='word_1_542' title='bbox 2318 3042 2468 3097; x_wconf 88' lang='lat' dir='ltr'><strong>aurei</strong></span> <span class='ocrx_word' id='word_1_543' title='bbox 2490 3042 2834 3099; x_wconf 81' lang='lat' dir='ltr'><strong>oﬁ&#39;errentur</strong></span> <span class='ocrx_word' id='word_1_544' title='bbox 2876 3060 2977 3114; x_wconf 92' lang='lat' dir='ltr'><strong>pro</strong></span> <span class='ocrx_word' id='word_1_545' title='bbox 3007 3045 3198 3115; x_wconf 88' lang='lat' dir='ltr'><strong>pretio,</strong></span> <span class='ocrx_word' id='word_1_546' title='bbox 3225 3045 3636 3117; x_wconf 88' lang='lat' dir='ltr'><strong>indignabundi,</strong></span> 
     </span>
    </p>
   </div>
   <div class='ocr_carea' id='block_1_77' title="bbox 2077 3130 3639 3209">
    <p class='ocr_par' dir='ltr' id='par_1_77' title="bbox 2077 3130 3639 3209">
     <span class='ocr_line' id='line_1_77' title="bbox 2077 3130 3639 3209; baseline 0.003 -23"><span class='ocrx_word' id='word_1_547' title='bbox 2077 3130 2325 3186; x_wconf 88' lang='lat' dir='ltr'><strong>strictum</strong></span> <span class='ocrx_word' id='word_1_548' title='bbox 2354 3133 2589 3202; x_wconf 88' lang='lat' dir='ltr'><strong>gladium</strong></span> <span class='ocrx_word' id='word_1_549' title='bbox 2640 3135 2932 3193; x_wconf 89' lang='lat' dir='ltr'><strong>identidem</strong></span> <span class='ocrx_word' id='word_1_550' title='bbox 2964 3136 3153 3209; x_wconf 84' lang='lat' dir='ltr'><strong>jugulo</strong></span> <span class='ocrx_word' id='word_1_551' title='bbox 3185 3151 3307 3192; x_wconf 89' lang='lat' dir='ltr'><strong>meo</strong></span> <span class='ocrx_word' id='word_1_552' title='bbox 3346 3138 3639 3192; x_wconf 87' lang='lat' dir='ltr'><strong>admoven—</strong></span> 
     </span>
    </p>
   </div>
   <div class='ocr_carea' id='block_1_78' title="bbox 2075 3228 3640 3299">
    <p class='ocr_par' dir='ltr' id='par_1_78' title="bbox 2075 3228 3640 3299">
     <span class='ocr_line' id='line_1_78' title="bbox 2075 3228 3640 3299; baseline 0.006 -25"><span class='ocrx_word' id='word_1_553' title='bbox 2075 3230 2178 3287; x_wconf 92' lang='lat' dir='ltr'><strong>tes,</strong></span> <span class='ocrx_word' id='word_1_554' title='bbox 2206 3234 2478 3294; x_wconf 87' lang='lat' dir='ltr'><strong>caputque</strong></span> <span class='ocrx_word' id='word_1_555' title='bbox 2503 3228 2855 3295; x_wconf 89' lang='lat' dir='ltr'><strong>amputaturi,</strong></span> <span class='ocrx_word' id='word_1_556' title='bbox 2887 3228 2992 3283; x_wconf 91' lang='lat' dir='ltr'><strong>nisi</strong></span> <span class='ocrx_word' id='word_1_557' title='bbox 3023 3229 3147 3298; x_wconf 90' lang='lat' dir='ltr'><strong>quis</strong></span> <span class='ocrx_word' id='word_1_558' title='bbox 3179 3244 3265 3283; x_wconf 89' lang='lat' dir='ltr'><strong>me</strong></span> <span class='ocrx_word' id='word_1_559' title='bbox 3295 3229 3464 3299; x_wconf 87' lang='lat' dir='ltr'><strong>pluris</strong></span> <span class='ocrx_word' id='word_1_560' title='bbox 3499 3245 3640 3283; x_wconf 83' lang='lat' dir='ltr'><strong>mer-</strong></span> 
     </span>
    </p>
   </div>
   <div class='ocr_carea' id='block_1_79' title="bbox 2074 3312 3640 3388">
    <p class='ocr_par' dir='ltr' id='par_1_79' title="bbox 2074 3312 3640 3388">
     <span class='ocr_line' id='line_1_79' title="bbox 2074 3312 3640 3388; baseline 0.008 -26"><span class='ocrx_word' id='word_1_561' title='bbox 2074 3318 2325 3377; x_wconf 88' lang='lat' dir='ltr'><strong>caretur;</strong></span> <span class='ocrx_word' id='word_1_562' title='bbox 2362 3312 2475 3382; x_wconf 88' lang='lat' dir='ltr'><strong>ipse</strong></span> <span class='ocrx_word' id='word_1_563' title='bbox 2520 3312 2653 3370; x_wconf 89' lang='lat' dir='ltr'><strong>ﬁens</strong></span> <span class='ocrx_word' id='word_1_564' title='bbox 2702 3316 2923 3370; x_wconf 88' lang='lat' dir='ltr'><strong>orabam</strong></span> <span class='ocrx_word' id='word_1_565' title='bbox 2974 3327 3335 3381; x_wconf 88' lang='lat' dir='ltr'><strong>mercatores,</strong></span> <span class='ocrx_word' id='word_1_566' title='bbox 3372 3334 3403 3374; x_wconf 89' lang='lat' dir='ltr'><strong>e</strong></span> <span class='ocrx_word' id='word_1_567' title='bbox 3440 3320 3640 3388; x_wconf 90' lang='lat' dir='ltr'><strong>quibus</strong></span> 
     </span>
    </p>
   </div>
   <div class='ocr_carea' id='block_1_80' title="bbox 2074 3399 3641 3473">
    <p class='ocr_par' dir='ltr' id='par_1_80' title="bbox 2074 3399 3641 3473">
     <span class='ocr_line' id='line_1_80' title="bbox 2074 3399 3641 3473; baseline 0.006 -22"><span class='ocrx_word' id='word_1_568' title='bbox 2074 3399 2271 3467; x_wconf 88' lang='lat' dir='ltr'><strong>aliquis</strong></span> <span class='ocrx_word' id='word_1_569' title='bbox 2311 3402 2586 3466; x_wconf 86' lang='lat' dir='ltr'><strong>misertus,</strong></span> <span class='ocrx_word' id='word_1_570' title='bbox 2643 3403 2728 3457; x_wconf 80' lang='lat' dir='ltr'><strong>vix</strong></span> <span class='ocrx_word' id='word_1_571' title='bbox 2759 3419 2846 3458; x_wconf 89' lang='lat' dir='ltr'><strong>me</strong></span> <span class='ocrx_word' id='word_1_572' title='bbox 2872 3404 3135 3461; x_wconf 87' lang='lat' dir='ltr'><strong>addicens</strong></span> <span class='ocrx_word' id='word_1_573' title='bbox 3172 3408 3418 3473; x_wconf 89' lang='lat' dir='ltr'><strong>redemit,</strong></span> <span class='ocrx_word' id='word_1_574' title='bbox 3450 3411 3517 3463; x_wconf 89' lang='lat' dir='ltr'><strong>ab</strong></span> <span class='ocrx_word' id='word_1_575' title='bbox 3546 3424 3641 3464; x_wconf 79' lang='lat' dir='ltr'><strong>eo-</strong></span> 
     </span>
    </p>
   </div>
   <div class='ocr_carea' id='block_1_81' title="bbox 2073 3491 3637 3565">
    <p class='ocr_par' dir='ltr' id='par_1_81' title="bbox 2073 3491 3637 3565">
     <span class='ocr_line' id='line_1_81' title="bbox 2073 3491 3637 3565; baseline 0.007 -22"><span class='ocrx_word' id='word_1_576' title='bbox 2073 3505 2180 3557; x_wconf 89' lang='lat' dir='ltr'><strong>que</strong></span> <span class='ocrx_word' id='word_1_577' title='bbox 2209 3504 2335 3543; x_wconf 78' lang='lat' dir='ltr'><strong>mox</strong></span> <span class='ocrx_word' id='word_1_578' title='bbox 2364 3491 2546 3555; x_wconf 91' lang='lat' dir='ltr'><strong>isthic,</strong></span> <span class='ocrx_word' id='word_1_579' title='bbox 2573 3492 2753 3548; x_wconf 71' lang='lat' dir='ltr'><strong>Elusa:</strong></span> <span class='ocrx_word' id='word_1_580' title='bbox 2785 3498 3072 3565; x_wconf 89' lang='lat' dir='ltr'><strong>nempe,in</strong></span> <span class='ocrx_word' id='word_1_581' title='bbox 3107 3499 3209 3552; x_wconf 89' lang='lat' dir='ltr'><strong>alia</strong></span> <span class='ocrx_word' id='word_1_582' title='bbox 3247 3502 3432 3554; x_wconf 89' lang='lat' dir='ltr'><strong>mundi</strong></span> <span class='ocrx_word' id='word_1_583' title='bbox 3464 3501 3637 3556; x_wconf 89' lang='lat' dir='ltr'><strong>natio-</strong></span> 
     </span>
    </p>
   </div>
   <div class='ocr_carea' id='block_1_82' title="bbox 2074 3576 3638 3654">
    <p class='ocr_par' dir='ltr' id='par_1_82' title="bbox 2074 3576 3638 3654">
     <span class='ocr_line' id='line_1_82' title="bbox 2074 3576 3638 3654; baseline 0.01 -26"><span class='ocrx_word' id='word_1_584' title='bbox 2074 3591 2144 3629; x_wconf 87' lang='lat' dir='ltr'><strong>ne</strong></span> <span class='ocrx_word' id='word_1_585' title='bbox 2172 3576 2469 3632; x_wconf 89' lang='lat' dir='ltr'><strong>distractus</strong></span> <span class='ocrx_word' id='word_1_586' title='bbox 2498 3578 2599 3632; x_wconf 81' lang='lat' dir='ltr'><strong>fui.</strong></span> <span class='ocrx_word' id='word_1_587' title='bbox 2642 3580 2767 3635; x_wconf 65' lang='lat' dir='ltr'><strong>Haec</strong></span> <span class='ocrx_word' id='word_1_588' title='bbox 2795 3583 3024 3638; x_wconf 86' lang='lat' dir='ltr'><strong>audiens</strong></span> <span class='ocrx_word' id='word_1_589' title='bbox 3054 3595 3208 3654; x_wconf 89' lang='lat' dir='ltr'><strong>pater</strong></span> <span class='ocrx_word' id='word_1_590' title='bbox 3237 3587 3426 3642; x_wconf 88' lang='lat' dir='ltr'><strong>dolore</strong></span> <span class='ocrx_word' id='word_1_591' title='bbox 3459 3591 3638 3643; x_wconf 81' lang='lat' dir='ltr'><strong>disse-</strong></span> 
     </span>
    </p>
   </div>
   <div class='ocr_carea' id='block_1_83' title="bbox 2074 3667 3638 3749">
    <p class='ocr_par' dir='ltr' id='par_1_83' title="bbox 2074 3667 3638 3749">
     <span class='ocr_line' id='line_1_83' title="bbox 2074 3667 3638 3749; baseline 0.011 -30"><span class='ocrx_word' id='word_1_592' title='bbox 2074 3667 2329 3733; x_wconf 88' lang='lat' dir='ltr'><strong>cabatur;</strong></span> <span class='ocrx_word' id='word_1_593' title='bbox 2364 3668 2569 3725; x_wconf 89' lang='lat' dir='ltr'><strong>idcirco</strong></span> <span class='ocrx_word' id='word_1_594' title='bbox 2596 3686 2663 3726; x_wconf 89' lang='lat' dir='ltr'><strong>ne</strong></span> <span class='ocrx_word' id='word_1_595' title='bbox 2687 3673 2945 3744; x_wconf 88' lang='lat' dir='ltr'><strong>gaudium</strong></span> <span class='ocrx_word' id='word_1_596' title='bbox 2972 3676 3093 3745; x_wconf 91' lang='lat' dir='ltr'><strong>ejus</strong></span> <span class='ocrx_word' id='word_1_597' title='bbox 3123 3688 3514 3749; x_wconf 87' lang='lat' dir='ltr'><strong>corrumperet,</strong></span> <span class='ocrx_word' id='word_1_598' title='bbox 3537 3682 3638 3735; x_wconf 82' lang='lat' dir='ltr'><strong>ob-</strong></span> 
     </span>
    </p>
   </div>
   <div class='ocr_carea' id='block_1_84' title="bbox 2074 3759 3641 3835">
    <p class='ocr_par' dir='ltr' id='par_1_84' title="bbox 2074 3759 3641 3835">
     <span class='ocr_line' id='line_1_84' title="bbox 2074 3759 3641 3835; baseline 0.011 -24"><span class='ocrx_word' id='word_1_599' title='bbox 2074 3759 2427 3830; x_wconf 85' lang='lat' dir='ltr'><strong>turbaretque</strong></span> <span class='ocrx_word' id='word_1_600' title='bbox 2454 3777 2642 3818; x_wconf 85' lang='lat' dir='ltr'><strong>rursus</strong></span> <span class='ocrx_word' id='word_1_601' title='bbox 2688 3771 2974 3833; x_wconf 88' lang='lat' dir='ltr'><strong>paternum</strong></span> <span class='ocrx_word' id='word_1_602' title='bbox 3005 3769 3271 3835; x_wconf 90' lang='lat' dir='ltr'><strong>animum,</strong></span> <span class='ocrx_word' id='word_1_603' title='bbox 3326 3769 3641 3829; x_wconf 83' lang='lat' dir='ltr'><strong>Tbeodulus</strong></span> 
     </span>
    </p>
   </div>
   <div class='ocr_carea' id='block_1_85' title="bbox 2074 3851 3638 3934">
    <p class='ocr_par' dir='ltr' id='par_1_85' title="bbox 2074 3851 3638 3934">
     <span class='ocr_line' id='line_1_85' title="bbox 2074 3851 3638 3934; baseline 0.01 -31"><span class='ocrx_word' id='word_1_604' title='bbox 2074 3851 2236 3905; x_wconf 82' lang='lat' dir='ltr'><strong>tinem</strong></span> <span class='ocrx_word' id='word_1_605' title='bbox 2269 3852 2481 3907; x_wconf 91' lang='lat' dir='ltr'><strong>dicendi</strong></span> <span class='ocrx_word' id='word_1_606' title='bbox 2512 3853 2657 3919; x_wconf 81' lang='lat' dir='ltr'><strong>fecit,</strong></span> <span class='ocrx_word' id='word_1_607' title='bbox 2701 3864 3017 3928; x_wconf 88' lang='lat' dir='ltr'><strong>patremque</strong></span> <span class='ocrx_word' id='word_1_608' title='bbox 3053 3864 3390 3917; x_wconf 86' lang='lat' dir='ltr'><strong>commonuit</strong></span> <span class='ocrx_word' id='word_1_609' title='bbox 3435 3874 3494 3918; x_wconf 92' lang='lat' dir='ltr'><strong>ut</strong></span> <span class='ocrx_word' id='word_1_610' title='bbox 3525 3866 3638 3934; x_wconf 63' lang='lat' dir='ltr'><strong>glo.</strong></span> 
     </span>
    </p>
   </div>
   <div class='ocr_carea' id='block_1_86' title="bbox 2073 3940 3638 4023">
    <p class='ocr_par' dir='ltr' id='par_1_86' title="bbox 2073 3940 3638 4023">
     <span class='ocr_line' id='line_1_86' title="bbox 2073 3940 3638 4023; baseline 0.012 -30"><span class='ocrx_word' id='word_1_611' title='bbox 2073 3940 2207 3995; x_wconf 92' lang='lat' dir='ltr'><strong>riam</strong></span> <span class='ocrx_word' id='word_1_612' title='bbox 2244 3941 2355 3998; x_wconf 86' lang='lat' dir='ltr'><strong>Deo</strong></span> <span class='ocrx_word' id='word_1_613' title='bbox 2408 3944 2721 4016; x_wconf 88' lang='lat' dir='ltr'><strong>gratiasque</strong></span> <span class='ocrx_word' id='word_1_614' title='bbox 2748 3946 2967 4004; x_wconf 76' lang='lat' dir='ltr'><strong>oﬁ‘crret</strong></span> <span class='ocrx_word' id='word_1_615' title='bbox 2998 3965 3096 4020; x_wconf 93' lang='lat' dir='ltr'><strong>pro</strong></span> <span class='ocrx_word' id='word_1_616' title='bbox 3117 3961 3224 4007; x_wconf 88' lang='lat' dir='ltr'><strong>tam</strong></span> <span class='ocrx_word' id='word_1_617' title='bbox 3251 3954 3448 4023; x_wconf 84' lang='lat' dir='ltr'><strong>insigni</strong></span> <span class='ocrx_word' id='word_1_618' title='bbox 3474 3957 3638 4012; x_wconf 86' lang='lat' dir='ltr'><strong>bene-</strong></span> 
     </span>
    </p>
   </div>
   <div class='ocr_carea' id='block_1_87' title="bbox 2074 4030 2218 4087">
    <p class='ocr_par' dir='ltr' id='par_1_87' title="bbox 2074 4030 2218 4087">
     <span class='ocr_line' id='line_1_87' title="bbox 2074 4030 2218 4087; baseline 0.014 -3"><span class='ocrx_word' id='word_1_619' title='bbox 2074 4030 2218 4087; x_wconf 85' lang='lat' dir='ltr'><strong>ﬁcio.</strong></span> 
     </span>
    </p>
   </div>
   <div class='ocr_carea' id='block_1_88' title="bbox 2140 4122 3634 4210">
    <p class='ocr_par' dir='ltr' id='par_1_88' title="bbox 2140 4122 3634 4210">
     <span class='ocr_line' id='line_1_88' title="bbox 2140 4122 3634 4210; baseline 0.009 -31"><span class='ocrx_word' id='word_1_620' title='bbox 2140 4122 2389 4196; x_wconf 81' lang='lat' dir='ltr'><strong>Regessit</strong></span> <span class='ocrx_word' id='word_1_621' title='bbox 2432 4125 2587 4185; x_wconf 83' lang='lat' dir='ltr'><strong>Nilus</strong></span> <span class='ocrx_word' id='word_1_622' title='bbox 2617 4130 2830 4187; x_wconf 85' lang='lat' dir='ltr'><strong>vovisse</strong></span> <span class='ocrx_word' id='word_1_623' title='bbox 2874 4132 3241 4205; x_wconf 81' lang='lat' dir='ltr'><strong>Omnipmenti</strong></span> <span class='ocrx_word' id='word_1_624' title='bbox 3274 4154 3333 4195; x_wconf 88' lang='lat' dir='ltr'><strong>se</strong></span> <span class='ocrx_word' id='word_1_625' title='bbox 3381 4140 3472 4194; x_wconf 90' lang='lat' dir='ltr'><strong>illo</strong></span> <span class='ocrx_word' id='word_1_626' title='bbox 3500 4156 3634 4210; x_wconf 86' lang='lat' dir='ltr'><strong>Ipso,</strong></span> 
     </span>
    </p>
   </div>
   <div class='ocr_carea' id='block_1_89' title="bbox 2070 4215 3638 4305">
    <p class='ocr_par' dir='ltr' id='par_1_89' title="bbox 2070 4215 3638 4305">
     <span class='ocr_line' id='line_1_89' title="bbox 2070 4215 3638 4305; baseline 0.013 -37"><span class='ocrx_word' id='word_1_627' title='bbox 2070 4230 2180 4284; x_wconf 89' lang='lat' dir='ltr'><strong>quo</strong></span> <span class='ocrx_word' id='word_1_628' title='bbox 2224 4215 2538 4275; x_wconf 85' lang='lat' dir='ltr'><strong>Tbeodulus</strong></span> <span class='ocrx_word' id='word_1_629' title='bbox 2594 4223 3001 4291; x_wconf 85' lang='lat' dir='ltr'><strong>periclitabatur</strong></span> <span class='ocrx_word' id='word_1_630' title='bbox 3040 4238 3316 4298; x_wconf 85' lang='lat' dir='ltr'><strong>tempore,</strong></span> <span class='ocrx_word' id='word_1_631' title='bbox 3367 4234 3638 4305; x_wconf 87' lang='lat' dir='ltr'><strong>tantisque</strong></span> 
     </span>
    </p>
   </div>
   <div class='ocr_carea' id='block_1_90' title="bbox 404 4306 3637 4395">
    <p class='ocr_par' dir='ltr' id='par_1_90' title="bbox 404 4306 3637 4395">
     <span class='ocr_line' id='line_1_90' title="bbox 404 4306 3637 4395; baseline 0.003 -28"><span class='ocrx_word' id='word_1_632' title='bbox 404 4322 495 4368; x_wconf 91' lang='lat' dir='ltr'><strong>tur</strong></span> <span class='ocrx_word' id='word_1_633' title='bbox 523 4314 591 4367; x_wconf 89' lang='lat' dir='ltr'><strong>ab</strong></span> <span class='ocrx_word' id='word_1_634' title='bbox 615 4314 720 4379; x_wconf 89' lang='lat' dir='ltr'><strong>his,</strong></span> <span class='ocrx_word' id='word_1_635' title='bbox 752 4314 807 4368; x_wconf 84' lang='lat' dir='ltr'><strong>in</strong></span> <span class='ocrx_word' id='word_1_636' title='bbox 839 4314 1038 4383; x_wconf 88' lang='lat' dir='ltr'><strong>quibus</strong></span> <span class='ocrx_word' id='word_1_637' title='bbox 1072 4313 1386 4385; x_wconf 75' lang='lat' dir='ltr'><strong>Magadonis</strong></span> <span class='ocrx_word' id='word_1_638' title='bbox 1420 4328 1612 4369; x_wconf 88' lang='lat' dir='ltr'><strong>servus</strong></span> <span class='ocrx_word' id='word_1_639' title='bbox 1630 4311 1755 4382; x_wconf 78' lang='lat' dir='ltr'><strong>fuga</strong></span> <span class='ocrx_word' id='word_1_640' title='bbox 1783 4311 1968 4379; x_wconf 88' lang='lat' dir='ltr'><strong>lapsus</strong></span> <span class='ocrx_word' id='word_1_641' title='bbox 2000 4336 2045 4392; x_wconf 72' lang='grc' dir='ltr'><strong>ι)</strong></span> <span class='ocrx_word' id='word_1_642' title='bbox 2072 4306 2483 4364; x_wconf 81' lang='lat' dir='ltr'><strong>conﬂictabatur</strong></span> <span class='ocrx_word' id='word_1_643' title='bbox 2513 4315 2792 4381; x_wconf 70' lang='lat' dir='ltr'><strong>aerumnis,</strong></span> <span class='ocrx_word' id='word_1_644' title='bbox 2831 4316 2875 4372; x_wconf 91' lang='lat' dir='ltr'><strong>si</strong></span> <span class='ocrx_word' id='word_1_645' title='bbox 2923 4318 3189 4375; x_wconf 87' lang='lat' dir='ltr'><strong>viventem</strong></span> <span class='ocrx_word' id='word_1_646' title='bbox 3214 4322 3390 4392; x_wconf 86' lang='lat' dir='ltr'><strong>ipsum</strong></span> <span class='ocrx_word' id='word_1_647' title='bbox 3415 4339 3637 4395; x_wconf 82' lang='lat' dir='ltr'><strong>compe-</strong></span> 
     </span>
    </p>
   </div>
   <div class='ocr_carea' id='block_1_91' title="bbox 404 4405 1968 4477">
    <p class='ocr_par' dir='ltr' id='par_1_91' title="bbox 404 4405 1968 4477">
     <span class='ocr_line' id='line_1_91' title="bbox 404 4405 1968 4477; baseline -0.001 -18"><span class='ocrx_word' id='word_1_648' title='bbox 404 4407 657 4468; x_wconf 86' lang='lat' dir='ltr'><strong>desierat,</strong></span> <span class='ocrx_word' id='word_1_649' title='bbox 671 4420 898 4475; x_wconf 65' lang='lat' dir='ltr'><strong>quaeque</strong></span> <span class='ocrx_word' id='word_1_650' title='bbox 915 4405 1165 4461; x_wconf 88' lang='lat' dir='ltr'><strong>retulisse</strong></span> <span class='ocrx_word' id='word_1_651' title='bbox 1183 4406 1480 4477; x_wconf 67' lang='lat' dir='ltr'><strong>prmsumit,</strong></span> <span class='ocrx_word' id='word_1_652' title='bbox 1500 4406 1691 4460; x_wconf 88' lang='lat' dir='ltr'><strong>nolens</strong></span> <span class='ocrx_word' id='word_1_653' title='bbox 1727 4411 1968 4472; x_wconf 85' lang='lat' dir='ltr'><strong>repetere</strong></span> 
     </span>
    </p>
   </div>
   <div class='ocr_carea' id='block_1_92' title="bbox 405 4495 1969 4567">
    <p class='ocr_par' dir='ltr' id='par_1_92' title="bbox 405 4495 1969 4567">
     <span class='ocr_line' id='line_1_92' title="bbox 405 4495 1969 4567; baseline -0.001 -17"><span class='ocrx_word' id='word_1_654' title='bbox 405 4506 483 4551; x_wconf 89' lang='lat' dir='ltr'><strong>tot</strong></span> <span class='ocrx_word' id='word_1_655' title='bbox 510 4497 847 4563; x_wconf 90' lang='lat' dir='ltr'><strong>discrimina,</strong></span> <span class='ocrx_word' id='word_1_656' title='bbox 882 4513 1002 4567; x_wconf 75' lang='lat' dir='ltr'><strong>qua:</strong></span> <span class='ocrx_word' id='word_1_657' title='bbox 1045 4497 1350 4552; x_wconf 86' lang='lat' dir='ltr'><strong>molestiam</strong></span> <span class='ocrx_word' id='word_1_658' title='bbox 1404 4495 1756 4560; x_wconf 82' lang='lat' dir='ltr'><strong>facesserent,</strong></span> <span class='ocrx_word' id='word_1_659' title='bbox 1793 4509 1969 4564; x_wconf 78' lang='lat' dir='ltr'><strong>neque</strong></span> 
     </span>
    </p>
   </div>
   <div class='ocr_carea' id='block_1_93' title="bbox 401 4585 1967 4658">
    <p class='ocr_par' dir='ltr' id='par_1_93' title="bbox 401 4585 1967 4658">
     <span class='ocr_line' id='line_1_93' title="bbox 401 4585 1967 4658; baseline 0.001 -17"><span class='ocrx_word' id='word_1_660' title='bbox 401 4587 643 4642; x_wconf 87' lang='lat' dir='ltr'><strong>dolorem</strong></span> <span class='ocrx_word' id='word_1_661' title='bbox 668 4603 950 4655; x_wconf 88' lang='lat' dir='ltr'><strong>renovare,</strong></span> <span class='ocrx_word' id='word_1_662' title='bbox 975 4589 1304 4658; x_wconf 64' lang='lat' dir='ltr'><strong>aediumque</strong></span> <span class='ocrx_word' id='word_1_663' title='bbox 1330 4586 1521 4642; x_wconf 82' lang='lat' dir='ltr'><strong>aﬁ‘erre</strong></span> <span class='ocrx_word' id='word_1_664' title='bbox 1543 4588 1740 4643; x_wconf 86' lang='lat' dir='ltr'><strong>denuo.</strong></span> <span class='ocrx_word' id='word_1_665' title='bbox 1773 4585 1967 4642; x_wconf 86' lang='lat' dir='ltr'><strong>Parata</strong></span> 
     </span>
    </p>
   </div>
   <div class='ocr_carea' id='block_1_94' title="bbox 402 4676 1966 4746">
    <p class='ocr_par' dir='ltr' id='par_1_94' title="bbox 402 4676 1966 4746">
     <span class='ocr_line' id='line_1_94' title="bbox 402 4676 1966 4746; baseline 0.001 -17"><span class='ocrx_word' id='word_1_666' title='bbox 402 4676 619 4746; x_wconf 89' lang='lat' dir='ltr'><strong>(inquit)</strong></span> <span class='ocrx_word' id='word_1_667' title='bbox 649 4687 805 4732; x_wconf 88' lang='lat' dir='ltr'><strong>erant</strong></span> <span class='ocrx_word' id='word_1_668' title='bbox 841 4678 1043 4744; x_wconf 89' lang='lat' dir='ltr'><strong>omnia,</strong></span> <span class='ocrx_word' id='word_1_669' title='bbox 1069 4687 1129 4733; x_wconf 92' lang='lat' dir='ltr'><strong>ut</strong></span> <span class='ocrx_word' id='word_1_670' title='bbox 1148 4678 1387 4733; x_wconf 91' lang='lat' dir='ltr'><strong>diluculo</strong></span> <span class='ocrx_word' id='word_1_671' title='bbox 1411 4687 1761 4746; x_wconf 88' lang='lat' dir='ltr'><strong>perageretur</strong></span> <span class='ocrx_word' id='word_1_672' title='bbox 1795 4678 1966 4732; x_wconf 88' lang='lat' dir='ltr'><strong>sacri-</strong></span> 
     </span>
    </p>
   </div>
   <div class='ocr_carea' id='block_1_95' title="bbox 406 4767 1963 4834">
    <p class='ocr_par' dir='ltr' id='par_1_95' title="bbox 406 4767 1963 4834">
     <span class='ocr_line' id='line_1_95' title="bbox 406 4767 1963 4834; baseline 0.003 -17"><span class='ocrx_word' id='word_1_673' title='bbox 406 4767 583 4821; x_wconf 89' lang='lat' dir='ltr'><strong>ticium</strong></span> <span class='ocrx_word' id='word_1_674' title='bbox 622 4777 770 4823; x_wconf 90' lang='lat' dir='ltr'><strong>astro</strong></span> <span class='ocrx_word' id='word_1_675' title='bbox 817 4770 1107 4834; x_wconf 90' lang='lat' dir='ltr'><strong>matutino,</strong></span> <span class='ocrx_word' id='word_1_676' title='bbox 1146 4778 1200 4822; x_wconf 85' lang='lat' dir='ltr'><strong>et</strong></span> <span class='ocrx_word' id='word_1_677' title='bbox 1246 4779 1372 4823; x_wconf 88' lang='lat' dir='ltr'><strong>tuus</strong></span> <span class='ocrx_word' id='word_1_678' title='bbox 1402 4767 1716 4823; x_wconf 79' lang='lat' dir='ltr'><strong>Tbeodulus</strong></span> <span class='ocrx_word' id='word_1_679' title='bbox 1763 4768 1963 4822; x_wconf 89' lang='lat' dir='ltr'><strong>immo-</strong></span> 
     </span>
    </p>
   </div>
   <div class='ocr_carea' id='block_1_96' title="bbox 403 4857 1967 4929">
    <p class='ocr_par' dir='ltr' id='par_1_96' title="bbox 403 4857 1967 4929">
     <span class='ocr_line' id='line_1_96' title="bbox 403 4857 1967 4929; baseline 0.003 -20"><span class='ocrx_word' id='word_1_680' title='bbox 403 4857 595 4913; x_wconf 83' lang='lat' dir='ltr'><strong>landos</strong></span> <span class='ocrx_word' id='word_1_681' title='bbox 627 4860 678 4912; x_wconf 91' lang='lat' dir='ltr'><strong>in</strong></span> <span class='ocrx_word' id='word_1_682' title='bbox 703 4869 952 4929; x_wconf 89' lang='lat' dir='ltr'><strong>promptu</strong></span> <span class='ocrx_word' id='word_1_683' title='bbox 993 4859 1159 4914; x_wconf 88' lang='lat' dir='ltr'><strong>Deum</strong></span> <span class='ocrx_word' id='word_1_684' title='bbox 1199 4860 1483 4923; x_wconf 89' lang='lat' dir='ltr'><strong>invocans,</strong></span> <span class='ocrx_word' id='word_1_685' title='bbox 1513 4872 1573 4914; x_wconf 90' lang='lat' dir='ltr'><strong>ut</strong></span> <span class='ocrx_word' id='word_1_686' title='bbox 1617 4875 1742 4915; x_wconf 90' lang='lat' dir='ltr'><strong>eum</strong></span> <span class='ocrx_word' id='word_1_687' title='bbox 1775 4860 1967 4914; x_wconf 89' lang='lat' dir='ltr'><strong>redde-</strong></span> 
     </span>
    </p>
   </div>
   <div class='ocr_carea' id='block_1_97' title="bbox 404 4948 1963 5025">
    <p class='ocr_par' dir='ltr' id='par_1_97' title="bbox 404 4948 1963 5025">
     <span class='ocr_line' id='line_1_97' title="bbox 404 4948 1963 5025; baseline 0.003 -25"><span class='ocrx_word' id='word_1_688' title='bbox 404 4956 484 5001; x_wconf 89' lang='lat' dir='ltr'><strong>ret</strong></span> <span class='ocrx_word' id='word_1_689' title='bbox 514 4951 720 5017; x_wconf 87' lang='lat' dir='ltr'><strong>parenti</strong></span> <span class='ocrx_word' id='word_1_690' title='bbox 757 4951 894 5013; x_wconf 88' lang='lat' dir='ltr'><strong>seni,</strong></span> <span class='ocrx_word' id='word_1_691' title='bbox 928 4951 1098 5021; x_wconf 75' lang='grc' dir='ltr'>πατρὶ</span> <span class='ocrx_word' id='word_1_692' title='bbox 1126 4950 1405 5025; x_wconf 76' lang='grc' dir='ltr'><strong>πρεσϐύτῃ</strong></span> <span class='ocrx_word' id='word_1_693' title='bbox 1433 4950 1582 5022; x_wconf 86' lang='lat' dir='ltr'><strong>(hinc</strong></span> <span class='ocrx_word' id='word_1_694' title='bbox 1611 4958 1828 5006; x_wconf 88' lang='lat' dir='ltr'><strong>senecta</strong></span> <span class='ocrx_word' id='word_1_695' title='bbox 1857 4948 1963 5004; x_wconf 90' lang='lat' dir='ltr'><strong>Nili</strong></span> 
     </span>
    </p>
   </div>
   <div class='ocr_carea' id='block_1_98' title="bbox 403 5040 1964 5113">
    <p class='ocr_par' dir='ltr' id='par_1_98' title="bbox 403 5040 1964 5113">
     <span class='ocr_line' id='line_1_98' title="bbox 403 5040 1964 5113; baseline 0.005 -22"><span class='ocrx_word' id='word_1_696' title='bbox 403 5040 574 5108; x_wconf 82' lang='lat' dir='ltr'><strong>magis</strong></span> <span class='ocrx_word' id='word_1_697' title='bbox 601 5055 663 5094; x_wconf 91' lang='lat' dir='ltr'><strong>ac</strong></span> <span class='ocrx_word' id='word_1_698' title='bbox 694 5042 867 5108; x_wconf 87' lang='lat' dir='ltr'><strong>magis</strong></span> <span class='ocrx_word' id='word_1_699' title='bbox 897 5045 1305 5111; x_wconf 89' lang='lat' dir='ltr'><strong>comprobatur,</strong></span> <span class='ocrx_word' id='word_1_700' title='bbox 1331 5045 1561 5113; x_wconf 72' lang='lat' dir='ltr'><strong>p-113),</strong></span> <span class='ocrx_word' id='word_1_701' title='bbox 1594 5053 1646 5099; x_wconf 89' lang='lat' dir='ltr'><strong>et</strong></span> <span class='ocrx_word' id='word_1_702' title='bbox 1683 5044 1964 5099; x_wconf 82' lang='lat' dir='ltr'><strong>confidens</strong></span> 
     </span>
    </p>
   </div>
   <div class='ocr_carea' id='block_1_99' title="bbox 393 5131 1964 5205">
    <p class='ocr_par' dir='ltr' id='par_1_99' title="bbox 393 5131 1964 5205">
     <span class='ocr_line' id='line_1_99' title="bbox 393 5131 1964 5205; baseline 0.004 -21"><span class='ocrx_word' id='word_1_703' title='bbox 393 5131 609 5197; x_wconf 85' lang='lat' dir='ltr'><strong>jacehat</strong></span> <span class='ocrx_word' id='word_1_704' title='bbox 647 5148 849 5201; x_wconf 90' lang='lat' dir='ltr'><strong>pronus</strong></span> <span class='ocrx_word' id='word_1_705' title='bbox 895 5133 1066 5197; x_wconf 80' lang='lat' dir='ltr'><strong>lunai,</strong></span> <span class='ocrx_word' id='word_1_706' title='bbox 1109 5135 1424 5205; x_wconf 88' lang='lat' dir='ltr'><strong>abjectaqne</strong></span> <span class='ocrx_word' id='word_1_707' title='bbox 1457 5134 1615 5200; x_wconf 79' lang='lat' dir='ltr'><strong>facie,</strong></span> <span class='ocrx_word' id='word_1_708' title='bbox 1657 5137 1751 5190; x_wconf 91' lang='lat' dir='ltr'><strong>sed</strong></span> <span class='ocrx_word' id='word_1_709' title='bbox 1780 5137 1964 5191; x_wconf 88' lang='lat' dir='ltr'><strong>animo</strong></span> 
     </span>
    </p>
   </div>
   <div class='ocr_carea' id='block_1_100' title="bbox 399 5220 1964 5293">
    <p class='ocr_par' dir='ltr' id='par_1_100' title="bbox 399 5220 1964 5293">
     <span class='ocr_line' id='line_1_100' title="bbox 399 5220 1964 5293; baseline 0.004 -22"><span class='ocrx_word' id='word_1_710' title='bbox 399 5233 613 5273; x_wconf 81' lang='lat' dir='ltr'><strong>sursum</strong></span> <span class='ocrx_word' id='word_1_711' title='bbox 644 5221 805 5275; x_wconf 88' lang='lat' dir='ltr'><strong>elato.</strong></span> <span class='ocrx_word' id='word_1_712' title='bbox 835 5220 1157 5278; x_wconf 85' lang='lat' dir='ltr'><strong>Constructa</strong></span> <span class='ocrx_word' id='word_1_713' title='bbox 1183 5222 1357 5279; x_wconf 81' lang='lat' dir='ltr'><strong>fuerat</strong></span> <span class='ocrx_word' id='word_1_714' title='bbox 1386 5224 1454 5279; x_wconf 89' lang='lat' dir='ltr'><strong>ab</strong></span> <span class='ocrx_word' id='word_1_715' title='bbox 1497 5225 1603 5280; x_wconf 89' lang='lat' dir='ltr'><strong>illis</strong></span> <span class='ocrx_word' id='word_1_716' title='bbox 1641 5225 1795 5293; x_wconf 82' lang='lat' dir='ltr'><strong>pepis</strong></span> <span class='ocrx_word' id='word_1_717' title='bbox 1824 5224 1964 5278; x_wconf 78' lang='lat' dir='ltr'><strong>iera-</strong></span> 
     </span>
    </p>
   </div>
   <div class='ocr_carea' id='block_1_101' title="bbox 401 5308 1959 5382">
    <p class='ocr_par' dir='ltr' id='par_1_101' title="bbox 401 5308 1959 5382">
     <span class='ocr_line' id='line_1_101' title="bbox 401 5308 1959 5382; baseline 0.006 -24"><span class='ocrx_word' id='word_1_718' title='bbox 401 5308 541 5363; x_wconf 85' lang='lat' dir='ltr'><strong>libus</strong></span> <span class='ocrx_word' id='word_1_719' title='bbox 563 5324 679 5375; x_wconf 81' lang='lat' dir='ltr'><strong>ara,</strong></span> <span class='ocrx_word' id='word_1_720' title='bbox 721 5310 931 5380; x_wconf 83' lang='lat' dir='ltr'><strong>gladius</strong></span> <span class='ocrx_word' id='word_1_721' title='bbox 975 5313 1223 5373; x_wconf 86' lang='lat' dir='ltr'><strong>nudatus,</strong></span> <span class='ocrx_word' id='word_1_722' title='bbox 1276 5314 1529 5379; x_wconf 89' lang='lat' dir='ltr'><strong>libamen,</strong></span> <span class='ocrx_word' id='word_1_723' title='bbox 1565 5314 1769 5382; x_wconf 81' lang='lat' dir='ltr'><strong>phiala,</strong></span> <span class='ocrx_word' id='word_1_724' title='bbox 1814 5313 1959 5374; x_wconf 82' lang='lat' dir='ltr'><strong>thus,</strong></span> 
     </span>
    </p>
   </div>
   <div class='ocr_carea' id='block_1_102' title="bbox 397 5399 1959 5460">
    <p class='ocr_par' dir='ltr' id='par_1_102' title="bbox 397 5399 1959 5460">
     <span class='ocr_line' id='line_1_102' title="bbox 397 5399 1959 5460; baseline 0.006 -9"><span class='ocrx_word' id='word_1_725' title='bbox 397 5399 701 5456; x_wconf 85' lang='lat' dir='ltr'><strong>adhibenda</strong></span> <span class='ocrx_word' id='word_1_726' title='bbox 739 5402 1095 5459; x_wconf 86' lang='lat' dir='ltr'><strong>instrumenta</strong></span> <span class='ocrx_word' id='word_1_727' title='bbox 1149 5420 1256 5459; x_wconf 91' lang='lat' dir='ltr'><strong>non</strong></span> <span class='ocrx_word' id='word_1_728' title='bbox 1303 5406 1528 5459; x_wconf 87' lang='lat' dir='ltr'><strong>deerant</strong></span> <span class='ocrx_word' id='word_1_729' title='bbox 1582 5405 1649 5460; x_wconf 86' lang='lat' dir='ltr'><strong>ad</strong></span> <span class='ocrx_word' id='word_1_730' title='bbox 1699 5420 1959 5460; x_wconf 67' lang='lat' dir='ltr'><strong>creremo-</strong></span> 
     </span>
    </p>
   </div>
   <div class='ocr_carea' id='block_1_103' title="bbox 398 5490 1962 5560">
    <p class='ocr_par' dir='ltr' id='par_1_103' title="bbox 398 5490 1962 5560">
     <span class='ocr_line' id='line_1_103' title="bbox 398 5490 1962 5560; baseline 0.008 -19"><span class='ocrx_word' id='word_1_731' title='bbox 398 5490 540 5557; x_wconf 86' lang='lat' dir='ltr'><strong>niam</strong></span> <span class='ocrx_word' id='word_1_732' title='bbox 568 5501 674 5547; x_wconf 88' lang='lat' dir='ltr'><strong>tam</strong></span> <span class='ocrx_word' id='word_1_733' title='bbox 708 5493 998 5560; x_wconf 78' lang='lat' dir='ltr'><strong>funestam,</strong></span> <span class='ocrx_word' id='word_1_734' title='bbox 1032 5511 1155 5550; x_wconf 93' lang='lat' dir='ltr'><strong>cum</strong></span> <span class='ocrx_word' id='word_1_735' title='bbox 1193 5512 1380 5551; x_wconf 87' lang='lat' dir='ltr'><strong>servus</strong></span> <span class='ocrx_word' id='word_1_736' title='bbox 1402 5498 1488 5552; x_wconf 91' lang='lat' dir='ltr'><strong>ille</strong></span> <span class='ocrx_word' id='word_1_737' title='bbox 1536 5499 1962 5553; x_wconf 88' lang='lat' dir='ltr'><strong>communicavit</strong></span> 
     </span>
    </p>
   </div>
   <div class='ocr_carea' id='block_1_104' title="bbox 398 5581 1961 5663">
    <p class='ocr_par' dir='ltr' id='par_1_104' title="bbox 398 5581 1961 5663">
     <span class='ocr_line' id='line_1_104' title="bbox 398 5581 1961 5663; baseline 0.01 -32"><span class='ocrx_word' id='word_1_738' title='bbox 398 5581 526 5634; x_wconf 80' lang='lat' dir='ltr'><strong>mihi</strong></span> <span class='ocrx_word' id='word_1_739' title='bbox 550 5599 706 5638; x_wconf 87' lang='lat' dir='ltr'><strong>suum</strong></span> <span class='ocrx_word' id='word_1_740' title='bbox 734 5586 800 5639; x_wconf 89' lang='lat' dir='ltr'><strong>de</strong></span> <span class='ocrx_word' id='word_1_741' title='bbox 832 5585 953 5655; x_wconf 81' lang='lat' dir='ltr'><strong>fuga</strong></span> <span class='ocrx_word' id='word_1_742' title='bbox 984 5587 1295 5650; x_wconf 87' lang='lat' dir='ltr'><strong>consilium,</strong></span> <span class='ocrx_word' id='word_1_743' title='bbox 1328 5599 1382 5641; x_wconf 90' lang='lat' dir='ltr'><strong>et</strong></span> <span class='ocrx_word' id='word_1_744' title='bbox 1404 5590 1551 5643; x_wconf 91' lang='lat' dir='ltr'><strong>solus</strong></span> <span class='ocrx_word' id='word_1_745' title='bbox 1580 5605 1695 5643; x_wconf 83' lang='lat' dir='ltr'><strong>eam</strong></span> <span class='ocrx_word' id='word_1_746' title='bbox 1727 5592 1961 5663; x_wconf 81' lang='lat' dir='ltr'><strong>arripuit</strong></span> 
     </span>
    </p>
   </div>
   <div class='ocr_carea' id='block_1_105' title="bbox 708 5678 1442 5743">
    <p class='ocr_par' dir='ltr' id='par_1_105' title="bbox 708 5678 1442 5743">
     <span class='ocr_line' id='line_1_105' title="bbox 708 5678 1442 5743; baseline 0.01 -8"><span class='ocrx_word' id='word_1_747' title='bbox 708 5678 978 5739; x_wconf 73' lang='lat' dir='ltr'><strong>PATROL.</strong></span> <span class='ocrx_word' id='word_1_748' title='bbox 1024 5680 1137 5739; x_wconf 82' lang='lat' dir='ltr'><strong>Gn.</strong></span> <span class='ocrx_word' id='word_1_749' title='bbox 1186 5678 1442 5743; x_wconf 76' lang='lat' dir='ltr'><strong>LXXIX.</strong></span> 
     </span>
    </p>
   </div>
   <div class='ocr_carea' id='block_1_106' title="bbox 2075 4400 3639 4492">
    <p class='ocr_par' dir='ltr' id='par_1_106' title="bbox 2075 4400 3639 4492">
     <span class='ocr_line' id='line_1_106' title="bbox 2075 4400 3639 4492; baseline 0.012 -38"><span class='ocrx_word' id='word_1_750' title='bbox 2075 4400 2236 4456; x_wconf 74' lang='lat' dir='ltr'><strong>risset</strong></span> <span class='ocrx_word' id='word_1_751' title='bbox 2265 4418 2524 4473; x_wconf 87' lang='lat' dir='ltr'><strong>unquam,</strong></span> <span class='ocrx_word' id='word_1_752' title='bbox 2554 4405 2798 4461; x_wconf 79' lang='grc' dir='ltr'>δουλείαν</span> <span class='ocrx_word' id='word_1_753' title='bbox 2828 4411 3175 4481; x_wconf 78' lang='grc' dir='ltr'><strong>ἐγκρατείας,</strong></span> <span class='ocrx_word' id='word_1_754' title='bbox 3212 4417 3305 4469; x_wconf 75' lang='grc' dir='ltr'><strong>καὶ</strong></span> <span class='ocrx_word' id='word_1_755' title='bbox 3342 4418 3441 4488; x_wconf 84' lang='grc' dir='ltr'><strong>τῆς</strong></span> <span class='ocrx_word' id='word_1_756' title='bbox 3473 4419 3639 4492; x_wconf 81' lang='grc' dir='ltr'>ἄλλης</span> 
     </span>
    </p>
   </div>
   <div class='ocr_carea' id='block_1_107' title="bbox 2071 4492 3640 4579">
    <p class='ocr_par' dir='ltr' id='par_1_107' title="bbox 2071 4492 3640 4579">
     <span class='ocr_line' id='line_1_107' title="bbox 2071 4492 3640 4579; baseline 0.016 -38"><span class='ocrx_word' id='word_1_757' title='bbox 2071 4492 2438 4555; x_wconf 79' lang='grc' dir='ltr'><strong>κακοπαθείας</strong></span> <span class='ocrx_word' id='word_1_758' title='bbox 2467 4494 2730 4568; x_wconf 76' lang='grc' dir='ltr'><strong>σκληρὰν,</strong></span> <span class='ocrx_word' id='word_1_759' title='bbox 2781 4500 2834 4554; x_wconf 88' lang='lat' dir='ltr'><strong>id</strong></span> <span class='ocrx_word' id='word_1_760' title='bbox 2856 4512 2956 4567; x_wconf 86' lang='lat' dir='ltr'><strong>est,</strong></span> <span class='ocrx_word' id='word_1_761' title='bbox 2986 4506 3298 4562; x_wconf 85' lang='lat' dir='ltr'><strong>servitutem</strong></span> <span class='ocrx_word' id='word_1_762' title='bbox 3332 4516 3640 4579; x_wconf 83' lang='lat' dir='ltr'><strong>temperan-</strong></span> 
     </span>
    </p>
   </div>
   <div class='ocr_carea' id='block_1_108' title="bbox 2071 4583 3637 4665">
    <p class='ocr_par' dir='ltr' id='par_1_108' title="bbox 2071 4583 3637 4665">
     <span class='ocr_line' id='line_1_108' title="bbox 2071 4583 3637 4665; baseline 0.015 -30"><span class='ocrx_word' id='word_1_763' title='bbox 2071 4583 2197 4645; x_wconf 69' lang='lat' dir='ltr'><strong>tim,</strong></span> <span class='ocrx_word' id='word_1_764' title='bbox 2246 4599 2341 4640; x_wconf 89' lang='lat' dir='ltr'><strong>seu</strong></span> <span class='ocrx_word' id='word_1_765' title='bbox 2384 4586 2742 4658; x_wconf 89' lang='lat' dir='ltr'><strong>jejuniorum,</strong></span> <span class='ocrx_word' id='word_1_766' title='bbox 2794 4608 2857 4647; x_wconf 89' lang='lat' dir='ltr'><strong>ac</strong></span> <span class='ocrx_word' id='word_1_767' title='bbox 2898 4595 3271 4665; x_wconf 70' lang='lat' dir='ltr'><strong>abstinentiae,</strong></span> <span class='ocrx_word' id='word_1_768' title='bbox 3313 4611 3366 4656; x_wconf 92' lang='lat' dir='ltr'><strong>et</strong></span> <span class='ocrx_word' id='word_1_769' title='bbox 3411 4603 3637 4660; x_wconf 89' lang='lat' dir='ltr'><strong>alterius</strong></span> 
     </span>
    </p>
   </div>
   <div class='ocr_carea' id='block_1_109' title="bbox 2069 4673 3636 4750">
    <p class='ocr_par' dir='ltr' id='par_1_109' title="bbox 2069 4673 3636 4750">
     <span class='ocr_line' id='line_1_109' title="bbox 2069 4673 3636 4750; baseline 0.015 -25"><span class='ocrx_word' id='word_1_770' title='bbox 2069 4673 2378 4732; x_wconf 82' lang='lat' dir='ltr'><strong>aﬁlictionis</strong></span> <span class='ocrx_word' id='word_1_771' title='bbox 2419 4681 2809 4749; x_wconf 88' lang='lat' dir='ltr'><strong>austeriorem;</strong></span> <span class='ocrx_word' id='word_1_772' title='bbox 2849 4685 2987 4741; x_wconf 87' lang='lat' dir='ltr'><strong>inter</strong></span> <span class='ocrx_word' id='word_1_773' title='bbox 3035 4690 3412 4747; x_wconf 86' lang='lat' dir='ltr'><strong>dormiendum</strong></span> <span class='ocrx_word' id='word_1_774' title='bbox 3457 4704 3636 4750; x_wconf 86' lang='lat' dir='ltr'><strong>autem</strong></span> 
     </span>
    </p>
   </div>
   <div class='ocr_carea' id='block_1_110' title="bbox 2068 4766 3639 4852">
    <p class='ocr_par' dir='ltr' id='par_1_110' title="bbox 2068 4766 3639 4852">
     <span class='ocr_line' id='line_1_110' title="bbox 2068 4766 3639 4852; baseline 0.015 -34"><span class='ocrx_word' id='word_1_775' title='bbox 2068 4766 2357 4823; x_wconf 75' lang='lat' dir='ltr'><strong>exaudisse</strong></span> <span class='ocrx_word' id='word_1_776' title='bbox 2382 4785 2591 4836; x_wconf 91' lang='lat' dir='ltr'><strong>vocem,</strong></span> <span class='ocrx_word' id='word_1_777' title='bbox 2620 4788 2728 4842; x_wconf 89' lang='lat' dir='ltr'><strong>qua</strong></span> <span class='ocrx_word' id='word_1_778' title='bbox 2760 4779 3131 4844; x_wconf 90' lang='lat' dir='ltr'><strong>spondebatur</strong></span> <span class='ocrx_word' id='word_1_779' title='bbox 3155 4794 3435 4852; x_wconf 88' lang='lat' dir='ltr'><strong>acceptum</strong></span> <span class='ocrx_word' id='word_1_780' title='bbox 3468 4785 3639 4841; x_wconf 83' lang='lat' dir='ltr'><strong>fuisse</strong></span> 
     </span>
    </p>
   </div>
   <div class='ocr_carea' id='block_1_111' title="bbox 2067 4860 3637 4942">
    <p class='ocr_par' dir='ltr' id='par_1_111' title="bbox 2067 4860 3637 4942">
     <span class='ocr_line' id='line_1_111' title="bbox 2067 4860 3637 4942; baseline 0.015 -34"><span class='ocrx_word' id='word_1_781' title='bbox 2067 4867 2251 4911; x_wconf 89' lang='lat' dir='ltr'><strong>votum</strong></span> <span class='ocrx_word' id='word_1_782' title='bbox 2307 4860 2461 4924; x_wconf 90' lang='lat' dir='ltr'><strong>illud,</strong></span> <span class='ocrx_word' id='word_1_783' title='bbox 2500 4862 2865 4938; x_wconf 81' lang='lat' dir='ltr'><strong>desideriique</strong></span> <span class='ocrx_word' id='word_1_784' title='bbox 2897 4881 3202 4942; x_wconf 90' lang='lat' dir='ltr'><strong>compotem</strong></span> <span class='ocrx_word' id='word_1_785' title='bbox 3246 4891 3364 4931; x_wconf 79' lang='lat' dir='ltr'><strong>sese</strong></span> <span class='ocrx_word' id='word_1_786' title='bbox 3404 4876 3556 4941; x_wconf 81' lang='lat' dir='ltr'><strong>fore;</strong></span> <span class='ocrx_word' id='word_1_787' title='bbox 3586 4879 3637 4932; x_wconf 91' lang='lat' dir='ltr'><strong>id</strong></span> 
     </span>
    </p>
   </div>
   <div class='ocr_carea' id='block_1_112' title="bbox 2067 4950 3149 5028">
    <p class='ocr_par' dir='ltr' id='par_1_112' title="bbox 2067 4950 3149 5028">
     <span class='ocr_line' id='line_1_112' title="bbox 2067 4950 3149 5028; baseline 0.016 -28"><span class='ocrx_word' id='word_1_788' title='bbox 2067 4950 2287 5018; x_wconf 84' lang='lat' dir='ltr'><strong>exsequi</strong></span> <span class='ocrx_word' id='word_1_789' title='bbox 2311 4966 2371 5006; x_wconf 91' lang='lat' dir='ltr'><strong>se</strong></span> <span class='ocrx_word' id='word_1_790' title='bbox 2403 4953 2560 5020; x_wconf 88' lang='lat' dir='ltr'><strong>velle,</strong></span> <span class='ocrx_word' id='word_1_791' title='bbox 2590 4970 2654 5011; x_wconf 92' lang='lat' dir='ltr'><strong>ac</strong></span> <span class='ocrx_word' id='word_1_792' title='bbox 2676 4961 2985 5028; x_wconf 75' lang='lat' dir='ltr'><strong>expeditum</strong></span> <span class='ocrx_word' id='word_1_793' title='bbox 3008 4978 3149 5019; x_wconf 87' lang='lat' dir='ltr'><strong>esse.</strong></span> 
     </span>
    </p>
   </div>
   <div class='ocr_carea' id='block_1_113' title="bbox 2138 5038 3637 5126">
    <p class='ocr_par' dir='ltr' id='par_1_113' title="bbox 2138 5038 3637 5126">
     <span class='ocr_line' id='line_1_113' title="bbox 2138 5038 3637 5126; baseline 0.017 -34"><span class='ocrx_word' id='word_1_794' title='bbox 2138 5038 2453 5099; x_wconf 90' lang='lat' dir='ltr'><strong>Tbeodulus</strong></span> <span class='ocrx_word' id='word_1_795' title='bbox 2482 5047 2547 5101; x_wconf 90' lang='lat' dir='ltr'><strong>ad</strong></span> <span class='ocrx_word' id='word_1_796' title='bbox 2576 5049 2683 5103; x_wconf 93' lang='lat' dir='ltr'><strong>voti</strong></span> <span class='ocrx_word' id='word_1_797' title='bbox 2723 5061 2932 5121; x_wconf 87' lang='lat' dir='ltr'><strong>partem</strong></span> <span class='ocrx_word' id='word_1_798' title='bbox 2963 5058 3280 5125; x_wconf 80' lang='lat' dir='ltr'><strong>explendam</strong></span> <span class='ocrx_word' id='word_1_799' title='bbox 3305 5060 3523 5116; x_wconf 74' lang='lat' dir='ltr'><strong>exhibet</strong></span> <span class='ocrx_word' id='word_1_800' title='bbox 3559 5077 3637 5126; x_wconf 85' lang='lat' dir='ltr'><strong>se.</strong></span> 
     </span>
    </p>
   </div>
   <div class='ocr_carea' id='block_1_114' title="bbox 2069 5138 3634 5234">
    <p class='ocr_par' dir='ltr' id='par_1_114' title="bbox 2069 5138 3634 5234">
     <span class='ocr_line' id='line_1_114' title="bbox 2069 5138 3634 5234; baseline 0.016 -50"><span class='ocrx_word' id='word_1_801' title='bbox 2069 5139 2360 5234; x_wconf 69' lang='lat' dir='ltr'><strong>utpatrem</strong></span> <span class='ocrx_word' id='word_1_802' title='bbox 2386 5138 2663 5208; x_wconf 88' lang='lat' dir='ltr'><strong>sublevet;</strong></span> <span class='ocrx_word' id='word_1_803' title='bbox 2701 5146 2982 5200; x_wconf 88' lang='lat' dir='ltr'><strong>concludit</strong></span> <span class='ocrx_word' id='word_1_804' title='bbox 3018 5162 3190 5217; x_wconf 89' lang='lat' dir='ltr'><strong>pater,</strong></span> <span class='ocrx_word' id='word_1_805' title='bbox 3221 5161 3279 5205; x_wconf 92' lang='lat' dir='ltr'><strong>ut</strong></span> <span class='ocrx_word' id='word_1_806' title='bbox 3307 5153 3468 5206; x_wconf 85' lang='lat' dir='ltr'><strong>ambo</strong></span> <span class='ocrx_word' id='word_1_807' title='bbox 3508 5169 3634 5222; x_wconf 83' lang='lat' dir='ltr'><strong>pro-</strong></span> 
     </span>
    </p>
   </div>
   <div class='ocr_carea' id='block_1_115' title="bbox 2069 5236 3636 5315">
    <p class='ocr_par' dir='ltr' id='par_1_115' title="bbox 2069 5236 3636 5315">
     <span class='ocr_line' id='line_1_115' title="bbox 2069 5236 3636 5315; baseline 0.014 -40"><span class='ocrx_word' id='word_1_808' title='bbox 2069 5238 2255 5278; x_wconf 79' lang='lat' dir='ltr'><strong>IIIISSIS</strong></span> <span class='ocrx_word' id='word_1_809' title='bbox 2285 5236 2513 5315; x_wconf 83' lang='lat' dir='ltr'><strong>starent,</strong></span> <span class='ocrx_word' id='word_1_810' title='bbox 2543 5240 2598 5285; x_wconf 92' lang='lat' dir='ltr'><strong>et</strong></span> <span class='ocrx_word' id='word_1_811' title='bbox 2641 5248 2763 5301; x_wconf 59' lang='lat' dir='ltr'><strong>qua).</strong></span> <span class='ocrx_word' id='word_1_812' title='bbox 2811 5236 3036 5305; x_wconf 89' lang='lat' dir='ltr'><strong>polliciti</strong></span> <span class='ocrx_word' id='word_1_813' title='bbox 3068 5249 3348 5306; x_wconf 81' lang='lat' dir='ltr'><strong>voverant,</strong></span> <span class='ocrx_word' id='word_1_814' title='bbox 3390 5243 3636 5296; x_wconf 83' lang='lat' dir='ltr'><strong>exsolve-</strong></span> 
     </span>
    </p>
   </div>
   <div class='ocr_carea' id='block_1_116' title="bbox 2066 5324 2210 5369">
    <p class='ocr_par' dir='ltr' id='par_1_116' title="bbox 2066 5324 2210 5369">
     <span class='ocr_line' id='line_1_116' title="bbox 2066 5324 2210 5369; baseline 0.007 -2"><span class='ocrx_word' id='word_1_815' title='bbox 2066 5324 2210 5369; x_wconf 83' lang='lat' dir='ltr'><strong>rent.</strong></span> 
     </span>
    </p>
   </div>
   <div class='ocr_carea' id='block_1_117' title="bbox 2140 5407 3637 5497">
    <p class='ocr_par' dir='ltr' id='par_1_117' title="bbox 2140 5407 3637 5497">
     <span class='ocr_line' id='line_1_117' title="bbox 2140 5407 3637 5497; baseline 0.015 -38"><span class='ocrx_word' id='word_1_816' title='bbox 2140 5407 2304 5463; x_wconf 86' lang='lat' dir='ltr'><strong>Deum</strong></span> <span class='ocrx_word' id='word_1_817' title='bbox 2338 5423 2586 5480; x_wconf 79' lang='lat' dir='ltr'><strong>precatus</strong></span> <span class='ocrx_word' id='word_1_818' title='bbox 2608 5416 2782 5481; x_wconf 86' lang='lat' dir='ltr'><strong>Nilus,</strong></span> <span class='ocrx_word' id='word_1_819' title='bbox 2828 5430 2879 5476; x_wconf 90' lang='lat' dir='ltr'><strong>et</strong></span> <span class='ocrx_word' id='word_1_820' title='bbox 2916 5423 3138 5477; x_wconf 83' lang='lat' dir='ltr'><strong>adorata</strong></span> <span class='ocrx_word' id='word_1_821' title='bbox 3172 5424 3421 5482; x_wconf 87' lang='lat' dir='ltr'><strong>Numinis</strong></span> <span class='ocrx_word' id='word_1_822' title='bbox 3462 5430 3637 5497; x_wconf 83' lang='lat' dir='ltr'><strong>provi-</strong></span> 
     </span>
    </p>
   </div>
   <div class='ocr_carea' id='block_1_118' title="bbox 2063 5498 3625 5583">
    <p class='ocr_par' dir='ltr' id='par_1_118' title="bbox 2063 5498 3625 5583">
     <span class='ocr_line' id='line_1_118' title="bbox 2063 5498 3625 5583; baseline 0.015 -32"><span class='ocrx_word' id='word_1_823' title='bbox 2063 5498 2242 5554; x_wconf 86' lang='lat' dir='ltr'><strong>dentia</strong></span> <span class='ocrx_word' id='word_1_824' title='bbox 2275 5504 2577 5575; x_wconf 81' lang='lat' dir='ltr'><strong>subjunxit,</strong></span> <span class='ocrx_word' id='word_1_825' title='bbox 2605 5514 2915 5583; x_wconf 81' lang='lat' dir='ltr'><strong>episcopum</strong></span> <span class='ocrx_word' id='word_1_826' title='bbox 2950 5516 3143 5581; x_wconf 70' lang='lat' dir='ltr'><strong>Etusre,</strong></span> <span class='ocrx_word' id='word_1_827' title='bbox 3171 5533 3293 5573; x_wconf 90' lang='lat' dir='ltr'><strong>cum</strong></span> <span class='ocrx_word' id='word_1_828' title='bbox 3329 5521 3418 5574; x_wconf 83' lang='lat' dir='ltr'><strong>ditt</strong></span> <span class='ocrx_word' id='word_1_829' title='bbox 3458 5520 3625 5575; x_wconf 76' lang='lat' dir='ltr'><strong>fovis-</strong></span> 
     </span>
    </p>
   </div>
   <div class='ocr_carea' id='block_1_119' title="bbox 2065 5595 3631 5684">
    <p class='ocr_par' dir='ltr' id='par_1_119' title="bbox 2065 5595 3631 5684">
     <span class='ocr_line' id='line_1_119' title="bbox 2065 5595 3631 5684; baseline 0.013 -37"><span class='ocrx_word' id='word_1_830' title='bbox 2065 5601 2145 5647; x_wconf 81' lang='lat' dir='ltr'><strong>Set</strong></span> <span class='ocrx_word' id='word_1_831' title='bbox 2172 5602 2224 5655; x_wconf 76' lang='lat' dir='ltr'><strong>et</strong></span> <span class='ocrx_word' id='word_1_832' title='bbox 2262 5595 2580 5657; x_wconf 83' lang='lat' dir='ltr'><strong>detinuisset</strong></span> <span class='ocrx_word' id='word_1_833' title='bbox 2608 5604 2753 5673; x_wconf 78' lang='lat' dir='ltr'><strong>ipsos</strong></span> <span class='ocrx_word' id='word_1_834' title='bbox 2778 5608 2919 5675; x_wconf 83' lang='lat' dir='ltr'><strong>apud</strong></span> <span class='ocrx_word' id='word_1_835' title='bbox 2946 5625 3002 5664; x_wconf 83' lang='lat' dir='ltr'><strong>se</strong></span> <span class='ocrx_word' id='word_1_836' title='bbox 3036 5614 3179 5679; x_wconf 90' lang='lat' dir='ltr'><strong>(nam</strong></span> <span class='ocrx_word' id='word_1_837' title='bbox 3213 5610 3464 5684; x_wconf 62' lang='grc' dir='ltr'><strong>θεηφιλὴς</strong></span> <span class='ocrx_word' id='word_1_838' title='bbox 3491 5623 3631 5674; x_wconf 79' lang='lat' dir='ltr'><strong>erat.</strong></span> 
     </span>
    </p>
   </div>
   <div class='ocr_carea' id='block_1_120' title="bbox 3199 5703 3270 5762">
    <p class='ocr_par' dir='ltr' id='par_1_120' title="bbox 3199 5703 3270 5762">
     <span class='ocr_line' id='line_1_120' title="bbox 3199 5703 3270 5762; baseline -0.085 0"><span class='ocrx_word' id='word_1_839' title='bbox 3199 5703 3270 5762; x_wconf 69' lang='grc'>45</span> 
     </span>
    </p>
   </div>
  </div>
