3898 6196
372 215 506 281 1419

1155 218 1298 279 JOS.
1344 196 1606 278 MARI/E
1649 218 2007 279 SUARESII
2041 216 2271 281 LIBER
2311 222 2942 285 CHRONOLOGICUS

3492 227 3651 293 1120

368 334 422 384 td
444 340 548 391 est,
579 294 770 384 amans
800 328 894 384 Dei
934 343 987 383 et
1023 329 1278 399 proximi,
1319 339 1483 398 atque
1528 331 1942 401 ltospitalis)in-
1970 346 2018 401 Α
2044 331 2163 386 Jam
2199 333 2282 404 egi
2322 334 2455 388 satis
2492 334 2558 388 de
2596 333 2844 403 jejunio;
2887 335 2982 390 sed
3032 334 3121 389 hic
3174 336 3488 411 perstringo
3526 342 3648 396 ista

367 423 571 477 vitasse
600 434 657 475 ut
688 436 872 475 secum
913 423 1572 490 permanerentolliciose,
1623 424 1946 492 promitten-

367 516 438 569 do
484 513 933 583 tranquillitatem
989 528 1251 579 omnem,
1307 516 1612 585 blandaque
1661 517 1947 586 tyrannide

367 606 501 674 ipsis
529 607 872 675 impetrasse,
900 605 994 660 τὸν
1025 605 1191 673 ζυγὸν
1223 606 1491 660 ἐπιθεῖναι
1530 608 1623 662 τὸν
1672 610 1946 679 ἱερατικὸν

369 699 444 767 μὴ
482 696 851 766 βουλομένοις,
904 708 963 752 ιιι
996 686 1215 755 sacrum
1243 700 1461 770 jugum,
1492 716 1811 777 quanquam
1841 704 1936 758 dc-

367 788 725 849 trectantibus
778 788 1116 858 imponeret;
1157 790 1387 859 denique
1436 792 1657 855 ambos,
1713 793 1945 847 remisso

366 881 517 950 prius
538 880 806 936 Theoduli
830 883 1024 951 pretio,
1049 895 1102 939 et
1118 884 1320 939 donato
1350 885 1667 949 liberaliter,
1688 887 1946 956 onmique

362 975 523 1045 691
542 975 739 1030 viatico
772 976 968 1030 idoneo
991 976 1291 1032 instructos
1315 978 1606 1032 dimisisse.
1642 978 1749 1033 lsta
1782 978 1845 1031 Β.
1882 978 1942 1033 Ρ.

365 1065 649 1131 Possinus,
669 1083 699 1123 e
716 1084 817 1123 ms.
834 1068 1192 1123 illustrissimi
1216 1069 1527 1124 Moneltallii
1552 1071 1728 1127 at't‘ltir
1741 1071 1944 1139 piscopi

367 1156 647 1226 Tolosani,
680 1159 865 1217 Graece
912 1159 1218 1230 Latineque
1252 1160 1484 1216 Parisiis
1513 1160 1718 1227 edidit;
1755 1178 1945 1217 verum

365 1265 395 1303 e
439 1250 627 1321 Regio,
674 1259 730 1306 et
765 1250 1081 1305 Mazzarino
1118 1267 1252 1309 mss.
1291 1250 1482 1306 Latine
1511 1250 1732 1322 quoque
1766 1252 1946 1307 reddi-

365 1342 521 1395 derat
561 1344 893 1399 reverendus
926 1344 1086 1399 Pater
1121 1341 1452 1407 Franciscus
1487 1343 1810 1405 Combefis.,
1851 1345 1945 1399 sed

365 1444 419 1487 et
441 1434 712 1489 Gallicum
738 1436 793 1489 in
824 1451 1136 1491 sermonem
1169 1439 1449 1494 transtulit
1471 1438 1536 1493 Β.
1560 1438 1615 1491 Ρ.
1647 1436 1722 1491 Le
1743 1437 1942 1501 Sueur,

365 1528 618 1594 quamvis
657 1526 722 1579 D.
788 1526 1025 1583 Erouval
1074 1529 1150 1583 illi
1181 1531 1495 1585 versionem
1538 1529 1762 1599 alteram
1805 1530 1947 1598 typis

371 1621 682 1672 mandatam
706 1634 850 1673 anno
878 1619 1036 1685 i649,
1062 1621 1219 1689 cujus
1253 1631 1443 1674 auctor
1463 1621 1528 1673 ll.
1565 1622 1626 1675 Ρ.
1659 1618 1941 1673 Possinnm

366 1707 719 1775 sequebatur,
737 1717 1085 1763 ostentasset.
1113 1710 1440 1778 l.ipomanus
1459 1709 1706 1763 Latinam
1731 1712 1937 1764 versio-

367 1812 490 1850 nem
541 1797 934 1866 publicaverat,
971 1815 1135 1868 quam
1190 1816 1221 1855 a
1284 1801 1447 1854 Surio
1504 1802 1764 1856 insertam
1824 1804 1939 1855 suis

367 1897 668 1957 martyrum
714 1888 972 1945 llistoriis
1012 1891 1284 1957 arbitror;
1332 1891 1689 1946 nihilominus
1738 1892 1941 1946 Narra-

369 1978 567 2031 tionem
624 1978 785 2032 istam
838 1978 944 2033 Nili
1001 1982 1248 2052 redigere
1298 1983 1458 2036 libuit
1503 1984 1592 2036 hic
1641 1983 1697 2036 in
1749 1984 1939 2051 Epito-

368 2082 510 2129 men,
553 2076 607 2119 et
641 2067 742 2120 tria
777 2068 1128 2123 considerare
1155 2072 1419 2124 attentius
1446 2072 1708 2125 voeabula
1747 2089 1940 2141 nempe

362 2160 483 2222 ταῖς
498 2159 695 2225 κόμαις
721 2160 818 2229 τῆς
855 2160 1118 2229 κεφαλῆς,
1145 2170 1218 2226 et,
1253 2166 1633 2232 μιαροφαγεῖν,
1654 2164 1891 2232 denique
1920 2183 1933 2218 :

366 2250 464 2302 καὶ
492 2250 704 2317 γυναιξὶ
747 2250 1127 2321 προσπαίζειν,
1170 2251 1223 2306 id
1256 2262 1360 2315 est,
1396 2255 1636 2319 cwsarie,
1676 2256 1939 2326 comisque

364 2343 592 2409 capitis;
624 2345 911 2408 comedere,
943 2360 1058 2412 qua:
1083 2355 1205 2397 sunt
1240 2345 1457 2407 illicita,
1492 2357 1542 2398 et
1571 2352 1893 2401 exsecranda
1915 2367 1934 2415 ;

362 2450 483 2487 cum
514 2433 822 2487 mulieribus
852 2434 1051 2488 ludere.
1094 2435 1136 2488 E
1182 2437 1361 2505 primo
1391 2452 1563 2505 arguo
1597 2438 1789 2492 solitos
1820 2454 1938 2491 mo-

363 2527 571 2580 nachos
603 2524 895 2588 attonderi,
933 2525 1010 2578 uti
1036 2525 1149 2594 jam
1186 2526 1360 2579 innui.
1400 2525 1693 2581 Salvianus
1720 2528 1813 2582 lib.
1842 2543 1935 2583 vm

366 2619 439 2671 De
464 2618 839 2687 gubernatione
859 2617 958 2672 Dei
990 2618 1251 2673 describit
1281 2620 1607 2674 mOnachutn
1630 2621 1933 2690 palliatum,

362 2720 415 2764 et
452 2710 735 2779 pallidum,
782 2723 836 2765 et
882 2711 1075 2766 recisis
1118 2726 1404 2767 comarum
1452 2711 1735 2785 fluentium
1787 2713 1935 2781 jubis

365 2816 538 2870 trsquc
567 2801 633 2877 ad
669 2810 851 2856 cutem
894 2812 1133 2866 tonsum,
1171 2817 1295 2872 pag.
1330 2804 1470 2869 190;
1506 2803 1851 2869 Sirmondus,
1880 2804 1935 2858 in

360 2891 520 2959 epist.
555 2890 646 2954 25,
677 2892 774 2945 lib.
812 2907 871 2945 ιιι
902 2890 1137 2957 Sidonii,
1185 2891 1380 2962 Yepez,
1435 2895 1486 2947 in
1534 2894 1731 2949 Chron.
1766 2897 1935 2948 sancti

368 2980 656 3047 Benedicti,
690 2996 812 3052 cap.
845 2982 902 3035 4.
938 2982 1119 3037 Nilum
1153 2991 1336 3038 autem
1380 2984 1584 3040 aluisse
1616 3001 1827 3040 comam
1879 2987 1933 3040 in

362 3074 533 3138 luctu,
565 3086 621 3129 et
650 3075 971 3143 promisisse
1000 3074 1123 3129 ideo
1161 3076 1409 3145 capillus,
1444 3084 1505 3129 ut
1552 3075 1742 3131 faciem
1775 3080 1933 3132 obte—

360 3176 571 3236 gerent,
594 3167 861 3220 necalilio
874 3168 1058 3221 statim
1082 3178 1493 3235 agnosceretur.
1507 3166 1932 3238 Lugentesenitu

358 3266 414 3310 et
444 3257 520 3310 rei
573 3256 822 3311 solebant
852 3257 984 3311 olim
1020 3258 1244 3310 barbam
1297 3257 1669 3326 capillumque
1700 3260 1936 3312 submit-

361 3360 502 3415 tere;
560 3356 794 3404 testatur
822 3350 875 3403 id
907 3350 975 3404 de
1014 3350 1256 3404 Eumene
1285 3348 1556 3415 Justinus,
1607 3351 1700 3406 lib.
1736 3368 1930 3416 xxxvi,

357 3443 532 3510 deque
565 3442 811 3510 Augusto
859 3444 1087 3509 Suetou.
1128 3456 1193 3517 (ε.⁶
1231 3441 1337 3505 25;
1372 3440 1561 3511 Cujac.
1604 3443 1699 3496 lib.
1734 3460 1785 3496 vt
1826 3443 1931 3498 0b-

357 3532 691 3588 servatJur.
732 3550 781 3589 c.
827 3536 877 3596 i,
919 3534 987 3588 ad
1025 3534 1123 3587 lib.
1158 3549 1226 3587 xv
1262 3534 1332 3588 ι).
1371 3533 1440 3587 De
1469 3534 1656 3602 injur.;
1699 3534 1729 3605 §‘
1763 3533 1930 3588 Gene-

356 3626 541 3679 raliter
566 3626 622 3679 in
659 3624 799 3681 verb.
830 3626 906 3679 vel
954 3625 1173 3694 capillos
1205 3625 1504 3679 submittat.
1541 3624 1766 3681 Ovidius
1805 3628 1931 3696 qui-

354 3720 476 3772 dem
527 3719 799 3788 relegatus
846 3718 914 3773 ad
960 3717 1235 3773 Euxinum
1270 3717 1503 3772 Pontum
1548 3728 1804 3788 egressus
1846 3729 1930 3775 est

360 3809 397 3863 U
409 3813 501 3866 rbc
512 3852 536 3876 ,

494 3899 780 3967 Squalidus
816 3900 1072 3955 immissis
1107 3900 1250 3953 hirta
1278 3915 1370 3969 per
1401 3915 1495 3953 ora
1527 3901 1716 3954 comiso

353 3991 735 4045 tlonsulendus
771 3992 1065 4047 cardinalis
1100 3991 1364 4049 Barouius
1401 3994 1455 4047 in
1488 3993 1780 4046 Annalibus
1819 3991 1926 4046 Ec-

352 4082 474 4135 rles.
516 4082 582 4136 ad
620 4097 826 4136 annum
875 4082 981 4150 58,
1033 4098 1188 4137 uum.
1227 4084 1318 4151 55,
1353 4086 1497 4155 apud
1546 4084 1921 4153 Spondanum.

421 4177 577 4241 Quod
603 4178 800 4232 attinet
829 4179 896 4232 ad
928 4182 1313 4250 μιαροφαγείν,
1356 4196 1468 4235 non
1492 4188 1703 4234 tantum
1728 4181 1927 4251 opinor

353 4264 695 4321 Theodulum
731 4268 1037 4337 intelligere
1078 4270 1379 4342 idolothyta
1416 4286 1786 4341 paganorum,
1839 4273 1923 4326 vel

1975 1683 2014 1736 Β

1962 3033 2003 3088 C

2047 423 2284 478 breviter
2320 424 2387 479 de
2420 424 2748 479 abstinentia
2782 428 2984 490 carnis,
3023 443 3133 497 qua
3168 430 3489 499 reprimitur
3517 449 3651 485 κοι-

2044 513 2336 584 λιοδαίμων
2356 555 2373 579 ,
2418 517 2512 585 qui
2550 517 2929 588 παραπλήσιος
2956 529 3041 573 est
3068 520 3507 593 ἐγγαστριμύοῳ
3526 564 3545 587 ,
3592 525 3652 578 id

2042 614 2150 670 est,
2189 607 2391 661 dtemon
2423 608 2652 673 uentris,
2687 610 2780 678 qui
2805 596 3536 684 vicinusestventriloquo;
3582 618 3656 670 de

2042 695 2423 753 Carthusianis
2472 702 2649 754 saneti
2697 700 3006 767 Brunonis,
3040 705 3132 772 qui
3183 706 3654 762 anachoreticam

2044 788 2211 841 vitam
2240 789 2293 842 in
2322 791 2615 846 Occidente
2648 794 2953 861 renovavit,
2984 795 3245 862 alumnis,
3277 799 3491 867 quique
3515 814 3656 868 per-

2046 888 2208 947 petuo
2259 880 2540 937 abstinent
2588 884 2657 938 ab
2703 899 2802 939 esu
2834 886 3108 950 carnium,
3153 887 3430 943 Ostiensis
3480 891 3654 943 card.

2040 970 2314 1026 Henricus
2360 973 2430 1027 de
2480 973 2783 1044 Segusione
2811 977 2989 1032 obiter
3017 978 3073 1032 in
3107 993 3158 1037 c.
3190 978 3494 1034 Consilium
3527 992 3653 1035 ext.

2043 1060 2107 1113 de
2142 1060 2341 1115 observ.
2368 1062 2630 1131 Jejuuior.
2658 1073 2713 1119 et
2739 1063 2981 1121 Joannes
3026 1066 3291 1139 Andreae,
3338 1070 3438 1139 qui
3473 1080 3600 1125 stat
3622 1090 3655 1124 a

2043 1149 2422 1208 Carthasianis
2467 1170 2531 1208 ex
2582 1155 2723 1209 libro
2771 1157 2994 1210 Arualdi
3038 1158 3201 1228 692
3233 1160 3301 1213 de
3340 1160 3652 1215 Villanova

2045 1259 2141 1312 pro
2167 1240 2297 1312 ipsis
2329 1245 2667 1315 conscripto,
2721 1247 2799 1300 uti
2832 1248 3104 1301 Antonius
3135 1248 3352 1303 Butrius
3383 1252 3445 1303 in
3486 1268 3654 1305 mar-

2044 1337 2169 1406 gine
2214 1335 2616 1400 Panormitani,
2662 1348 2711 1392 et
2755 1336 2996 1393 Joannes
3038 1338 3355 1396 Charlerius
3382 1345 3457 1397 de
3502 1343 3654 1396 Ger—

2044 1443 2177 1481 sone
2206 1429 2406 1496 oppido
2437 1428 2722 1483 Remensis
2758 1429 3034 1494 dimcesis,
3085 1441 3248 1501 atque
3285 1431 3651 1504 Fogerolius,

2046 1519 2099 1572 in
2155 1520 2292 1572 libro
2346 1518 2629 1589 Porphyrii
2672 1519 2745 1572 De
2801 1521 3140 1575 abstinentia.
3203 1520 3393 1587 Quoad
3450 1527 3650 1578 lusum

2046 1625 2171 1663 cum
2225 1609 2591 1673 mulieribus,
2645 1611 2878 1679 pudicus
2916 1612 3004 1665 ille
3038 1613 3378 1668 castimonia:
3443 1626 3654 1669 custos

2044 1712 2098 1756 et
2148 1702 2479 1771 purissimus
2511 1704 2829 1758 adolescens
2862 1705 3002 1757 velat
3039 1705 3143 1759 hoc
3182 1706 3351 1760 verbo
3381 1710 3648 1775 turpitu-

2044 1793 2336 1859 dinem,ad
2362 1810 2525 1862 quam
2559 1795 2757 1863 impuri
2808 1804 2863 1849 et
2894 1796 3048 1865 impii
3083 1798 3364 1866 pradones
3399 1799 3649 1853 obsceni

2043 1884 2372 1939 Mahumetis
2424 1900 2790 1954 praecursores
2849 1903 2973 1941 eum
3028 1888 3349 1957 adigebant;
3406 1906 3552 1943 nam
3601 1893 3647 1946 si

2046 1977 2205 2031 l‘wdis
2230 1976 2409 2045 ipsum
2438 1978 2581 2034 escis
2603 1980 2932 2047 explessent,
2964 1989 3017 2032 et
3043 1980 3452 2048 inquinassent,
3490 1982 3643 2037 haud

2043 2067 2209 2121 dubie
2245 2070 2311 2121 ad
2353 2070 2804 2124 incontinentiam
2847 2072 3266 2140 protraxissent.
3334 2073 3645 2127 Ἐκάθισεν

2042 2160 2071 2210 ὁ
2114 2158 2241 2221 λαὸς
2289 2163 2501 2227 φαγεῖν,
2536 2163 2632 2214 καὶ
2679 2165 2841 2228 πιεῖν,
2889 2163 2985 2214 καὶ
3029 2163 3329 2232 ἀνέστησαν
3380 2164 3642 2229 παίζειν.

2043 2251 2213 2304 Exodi
2247 2267 2296 2305 c.
2338 2268 2511 2319 χχχιι,
2547 2269 2603 2307 v.
2633 2253 2699 2318 6;
2743 2254 2795 2307 id
2824 2264 2937 2317 est,
2970 2256 3103 2307 sedit
3133 2255 3355 2323 populus
3390 2258 3645 2312 mandu-

2043 2359 2166 2395 care
2216 2354 2263 2396 et
2299 2343 2507 2409 bibere;
2556 2351 2678 2414 qua:
2720 2346 2884 2400 verba
2942 2346 3137 2400 inserit
3166 2345 3478 2416 Apostolus
3518 2349 3537 2400 l
3572 2356 3641 2402 ιιι

2043 2433 2291 2489 Corinth.
2327 2450 2377 2488 c.
2428 2451 2485 2500 x,
2527 2451 2579 2489 v.
2622 2436 2677 2501 7,
2729 2436 2825 2489 καὶ
2871 2436 3085 2505 γυναιξὶ
3135 2438 3514 2508 προσπαίζειν
3560 2441 3643 2494 ait

2043 2523 2379 2588 Theodulus,
2428 2524 2480 2577 id
2517 2536 2636 2589 est,
2677 2526 3001 2581 mulieribus
3050 2527 3312 2583 alludere.
3366 2528 3639 2583 Marrucini

2041 2617 2285 2685 profecto
2315 2616 2532 2672 caelibes
2561 2627 2740 2682 erant,
2799 2629 2853 2671 et
2898 2619 3170 2674 vovebant
3218 2620 3640 2690 servabantque

2040 2710 2374 2775 castitatem,
2427 2710 2571 2763 unde
2604 2709 2940 2764 vocabantur
2975 2711 3185 2781 Azyges
3218 2729 3233 2765 :
3267 2713 3475 2781 synod.
3511 2731 3635 2781 vtu,

2041 2813 2149 2855 act.
2184 2801 2252 2868 5,
2279 2817 2333 2871 p.
2367 2800 2491 2855 266.
2531 2802 2605 2854 Τὸ
2630 2802 2790 2872 σῶμα
2828 2804 2908 2866 εἰς
2941 2803 3038 2874 τὴν
3065 2806 3304 2875 σήμερον
3339 2806 3537 2875 ἁγνόν,
3562 2811 3637 2863 ad

2041 2893 2365 2947 hodiernum
2401 2909 2573 2962 usque
2597 2893 2741 2948 diem
2770 2902 2981 2949 castum
3016 2896 3299 2965 professus
3327 2907 3413 2953 est
3444 2898 3640 2955 Theo-

2039 2983 2222 3047 dulus,
2252 2999 2371 3054 pag.
2405 2984 2530 3049 M7,
2562 2983 2617 3038 in
2641 2983 2987 3048 Narratione,
3018 3000 3177 3039 suum
3203 3001 3404 3056 corpus
3435 2987 3636 3044 hacte-

2035 3090 2141 3128 nus
2165 3075 2467 3144 virgineum
2489 3091 2505 3136 ;
2537 3083 2592 3129 et
2610 3076 2677 3129 de
2703 3074 2919 3129 Malcho
2951 3077 3220 3131 monacho
3243 3078 3365 3132 fuse
3388 3090 3634 3134 sanctus

2036 3162 2401 3235 Hieronymus
2436 3166 2489 3220 in
2520 3166 2641 3235 ejus
2666 3164 2811 3230 Vita,
2849 3175 2902 3220 et
2928 3164 3374 3237 Martyrologium
3407 3168 3636 3225 Roma-

2035 3269 2165 3307 num
2228 3254 2318 3309 die
2382 3256 2443 3309 2t
2505 3254 2780 3320 Octobris,
2842 3273 3004 3326 quem
3062 3260 3277 3312 barbari
3334 3262 3633 3328 captivum

2034 3359 2327 3415 coegerunt
2359 3350 2615 3404 feminam
2632 3352 2898 3420 captivam
2923 3367 3111 3407 secum
3136 3354 3381 3417 retinere,
3405 3370 3633 3421 quam~

2037 3440 2118 3494 vis
2148 3456 2273 3494 cum
2311 3442 2403 3495 illa
2434 3446 2585 3497 ca‘sta
2611 3444 2829 3497 vivebat
2867 3444 3071 3499 castior
3105 3446 3250 3513 ipse:
3277 3446 3459 3511 deque
3494 3450 3627 3502 alio

2034 3533 2307 3587 monacho
2348 3534 2695 3588 adolescente
2723 3535 2927 3600 vincto,
2956 3546 3010 3590 et
3038 3551 3067 3589 a
3104 3536 3399 3598 meretrice,
3430 3553 3629 3609 paga-

2031 3640 2227 3677 norum
2280 3624 2658 3679 insidiantium
2708 3627 2831 3695 ejus
2878 3628 3119 3682 castitati
3156 3640 3308 3695 arte,
3359 3631 3633 3687 immissa

2030 3715 2291 3783 pellecto,
2336 3720 2729 3786 essecta‘mque
2771 3719 3028 3774 dentibus
3069 3721 3183 3774 suis
3214 3721 3455 3790 linguam
3487 3739 3621 3792 pro~

2028 3806 2202 3874 priam
2251 3805 2518 3862 adversus
2566 3821 2685 3862 eam
2739 3820 3097 3879 conspuente.
3134 3809 3265 3866 Vide
3307 3812 3465 3867 Vitas
3512 3813 3627 3867 Pa-

2029 3908 2196 3952 trum.
2229 3898 2303 3952 Ex
2339 3900 2443 3954 ista
2475 3915 2640 3969 porro
2672 3900 2922 3970 Epitome
2954 3904 3120 3973 liquet
3150 3920 3317 3974 quam
3366 3906 3628 3975 agitatus

2026 4000 2081 4045 et
2102 3984 2405 4045 concussus
2427 3990 2594 4047 fuerit
2620 3992 2838 4047 animus
2858 3992 2988 4059 Nili,
3011 4004 3165 4048 atate
3182 3995 3297 4063 jam
3348 4009 3625 4067 vergente

2028 4097 2090 4136 ac
2128 4083 2560 4151 ingravescente,
2597 4094 2760 4154 atque
2789 4085 3068 4141 devoratis
3108 4095 3187 4140 tot
3228 4086 3506 4143 molestiis
3563 4101 3627 4143 et

2025 4173 2310 4239 aerumnis,
2347 4174 2599 4230 turbatus
2630 4186 2686 4230 et
2714 4175 2947 4231 afﬂictus
2993 4177 3289 4247 (occupant
3321 4178 3475 4232 enim
3507 4181 3627 4233 ela-

2024 4266 2197 4319 riores
2221 4266 2440 4320 animos
2473 4266 2749 4321 interdum
2782 4269 3147 4323 humanarum
3188 4269 3458 4337 caligines
3483 4284 3617 4338 pas.

351 4373 542 4427 azyma
564 4356 902 4433 Judaeorum,
924 4375 1278 4428 quascanone
1297 4361 1362 4417 70
1385 4363 1627 4431 Apostol.
1652 4380 1689 4417 tt
1721 4362 1921 4433 Synodi
1957 4359 1999 4413 Ι)
2029 4360 2296 4430 siouum),
2327 4362 2488 4430 quasi
2508 4362 2651 4417 mole
2683 4363 3056 4418 calatriitatum
3099 4378 3209 4418 non
3252 4364 3435 4418 solum
3482 4379 3627 4418 cur-

350 4449 648 4525 Cangren.,
683 4465 889 4504 xxxvm
919 4449 1239 4517 Laodicen.,
1272 4469 1309 4508 ιι
1328 4453 1619 4518 Trullanae,
1652 4455 1918 4524 prohibita

350 4555 568 4609 qu0que
599 4549 757 4607 sunt;
793 4543 888 4598 sed
914 4550 969 4597 et
999 4544 1154 4599 cibos
1183 4544 1403 4607 vetitos,
1429 4542 1630 4614 quibus
1652 4545 1922 4600 abstinent

349 4632 638 4686 orthodoxi
671 4632 807 4689 feria
843 4647 995 4689 sexta
1020 4636 1284 4704 qualibet,
1314 4645 1366 4692 et
1390 4636 1619 4706 singulis
1647 4634 1918 4703 Sabbatis,

348 4740 413 4777 ac
453 4724 507 4778 in
541 4723 991 4799 Quadragesima,
1024 4727 1270 4798 plerique
1305 4744 1436 4784 vero
1484 4730 1735 4786 monachi
1781 4746 1921 4800 prtu-

348 4814 553 4871 stitutis
586 4816 782 4872 diebus
810 4833 878 4872 ex
919 4820 1172 4889 instituto
1201 4821 1698 4887 monasteriorum;
1731 4831 1919 4876 notum

347 4910 477 4964 illud
513 4910 859 4979 proverbium
895 4929 908 4965 :
945 4911 1118 4983 Τυρὸς
1158 4913 1254 4965 καὶ
1296 4912 1458 4983 ἄρτος
1494 4912 1590 4966 καὶ
1615 4909 1777 4977 οἶνος,
1805 4912 1917 4983 βίος

349 5001 585 5071 μοναχοῦ
632 5000 1017 5072 καθημερινάς.
1058 5003 1123 5058 Ut
1160 5004 1343 5058 nullus
1374 5000 1754 5075 cpiscopOrum
1804 5021 1923 5059 mo-

343 5090 539 5149 itacltis
573 5093 815 5149 volatilia
849 5095 1134 5150 comedere
1185 5097 1465 5163 concedat,
1515 5098 1761 5152 sancitur
1809 5112 1857 5151 c.
1887 5096 1920 5151 9

345 5186 699 5241 Additionum
736 5186 800 5240 ad
837 5187 1086 5256 Capitula
1123 5188 1307 5243 Caroli
1356 5187 1426 5241 M.
1480 5190 1533 5243 in
1582 5190 1917 5244 Bibliotheca

345 5278 715 5342 Cluniacensi,
744 5279 836 5332 ubi
876 5277 1208 5345 Quercetan.
1240 5281 1407 5334 multa
1440 5290 1614 5342 notat,
1642 5297 1695 5350 p.
1723 5281 1814 5335 27.
1850 5280 1921 5334 Dc

345 5368 711 5437 xeropltagiis,
740 5369 790 5422 id
815 5379 915 5434 est,
972 5370 1248 5423 aridorqu
1284 5378 1338 5423 et
1364 5371 1639 5424 siccorum
1672 5370 1917 5423 ciborum

345 5472 461 5519 esu,
488 5472 595 5515 etc.
626 5461 1021 5527 Tcrtullianus,
1045 5463 1141 5516 lib.
1166 5477 1219 5526 v,
1251 5478 1370 5533 cap.
1402 5463 1456 5523 4,
1480 5463 1740 5515 Adversus
1770 5460 1919 5515 Mur-

346 5546 507 5611 cion.;
550 5548 706 5603 l’hilo
733 5591 746 5614 ,
790 5554 885 5607 lib.
936 5569 983 5614 I,
1022 5552 1093 5605 De
1131 5554 1219 5605 vit.
1261 5553 1625 5621 contemplat.;
1666 5552 1814 5608 Fest.
1864 5556 1917 5606 in

350 5635 495 5685 ιρι-ι).
536 5635 765 5701 Panem;
817 5643 1125 5696 Cardinalis
1159 5642 1428 5700 Batonius
1475 5644 1540 5699 ad
1572 5662 1775 5701 anuth
1824 5647 1913 5700 5i.

2025 4463 2184 4507 vatus
2231 4461 2286 4506 et
2337 4452 2652 4517 inclinatus,
2690 4470 2880 4509 verum
2928 4458 3093 4509 etiam
3125 4455 3385 4520 obrutus,
3444 4456 3632 4524 atque

2022 4544 2320 4615 oppressus
2350 4544 2454 4599 sub
2480 4560 2648 4601 onere
2672 4556 2823 4602 tanto
2846 4546 3107 4601 fatiscens
3133 4547 3307 4617 magis
3339 4560 3403 4599 ac
3432 4547 3629 4616 magis

2024 4636 2346 4690 insenuerit.
2378 4635 2592 4691 Etenim
2623 4637 2668 4692 si
2700 4638 2810 4707 (uti
2837 4636 3256 4708 computabam)
3278 4635 3438 4691 Nilus
3461 4653 3627 4692 armo

2024 4719 2086 4775 C.
2118 4719 2185 4775 N.
2214 4722 2342 4786 560,
2375 4722 2851 4795 ConstantinOpoli
2879 4727 3031 4795 (quae
3054 4725 3187 4779 δέκα
3218 4725 3383 4786 ἔτεσι,
3419 4724 3479 4778 id
3507 4734 3627 4787 est,

2023 4810 2211 4865 decem
2252 4813 2411 4867 annis
2439 4814 2682 4881 condita,
2730 4816 2980 4870 dedicata
3030 4815 3207 4871 fuerat
3249 4829 3394 4869 anno
3428 4814 3498 4871 C.
3544 4815 3627 4871 Ν.

2022 4902 2157 4969 550,
2208 4919 2239 4958 e
2287 4903 2508 4962 Juliano
2540 4907 2799 4978 Apostata
2829 4907 3066 4971 Cresare,
3112 4916 3254 4963 orat.
3292 4907 3344 4970 i,
3370 4921 3427 4974 p.
3480 4907 3629 4971 256)

2024 5005 2185 5052 natus
2220 5007 2366 5066 erat;
2399 5013 2545 5053 anno
2573 4998 2636 5053 C.
2670 4997 2735 5053 N.
2770 4999 2895 5067 405,
2931 4999 3216 5069 praefectus
3247 4997 3439 5052 itidem
3476 4999 3630 5056 Urbi

2024 5090 2270 5146 delectus
2303 5092 2483 5146 aetatis
2512 5090 2604 5156 42,
2648 5107 2747 5148 seu
2774 5090 2866 5156 45,
2915 5090 3202 5146 studuerat
3239 5090 3447 5160 quippe
3480 5091 3637 5146 libe-

2025 5182 2233 5239 ralibus
2260 5183 2584 5253 disciplinis,
2614 5173 2668 5239 in
2689 5184 2825 5239 urbe
2846 5181 2954 5237 CP.
2975 5185 3041 5236 ad
3064 5198 3265 5237 annum
3290 5180 3353 5236 C.
3381 5180 3456 5237 N.
3482 5184 3630 5250 585,

2022 5275 2200 5330 aetatis
2228 5275 2337 5342 25;
2383 5277 2617 5331 duxerat
2660 5292 2887 5331 uxorem
2929 5291 3075 5331 anno
3112 5274 3251 5339 590,
3285 5275 3476 5330 aetatis
3508 5276 3631 5340 30;

2022 5367 2314 5436 reliquerat
2354 5369 2585 5437 patriam
2613 5381 2665 5424 et
2699 5370 2902 5437 aulam,
2933 5368 3285 5438 proﬁciscens
3330 5367 3396 5420 ad
3451 5383 3625 5421 mon-

2021 5469 2128 5513 tem
2158 5460 2288 5514 Sina
2318 5475 2462 5515 anno
2496 5460 2620 5516 405.
2657 5462 2923 5517 Praeterea
2962 5462 3189 5517 incursu
3220 5459 3365 5515 facto
3399 5459 3632 5515 Arabas

2026 5552 2192 5605 tilium
2238 5567 2397 5607 suum
2452 5552 2792 5609 'l'heodulum
2846 5555 3224 5617 abduxerunt,
3287 5568 3462 5623 quem
3526 5554 3633 5606 diu

2025 5642 2385 5713 pcrquisitunt
2430 5661 2574 5701 anno
2614 5645 2740 5713 4w,
2789 5661 2885 5702 seu
2925 5646 3048 5713 ιιι,
3090 5646 3221 5701 dum
3270 5644 3457 5701 artatis
3505 5661 3629 5701 sua
