  <div class='ocr_page' id='page_1' title='image "/cluster/home/n/w/nwhite01/storage/ocr_20150623/79/hvd.32044073502056/717.png"; bbox 0 0 3898 6196; ppageno 0'>
   <div class='ocr_carea' id='block_1_1' title="bbox 322 210 459 273">
    <p class='ocr_par' dir='ltr' id='par_1_1' title="bbox 322 210 459 273">
     <span class='ocr_line' id='line_1_1' title="bbox 322 210 459 273; baseline 0.015 -2"><span class='ocrx_word' id='word_1_1' title='bbox 322 210 459 273; x_wconf 67' lang='grc'><strong>1423</strong></span> 
     </span>
    </p>
   </div>
   <div class='ocr_carea' id='block_1_2' title="bbox 1065 211 2847 275">
    <p class='ocr_par' dir='ltr' id='par_1_2' title="bbox 1065 211 2847 275">
     <span class='ocr_line' id='line_1_2' title="bbox 1065 211 2847 275; baseline 0.002 -4"><span class='ocrx_word' id='word_1_2' title='bbox 1065 211 1211 271; x_wconf 82' lang='lat' dir='ltr'><strong>JOS.</strong></span> <span class='ocrx_word' id='word_1_3' title='bbox 1249 212 1510 271; x_wconf 71' lang='grc' dir='ltr'><strong>ΜΑΒΙᾸΞ</strong></span> <span class='ocrx_word' id='word_1_4' title='bbox 1550 212 1907 274; x_wconf 77' lang='lat' dir='ltr'><strong>SUARESII</strong></span> <span class='ocrx_word' id='word_1_5' title='bbox 1949 214 2180 275; x_wconf 83' lang='lat' dir='ltr'><strong>LIBER</strong></span> <span class='ocrx_word' id='word_1_6' title='bbox 2216 213 2847 275; x_wconf 84' lang='lat' dir='ltr'><strong>CHRONOLOGICUS</strong></span> 
     </span>
    </p>
   </div>
   <div class='ocr_carea' id='block_1_3' title="bbox 3438 212 3585 275">
    <p class='ocr_par' dir='ltr' id='par_1_3' title="bbox 3438 212 3585 275">
     <span class='ocr_line' id='line_1_3' title="bbox 3438 212 3585 275; baseline 0 -2"><span class='ocrx_word' id='word_1_7' title='bbox 3438 212 3470 273; x_wconf 88' lang='lat' dir='ltr'><strong>&#39;l</strong></span> <span class='ocrx_word' id='word_1_8' title='bbox 3482 212 3585 275; x_wconf 62' lang='lat'><strong>521</strong></span> 
     </span>
    </p>
   </div>
   <div class='ocr_carea' id='block_1_4' title="bbox 316 320 3585 390">
    <p class='ocr_par' dir='ltr' id='par_1_4' title="bbox 316 320 3585 390">
     <span class='ocr_line' id='line_1_4' title="bbox 316 320 3585 390; baseline 0.001 -15"><span class='ocrx_word' id='word_1_9' title='bbox 316 323 429 375; x_wconf 84' lang='lat' dir='ltr'><strong>tnta</strong></span> <span class='ocrx_word' id='word_1_10' title='bbox 468 320 812 390; x_wconf 87' lang='lat' dir='ltr'><strong>disciplinam</strong></span> <span class='ocrx_word' id='word_1_11' title='bbox 876 320 1304 374; x_wconf 78' lang='lat' dir='ltr'><strong>ecclesiasticam</strong></span> <span class='ocrx_word' id='word_1_12' title='bbox 1353 323 1617 378; x_wconf 91' lang='lat' dir='ltr'><strong>continet.</strong></span> <span class='ocrx_word' id='word_1_13' title='bbox 1679 323 1962 386; x_wconf 76' lang='lat' dir='ltr'><strong>FloruitA</strong></span> <span class='ocrx_word' id='word_1_14' title='bbox 1990 326 2258 387; x_wconf 89' lang='lat' dir='ltr'><strong>cionibus,</strong></span> <span class='ocrx_word' id='word_1_15' title='bbox 2306 334 2359 379; x_wconf 91' lang='lat' dir='ltr'><strong>et</strong></span> <span class='ocrx_word' id='word_1_16' title='bbox 2406 324 2867 386; x_wconf 81' lang='lat' dir='ltr'><strong>accusationibus,</strong></span> <span class='ocrx_word' id='word_1_17' title='bbox 2909 320 3265 377; x_wconf 75' lang='lat' dir='ltr'><strong>invehebatur</strong></span> <span class='ocrx_word' id='word_1_18' title='bbox 3302 325 3585 384; x_wconf 77' lang='lat' dir='ltr'><strong>exsultans</strong></span> 
     </span>
    </p>
   </div>
   <div class='ocr_carea' id='block_1_5' title="bbox 319 410 1893 482">
    <p class='ocr_par' dir='ltr' id='par_1_5' title="bbox 319 410 1893 482">
     <span class='ocr_line' id='line_1_5' title="bbox 319 410 1893 482; baseline 0.003 -16"><span class='ocrx_word' id='word_1_19' title='bbox 319 415 410 467; x_wconf 89' lang='lat' dir='ltr'><strong>ille</strong></span> <span class='ocrx_word' id='word_1_20' title='bbox 440 428 588 467; x_wconf 86' lang='lat' dir='ltr'><strong>anno</strong></span> <span class='ocrx_word' id='word_1_21' title='bbox 619 411 823 467; x_wconf 80' lang='lat' dir='ltr'><strong>Christi</strong></span> <span class='ocrx_word' id='word_1_22' title='bbox 870 410 934 463; x_wconf 91' lang='lat' dir='ltr'><strong>N.</strong></span> <span class='ocrx_word' id='word_1_23' title='bbox 982 410 1107 466; x_wconf 76' lang='lat'><strong>835.</strong></span> <span class='ocrx_word' id='word_1_24' title='bbox 1141 411 1216 465; x_wconf 88' lang='lat' dir='ltr'><strong>lta</strong></span> <span class='ocrx_word' id='word_1_25' title='bbox 1250 413 1561 482; x_wconf 85' lang='lat' dir='ltr'><strong>Capitulare</strong></span> <span class='ocrx_word' id='word_1_26' title='bbox 1599 414 1777 470; x_wconf 81' lang='lat' dir='ltr'><strong>Caroli</strong></span> <span class='ocrx_word' id='word_1_27' title='bbox 1823 416 1893 470; x_wconf 84' lang='lat' dir='ltr'><strong>M.</strong></span> 
     </span>
    </p>
   </div>
   <div class='ocr_carea' id='block_1_6' title="bbox 316 503 1895 571">
    <p class='ocr_par' dir='ltr' id='par_1_6' title="bbox 316 503 1895 571">
     <span class='ocr_line' id='line_1_6' title="bbox 316 503 1895 571; baseline 0.003 -12"><span class='ocrx_word' id='word_1_28' title='bbox 316 506 607 559; x_wconf 87' lang='lat' dir='ltr'><strong>collectum</strong></span> <span class='ocrx_word' id='word_1_29' title='bbox 669 504 738 558; x_wconf 91' lang='lat' dir='ltr'><strong>ab</strong></span> <span class='ocrx_word' id='word_1_30' title='bbox 776 503 1044 571; x_wconf 85' lang='lat' dir='ltr'><strong>Anscgiso</strong></span> <span class='ocrx_word' id='word_1_31' title='bbox 1091 505 1286 558; x_wconf 81' lang='lat' dir='ltr'><strong>abbate</strong></span> <span class='ocrx_word' id='word_1_32' title='bbox 1328 504 1656 562; x_wconf 87' lang='lat' dir='ltr'><strong>Laubiensis</strong></span> <span class='ocrx_word' id='word_1_33' title='bbox 1698 524 1895 564; x_wconf 89' lang='lat' dir='ltr'><strong>mona-</strong></span> 
     </span>
    </p>
   </div>
   <div class='ocr_carea' id='block_1_7' title="bbox 316 595 1894 667">
    <p class='ocr_par' dir='ltr' id='par_1_7' title="bbox 316 595 1894 667">
     <span class='ocr_line' id='line_1_7' title="bbox 316 595 1894 667; baseline 0.003 -18"><span class='ocrx_word' id='word_1_34' title='bbox 316 595 471 649; x_wconf 74' lang='lat' dir='ltr'><strong>5terii</strong></span> <span class='ocrx_word' id='word_1_35' title='bbox 493 596 947 650; x_wconf 88' lang='lat' dir='ltr'><strong>Cameracensem</strong></span> <span class='ocrx_word' id='word_1_36' title='bbox 983 595 1123 648; x_wconf 89' lang='lat' dir='ltr'><strong>intra</strong></span> <span class='ocrx_word' id='word_1_37' title='bbox 1148 596 1452 659; x_wconf 68' lang='lat' dir='ltr'><strong>dioecesim,</strong></span> <span class='ocrx_word' id='word_1_38' title='bbox 1484 598 1535 650; x_wconf 91' lang='lat' dir='ltr'><strong>in</strong></span> <span class='ocrx_word' id='word_1_39' title='bbox 1563 613 1671 667; x_wconf 91' lang='lat' dir='ltr'><strong>quo</strong></span> <span class='ocrx_word' id='word_1_40' title='bbox 1692 609 1894 655; x_wconf 87' lang='lat' dir='ltr'><strong>statuta</strong></span> 
     </span>
    </p>
   </div>
   <div class='ocr_carea' id='block_1_8' title="bbox 316 685 1895 755">
    <p class='ocr_par' dir='ltr' id='par_1_8' title="bbox 316 685 1895 755">
     <span class='ocr_line' id='line_1_8' title="bbox 316 685 1895 755; baseline 0.004 -16"><span class='ocrx_word' id='word_1_41' title='bbox 316 687 594 740; x_wconf 85' lang='lat' dir='ltr'><strong>variarum</strong></span> <span class='ocrx_word' id='word_1_42' title='bbox 626 685 962 755; x_wconf 85' lang='lat' dir='ltr'><strong>synodorum</strong></span> <span class='ocrx_word' id='word_1_43' title='bbox 1015 696 1070 740; x_wconf 90' lang='lat' dir='ltr'><strong>et</strong></span> <span class='ocrx_word' id='word_1_44' title='bbox 1111 697 1477 742; x_wconf 84' lang='lat' dir='ltr'><strong>conventuum</strong></span> <span class='ocrx_word' id='word_1_45' title='bbox 1498 729 1513 752; x_wconf 85' lang='lat'><strong>,</strong></span> <span class='ocrx_word' id='word_1_46' title='bbox 1543 699 1596 745; x_wconf 92' lang='lat' dir='ltr'><strong>et</strong></span> <span class='ocrx_word' id='word_1_47' title='bbox 1625 693 1895 746; x_wconf 85' lang='lat' dir='ltr'><strong>constitu-</strong></span> 
     </span>
    </p>
   </div>
   <div class='ocr_carea' id='block_1_9' title="bbox 316 775 1895 847">
    <p class='ocr_par' dir='ltr' id='par_1_9' title="bbox 316 775 1895 847">
     <span class='ocr_line' id='line_1_9' title="bbox 316 775 1895 847; baseline 0.004 -18"><span class='ocrx_word' id='word_1_48' title='bbox 316 778 490 830; x_wconf 88' lang='lat' dir='ltr'><strong>tiones</strong></span> <span class='ocrx_word' id='word_1_49' title='bbox 524 784 633 829; x_wconf 91' lang='lat' dir='ltr'><strong>tam</strong></span> <span class='ocrx_word' id='word_1_50' title='bbox 675 776 854 830; x_wconf 85' lang='lat' dir='ltr'><strong>Caroli</strong></span> <span class='ocrx_word' id='word_1_51' title='bbox 908 775 1083 846; x_wconf 75' lang='lat' dir='ltr'><strong>Magni</strong></span> <span class='ocrx_word' id='word_1_52' title='bbox 1117 792 1280 846; x_wconf 87' lang='lat' dir='ltr'><strong>quam</strong></span> <span class='ocrx_word' id='word_1_53' title='bbox 1311 776 1566 833; x_wconf 84' lang='lat' dir='ltr'><strong>Ludovici</strong></span> <span class='ocrx_word' id='word_1_54' title='bbox 1598 779 1766 847; x_wconf 86' lang='lat' dir='ltr'><strong>Pii,ct</strong></span> <span class='ocrx_word' id='word_1_55' title='bbox 1791 782 1895 834; x_wconf 87' lang='lat' dir='ltr'><strong>Lo-</strong></span> 
     </span>
    </p>
   </div>
   <div class='ocr_carea' id='block_1_10' title="bbox 317 865 1892 936">
    <p class='ocr_par' dir='ltr' id='par_1_10' title="bbox 317 865 1892 936">
     <span class='ocr_line' id='line_1_10' title="bbox 317 865 1892 936; baseline 0.003 -18"><span class='ocrx_word' id='word_1_56' title='bbox 317 866 473 919; x_wconf 84' lang='lat' dir='ltr'><strong>tharii</strong></span> <span class='ocrx_word' id='word_1_57' title='bbox 495 866 731 927; x_wconf 85' lang='lat' dir='ltr'><strong>concise,</strong></span> <span class='ocrx_word' id='word_1_58' title='bbox 755 865 1051 934; x_wconf 83' lang='lat' dir='ltr'><strong>paucisque</strong></span> <span class='ocrx_word' id='word_1_59' title='bbox 1067 865 1245 920; x_wconf 81' lang='lat' dir='ltr'><strong>verbis</strong></span> <span class='ocrx_word' id='word_1_60' title='bbox 1266 866 1667 935; x_wconf 85' lang='lat' dir='ltr'><strong>exprimuntur,</strong></span> <span class='ocrx_word' id='word_1_61' title='bbox 1692 882 1892 936; x_wconf 85' lang='lat' dir='ltr'><strong>conge-</strong></span> 
     </span>
    </p>
   </div>
   <div class='ocr_carea' id='block_1_11' title="bbox 314 956 1890 1026">
    <p class='ocr_par' dir='ltr' id='par_1_11' title="bbox 314 956 1890 1026">
     <span class='ocr_line' id='line_1_11' title="bbox 314 956 1890 1026; baseline 0.001 -15"><span class='ocrx_word' id='word_1_62' title='bbox 314 968 457 1011; x_wconf 85' lang='lat' dir='ltr'><strong>stum</strong></span> <span class='ocrx_word' id='word_1_63' title='bbox 508 966 592 1011; x_wconf 82' lang='lat' dir='ltr'><strong>est</strong></span> <span class='ocrx_word' id='word_1_64' title='bbox 639 958 691 1010; x_wconf 93' lang='lat' dir='ltr'><strong>in</strong></span> <span class='ocrx_word' id='word_1_65' title='bbox 729 967 964 1026; x_wconf 89' lang='lat' dir='ltr'><strong>quatuor</strong></span> <span class='ocrx_word' id='word_1_66' title='bbox 1004 957 1206 1022; x_wconf 85' lang='lat' dir='ltr'><strong>libros;</strong></span> <span class='ocrx_word' id='word_1_67' title='bbox 1232 956 1298 1010; x_wconf 91' lang='lat' dir='ltr'><strong>ad</strong></span> <span class='ocrx_word' id='word_1_68' title='bbox 1321 972 1524 1011; x_wconf 89' lang='lat' dir='ltr'><strong>annum</strong></span> <span class='ocrx_word' id='word_1_69' title='bbox 1553 958 1688 1026; x_wconf 42' lang='lat'><strong>.775,</strong></span> <span class='ocrx_word' id='word_1_70' title='bbox 1721 959 1890 1013; x_wconf 86' lang='lat' dir='ltr'><strong>collo-</strong></span> 
     </span>
    </p>
   </div>
   <div class='ocr_carea' id='block_1_12' title="bbox 314 1046 1888 1118">
    <p class='ocr_par' dir='ltr' id='par_1_12' title="bbox 314 1046 1888 1118">
     <span class='ocr_line' id='line_1_12' title="bbox 314 1046 1888 1118; baseline 0.002 -16"><span class='ocrx_word' id='word_1_71' title='bbox 314 1059 472 1102; x_wconf 84' lang='lat' dir='ltr'><strong>catur</strong></span> <span class='ocrx_word' id='word_1_72' title='bbox 501 1049 590 1103; x_wconf 90' lang='lat' dir='ltr'><strong>hic</strong></span> <span class='ocrx_word' id='word_1_73' title='bbox 617 1049 945 1118; x_wconf 62' lang='lat' dir='ltr'><strong>Ansegisus.‘</strong></span> <span class='ocrx_word' id='word_1_74' title='bbox 965 1046 1121 1117; x_wconf 87' lang='lat' dir='ltr'><strong>Apud</strong></span> <span class='ocrx_word' id='word_1_75' title='bbox 1134 1047 1354 1103; x_wconf 66' lang='lat' dir='ltr'><strong>Graecos</strong></span> <span class='ocrx_word' id='word_1_76' title='bbox 1383 1048 1672 1118; x_wconf 80' lang='grc' dir='ltr'>Κεφάλαια</span> <span class='ocrx_word' id='word_1_77' title='bbox 1702 1063 1888 1105; x_wconf 88' lang='lat' dir='ltr'><strong>vocata</strong></span> 
     </span>
    </p>
   </div>
   <div class='ocr_carea' id='block_1_13' title="bbox 314 1138 1887 1211">
    <p class='ocr_par' dir='ltr' id='par_1_13' title="bbox 314 1138 1887 1211">
     <span class='ocr_line' id='line_1_13' title="bbox 314 1138 1887 1211; baseline 0.002 -18"><span class='ocrx_word' id='word_1_78' title='bbox 314 1140 534 1195; x_wconf 79' lang='lat' dir='ltr'><strong>fuerunt</strong></span> <span class='ocrx_word' id='word_1_79' title='bbox 571 1140 872 1194; x_wconf 81' lang='lat' dir='ltr'><strong>hortatoria</strong></span> <span class='ocrx_word' id='word_1_80' title='bbox 912 1138 1212 1208; x_wconf 86' lang='lat' dir='ltr'><strong>Carpathii,</strong></span> <span class='ocrx_word' id='word_1_81' title='bbox 1267 1154 1376 1194; x_wconf 92' lang='lat' dir='ltr'><strong>non</strong></span> <span class='ocrx_word' id='word_1_82' title='bbox 1418 1140 1558 1209; x_wconf 88' lang='lat' dir='ltr'><strong>ejus,</strong></span> <span class='ocrx_word' id='word_1_83' title='bbox 1608 1142 1698 1196; x_wconf 91' lang='lat' dir='ltr'><strong>cui</strong></span> <span class='ocrx_word' id='word_1_84' title='bbox 1748 1157 1887 1211; x_wconf 61' lang='lat' dir='ltr'><strong>pree-</strong></span> 
     </span>
    </p>
   </div>
   <div class='ocr_carea' id='block_1_14' title="bbox 317 1224 1889 1298">
    <p class='ocr_par' dir='ltr' id='par_1_14' title="bbox 317 1224 1889 1298">
     <span class='ocr_line' id='line_1_14' title="bbox 317 1224 1889 1298; baseline 0.007 -23"><span class='ocrx_word' id='word_1_85' title='bbox 317 1241 515 1279; x_wconf 88' lang='lat' dir='ltr'><strong>nomcn</strong></span> <span class='ocrx_word' id='word_1_86' title='bbox 548 1224 653 1280; x_wconf 76' lang='lat' dir='ltr'><strong>fuit</strong></span> <span class='ocrx_word' id='word_1_87' title='bbox 687 1225 865 1291; x_wconf 79' lang='lat' dir='ltr'><strong>Philo,</strong></span> <span class='ocrx_word' id='word_1_88' title='bbox 901 1228 955 1280; x_wconf 92' lang='lat' dir='ltr'><strong>in</strong></span> <span class='ocrx_word' id='word_1_89' title='bbox 994 1226 1170 1282; x_wconf 80' lang='lat' dir='ltr'><strong>insula</strong></span> <span class='ocrx_word' id='word_1_90' title='bbox 1196 1230 1363 1282; x_wconf 89' lang='lat' dir='ltr'><strong>maris</strong></span> <span class='ocrx_word' id='word_1_91' title='bbox 1392 1227 1668 1298; x_wconf 82' lang='lat' dir='ltr'><strong>Carpathii</strong></span> <span class='ocrx_word' id='word_1_92' title='bbox 1698 1245 1889 1286; x_wconf 86' lang='lat' dir='ltr'><strong>versus</strong></span> 
     </span>
    </p>
   </div>
   <div class='ocr_carea' id='block_1_15' title="bbox 315 1318 1888 1394">
    <p class='ocr_par' dir='ltr' id='par_1_15' title="bbox 315 1318 1888 1394">
     <span class='ocr_line' id='line_1_15' title="bbox 315 1318 1888 1394; baseline 0.005 -24"><span class='ocrx_word' id='word_1_93' title='bbox 315 1319 633 1387; x_wconf 59' lang='lat' dir='ltr'><strong>Algyptum,</strong></span> <span class='ocrx_word' id='word_1_94' title='bbox 670 1318 812 1373; x_wconf 88' lang='lat' dir='ltr'><strong>inter</strong></span> <span class='ocrx_word' id='word_1_95' title='bbox 844 1318 1084 1385; x_wconf 84' lang='lat' dir='ltr'><strong>Cretam,</strong></span> <span class='ocrx_word' id='word_1_96' title='bbox 1116 1319 1475 1391; x_wconf 79' lang='lat' dir='ltr'><strong>Rhodumque</strong></span> <span class='ocrx_word' id='word_1_97' title='bbox 1512 1321 1745 1377; x_wconf 89' lang='lat' dir='ltr'><strong>ordinati</strong></span> <span class='ocrx_word' id='word_1_98' title='bbox 1770 1324 1888 1394; x_wconf 74' lang='grc' dir='ltr'><strong>θρὶ-</strong></span> 
     </span>
    </p>
   </div>
   <div class='ocr_carea' id='block_1_16' title="bbox 313 1413 1887 1483">
    <p class='ocr_par' dir='ltr' id='par_1_16' title="bbox 313 1413 1887 1483">
     <span class='ocr_line' id='line_1_16' title="bbox 313 1413 1887 1483; baseline 0.006 -18"><span class='ocrx_word' id='word_1_99' title='bbox 313 1414 464 1482; x_wconf 84' lang='lat' dir='ltr'><strong>scopi</strong></span> <span class='ocrx_word' id='word_1_100' title='bbox 500 1428 530 1467; x_wconf 88' lang='lat' dir='ltr'><strong>a</strong></span> <span class='ocrx_word' id='word_1_101' title='bbox 570 1423 760 1469; x_wconf 90' lang='lat' dir='ltr'><strong>sancto</strong></span> <span class='ocrx_word' id='word_1_102' title='bbox 790 1413 989 1469; x_wconf 88' lang='lat' dir='ltr'><strong>Basilio</strong></span> <span class='ocrx_word' id='word_1_103' title='bbox 1017 1416 1083 1468; x_wconf 87' lang='lat' dir='ltr'><strong>ad</strong></span> <span class='ocrx_word' id='word_1_104' title='bbox 1118 1431 1248 1469; x_wconf 89' lang='lat' dir='ltr'><strong>ann.</strong></span> <span class='ocrx_word' id='word_1_105' title='bbox 1276 1415 1339 1472; x_wconf 85' lang='lat' dir='ltr'><strong>C.</strong></span> <span class='ocrx_word' id='word_1_106' title='bbox 1373 1417 1510 1483; x_wconf 65' lang='lat'><strong>574;</strong></span> <span class='ocrx_word' id='word_1_107' title='bbox 1543 1418 1637 1473; x_wconf 90' lang='lat' dir='ltr'><strong>sed</strong></span> <span class='ocrx_word' id='word_1_108' title='bbox 1662 1418 1887 1476; x_wconf 79' lang='lat' dir='ltr'><strong>Joannis</strong></span> 
     </span>
    </p>
   </div>
   <div class='ocr_carea' id='block_1_17' title="bbox 311 1505 1889 1582">
    <p class='ocr_par' dir='ltr' id='par_1_17' title="bbox 311 1505 1889 1582">
     <span class='ocr_line' id='line_1_17' title="bbox 311 1505 1889 1582; baseline 0.007 -25"><span class='ocrx_word' id='word_1_109' title='bbox 311 1505 589 1573; x_wconf 82' lang='lat' dir='ltr'><strong>Carpathii</strong></span> <span class='ocrx_word' id='word_1_110' title='bbox 604 1506 760 1574; x_wconf 86' lang='lat' dir='ltr'><strong>cujus</strong></span> <span class='ocrx_word' id='word_1_111' title='bbox 777 1506 980 1575; x_wconf 82' lang='lat' dir='ltr'><strong>legerat</strong></span> <span class='ocrx_word' id='word_1_112' title='bbox 1000 1506 1154 1563; x_wconf 85' lang='lat' dir='ltr'><strong>Nilus</strong></span> <span class='ocrx_word' id='word_1_113' title='bbox 1175 1509 1240 1562; x_wconf 87' lang='lat' dir='ltr'><strong>ad</strong></span> <span class='ocrx_word' id='word_1_114' title='bbox 1256 1511 1555 1565; x_wconf 87' lang='lat' dir='ltr'><strong>monachos</strong></span> <span class='ocrx_word' id='word_1_115' title='bbox 1572 1509 1735 1567; x_wconf 71' lang='lat' dir='ltr'><strong>India:</strong></span> <span class='ocrx_word' id='word_1_116' title='bbox 1751 1528 1889 1582; x_wconf 58' lang='lat' dir='ltr'><strong>prae-</strong></span> 
     </span>
    </p>
   </div>
   <div class='ocr_carea' id='block_1_18' title="bbox 313 1596 1889 1666">
    <p class='ocr_par' dir='ltr' id='par_1_18' title="bbox 313 1596 1889 1666">
     <span class='ocr_line' id='line_1_18' title="bbox 313 1596 1889 1666; baseline 0.006 -19"><span class='ocrx_word' id='word_1_117' title='bbox 313 1605 491 1663; x_wconf 88' lang='lat' dir='ltr'><strong>cepta,</strong></span> <span class='ocrx_word' id='word_1_118' title='bbox 510 1612 539 1648; x_wconf 91' lang='lat' dir='ltr'><strong>c</strong></span> <span class='ocrx_word' id='word_1_119' title='bbox 556 1597 770 1661; x_wconf 80' lang='lat' dir='ltr'><strong>Photio,</strong></span> <span class='ocrx_word' id='word_1_120' title='bbox 790 1596 1002 1652; x_wconf 85' lang='lat' dir='ltr'><strong>eSexto</strong></span> <span class='ocrx_word' id='word_1_121' title='bbox 1022 1598 1280 1666; x_wconf 87' lang='lat' dir='ltr'><strong>Senensi;</strong></span> <span class='ocrx_word' id='word_1_122' title='bbox 1306 1599 1362 1653; x_wconf 90' lang='lat' dir='ltr'><strong>S.</strong></span> <span class='ocrx_word' id='word_1_123' title='bbox 1377 1599 1595 1655; x_wconf 74' lang='lat' dir='ltr'><strong>Maximi</strong></span> <span class='ocrx_word' id='word_1_124' title='bbox 1613 1602 1889 1658; x_wconf 81' lang='lat' dir='ltr'><strong>confesso-</strong></span> 
     </span>
    </p>
   </div>
   <div class='ocr_carea' id='block_1_19' title="bbox 2000 410 3585 484">
    <p class='ocr_par' dir='ltr' id='par_1_19' title="bbox 2000 410 3585 484">
     <span class='ocr_line' id='line_1_19' title="bbox 2000 410 3585 484; baseline -0.001 -15"><span class='ocrx_word' id='word_1_125' title='bbox 2000 416 2365 484; x_wconf 84' lang='lat' dir='ltr'><strong>potissimum.</strong></span> <span class='ocrx_word' id='word_1_126' title='bbox 2419 412 2487 467; x_wconf 85' lang='lat' dir='ltr'><strong>At</strong></span> <span class='ocrx_word' id='word_1_127' title='bbox 2528 411 2681 466; x_wconf 81' lang='lat' dir='ltr'><strong>Nilus</strong></span> <span class='ocrx_word' id='word_1_128' title='bbox 2724 413 2863 481; x_wconf 79' lang='lat' dir='ltr'><strong>stylo</strong></span> <span class='ocrx_word' id='word_1_129' title='bbox 2900 410 3157 464; x_wconf 90' lang='lat' dir='ltr'><strong>utebatur</strong></span> <span class='ocrx_word' id='word_1_130' title='bbox 3199 412 3399 477; x_wconf 87' lang='lat' dir='ltr'><strong>aulico,</strong></span> <span class='ocrx_word' id='word_1_131' title='bbox 3430 414 3585 469; x_wconf 85' lang='lat' dir='ltr'><strong>ideo-</strong></span> 
     </span>
    </p>
   </div>
   <div class='ocr_carea' id='block_1_20' title="bbox 1997 502 3583 575">
    <p class='ocr_par' dir='ltr' id='par_1_20' title="bbox 1997 502 3583 575">
     <span class='ocr_line' id='line_1_20' title="bbox 1997 502 3583 575; baseline 0.001 -16"><span class='ocrx_word' id='word_1_132' title='bbox 1997 522 2101 575; x_wconf 89' lang='lat' dir='ltr'><strong>que</strong></span> <span class='ocrx_word' id='word_1_133' title='bbox 2136 506 2301 559; x_wconf 87' lang='lat' dir='ltr'><strong>dictio</strong></span> <span class='ocrx_word' id='word_1_134' title='bbox 2331 502 2435 557; x_wconf 84' lang='lat' dir='ltr'><strong>Nili</strong></span> <span class='ocrx_word' id='word_1_135' title='bbox 2460 505 2769 573; x_wconf 77' lang='lat' dir='ltr'><strong>castigatior</strong></span> <span class='ocrx_word' id='word_1_136' title='bbox 2791 512 2892 557; x_wconf 89' lang='lat' dir='ltr'><strong>est.</strong></span> <span class='ocrx_word' id='word_1_137' title='bbox 2933 502 3295 559; x_wconf 87' lang='lat' dir='ltr'><strong>Nihilominus</strong></span> <span class='ocrx_word' id='word_1_138' title='bbox 3329 516 3583 561; x_wconf 87' lang='lat' dir='ltr'><strong>sanctum</strong></span> 
     </span>
    </p>
   </div>
   <div class='ocr_carea' id='block_1_21' title="bbox 1994 594 3585 651">
    <p class='ocr_par' dir='ltr' id='par_1_21' title="bbox 1994 594 3585 651">
     <span class='ocr_line' id='line_1_21' title="bbox 1994 594 3585 651; baseline 0.001 -1"><span class='ocrx_word' id='word_1_139' title='bbox 1994 596 2255 651; x_wconf 84' lang='lat' dir='ltr'><strong>Joannem</strong></span> <span class='ocrx_word' id='word_1_140' title='bbox 2292 594 2535 649; x_wconf 82' lang='lat' dir='ltr'><strong>imitatur</strong></span> <span class='ocrx_word' id='word_1_141' title='bbox 2560 595 2612 648; x_wconf 91' lang='lat' dir='ltr'><strong>in</strong></span> <span class='ocrx_word' id='word_1_142' title='bbox 2638 594 2923 647; x_wconf 84' lang='lat' dir='ltr'><strong>Pcristeria</strong></span> <span class='ocrx_word' id='word_1_143' title='bbox 2955 602 3010 646; x_wconf 86' lang='lat' dir='ltr'><strong>et</strong></span> <span class='ocrx_word' id='word_1_144' title='bbox 3062 596 3114 646; x_wconf 93' lang='lat' dir='ltr'><strong>in</strong></span> <span class='ocrx_word' id='word_1_145' title='bbox 3144 595 3398 648; x_wconf 86' lang='lat' dir='ltr'><strong>vitiorum</strong></span> <span class='ocrx_word' id='word_1_146' title='bbox 3432 597 3585 651; x_wconf 87' lang='lat' dir='ltr'><strong>inse-</strong></span> 
     </span>
    </p>
   </div>
   <div class='ocr_carea' id='block_1_22' title="bbox 1995 684 3583 753">
    <p class='ocr_par' dir='ltr' id='par_1_22' title="bbox 1995 684 3583 753">
     <span class='ocr_line' id='line_1_22' title="bbox 1995 684 3583 753; baseline 0.001 -11"><span class='ocrx_word' id='word_1_147' title='bbox 1995 691 2258 752; x_wconf 87' lang='lat' dir='ltr'><strong>ctatione,</strong></span> <span class='ocrx_word' id='word_1_148' title='bbox 2284 688 2533 741; x_wconf 88' lang='lat' dir='ltr'><strong>eruditus</strong></span> <span class='ocrx_word' id='word_1_149' title='bbox 2566 685 2737 753; x_wconf 84' lang='lat' dir='ltr'><strong>ipsius</strong></span> <span class='ocrx_word' id='word_1_150' title='bbox 2758 684 2955 751; x_wconf 75' lang='grc' dir='ltr'>λόγοις,</span> <span class='ocrx_word' id='word_1_151' title='bbox 2990 686 3041 737; x_wconf 90' lang='lat' dir='ltr'><strong>id</strong></span> <span class='ocrx_word' id='word_1_152' title='bbox 3067 695 3171 749; x_wconf 92' lang='lat' dir='ltr'><strong>est,</strong></span> <span class='ocrx_word' id='word_1_153' title='bbox 3209 690 3583 752; x_wconf 84' lang='lat' dir='ltr'><strong>sermonibus.</strong></span> 
     </span>
    </p>
   </div>
   <div class='ocr_carea' id='block_1_23' title="bbox 1993 776 3583 850">
    <p class='ocr_par' dir='ltr' id='par_1_23' title="bbox 1993 776 3583 850">
     <span class='ocr_line' id='line_1_23' title="bbox 1993 776 3583 850; baseline 0 -17"><span class='ocrx_word' id='word_1_154' title='bbox 1993 795 2135 850; x_wconf 89' lang='lat' dir='ltr'><strong>quos</strong></span> <span class='ocrx_word' id='word_1_155' title='bbox 2184 793 2351 848; x_wconf 81' lang='lat' dir='ltr'><strong>penes</strong></span> <span class='ocrx_word' id='word_1_156' title='bbox 2376 792 2435 831; x_wconf 88' lang='lat' dir='ltr'><strong>se</strong></span> <span class='ocrx_word' id='word_1_157' title='bbox 2469 778 2818 846; x_wconf 64' lang='lat' dir='ltr'><strong>pratscriptos</strong></span> <span class='ocrx_word' id='word_1_158' title='bbox 2867 776 3135 841; x_wconf 88' lang='lat' dir='ltr'><strong>habebat,</strong></span> <span class='ocrx_word' id='word_1_159' title='bbox 3188 785 3246 830; x_wconf 90' lang='lat' dir='ltr'><strong>ut</strong></span> <span class='ocrx_word' id='word_1_160' title='bbox 3304 779 3474 848; x_wconf 87' lang='lat' dir='ltr'><strong>liquet</strong></span> <span class='ocrx_word' id='word_1_161' title='bbox 3514 796 3583 833; x_wconf 83' lang='lat' dir='ltr'><strong>ex</strong></span> 
     </span>
    </p>
   </div>
   <div class='ocr_carea' id='block_1_24' title="bbox 1992 866 3583 941">
    <p class='ocr_par' dir='ltr' id='par_1_24' title="bbox 1992 866 3583 941">
     <span class='ocr_line' id='line_1_24' title="bbox 1992 866 3583 941; baseline -0.001 -15"><span class='ocrx_word' id='word_1_162' title='bbox 1992 873 2152 941; x_wconf 83' lang='lat' dir='ltr'><strong>epist.</strong></span> <span class='ocrx_word' id='word_1_163' title='bbox 2198 870 2325 932; x_wconf 71' lang='lat'><strong>295,</strong></span> <span class='ocrx_word' id='word_1_164' title='bbox 2366 869 2461 923; x_wconf 87' lang='lat' dir='ltr'><strong>lib.</strong></span> <span class='ocrx_word' id='word_1_165' title='bbox 2515 884 2576 927; x_wconf 85' lang='lat' dir='ltr'><strong>tl,</strong></span> <span class='ocrx_word' id='word_1_166' title='bbox 2636 867 2717 920; x_wconf 84' lang='lat' dir='ltr'><strong>Ad</strong></span> <span class='ocrx_word' id='word_1_167' title='bbox 2743 866 3072 920; x_wconf 83' lang='lat' dir='ltr'><strong>Zenodorum</strong></span> <span class='ocrx_word' id='word_1_168' title='bbox 3114 869 3389 934; x_wconf 79' lang='lat' dir='ltr'><strong>decamrm,</strong></span> <span class='ocrx_word' id='word_1_169' title='bbox 3425 880 3481 924; x_wconf 88' lang='lat' dir='ltr'><strong>et</strong></span> <span class='ocrx_word' id='word_1_170' title='bbox 3515 886 3583 924; x_wconf 78' lang='lat' dir='ltr'><strong>ex</strong></span> 
     </span>
    </p>
   </div>
   <div class='ocr_carea' id='block_1_25' title="bbox 1990 957 3584 1031">
    <p class='ocr_par' dir='ltr' id='par_1_25' title="bbox 1990 957 3584 1031">
     <span class='ocr_line' id='line_1_25' title="bbox 1990 957 3584 1031; baseline -0.001 -15"><span class='ocrx_word' id='word_1_171' title='bbox 1990 964 2150 1031; x_wconf 84' lang='lat' dir='ltr'><strong>epist.</strong></span> <span class='ocrx_word' id='word_1_172' title='bbox 2182 963 2270 1027; x_wconf 74' lang='grc'><strong>15,</strong></span> <span class='ocrx_word' id='word_1_173' title='bbox 2300 961 2393 1014; x_wconf 91' lang='lat' dir='ltr'><strong>lib.</strong></span> <span class='ocrx_word' id='word_1_174' title='bbox 2423 976 2506 1024; x_wconf 84' lang='lat' dir='ltr'><strong>lit,</strong></span> <span class='ocrx_word' id='word_1_175' title='bbox 2536 959 2605 1011; x_wconf 86' lang='lat' dir='ltr'><strong>ad</strong></span> <span class='ocrx_word' id='word_1_176' title='bbox 2630 957 2870 1011; x_wconf 80' lang='lat' dir='ltr'><strong>Hierium</strong></span> <span class='ocrx_word' id='word_1_177' title='bbox 2902 961 3289 1027; x_wconf 76' lang='lat' dir='ltr'><strong>presbyterum;</strong></span> <span class='ocrx_word' id='word_1_178' title='bbox 3317 962 3369 1014; x_wconf 91' lang='lat' dir='ltr'><strong>in</strong></span> <span class='ocrx_word' id='word_1_179' title='bbox 3401 962 3584 1029; x_wconf 81' lang='lat' dir='ltr'><strong>prima</strong></span> 
     </span>
    </p>
   </div>
   <div class='ocr_carea' id='block_1_26' title="bbox 1989 1048 3579 1119">
    <p class='ocr_par' dir='ltr' id='par_1_26' title="bbox 1989 1048 3579 1119">
     <span class='ocr_line' id='line_1_26' title="bbox 1989 1048 3579 1119; baseline -0.003 -11"><span class='ocrx_word' id='word_1_180' title='bbox 1989 1055 2056 1108; x_wconf 85' lang='lat' dir='ltr'><strong>de</strong></span> <span class='ocrx_word' id='word_1_181' title='bbox 2089 1054 2293 1107; x_wconf 84' lang='lat' dir='ltr'><strong>Christi</strong></span> <span class='ocrx_word' id='word_1_182' title='bbox 2318 1051 2532 1105; x_wconf 88' lang='lat' dir='ltr'><strong>Domini</strong></span> <span class='ocrx_word' id='word_1_183' title='bbox 2568 1050 2860 1118; x_wconf 90' lang='lat' dir='ltr'><strong>baptismo,</strong></span> <span class='ocrx_word' id='word_1_184' title='bbox 2892 1051 3067 1119; x_wconf 85' lang='lat' dir='ltr'><strong>deque</strong></span> <span class='ocrx_word' id='word_1_185' title='bbox 3096 1048 3299 1119; x_wconf 89' lang='lat' dir='ltr'><strong>Spiritu</strong></span> <span class='ocrx_word' id='word_1_186' title='bbox 3342 1064 3579 1115; x_wconf 85' lang='lat' dir='ltr'><strong>sancto;</strong></span> 
     </span>
    </p>
   </div>
   <div class='ocr_carea' id='block_1_27' title="bbox 1991 1138 3587 1209">
    <p class='ocr_par' dir='ltr' id='par_1_27' title="bbox 1991 1138 3587 1209">
     <span class='ocr_line' id='line_1_27' title="bbox 1991 1138 3587 1209; baseline -0.004 -12"><span class='ocrx_word' id='word_1_187' title='bbox 1991 1144 2044 1197; x_wconf 91' lang='lat' dir='ltr'><strong>in</strong></span> <span class='ocrx_word' id='word_1_188' title='bbox 2091 1142 2327 1199; x_wconf 86' lang='lat' dir='ltr'><strong>secunda</strong></span> <span class='ocrx_word' id='word_1_189' title='bbox 2344 1142 2409 1196; x_wconf 91' lang='lat' dir='ltr'><strong>de</strong></span> <span class='ocrx_word' id='word_1_190' title='bbox 2437 1138 2594 1204; x_wconf 91' lang='lat' dir='ltr'><strong>Jobo,</strong></span> <span class='ocrx_word' id='word_1_191' title='bbox 2618 1154 2681 1193; x_wconf 91' lang='lat' dir='ltr'><strong>ex</strong></span> <span class='ocrx_word' id='word_1_192' title='bbox 2713 1139 2818 1192; x_wconf 88' lang='lat' dir='ltr'><strong>illis</strong></span> <span class='ocrx_word' id='word_1_193' title='bbox 2848 1153 3124 1208; x_wconf 90' lang='lat' dir='ltr'><strong>promens,</strong></span> <span class='ocrx_word' id='word_1_194' title='bbox 3152 1140 3283 1209; x_wconf 88' lang='lat' dir='ltr'><strong>agit.</strong></span> <span class='ocrx_word' id='word_1_195' title='bbox 3319 1140 3587 1194; x_wconf 80' lang='lat' dir='ltr'><strong>Aretissi-</strong></span> 
     </span>
    </p>
   </div>
   <div class='ocr_carea' id='block_1_28' title="bbox 1992 1228 3584 1293">
    <p class='ocr_par' dir='ltr' id='par_1_28' title="bbox 1992 1228 3584 1293">
     <span class='ocr_line' id='line_1_28' title="bbox 1992 1228 3584 1293; baseline -0.003 -7"><span class='ocrx_word' id='word_1_196' title='bbox 1992 1247 2078 1286; x_wconf 84' lang='lat' dir='ltr'><strong>ma</strong></span> <span class='ocrx_word' id='word_1_197' title='bbox 2127 1230 2553 1293; x_wconf 81' lang='lat' dir='ltr'><strong>consuetudine,</strong></span> <span class='ocrx_word' id='word_1_198' title='bbox 2591 1228 2857 1282; x_wconf 84' lang='lat' dir='ltr'><strong>charitate</strong></span> <span class='ocrx_word' id='word_1_199' title='bbox 2904 1228 3285 1282; x_wconf 87' lang='lat' dir='ltr'><strong>ardentissima</strong></span> <span class='ocrx_word' id='word_1_200' title='bbox 3339 1230 3584 1283; x_wconf 86' lang='lat' dir='ltr'><strong>devincti</strong></span> 
     </span>
    </p>
   </div>
   <div class='ocr_carea' id='block_1_29' title="bbox 1988 1315 3587 1387">
    <p class='ocr_par' dir='ltr' id='par_1_29' title="bbox 1988 1315 3587 1387">
     <span class='ocr_line' id='line_1_29' title="bbox 1988 1315 3587 1387; baseline -0.003 -10"><span class='ocrx_word' id='word_1_201' title='bbox 1988 1333 2145 1378; x_wconf 87' lang='lat' dir='ltr'><strong>erant</strong></span> <span class='ocrx_word' id='word_1_202' title='bbox 2175 1322 2350 1376; x_wconf 88' lang='lat' dir='ltr'><strong>sancti</strong></span> <span class='ocrx_word' id='word_1_203' title='bbox 2401 1317 2637 1371; x_wconf 89' lang='lat' dir='ltr'><strong>Joannes</strong></span> <span class='ocrx_word' id='word_1_204' title='bbox 2675 1325 2731 1370; x_wconf 91' lang='lat' dir='ltr'><strong>et</strong></span> <span class='ocrx_word' id='word_1_205' title='bbox 2766 1315 2955 1381; x_wconf 84' lang='lat' dir='ltr'><strong>Nilus;</strong></span> <span class='ocrx_word' id='word_1_206' title='bbox 2996 1318 3139 1371; x_wconf 89' lang='lat' dir='ltr'><strong>unde</strong></span> <span class='ocrx_word' id='word_1_207' title='bbox 3176 1316 3329 1372; x_wconf 89' lang='lat' dir='ltr'><strong>Nilus</strong></span> <span class='ocrx_word' id='word_1_208' title='bbox 3360 1320 3587 1387; x_wconf 78' lang='lat' dir='ltr'><strong>egregie</strong></span> 
     </span>
    </p>
   </div>
   <div class='ocr_carea' id='block_1_30' title="bbox 1992 1406 3588 1480">
    <p class='ocr_par' dir='ltr' id='par_1_30' title="bbox 1992 1406 3588 1480">
     <span class='ocr_line' id='line_1_30' title="bbox 1992 1406 3588 1480; baseline -0.004 -12"><span class='ocrx_word' id='word_1_209' title='bbox 1992 1423 2170 1468; x_wconf 85' lang='lat' dir='ltr'><strong>tuetur</strong></span> <span class='ocrx_word' id='word_1_210' title='bbox 2193 1413 2448 1480; x_wconf 87' lang='lat' dir='ltr'><strong>ipsum,et</strong></span> <span class='ocrx_word' id='word_1_211' title='bbox 2471 1406 2735 1462; x_wconf 86' lang='lat' dir='ltr'><strong>Joannem</strong></span> <span class='ocrx_word' id='word_1_212' title='bbox 2750 1408 3061 1477; x_wconf 88' lang='lat' dir='ltr'><strong>episcopum</strong></span> <span class='ocrx_word' id='word_1_213' title='bbox 3079 1407 3588 1478; x_wconf 83' lang='lat' dir='ltr'><strong>Constantinopoli-</strong></span> 
     </span>
    </p>
   </div>
   <div class='ocr_carea' id='block_1_31' title="bbox 1988 1497 3591 1571">
    <p class='ocr_par' dir='ltr' id='par_1_31' title="bbox 1988 1497 3591 1571">
     <span class='ocr_line' id='line_1_31' title="bbox 1988 1497 3591 1571; baseline -0.003 -13"><span class='ocrx_word' id='word_1_214' title='bbox 1988 1517 2173 1565; x_wconf 75' lang='lat' dir='ltr'><strong>1anum</strong></span> <span class='ocrx_word' id='word_1_215' title='bbox 2219 1500 2474 1571; x_wconf 70' lang='grc' dir='ltr'><strong>θεοφόρον</strong></span> <span class='ocrx_word' id='word_1_216' title='bbox 2516 1500 2704 1568; x_wconf 79' lang='grc' dir='ltr'>ἄνδρα,</span> <span class='ocrx_word' id='word_1_217' title='bbox 2762 1514 2925 1567; x_wconf 85' lang='lat' dir='ltr'><strong>quem</strong></span> <span class='ocrx_word' id='word_1_218' title='bbox 2961 1497 3260 1553; x_wconf 87' lang='lat' dir='ltr'><strong>Sostbenes</strong></span> <span class='ocrx_word' id='word_1_219' title='bbox 3288 1499 3591 1557; x_wconf 83' lang='lat' dir='ltr'><strong>Commen-</strong></span> 
     </span>
    </p>
   </div>
   <div class='ocr_carea' id='block_1_32' title="bbox 1984 1588 3585 1660">
    <p class='ocr_par' dir='ltr' id='par_1_32' title="bbox 1984 1588 3585 1660">
     <span class='ocr_line' id='line_1_32' title="bbox 1984 1588 3585 1660; baseline -0.003 -12"><span class='ocrx_word' id='word_1_220' title='bbox 1984 1593 2240 1648; x_wconf 83' lang='lat' dir='ltr'><strong>tariensis</strong></span> <span class='ocrx_word' id='word_1_221' title='bbox 2272 1590 2523 1660; x_wconf 86' lang='lat' dir='ltr'><strong>culpabat</strong></span> <span class='ocrx_word' id='word_1_222' title='bbox 2554 1589 2631 1650; x_wconf 82' lang='grc' dir='ltr'>ὡς</span> <span class='ocrx_word' id='word_1_223' title='bbox 2667 1588 2901 1659; x_wconf 78' lang='grc' dir='ltr'><strong>ὀργίλον,</strong></span> <span class='ocrx_word' id='word_1_224' title='bbox 2961 1597 3092 1652; x_wconf 87' lang='lat' dir='ltr'><strong>etc.,</strong></span> <span class='ocrx_word' id='word_1_225' title='bbox 3135 1599 3193 1642; x_wconf 91' lang='lat' dir='ltr'><strong>ut</strong></span> <span class='ocrx_word' id='word_1_226' title='bbox 3228 1591 3585 1654; x_wconf 85' lang='lat' dir='ltr'><strong>iracundum,</strong></span> 
     </span>
    </p>
   </div>
   <div class='ocr_carea' id='block_1_33' title="bbox 315 1664 1884 1758">
    <p class='ocr_par' dir='ltr' id='par_1_33' title="bbox 315 1664 1884 1758">
     <span class='ocr_line' id='line_1_33' title="bbox 315 1664 1884 1758; baseline 0.009 -26"><span class='ocrx_word' id='word_1_227' title='bbox 315 1683 392 1735; x_wconf 88' lang='lat' dir='ltr'><strong>ris</strong></span> <span class='ocrx_word' id='word_1_228' title='bbox 422 1683 489 1737; x_wconf 88' lang='lat' dir='ltr'><strong>ad</strong></span> <span class='ocrx_word' id='word_1_229' title='bbox 511 1700 602 1737; x_wconf 84' lang='lat' dir='ltr'><strong>an.</strong></span> <span class='ocrx_word' id='word_1_230' title='bbox 625 1683 758 1749; x_wconf 83' lang='lat'><strong>650;</strong></span> <span class='ocrx_word' id='word_1_231' title='bbox 781 1685 1195 1742; x_wconf 68' lang='lat' dir='ltr'><strong>Marcieremita:</strong></span> <span class='ocrx_word' id='word_1_232' title='bbox 1212 1664 1357 1742; x_wconf 87' lang='lat' dir='ltr'><strong>anno</strong></span> <span class='ocrx_word' id='word_1_233' title='bbox 1378 1689 1501 1753; x_wconf 83' lang='lat'><strong>906,</strong></span> <span class='ocrx_word' id='word_1_234' title='bbox 1529 1699 1583 1744; x_wconf 89' lang='lat' dir='ltr'><strong>et</strong></span> <span class='ocrx_word' id='word_1_235' title='bbox 1607 1692 1884 1758; x_wconf 88' lang='lat' dir='ltr'><strong>monachi,</strong></span> 
     </span>
    </p>
   </div>
   <div class='ocr_carea' id='block_1_34' title="bbox 1986 1664 3597 1758">
    <p class='ocr_par' dir='ltr' id='par_1_34' title="bbox 1988 1679 3597 1754">
     <span class='ocr_line' id='line_1_34' title="bbox 1988 1679 3597 1754; baseline -0.002 -15"><span class='ocrx_word' id='word_1_236' title='bbox 1988 1684 2148 1754; x_wconf 87' lang='lat' dir='ltr'><strong>epist.</strong></span> <span class='ocrx_word' id='word_1_237' title='bbox 2168 1683 2289 1746; x_wconf 78' lang='lat'><strong>509,</strong></span> <span class='ocrx_word' id='word_1_238' title='bbox 2319 1682 2409 1735; x_wconf 92' lang='lat' dir='ltr'><strong>lib.</strong></span> <span class='ocrx_word' id='word_1_239' title='bbox 2443 1698 2478 1745; x_wconf 86' lang='grc' dir='ltr'><strong>ι,</strong></span> <span class='ocrx_word' id='word_1_240' title='bbox 2512 1680 2577 1734; x_wconf 91' lang='lat' dir='ltr'><strong>ad</strong></span> <span class='ocrx_word' id='word_1_241' title='bbox 2616 1680 2867 1735; x_wconf 90' lang='lat' dir='ltr'><strong>eumdem</strong></span> <span class='ocrx_word' id='word_1_242' title='bbox 2922 1679 3265 1744; x_wconf 84' lang='lat' dir='ltr'><strong>Sosthenem,</strong></span> <span class='ocrx_word' id='word_1_243' title='bbox 3297 1693 3597 1751; x_wconf 87' lang='lat' dir='ltr'><strong>comparat</strong></span> 
     </span>
    </p>
   </div>
   <div class='ocr_carea' id='block_1_35' title="bbox 315 1772 1888 1850">
    <p class='ocr_par' dir='ltr' id='par_1_35' title="bbox 315 1772 1888 1850">
     <span class='ocr_line' id='line_1_35' title="bbox 315 1772 1888 1850; baseline 0.007 -26"><span class='ocrx_word' id='word_1_244' title='bbox 315 1772 474 1839; x_wconf 79' lang='lat' dir='ltr'><strong>Cujus</strong></span> <span class='ocrx_word' id='word_1_245' title='bbox 507 1788 610 1829; x_wconf 90' lang='lat' dir='ltr'><strong>ms.</strong></span> <span class='ocrx_word' id='word_1_246' title='bbox 639 1774 774 1828; x_wconf 86' lang='lat' dir='ltr'><strong>liber</strong></span> <span class='ocrx_word' id='word_1_247' title='bbox 810 1776 1126 1830; x_wconf 88' lang='lat' dir='ltr'><strong>inscribitur</strong></span> <span class='ocrx_word' id='word_1_248' title='bbox 1164 1777 1394 1831; x_wconf 80' lang='lat' dir='ltr'><strong>Multum</strong></span> <span class='ocrx_word' id='word_1_249' title='bbox 1441 1779 1738 1850; x_wconf 65' lang='lat' dir='ltr'><strong>desiderato</strong></span> <span class='ocrx_word' id='word_1_250' title='bbox 1775 1781 1888 1850; x_wconf 82' lang='lat' dir='ltr'><strong>ﬁlio</strong></span> 
     </span>
    </p>
   </div>
   <div class='ocr_carea' id='block_1_36' title="bbox 321 1848 1890 1939">
    <p class='ocr_par' dir='ltr' id='par_1_36' title="bbox 321 1848 1890 1939">
     <span class='ocr_line' id='line_1_36' title="bbox 321 1848 1890 1939; baseline 0.01 -25"><span class='ocrx_word' id='word_1_251' title='bbox 321 1862 477 1928; x_wconf 79' lang='lat' dir='ltr'><strong>Nico,</strong></span> <span class='ocrx_word' id='word_1_252' title='bbox 510 1875 748 1934; x_wconf 88' lang='lat' dir='ltr'><strong>suntque</strong></span> <span class='ocrx_word' id='word_1_253' title='bbox 777 1867 967 1937; x_wconf 81' lang='lat' dir='ltr'><strong>viginti</strong></span> <span class='ocrx_word' id='word_1_254' title='bbox 997 1868 1174 1937; x_wconf 89' lang='lat' dir='ltr'><strong>capita</strong></span> <span class='ocrx_word' id='word_1_255' title='bbox 1204 1869 1393 1924; x_wconf 88' lang='lat' dir='ltr'><strong>eodem</strong></span> <span class='ocrx_word' id='word_1_256' title='bbox 1425 1870 1477 1924; x_wconf 93' lang='lat' dir='ltr'><strong>in</strong></span> <span class='ocrx_word' id='word_1_257' title='bbox 1508 1848 1830 1939; x_wconf 61' lang='lat' dir='ltr'><strong>argumento</strong></span> <span class='ocrx_word' id='word_1_258' title='bbox 1859 1890 1890 1929; x_wconf 89' lang='lat' dir='ltr'><strong>e</strong></span> 
     </span>
    </p>
   </div>
   <div class='ocr_carea' id='block_1_37' title="bbox 313 1956 1889 2032">
    <p class='ocr_par' dir='ltr' id='par_1_37' title="bbox 313 1956 1889 2032">
     <span class='ocr_line' id='line_1_37' title="bbox 313 1956 1889 2032; baseline 0.004 -20"><span class='ocrx_word' id='word_1_259' title='bbox 313 1956 479 2026; x_wconf 81' lang='lat'><strong>695</strong></span> <span class='ocrx_word' id='word_1_260' title='bbox 518 1958 747 2022; x_wconf 85' lang='lat' dir='ltr'><strong>Photio;</strong></span> <span class='ocrx_word' id='word_1_261' title='bbox 775 1958 1032 2014; x_wconf 83' lang='lat' dir='ltr'><strong>Diadochi</strong></span> <span class='ocrx_word' id='word_1_262' title='bbox 1065 1960 1310 2030; x_wconf 81' lang='lat' dir='ltr'><strong>episcopi</strong></span> <span class='ocrx_word' id='word_1_263' title='bbox 1355 1960 1605 2017; x_wconf 89' lang='lat' dir='ltr'><strong>Photices</strong></span> <span class='ocrx_word' id='word_1_264' title='bbox 1640 1963 1692 2017; x_wconf 91' lang='lat' dir='ltr'><strong>in</strong></span> <span class='ocrx_word' id='word_1_265' title='bbox 1724 1963 1889 2032; x_wconf 86' lang='lat' dir='ltr'><strong>Epiro</strong></span> 
     </span>
    </p>
   </div>
   <div class='ocr_carea' id='block_1_38' title="bbox 316 2048 1889 2123">
    <p class='ocr_par' dir='ltr' id='par_1_38' title="bbox 316 2048 1889 2123">
     <span class='ocr_line' id='line_1_38' title="bbox 316 2048 1889 2123; baseline 0.01 -27"><span class='ocrx_word' id='word_1_266' title='bbox 316 2059 500 2104; x_wconf 77' lang='lat' dir='ltr'><strong>vetere</strong></span> <span class='ocrx_word' id='word_1_267' title='bbox 533 2049 671 2104; x_wconf 89' lang='lat' dir='ltr'><strong>intra</strong></span> <span class='ocrx_word' id='word_1_268' title='bbox 694 2048 968 2120; x_wconf 86' lang='lat' dir='ltr'><strong>Illyricum</strong></span> <span class='ocrx_word' id='word_1_269' title='bbox 994 2054 1281 2120; x_wconf 77' lang='grc' dir='ltr'>Κεφάλαια</span> <span class='ocrx_word' id='word_1_270' title='bbox 1315 2063 1557 2119; x_wconf 87' lang='lat' dir='ltr'><strong>centum,</strong></span> <span class='ocrx_word' id='word_1_271' title='bbox 1584 2056 1777 2123; x_wconf 68' lang='lat' dir='ltr'><strong>qutein</strong></span> <span class='ocrx_word' id='word_1_272' title='bbox 1800 2056 1889 2111; x_wconf 88' lang='lat' dir='ltr'><strong>Bi-</strong></span> 
     </span>
    </p>
   </div>
   <div class='ocr_carea' id='block_1_39' title="bbox 317 2139 1887 2214">
    <p class='ocr_par' dir='ltr' id='par_1_39' title="bbox 317 2139 1887 2214">
     <span class='ocr_line' id='line_1_39' title="bbox 317 2139 1887 2214; baseline 0.008 -23"><span class='ocrx_word' id='word_1_273' title='bbox 317 2139 585 2195; x_wconf 86' lang='lat' dir='ltr'><strong>bliotheca</strong></span> <span class='ocrx_word' id='word_1_274' title='bbox 602 2142 825 2197; x_wconf 87' lang='lat' dir='ltr'><strong>Patrum</strong></span> <span class='ocrx_word' id='word_1_275' title='bbox 854 2153 1091 2207; x_wconf 77' lang='lat' dir='ltr'><strong>exstant,</strong></span> <span class='ocrx_word' id='word_1_276' title='bbox 1122 2143 1322 2214; x_wconf 84' lang='lat' dir='ltr'><strong>illeque</strong></span> <span class='ocrx_word' id='word_1_277' title='bbox 1366 2145 1551 2200; x_wconf 81' lang='lat' dir='ltr'><strong>ﬂoruit</strong></span> <span class='ocrx_word' id='word_1_278' title='bbox 1583 2147 1647 2201; x_wconf 91' lang='lat' dir='ltr'><strong>ad</strong></span> <span class='ocrx_word' id='word_1_279' title='bbox 1682 2163 1887 2203; x_wconf 88' lang='lat' dir='ltr'><strong>annum</strong></span> 
     </span>
    </p>
   </div>
   <div class='ocr_carea' id='block_1_40' title="bbox 316 2230 1891 2307">
    <p class='ocr_par' dir='ltr' id='par_1_40' title="bbox 316 2230 1891 2307">
     <span class='ocr_line' id='line_1_40' title="bbox 316 2230 1891 2307; baseline 0.008 -22"><span class='ocrx_word' id='word_1_280' title='bbox 316 2231 451 2297; x_wconf 75' lang='lat'><strong>590;</strong></span> <span class='ocrx_word' id='word_1_281' title='bbox 483 2230 664 2287; x_wconf 85' lang='lat' dir='ltr'><strong>Basilii</strong></span> <span class='ocrx_word' id='word_1_282' title='bbox 687 2232 865 2304; x_wconf 79' lang='lat' dir='ltr'><strong>Magni</strong></span> <span class='ocrx_word' id='word_1_283' title='bbox 897 2235 1167 2300; x_wconf 81' lang='lat' dir='ltr'><strong>Ascetica,</strong></span> <span class='ocrx_word' id='word_1_284' title='bbox 1202 2252 1325 2307; x_wconf 62' lang='lat' dir='ltr'><strong>quas</strong></span> <span class='ocrx_word' id='word_1_285' title='bbox 1367 2246 1547 2293; x_wconf 90' lang='lat' dir='ltr'><strong>tamen</strong></span> <span class='ocrx_word' id='word_1_286' title='bbox 1578 2240 1891 2296; x_wconf 84' lang='lat' dir='ltr'><strong>tribuuntur</strong></span> 
     </span>
    </p>
   </div>
   <div class='ocr_carea' id='block_1_41' title="bbox 316 2321 1892 2400">
    <p class='ocr_par' dir='ltr' id='par_1_41' title="bbox 316 2321 1892 2400">
     <span class='ocr_line' id='line_1_41' title="bbox 316 2321 1892 2400; baseline 0.009 -27"><span class='ocrx_word' id='word_1_287' title='bbox 316 2321 613 2376; x_wconf 81' lang='lat' dir='ltr'><strong>Eustachio</strong></span> <span class='ocrx_word' id='word_1_288' title='bbox 634 2323 935 2380; x_wconf 80' lang='lat' dir='ltr'><strong>Sebasteno</strong></span> <span class='ocrx_word' id='word_1_289' title='bbox 957 2325 1316 2393; x_wconf 73' lang='lat' dir='ltr'><strong>Quastiones,</strong></span> <span class='ocrx_word' id='word_1_290' title='bbox 1349 2344 1544 2400; x_wconf 87' lang='lat' dir='ltr'><strong>nempe</strong></span> <span class='ocrx_word' id='word_1_291' title='bbox 1565 2332 1892 2400; x_wconf 81' lang='lat' dir='ltr'><strong>compendio</strong></span> 
     </span>
    </p>
   </div>
   <div class='ocr_carea' id='block_1_42' title="bbox 315 2412 1889 2490">
    <p class='ocr_par' dir='ltr' id='par_1_42' title="bbox 315 2412 1889 2490">
     <span class='ocr_line' id='line_1_42' title="bbox 315 2412 1889 2490; baseline 0.009 -25"><span class='ocrx_word' id='word_1_292' title='bbox 315 2412 636 2482; x_wconf 65' lang='lat' dir='ltr'><strong>explicatae:</strong></span> <span class='ocrx_word' id='word_1_293' title='bbox 670 2423 799 2470; x_wconf 91' lang='lat' dir='ltr'><strong>sunt</strong></span> <span class='ocrx_word' id='word_1_294' title='bbox 831 2416 974 2469; x_wconf 90' lang='lat' dir='ltr'><strong>enim</strong></span> <span class='ocrx_word' id='word_1_295' title='bbox 1006 2416 1059 2471; x_wconf 93' lang='lat' dir='ltr'><strong>in</strong></span> <span class='ocrx_word' id='word_1_296' title='bbox 1109 2418 1194 2472; x_wconf 90' lang='lat' dir='ltr'><strong>his</strong></span> <span class='ocrx_word' id='word_1_297' title='bbox 1220 2421 1567 2489; x_wconf 75' lang='lat' dir='ltr'><strong>expurganda</strong></span> <span class='ocrx_word' id='word_1_298' title='bbox 1605 2424 1889 2490; x_wconf 87' lang='lat' dir='ltr'><strong>nonnulla,</strong></span> 
     </span>
    </p>
   </div>
   <div class='ocr_carea' id='block_1_43' title="bbox 318 2507 1887 2579">
    <p class='ocr_par' dir='ltr' id='par_1_43' title="bbox 318 2507 1887 2579">
     <span class='ocr_line' id='line_1_43' title="bbox 318 2507 1887 2579; baseline 0.008 -21"><span class='ocrx_word' id='word_1_299' title='bbox 318 2521 440 2574; x_wconf 63' lang='lat' dir='ltr'><strong>quae</strong></span> <span class='ocrx_word' id='word_1_300' title='bbox 482 2515 634 2561; x_wconf 87' lang='lat' dir='ltr'><strong>notat</strong></span> <span class='ocrx_word' id='word_1_301' title='bbox 665 2507 958 2564; x_wconf 83' lang='lat' dir='ltr'><strong>cardinalis</strong></span> <span class='ocrx_word' id='word_1_302' title='bbox 1006 2507 1375 2566; x_wconf 87' lang='lat' dir='ltr'><strong>Bellarminus</strong></span> <span class='ocrx_word' id='word_1_303' title='bbox 1416 2512 1510 2568; x_wconf 90' lang='lat' dir='ltr'><strong>lib.</strong></span> <span class='ocrx_word' id='word_1_304' title='bbox 1566 2513 1642 2568; x_wconf 83' lang='lat' dir='ltr'><strong>De</strong></span> <span class='ocrx_word' id='word_1_305' title='bbox 1689 2515 1887 2579; x_wconf 83' lang='lat' dir='ltr'><strong>Script.</strong></span> 
     </span>
    </p>
   </div>
   <div class='ocr_carea' id='block_1_44' title="bbox 313 2594 1892 2667">
    <p class='ocr_par' dir='ltr' id='par_1_44' title="bbox 313 2594 1892 2667">
     <span class='ocr_line' id='line_1_44' title="bbox 313 2594 1892 2667; baseline 0.006 -16"><span class='ocrx_word' id='word_1_306' title='bbox 313 2598 602 2653; x_wconf 77' lang='lat' dir='ltr'><strong>ecclesiast.</strong></span> <span class='ocrx_word' id='word_1_307' title='bbox 634 2599 701 2653; x_wconf 88' lang='lat' dir='ltr'><strong>ad</strong></span> <span class='ocrx_word' id='word_1_308' title='bbox 735 2614 940 2654; x_wconf 90' lang='lat' dir='ltr'><strong>annum</strong></span> <span class='ocrx_word' id='word_1_309' title='bbox 972 2600 1106 2667; x_wconf 82' lang='lat'><strong>570;</strong></span> <span class='ocrx_word' id='word_1_310' title='bbox 1146 2594 1480 2659; x_wconf 70' lang='lat' dir='ltr'><strong>Paraznetici</strong></span> <span class='ocrx_word' id='word_1_311' title='bbox 1516 2602 1767 2661; x_wconf 89' lang='lat' dir='ltr'><strong>Dorothei</strong></span> <span class='ocrx_word' id='word_1_312' title='bbox 1800 2623 1892 2661; x_wconf 88' lang='lat' dir='ltr'><strong>ar-</strong></span> 
     </span>
    </p>
   </div>
   <div class='ocr_carea' id='block_1_45' title="bbox 314 2690 1891 2763">
    <p class='ocr_par' dir='ltr' id='par_1_45' title="bbox 314 2690 1891 2763">
     <span class='ocr_line' id='line_1_45' title="bbox 314 2690 1891 2763; baseline 0.007 -22"><span class='ocrx_word' id='word_1_313' title='bbox 314 2690 708 2755; x_wconf 71' lang='lat' dir='ltr'><strong>chimandritae,</strong></span> <span class='ocrx_word' id='word_1_314' title='bbox 752 2692 844 2761; x_wconf 92' lang='lat' dir='ltr'><strong>qui</strong></span> <span class='ocrx_word' id='word_1_315' title='bbox 880 2693 1024 2747; x_wconf 77' lang='lat' dir='ltr'><strong>circa</strong></span> <span class='ocrx_word' id='word_1_316' title='bbox 1042 2692 1144 2748; x_wconf 83' lang='lat'><strong>560</strong></span> <span class='ocrx_word' id='word_1_317' title='bbox 1176 2709 1379 2749; x_wconf 90' lang='lat' dir='ltr'><strong>annum</strong></span> <span class='ocrx_word' id='word_1_318' title='bbox 1411 2696 1581 2763; x_wconf 88' lang='lat' dir='ltr'><strong>vixit;</strong></span> <span class='ocrx_word' id='word_1_319' title='bbox 1621 2696 1891 2752; x_wconf 88' lang='lat' dir='ltr'><strong>Theodori</strong></span> 
     </span>
    </p>
   </div>
   <div class='ocr_carea' id='block_1_46' title="bbox 312 2779 1890 2859">
    <p class='ocr_par' dir='ltr' id='par_1_46' title="bbox 312 2779 1890 2859">
     <span class='ocr_line' id='line_1_46' title="bbox 312 2779 1890 2859; baseline 0.007 -26"><span class='ocrx_word' id='word_1_320' title='bbox 312 2780 552 2850; x_wconf 80' lang='lat' dir='ltr'><strong>episcOpi</strong></span> <span class='ocrx_word' id='word_1_321' title='bbox 592 2779 828 2837; x_wconf 63' lang='lat' dir='ltr'><strong>Sabaitm</strong></span> <span class='ocrx_word' id='word_1_322' title='bbox 852 2783 918 2837; x_wconf 89' lang='lat' dir='ltr'><strong>ad</strong></span> <span class='ocrx_word' id='word_1_323' title='bbox 947 2798 1149 2839; x_wconf 90' lang='lat' dir='ltr'><strong>annum</strong></span> <span class='ocrx_word' id='word_1_324' title='bbox 1180 2784 1284 2841; x_wconf 75' lang='grc'><strong>552</strong></span> <span class='ocrx_word' id='word_1_325' title='bbox 1308 2803 1323 2853; x_wconf 89' lang='grc'><strong>;</strong></span> <span class='ocrx_word' id='word_1_326' title='bbox 1350 2785 1622 2843; x_wconf 85' lang='lat' dir='ltr'><strong>Theodori</strong></span> <span class='ocrx_word' id='word_1_327' title='bbox 1650 2790 1890 2859; x_wconf 90' lang='lat' dir='ltr'><strong>episcopi</strong></span> 
     </span>
    </p>
   </div>
   <div class='ocr_carea' id='block_1_47' title="bbox 314 2868 1891 2947">
    <p class='ocr_par' dir='ltr' id='par_1_47' title="bbox 314 2868 1891 2947">
     <span class='ocr_line' id='line_1_47' title="bbox 314 2868 1891 2947; baseline 0.008 -27"><span class='ocrx_word' id='word_1_328' title='bbox 314 2868 532 2924; x_wconf 66' lang='lat' dir='ltr'><strong>Elessa:</strong></span> <span class='ocrx_word' id='word_1_329' title='bbox 558 2870 846 2938; x_wconf 87' lang='lat' dir='ltr'><strong>Practica;</strong></span> <span class='ocrx_word' id='word_1_330' title='bbox 885 2872 1040 2927; x_wconf 64' lang='lat' dir='ltr'><strong>Isaia</strong></span> <span class='ocrx_word' id='word_1_331' title='bbox 1075 2874 1310 2939; x_wconf 87' lang='lat' dir='ltr'><strong>abbatis,</strong></span> <span class='ocrx_word' id='word_1_332' title='bbox 1336 2876 1562 2947; x_wconf 82' lang='lat' dir='ltr'><strong>Agapeti</strong></span> <span class='ocrx_word' id='word_1_333' title='bbox 1610 2878 1675 2931; x_wconf 90' lang='lat' dir='ltr'><strong>ad</strong></span> <span class='ocrx_word' id='word_1_334' title='bbox 1717 2877 1891 2933; x_wconf 86' lang='lat' dir='ltr'><strong>Justi-</strong></span> 
     </span>
    </p>
   </div>
   <div class='ocr_carea' id='block_1_48' title="bbox 315 2961 1882 3038">
    <p class='ocr_par' dir='ltr' id='par_1_48' title="bbox 315 2961 1882 3038">
     <span class='ocr_line' id='line_1_48' title="bbox 315 2961 1882 3038; baseline 0.006 -26"><span class='ocrx_word' id='word_1_335' title='bbox 315 2961 538 3014; x_wconf 88' lang='lat' dir='ltr'><strong>nianum</strong></span> <span class='ocrx_word' id='word_1_336' title='bbox 578 2961 988 3031; x_wconf 83' lang='lat' dir='ltr'><strong>imperatorem,</strong></span> <span class='ocrx_word' id='word_1_337' title='bbox 1032 2962 1207 3020; x_wconf 79' lang='lat' dir='ltr'><strong>Patris</strong></span> <span class='ocrx_word' id='word_1_338' title='bbox 1256 2965 1575 3031; x_wconf 62' lang='lat' dir='ltr'><strong>Ammona},</strong></span> <span class='ocrx_word' id='word_1_339' title='bbox 1614 2970 1743 3038; x_wconf 88' lang='lat' dir='ltr'><strong>Cap.</strong></span> <span class='ocrx_word' id='word_1_340' title='bbox 1789 2970 1882 3036; x_wconf 84' lang='lat' dir='ltr'><strong>i7;</strong></span> 
     </span>
    </p>
   </div>
   <div class='ocr_carea' id='block_1_49' title="bbox 313 3050 1884 3125">
    <p class='ocr_par' dir='ltr' id='par_1_49' title="bbox 313 3050 1884 3125">
     <span class='ocr_line' id='line_1_49' title="bbox 313 3050 1884 3125; baseline 0.004 -20"><span class='ocrx_word' id='word_1_341' title='bbox 313 3050 556 3117; x_wconf 75' lang='lat' dir='ltr'><strong>Macarii,</strong></span> <span class='ocrx_word' id='word_1_342' title='bbox 584 3068 678 3107; x_wconf 86' lang='lat' dir='ltr'><strong>seu</strong></span> <span class='ocrx_word' id='word_1_343' title='bbox 714 3053 900 3124; x_wconf 82' lang='lat' dir='ltr'><strong>magni</strong></span> <span class='ocrx_word' id='word_1_344' title='bbox 926 3054 1267 3125; x_wconf 89' lang='lat' dir='ltr'><strong>seniorisque</strong></span> <span class='ocrx_word' id='word_1_345' title='bbox 1304 3055 1371 3109; x_wconf 90' lang='lat' dir='ltr'><strong>ad</strong></span> <span class='ocrx_word' id='word_1_346' title='bbox 1402 3071 1605 3109; x_wconf 90' lang='lat' dir='ltr'><strong>annum</strong></span> <span class='ocrx_word' id='word_1_347' title='bbox 1637 3057 1775 3123; x_wconf 69' lang='lat'><strong>360;</strong></span> <span class='ocrx_word' id='word_1_348' title='bbox 1808 3059 1884 3112; x_wconf 87' lang='lat' dir='ltr'><strong>in-</strong></span> 
     </span>
    </p>
   </div>
   <div class='ocr_carea' id='block_1_50' title="bbox 312 3144 1885 3219">
    <p class='ocr_par' dir='ltr' id='par_1_50' title="bbox 312 3144 1885 3219">
     <span class='ocr_line' id='line_1_50' title="bbox 312 3144 1885 3219; baseline 0.004 -22"><span class='ocrx_word' id='word_1_349' title='bbox 312 3158 481 3211; x_wconf 80' lang='lat' dir='ltr'><strong>super</strong></span> <span class='ocrx_word' id='word_1_350' title='bbox 518 3144 809 3213; x_wconf 80' lang='grc' dir='ltr'>Κεφάλαια</span> <span class='ocrx_word' id='word_1_351' title='bbox 858 3148 1141 3217; x_wconf 74' lang='grc' dir='ltr'><strong>πρακτικὰ</strong></span> <span class='ocrx_word' id='word_1_352' title='bbox 1171 3146 1426 3218; x_wconf 82' lang='lat' dir='ltr'><strong>Hesycbii</strong></span> <span class='ocrx_word' id='word_1_353' title='bbox 1463 3148 1784 3219; x_wconf 83' lang='lat' dir='ltr'><strong>presbyteri,</strong></span> <span class='ocrx_word' id='word_1_354' title='bbox 1820 3163 1885 3203; x_wconf 92' lang='lat' dir='ltr'><strong>ae</strong></span> 
     </span>
    </p>
   </div>
   <div class='ocr_carea' id='block_1_51' title="bbox 314 3236 1884 3309">
    <p class='ocr_par' dir='ltr' id='par_1_51' title="bbox 314 3236 1884 3309">
     <span class='ocr_line' id='line_1_51' title="bbox 314 3236 1884 3309; baseline 0.006 -24"><span class='ocrx_word' id='word_1_355' title='bbox 314 3246 498 3302; x_wconf 81' lang='lat' dir='ltr'><strong>postea</strong></span> <span class='ocrx_word' id='word_1_356' title='bbox 542 3237 787 3306; x_wconf 87' lang='lat' dir='ltr'><strong>episcopi</strong></span> <span class='ocrx_word' id='word_1_357' title='bbox 831 3236 1340 3309; x_wconf 86' lang='lat' dir='ltr'><strong>llierosolymitani,</strong></span> <span class='ocrx_word' id='word_1_358' title='bbox 1385 3240 1451 3295; x_wconf 89' lang='lat' dir='ltr'><strong>ad</strong></span> <span class='ocrx_word' id='word_1_359' title='bbox 1494 3257 1698 3296; x_wconf 91' lang='lat' dir='ltr'><strong>annum</strong></span> <span class='ocrx_word' id='word_1_360' title='bbox 1739 3242 1884 3308; x_wconf 84' lang='lat' dir='ltr'><strong>60l;</strong></span> 
     </span>
    </p>
   </div>
   <div class='ocr_carea' id='block_1_52' title="bbox 312 3326 1884 3403">
    <p class='ocr_par' dir='ltr' id='par_1_52' title="bbox 312 3326 1884 3403">
     <span class='ocr_line' id='line_1_52' title="bbox 312 3326 1884 3403; baseline 0.007 -25"><span class='ocrx_word' id='word_1_361' title='bbox 312 3326 581 3383; x_wconf 71' lang='lat' dir='ltr'><strong>Philothei</strong></span> <span class='ocrx_word' id='word_1_362' title='bbox 644 3330 897 3384; x_wconf 86' lang='lat' dir='ltr'><strong>monachi</strong></span> <span class='ocrx_word' id='word_1_363' title='bbox 943 3332 1257 3385; x_wconf 86' lang='lat' dir='ltr'><strong>monasterii</strong></span> <span class='ocrx_word' id='word_1_364' title='bbox 1303 3333 1604 3403; x_wconf 78' lang='grc' dir='ltr'>ὑπεραγίας</span> <span class='ocrx_word' id='word_1_365' title='bbox 1623 3335 1884 3389; x_wconf 83' lang='grc' dir='ltr'><strong>Θεοτόκου</strong></span> 
     </span>
    </p>
   </div>
   <div class='ocr_carea' id='block_1_53' title="bbox 309 3416 1882 3496">
    <p class='ocr_par' dir='ltr' id='par_1_53' title="bbox 309 3416 1882 3496">
     <span class='ocr_line' id='line_1_53' title="bbox 309 3416 1882 3496; baseline 0.011 -30"><span class='ocrx_word' id='word_1_366' title='bbox 309 3419 367 3469; x_wconf 73' lang='grc' dir='ltr'><strong>ἐν</strong></span> <span class='ocrx_word' id='word_1_367' title='bbox 391 3417 521 3487; x_wconf 79' lang='grc' dir='ltr'>Σινᾷ</span> <span class='ocrx_word' id='word_1_368' title='bbox 551 3416 646 3471; x_wconf 80' lang='grc' dir='ltr'><strong>τοῦ</strong></span> <span class='ocrx_word' id='word_1_369' title='bbox 700 3417 865 3486; x_wconf 83' lang='grc' dir='ltr'><strong>βάτου</strong></span> <span class='ocrx_word' id='word_1_370' title='bbox 898 3420 1185 3489; x_wconf 57' lang='lat' dir='ltr'><strong>meum</strong></span> <span class='ocrx_word' id='word_1_371' title='bbox 1215 3422 1317 3489; x_wconf 82' lang='lat'><strong>58;</strong></span> <span class='ocrx_word' id='word_1_372' title='bbox 1356 3422 1525 3479; x_wconf 89' lang='lat' dir='ltr'><strong>lsaaci</strong></span> <span class='ocrx_word' id='word_1_373' title='bbox 1573 3426 1716 3496; x_wconf 88' lang='lat' dir='ltr'><strong>Syri.</strong></span> <span class='ocrx_word' id='word_1_374' title='bbox 1752 3426 1882 3482; x_wconf 90' lang='lat' dir='ltr'><strong>ltem</strong></span> 
     </span>
    </p>
   </div>
   <div class='ocr_carea' id='block_1_54' title="bbox 308 3507 1880 3583">
    <p class='ocr_par' dir='ltr' id='par_1_54' title="bbox 308 3507 1880 3583">
     <span class='ocr_line' id='line_1_54' title="bbox 308 3507 1880 3583; baseline 0.008 -24"><span class='ocrx_word' id='word_1_375' title='bbox 308 3524 339 3559; x_wconf 89' lang='lat' dir='ltr'><strong>e</strong></span> <span class='ocrx_word' id='word_1_376' title='bbox 376 3507 642 3578; x_wconf 83' lang='lat' dir='ltr'><strong>Capitulis</strong></span> <span class='ocrx_word' id='word_1_377' title='bbox 669 3508 894 3566; x_wconf 86' lang='lat' dir='ltr'><strong>Joannis</strong></span> <span class='ocrx_word' id='word_1_378' title='bbox 924 3524 1120 3566; x_wconf 76' lang='lat' dir='ltr'><strong>ascetre</strong></span> <span class='ocrx_word' id='word_1_379' title='bbox 1151 3512 1381 3579; x_wconf 83' lang='lat' dir='ltr'><strong>fruetus,</strong></span> <span class='ocrx_word' id='word_1_380' title='bbox 1418 3515 1511 3583; x_wconf 86' lang='lat' dir='ltr'><strong>qui</strong></span> <span class='ocrx_word' id='word_1_381' title='bbox 1537 3527 1793 3573; x_wconf 90' lang='lat' dir='ltr'><strong>auctores</strong></span> <span class='ocrx_word' id='word_1_382' title='bbox 1827 3518 1880 3572; x_wconf 93' lang='lat' dir='ltr'><strong>in</strong></span> 
     </span>
    </p>
   </div>
   <div class='ocr_carea' id='block_1_55' title="bbox 306 3600 1883 3673">
    <p class='ocr_par' dir='ltr' id='par_1_55' title="bbox 306 3600 1883 3673">
     <span class='ocr_line' id='line_1_55' title="bbox 306 3600 1883 3673; baseline 0.006 -20"><span class='ocrx_word' id='word_1_383' title='bbox 306 3600 591 3655; x_wconf 82' lang='lat' dir='ltr'><strong>codicibus</strong></span> <span class='ocrx_word' id='word_1_384' title='bbox 627 3600 730 3655; x_wconf 83' lang='lat' dir='ltr'><strong>BB.</strong></span> <span class='ocrx_word' id='word_1_385' title='bbox 768 3601 869 3655; x_wconf 85' lang='lat' dir='ltr'><strong>BB.</strong></span> <span class='ocrx_word' id='word_1_386' title='bbox 897 3610 952 3656; x_wconf 91' lang='lat' dir='ltr'><strong>et</strong></span> <span class='ocrx_word' id='word_1_387' title='bbox 976 3602 1101 3667; x_wconf 78' lang='lat'><strong>250,</strong></span> <span class='ocrx_word' id='word_1_388' title='bbox 1137 3606 1571 3673; x_wconf 86' lang='lat' dir='ltr'><strong>comperiuntur,</strong></span> <span class='ocrx_word' id='word_1_389' title='bbox 1601 3608 1686 3661; x_wconf 90' lang='lat' dir='ltr'><strong>vel</strong></span> <span class='ocrx_word' id='word_1_390' title='bbox 1711 3608 1764 3662; x_wconf 91' lang='lat' dir='ltr'><strong>in</strong></span> <span class='ocrx_word' id='word_1_391' title='bbox 1792 3608 1883 3663; x_wconf 87' lang='lat' dir='ltr'><strong>Bi-</strong></span> 
     </span>
    </p>
   </div>
   <div class='ocr_carea' id='block_1_56' title="bbox 307 3692 1883 3767">
    <p class='ocr_par' dir='ltr' id='par_1_56' title="bbox 307 3692 1883 3767">
     <span class='ocr_line' id='line_1_56' title="bbox 307 3692 1883 3767; baseline 0.006 -21"><span class='ocrx_word' id='word_1_392' title='bbox 307 3692 574 3747; x_wconf 82' lang='lat' dir='ltr'><strong>bliotheca</strong></span> <span class='ocrx_word' id='word_1_393' title='bbox 605 3692 825 3747; x_wconf 84' lang='lat' dir='ltr'><strong>Patrum</strong></span> <span class='ocrx_word' id='word_1_394' title='bbox 856 3694 1062 3760; x_wconf 69' lang='lat' dir='ltr'><strong>Graece,</strong></span> <span class='ocrx_word' id='word_1_395' title='bbox 1089 3694 1411 3766; x_wconf 85' lang='lat' dir='ltr'><strong>Latineque,</strong></span> <span class='ocrx_word' id='word_1_396' title='bbox 1434 3713 1540 3767; x_wconf 93' lang='lat' dir='ltr'><strong>qua</strong></span> <span class='ocrx_word' id='word_1_397' title='bbox 1562 3702 1768 3754; x_wconf 78' lang='lat' dir='ltr'><strong>exarati</strong></span> <span class='ocrx_word' id='word_1_398' title='bbox 1790 3715 1883 3755; x_wconf 87' lang='lat' dir='ltr'><strong>ca-</strong></span> 
     </span>
    </p>
   </div>
   <div class='ocr_carea' id='block_1_57' title="bbox 306 3784 1882 3856">
    <p class='ocr_par' dir='ltr' id='par_1_57' title="bbox 306 3784 1882 3856">
     <span class='ocr_line' id='line_1_57' title="bbox 306 3784 1882 3856; baseline 0.009 -24"><span class='ocrx_word' id='word_1_399' title='bbox 306 3784 470 3847; x_wconf 89' lang='lat' dir='ltr'><strong>lamo,</strong></span> <span class='ocrx_word' id='word_1_400' title='bbox 492 3799 599 3853; x_wconf 89' lang='lat' dir='ltr'><strong>qua</strong></span> <span class='ocrx_word' id='word_1_401' title='bbox 625 3785 770 3855; x_wconf 85' lang='lat' dir='ltr'><strong>typis</strong></span> <span class='ocrx_word' id='word_1_402' title='bbox 786 3784 942 3853; x_wconf 93' lang='lat' dir='ltr'><strong>editi,</strong></span> <span class='ocrx_word' id='word_1_403' title='bbox 970 3796 1024 3841; x_wconf 89' lang='lat' dir='ltr'><strong>et</strong></span> <span class='ocrx_word' id='word_1_404' title='bbox 1053 3787 1299 3856; x_wconf 88' lang='lat' dir='ltr'><strong>Capitula</strong></span> <span class='ocrx_word' id='word_1_405' title='bbox 1332 3789 1434 3843; x_wconf 90' lang='lat' dir='ltr'><strong>ista</strong></span> <span class='ocrx_word' id='word_1_406' title='bbox 1457 3788 1638 3844; x_wconf 80' lang='lat' dir='ltr'><strong>forsan</strong></span> <span class='ocrx_word' id='word_1_407' title='bbox 1668 3790 1739 3844; x_wconf 90' lang='lat' dir='ltr'><strong>ab</strong></span> <span class='ocrx_word' id='word_1_408' title='bbox 1760 3792 1882 3846; x_wconf 85' lang='lat' dir='ltr'><strong>aliis</strong></span> 
     </span>
    </p>
   </div>
   <div class='ocr_carea' id='block_1_58' title="bbox 305 3876 1880 3948">
    <p class='ocr_par' dir='ltr' id='par_1_58' title="bbox 305 3876 1880 3948">
     <span class='ocr_line' id='line_1_58' title="bbox 305 3876 1880 3948; baseline 0.006 -22"><span class='ocrx_word' id='word_1_409' title='bbox 305 3884 561 3944; x_wconf 76' lang='lat' dir='ltr'><strong>excerpta</strong></span> <span class='ocrx_word' id='word_1_410' title='bbox 592 3876 897 3931; x_wconf 76' lang='lat' dir='ltr'><strong>fueruntex</strong></span> <span class='ocrx_word' id='word_1_411' title='bbox 938 3878 1297 3948; x_wconf 85' lang='lat' dir='ltr'><strong>amplioribus</strong></span> <span class='ocrx_word' id='word_1_412' title='bbox 1318 3881 1664 3947; x_wconf 88' lang='lat' dir='ltr'><strong>tractatibus,</strong></span> <span class='ocrx_word' id='word_1_413' title='bbox 1700 3882 1880 3937; x_wconf 87' lang='lat' dir='ltr'><strong>homi-</strong></span> 
     </span>
    </p>
   </div>
   <div class='ocr_carea' id='block_1_59' title="bbox 306 3958 1878 4043">
    <p class='ocr_par' dir='ltr' id='par_1_59' title="bbox 306 3958 1878 4043">
     <span class='ocr_line' id='line_1_59' title="bbox 306 3958 1878 4043; baseline 0.008 -26"><span class='ocrx_word' id='word_1_414' title='bbox 306 3966 413 4032; x_wconf 89' lang='lat' dir='ltr'><strong>liis,</strong></span> <span class='ocrx_word' id='word_1_415' title='bbox 428 3975 482 4021; x_wconf 88' lang='lat' dir='ltr'><strong>et</strong></span> <span class='ocrx_word' id='word_1_416' title='bbox 497 3968 799 4033; x_wconf 89' lang='lat' dir='ltr'><strong>sententiis,</strong></span> <span class='ocrx_word' id='word_1_417' title='bbox 825 3970 1216 4040; x_wconf 87' lang='lat' dir='ltr'><strong>responsisque</strong></span> <span class='ocrx_word' id='word_1_418' title='bbox 1245 3971 1313 4025; x_wconf 91' lang='lat' dir='ltr'><strong>ad</strong></span> <span class='ocrx_word' id='word_1_419' title='bbox 1337 3958 1636 4043; x_wconf 76' lang='grc' dir='ltr'><strong>ὲρῶτήσεις</strong></span> <span class='ocrx_word' id='word_1_420' title='bbox 1657 3972 1878 4029; x_wconf 87' lang='lat' dir='ltr'><strong>Patrum</strong></span> 
     </span>
    </p>
   </div>
   <div class='ocr_carea' id='block_1_60' title="bbox 305 4059 1877 4132">
    <p class='ocr_par' dir='ltr' id='par_1_60' title="bbox 305 4059 1877 4132">
     <span class='ocr_line' id='line_1_60' title="bbox 305 4059 1877 4132; baseline 0.006 -21"><span class='ocrx_word' id='word_1_421' title='bbox 305 4059 549 4124; x_wconf 89' lang='lat' dir='ltr'><strong>illorum,</strong></span> <span class='ocrx_word' id='word_1_422' title='bbox 611 4061 691 4115; x_wconf 89' lang='lat' dir='ltr'><strong>uti</strong></span> <span class='ocrx_word' id='word_1_423' title='bbox 728 4062 975 4132; x_wconf 89' lang='lat' dir='ltr'><strong>Capitula</strong></span> <span class='ocrx_word' id='word_1_424' title='bbox 1013 4063 1229 4119; x_wconf 88' lang='lat' dir='ltr'><strong>diversa</strong></span> <span class='ocrx_word' id='word_1_425' title='bbox 1270 4064 1609 4121; x_wconf 88' lang='lat' dir='ltr'><strong>diversorum</strong></span> <span class='ocrx_word' id='word_1_426' title='bbox 1654 4063 1877 4121; x_wconf 82' lang='lat' dir='ltr'><strong>Patrum</strong></span> 
     </span>
    </p>
   </div>
   <div class='ocr_carea' id='block_1_61' title="bbox 304 4152 1881 4226">
    <p class='ocr_par' dir='ltr' id='par_1_61' title="bbox 304 4152 1881 4226">
     <span class='ocr_line' id='line_1_61' title="bbox 304 4152 1881 4226; baseline 0.003 -20"><span class='ocrx_word' id='word_1_427' title='bbox 304 4152 468 4206; x_wconf 85' lang='lat' dir='ltr'><strong>simul</strong></span> <span class='ocrx_word' id='word_1_428' title='bbox 512 4153 895 4208; x_wconf 85' lang='lat' dir='ltr'><strong>consarcinata</strong></span> <span class='ocrx_word' id='word_1_429' title='bbox 936 4162 989 4209; x_wconf 91' lang='lat' dir='ltr'><strong>et</strong></span> <span class='ocrx_word' id='word_1_430' title='bbox 1037 4164 1395 4222; x_wconf 61' lang='lat' dir='ltr'><strong>coacervata,</strong></span> <span class='ocrx_word' id='word_1_431' title='bbox 1446 4171 1680 4226; x_wconf 91' lang='lat' dir='ltr'><strong>quorum</strong></span> <span class='ocrx_word' id='word_1_432' title='bbox 1722 4173 1881 4213; x_wconf 83' lang='lat' dir='ltr'><strong>exor-</strong></span> 
     </span>
    </p>
   </div>
   <div class='ocr_carea' id='block_1_62' title="bbox 302 4240 1880 4315">
    <p class='ocr_par' dir='ltr' id='par_1_62' title="bbox 302 4240 1880 4315">
     <span class='ocr_line' id='line_1_62' title="bbox 302 4240 1880 4315; baseline 0.005 -20"><span class='ocrx_word' id='word_1_433' title='bbox 302 4242 452 4295; x_wconf 87' lang='lat' dir='ltr'><strong>dium</strong></span> <span class='ocrx_word' id='word_1_434' title='bbox 482 4252 566 4297; x_wconf 89' lang='lat' dir='ltr'><strong>est</strong></span> <span class='ocrx_word' id='word_1_435' title='bbox 590 4261 602 4296; x_wconf 89' lang='lat'><strong>:</strong></span> <span class='ocrx_word' id='word_1_436' title='bbox 627 4241 822 4297; x_wconf 79' lang='lat' dir='ltr'><strong>Beatus</strong></span> <span class='ocrx_word' id='word_1_437' title='bbox 851 4243 1185 4314; x_wconf 82' lang='lat' dir='ltr'><strong>Epiphanius</strong></span> <span class='ocrx_word' id='word_1_438' title='bbox 1226 4247 1398 4315; x_wconf 73' lang='lat' dir='ltr'><strong>dixit;</strong></span> <span class='ocrx_word' id='word_1_439' title='bbox 1423 4257 1476 4302; x_wconf 90' lang='lat' dir='ltr'><strong>et</strong></span> <span class='ocrx_word' id='word_1_440' title='bbox 1508 4240 1573 4303; x_wconf 66' lang='lat' dir='ltr'><strong>&#39;in</strong></span> <span class='ocrx_word' id='word_1_441' title='bbox 1608 4247 1747 4305; x_wconf 83' lang='lat' dir='ltr'><strong>Vitis</strong></span> <span class='ocrx_word' id='word_1_442' title='bbox 1776 4249 1880 4303; x_wconf 80' lang='lat' dir='ltr'><strong>Pa-</strong></span> 
     </span>
    </p>
   </div>
   <div class='ocr_carea' id='block_1_63' title="bbox 1985 1769 3601 1841">
    <p class='ocr_par' dir='ltr' id='par_1_63' title="bbox 1985 1769 3601 1841">
     <span class='ocr_line' id='line_1_63' title="bbox 1985 1769 3601 1841; baseline -0.002 -12"><span class='ocrx_word' id='word_1_443' title='bbox 1985 1773 2180 1829; x_wconf 84' lang='lat' dir='ltr'><strong>Joanni</strong></span> <span class='ocrx_word' id='word_1_444' title='bbox 2210 1772 2464 1841; x_wconf 79' lang='lat' dir='ltr'><strong>Baptistae</strong></span> <span class='ocrx_word' id='word_1_445' title='bbox 2486 1769 2908 1839; x_wconf 84' lang='lat' dir='ltr'><strong>atqueChristo;</strong></span> <span class='ocrx_word' id='word_1_446' title='bbox 2935 1780 2993 1824; x_wconf 93' lang='lat' dir='ltr'><strong>ut</strong></span> <span class='ocrx_word' id='word_1_447' title='bbox 3027 1770 3121 1824; x_wconf 92' lang='lat' dir='ltr'><strong>lib.</strong></span> <span class='ocrx_word' id='word_1_448' title='bbox 3159 1785 3215 1831; x_wconf 88' lang='grc' dir='ltr'><strong>ιι.</strong></span> <span class='ocrx_word' id='word_1_449' title='bbox 3258 1772 3415 1839; x_wconf 86' lang='lat' dir='ltr'><strong>epist.</strong></span> <span class='ocrx_word' id='word_1_450' title='bbox 3450 1771 3601 1835; x_wconf 67' lang='lat'><strong>483,</strong></span> 
     </span>
    </p>
   </div>
   <div class='ocr_carea' id='block_1_64' title="bbox 1987 1860 3596 1931">
    <p class='ocr_par' dir='ltr' id='par_1_64' title="bbox 1987 1860 3596 1931">
     <span class='ocr_line' id='line_1_64' title="bbox 1987 1860 3596 1931; baseline -0.002 -10"><span class='ocrx_word' id='word_1_451' title='bbox 1987 1881 2111 1921; x_wconf 89' lang='lat' dir='ltr'><strong>eum</strong></span> <span class='ocrx_word' id='word_1_452' title='bbox 2130 1866 2391 1929; x_wconf 85' lang='lat' dir='ltr'><strong>dilaudat,</strong></span> <span class='ocrx_word' id='word_1_453' title='bbox 2428 1873 2483 1917; x_wconf 90' lang='lat' dir='ltr'><strong>et</strong></span> <span class='ocrx_word' id='word_1_454' title='bbox 2509 1862 2901 1917; x_wconf 90' lang='lat' dir='ltr'><strong>carbunculum</strong></span> <span class='ocrx_word' id='word_1_455' title='bbox 2938 1860 3196 1916; x_wconf 72' lang='lat' dir='ltr'><strong>Ecclesia:</strong></span> <span class='ocrx_word' id='word_1_456' title='bbox 3231 1863 3299 1915; x_wconf 91' lang='lat' dir='ltr'><strong>ob</strong></span> <span class='ocrx_word' id='word_1_457' title='bbox 3318 1862 3596 1931; x_wconf 88' lang='lat' dir='ltr'><strong>splendo-</strong></span> 
     </span>
    </p>
   </div>
   <div class='ocr_carea' id='block_1_65' title="bbox 1987 1953 3591 2027">
    <p class='ocr_par' dir='ltr' id='par_1_65' title="bbox 1987 1953 3591 2027">
     <span class='ocr_line' id='line_1_65' title="bbox 1987 1953 3591 2027; baseline -0.003 -14"><span class='ocrx_word' id='word_1_458' title='bbox 1987 1972 2101 2013; x_wconf 89' lang='lat' dir='ltr'><strong>rem</strong></span> <span class='ocrx_word' id='word_1_459' title='bbox 2127 1956 2343 2027; x_wconf 87' lang='lat' dir='ltr'><strong>pietatis</strong></span> <span class='ocrx_word' id='word_1_460' title='bbox 2365 1956 2431 2010; x_wconf 89' lang='lat' dir='ltr'><strong>ad</strong></span> <span class='ocrx_word' id='word_1_461' title='bbox 2460 1953 2728 2008; x_wconf 81' lang='lat' dir='ltr'><strong>Valerium</strong></span> <span class='ocrx_word' id='word_1_462' title='bbox 2766 1953 3193 2019; x_wconf 87' lang='lat' dir='ltr'><strong>Cubicularium,</strong></span> <span class='ocrx_word' id='word_1_463' title='bbox 3230 1953 3397 2024; x_wconf 81' lang='grc'>696</span> <span class='ocrx_word' id='word_1_464' title='bbox 3439 1963 3591 2018; x_wconf 86' lang='lat' dir='ltr'><strong>etc.,</strong></span> 
     </span>
    </p>
   </div>
   <div class='ocr_carea' id='block_1_66' title="bbox 1988 2043 3588 2116">
    <p class='ocr_par' dir='ltr' id='par_1_66' title="bbox 1988 2043 3588 2116">
     <span class='ocr_line' id='line_1_66' title="bbox 1988 2043 3588 2116; baseline -0.003 -14"><span class='ocrx_word' id='word_1_465' title='bbox 1988 2048 2204 2114; x_wconf 86' lang='lat' dir='ltr'><strong>recitat;</strong></span> <span class='ocrx_word' id='word_1_466' title='bbox 2229 2057 2283 2102; x_wconf 88' lang='lat' dir='ltr'><strong>et</strong></span> <span class='ocrx_word' id='word_1_467' title='bbox 2301 2048 2393 2101; x_wconf 92' lang='lat' dir='ltr'><strong>lib.</strong></span> <span class='ocrx_word' id='word_1_468' title='bbox 2414 2062 2494 2111; x_wconf 88' lang='lat' dir='ltr'><strong>Ill,</strong></span> <span class='ocrx_word' id='word_1_469' title='bbox 2511 2046 2670 2116; x_wconf 86' lang='lat' dir='ltr'><strong>epist.</strong></span> <span class='ocrx_word' id='word_1_470' title='bbox 2692 2046 2811 2111; x_wconf 86' lang='lat' dir='ltr'><strong>t99,</strong></span> <span class='ocrx_word' id='word_1_471' title='bbox 2835 2045 3084 2099; x_wconf 90' lang='lat' dir='ltr'><strong>eumdem</strong></span> <span class='ocrx_word' id='word_1_472' title='bbox 3108 2054 3265 2099; x_wconf 87' lang='lat' dir='ltr'><strong>vocat</strong></span> <span class='ocrx_word' id='word_1_473' title='bbox 3281 2043 3588 2111; x_wconf 83' lang='lat' dir='ltr'><strong>Entheum,</strong></span> 
     </span>
    </p>
   </div>
   <div class='ocr_carea' id='block_1_67' title="bbox 1987 2136 3591 2208">
    <p class='ocr_par' dir='ltr' id='par_1_67' title="bbox 1987 2136 3591 2208">
     <span class='ocr_line' id='line_1_67' title="bbox 1987 2136 3591 2208; baseline -0.002 -14"><span class='ocrx_word' id='word_1_474' title='bbox 1987 2147 2043 2194; x_wconf 91' lang='lat' dir='ltr'><strong>et</strong></span> <span class='ocrx_word' id='word_1_475' title='bbox 2084 2153 2181 2193; x_wconf 83' lang='lat' dir='ltr'><strong>eos</strong></span> <span class='ocrx_word' id='word_1_476' title='bbox 2224 2138 2317 2208; x_wconf 91' lang='lat' dir='ltr'><strong>qui</strong></span> <span class='ocrx_word' id='word_1_477' title='bbox 2353 2140 2657 2207; x_wconf 82' lang='lat' dir='ltr'><strong>Augustum</strong></span> <span class='ocrx_word' id='word_1_478' title='bbox 2706 2136 3100 2190; x_wconf 77' lang='grc' dir='ltr'><strong>εὐλαϐέστατον</strong></span> <span class='ocrx_word' id='word_1_479' title='bbox 3146 2138 3239 2189; x_wconf 76' lang='grc' dir='ltr'>καὶ</span> <span class='ocrx_word' id='word_1_480' title='bbox 3258 2136 3591 2190; x_wconf 81' lang='grc' dir='ltr'><strong>ἁπλούστα-</strong></span> 
     </span>
    </p>
   </div>
   <div class='ocr_carea' id='block_1_68' title="bbox 1987 2227 3586 2301">
    <p class='ocr_par' dir='ltr' id='par_1_68' title="bbox 1987 2227 3586 2301">
     <span class='ocr_line' id='line_1_68' title="bbox 1987 2227 3586 2301; baseline 0 -19"><span class='ocrx_word' id='word_1_481' title='bbox 1987 2246 2097 2294; x_wconf 81' lang='grc' dir='ltr'><strong>τον,</strong></span> <span class='ocrx_word' id='word_1_482' title='bbox 2138 2230 2617 2301; x_wconf 76' lang='lat' dir='ltr'><strong>benignissimum,</strong></span> <span class='ocrx_word' id='word_1_483' title='bbox 2642 2238 2696 2283; x_wconf 85' lang='lat' dir='ltr'><strong>et</strong></span> <span class='ocrx_word' id='word_1_484' title='bbox 2717 2227 3205 2298; x_wconf 82' lang='lat' dir='ltr'><strong>simplicissimum,</strong></span> <span class='ocrx_word' id='word_1_485' title='bbox 3225 2238 3284 2281; x_wconf 91' lang='lat' dir='ltr'><strong>ut</strong></span> <span class='ocrx_word' id='word_1_486' title='bbox 3300 2236 3586 2282; x_wconf 77' lang='lat' dir='ltr'><strong>extorrem</strong></span> 
     </span>
    </p>
   </div>
   <div class='ocr_carea' id='block_1_69' title="bbox 1989 2321 3589 2392">
    <p class='ocr_par' dir='ltr' id='par_1_69' title="bbox 1989 2321 3589 2392">
     <span class='ocr_line' id='line_1_69' title="bbox 1989 2321 3589 2392; baseline -0.001 -15"><span class='ocrx_word' id='word_1_487' title='bbox 1989 2321 2193 2377; x_wconf 80' lang='lat' dir='ltr'><strong>faceret</strong></span> <span class='ocrx_word' id='word_1_488' title='bbox 2231 2322 2586 2392; x_wconf 89' lang='lat' dir='ltr'><strong>impulerunt,</strong></span> <span class='ocrx_word' id='word_1_489' title='bbox 2623 2336 2653 2375; x_wconf 89' lang='lat' dir='ltr'><strong>a</strong></span> <span class='ocrx_word' id='word_1_490' title='bbox 2687 2321 2799 2377; x_wconf 87' lang='lat' dir='ltr'><strong>Deo</strong></span> <span class='ocrx_word' id='word_1_491' title='bbox 2839 2322 3059 2391; x_wconf 88' lang='lat' dir='ltr'><strong>punitos</strong></span> <span class='ocrx_word' id='word_1_492' title='bbox 3086 2337 3154 2376; x_wconf 82' lang='lat' dir='ltr'><strong>ex</strong></span> <span class='ocrx_word' id='word_1_493' title='bbox 3193 2337 3383 2376; x_wconf 90' lang='lat' dir='ltr'><strong>corum</strong></span> <span class='ocrx_word' id='word_1_494' title='bbox 3438 2337 3589 2377; x_wconf 82' lang='lat' dir='ltr'><strong>con-</strong></span> 
     </span>
    </p>
   </div>
   <div class='ocr_carea' id='block_1_70' title="bbox 1990 2413 3581 2483">
    <p class='ocr_par' dir='ltr' id='par_1_70' title="bbox 1990 2413 3581 2483">
     <span class='ocr_line' id='line_1_70' title="bbox 1990 2413 3581 2483; baseline 0.001 -15"><span class='ocrx_word' id='word_1_495' title='bbox 1990 2413 2227 2469; x_wconf 74' lang='lat' dir='ltr'><strong>fessione</strong></span> <span class='ocrx_word' id='word_1_496' title='bbox 2262 2413 2566 2467; x_wconf 84' lang='lat' dir='ltr'><strong>invidentes</strong></span> <span class='ocrx_word' id='word_1_497' title='bbox 2595 2414 2880 2483; x_wconf 84' lang='lat' dir='ltr'><strong>episcopos</strong></span> <span class='ocrx_word' id='word_1_498' title='bbox 2908 2423 3095 2468; x_wconf 87' lang='lat' dir='ltr'><strong>narrat</strong></span> <span class='ocrx_word' id='word_1_499' title='bbox 3123 2413 3325 2469; x_wconf 85' lang='lat' dir='ltr'><strong>Severo</strong></span> <span class='ocrx_word' id='word_1_500' title='bbox 3361 2429 3581 2469; x_wconf 86' lang='lat' dir='ltr'><strong>excon-</strong></span> 
     </span>
    </p>
   </div>
   <div class='ocr_carea' id='block_1_71' title="bbox 1992 2502 3584 2562">
    <p class='ocr_par' dir='ltr' id='par_1_71' title="bbox 1992 2502 3584 2562">
     <span class='ocr_line' id='line_1_71' title="bbox 1992 2502 3584 2562; baseline 0 -2"><span class='ocrx_word' id='word_1_501' title='bbox 1992 2504 2116 2560; x_wconf 87' lang='lat' dir='ltr'><strong>suli.</strong></span> <span class='ocrx_word' id='word_1_502' title='bbox 2152 2503 2313 2559; x_wconf 89' lang='lat' dir='ltr'><strong>Certe</strong></span> <span class='ocrx_word' id='word_1_503' title='bbox 2336 2513 2587 2559; x_wconf 74' lang='lat' dir='ltr'><strong>sanctitm</strong></span> <span class='ocrx_word' id='word_1_504' title='bbox 2615 2502 2880 2559; x_wconf 89' lang='lat' dir='ltr'><strong>Joannem</strong></span> <span class='ocrx_word' id='word_1_505' title='bbox 2906 2503 3027 2559; x_wconf 87' lang='lat' dir='ltr'><strong>Nilo</strong></span> <span class='ocrx_word' id='word_1_506' title='bbox 3053 2510 3183 2560; x_wconf 76' lang='lat' dir='ltr'><strong>su‘as</strong></span> <span class='ocrx_word' id='word_1_507' title='bbox 3211 2507 3373 2560; x_wconf 88' lang='lat' dir='ltr'><strong>etiam</strong></span> <span class='ocrx_word' id='word_1_508' title='bbox 3402 2507 3584 2562; x_wconf 85' lang='lat' dir='ltr'><strong>visio-</strong></span> 
     </span>
    </p>
   </div>
   <div class='ocr_carea' id='block_1_72' title="bbox 1991 2595 3576 2668">
    <p class='ocr_par' dir='ltr' id='par_1_72' title="bbox 1991 2595 3576 2668">
     <span class='ocr_line' id='line_1_72' title="bbox 1991 2595 3576 2668; baseline 0.002 -17"><span class='ocrx_word' id='word_1_509' title='bbox 1991 2612 2088 2652; x_wconf 90' lang='lat' dir='ltr'><strong>nes</strong></span> <span class='ocrx_word' id='word_1_510' title='bbox 2146 2605 2309 2666; x_wconf 89' lang='lat' dir='ltr'><strong>atque</strong></span> <span class='ocrx_word' id='word_1_511' title='bbox 2349 2595 2705 2652; x_wconf 83' lang='lat' dir='ltr'><strong>revelationes</strong></span> <span class='ocrx_word' id='word_1_512' title='bbox 2794 2598 3233 2653; x_wconf 89' lang='lat' dir='ltr'><strong>communicasse</strong></span> <span class='ocrx_word' id='word_1_513' title='bbox 3280 2599 3453 2668; x_wconf 89' lang='lat' dir='ltr'><strong>liquet</strong></span> <span class='ocrx_word' id='word_1_514' title='bbox 3507 2615 3576 2654; x_wconf 88' lang='lat' dir='ltr'><strong>ex</strong></span> 
     </span>
    </p>
   </div>
   <div class='ocr_carea' id='block_1_73' title="bbox 1992 2685 3581 2759">
    <p class='ocr_par' dir='ltr' id='par_1_73' title="bbox 1992 2685 3581 2759">
     <span class='ocr_line' id='line_1_73' title="bbox 1992 2685 3581 2759; baseline 0.001 -18"><span class='ocrx_word' id='word_1_515' title='bbox 1992 2686 2154 2755; x_wconf 89' lang='lat' dir='ltr'><strong>epist.</strong></span> <span class='ocrx_word' id='word_1_516' title='bbox 2186 2686 2407 2752; x_wconf 86' lang='lat' dir='ltr'><strong>subseq.</strong></span> <span class='ocrx_word' id='word_1_517' title='bbox 2460 2685 2586 2739; x_wconf 70' lang='grc'><strong>294.</strong></span> <span class='ocrx_word' id='word_1_518' title='bbox 2620 2686 2714 2740; x_wconf 92' lang='lat' dir='ltr'><strong>lib.</strong></span> <span class='ocrx_word' id='word_1_519' title='bbox 2754 2702 2827 2750; x_wconf 81' lang='grc' dir='ltr'><strong>ιι,</strong></span> <span class='ocrx_word' id='word_1_520' title='bbox 2880 2687 2933 2739; x_wconf 93' lang='lat' dir='ltr'><strong>in</strong></span> <span class='ocrx_word' id='word_1_521' title='bbox 2980 2702 3087 2757; x_wconf 86' lang='lat' dir='ltr'><strong>qua</strong></span> <span class='ocrx_word' id='word_1_522' title='bbox 3137 2688 3309 2757; x_wconf 90' lang='lat' dir='ltr'><strong>ipsum</strong></span> <span class='ocrx_word' id='word_1_523' title='bbox 3356 2704 3581 2759; x_wconf 62' lang='lat' dir='ltr'><strong>magna</strong></span> 
     </span>
    </p>
   </div>
   <div class='ocr_carea' id='block_1_74' title="bbox 1994 2776 3576 2848">
    <p class='ocr_par' dir='ltr' id='par_1_74' title="bbox 1994 2776 3576 2848">
     <span class='ocr_line' id='line_1_74' title="bbox 1994 2776 3576 2848; baseline 0.001 -16"><span class='ocrx_word' id='word_1_524' title='bbox 1994 2777 2307 2848; x_wconf 69' lang='lat' dir='ltr'><strong>Byzantina:</strong></span> <span class='ocrx_word' id='word_1_525' title='bbox 2349 2778 2773 2832; x_wconf 86' lang='lat' dir='ltr'><strong>illuminaterem</strong></span> <span class='ocrx_word' id='word_1_526' title='bbox 2832 2776 3090 2833; x_wconf 68' lang='lat' dir='ltr'><strong>Ecclesiae</strong></span> <span class='ocrx_word' id='word_1_527' title='bbox 3146 2780 3576 2844; x_wconf 85' lang='lat' dir='ltr'><strong>admirabitem,</strong></span> 
     </span>
    </p>
   </div>
   <div class='ocr_carea' id='block_1_75' title="bbox 1995 2869 3575 2932">
    <p class='ocr_par' dir='ltr' id='par_1_75' title="bbox 1995 2869 3575 2932">
     <span class='ocr_line' id='line_1_75' title="bbox 1995 2869 3575 2932; baseline 0.002 -8"><span class='ocrx_word' id='word_1_528' title='bbox 1995 2870 2107 2924; x_wconf 92' lang='lat' dir='ltr'><strong>imo</strong></span> <span class='ocrx_word' id='word_1_529' title='bbox 2142 2870 2310 2926; x_wconf 89' lang='lat' dir='ltr'><strong>totius</strong></span> <span class='ocrx_word' id='word_1_530' title='bbox 2355 2870 2506 2925; x_wconf 87' lang='lat' dir='ltr'><strong>orbis</strong></span> <span class='ocrx_word' id='word_1_531' title='bbox 2540 2869 2809 2932; x_wconf 89' lang='lat' dir='ltr'><strong>nominat,</strong></span> <span class='ocrx_word' id='word_1_532' title='bbox 2839 2870 3084 2925; x_wconf 90' lang='lat' dir='ltr'><strong>scribens</strong></span> <span class='ocrx_word' id='word_1_533' title='bbox 3113 2871 3178 2925; x_wconf 91' lang='lat' dir='ltr'><strong>ad</strong></span> <span class='ocrx_word' id='word_1_534' title='bbox 3211 2874 3575 2927; x_wconf 83' lang='lat' dir='ltr'><strong>Anastasium</strong></span> 
     </span>
    </p>
   </div>
   <div class='ocr_carea' id='block_1_76' title="bbox 1994 2962 3574 3031">
    <p class='ocr_par' dir='ltr' id='par_1_76' title="bbox 1994 2962 3574 3031">
     <span class='ocr_line' id='line_1_76' title="bbox 1994 2962 3574 3031; baseline 0.001 -16"><span class='ocrx_word' id='word_1_535' title='bbox 1994 2962 2307 3031; x_wconf 81' lang='lat' dir='ltr'><strong>episcOpnm</strong></span> <span class='ocrx_word' id='word_1_536' title='bbox 2333 3000 2348 3025; x_wconf 92' lang='lat'><strong>,</strong></span> <span class='ocrx_word' id='word_1_537' title='bbox 2387 2962 2597 3016; x_wconf 90' lang='lat' dir='ltr'><strong>scilicet</strong></span> <span class='ocrx_word' id='word_1_538' title='bbox 2640 2971 2883 3030; x_wconf 90' lang='lat' dir='ltr'><strong>tempore</strong></span> <span class='ocrx_word' id='word_1_539' title='bbox 2926 2963 3259 3017; x_wconf 84' lang='lat' dir='ltr'><strong>sacrosancti</strong></span> <span class='ocrx_word' id='word_1_540' title='bbox 3308 2965 3574 3019; x_wconf 83' lang='lat' dir='ltr'><strong>sacriﬁcii</strong></span> 
     </span>
    </p>
   </div>
   <div class='ocr_carea' id='block_1_77' title="bbox 1990 3052 3574 3122">
    <p class='ocr_par' dir='ltr' id='par_1_77' title="bbox 1990 3052 3574 3122">
     <span class='ocr_line' id='line_1_77' title="bbox 1990 3052 3574 3122; baseline 0.001 -15"><span class='ocrx_word' id='word_1_541' title='bbox 1990 3053 2058 3107; x_wconf 89' lang='lat' dir='ltr'><strong>ab</strong></span> <span class='ocrx_word' id='word_1_542' title='bbox 2091 3054 2283 3107; x_wconf 88' lang='lat' dir='ltr'><strong>eodem</strong></span> <span class='ocrx_word' id='word_1_543' title='bbox 2318 3061 2510 3108; x_wconf 85' lang='lat' dir='ltr'><strong>sancto</strong></span> <span class='ocrx_word' id='word_1_544' title='bbox 2552 3052 2939 3108; x_wconf 85' lang='lat' dir='ltr'><strong>Joanne&#39;visos</strong></span> <span class='ocrx_word' id='word_1_545' title='bbox 2969 3054 3191 3122; x_wconf 87' lang='lat' dir='ltr'><strong>angelos</strong></span> <span class='ocrx_word' id='word_1_546' title='bbox 3224 3055 3395 3109; x_wconf 86' lang='lat' dir='ltr'><strong>altare</strong></span> <span class='ocrx_word' id='word_1_547' title='bbox 3437 3071 3574 3109; x_wconf 90' lang='lat' dir='ltr'><strong>cum</strong></span> 
     </span>
    </p>
   </div>
   <div class='ocr_carea' id='block_1_78' title="bbox 1990 3144 3574 3211">
    <p class='ocr_par' dir='ltr' id='par_1_78' title="bbox 1990 3144 3574 3211">
     <span class='ocr_line' id='line_1_78' title="bbox 1990 3144 3574 3211; baseline 0.003 -15"><span class='ocrx_word' id='word_1_548' title='bbox 1990 3144 2341 3198; x_wconf 87' lang='lat' dir='ltr'><strong>veneratione</strong></span> <span class='ocrx_word' id='word_1_549' title='bbox 2393 3144 2798 3199; x_wconf 88' lang='lat' dir='ltr'><strong>circumeuntes</strong></span> <span class='ocrx_word' id='word_1_550' title='bbox 2848 3144 2900 3197; x_wconf 91' lang='lat' dir='ltr'><strong>in</strong></span> <span class='ocrx_word' id='word_1_551' title='bbox 2932 3144 3097 3198; x_wconf 90' lang='lat' dir='ltr'><strong>domo</strong></span> <span class='ocrx_word' id='word_1_552' title='bbox 3149 3144 3380 3211; x_wconf 89' lang='lat' dir='ltr'><strong>Domini,</strong></span> <span class='ocrx_word' id='word_1_553' title='bbox 3436 3162 3574 3201; x_wconf 82' lang='lat' dir='ltr'><strong>cum</strong></span> 
     </span>
    </p>
   </div>
   <div class='ocr_carea' id='block_1_79' title="bbox 1988 3234 3573 3307">
    <p class='ocr_par' dir='ltr' id='par_1_79' title="bbox 1988 3234 3573 3307">
     <span class='ocr_line' id='line_1_79' title="bbox 1988 3234 3573 3307; baseline 0.001 -19"><span class='ocrx_word' id='word_1_554' title='bbox 1988 3234 2247 3304; x_wconf 89' lang='lat' dir='ltr'><strong>inciperet</strong></span> <span class='ocrx_word' id='word_1_555' title='bbox 2271 3236 2624 3295; x_wconf 85' lang='lat' dir='ltr'><strong>oblationem.</strong></span> <span class='ocrx_word' id='word_1_556' title='bbox 2649 3250 2821 3305; x_wconf 89' lang='lat' dir='ltr'><strong>usque</strong></span> <span class='ocrx_word' id='word_1_557' title='bbox 2844 3236 2911 3289; x_wconf 88' lang='lat' dir='ltr'><strong>ad</strong></span> <span class='ocrx_word' id='word_1_558' title='bbox 2940 3237 3180 3307; x_wconf 85' lang='lat' dir='ltr'><strong>mysterii</strong></span> <span class='ocrx_word' id='word_1_559' title='bbox 3208 3252 3573 3292; x_wconf 81' lang='lat' dir='ltr'><strong>consumma-</strong></span> 
     </span>
    </p>
   </div>
   <div class='ocr_carea' id='block_1_80' title="bbox 1987 3327 3565 3398">
    <p class='ocr_par' dir='ltr' id='par_1_80' title="bbox 1987 3327 3565 3398">
     <span class='ocr_line' id='line_1_80' title="bbox 1987 3327 3565 3398; baseline 0.002 -18"><span class='ocrx_word' id='word_1_560' title='bbox 1987 3327 2211 3393; x_wconf 88' lang='lat' dir='ltr'><strong>tionem,</strong></span> <span class='ocrx_word' id='word_1_561' title='bbox 2245 3328 2311 3381; x_wconf 93' lang='lat' dir='ltr'><strong>dc</strong></span> <span class='ocrx_word' id='word_1_562' title='bbox 2345 3343 2452 3398; x_wconf 87' lang='lat' dir='ltr'><strong>qua</strong></span> <span class='ocrx_word' id='word_1_563' title='bbox 2482 3328 2709 3396; x_wconf 88' lang='lat' dir='ltr'><strong>cpistola</strong></span> <span class='ocrx_word' id='word_1_564' title='bbox 2728 3343 2888 3397; x_wconf 84' lang='lat' dir='ltr'><strong>supra</strong></span> <span class='ocrx_word' id='word_1_565' title='bbox 2927 3328 3254 3382; x_wconf 86' lang='lat' dir='ltr'><strong>mibisermo</strong></span> <span class='ocrx_word' id='word_1_566' title='bbox 3288 3328 3402 3392; x_wconf 79' lang='lat' dir='ltr'><strong>fuit,</strong></span> <span class='ocrx_word' id='word_1_567' title='bbox 3428 3345 3565 3397; x_wconf 82' lang='lat' dir='ltr'><strong>pag.</strong></span> 
     </span>
    </p>
   </div>
   <div class='ocr_carea' id='block_1_81' title="bbox 1986 3417 3562 3488">
    <p class='ocr_par' dir='ltr' id='par_1_81' title="bbox 1986 3417 3562 3488">
     <span class='ocr_line' id='line_1_81' title="bbox 1986 3417 3562 3488; baseline 0.002 -17"><span class='ocrx_word' id='word_1_568' title='bbox 1986 3417 2113 3480; x_wconf 80' lang='lat'><strong>635,</strong></span> <span class='ocrx_word' id='word_1_569' title='bbox 2145 3428 2200 3473; x_wconf 89' lang='lat' dir='ltr'><strong>et</strong></span> <span class='ocrx_word' id='word_1_570' title='bbox 2230 3419 2322 3473; x_wconf 88' lang='lat' dir='ltr'><strong>ubi</strong></span> <span class='ocrx_word' id='word_1_571' title='bbox 2368 3434 2654 3488; x_wconf 87' lang='lat' dir='ltr'><strong>operarum</strong></span> <span class='ocrx_word' id='word_1_572' title='bbox 2703 3421 2902 3474; x_wconf 86' lang='lat' dir='ltr'><strong>mendo</strong></span> <span class='ocrx_word' id='word_1_573' title='bbox 2932 3419 3057 3485; x_wconf 68' lang='lat'><strong>394,</strong></span> <span class='ocrx_word' id='word_1_574' title='bbox 3105 3429 3444 3483; x_wconf 82' lang='lat' dir='ltr'><strong>numeratur;</strong></span> <span class='ocrx_word' id='word_1_575' title='bbox 3478 3421 3562 3474; x_wconf 88' lang='lat' dir='ltr'><strong>ibi</strong></span> 
     </span>
    </p>
   </div>
   <div class='ocr_carea' id='block_1_82' title="bbox 1984 3510 3557 3581">
    <p class='ocr_par' dir='ltr' id='par_1_82' title="bbox 1984 3510 3557 3581">
     <span class='ocr_line' id='line_1_82' title="bbox 1984 3510 3557 3581; baseline 0.001 -19"><span class='ocrx_word' id='word_1_576' title='bbox 1984 3510 2289 3581; x_wconf 81' lang='grc' dir='ltr'>διορατικὺς</span> <span class='ocrx_word' id='word_1_577' title='bbox 2319 3511 2600 3580; x_wconf 82' lang='grc' dir='ltr'><strong>ὑπάρχων,</strong></span> <span class='ocrx_word' id='word_1_578' title='bbox 2631 3526 2736 3564; x_wconf 93' lang='lat' dir='ltr'><strong>non</strong></span> <span class='ocrx_word' id='word_1_579' title='bbox 2759 3512 3110 3580; x_wconf 85' lang='lat' dir='ltr'><strong>exponendus</strong></span> <span class='ocrx_word' id='word_1_580' title='bbox 3133 3522 3268 3577; x_wconf 85' lang='lat' dir='ltr'><strong>erat,</strong></span> <span class='ocrx_word' id='word_1_581' title='bbox 3292 3528 3403 3563; x_wconf 82' lang='lat' dir='ltr'><strong>cum</strong></span> <span class='ocrx_word' id='word_1_582' title='bbox 3432 3513 3557 3564; x_wconf 83' lang='lat' dir='ltr'><strong>acie</strong></span> 
     </span>
    </p>
   </div>
   <div class='ocr_carea' id='block_1_83' title="bbox 1986 3602 3567 3677">
    <p class='ocr_par' dir='ltr' id='par_1_83' title="bbox 1986 3602 3567 3677">
     <span class='ocr_line' id='line_1_83' title="bbox 1986 3602 3567 3677; baseline 0 -22"><span class='ocrx_word' id='word_1_583' title='bbox 1986 3603 2258 3655; x_wconf 86' lang='lat' dir='ltr'><strong>oculorum</strong></span> <span class='ocrx_word' id='word_1_584' title='bbox 2316 3603 2544 3677; x_wconf 76' lang='lat' dir='ltr'><strong>ualeret;</strong></span> <span class='ocrx_word' id='word_1_585' title='bbox 2594 3602 2689 3657; x_wconf 88' lang='lat' dir='ltr'><strong>sed</strong></span> <span class='ocrx_word' id='word_1_586' title='bbox 2754 3603 2935 3671; x_wconf 87' lang='lat' dir='ltr'><strong>potius</strong></span> <span class='ocrx_word' id='word_1_587' title='bbox 2979 3618 3097 3655; x_wconf 87' lang='lat' dir='ltr'><strong>cum</strong></span> <span class='ocrx_word' id='word_1_588' title='bbox 3155 3603 3205 3656; x_wconf 84' lang='lat' dir='ltr'><strong>iu</strong></span> <span class='ocrx_word' id='word_1_589' title='bbox 3245 3604 3353 3656; x_wconf 73' lang='lat' dir='ltr'><strong>visu</strong></span> <span class='ocrx_word' id='word_1_590' title='bbox 3400 3603 3567 3671; x_wconf 79' lang='lat' dir='ltr'><strong>foret,</strong></span> 
     </span>
    </p>
   </div>
   <div class='ocr_carea' id='block_1_84' title="bbox 1984 3694 3568 3763">
    <p class='ocr_par' dir='ltr' id='par_1_84' title="bbox 1984 3694 3568 3763">
     <span class='ocr_line' id='line_1_84' title="bbox 1984 3694 3568 3763; baseline 0 -14"><span class='ocrx_word' id='word_1_591' title='bbox 1984 3696 2098 3750; x_wconf 88' lang='lat' dir='ltr'><strong>sive</strong></span> <span class='ocrx_word' id='word_1_592' title='bbox 2119 3696 2420 3759; x_wconf 87' lang='lat' dir='ltr'><strong>horamate,</strong></span> <span class='ocrx_word' id='word_1_593' title='bbox 2444 3695 2510 3748; x_wconf 91' lang='lat' dir='ltr'><strong>de</strong></span> <span class='ocrx_word' id='word_1_594' title='bbox 2536 3709 2645 3763; x_wconf 92' lang='lat' dir='ltr'><strong>quo</strong></span> <span class='ocrx_word' id='word_1_595' title='bbox 2669 3696 2853 3747; x_wconf 85' lang='lat' dir='ltr'><strong>Actor.</strong></span> <span class='ocrx_word' id='word_1_596' title='bbox 2876 3708 2996 3763; x_wconf 88' lang='lat' dir='ltr'><strong>cap.</strong></span> <span class='ocrx_word' id='word_1_597' title='bbox 3026 3710 3136 3760; x_wconf 81' lang='lat' dir='ltr'><strong>xiv,</strong></span> <span class='ocrx_word' id='word_1_598' title='bbox 3157 3710 3206 3747; x_wconf 87' lang='lat' dir='ltr'><strong>v.</strong></span> <span class='ocrx_word' id='word_1_599' title='bbox 3228 3694 3283 3758; x_wconf 68' lang='grc' dir='ltr'><strong>ι,</strong></span> <span class='ocrx_word' id='word_1_600' title='bbox 3309 3705 3423 3749; x_wconf 88' lang='lat' dir='ltr'><strong>etc.</strong></span> <span class='ocrx_word' id='word_1_601' title='bbox 3446 3711 3568 3757; x_wconf 66' lang='grc' dir='ltr'><strong>ιη,</strong></span> 
     </span>
    </p>
   </div>
   <div class='ocr_carea' id='block_1_85' title="bbox 1982 3786 3571 3857">
    <p class='ocr_par' dir='ltr' id='par_1_85' title="bbox 1982 3786 3571 3857">
     <span class='ocr_line' id='line_1_85' title="bbox 1982 3786 3571 3857; baseline -0.003 -15"><span class='ocrx_word' id='word_1_602' title='bbox 1982 3804 2034 3843; x_wconf 87' lang='lat' dir='ltr'><strong>v.</strong></span> <span class='ocrx_word' id='word_1_603' title='bbox 2071 3789 2126 3855; x_wconf 88' lang='lat'><strong>9,</strong></span> <span class='ocrx_word' id='word_1_604' title='bbox 2157 3789 2562 3843; x_wconf 85' lang='lat' dir='ltr'><strong>eruditissimus</strong></span> <span class='ocrx_word' id='word_1_605' title='bbox 2612 3787 2925 3843; x_wconf 79' lang='lat' dir='ltr'><strong>Holstenius</strong></span> <span class='ocrx_word' id='word_1_606' title='bbox 2972 3788 3025 3841; x_wconf 91' lang='lat' dir='ltr'><strong>in</strong></span> <span class='ocrx_word' id='word_1_607' title='bbox 3052 3786 3205 3841; x_wconf 90' lang='lat' dir='ltr'><strong>Notis</strong></span> <span class='ocrx_word' id='word_1_608' title='bbox 3242 3788 3308 3841; x_wconf 93' lang='lat' dir='ltr'><strong>ad</strong></span> <span class='ocrx_word' id='word_1_609' title='bbox 3346 3789 3571 3857; x_wconf 78' lang='lat' dir='ltr'><strong>passio-</strong></span> 
     </span>
    </p>
   </div>
   <div class='ocr_carea' id='block_1_86' title="bbox 1981 3879 3579 3951">
    <p class='ocr_par' dir='ltr' id='par_1_86' title="bbox 1981 3879 3579 3951">
     <span class='ocr_line' id='line_1_86' title="bbox 1981 3879 3579 3951; baseline -0.001 -17"><span class='ocrx_word' id='word_1_610' title='bbox 1981 3897 2104 3941; x_wconf 91' lang='lat' dir='ltr'><strong>nem</strong></span> <span class='ocrx_word' id='word_1_611' title='bbox 2143 3880 2243 3935; x_wconf 90' lang='lat' dir='ltr'><strong>SS.</strong></span> <span class='ocrx_word' id='word_1_612' title='bbox 2279 3880 2556 3951; x_wconf 74' lang='lat' dir='ltr'><strong>Perpetute</strong></span> <span class='ocrx_word' id='word_1_613' title='bbox 2590 3890 2645 3935; x_wconf 91' lang='lat' dir='ltr'><strong>et</strong></span> <span class='ocrx_word' id='word_1_614' title='bbox 2679 3879 2973 3935; x_wconf 79' lang='lat' dir='ltr'><strong>Felicitatis</strong></span> <span class='ocrx_word' id='word_1_615' title='bbox 2998 3895 3063 3934; x_wconf 84' lang='lat' dir='ltr'><strong>ex</strong></span> <span class='ocrx_word' id='word_1_616' title='bbox 3093 3880 3323 3934; x_wconf 76' lang='lat' dir='ltr'><strong>Alcuino</strong></span> <span class='ocrx_word' id='word_1_617' title='bbox 3362 3890 3416 3933; x_wconf 92' lang='lat' dir='ltr'><strong>et</strong></span> <span class='ocrx_word' id='word_1_618' title='bbox 3462 3882 3579 3933; x_wconf 73' lang='lat' dir='ltr'><strong>Ad-</strong></span> 
     </span>
    </p>
   </div>
   <div class='ocr_carea' id='block_1_87' title="bbox 1983 3972 3568 4043">
    <p class='ocr_par' dir='ltr' id='par_1_87' title="bbox 1983 3972 3568 4043">
     <span class='ocr_line' id='line_1_87' title="bbox 1983 3972 3568 4043; baseline -0.001 -17"><span class='ocrx_word' id='word_1_619' title='bbox 1983 3974 2296 4043; x_wconf 26' lang='lat' dir='ltr'><strong>helmo,‘p.</strong></span> <span class='ocrx_word' id='word_1_620' title='bbox 2347 3973 2469 4038; x_wconf 71' lang='grc'><strong>152,</strong></span> <span class='ocrx_word' id='word_1_621' title='bbox 2516 3973 2723 4043; x_wconf 83' lang='grc' dir='ltr'>ὅραμα,</span> <span class='ocrx_word' id='word_1_622' title='bbox 2783 3972 2997 4042; x_wconf 83' lang='grc' dir='ltr'>θέαμα,</span> <span class='ocrx_word' id='word_1_623' title='bbox 3046 3972 3295 4037; x_wconf 76' lang='grc' dir='ltr'><strong>δπτασις,</strong></span> <span class='ocrx_word' id='word_1_624' title='bbox 3345 3972 3568 4041; x_wconf 80' lang='grc' dir='ltr'><strong>ὅρασις.</strong></span> 
     </span>
    </p>
   </div>
   <div class='ocr_carea' id='block_1_88' title="bbox 1982 4064 3573 4138">
    <p class='ocr_par' dir='ltr' id='par_1_88' title="bbox 1982 4064 3573 4138">
     <span class='ocr_line' id='line_1_88' title="bbox 1982 4064 3573 4138; baseline -0.001 -17"><span class='ocrx_word' id='word_1_625' title='bbox 1982 4064 2120 4131; x_wconf 81' lang='grc' dir='ltr'><strong>εἶδος</strong></span> <span class='ocrx_word' id='word_1_626' title='bbox 2155 4068 2479 4136; x_wconf 75' lang='grc' dir='ltr'><strong>φαντασίας,</strong></span> <span class='ocrx_word' id='word_1_627' title='bbox 2525 4067 2648 4122; x_wconf 82' lang='grc' dir='ltr'><strong>θέα.</strong></span> <span class='ocrx_word' id='word_1_628' title='bbox 2690 4067 2922 4138; x_wconf 80' lang='lat' dir='ltr'><strong>Hesych.</strong></span> <span class='ocrx_word' id='word_1_629' title='bbox 2969 4067 3305 4137; x_wconf 80' lang='grc' dir='ltr'>διορατικὸς,</span> <span class='ocrx_word' id='word_1_630' title='bbox 3354 4069 3573 4136; x_wconf 82' lang='lat' dir='ltr'><strong>perspi-</strong></span> 
     </span>
    </p>
   </div>
   <div class='ocr_carea' id='block_1_89' title="bbox 1984 4157 3573 4227">
    <p class='ocr_par' dir='ltr' id='par_1_89' title="bbox 1984 4157 3573 4227">
     <span class='ocr_line' id='line_1_89' title="bbox 1984 4157 3573 4227; baseline -0.001 -14"><span class='ocrx_word' id='word_1_631' title='bbox 1984 4176 2102 4225; x_wconf 65' lang='lat' dir='ltr'><strong>cax,</strong></span> <span class='ocrx_word' id='word_1_632' title='bbox 2132 4158 2486 4224; x_wconf 87' lang='lat' dir='ltr'><strong>Damasceno,</strong></span> <span class='ocrx_word' id='word_1_633' title='bbox 2516 4168 2573 4214; x_wconf 89' lang='lat' dir='ltr'><strong>et</strong></span> <span class='ocrx_word' id='word_1_634' title='bbox 2609 4160 2916 4215; x_wconf 79' lang='lat' dir='ltr'><strong>Alexandro</strong></span> <span class='ocrx_word' id='word_1_635' title='bbox 2954 4157 3327 4227; x_wconf 79' lang='lat' dir='ltr'><strong>Aphrodisaeo,</strong></span> <span class='ocrx_word' id='word_1_636' title='bbox 3359 4158 3573 4213; x_wconf 85' lang='lat' dir='ltr'><strong>inscri-</strong></span> 
     </span>
    </p>
   </div>
   <div class='ocr_carea' id='block_1_90' title="bbox 1986 4249 3570 4319">
    <p class='ocr_par' dir='ltr' id='par_1_90' title="bbox 1986 4249 3570 4319">
     <span class='ocr_line' id='line_1_90' title="bbox 1986 4249 3570 4319; baseline -0.001 -14"><span class='ocrx_word' id='word_1_637' title='bbox 1986 4252 2198 4319; x_wconf 84' lang='lat' dir='ltr'><strong>ptiones</strong></span> <span class='ocrx_word' id='word_1_638' title='bbox 2232 4253 2509 4315; x_wconf 70' lang='lat' dir='ltr'><strong>Romanae,</strong></span> <span class='ocrx_word' id='word_1_639' title='bbox 2533 4265 2598 4305; x_wconf 88' lang='lat' dir='ltr'><strong>ex</strong></span> <span class='ocrx_word' id='word_1_640' title='bbox 2639 4250 2757 4305; x_wconf 82' lang='lat' dir='ltr'><strong>viso</strong></span> <span class='ocrx_word' id='word_1_641' title='bbox 2789 4260 2844 4304; x_wconf 91' lang='lat' dir='ltr'><strong>et</strong></span> <span class='ocrx_word' id='word_1_642' title='bbox 2885 4250 3024 4304; x_wconf 87' lang='lat' dir='ltr'><strong>visu.</strong></span> <span class='ocrx_word' id='word_1_643' title='bbox 3061 4249 3211 4303; x_wconf 83' lang='lat' dir='ltr'><strong>Nilus</strong></span> <span class='ocrx_word' id='word_1_644' title='bbox 3249 4249 3472 4317; x_wconf 85' lang='lat' dir='ltr'><strong>quidem</strong></span> <span class='ocrx_word' id='word_1_645' title='bbox 3512 4249 3570 4304; x_wconf 89' lang='lat' dir='ltr'><strong>in</strong></span> 
     </span>
    </p>
   </div>
   <div class='ocr_carea' id='block_1_91' title="bbox 304 4333 3576 4412">
    <p class='ocr_par' dir='ltr' id='par_1_91' title="bbox 304 4333 3576 4412">
     <span class='ocr_line' id='line_1_91' title="bbox 304 4333 3576 4412; baseline 0.003 -27"><span class='ocrx_word' id='word_1_646' title='bbox 304 4342 449 4387; x_wconf 88' lang='lat' dir='ltr'><strong>trum</strong></span> <span class='ocrx_word' id='word_1_647' title='bbox 482 4333 686 4388; x_wconf 87' lang='lat' dir='ltr'><strong>similia</strong></span> <span class='ocrx_word' id='word_1_648' title='bbox 716 4334 1091 4401; x_wconf 88' lang='lat' dir='ltr'><strong>inveniuntur,</strong></span> <span class='ocrx_word' id='word_1_649' title='bbox 1121 4346 1175 4391; x_wconf 88' lang='lat' dir='ltr'><strong>et</strong></span> <span class='ocrx_word' id='word_1_650' title='bbox 1191 4338 1549 4407; x_wconf 91' lang='lat' dir='ltr'><strong>plurimorum</strong></span> <span class='ocrx_word' id='word_1_651' title='bbox 1583 4339 1871 4412; x_wconf 76' lang='lat' dir='ltr'><strong>Synopsim</strong></span> <span class='ocrx_word' id='word_1_652' title='bbox 1907 4344 1950 4398; x_wconf 87' lang='lat' dir='ltr'><strong>D</strong></span> <span class='ocrx_word' id='word_1_653' title='bbox 1978 4343 2263 4412; x_wconf 66' lang='lat' dir='ltr'><strong>praeceptis</strong></span> <span class='ocrx_word' id='word_1_654' title='bbox 2292 4342 2658 4397; x_wconf 81' lang='lat' dir='ltr'><strong>exundantem</strong></span> <span class='ocrx_word' id='word_1_655' title='bbox 2703 4342 2986 4399; x_wconf 86' lang='lat' dir='ltr'><strong>coercebat</strong></span> <span class='ocrx_word' id='word_1_656' title='bbox 3032 4341 3421 4411; x_wconf 83' lang='lat' dir='ltr'><strong>eloquentiam.</strong></span> <span class='ocrx_word' id='word_1_657' title='bbox 3469 4357 3576 4395; x_wconf 87' lang='lat' dir='ltr'><strong>ea-</strong></span> 
     </span>
    </p>
   </div>
   <div class='ocr_carea' id='block_1_92' title="bbox 304 4421 1875 4500">
    <p class='ocr_par' dir='ltr' id='par_1_92' title="bbox 304 4421 1875 4500">
     <span class='ocr_line' id='line_1_92' title="bbox 304 4421 1875 4500; baseline 0.006 -26"><span class='ocrx_word' id='word_1_658' title='bbox 304 4422 465 4477; x_wconf 82' lang='lat' dir='ltr'><strong>vertit</strong></span> <span class='ocrx_word' id='word_1_659' title='bbox 491 4438 522 4478; x_wconf 89' lang='lat' dir='ltr'><strong>e</strong></span> <span class='ocrx_word' id='word_1_660' title='bbox 551 4421 741 4478; x_wconf 65' lang='lat' dir='ltr'><strong>Greco</strong></span> <span class='ocrx_word' id='word_1_661' title='bbox 774 4424 828 4478; x_wconf 91' lang='lat' dir='ltr'><strong>in</strong></span> <span class='ocrx_word' id='word_1_662' title='bbox 873 4421 1129 4480; x_wconf 91' lang='lat' dir='ltr'><strong>Latinum</strong></span> <span class='ocrx_word' id='word_1_663' title='bbox 1156 4426 1208 4481; x_wconf 93' lang='lat' dir='ltr'><strong>in</strong></span> <span class='ocrx_word' id='word_1_664' title='bbox 1246 4425 1367 4482; x_wconf 84' lang='lat' dir='ltr'><strong>Vita</strong></span> <span class='ocrx_word' id='word_1_665' title='bbox 1396 4426 1576 4484; x_wconf 88' lang='lat' dir='ltr'><strong>Basilii</strong></span> <span class='ocrx_word' id='word_1_666' title='bbox 1605 4433 1875 4500; x_wconf 86' lang='lat' dir='ltr'><strong>monachi,</strong></span> 
     </span>
    </p>
   </div>
   <div class='ocr_carea' id='block_1_93' title="bbox 300 4512 1879 4589">
    <p class='ocr_par' dir='ltr' id='par_1_93' title="bbox 300 4512 1879 4589">
     <span class='ocr_line' id='line_1_93' title="bbox 300 4512 1879 4589; baseline 0.006 -24"><span class='ocrx_word' id='word_1_667' title='bbox 300 4519 356 4565; x_wconf 89' lang='lat' dir='ltr'><strong>et</strong></span> <span class='ocrx_word' id='word_1_668' title='bbox 387 4512 624 4583; x_wconf 60' lang='lat' dir='ltr'><strong>prafecti</strong></span> <span class='ocrx_word' id='word_1_669' title='bbox 663 4513 833 4569; x_wconf 79' lang='lat' dir='ltr'><strong>laurae</strong></span> <span class='ocrx_word' id='word_1_670' title='bbox 868 4512 1106 4580; x_wconf 80' lang='lat' dir='ltr'><strong>Malcini,</strong></span> <span class='ocrx_word' id='word_1_671' title='bbox 1147 4515 1489 4581; x_wconf 87' lang='lat' dir='ltr'><strong>ascetieaque</strong></span> <span class='ocrx_word' id='word_1_672' title='bbox 1510 4516 1879 4589; x_wconf 87' lang='lat' dir='ltr'><strong>Descriptione</strong></span> 
     </span>
    </p>
   </div>
   <div class='ocr_carea' id='block_1_94' title="bbox 300 4601 1876 4666">
    <p class='ocr_par' dir='ltr' id='par_1_94' title="bbox 300 4601 1876 4666">
     <span class='ocr_line' id='line_1_94' title="bbox 300 4601 1876 4666; baseline 0.006 -9"><span class='ocrx_word' id='word_1_673' title='bbox 300 4602 539 4659; x_wconf 85' lang='lat' dir='ltr'><strong>Jacobus</strong></span> <span class='ocrx_word' id='word_1_674' title='bbox 570 4601 848 4660; x_wconf 87' lang='lat' dir='ltr'><strong>Pontanus</strong></span> <span class='ocrx_word' id='word_1_675' title='bbox 875 4604 1165 4662; x_wconf 83' lang='lat' dir='ltr'><strong>Societatis</strong></span> <span class='ocrx_word' id='word_1_676' title='bbox 1192 4605 1341 4663; x_wconf 86' lang='lat' dir='ltr'><strong>Jesu.</strong></span> <span class='ocrx_word' id='word_1_677' title='bbox 1369 4606 1496 4663; x_wconf 82' lang='lat' dir='ltr'><strong>Vide</strong></span> <span class='ocrx_word' id='word_1_678' title='bbox 1523 4609 1876 4666; x_wconf 89' lang='lat' dir='ltr'><strong>Sirmundum</strong></span> 
     </span>
    </p>
   </div>
   <div class='ocr_carea' id='block_1_95' title="bbox 302 4689 1877 4765">
    <p class='ocr_par' dir='ltr' id='par_1_95' title="bbox 302 4689 1877 4765">
     <span class='ocr_line' id='line_1_95' title="bbox 302 4689 1877 4765; baseline 0.006 -21"><span class='ocrx_word' id='word_1_679' title='bbox 302 4694 359 4744; x_wconf 92' lang='lat' dir='ltr'><strong>in</strong></span> <span class='ocrx_word' id='word_1_680' title='bbox 380 4689 532 4747; x_wconf 86' lang='lat' dir='ltr'><strong>Notis</strong></span> <span class='ocrx_word' id='word_1_681' title='bbox 554 4693 619 4747; x_wconf 87' lang='lat' dir='ltr'><strong>ad</strong></span> <span class='ocrx_word' id='word_1_682' title='bbox 652 4691 1089 4758; x_wconf 76' lang='lat' dir='ltr'><strong>Thcudulphum,</strong></span> <span class='ocrx_word' id='word_1_683' title='bbox 1125 4711 1245 4765; x_wconf 82' lang='lat' dir='ltr'><strong>pag.</strong></span> <span class='ocrx_word' id='word_1_684' title='bbox 1288 4696 1413 4753; x_wconf 74' lang='grc'><strong>274.</strong></span> <span class='ocrx_word' id='word_1_685' title='bbox 1445 4696 1701 4753; x_wconf 81' lang='lat' dir='ltr'><strong>Versarat</strong></span> <span class='ocrx_word' id='word_1_686' title='bbox 1727 4700 1877 4754; x_wconf 83' lang='lat' dir='ltr'><strong>diur-</strong></span> 
     </span>
    </p>
   </div>
   <div class='ocr_carea' id='block_1_96' title="bbox 306 4784 1877 4850">
    <p class='ocr_par' dir='ltr' id='par_1_96' title="bbox 306 4784 1877 4850">
     <span class='ocr_line' id='line_1_96' title="bbox 306 4784 1877 4850; baseline 0.01 -21"><span class='ocrx_word' id='word_1_687' title='bbox 306 4793 372 4831; x_wconf 90' lang='lat' dir='ltr'><strong>na</strong></span> <span class='ocrx_word' id='word_1_688' title='bbox 400 4788 777 4850; x_wconf 87' lang='lat' dir='ltr'><strong>nocturnaque</strong></span> <span class='ocrx_word' id='word_1_689' title='bbox 821 4797 983 4836; x_wconf 86' lang='lat' dir='ltr'><strong>manu</strong></span> <span class='ocrx_word' id='word_1_690' title='bbox 1036 4784 1213 4849; x_wconf 91' lang='lat' dir='ltr'><strong>Nilus,</strong></span> <span class='ocrx_word' id='word_1_691' title='bbox 1257 4793 1310 4840; x_wconf 89' lang='lat' dir='ltr'><strong>et</strong></span> <span class='ocrx_word' id='word_1_692' title='bbox 1350 4786 1605 4842; x_wconf 88' lang='lat' dir='ltr'><strong>diuturna</strong></span> <span class='ocrx_word' id='word_1_693' title='bbox 1649 4788 1877 4845; x_wconf 86' lang='lat' dir='ltr'><strong>lectione</strong></span> 
     </span>
    </p>
   </div>
   <div class='ocr_carea' id='block_1_97' title="bbox 304 4869 1897 4939">
    <p class='ocr_par' dir='ltr' id='par_1_97' title="bbox 304 4869 1897 4939">
     <span class='ocr_line' id='line_1_97' title="bbox 304 4869 1897 4939; baseline 0.008 -18"><span class='ocrx_word' id='word_1_694' title='bbox 304 4869 530 4923; x_wconf 86' lang='lat' dir='ltr'><strong>triverat</strong></span> <span class='ocrx_word' id='word_1_695' title='bbox 570 4870 742 4925; x_wconf 87' lang='lat' dir='ltr'><strong>libros</strong></span> <span class='ocrx_word' id='word_1_696' title='bbox 767 4887 975 4939; x_wconf 86' lang='lat' dir='ltr'><strong>sacros,</strong></span> <span class='ocrx_word' id='word_1_697' title='bbox 1020 4874 1155 4929; x_wconf 85' lang='lat' dir='ltr'><strong>adeo</strong></span> <span class='ocrx_word' id='word_1_698' title='bbox 1187 4883 1244 4928; x_wconf 91' lang='lat' dir='ltr'><strong>ut</strong></span> <span class='ocrx_word' id='word_1_699' title='bbox 1270 4875 1392 4931; x_wconf 90' lang='lat' dir='ltr'><strong>illos</strong></span> <span class='ocrx_word' id='word_1_700' title='bbox 1424 4877 1705 4932; x_wconf 80' lang='lat' dir='ltr'><strong>iinbibisse</strong></span> <span class='ocrx_word' id='word_1_701' title='bbox 1728 4878 1897 4935; x_wconf 55' lang='lat' dir='ltr'><strong>vide-3</strong></span> 
     </span>
    </p>
   </div>
   <div class='ocr_carea' id='block_1_98' title="bbox 302 4962 1879 5038">
    <p class='ocr_par' dir='ltr' id='par_1_98' title="bbox 302 4962 1879 5038">
     <span class='ocr_line' id='line_1_98' title="bbox 302 4962 1879 5038; baseline 0.008 -25"><span class='ocrx_word' id='word_1_702' title='bbox 302 4962 634 5026; x_wconf 87' lang='lat' dir='ltr'><strong>rctur,locos</strong></span> <span class='ocrx_word' id='word_1_703' title='bbox 662 4978 853 5017; x_wconf 88' lang='lat' dir='ltr'><strong>eorum</strong></span> <span class='ocrx_word' id='word_1_704' title='bbox 875 4965 1008 5019; x_wconf 86' lang='lat' dir='ltr'><strong>scite</strong></span> <span class='ocrx_word' id='word_1_705' title='bbox 1032 4977 1193 5035; x_wconf 87' lang='lat' dir='ltr'><strong>atque</strong></span> <span class='ocrx_word' id='word_1_706' title='bbox 1214 4968 1459 5036; x_wconf 87' lang='lat' dir='ltr'><strong>apposite</strong></span> <span class='ocrx_word' id='word_1_707' title='bbox 1473 4968 1796 5038; x_wconf 86' lang='lat' dir='ltr'><strong>applicabat,</strong></span> <span class='ocrx_word' id='word_1_708' title='bbox 1825 4980 1879 5025; x_wconf 90' lang='lat' dir='ltr'><strong>et</strong></span> 
     </span>
    </p>
   </div>
   <div class='ocr_carea' id='block_1_99' title="bbox 299 5053 1876 5125">
    <p class='ocr_par' dir='ltr' id='par_1_99' title="bbox 299 5053 1876 5125">
     <span class='ocr_line' id='line_1_99' title="bbox 299 5053 1876 5125; baseline 0.007 -21"><span class='ocrx_word' id='word_1_709' title='bbox 299 5053 606 5121; x_wconf 79' lang='lat' dir='ltr'><strong>exponebat</strong></span> <span class='ocrx_word' id='word_1_710' title='bbox 635 5056 920 5119; x_wconf 91' lang='lat' dir='ltr'><strong>concinne,</strong></span> <span class='ocrx_word' id='word_1_711' title='bbox 940 5071 1105 5125; x_wconf 87' lang='lat' dir='ltr'><strong>seque</strong></span> <span class='ocrx_word' id='word_1_712' title='bbox 1138 5059 1189 5110; x_wconf 91' lang='lat' dir='ltr'><strong>in</strong></span> <span class='ocrx_word' id='word_1_713' title='bbox 1227 5058 1310 5111; x_wconf 89' lang='lat' dir='ltr'><strong>his</strong></span> <span class='ocrx_word' id='word_1_714' title='bbox 1344 5059 1876 5125; x_wconf 82' lang='lat' dir='ltr'><strong>exercitatissimum,</strong></span> 
     </span>
    </p>
   </div>
   <div class='ocr_carea' id='block_1_100' title="bbox 298 5146 1875 5228">
    <p class='ocr_par' dir='ltr' id='par_1_100' title="bbox 298 5146 1875 5228">
     <span class='ocr_line' id='line_1_100' title="bbox 298 5146 1875 5228; baseline 0.011 -35"><span class='ocrx_word' id='word_1_715' title='bbox 298 5152 354 5195; x_wconf 88' lang='lat' dir='ltr'><strong>et</strong></span> <span class='ocrx_word' id='word_1_716' title='bbox 389 5158 708 5213; x_wconf 83' lang='lat' dir='ltr'><strong>germanum</strong></span> <span class='ocrx_word' id='word_1_717' title='bbox 757 5149 929 5201; x_wconf 85' lang='lat' dir='ltr'><strong>sancti</strong></span> <span class='ocrx_word' id='word_1_718' title='bbox 960 5146 1187 5204; x_wconf 83' lang='lat' dir='ltr'><strong>Joannis</strong></span> <span class='ocrx_word' id='word_1_719' title='bbox 1230 5151 1601 5222; x_wconf 84' lang='lat' dir='ltr'><strong>Chrysostomi</strong></span> <span class='ocrx_word' id='word_1_720' title='bbox 1632 5157 1875 5228; x_wconf 88' lang='lat' dir='ltr'><strong>discipu-</strong></span> 
     </span>
    </p>
   </div>
   <div class='ocr_carea' id='block_1_101' title="bbox 303 5234 1878 5321">
    <p class='ocr_par' dir='ltr' id='par_1_101' title="bbox 303 5234 1878 5321">
     <span class='ocr_line' id='line_1_101' title="bbox 303 5234 1878 5321; baseline 0.014 -38"><span class='ocrx_word' id='word_1_721' title='bbox 303 5234 413 5287; x_wconf 85' lang='lat' dir='ltr'><strong>lum</strong></span> <span class='ocrx_word' id='word_1_722' title='bbox 448 5238 775 5301; x_wconf 74' lang='lat' dir='ltr'><strong>exhibebat;</strong></span> <span class='ocrx_word' id='word_1_723' title='bbox 811 5241 902 5296; x_wconf 90' lang='lat' dir='ltr'><strong>sed</strong></span> <span class='ocrx_word' id='word_1_724' title='bbox 955 5245 1208 5311; x_wconf 88' lang='lat' dir='ltr'><strong>quamvis</strong></span> <span class='ocrx_word' id='word_1_725' title='bbox 1258 5258 1439 5301; x_wconf 68' lang='lat' dir='ltr'><strong>suniat</strong></span> <span class='ocrx_word' id='word_1_726' title='bbox 1481 5264 1581 5317; x_wconf 89' lang='lat' dir='ltr'><strong>pro</strong></span> <span class='ocrx_word' id='word_1_727' title='bbox 1634 5261 1878 5321; x_wconf 90' lang='lat' dir='ltr'><strong>tempore</strong></span> 
     </span>
    </p>
   </div>
   <div class='ocr_carea' id='block_1_102' title="bbox 301 5326 1875 5406">
    <p class='ocr_par' dir='ltr' id='par_1_102' title="bbox 301 5326 1875 5406">
     <span class='ocr_line' id='line_1_102' title="bbox 301 5326 1875 5406; baseline 0.013 -31"><span class='ocrx_word' id='word_1_728' title='bbox 301 5326 384 5378; x_wconf 91' lang='lat' dir='ltr'><strong>vel</strong></span> <span class='ocrx_word' id='word_1_729' title='bbox 414 5331 637 5383; x_wconf 89' lang='lat' dir='ltr'><strong>materia</strong></span> <span class='ocrx_word' id='word_1_730' title='bbox 655 5330 810 5388; x_wconf 82' lang='lat' dir='ltr'><strong>Nilus</strong></span> <span class='ocrx_word' id='word_1_731' title='bbox 840 5334 1085 5390; x_wconf 89' lang='lat' dir='ltr'><strong>diversos</strong></span> <span class='ocrx_word' id='word_1_732' title='bbox 1105 5337 1427 5406; x_wconf 78' lang='lat' dir='ltr'><strong>eloquentia:</strong></span> <span class='ocrx_word' id='word_1_733' title='bbox 1460 5343 1662 5405; x_wconf 89' lang='lat' dir='ltr'><strong>vultus,</strong></span> <span class='ocrx_word' id='word_1_734' title='bbox 1695 5352 1875 5398; x_wconf 89' lang='lat' dir='ltr'><strong>tamen</strong></span> 
     </span>
    </p>
   </div>
   <div class='ocr_carea' id='block_1_103' title="bbox 304 5419 1876 5502">
    <p class='ocr_par' dir='ltr' id='par_1_103' title="bbox 304 5419 1876 5502">
     <span class='ocr_line' id='line_1_103' title="bbox 304 5419 1876 5502; baseline 0.011 -30"><span class='ocrx_word' id='word_1_735' title='bbox 304 5419 480 5489; x_wconf 89' lang='lat' dir='ltr'><strong>ipsius</strong></span> <span class='ocrx_word' id='word_1_736' title='bbox 506 5423 743 5488; x_wconf 88' lang='lat' dir='ltr'><strong>pressior</strong></span> <span class='ocrx_word' id='word_1_737' title='bbox 777 5434 859 5479; x_wconf 87' lang='lat' dir='ltr'><strong>est</strong></span> <span class='ocrx_word' id='word_1_738' title='bbox 887 5441 1047 5494; x_wconf 86' lang='lat' dir='ltr'><strong>quam</strong></span> <span class='ocrx_word' id='word_1_739' title='bbox 1080 5428 1250 5481; x_wconf 86' lang='lat' dir='ltr'><strong>sancti</strong></span> <span class='ocrx_word' id='word_1_740' title='bbox 1283 5426 1510 5485; x_wconf 84' lang='lat' dir='ltr'><strong>Joannis</strong></span> <span class='ocrx_word' id='word_1_741' title='bbox 1543 5433 1735 5502; x_wconf 88' lang='lat' dir='ltr'><strong>stylns.</strong></span> <span class='ocrx_word' id='word_1_742' title='bbox 1769 5433 1876 5488; x_wconf 81' lang='lat' dir='ltr'><strong>Do-</strong></span> 
     </span>
    </p>
   </div>
   <div class='ocr_carea' id='block_1_104' title="bbox 301 5514 1875 5581">
    <p class='ocr_par' dir='ltr' id='par_1_104' title="bbox 301 5514 1875 5581">
     <span class='ocr_line' id='line_1_104' title="bbox 301 5514 1875 5581; baseline 0.009 -16"><span class='ocrx_word' id='word_1_743' title='bbox 301 5521 422 5565; x_wconf 81' lang='lat' dir='ltr'><strong>ctor</strong></span> <span class='ocrx_word' id='word_1_744' title='bbox 469 5514 669 5568; x_wconf 88' lang='lat' dir='ltr'><strong>etenim</strong></span> <span class='ocrx_word' id='word_1_745' title='bbox 710 5518 800 5572; x_wconf 92' lang='lat' dir='ltr'><strong>ille</strong></span> <span class='ocrx_word' id='word_1_746' title='bbox 839 5528 1062 5575; x_wconf 90' lang='lat' dir='ltr'><strong>sanctus</strong></span> <span class='ocrx_word' id='word_1_747' title='bbox 1103 5521 1404 5577; x_wconf 83' lang='lat' dir='ltr'><strong>Antiochiae</strong></span> <span class='ocrx_word' id='word_1_748' title='bbox 1435 5532 1594 5579; x_wconf 89' lang='lat' dir='ltr'><strong>natus</strong></span> <span class='ocrx_word' id='word_1_749' title='bbox 1637 5525 1875 5581; x_wconf 88' lang='lat' dir='ltr'><strong>Asiatica</strong></span> 
     </span>
    </p>
   </div>
   <div class='ocr_carea' id='block_1_105' title="bbox 302 5605 1873 5688">
    <p class='ocr_par' dir='ltr' id='par_1_105' title="bbox 302 5605 1873 5688">
     <span class='ocr_line' id='line_1_105' title="bbox 302 5605 1873 5688; baseline 0.01 -30"><span class='ocrx_word' id='word_1_750' title='bbox 302 5615 517 5659; x_wconf 88' lang='lat' dir='ltr'><strong>tumens</strong></span> <span class='ocrx_word' id='word_1_751' title='bbox 543 5605 815 5674; x_wconf 82' lang='lat' dir='ltr'><strong>facundia,</strong></span> <span class='ocrx_word' id='word_1_752' title='bbox 851 5621 903 5666; x_wconf 88' lang='lat' dir='ltr'><strong>et</strong></span> <span class='ocrx_word' id='word_1_753' title='bbox 940 5623 1192 5671; x_wconf 76' lang='lat' dir='ltr'><strong>assuetus</strong></span> <span class='ocrx_word' id='word_1_754' title='bbox 1220 5616 1420 5673; x_wconf 78' lang='lat' dir='ltr'><strong>forensi</strong></span> <span class='ocrx_word' id='word_1_755' title='bbox 1457 5619 1627 5688; x_wconf 68' lang='lat' dir='ltr'><strong>copia?</strong></span> <span class='ocrx_word' id='word_1_756' title='bbox 1658 5620 1710 5673; x_wconf 92' lang='lat' dir='ltr'><strong>in</strong></span> <span class='ocrx_word' id='word_1_757' title='bbox 1744 5635 1873 5674; x_wconf 86' lang='lat' dir='ltr'><strong>con-</strong></span> 
     </span>
    </p>
   </div>
   <div class='ocr_carea' id='block_1_106' title="bbox 1982 4431 3572 4504">
    <p class='ocr_par' dir='ltr' id='par_1_106' title="bbox 1982 4431 3572 4504">
     <span class='ocr_line' id='line_1_106' title="bbox 1982 4431 3572 4504; baseline -0.001 -16"><span class='ocrx_word' id='word_1_758' title='bbox 1982 4448 2090 4504; x_wconf 90' lang='lat' dir='ltr'><strong>que</strong></span> <span class='ocrx_word' id='word_1_759' title='bbox 2136 4432 2495 4488; x_wconf 82' lang='lat' dir='ltr'><strong>contrahebat</strong></span> <span class='ocrx_word' id='word_1_760' title='bbox 2533 4433 2587 4486; x_wconf 92' lang='lat' dir='ltr'><strong>in</strong></span> <span class='ocrx_word' id='word_1_761' title='bbox 2623 4431 2900 4503; x_wconf 89' lang='lat' dir='ltr'><strong>Capitula,</strong></span> <span class='ocrx_word' id='word_1_762' title='bbox 2933 4431 3076 4487; x_wconf 88' lang='lat' dir='ltr'><strong>unde</strong></span> <span class='ocrx_word' id='word_1_763' title='bbox 3105 4446 3301 4486; x_wconf 88' lang='lat' dir='ltr'><strong>nomen</strong></span> <span class='ocrx_word' id='word_1_764' title='bbox 3330 4432 3572 4486; x_wconf 87' lang='lat' dir='ltr'><strong>sortitus</strong></span> 
     </span>
    </p>
   </div>
   <div class='ocr_carea' id='block_1_107' title="bbox 1980 4522 3572 4594">
    <p class='ocr_par' dir='ltr' id='par_1_107' title="bbox 1980 4522 3572 4594">
     <span class='ocr_line' id='line_1_107' title="bbox 1980 4522 3572 4594; baseline -0.003 -15"><span class='ocrx_word' id='word_1_765' title='bbox 1980 4534 2083 4590; x_wconf 87' lang='lat' dir='ltr'><strong>est,</strong></span> <span class='ocrx_word' id='word_1_766' title='bbox 2120 4524 2536 4593; x_wconf 75' lang='grc' dir='ltr'><strong>Κεφαλαιὼτου,</strong></span> <span class='ocrx_word' id='word_1_767' title='bbox 2574 4524 2769 4594; x_wconf 84' lang='lat' dir='ltr'><strong>stylqu</strong></span> <span class='ocrx_word' id='word_1_768' title='bbox 2791 4538 3064 4593; x_wconf 87' lang='lat' dir='ltr'><strong>usurpans</strong></span> <span class='ocrx_word' id='word_1_769' title='bbox 3094 4522 3336 4584; x_wconf 86' lang='lat' dir='ltr'><strong>brevem,</strong></span> <span class='ocrx_word' id='word_1_770' title='bbox 3367 4538 3429 4575; x_wconf 90' lang='lat' dir='ltr'><strong>ac</strong></span> <span class='ocrx_word' id='word_1_771' title='bbox 3456 4523 3572 4575; x_wconf 86' lang='lat' dir='ltr'><strong>im-</strong></span> 
     </span>
    </p>
   </div>
   <div class='ocr_carea' id='block_1_108' title="bbox 1979 4616 3575 4688">
    <p class='ocr_par' dir='ltr' id='par_1_108' title="bbox 1979 4616 3575 4688">
     <span class='ocr_line' id='line_1_108' title="bbox 1979 4616 3575 4688; baseline -0.001 -17"><span class='ocrx_word' id='word_1_772' title='bbox 1979 4618 2319 4688; x_wconf 84' lang='lat' dir='ltr'><strong>perativum,</strong></span> <span class='ocrx_word' id='word_1_773' title='bbox 2373 4617 2676 4687; x_wconf 83' lang='lat' dir='ltr'><strong>Epictetum</strong></span> <span class='ocrx_word' id='word_1_774' title='bbox 2724 4619 2886 4671; x_wconf 88' lang='lat' dir='ltr'><strong>etiam</strong></span> <span class='ocrx_word' id='word_1_775' title='bbox 2940 4616 3242 4676; x_wconf 83' lang='lat' dir='ltr'><strong>adhibens,</strong></span> <span class='ocrx_word' id='word_1_776' title='bbox 3297 4630 3463 4684; x_wconf 84' lang='lat' dir='ltr'><strong>quem</strong></span> <span class='ocrx_word' id='word_1_777' title='bbox 3513 4626 3575 4669; x_wconf 84' lang='lat' dir='ltr'><strong>et</strong></span> 
     </span>
    </p>
   </div>
   <div class='ocr_carea' id='block_1_109' title="bbox 1979 4707 3575 4779">
    <p class='ocr_par' dir='ltr' id='par_1_109' title="bbox 1979 4707 3575 4779">
     <span class='ocr_line' id='line_1_109' title="bbox 1979 4707 3575 4779; baseline -0.005 -15"><span class='ocrx_word' id='word_1_778' title='bbox 1979 4709 2303 4764; x_wconf 55' lang='lat' dir='ltr'><strong>Christiana!</strong></span> <span class='ocrx_word' id='word_1_779' title='bbox 2343 4710 2549 4779; x_wconf 88' lang='lat' dir='ltr'><strong>aptavit</strong></span> <span class='ocrx_word' id='word_1_780' title='bbox 2612 4708 3011 4778; x_wconf 71' lang='lat' dir='ltr'><strong>philosophiae,</strong></span> <span class='ocrx_word' id='word_1_781' title='bbox 3074 4707 3575 4773; x_wconf 79' lang='lat' dir='ltr'><strong>austeritatemque</strong></span> 
     </span>
    </p>
   </div>
   <div class='ocr_carea' id='block_1_110' title="bbox 1982 4795 3572 4863">
    <p class='ocr_par' dir='ltr' id='par_1_110' title="bbox 1982 4795 3572 4863">
     <span class='ocr_line' id='line_1_110' title="bbox 1982 4795 3572 4863; baseline -0.004 -12"><span class='ocrx_word' id='word_1_782' title='bbox 1982 4797 2289 4851; x_wconf 90' lang='lat' dir='ltr'><strong>Stoicorum</strong></span> <span class='ocrx_word' id='word_1_783' title='bbox 2313 4797 2590 4851; x_wconf 90' lang='lat' dir='ltr'><strong>duriorem</strong></span> <span class='ocrx_word' id='word_1_784' title='bbox 2617 4795 2897 4850; x_wconf 84' lang='lat' dir='ltr'><strong>emollivit.</strong></span> <span class='ocrx_word' id='word_1_785' title='bbox 2936 4795 2992 4848; x_wconf 92' lang='lat' dir='ltr'><strong>ln</strong></span> <span class='ocrx_word' id='word_1_786' title='bbox 3023 4796 3330 4863; x_wconf 81' lang='grc' dir='ltr'><strong>Διηγήματι</strong></span> <span class='ocrx_word' id='word_1_787' title='bbox 3374 4802 3572 4847; x_wconf 86' lang='lat' dir='ltr'><strong>autem</strong></span> 
     </span>
    </p>
   </div>
   <div class='ocr_carea' id='block_1_111' title="bbox 1983 4883 3575 4952">
    <p class='ocr_par' dir='ltr' id='par_1_111' title="bbox 1983 4883 3575 4952">
     <span class='ocr_line' id='line_1_111' title="bbox 1983 4883 3575 4952; baseline -0.006 -10"><span class='ocrx_word' id='word_1_788' title='bbox 1983 4888 2185 4942; x_wconf 72' lang='lat' dir='ltr'><strong>laxavit</strong></span> <span class='ocrx_word' id='word_1_789' title='bbox 2219 4888 2369 4941; x_wconf 73' lang='lat' dir='ltr'><strong>frena</strong></span> <span class='ocrx_word' id='word_1_790' title='bbox 2409 4886 2728 4952; x_wconf 89' lang='lat' dir='ltr'><strong>elocutioni,</strong></span> <span class='ocrx_word' id='word_1_791' title='bbox 2784 4884 3029 4939; x_wconf 84' lang='lat' dir='ltr'><strong>serviens</strong></span> <span class='ocrx_word' id='word_1_792' title='bbox 3062 4883 3277 4937; x_wconf 81' lang='lat' dir='ltr'><strong>aﬂ&#39;ectui</strong></span> <span class='ocrx_word' id='word_1_793' title='bbox 3327 4899 3451 4947; x_wconf 86' lang='lat' dir='ltr'><strong>suo,</strong></span> <span class='ocrx_word' id='word_1_794' title='bbox 3495 4885 3575 4936; x_wconf 62' lang='lat' dir='ltr'><strong>at.</strong></span> 
     </span>
    </p>
   </div>
   <div class='ocr_carea' id='block_1_112' title="bbox 1979 4973 3573 5048">
    <p class='ocr_par' dir='ltr' id='par_1_112' title="bbox 1979 4973 3573 5048">
     <span class='ocr_line' id='line_1_112' title="bbox 1979 4973 3573 5048; baseline -0.001 -18"><span class='ocrx_word' id='word_1_795' title='bbox 1979 4994 2153 5048; x_wconf 80' lang='lat' dir='ltr'><strong>coque</strong></span> <span class='ocrx_word' id='word_1_796' title='bbox 2201 4985 2413 5048; x_wconf 73' lang='lat' dir='ltr'><strong>raptus,</strong></span> <span class='ocrx_word' id='word_1_797' title='bbox 2450 4986 2614 5046; x_wconf 89' lang='lat' dir='ltr'><strong>utque</strong></span> <span class='ocrx_word' id='word_1_798' title='bbox 2649 4976 2880 5046; x_wconf 82' lang='lat' dir='ltr'><strong>legimus</strong></span> <span class='ocrx_word' id='word_1_799' title='bbox 2911 4977 2968 5028; x_wconf 90' lang='lat' dir='ltr'><strong>in</strong></span> <span class='ocrx_word' id='word_1_800' title='bbox 2998 4973 3203 5028; x_wconf 75' lang='lat' dir='ltr'><strong>Menam</strong></span> <span class='ocrx_word' id='word_1_801' title='bbox 3243 4974 3383 5043; x_wconf 86' lang='lat' dir='ltr'><strong>prid.</strong></span> <span class='ocrx_word' id='word_1_802' title='bbox 3433 4973 3573 5028; x_wconf 80' lang='lat' dir='ltr'><strong>Idus</strong></span> 
     </span>
    </p>
   </div>
   <div class='ocr_carea' id='block_1_113' title="bbox 1980 5066 3579 5139">
    <p class='ocr_par' dir='ltr' id='par_1_113' title="bbox 1980 5066 3579 5139">
     <span class='ocr_line' id='line_1_113' title="bbox 1980 5066 3579 5139; baseline -0.003 -17"><span class='ocrx_word' id='word_1_803' title='bbox 1980 5068 2240 5123; x_wconf 80' lang='lat' dir='ltr'><strong>Novemb.</strong></span> <span class='ocrx_word' id='word_1_804' title='bbox 2267 5088 2280 5123; x_wconf 89' lang='lat'>:</span> <span class='ocrx_word' id='word_1_805' title='bbox 2321 5068 2654 5139; x_wconf 81' lang='grc' dir='ltr'><strong>Ἑθρήνησεν</strong></span> <span class='ocrx_word' id='word_1_806' title='bbox 2679 5067 2793 5120; x_wconf 75' lang='grc' dir='ltr'>υἱὸν</span> <span class='ocrx_word' id='word_1_807' title='bbox 2824 5067 2990 5120; x_wconf 78' lang='grc' dir='ltr'>αὐτοῦ</span> <span class='ocrx_word' id='word_1_808' title='bbox 3017 5066 3360 5136; x_wconf 79' lang='grc' dir='ltr'><strong>αἰχμάλωτον</strong></span> <span class='ocrx_word' id='word_1_809' title='bbox 3397 5066 3579 5118; x_wconf 67' lang='grc' dir='ltr'><strong>πλέον</strong></span> 
     </span>
    </p>
   </div>
   <div class='ocr_carea' id='block_1_114' title="bbox 1978 5158 3580 5233">
    <p class='ocr_par' dir='ltr' id='par_1_114' title="bbox 1978 5158 3580 5233">
     <span class='ocr_line' id='line_1_114' title="bbox 1978 5158 3580 5233; baseline -0.004 -17"><span class='ocrx_word' id='word_1_810' title='bbox 1978 5165 2072 5216; x_wconf 79' lang='grc' dir='ltr'><strong>τοῦ</strong></span> <span class='ocrx_word' id='word_1_811' title='bbox 2115 5162 2468 5233; x_wconf 78' lang='grc' dir='ltr'><strong>καθήκοντος,</strong></span> <span class='ocrx_word' id='word_1_812' title='bbox 2500 5160 2681 5223; x_wconf 84' lang='grc' dir='ltr'><strong>καθὼς</strong></span> <span class='ocrx_word' id='word_1_813' title='bbox 2710 5163 2768 5213; x_wconf 78' lang='grc' dir='ltr'><strong>ἐν</strong></span> <span class='ocrx_word' id='word_1_814' title='bbox 2812 5160 2889 5229; x_wconf 82' lang='grc' dir='ltr'><strong>τῷ</strong></span> <span class='ocrx_word' id='word_1_815' title='bbox 2928 5160 3058 5229; x_wconf 81' lang='grc' dir='ltr'>παρ’</span> <span class='ocrx_word' id='word_1_816' title='bbox 3088 5158 3253 5211; x_wconf 77' lang='grc' dir='ltr'>αὐτοῦ</span> <span class='ocrx_word' id='word_1_817' title='bbox 3281 5159 3580 5210; x_wconf 78' lang='grc' dir='ltr'><strong>συντεθὲν-</strong></span> 
     </span>
    </p>
   </div>
   <div class='ocr_carea' id='block_1_115' title="bbox 1980 5248 3575 5324">
    <p class='ocr_par' dir='ltr' id='par_1_115' title="bbox 1980 5248 3575 5324">
     <span class='ocr_line' id='line_1_115' title="bbox 1980 5248 3575 5324; baseline -0.006 -15"><span class='ocrx_word' id='word_1_818' title='bbox 1980 5275 2031 5309; x_wconf 77' lang='grc' dir='ltr'><strong>τι</strong></span> <span class='ocrx_word' id='word_1_819' title='bbox 2061 5255 2351 5324; x_wconf 81' lang='grc' dir='ltr'><strong>γράμματι</strong></span> <span class='ocrx_word' id='word_1_820' title='bbox 2386 5254 2683 5322; x_wconf 74' lang='grc' dir='ltr'><strong>ἐμφέρεται</strong></span> <span class='ocrx_word' id='word_1_821' title='bbox 2710 5267 2723 5280; x_wconf 82' lang='lat'><strong>&#39;</strong></span> <span class='ocrx_word' id='word_1_822' title='bbox 2759 5253 2808 5304; x_wconf 84' lang='lat' dir='ltr'><strong>id</strong></span> <span class='ocrx_word' id='word_1_823' title='bbox 2855 5260 2955 5315; x_wconf 84' lang='lat' dir='ltr'><strong>est,</strong></span> <span class='ocrx_word' id='word_1_824' title='bbox 2995 5248 3159 5303; x_wconf 76' lang='lat' dir='ltr'><strong>Luait</strong></span> <span class='ocrx_word' id='word_1_825' title='bbox 3189 5249 3361 5316; x_wconf 76' lang='lat' dir='ltr'><strong>filium</strong></span> <span class='ocrx_word' id='word_1_826' title='bbox 3402 5264 3575 5300; x_wconf 66' lang='lat' dir='ltr'><strong>suun;</strong></span> 
     </span>
    </p>
   </div>
   <div class='ocr_carea' id='block_1_116' title="bbox 1980 5339 3573 5416">
    <p class='ocr_par' dir='ltr' id='par_1_116' title="bbox 1980 5339 3573 5416">
     <span class='ocr_line' id='line_1_116' title="bbox 1980 5339 3573 5416; baseline -0.006 -15"><span class='ocrx_word' id='word_1_827' title='bbox 1980 5349 2266 5416; x_wconf 83' lang='lat' dir='ltr'><strong>captivum,</strong></span> <span class='ocrx_word' id='word_1_828' title='bbox 2290 5347 2570 5415; x_wconf 80' lang='lat' dir='ltr'><strong>plusquam</strong></span> <span class='ocrx_word' id='word_1_829' title='bbox 2597 5346 2865 5405; x_wconf 80' lang='lat' dir='ltr'><strong>decuerat,</strong></span> <span class='ocrx_word' id='word_1_830' title='bbox 2894 5339 3573 5413; x_wconf 82' lang='lat' dir='ltr'><strong>quemadmodumelibro,</strong></span> 
     </span>
    </p>
   </div>
   <div class='ocr_carea' id='block_1_117' title="bbox 1981 5433 3573 5508">
    <p class='ocr_par' dir='ltr' id='par_1_117' title="bbox 1981 5433 3573 5508">
     <span class='ocr_line' id='line_1_117' title="bbox 1981 5433 3573 5508; baseline -0.006 -15"><span class='ocrx_word' id='word_1_831' title='bbox 1981 5457 2130 5508; x_wconf 85' lang='lat' dir='ltr'><strong>quem</strong></span> <span class='ocrx_word' id='word_1_832' title='bbox 2170 5442 2231 5494; x_wconf 87' lang='lat' dir='ltr'><strong>de</strong></span> <span class='ocrx_word' id='word_1_833' title='bbox 2260 5441 2353 5493; x_wconf 84' lang='lat' dir='ltr'><strong>illo</strong></span> <span class='ocrx_word' id='word_1_834' title='bbox 2384 5440 2698 5508; x_wconf 80' lang='lat' dir='ltr'><strong>composuit,</strong></span> <span class='ocrx_word' id='word_1_835' title='bbox 2728 5437 2964 5505; x_wconf 76' lang='lat' dir='ltr'><strong>eﬂ&#39;ertur.</strong></span> <span class='ocrx_word' id='word_1_836' title='bbox 3001 5445 3049 5488; x_wconf 78' lang='lat' dir='ltr'><strong>et</strong></span> <span class='ocrx_word' id='word_1_837' title='bbox 3079 5434 3302 5503; x_wconf 79' lang='lat' dir='ltr'><strong>ﬂoribus</strong></span> <span class='ocrx_word' id='word_1_838' title='bbox 3333 5433 3573 5485; x_wconf 80' lang='lat' dir='ltr'><strong>rhetori-</strong></span> 
     </span>
    </p>
   </div>
   <div class='ocr_carea' id='block_1_118' title="bbox 1981 5523 3572 5601">
    <p class='ocr_par' dir='ltr' id='par_1_118' title="bbox 1981 5523 3572 5601">
     <span class='ocr_line' id='line_1_118' title="bbox 1981 5523 3572 5601; baseline -0.003 -18"><span class='ocrx_word' id='word_1_839' title='bbox 1981 5534 2055 5584; x_wconf 80' lang='lat' dir='ltr'><strong>cis</strong></span> <span class='ocrx_word' id='word_1_840' title='bbox 2081 5532 2394 5600; x_wconf 76' lang='lat' dir='ltr'><strong>purpuranit</strong></span> <span class='ocrx_word' id='word_1_841' title='bbox 2432 5533 2646 5601; x_wconf 73' lang='lat' dir='ltr'><strong>phrases</strong></span> <span class='ocrx_word' id='word_1_842' title='bbox 2677 5545 2821 5581; x_wconf 75' lang='lat' dir='ltr'><strong>suos.</strong></span> <span class='ocrx_word' id='word_1_843' title='bbox 2856 5526 2927 5580; x_wconf 85' lang='lat' dir='ltr'><strong>ita</strong></span> <span class='ocrx_word' id='word_1_844' title='bbox 2965 5526 3017 5579; x_wconf 90' lang='lat' dir='ltr'><strong>in</strong></span> <span class='ocrx_word' id='word_1_845' title='bbox 3047 5524 3165 5589; x_wconf 84' lang='lat' dir='ltr'><strong>Johi</strong></span> <span class='ocrx_word' id='word_1_846' title='bbox 3189 5523 3324 5593; x_wconf 88' lang='lat' dir='ltr'><strong>justi</strong></span> <span class='ocrx_word' id='word_1_847' title='bbox 3374 5525 3572 5579; x_wconf 73' lang='lat' dir='ltr'><strong>verbis</strong></span> 
     </span>
    </p>
   </div>
   <div class='ocr_carea' id='block_1_119' title="bbox 1981 5610 3571 5690">
    <p class='ocr_par' dir='ltr' id='par_1_119' title="bbox 1981 5610 3571 5690">
     <span class='ocr_line' id='line_1_119' title="bbox 1981 5610 3571 5690; baseline -0.006 -17"><span class='ocrx_word' id='word_1_848' title='bbox 1981 5621 2134 5676; x_wconf 90' lang='lat' dir='ltr'><strong>multi</strong></span> <span class='ocrx_word' id='word_1_849' title='bbox 2163 5636 2224 5676; x_wconf 85' lang='lat' dir='ltr'><strong>ea</strong></span> <span class='ocrx_word' id='word_1_850' title='bbox 2252 5638 2356 5676; x_wconf 89' lang='lat' dir='ltr'><strong>non</strong></span> <span class='ocrx_word' id='word_1_851' title='bbox 2380 5620 2706 5690; x_wconf 78' lang='lat' dir='ltr'><strong>intelligunt,</strong></span> <span class='ocrx_word' id='word_1_852' title='bbox 2730 5628 2779 5670; x_wconf 83' lang='lat' dir='ltr'><strong>et</strong></span> <span class='ocrx_word' id='word_1_853' title='bbox 2802 5616 3047 5686; x_wconf 69' lang='lat' dir='ltr'><strong>qumdam</strong></span> <span class='ocrx_word' id='word_1_854' title='bbox 3077 5614 3145 5667; x_wconf 87' lang='lat' dir='ltr'><strong>ibi</strong></span> <span class='ocrx_word' id='word_1_855' title='bbox 3171 5610 3571 5679; x_wconf 82' lang='lat' dir='ltr'><strong>sicaccipiunt,</strong></span> 
     </span>
    </p>
   </div>
  </div>
