3998 6214
399 278 540 346 1425

1706 292 1804 350 DE
1844 292 2011 351 VlTA
2066 294 2127 353 S.
2186 295 2373 356 NILI.

3502 281 3644 345 1426

393 394 551 462 quasi
586 394 787 465 aliquid
839 397 1038 452 durum
1085 399 1284 455 dixerit
1329 400 1438 457 Job
1481 402 1534 456 in
1581 402 1786 465 Deum,
1837 417 1977 472 quos
2007 408 2050 463 Α
2081 404 2241 460 mista
2274 421 2400 460 vero
2442 412 2590 472 sunt,
2647 413 2700 458 et
2742 397 3117 471 paraphrasim
3168 394 3339 450 solam
3395 392 3642 462 sapiunt;

395 486 599 541 refutat
631 501 854 544 sanctus
891 493 1228 561 Augustinus
1272 495 1324 549 in
1358 494 1711 549 Enarratioue
1757 493 1965 548 Psalmi

394 594 512 640 cur,
569 597 620 648 p.
649 580 754 635 439
782 601 795 635 :
828 583 1149 661 eloquentiae
1184 601 1404 655 quoque
1447 588 1557 641 vim
1612 586 1869 655 expandit
1918 586 1972 639 in

398 670 733 742 Panegyrico
759 675 969 728 Albiani
1000 676 1221 743 Galatae,
1258 679 1560 748 nutritiquc
1582 680 1834 749 Ancyrae,
1861 677 1974 733 for-

398 764 562 824 mosi,
596 771 650 816 et
676 765 811 818 casti
842 785 854 817 2
897 781 1020 819 eunt
1062 767 1128 821 ad
1164 783 1319 822 sacra
1364 770 1663 822 ministeria
1692 779 1978 823 vocaretur

400 854 509 917 ille,
546 855 598 908 in
625 871 865 910 eremum
903 859 967 911 ad
1012 872 1247 915 montem
1284 862 1559 930 confugit;
1600 861 1702 915 sub
1749 861 1979 915 Leontio

401 946 734 1015 presbytero,
777 957 891 1002 tum
929 949 1206 1019 episcopo,
1245 952 1500 1006 lustravit
1526 968 1681 1007 sacra
1703 953 1818 1006 loca
1849 952 1975 1007 Hie-

402 1038 715 1105 rosolyntis,
761 1040 985 1109 jejunio
1015 1044 1247 1108 vacavit,
1297 1054 1345 1096 et
1388 1045 1782 1113 praedicationi,
1822 1059 1979 1097 nurn-

401 1139 551 1179 tnum
604 1126 841 1183 Caesaris
889 1144 996 1184 non
1045 1142 1202 1187 norat
1253 1144 1308 1187 et
1357 1136 1409 1187 in
1457 1134 1647 1187 Nitriae
1680 1133 1977 1189 solitudine

403 1219 735 1275 obdormivit
762 1222 815 1275 in
857 1223 1106 1279 Domino.
1139 1225 1289 1280 lianc
1321 1228 1374 1281 in
1413 1241 1611 1297 genere
1637 1226 1978 1283 demonstra-

404 1309 516 1361 tivo
555 1309 920 1367 laudationem
964 1317 1207 1370 numeris
1224 1315 1378 1371 Nilus
1427 1319 1683 1372 omnibus
1744 1317 1981 1373 absolvit

401 1398 828 1467 elegantissime,
860 1417 1023 1471 quam
1068 1404 1128 1457 lt.
1183 1406 1243 1459 P.
1284 1405 1546 1462 Pessinus
1584 1408 1774 1462 Latine
1819 1408 1982 1461 vertit

402 1496 457 1540 et
485 1488 676 1543 edidit.
710 1490 946 1547 Sanctus
970 1492 1266 1557 Gregorius
1295 1494 1673 1553 Nazianzenus
1699 1499 1981 1553 characte-

407 1590 520 1628 rem
571 1574 882 1634 Polemonis
930 1582 1189 1650 sophista:
1235 1585 1388 1640 visus
1431 1596 1513 1639 est
1549 1601 1862 1655 usurpasse,
1900 1586 1978 1640 uti

406 1668 632 1723 sanctus
677 1666 1058 1742 Hieronymus,
1122 1683 1176 1728 et
1228 1674 1587 1744 Sophronias,
1639 1677 1731 1730 lib.
1783 1676 1855 1730 De
1877 1679 1971 1730 vir.

2078 508 2201 562 qua:
2222 510 2347 549 vero
2376 493 2734 549 meditabatur
2772 491 2825 544 in
2848 476 3168 544 Psalterium
3194 483 3378 540 nescio
3416 500 3483 537 an
3521 499 3641 552 per-

2079 584 2287 646 fecerit.
2318 594 2370 639 et
2398 600 2584 639 eorum
2607 582 2811 652 aliquid
2842 578 3078 648 supersit
3120 577 3174 630 in
3215 590 3347 630 mss.
3388 573 3501 642 jam
3536 573 3648 626 lau-

2080 676 2223 730 datis
2256 674 2360 729 BB.
2386 675 2488 728 BB.
2524 675 2791 744 praecipue
2821 672 2887 724 72
2911 669 3117 732 codice,
3147 666 3236 729 ubi
3258 664 3410 718 Νειλ.
3443 673 3526 719 est
3552 664 3650 717 atl-

2080 772 2321 818 notatum
2348 764 2671 818 vocabulum
2697 780 2712 829 ;
2750 762 2803 815 in
2830 760 2935 814 Job
2969 759 3151 813 etiam.
3179 754 3385 824 Ingenii
3431 760 3649 823 qutdem

2089 871 2221 910 vena
2246 871 2354 911 non
2395 870 2609 924 semper
2637 855 2703 908 ad
2744 861 2929 907 votum
2958 847 3272 919 respondet,
3318 861 3493 915 neque
3534 845 3644 899 fru-

2084 956 2195 1001 stra
2220 947 2439 1015 quidam
2469 945 2785 1015 praedicant,
2812 942 2962 997 claro
2983 940 3071 994 die
3100 939 3307 1003 nitere;
3344 937 3549 1007 pluvio,
3591 952 3654 990 ac

2082 1037 2334 1092 substillo
2366 1036 2499 1090 illud
2523 1034 2854 1092 tlaecescere.
2888 1030 3121 1085 Habitus
3165 1028 3411 1098 corporis
3444 1024 3656 1082 confert

2080 1129 2145 1181 ad
2180 1128 2608 1190 lucubrationes,
2631 1125 2773 1182 sicut
2803 1129 2860 1179 et
2885 1122 3051 1176 animi
3080 1140 3092 1175 :
3128 1128 3396 1190 aegrotans
3431 1131 3652 1185 corpus,

2079 1235 2224 1290 aeger
2253 1220 2471 1275 animus
2498 1218 2635 1273 nihil
2653 1231 2851 1272 sanum
2881 1213 3138 1285 pariunt;
3169 1208 3493 1281 proveniunt
3513 1206 3656 1262 fetus

2085 1312 2287 1366 mentis
2325 1311 2688 1382 pulchriores,
2729 1309 2821 1379 qui
2876 1308 3219 1363 deducuntur
3247 1312 3300 1359 et
3333 1310 3657 1374 promuntur

2083 1416 2148 1456 ex
2182 1402 2271 1456 illa
2305 1416 2519 1466 serena,
2544 1401 2654 1456 imo
2692 1407 3015 1469 quaeruntur
3044 1397 3111 1451 ad
3146 1411 3240 1452 eos
3270 1392 3655 1465 parturientlos

2079 1494 2191 1549 otia
2215 1502 2268 1549 et
2299 1508 2569 1550 secessus.
2598 1491 2729 1548 Hor.
2765 1511 2780 1546 :

2221 1609 2455 1665 Boeotum
2485 1610 2542 1663 in
2570 1623 2748 1662 crasso
2764 1607 2977 1676 jurares
3007 1621 3125 1659 aere
3153 1613 3357 1659 uatum.

406 1755 575 1809 illast.
628 1737 1085 1822 animadvertunt,
1139 1761 1263 1817 licet
1307 1737 1407 1816 isti
1458 1737 1657 1831 stylum
1726 1764 1979 1819 Isocratis

2084 1744 2292 1799 leum
2337 1744 2708 1809 mitissimum,
2742 1742 2972 1811 ejusque
3020 1737 3326 1802 clementia,
3367 1746 3420 1790 et
3454 1743 3658 1803 tempe-

404 1860 470 1897 ae
508 1846 746 1914 ἡδύτητα
794 1846 1057 1903 Erasmus
1105 1850 1193 1904 ille
1238 1862 1526 1920 suspectus
1578 1854 1801 1907 criticus
1825 1855 1979 1909 aliiu-

405 1944 512 2003 gat,
544 1936 776 1992 Basilius
822 1939 1078 2007 exprimit
1107 1939 1542 2006 Demosthenem,
1594 1943 1710 1997 sive
1766 1942 1981 2016 'l‘ltucy-

405 2024 623 2088 didem,
673 2035 728 2080 et
784 2028 875 2080 alii
928 2028 1115 2084 Patres
1162 2031 1357 2085 imitati
1416 2041 1543 2085 sunt
1591 2032 1728 2087 alios
1777 2035 1981 2101 priores

405 2124 671 2181 oratores,
720 2119 802 2170 vel
843 2118 1160 2175 historicos.
1222 2121 1452 2175 lv‘laccus
1491 2122 1718 2175 Albinus
1756 2124 1841 2177 vel
1893 2123 1985 2176 Al-

408 2206 604 2259 cuinus
656 2206 857 2272 abbas,
892 2209 1074 2262 Caroli
1122 2210 1192 2262 Μ.
1246 2211 1567 2277 deliciosus,
1616 2212 1670 2265 id
1716 2224 1800 2267 est
1852 2215 1987 2269 dile-

358 2356 369 2369 .
410 2301 553 2357 ctus,
595 2305 666 2361 ct,
702 2306 761 2351 ut
791 2300 983 2353 volunt
1025 2299 1211 2368 aliqui,
1262 2301 1645 2360 auricularius.
1678 2302 1729 2356 id
1782 2312 1884 2367 est,
1917 2304 1985 2358 ab

409 2385 570 2454 697
595 2389 814 2445 arcanis
838 2391 1287 2455 confessionibus,
1310 2392 1526 2462 reliquit
1547 2393 1685 2447 inter
1706 2409 1867 2462 opera
1889 2411 1987 2450 sua

413 2476 595 2531 Caroli
615 2477 793 2549 Magni
813 2496 1154 2550 responsum,
1183 2482 1360 2552 inquo
1385 2499 1543 2539 sensa
1562 2484 1647 2538 ille
1663 2500 1759 2540 sua
1781 2486 1984 2554 patefa~

410 2566 484 2620 cit
517 2584 770 2625 sermone
798 2574 1088 2640 comatico,
1112 2575 1226 2629 sive
1246 2576 1604 2645 χρωματικῷ,
1636 2577 1686 2630 id
1718 2589 1822 2642 est,
1848 2578 1985 2646 ligu-

411 2664 552 2722 rato,
580 2658 693 2713 sive
721 2660 1058 2731 κοσμητικῷ.
1081 2663 1132 2717 id
1174 2671 1276 2727 est,
1314 2666 1596 2726 adornato,
1638 2675 1757 2735 post
1785 2667 1877 2721 lib.
1910 2666 1988 2722 De

410 2746 574 2801 divin.
606 2749 765 2818 Ofﬁc.
799 2768 851 2819 p.
883 2753 973 2807 84.
1013 2752 1071 2806 ln
1110 2752 1479 2810 Concionibus
1498 2756 1765 2824 ejusmodi
1806 2768 1888 2812 est
1922 2774 1989 2813 ea

412 2838 480 2891 de
502 2839 696 2907 gladiis
716 2841 947 2905 duobus,
975 2858 1139 2911 quam
1193 2843 1379 2899 Graece
1416 2844 1717 2916 Latineque
1758 2849 1985 2917 praebui,

313 2914 317 2921 ’
411 2937 465 2981 et
489 2928 592 2981 illa:
623 2928 745 2983 dua:
782 2931 848 2984 de
882 2930 1166 2997 Pascltate,
1197 2936 1282 2989 vel
1318 2914 1735 2991 ltesurrectione
1758 2914 1985 3004 Christi,

411 3031 643 3086 quarum
670 3016 996 3087 Epitomem,
1032 3021 1114 3075 vel
1142 3020 1440 3091 fragmenta
1480 3024 1710 3078 inseruit
1737 3039 1837 3079 suo
1864 3026 1986 3078 Μυ-

415 3081 674 3179 ῥιοϐξόλῳ
697 3081 945 3172 Pbotius,
973 3081 1091 3165 rod.
1117 3081 1299 3177 976:a
1323 3128 1382 3168 se
1398 3116 1566 3169 lectas
1598 3130 1690 3169 eas
1707 3115 1983 3182 referens;
2011 3081 2054 3139 θ

412 3215 682 3268 purpuras
697 3202 897 3270 eloquii
918 3204 1000 3256 sui
1023 3204 1280 3272 explicuit
1311 3205 1567 3260 resolutis
1589 3215 1809 3276 turgens
1826 3206 1986 3275 νιφά-

408 3291 579 3351 δεσσι,
621 3290 997 3362 el'ferbuitque,
1050 3296 1126 3349 uti
1166 3295 1435 3351 Pindarus
1478 3298 1617 3367 apud
1675 3298 1984 3363 Horatium,

412 3378 680 3446 profundo
728 3381 1029 3438 immensus
1067 3399 1183 3438 ore.
1229 3386 1498 3439 Dicuntur
1528 3396 1581 3439 et
1610 3402 1733 3440 esse
1776 3395 1888 3440 tres
1920 3388 1988 3441 de

410 3470 654 3524 Ascensu
694 3470 909 3524 Domini
940 3475 1204 3526 hactenus
1236 3473 1471 3535 inediae,
1498 3489 1527 3527 a
1562 3485 1752 3529 sancto
1780 3473 1988 3529 Joanne

415 3558 747 3613 Damasceno
776 3560 829 3612 in
857 3562 1092 3630 Eclogis,
1130 3578 1223 3616 seu
1257 3562 1537 3618 Parallelis
1566 3565 1816 3618 indicata:
1843 3566 1987 3634 apud

414 3652 625 3706 Sixtum
668 3652 987 3719 Senensem,
1016 3665 1069 3708 ct
1104 3670 1134 3708 a
1170 3654 1366 3709 Pbotio
1398 3657 1596 3711 ibidem
1627 3658 1810 3713 relata:
1834 3675 1983 3713 com-

413 3740 709 3806 pendiose;
743 3751 826 3796 est
866 3751 921 3796 et
981 3744 1154 3810 Λόγος
1198 3746 1281 3807 εἰς
1322 3746 1420 3811 τὴν
1474 3746 1844 3817 προσκύνησιν
1884 3748 1986 3817 τῆς

413 3829 573 3896 ἁγίας
610 3830 854 3894 ἁλύσεως
876 3832 971 3884 τοῦ
1028 3834 1186 3901 ἁγίου
1234 3835 1329 3887 καὶ
1356 3836 1656 3905 κορυφαίου
1709 3837 1819 3889 τῶν
1848 3839 1984 3890 ἁπο-

414 3923 615 3976 στὸ).ων
656 3924 887 3993 Πέτρου,
943 3939 1037 3979 seu
1078 3926 1398 3997 ὑπόμνημα.
1426 3926 1619 3996 Incipit
1643 3946 1657 3983 :
1684 3929 1857 3983 ’Ὅσοι
1904 3930 1987 3995 τῷ

410 4014 516 4067 τοῦ
546 4016 874 4082 κορυφαίου
913 4014 1032 4068 τῶν
1055 4017 1416 4071 ἀποστόλων
1448 4018 1585 4085 θείῳ
1612 4019 1782 4087 ἔρωτι
1816 4021 1985 4088 γενό-

407 4121 575 4171 μενοι
602 4104 843 4173 κάτοχοι
889 4106 1001 4160 MS.
1031 4108 1082 4160 in
1108 4106 1210 4162 BB.
1233 4107 1335 4162 BR.
1365 4125 1417 4177 p.
1450 4111 1544 4165 151
1572 4110 1752 4166 eCod.
1782 4109 1981 4176 Vatic.,

413 4196 550 4252 i790
588 4211 619 4251 e
643 4197 910 4262 Lolliana,
943 4199 1107 4253 etiam
1135 4209 1256 4269 post
1288 4199 1388 4253 Nili
1419 4201 1487 4256 de
1515 4203 1660 4256 caede
1684 4203 1985 4259 monacho-

414 4300 530 4338 rum
556 4285 726 4340 instar
752 4284 1092 4351 Lectionum,
1133 4302 1227 4341 seu
1276 4303 1613 4346 sermonum.
1653 4289 1980 4361 lnscriptum

2082 1836 2191 1890 ries
2239 1836 2533 1906 plurimum
2589 1834 2731 1889 valet
2783 1833 2850 1887 ad
2910 1840 3163 1886 ornatum
3215 1828 3370 1901 styli,
3420 1836 3474 1882 et
3523 1841 3658 1896 qua-

2081 1924 2149 1989 si,
2180 1934 2237 1979 ut
2259 1926 2329 1980 ita
2355 1927 2573 1996 loquar,
2604 1924 2669 1979 ad
2691 1923 2945 1979 dictionis
2973 1921 3263 1992 ήδύχρουν,
3285 1920 3336 1974 id
3368 1917 3658 1986 est,hedy-

2086 2017 2303 2080 chrum,
2329 2025 2419 2071 est
2444 2015 2575 2069 illud
2601 2024 2961 2083 unguentum,
2984 2012 3127 2082 quod
3158 2011 3349 2065 illitum
3385 2008 3537 2063 faciei
3570 2023 3659 2063 so-

2084 2106 2155 2160 let
2189 2106 2450 2159 inducere
2490 2105 2818 2158 suavitatem
2842 2102 3048 2166 odoris,
3103 2112 3156 2155 et
3195 2099 3466 2163 laevitatis,
3501 2098 3658 2152 Cice-

2085 2208 2218 2249 rone
2249 2204 2419 2257 teste,
2454 2193 2549 2248 lib.
2600 2210 2661 2249 ιιι
2692 2192 2734 2248 Τ
2737 2192 2988 2248 usculan.
3030 2206 3079 2247 c.
3111 2190 3200 2246 46.
3254 2190 3438 2259 Itaque
3474 2188 3659 2243 varius

2085 2295 2169 2343 est
2196 2287 2285 2342 ille
2333 2288 2384 2341 in
2417 2286 2535 2354 ejus
2563 2286 2820 2356 Epistolis
2850 2300 2949 2355 pro
2993 2285 3235 2340 locorum
3262 2324 3277 2350 ,
3308 2281 3657 2348 valetudinis,

2086 2394 2334 2444 casuum,
2371 2388 2424 2433 et
2452 2388 2757 2449 temporum
2787 2378 3110 2443 diﬂ‘crentia,
3149 2384 3204 2431 et
3233 2374 3371 2430 forte
3401 2390 3657 2429 nonnun-

2085 2486 2271 2539 quam,
2305 2473 2382 2526 uti
2404 2471 2656 2536 Roscius,
2686 2473 2907 2528 crudior
2954 2471 3073 2526 fuit.
3103 2470 3216 2525 Cic.
3250 2469 3345 2523 lib.
3408 2467 3485 2521 De
3517 2477 3654 2520 ornt.

2086 2577 2208 2634 cap.
2264 2564 2389 2617 124.
2443 2563 2730 2620 Liberatus
2778 2565 2944 2634 igitur
2983 2562 3282 2631 agitatione
3334 2560 3570 2623 mentis,
3608 2567 3661 2611 rt

2087 2654 2254 2707 animi
2291 2654 2554 2717 motibus,
2586 2664 2749 2725 atque
2780 2654 3098 2725 passionum
3119 2653 3364 2716 testibus,
3395 2658 3449 2705 et
3477 2647 3658 2702 ﬂucti-

2088 2747 2192 2800 bus
2218 2746 2444 2802 undosis
2468 2747 2637 2818 698
2662 2747 2945 2817 expeditus
2978 2744 3153 2809 Nilus,
3193 2750 3529 2813 tempestate,
3552 2756 3657 2809 qua

2083 2837 2321 2906 jactatus
2352 2837 2547 2905 fuerat,
2581 2839 2791 2904 sedata,
2824 2846 3145 2908 recuperato
3186 2850 3309 2891 cum
3342 2834 3451 2887 lilio
3482 2831 3659 2886 Theo-

2089 2927 2241 2995 dulo,
2275 2944 2335 2984 se
2373 2930 2578 2999 recepit
2625 2930 2682 2983 in
2722 2936 2943 2999 portum
2995 2926 3222 2997 quietis,
3276 2925 3330 2978 in
3383 2921 3659 2976 alcedonia

2090 3033 2209 3085 sua,
2257 3018 2347 3073 ubi
2373 3020 2600 3090 adeptus
2649 3018 2935 3090 εὐθυμίαν,
2982 3034 3077 3074 seu
3127 3014 3590 3085 tranquillitatem,
3631 3030 3661 3065 e

2090 3106 2295 3165 Seneca
2329 3126 2379 3166 c.
2420 3110 2475 3177 2,
2513 3111 2580 3166 ad
2635 3110 2919 3170 Severum,
2966 3109 3043 3164 De
3084 3110 3207 3163 vita:
3255 3104 3659 3177 tranquillitate,

2088 3216 2189 3256 nec
2220 3203 2388 3268 enim,
2424 3202 2618 3257 scribit
2659 3203 2879 3257 moralis
2901 3201 2990 3256 ille
3032 3199 3410 3271 philosophus,
3461 3196 3660 3252 imitari

2086 3305 2142 3351 et
2172 3296 2465 3352 transferre
2494 3296 2658 3351 verba
2684 3295 2753 3351 ad
2774 3310 2964 3351 eorum
2996 3294 3229 3349 formam
3250 3306 3534 3347 necessum
3558 3298 3661 3353 est,

2089 3386 2237 3454 quod
2275 3386 2656 3455 appellationis
2689 3386 2873 3440 Graece
2917 3385 3025 3438 vim
3060 3384 3261 3439 habere
3306 3382 3483 3445 debet,
3520 3381 3661 3435 sicut

2087 3476 2199 3537 alii,
2229 3474 2322 3545 qui
2345 3475 2692 3544 tranquillum
2718 3474 2886 3528 animi
2910 3483 3208 3540 verterunt,
3230 3488 3331 3526 nec
3354 3471 3516 3525 etiam
3535 3485 3661 3539 apa-

2088 3566 2254 3618 tltiam
2292 3564 2648 3629 Socraticam,
2681 3564 2748 3619 de
2778 3580 2885 3633 qua
2919 3563 3135 3632 Lipsius
3162 3573 3285 3633 post
3320 3562 3658 3619 Ciceronem.

2087 3651 2181 3707 lib.
2211 3668 2265 3707 tv
2302 3654 2599 3707 Academia.
2632 3653 2858 3718 Quaem,
2883 3668 2934 3708 c.
2970 3652 3071 3707 1'50
3101 3672 3116 3721 ;
3144 3653 3399 3715 Plinium,
3434 3650 3526 3704 lib.
3560 3666 3658 3710 vtt,

2091 3740 2226 3795 Nat.
2265 3741 2470 3796 Histor.
2499 3758 2548 3798 c.
2581 3744 2681 3810 l8;
2716 3741 2998 3809 Senecam,
3029 3742 3122 3797 lib.
3162 3759 3199 3807 ι,
3250 3742 3408 3811 epist.
3455 3739 3661 3805 t0’r;et

2088 3830 2146 3884 S.
2179 3832 2466 3904 Augustin.
2496 3834 2590 3888 lib.
2623 3850 2711 3888 xw
2742 3832 2818 3886 De
2848 3833 2990 3887 civit.
3024 3834 3139 3898 Dei,
3180 3847 3298 3901 cap.
3342 3832 3397 3898 9,
3434 3846 3661 3900 quaeque

2086 3923 2444 3992 impatientia,
2491 3926 2605 3980 sive
2653 3924 3064 3994 impassibilitas
3106 3923 3303 3978 dicitur
3326 3963 3341 3987 ,
3374 3932 3427 3977 et
3460 3922 3525 3976 de
3556 3938 3659 3992 qua

2086 4026 2311 4071 sanctus
2365 4014 2727 4087 Hieronymus
2761 4016 2923 4070 etiam
2978 4016 3043 4070 ad
3084 4014 3484 4083 Ctesiphontem
3514 4014 3657 4084 agit:

2086 4122 2196 4162 non
2226 4108 2447 4177 inquam
2476 4106 2632 4161 Nilus
2671 4105 2982 4162 sectabatur
3010 4120 3150 4171 eam,
3185 4104 3279 4159 sed
3322 4120 3465 4169 eam,
3499 4118 3659 4172 quam

2085 4198 2248 4268 epist.
2279 4198 2405 4263 172,
2437 4198 2530 4252 lib.
2558 4213 2617 4263 ιι,
2642 4197 2707 4252 ad
2736 4197 3008 4252 Valerium
3035 4196 3441 4251 Cubicularium
3472 4193 3663 4265 ὑψηλο·

2081 4290 2250 4361 τάτην
2288 4289 2577 4355 ἀπάθειαν,
2631 4289 2683 4344 id
2736 4298 2819 4344 est
2847 4289 3273 4346 excelsissimam
3310 4288 3659 4343 indolentiam

409 4386 491 4431 est
506 4378 672 4442 enim,
692 4378 957 4444 Δέσποτα,
971 4379 1283 4449 εὐλόγησον,
1316 4395 1412 4435 seu
1425 4379 1757 4452 Εὐλόγησον,
1780 4382 1976 4454 Κύριε,

2084 4396 2147 4436 ex
2174 4381 2444 4437 Allatiana
2493 4382 2742 4438 versione
2801 4382 3023 4447 vocitat,
3056 4390 3151 4435 aut
3193 4382 3269 4435 uti
3304 4382 3444 4451 apud
3486 4381 3660 4450 ipsum

412 4470 477 4523 ad
504 4468 808 4524 t6Januar.
830 4470 1132 4527 Cardinalis
1165 4471 1429 4528 Baronius
1460 4474 1514 4527 in
1549 4473 1705 4530 Notis
1738 4476 1805 4529 ad
1839 4475 1980 4530 Mar-

412 4559 732 4629 tyrologium
787 4559 1094 4613 Romanum
1142 4562 1403 4616 Kalendis
1448 4563 1677 4634 Augusti
1731 4564 1981 4620 meminit

412 4652 649 4706 ltomilire
679 4652 877 4707 babita:
909 4653 964 4707 in
998 4653 1308 4709 celebritate
1360 4663 1673 4712 catenarum
1719 4668 1774 4714 et
1816 4658 1977 4729 gladii

408 4748 583 4802 sancti
634 4747 799 4813 Petri,
854 4764 975 4818 qua:
1007 4760 1194 4805 sancto
1240 4750 1434 4805 Joanni
1466 4752 1982 4823 Chrysostomo’tri-

411 4840 697 4904 buebatur,
725 4840 819 4895 sed
837 4841 1016 4909 potius
1039 4844 1332 4896 asserenda
1353 4853 1435 4898 est
1451 4853 1639 4900 sancto
1662 4844 1879 4910 Pruclo,
1896 4847 1979 4901 vel

409 4938 598 4984 sancto
630 4929 919 4997 Germano,
963 4933 1205 4988 nondum
1231 4933 1377 4987 enim
1403 4944 1714 4989 catenarum
1739 4936 1979 4993 miracu-

408 5021 518 5076 lum
548 5023 852 5091 contigerat
886 5037 1043 5079 :eam
1078 5025 1133 5078 in
1183 5025 1432 5080 Latinum
1468 5042 1678 5082 versam
1711 5044 1742 5083 e
1789 5027 1980 5085 Graeco

409 5113 592 5167 retulit
621 5112 1009 5183 Lipromanus,
1041 5116 1136 5171 sed
1188 5115 1310 5172 Nilo
1343 5133 1461 5172 eam
1505 5133 1612 5173 non
1658 5120 1975 5190 adrogarem

410 5211 517 5255 tam
553 5201 731 5259 facile.
762 5203 858 5260 Est
886 5214 940 5259 et
974 5206 1413 5263 Commentarios
1454 5207 1509 5263 in
1550 5219 1799 5265 sanctum
1846 5226 1977 5281 apo-

408 5292 606 5346 stolum
633 5292 853 5348 Petrum
887 5295 941 5350 in
961 5292 1224 5350 Lolliana.
1257 5298 1313 5353 ln
1348 5299 1638 5369 exegeticis
1668 5300 1881 5356 brevem
1910 5303 1978 5357 ίι-

410 5382 521 5435 lum
564 5384 934 5451 crediderim;
980 5401 1080 5441 nec
1116 5387 1261 5441 enim
1311 5387 1438 5453 vidi,
1484 5403 1606 5459 quze
1648 5389 1701 5444 in
1751 5388 1976 5446 Cantica

408 5472 647 5541 scripsit,
676 5474 777 5529 nisi
804 5490 867 5529 ea
897 5492 1017 5545 qua:
1042 5493 1164 5533 cum
1194 5478 1425 5535 aliorum
1445 5480 1666 5536 Patrum
1690 5483 1978 5539 Commen-

409 5563 585 5629 tariis,
619 5572 750 5619 tom.
782 5564 822 5619 ll
855 5565 1193 5624 Bibliothecw
1227 5568 1452 5624 Patrum
1497 5571 1836 5630 Greco-Lat.
1868 5575 1974 5630 Pa-

410 5650 558 5709 risiis
603 5662 732 5710 sunt
776 5655 940 5723 edita,
990 5658 1056 5714 de
1084 5660 1282 5729 quibus
1315 5678 1479 5734 supra
1528 5663 1620 5722 fol.
1655 5666 1776 5724 6'57.
1814 5667 1976 5723 Cont-

2084 4476 2357 4532 vertebam
2397 4476 2692 4548 ἀτάραχον,
2723 4476 3225 4548 imperturbabilem,
3260 4477 3317 4529 in
3347 4473 3659 4543 Opusculis,

2082 4583 2206 4623 cum
2235 4584 2295 4625 se
2323 4569 2635 4639 praestiterit
2662 4569 2912 4638 deinceps
2935 4566 3109 4622 Nilus.
3142 4566 3359 4621 Homini
3402 4576 3546 4620 certe
3579 4566 3662 4619 ni-

2081 4662 2155 4716 hil
2183 4671 2265 4717 est
2286 4663 2459 4732 magis
2483 4662 2737 4732 optabile,
2756 4678 2918 4733 quam
2948 4677 3192 4732 prosper,
3207 4660 3507 4731 mquabilis,
3536 4675 3660 4729 per-

2078 4760 2380 4821 petuusque
2392 4751 2511 4805 vita:
2526 4760 2680 4806 tenor
2696 4751 2813 4808 sine
2829 4751 2933 4805 ulla
2952 4750 3270 4817 offensione,
3288 4750 3523 4806 secundo
3539 4764 3663 4803 cur-

2080 4854 2165 4904 su,
2186 4856 2307 4894 cum
2338 4841 2625 4910 tranquilla
2657 4851 2784 4896 sunt
2806 4843 2988 4896 omnia
3056 4850 3110 4896 et
3137 4843 3364 4912 placata,
3393 4858 3423 4896 e
3448 4841 3663 4895 Cicero-

2079 4941 2323 4995 ne,orat.
2344 4930 2414 4983 27
2433 4930 2562 4985 Post
2590 4932 2815 4985 reditum
2844 4933 2914 4985 ad
2933 4932 3185 4998 Quirites,
3209 4932 3301 4986 lib.
3340 4949 3399 4988 ιι.
3427 4932 3663 5002 Contigit

2081 5016 2179 5075 iste
2198 5029 2304 5073 tam
2326 5017 2466 5083 Nilo,
2483 5036 2645 5090 quam
2667 5019 2971 5083 Theodttlo,
2995 5031 3114 5092 post
3134 5022 3413 5078 incursum
3439 5022 3662 5078 Sarace-

2078 5118 2352 5172 norum,et
2368 5107 2545 5164 Nilum
2564 5111 2779 5181 quidem
2796 5112 3004 5182 expleto
3021 5113 3375 5184 quadraginta
3390 5114 3660 5170 curriculo

2077 5184 2368 5253 annorum‘
2391 5215 2583 5256 rursus
2608 5201 2662 5255 in
2694 5216 2902 5263 eremo,
2929 5203 2993 5258 ad
3015 5203 3243 5275 gloriam
3268 5206 3541 5262 caelestem
3570 5222 3656 5261 ar-

2077 5288 2253 5343 bitror
2276 5304 2544 5356 evectum,
2579 5308 2703 5347 cum
2741 5295 3034 5365 nonaginta
3063 5297 3185 5366 plus
3220 5299 3402 5355 minus
3432 5314 3655 5369 percur-

2080 5390 2225 5435 reret
2246 5398 2439 5437 annos.

2146 5492 2554 5563 Longteviorem
2582 5498 2848 5569 migrasse
2880 5501 3245 5557 contendebat
3268 5502 3375 5558 Leo
3398 5504 3651 5565 Allatius,

2077 5581 2159 5635 vir
2191 5581 2392 5640 Graeca:
2439 5584 2639 5656 linguae
2663 5588 3028 5658 peritissimus
3059 5600 3114 5645 et
3149 5592 3421 5659 historiae;
3458 5594 3555 5650 sed
3582 5593 3653 5645 illi

2080 5671 2333 5729 assentiri
2380 5689 2610 5746 nequeo.
2664 5674 2797 5732 Nam
2830 5678 2971 5748 quod
3004 5679 3182 5750 arguit
3233 5681 3284 5735 in
3320 5681 3575 5738 Diatriba
3596 5681 3656 5731 de
