3998 6214
419 318 554 385 1427

1161 323 1310 384 JOS.
1345 324 1608 383 MARI/E
1645 321 1997 382 SUARESII
2032 322 2264 383 LIBER
2302 324 2932 388 CHRONOLOGICUS

3539 324 3676 389 1528

419 434 562 490 Nili:
587 477 604 503 ,
648 450 703 505 p.
741 435 828 500 l5,
868 436 921 489 in
973 434 1110 489 vivis
1148 435 1326 490 adhuc
1380 435 1557 506 egisse
1605 449 1749 489 anno
1789 429 1988 487 Christi
2018 433 2068 488 Α
2094 434 2321 487 sendnm
2355 435 2547 488 nttllihi
2577 443 2913 505 compertum
2944 433 3038 489 sit.
3065 430 3260 488 Moneo
3285 442 3469 489 tamen
3496 434 3665 491 lecto-

417 525 848 600 quingeutesimo
910 542 975 581 ex
1032 526 1203 597 Epist.
1238 527 1325 592 70,
1372 527 1467 581 lib.
1516 528 1645 581 tAd
1696 526 1983 579 Zoaaritmt

418 620 705 686 tribunum,
724 620 777 674 in
798 635 927 691 qua,
946 619 1124 685 Ἰδοὺ,
1142 620 1353 683 scribit,
1370 621 1591 675 λοιπὸν
1607 632 1993 673 πεντακοσιο-

418 710 737 775 στὸνὲτος,
777 721 882 767 etc.
908 710 1043 766 Ecce
1062 711 1302 781 deinceps
1323 712 1762 781 quingentesimus
1796 727 1987 773 annus,

419 806 659 870 nempe’a
683 816 803 855 nece
828 800 1028 855 Christi
1052 801 1265 855 Domini
1312 818 1406 870 pro
1437 801 1583 855 nobis
1620 802 1677 854 iu
1705 816 1857 855 cruce
1885 810 1990 853 tam

419 891 702 945 crudeliter
730 892 886 961 afﬁxi
937 900 991 946 et
1015 893 1210 953 occisi:
1235 906 1341 945 non
1376 893 1517 962 quod
1566 892 1860 947 efﬂuxisset
1887 907 1990 945 an-

419 990 525 1030 nus
555 977 1046 1047 quingentesimus,
1096 980 1189 1034 sed
1236 979 1380 1048 quod
1420 979 1990 1048 quadringentesimus

396 1063 636 1134 'elapsns
667 1073 831 1129 esset,
876 1075 927 1121 et
968 1066 1038 1119 ad
1071 1067 1565 1137 quingentesimum
1610 1068 1990 1123 decurreretur

400 1154 701 1220 "saculum,
740 1155 902 1226 idque
936 1172 963 1210 a
990 1158 1254 1227 particula
1275 1157 1467 1211 λοιπὸν
1490 1159 1623 1213 satis
1652 1159 1985 1229 designatur,

421 1262 543 1317 qua:
565 1248 836 1318 signiﬁcat
870 1249 1147 1318 deinceps.
1186 1248 1373 1319 Itaque
1396 1250 1635 1320 deinceps
1658 1251 1785 1322 (ait)
1806 1253 1876 1305 ad
1895 1267 1986 1305 an.

414 1338 882 1409 quingentesimum
924 1342 1203 1411 pergimus.
1238 1342 1397 1397 Certe
1430 1343 1475 1398 si
1509 1342 1725 1398 Justino
1769 1344 1988 1413 juniore

414 1430 719 1499 imperante
741 1448 830 1485 an.
858 1433 966 1487 567
1006 1433 1074 1488 C.
1105 1432 1173 1487 N.
1205 1435 1447 1503 reliquiae
1466 1443 1781 1489 sanctorum
1829 1435 1986 1490 istius

415 1520 625 1576 scilicet
660 1522 785 1585 Nili,
824 1521 1111 1587 Theoduli,
1160 1533 1214 1578 et
1260 1526 1489 1579 aliorum
1534 1526 1987 1580 anaehoretarum

418 1610 948 1682 Constantinopolim
977 1615 1250 1668 translatae
1278 1625 1422 1678 sunt,
1464 1623 1755 1685 antequam
1786 1615 1987 1670 Mauri-

413 1701 521 1755 tius
543 1701 819 1772 Augustus
835 1702 955 1755 iniit
978 1702 1285 1771 imperium,
1309 1704 1518 1758 obierat
1541 1703 1713 1769 Nilus,
1732 1713 1785 1759 et
1804 1705 1984 1758 Theo-

2100 536 2211 575 rem
2244 538 2463 577 menon
2499 526 2565 578 ad
2619 538 2851 593 unguem
2905 523 3197 592 vivumque
3253 538 3517 586 resecare,
3572 541 3672 581 nec

2095 611 2159 664 ad
2189 611 2473 667 obrussam
2510 613 2622 667 veri
2642 612 2910 679 aﬂricare,
2941 612 2991 665 id
3013 620 3101 699 es“
3117 612 3433 667 examinare
3458 614 3522 667 ad
3554 614 3676 669 lan-

2095 717 2212 755 cem
2262 713 2317 757 et
2364 703 2429 758 ad
2458 705 2762 767 trutinam,
2815 713 2979 774 atque
3030 714 3303 759 momenta
3354 707 3674 775 scrupulose

2094 806 2270 846 annos
2297 794 2682 861 computando,
2707 795 2801 847 sed
2833 795 3342 864 παχυμερέστερον,
3364 805 3421 849 ιιι
3439 795 3673 865 loquun-

2095 892 2184 935 tur
2212 882 2630 951 jnrisconsulti;
2677 884 2881 939 sufﬁcit
2906 886 3146 953 epochas
3170 887 3525 954 prafecturat,
3586 887 3672 940 in-

2091 971 2365 1025 cursionis
2418 973 2683 1036 Arabum,
2723 989 2889 1043 quam
2937 975 3081 1029 intra
3143 973 3206 1028 C.
3259 972 3324 1027 N.
3358 974 3465 1028 450
3490 977 3671 1031 et500

2091 1064 2281 1118 statuit
2308 1064 2572 1120 Possinus
2626 1068 2730 1122 sub
2759 1066 3070 1122 Theodosio
3098 1065 3349 1132 Juniure,
3378 1084 3433 1138 p.
3468 1070 3571 1124 127
3616 1080 3672 1125 et

2091 1158 2214 1223 167,
2250 1159 2316 1213 ad
2346 1157 2516 1213 Notas
2553 1159 2606 1213 in
2635 1150 3041 1226 Narrationem,
3068 1169 3122 1215 et
3143 1162 3431 1215 exordium
3458 1162 3667 1230 imperii

2092 1250 2601 1321 Marciani‘tigere,
2661 1266 2758 1320 per
2804 1267 2981 1306 annos
3030 1252 3269 1322 denique
3303 1253 3664 1322 quadraginta

2087 1341 2244 1398 Nilus
2273 1352 2549 1407 excoctus,
2569 1352 2624 1397 et
2659 1343 2916 1412 probatus
2948 1343 2999 1396 in
3033 1344 3121 1396 illa
3148 1343 3485 1407 incursione,
3505 1354 3668 1409 atque

2090 1443 2286 1490 auctus
2312 1435 2620 1489 sacerdotio
2648 1435 2718 1488 ab
2750 1434 3011 1503 episcopo
3038 1434 3297 1501 Elusauo,
3330 1450 3424 1489 seu
3451 1435 3667 1505 presby-

2089 1533 2262 1579 teratu
2280 1526 2465 1591 etiam,
2496 1527 2845 1594 quantumvis
2866 1526 3269 1580 illustrissimus
3298 1526 3665 1595 archiepisco-

2085 1630 2187 1685 pus
2209 1615 2507 1670 lconiensis
2532 1616 2911 1685 Caryophilus,
2944 1625 3100 1685 neget
3119 1631 3243 1670 eum
3287 1615 3461 1671 fuisse
3483 1630 3666 1671 sacer-

2087 1706 2291 1770 dotem,
2321 1720 2417 1761 seu
2451 1706 2829 1777 presbyterum
2868 1722 2922 1774 p.
2964 1707 3017 1759 ll
3061 1706 3293 1760 Diatrib.
3340 1707 3535 1770 AUat..
3568 1709 3663 1776 qui

413 1790 575 1845 dulus
627 1791 803 1845 adhuc
847 1791 964 1859 ejus
1014 1792 1159 1845 ﬁlius
1188 1832 1203 1855 ,
1260 1799 1316 1845 ut
1362 1807 1392 1846 e
1440 1792 1643 1847 Memno
1688 1795 1980 1863 probatur;
2015 1800 2057 1856 Β
2085 1796 2384 1850 oscitanter
2405 1811 2548 1864 sape
2574 1796 2785 1857 scribit,
2823 1805 2881 1848 ut
2911 1810 3035 1849 eum
3058 1797 3408 1864 reprehendit
3430 1796 3668 1851 Allatius

412 1879 559 1935 unde
581 1890 723 1937 recte
756 1897 853 1951 pro
877 1881 1126 1936 Mauritio
1152 1882 1483 1937 Marcianum
1531 1884 1585 1937 in
1631 1899 1696 1938 eo
1737 1886 1982 1955 reposuit

412 1969 559 2025 ΚΡ.
582 1968 845 2027 Possinus
871 1971 925 2026 in
964 1970 1118 2028 Notis
1152 1973 1216 2027 ad
1249 1974 1517 2043 Διήγημα,
1564 1989 1657 2028 seu
1702 1974 1981 2029 Narratio-

411 2064 537 2115 nem
578 2062 745 2117 caedis
767 2064 1182 2118 monachorum.
1203 2063 1312 2132 Ego
1340 2078 1467 2117 vero
1487 2072 1747 2133 prtetcrea
1793 2081 1980 2118 emen-

408 2152 533 2207 davi
557 2167 656 2222 pro
676 2153 768 2206 ἐπὶ
807 2153 1151 2227 Μαρκιανοῦ,
1203 2162 1257 2208 et
1296 2156 1579 2226 legendum
1610 2172 1831 2220 censeo,
1876 2159 1983 2221 ἕως

409 2243 751 2316 Μαρκιανοῦ,
773 2261 932 2315 usque
964 2247 1041 2313 ad,
1066 2245 1400 2301 Marcianum
1428 2262 1492 2301 ex
1530 2247 1772 2317 ejusdem
1815 2246 1879 2300 Β.
1920 2248 1977 2301 Ρ.

284 2382 285 2389 η
384 2332 615 2388 “Possini
654 2342 920 2389 conSensu
953 2355 966 2393 :
1007 2337 1174 2393 moris
1193 2338 1392 2392 etenim
1419 2339 1548 2392 mihi
1586 2340 1831 2409 estquod
1859 2355 1977 2394 sum

408 2425 633 2481 daturus
659 2426 712 2480 in
744 2443 937 2483 manus
961 2428 1265 2494 hominum,
1288 2439 1414 2485 ante
1443 2432 1742 2486 amicorum
1771 2432 1979 2501 judicio

382 2517 742 2584 'exa‘minare,
780 2528 840 2573 ut
877 2519 1057 2575 verbis
1082 2528 1205 2575 utar
1233 2521 1391 2576 Plinii
1416 2522 1734 2579 Juniorisin
1772 2523 1980 2593 Episto-

402 2606 461 2662 la
482 2609 553 2663 ad
580 2607 907 2677 Maximum,
928 2611 1021 2665 lib.
1052 2627 1171 2677 vm,
1209 2623 1263 2667 et
1296 2614 1348 2667 in
1391 2616 1579 2684 primis
1602 2616 1705 2670 viri
1729 2625 1834 2671 tam
1852 2632 1979 2671 eru-

405 2700 526 2769 diti,
546 2709 601 2758 et
632 2703 685 2759 in
724 2705 957 2760 lectione
1018 2707 1380 2779 versioneque
1410 2708 1721 2765 Graecorum
1750 2712 1974 2767 histori-

404 2808 593 2850 corum
633 2795 770 2851 adeo
814 2799 1038 2852 versati.
1076 2799 1439 2866 Quamobrem
1491 2803 1692 2871 miror,
1741 2804 1974 2860 Leonem

401 2884 660 2943 Allatium
681 2902 745 2943 ex
771 2888 871 2943 hac
895 2890 1144 2960 epistola,
1174 2906 1339 2963 quam
1371 2906 1567 2951 rursus
1600 2897 1791 2966 ingerit
1813 2892 1979 2967 699

405 2977 692 3048 integram,
722 2979 973 3051 colligere
1005 2982 1183 3037 Nilum
1222 2986 1589 3054 supervixisse
1624 3002 1825 3042 annum
1870 2988 1975 3042 500

402 3066 465 3124 (Ξ.
491 3066 582 3135 Ν.;
629 3070 862 3126 dilucide
897 3078 1044 3142 patet
1068 3089 1261 3144 nempe
1293 3076 1348 3130 in
1378 3092 1441 3131 ea
1496 3077 1699 3144 Nilum,
1736 3088 1863 3134 cum‘
1888 3081 1983 3134 in—

306 3208 311 3213 .
403 3157 757 3213 vehereturin
786 3158 1022 3225 Iudaeos,
1048 3171 1420 3235 assereretque
1438 3168 1559 3222 illos
1590 3182 1729 3238 saepe
1758 3181 1976 3239 prOpter

404 3250 557 3304 varia
588 3250 793 3305 scelera
832 3254 1074 3321 captivos
1105 3254 1275 3310 fuisse
1309 3258 1597 3324 abductos,
1644 3274 1836 3315 verum
1864 3262 1976 3316 Deo

403 3349 695 3407 annuente,
727 3343 845 3413 μετ’
866 3344 1021 3413 ὀλίγα
1055 3344 1173 3415 ἔτη,
1202 3345 1255 3399 id
1297 3356 1379 3401 est
1406 3357 1530 3417 pust
1565 3364 1766 3418 paucos
1802 3367 1975 3408 annos

402 3430 458 3487 in
511 3440 708 3486 terram
752 3434 1133 3502 promissionis
1171 3446 1452 3492 revocatos
1482 3452 1637 3507 esse;
1666 3452 1719 3495 at
1758 3452 1975 3513 propter

402 3538 599 3579 manus
627 3525 919 3595 sacrilegas
954 3526 1005 3579 in
1041 3525 1135 3582 Dei
1180 3526 1377 3582 Filium
1410 3528 1636 3599 injectas
1667 3532 1975 3602 illatamque

403 3622 629 3667 mortem
673 3615 1105 3680 acerbissimam,
1147 3617 1433 3675 damnatos
1482 3620 1735 3674 παντελεῖ
1768 3623 1972 3696 πορθή-

402 3718 507 3768 σει,
539 3704 763 3759 omnino
796 3706 1000 3761 ultimae
1030 3709 1410 3775 devaStationi,
1444 3710 1558 3765 sive
1590 3712 1668 3781 (ut
1711 3715 1971 3782 propheta

334 3872 335 3875 η
398 3792 662 3852 Jeremias
693 3796 837 3868 luget
882 3797 1186 3857 Lam’entat.
1235 3816 1330 3856 seu
1365 3802 1567 3857 Thrcn.
1604 3821 1641 3869 ι,
1678 3821 1726 3857 v.
1756 3805 1842 3873 Η)
1874 3808 1973 3862 (1³-

402 3896 487 3944 tos
512 3887 565 3941 in
598 3903 842 3954 manum,
866 3890 933 3943 de
961 3904 1069 3959 qua
1102 3905 1210 3944 non
1251 3900 1507 3961 poterunt
1540 3895 1967 3965 surgere.Nilus

399 3978 667 4033 exclamat
703 3998 715 4032 :
762 3980 889 4035 Ἰδοὺ
922 3980 1107 4036 λοιπὸν
1144 3986 1593 4038 πεντακοσιοάτὸν
1617 3987 1735 4051 ἔτος
1755 4004 1768 4021 ·
1803 3990 1852 4041 id
1883 4000 1967 4045 est

400 4067 485 4125 En
542 4070 801 4140 deinceps,
854 4071 931 4126 vel
958 4073 1187 4143 reliquus
1242 4084 1340 4139 est,
1382 4084 1475 4130 aut
1507 4088 1741 4148 superest
1793 4097 1965 4135 annus

397 4161 859 4232 quingentesimus,
904 4179 1009 4219 non
1040 4166 1185 4235 quod
1218 4168 1464 4235 expletus
1498 4178 1661 4234 esset,
1700 4172 1792 4226 sed
1823 4174 1969 4242 quod

402 4262 718 4322 properaret
778 4270 808 4307 a
855 4255 1391 4326 quadringentesimo
1453 4259 1520 4313 ad
1598 4262 1967 4332 quingentesi-

402 4357 573 4406 mum,
627 4341 741 4397 sive
795 4352 1051 4412 quartum
1108 4347 1365 4400 sarculum
1418 4348 1725 4405 absolutum
1776 4354 1968 4411 decur-

2082 1888 2310 1957 passim,
2346 1888 2543 1941 mentis
2574 1887 2855 1955 pabulum,
2907 1886 2961 1939 id
2988 1896 3067 1941 est
3091 1887 3497 1941 meditationem
3555 1904 3667 1943 non

2079 1979 2338 2042 deseruit,
2378 1979 2511 2046 quin
2554 1978 2681 2033 cibo
2727 1978 2822 2031 illo
2859 1978 3040 2031 solido
3092 1978 3352 2047 pascebat
3389 1979 3668 2040 animum,

2088 2078 2141 2123 et
2167 2070 2507 2140 promulside
2532 2069 3073 2138 degustahatteterna
3093 2069 3443 2123 beatitudinis
3470 2071 3668 2141 volup-

2081 2166 2299 2227 tathue
2340 2159 2766 2230 perfundebatur
2794 2160 3046 2222 aetherea,
3074 2160 3526 2227 contemplationi
3555 2177 3666 2215 cu!-

2080 2252 2198 2304 lesti
2279 2250 2582 2319 saepissime
2636 2248 2909 2311 addictus,
2964 2248 3017 2301 in
3095 2263 3205 2317 qua
3271 2250 3669 2303 exardescebat

2080 2344 2293 2411 igneus,
2326 2350 2380 2394 et
2409 2338 2663 2409 quamvis
2710 2338 2772 2392 in
2800 2339 2967 2393 terris
2989 2340 3233 2409 degeret,
3262 2339 3521 2394 evolabat
3546 2357 3666 2395 ere.

2081 2432 2231 2486 hrius
2261 2432 2325 2486 all
2356 2431 2579 2493 coelum,
2608 2430 2751 2484 unde
2776 2429 3031 2499 praevius
3054 2444 3145 2499 res
3169 2438 3282 2483 tam
3313 2430 3367 2483 in
3391 2429 3667 2499 epistolis,

2077 2538 2241 2592 quam
2275 2522 2328 2575 in
2361 2522 2684 2575 tractatibus
2707 2522 2869 2575 verba
2902 2534 3009 2574 non
3045 2520 3214 2574 invita
3248 2521 3665 2588 sequebantur;

2077 2616 2333 2668 visitahat
2368 2613 2623 2683 frequens
2653 2613 2779 2668 loca
2799 2611 3003 2667 Christi
3038 2610 3250 2665 Domini
3286 2611 3535 2681 vestigiis
3562 2614 3665 2667 cal-

2076 2718 2219 2771 cata,
2280 2717 2334 2760 et
2393 2720 2550 2760 sacro
2606 2720 2799 2760 cruore
2853 2719 3100 2773 respersa
3139 2704 3381 2758 :vicinia
3443 2720 3662 2773 nempe.

2048 2808 2305 2863 ‘mosque
2333 2794 2542 2864 priscus
2590 2810 2723 2848 eum
2745 2793 3054 2859 alliciebat;
3094 2794 3396 2847 inoleverat
3459 2795 3661 2862 quippe

2076 2886 2414 2940 consuetudo
2439 2884 2711 2939 invisendi
2746 2884 3208 2953 Hierosolymam,
3241 2899 3273 2938 e
3299 2895 3491 2939 sancto
3522 2883 3659 2938 Gre-

2048 3014 2051 3015 ν
2075 2976 2226 3045 gorio
2252 2974 2520 3046 Nysscno,
2549 2984 2623 3029 etv
2648 2974 2865 3044 Magno,
2885 2977 2975 3044 qui
3030 2975 3318 3043 hucusque
3376 2977 3657 3045 perdurat.

2080 3067 2231 3122 Videt
2254 3067 2435 3123 Grets.
2466 3066 2544 3121 De
2572 3068 2889 3135 peregrinat.
2935 3063 3293 3136 lnitiatusque
3320 3068 3659 3139 presbwa-

2080 3157 2387 3228 tui,>100
2432 3157 2605 3211 sacris
2647 3157 2822 3220 litare,
2864 3150 3048 3209 divina
3081 3171 3316 3227 pangere
3352 3160 3656 3227 praeconia.

2078 3249 2398 3312 monachos,
2465 3256 2521 3302 et
2574 3261 2768 3302 omnes
2825 3247 3074 3316 populos,
3149 3261 3538 3318 magnetesque
3589 3252 3659 3303 asl

2081 3339 2283 3393 Christi
2306 3352 2547 3391 antorem
2572 3338 2830 3403 excitare,
2860 3338 3045 3391 laudes
3069 3338 3190 3407 ejus
3219 3340 3506 3394 decantare
3540 3357 3657 3394 non

2080 3428 2329 3485 cessabat
2358 3444 2455 3498 per
2486 3443 2660 3482 annos
2689 3427 2779 3483 40.
2812 3426 2908 3482 Est
2953 3428 3007 3481 in
3044 3429 3252 3483 honore
3277 3430 3358 3482 hic
3380 3445 3653 3486 numerus

2079 3518 2570 3590 quadragenarins,
2598 3532 2759 3585 quem
2791 3515 3041 3571 Christus
3056 3517 3261 3586 jejunio
3285 3519 3647 3588 quadraginta

2076 3611 2289 3664 dierum
2317 3609 2629 3664 decoravit:
2674 3608 2724 3661 id
2755 3607 3066 3662 observavit
3094 3608 3327 3680 Moyses.
3360 3620 3657 3680 postquam

2077 3701 2259 3754 divina
2284 3698 2369 3755 lex
2421 3698 2665 3768 ingressa
2696 3708 2795 3753 est
2824 3698 2879 3751 in
2907 3700 3094 3754 orbem
3148 3709 3458 3767 terrarum;
3508 3703 3659 3760 Etias

2077 3803 2143 3842 eo
2171 3788 2387 3843 dierum
2424 3802 2653 3843 numero
2698 3786 2867 3841 Deum
2908 3804 3177 3858 quaerens,
3220 3791 3339 3854 ejus
3386 3792 3656 3846 visionem

2077 3888 2407 3934 consecutus
2435 3887 2537 3943 est,
2576 3886 2635 3931 ut
2663 3877 2895 3931 orabant
2919 3880 3094 3933 sancti
3124 3882 3484 3951 quadraginta
3510 3899 3659 3935 mar-

2080 3983 2223 4043 tyrcs
2251 3974 2303 4028 in
2328 3982 2524 4041 stagno
2551 3974 2725 4043 rigido
2766 3973 2856 4027 die
2894 3974 2929 4028 9
2956 3973 3132 4028 Martii
3164 3976 3268 4029 suit
3318 3975 3531 4029 Licinio
3554 3977 3659 4027 im-

2076 4074 2344 4134 peratore.
2390 4066 2470 4119 lta
2517 4073 2639 4134 post
2690 4078 2959 4119 annorum
3015 4066 3373 4135 quadraginta
3417 4069 3656 4135 spatium

2056 4170 2297 4217 sanctus
2354 4158 2516 4215 Nilus
2565 4174 2823 4215 coronam
2872 4163 3083 4231 accepit
3111 4161 3477 4217 confessionis
3516 4177 3657 4222 sure.

2075 4265 2262 4327 totque
2314 4254 2621 4311 facinorum
2668 4256 3035 4325 egregiorum,
3077 4266 3134 4311 et
3182 4257 3467 4321 virtutum,
3515 4273 3660 4326 quas

2069 4348 2181 4417 jam
2216 4346 2520 4416 percensui,
2553 4346 2853 4416 praesertim
2884 4347 3212 4411 tolerantiae;
3246 4362 3424 4416 neque
3462 4349 3661 4402 dubito

404 4441 546 4487 reret
602 4432 669 4488 ad
708 4434 981 4504 quintum,
1026 4435 1173 4506 quod
1224 4437 1495 4505 instabat;
1558 4457 1683 4498 nam
1721 4446 1872 4512 vixit,
1908 4458 1968 4503 ut

2079 4440 2226 4509 quin,
2256 4454 2376 4508 quae
2409 4444 2630 4492 voverat
2658 4436 2889 4507 jejunis,
2920 4445 2975 4491 et
2998 4437 3285 4492 δουλείαν
3307 4439 3661 4505 ἐγκρατείας

398 4525 595 4595 saepius
627 4525 759 4594 dixi,
793 4536 846 4582 et
874 4544 937 4582 ex
968 4529 1191 4598 epoehis
1220 4529 1552 4599 prmfecturee
1603 4550 1667 4590 ac
1701 4537 1969 4596 incursio-

398 4623 482 4677 nis
517 4631 746 4687 constat,
776 4621 1263 4693 Ewg‘Mapxtan/oﬁ,
1312 4641 1481 4696 usque
1515 4627 1583 4683 ad
1606 4627 1969 4701 Marcianum,

397 4716 488 4785 qui
549 4716 863 4785 auspicatus
892 4726 974 4773 est
1002 4719 1365 4788 principatum
1402 4736 1544 4778 anno
1591 4722 1792 4780 Christi
1839 4728 1964 4783 451.

399 4804 513 4874 Ipse
534 4805 779 4876 profecto
804 4807 1055 4875 Allatius,
1086 4826 1141 4879 p.
1170 4810 1256 4877 14,
1287 4810 1485 4869 ibidem
1516 4817 1761 4885 agnoscit
1784 4814 1965 4873 Nilum

398 4912 688 4967 usurpasse
734 4916 1019 4956 numerum
1057 4902 1325 4973 integrum
1394 4915 1448 4960 et
1494 4907 1822 4977 completum
1868 4925 1971 4979 pro

397 4991 725 5061 incompleto
777 5002 939 5064 atque
984 5004 1258 5063 truncato,
1299 5007 1358 5051 ut
1403 4997 1751 5069 adjunctione
1800 5003 1964 5059 simili

395 5081 711 5136 conciliaret
759 5081 1153 5138 incrementum
1202 5096 1390 5142 contra
1442 5087 1658 5146 Judatos
1709 5107 1823 5147 suae
1871 5094 1966 5149 de-

396 5169 795 5234 monstrationi,
826 5169 984 5239 cujus
1016 5172 1263 5243 exempla
1297 5174 1350 5227 in
1385 5176 1558 5232 sacris
1603 5192 1820 5248 quoque
1852 5179 1967 5233 Lit-

396 5260 525 5314 teris
554 5258 859 5331 frequentia
886 5271 1045 5329 sunt;
1080 5278 1180 5319 nec
1213 5272 1367 5321 vacat
1393 5266 1654 5325 inhaerere
1673 5270 1878 5327 diutius
1911 5273 1967 5329 in

396 5349 534 5415 istis,
568 5353 650 5407 vel
684 5351 951 5420 refellere,
979 5355 1123 5427 quod
1149 5356 1378 5417 Allatius
1402 5368 1557 5428 putat
1583 5376 1758 5417 annos
1786 5363 1969 5434 trigin-

396 5455 447 5497 ta
478 5444 580 5497 sub
618 5448 882 5515 magistro
917 5446 1311 5519 Chrysostomo
1361 5467 1541 5507 mores
1571 5452 1636 5507 ad
1684 5456 1966 5510 mollitiem

392 5530 620 5586 idoneos
653 5535 891 5599 exuisse,
926 5545 1055 5603 etc.,
1078 5552 1201 5591 cum
1251 5539 1451 5594 sederit
1499 5539 1965 5610 Constantinopoli

391 5630 618 5680 sanctus
649 5625 1070 5699 Chrysostomus
1099 5645 1277 5685 annos
1309 5632 1655 5701 novem‘plus
1686 5634 1887 5695 minus,
1917 5642 1970 5688 et

395 5710 742 5771 Antiochiam
772 5718 948 5772 Nilum
1000 5721 1304 5790 profectum
1337 5721 1506 5778 fuisse
1555 5724 1621 5777 ad
1669 5738 1793 5778 cum
1826 5722 1967 5778 invi-

2075 4535 2171 4589 καὶ
2197 4534 2305 4602 τῆς
2339 4534 2537 4603 ἄλλης
2566 4533 2968 4597 κακοπαθειας
3017 4533 3317 4599 σκληρὰν,
3348 4534 3402 4586 id
3426 4543 3510 4587 est
3544 4551 3659 4587 ser-

2073 4628 2287 4680 vitutem
2319 4625 2697 4693 temperantice,
2732 4632 2780 4677 et
2806 4624 3029 4677 alterius
3072 4624 3364 4693 aﬂlictiouis
3389 4627 3658 4677 casteria-

2073 4733 2183 4771 rem
2210 4717 2491 4786 peregerit.
2536 4715 2700 4768 Multa
2750 4715 2903 4770 illius
2932 4730 3133 4786 genera
3158 4708 3322 4785 supra
3368 4730 3493 4784 pag.
3547 4716 3661 4769 660

2074 4808 2276 4870 notavi,
2300 4816 2355 4862 et
2380 4806 2705 4861 crediderim
2741 4804 3036 4860 fuisserista
3062 4805 3369 4864 verberum.
3401 4806 3521 4860 sive
3554 4806 3658 4859 na.

2073 4899 2358 4970 gallorum,
2384 4914 2519 4966 quae
2547 4897 2851 4952 immiuerat
2868 4896 3011 4966 apud
3032 4896 3337 4967 =£gyptios
3352 4897 3546 4963 etiam,
3578 4899 3659 4951 in-

2070 4991 2679 5049 eussionemfaihdius
2701 4995 2821 5059 ejus
2842 4990 3405 5060 meminitepiscopus
3419 4987 3658 5043 ιιειρηο.

2074 5086 2368 5154 politanus,
2394 5085 2489 5139 lib.
2512 5098 2610 5138 vttt
2644 5082 2749 5137 Vit.i
2773 5083 2924 5138 Patr.
2954 5096 3077 5154 pag.
3098 5083 3351 5147 Ἡόι-ιιὺὶ
3372 5081 3653 5135 Rosweid.

2072 5177 2250 5233 Grets.
2283 5180 2336 5231 et
2363 5177 2557 5231 Rader.
2591 5175 2826 5232 Ioannes
2857 5177 3132 5232 Climaeus
3152 5191 3281 5244 cup.
3304 5177 3339 5230 5
3366 5174 3441 5228 De
3480 5176 3653 5243 peni-

2075 5267 2237 5320 tentia
2272 5281 2388 5331 eos,
2429 5267 2522 5337 qui
2553 5266 2897 5337 ἀποροῦντες
2930 5275 3097 5321 erant
3130 5264 3382 5335 δακρύων
3411 5266 3655 5333 (scribit)

2074 5359 2301 5420 ἑαυτθὺς
2346 5357 2727 5421 κατέκοπτον,ι
2759 5359 2850 5427 qui
2892 5367 3290 5426 nonpoteraut
3337 5356 3653 5425 Iacrymari,

2074 5451 2396 5520 semetipsos
2422 5450 2799 5505 discindebant
2824 5448 3073 5520 ﬂagellis,
3100 5456 3167 5503 ut
3188 5450 3333 5503 Elias
3372 5448 3657 5503 Cretensis

2073 5558 2134 5597 ex
2144 5543 2542 5614 ponit,éau-.oit;
2558 5542 2869 5612 πληκτικῶς
2888 5542 3141 5612 βάλλοντε
3152 5544 3293 5604 ;,καὶ
3302 5542 3649 5611 πλήττοντες.

2076 5637 2280 5705 seipsos
2310 5635 2556 5690 feriendo
2588 5634 2967 5704 percutientcs,
3006 5642 3172 5704 atque
3194 5634 3339 5687 adeo
3371 5633 3649 5692 ferientes.

2076 5728 2220 5797 quod
2242 5743 2371 5783 eum
2392 5725 2513 5782 Nilo
2536 5742 2632 5797 per
2654 5736 2866 5783 aetatem
2899 5726 3038 5783 foret
3063 5726 3252 5782 durius
3301 5734 3465 5795 atque
3490 5739 3653 5795 aspc-
