3898 6196
345 198 485 269 1429
1661 209 1757 269 DE
1787 212 1904 271 Vl'I

2007 213 2061 270 S.
2106 208 2289 270 NlLI.
3462 196 3597 260 1430

343 313 479 377 rius,
510 310 708 380 partim
741 310 913 365 voluit
935 308 1122 378 junior
1147 316 1201 363 et
1223 308 1451 365 validior
1476 309 1789 369 Theodulus
1818 331 1908 369 su—
1938 323 1981 377 Α
2011 325 2160 385 pacta
2189 313 2406 368 luerunt
2441 313 2493 366 in
2523 325 2616 365 eos
2643 309 2825 371 omnia
2852 305 2957 361 Nili
2984 306 3158 377 Opera
3182 307 3205 359 ?
3231 321 3298 360 an
3332 306 3443 361 duo
3473 315 3596 383 tau-

340 402 459 455 bire
476 416 541 455 ac
560 401 784 471 exsequi
804 416 935 465 ;nec
958 401 1104 455 enim
1125 409 1333 455 tantum
1358 401 1496 469 Περὶ
1519 400 1629 470 τῆς
1652 405 1907 458 κατανύ-

342 488 488 555 ξεως
511 478 741 558 ψυχῆς,
774 490 825 544 id
852 498 958 555 est,
1000 489 1078 544 De
1107 492 1497 560 compunctione
1526 494 1738 559 animle,
1758 494 1911 549 Nilus

340 580 579 648 scripsit,
617 590 675 632 ut
695 579 807 647 jam
845 578 1075 634 iudicavi
1107 596 1227 651 pag.
1257 581 1361 635 637
1384 583 1686 650 superioris
1713 586 1912 641 Indicis

341 671 640 736 librorum;
690 671 781 724 sed
835 680 890 725 et
934 671 1001 726 de
1050 664 1299 742 corporis
1348 675 1713 729 maceratione
1758 675 1913 732 Nilus

342 770 537 817 tractat
567 763 788 830 copiose
818 763 871 816 in
898 763 1149 832 epistola,
1175 780 1338 834 quam
1372 766 1521 821 dedit
1550 767 1618 821 ad
1648 765 1915 822 Thauma-

338 853 485 906 sium
516 854 863 918 monachum,
895 869 1018 924 quae
1042 855 1133 909 lib.
1163 857 1198 910 5
1259 865 1578 911 numeratur
1603 860 1692 922 55,
1718 866 1828 913 tum
1858 860 1914 913 in

340 944 469 1019 alia,
496 959 617 1013 qua:
646 945 964 1001 inscribitur
991 945 1226 1001 Charicli
1268 948 1583 1019 presbytero
1605 950 1791 1005 eodem
1820 951 1912 1005 lib.

341 1049 435 1111 tu,
459 1050 516 1088 η.
541 1033 673 1099 245,
701 1020 791 1088 ubi
822 1034 958 1102 Περὶ
982 1034 1102 1088 τῶν
1120 1036 1652 1105 κατανενυγμένων
1695 1039 1916 1093 conclu-

340 1124 465 1188 dit;
503 1133 556 1178 et
609 1124 825 1177 demum
872 1116 932 1177 in
981 1124 1073 1177 lib.
1117 1140 1167 1178 Iv
1196 1124 1442 1193 epistolis
1485 1126 1553 1181 de
1597 1125 1918 1188 κατανύξει

341 1213 611 1282 discipulo
642 1204 867 1268 directis
890 1214 1018 1278 1,2,
1055 1216 1110 1279 δ,
1136 1216 1190 1279 ι,
1222 1215 1276 1279 5,
1304 1216 1358 1270 6.

412 1304 490 1359 Ex
538 1305 646 1359 illis
693 1306 937 1374 epistolis
980 1306 1587 1377 pellucidecolligitur,
1638 1307 1816 1361 Nilum
1847 1306 1916 1360 ab

339 1396 613 1465 episcopis
639 1396 948 1451 consultum
1002 1405 1059 1451 et
1101 1399 1170 1453 ab
1204 1399 1385 1454 omnis
1409 1399 1546 1453 artis
1568 1458 1569 1461 η
1590 1398 1917 1468 professori-

343 1486 467 1551 bus,
506 1474 777 1556 'pra:clare
805 1488 998 1555 pieque
1022 1488 1389 1558 respondisse,
1422 1503 1522 1543 nec
1560 1490 1785 1545 dubium
1810 1497 1915 1554 est,

344 1580 521 1647 ipsum
551 1580 752 1635 divinis
778 1580 833 1633 in
865 1580 1115 1635 laudibus
1145 1580 1439 1634 assiduum.
1458 1579 1651 1643 fuisse,
1679 1582 1920 1637 tandem—

2018 416 2129 460 tum
2160 412 2316 458 erant
2347 402 2493 463 libri,
2544 400 2634 469 qui
2675 407 2945 453 tomorum
3005 397 3159 451 titulo
3197 397 3598 479 designantur?

2016 497 2081 551 Β.
2118 496 2178 550 Ρ.
2226 494 2410 553 Labbc
2448 492 2737 546 Societatis
2770 476 3444 569 Jesu,,Tom.lll,vpiii%
3476 487 3594 540 Dis-

2013 597 2140 642 sert.
2202 587 2425 653 tlieolog.
2480 585 2532 638 in
2564 583 2704 638 hanc
2730 583 3051 637 sententiam
3083 580 3302 651 scribit:
3347 599 3363 631 ι
3400 579 3594 633 Omnia

2013 675 2116 729 Nili
2158 676 2420 745 opuscula
2472 674 2710 726 nondum
2746 669 3036 742 quisquam
3090 670 3142 722 iu
3197 684 3360 722 unum
3397 684 3595 736 corpus

2015 768 2254 835 redegit;
2306 765 2451 835 quod
2503 763 2680 817 luerat
2731 762 3027 833 optandum
3080 756 3132 814 in
3168 759 3281 814 νγ.
3314 759 3417 813 ΡΡ.
3464 760 3592 814 edit.

2013 856 2300 912 Colonien.
2342 863 2396 909 et
2428 851 2696 908 Parisien.
2730 850 3004 907 Biblioth.
3054 851 3315 919 Pleraque
3347 849 3459 919 jam
3499 865 3597 903 cx-

2015 959 2179 1013 staut,
2210 948 2311 1002 alia
2343 947 2676 1021 reperientur
2703 945 2756 998 in
2785 944 3062 1007 Bavarica,
3096 938 3389 1013 Vaticana,
3434 961 3452 992 ι
3488 939 3591 995 etc.

2010 1040 2373 1109 _Alphabetum
2400 1037 2614 1093 abbatis
2636 1035 2779 1100 Nili,
2822 1051 2932 1105 quo
2956 1036 3244 1089 erudiebat
3274 1028 3595 1105 monachos

2017 1146 2145 1185 suos
2176 1130 2242 1183 ad
2280 1128 2610 1199 symbolicas
2644 1128 2946 1183 locutiones
2984 1129 3164 1196 lingua
3197 1122 3480 1196 Copthica,
3514 1126 3595 1179 iu-

2016 1220 2218 1274 dicavit
2254 1218 2384 1272 mihi
2416 1219 2479 1272 R.
2518 1216 2838 1287 P.Kircher
2862 1217 3252 1289 amicissimus.
3298 1227 3351 1289 et
3384 1202 3595 1295 lingua-

2017 1326 2138 1363 rum
2173 1309 2563 1379 peritissimus,
2590 1324 2653 1364 ex
2679 1324 2853 1378 eoque
2884 1308 3139 1363 idiomate
3178 1323 3501 1385 conversum
3538 1309 3593 1361 iu

1996 1402 2278 1471 ,Graicum.
2301 1402 2422 1455 fuit.
3294 1390 3299 1397 ’

2064 1494 2143 1552 .lu
2179 1494 2464 1563 Ilorologio
2496 1491 2677 1548 Crwco
2707 1492 2853 1547 edito
2881 1490 3313 1563 Venetiisi565,
3358 1492 3409 1544 in
3444 1492 3591 1547 deci-

2021 1600 2111 1639 mo
2141 1594 2315 1646 sexto,
2352 1584 2420 1638 ad
2451 1583 2693 1645 diem]?-
2720 1581 3042 1652 Novembris
3070 1581 3230 1653 :_Tor')
3264 1583 3439 1636 ὁσίου
3478 1587 3593 1636 Πα-

339 1685 450 1738 que
482 1672 535 1723 in
565 1681 750 1726 monte
777 1670 908 1725 Sina
944 1672 1289 1739 grandaevum
1331 1672 1508 1727 vivere
1533 1672 1791 1727 desiisse:
1820 1673 1904 1727 diu

2024 1674 2162 1742 τρὸς
2192 1673 2360 1742 ἡμῶν
2380 1672 2600 1725 Νείλου
2629 1660 2975 1735 κατάλυσις
3001 1671 3172 1723 οἴνου
3229 1670 3325 1723 καὶ
3362 1671 3590 1743 ἐλαίου.

337 1761 486 1814 enim
522 1761 674 1825 vixit,
703 1762 793 1831 qui
824 1763 963 1815 bene
992 1761 1155 1823 vixit;
1200 1761 1340 1815 sicut
1376 1760 1481 1817 Job
1521 1762 1705 1817 Omnia
1734 1763 1917 1831 dupli-

341 1850 424 1904 cia
474 1852 612 1905 bona
665 1850 1186 1919 post.teutationem
1233 1852 1476 1920 accepit,
1522 1852 1599 1907 ita
1645 1852 1914 1920 duplicem

342 1940 497 1995 Nilus
535 1942 762 2009 gratiam
798 1940 1023 2009 adeptus
1050 1955 1173 1995 cum
1209 1940 1569 2011 ferebatque
1602 1943 1768 1997 vitam
1791 1957 1916 1998 san-

339 2020 485 2084 ctam
517 2024 889 2099 trausegisset,
918 2045 1039 2085 cum
1070 2031 1221 2094 aliis,
1244 2031 1355 2084 lilio
1378 2033 1606 2097 scilicet,
1647 2041 1702 2086 et
1727 2047 1916 2087 mona-

338 2121 460 2176 chis
489 2120 869 2175 exercentibus
886 2135 1008 2174 sese
1033 2121 1217 2182 simul,
1240 2122 1296 2173 in
1327 2130 1525 2175 aaterna
1547 2122 1716 2190 gloria
1744 2122 1917 2176 victu-

341 2210 537 2274 rus,ad
552 2224 642 2262 an.
658 2208 860 2263 Christi
890 2209 1117 2265 4505M
1138 2211 1259 2272 451,
1284 2220 1447 2279 atque
1470 2212 1558 2264 ubi
1584 2214 1685 2265 tria
1717 2212 1914 2266 saecula

340 2295 674 2364 perfecisset,
703 2296 930 2350 sivetres
946 2304 1133 2359 aetates
1162 2296 1310 2367 (nam
1338 2296 1594 2365 quaelibet
1620 2299 1803 2365 γενεά,
1818 2312 1913 2351 seu

340 2394 471 2441 :etas
490 2386 706 2456 triginta
715 2386 955 2440 continet
969 2387 1187 2457 annos),
1207 2388 1421 2443 transiit
1435 2389 1501 2443 ad
1516 2388 1703 2444 cadica
1719 2390 1914 2459 gaudia

342 2476 515 2533 Nilus.
541 2478 731 2533 relicto
752 2475 1052 2541 Theodulo,
1065 2478 1156 2547 qui
1188 2487 1465 2546 parentem
1492 2478 1751 2541 imitatus,
1773 2479 1914 2547 jam-

340 2585 449 2639 que
484 2568 689 2630 τέλειος
716 2567 1040 2638 καλόγηρος,
1080 2567 1354 2635 perlectus
1387 2583 1578 2633 senex,
1627 2584 1692 2624 ac
1720 2583 1912 2643 mona-

341 2662 479 2718 chus
502 2662 695 2731 ptenus
729 2662 944 2716 dierum
998 2676 1065 2716 ac
1093 2663 1435 2726 meritorum,
1480 2663 1652 2730 patris
1699 2662 1913 2731 regulas

336 2754 639 2808 observans
691 2760 747 2807 et
767 2752 993 2817 monita,
1024 2751 1271 2821 ieiuniis,
1302 2752 1664 2817 orationibus,
1698 2767 1764 2807 ac
1783 2752 1913 2806 divi-

337 2846 428 2900 nis
453 2845 725 2915 alloquiis,
754 2853 809 2899 et
835 2844 1109 2899 exercitiis
1136 2845 1399 2908 intentus,
1434 2844 1670 2913 denique
1696 2844 1910 2913 requie-

339 2934 416 2989 vit
441 2934 602 2990 etiam
631 2935 684 2988 in
715 2949 867 3004 pace.

407 3045 579 3099 Ambo
611 3045 666 3098 in
696 3052 889 3117 monte
920 3043 1047 3098 Sina
1083 3042 1446 3113 exspirarunt.
1472 3042 1717 3113 Deposita
1741 3053 1792 3097 et
1825 3053 1906 3098 tu-

339 3114 541 3188 mulata
572 3114 1054 3209 fuerunt,701ac
1088 3132 1217 3209 inde
1241 3131 1769 3201 Constantinopolim
1805 3132 1907 3187 sub

330 3226 567 3295 iuniore,
600 3241 695 3280 seu
746 3204 1048 3293 posteriore
1074 3220 1290 3279 Iustino
1326 3212 1653 3292 imperatore
1703 3223 1767 3275 ad
1805 3237 1904 3275 an-

334 3331 463 3368 num
496 3315 597 3369 567
629 3315 688 3368 P.
728 3314 797 3368 Μ.
834 3314 1115 3383 deportata
1140 3312 1379 3387 corpora
1400 3312 1666 3381 ipsorum,
1693 3320 1747 3364 et
1774 3311 1906 3365 alio-

336 3420 455 3457 rum
497 3414 809 3458 sanctorum
834 3402 1223 3456 monachorum
1255 3390 1585 3463 ascetarum,
1615 3408 1673 3451 ut
1702 3408 1904 3452 testan-

332 3502 424 3546 tur
459 3492 631 3546 (ἓηοὶ
659 3491 949 3559 scriptores
978 3488 1289 3558 Menologii,
1319 3497 1373 3540 et
1417 3485 1776 3554 Nicephorus,
1807 3486 1902 3540 lib.

334 3580 534 3633 Eccles.
577 3579 781 3634 Histor.
823 3594 932 3640 xw,
974 3592 1023 3631 e.
1075 3576 1162 3628 Μ.
1203 3575 1356 3628 Libet
1395 3581 1541 3627 nunc
1597 3574 1902 3639 adnectere,

334 3684 457 3739 qua:
490 3672 742 3739 leguntur
778 3669 833 3721 in
867 3666 1109 3721 Romano
1143 3650 1527 3735 Mrirtyrologio
1566 3665 1737 3734 pridie
1776 3666 1903 3720 ldus

334 3757 677 3824 Novembris,
730 3773 825 3812 seu
858 3757 959 3831 die
982 3756 1304 3809 duodecimo
1332 3771 1346 3807 :
1391 3774 1409 3807 ι
1436 3742 1902 3825 Constantinopoli

337 3850 511 3906 sancti
544 3847 649 3903 Nili
680 3848 917 3911 abbatis,
974 3850 1067 3917 qui
1119 3862 1183 3901 ex
1236 3845 1488 3916 praefecto
1522 3836 1681 3901 urbis
1727 3846 1903 3903 factus

338 3941 636 4009 monachus
711 3942 813 3996 sub
874 3939 1183 3995 Theodosio
1235 3939 1480 4006 Juniore,
1540 3928 1786 3993 doctrina
1847 3948 1904 3993 et

336 4034 620 4088 sanctitate
641 4032 872 4098 claruit;
897 4031 1027 4103 subi
1044 4030 1331 4085 cardiualis
1352 4030 1647 4096 Baronius;
1675 4028 1901 4084 Michael

333 4120 583 4177 Neander
612 4120 974 4185 Soraviensis,
997 4130 1282 4189 suspectus
1305 4122 1429 4197 licet
1460 4129 1673 4189 auctor,
1697 4122 1749 4175 in
1780 4137 1898 4177 me-

334 4214 563 4283 nologio.
606 4213 882 4268 Basiliano
938 4214 996 4267 Β.
1074 4212 1251 4283 Nilum
1310 4222 1575 4268 memorat
1645 4215 1700 4267 iu
1765 4216 1899 4269 urbe

2020 1766 2354 1820 Κοντὰκιον
2385 1763 2489 1816 τοῦ
2522 1764 2720 1826 ὁσίου,
2738 1758 2888 1830 ἦχος
2917 1765 3020 1813 πλ.
3051 1761 3088 1812 δ
3107 1780 3120 1792 ο
3158 1760 3236 1828 Τῇ
3270 1759 3594 1835 ὐπερμάχῳ

2020 1854 2331 1923 στρατηγῷ
2375 1852 2483 1919 τὰς
2519 1838 2924 1933 φρυγανῴδςις
2948 1850 3084 1921 »τῶν
3114 1851 3321 1905 παθῶν
3362 1852 3483 1904 τῶν
3522 1852 3590 1903 ἐκ

2017 1946 2124 2000 τοῦ
2145 1944 2419 2013 σώματος
2452 1943 2916 2019 ἐπαναστάσεις,
2938 1940 3251 2021 τμητικῶς,
3277 1942 3452 2020 Νεῖλε
3474 1958 3591 2019 μα-

2017 2036 2203 2103 κάριε,
2216 2036 2288 2088 ἐν
2313 2035 2595 2103 ἁγρύπνῳ
2604 2049 2724 2111 σου
2739 2022 3094 2105 συνέκοψας
3118 2034 3495 2109 ἱκεσίᾳῇἁλχ
3510 2034 3590 2097 ὠς

2014 2125 2171 2193 ἔχων
2191 2126 2532 2191 παρρησίαν
2556 2124 2707 2191 πρὸς
2730 2124 3077 2191 τὸνλΚύριον
3104 2123 3174 2175 ἐκ
3193 2125 3493 2175 παντοίων
3513 2140 3589 2191 με

2015 2213 2312 2266 κινδύνων
2327 2213 2755 2280 ὲλευθέρωσον,
2792 2213 2892 2279 ἵνα
2912 2210 3097 2280 κράζω
3112 2228 3212 2267 σοι
3236 2230 3248 2243 ·
3266 2210 3586 2284 »Χαίροι[ςι,

2015 2302 2208 2369 Πάτερ
2259 2304 2615 2371 παγκόσμιε,
2671 2303 2723 2357 id
2778 2312 2880 2369 est,
2936 2311 2997 2357 ut
3061 2303 3407 2379 interpretor,
3464 2301 3589 2377 Nile

2015 2393 2161 2447 beate
2217 2394 2272 2444 in
2324 2391 2469 2461 vigili
2522 2404 2611 2445 tua
2652 2393 3033 2460 supplicatione
3083 2392 3362 2445 concidisti
3408 2391 3585 2445 cresim

2014 2482 2217 2535 cremiis
2244 2482 2444 2534 similes
2471 2482 2903 2551 passiones,_qute
2926 2476 3257 2560 consurgunt
3276 2498 3303 2534 e
3335 2498 3548 2549 corpore
3564 2499 3585 2547 ;

2014 2590 2189 2627 verum
2217 2574 2295 2626 uti
2322 2573 2522 2640 pollens
2555 2560 2866 2641 auctoritate
2886 2562 3356 2645 apudVDominum,
3386 2590 3449 2627 ca:
3475 2591 3586 2627 om-

2013 2663 2216 2731 nigenis
2242 2663 2413 2716 libera
2442 2680 2521 2717 me
2544 2664 2815 2731 periculis,
2842 2674 2898 2717 ut
2924 2664 2992 2716 ad
3026 2674 3073 2717 te
3097 2664 3437 2739 proclamem,
3469 2664 3581 2718 sal-

2013 2770 2088 2819 ve,
2124 2752 2287 2807 Pater
2317 2754 2527 2807 omnino
2553 2754 2829 2808 adornate.
2859 2753 3201 2826 Quantopere
3219 2754 3461 2825 jucunda
3496 2771 3583 2811 es-

2011 2853 2094 2899 set
2131 2843 2331 2898 natalis
2360 2843 2533 2898 sancti
2564 2840 2674 2913 Nili
2709 2836 3035 2898 solemnitas‘
3070 2844 3155 2915 vel
3180 2844 3309 2898 hinc
3349 2846 3581 2914 conjice.

2011 2933 2155 3004 quod
2184 2934 2370 2986 vinum
2405 2933 2459 2985 in
2487 2948 2549 2986 ea
2608 2932 2899 3002 oleumque
2941 2932 3360 3003 distribueretur
3388 2949 3581 2989 mona-

2008 3027 2127 3083 chis
2159 3042 2190 3081 a
2238 3025 2621 3095 paracellariis,
2662 3034 2717 3079 et
2749 3024 3089 3092 Contacium,
3137 3035 3392 3097 tanquam
3434 3043 3580 3101 paea-

2008 3132 2077 3171 na
2107 3126 2385 3181 canerent,
2447 3118 2793 3185 sonitumque
2851 3116 3078 3185 plausus
3132 3117 3374 3189 ederent,
3422 3108 3582 3188 quasi

2007 3221 2265 3275 supremo
2288 3204 2573 3275 pugnatori
2600 3270 2606 3277 _
2626 3214 2680 3258 et
2701 3205 2980 3259 exercitus
2998 3206 3133 3275 duci
3159 3206 3472 3276 psallentes.
3500 3205 3577 3258 En

2005 3299 2166 3352 etiam
2201 3312 2232 3351 e
2266 3296 2470 3351 Menam
2497 3295 2754 3350 Biblioth.
2787 3296 3189 3359 BarbarinazM.
3214 3298 3290 3371 _S.
3323 3288 3443 3353 cod.
3474 3300 3574 3354 20!

2006 3403 2061 3455 p.
2094 3389 2220 3440 253.

2007 3476 2166 3546 702
2196 3477 2357 3542 Μηνὶ
2378 3478 2694 3545 Νοεμϐρίῳ.
2711 3484 2780 3529 ια’
2805 3480 3021 3553 ἡμέραν,
3037 3479 3242 3550 μνήμη
3273 3482 3378 3534 τοῦ
3404 3481 3578 3549 ἁγίου

2003 3565 2230 3632 Πατρός
2283 3564 2453 3633 ἡμῶν
2496 3565 2798 3632 Θεοδώρου
2838 3566 2943 3619 τοῦ
2972 3567 3323 3635 ,Στουδίτου
3351 3585 3363 3600 “
3398 3569 3450 3621 id
3494 3582 3578 3623 est

2007 3658 2189 3725 (sicut
2220 3658 2276 3711 in
2308 3657 2474 3724 edito)
2504 3657 2747 3712 :Mensis
2798 3656 3111 3712 Novembris
3165 3642 3443 3713 undecima
3488 3661 3575 3715 die

2005 3746 2257 3800 memoria
2284 3747 2454 3799 sancti
2486 3744 2673 3799 Patris
2700 3745 2953 3799 Theodori
2979 3732 3208 3813 Studita:
3230 3766 3250 3814 ;
3277 3756 3331 3802 et
3352 3748 3526 3819 p.256
3555 3769 3569 3804 :

2004 3835 2161 3904 Muri
2177 3836 2498 3904 Νοεμϐρίῳ,
2517 3833 2592 3899 ιβ’
2609 3834 2798 3903 ἡμέρᾳ
2807 3833 3013 3911 μνήμη
3034 3835 3323 3907 τοῦαγίου
3344 3839 3573 3907 Πατρός

2000 3925 2171 3998 ἡμῶν
2181 3927 2401 3981 Νείλου
2412 3925 2517 3995 τοῦ
2535 3926 2849 3999 Ἀσκητοῦο
2865 3926 2915 3981 id
2928 3938 3009 3982 est
3026 3945 3041 3985 :
3055 3927 3249 3989 Mensis
3263 3927 3568 3984 Novembris

2001 4022 2085 4075 die
2130 4020 2439 4074 duodecima
2490 4020 2741 4075 memoria
2797 4018 3194 4085 sancti,Patris
3256 4020 3572 4087 uostriNili

2000 4114 2385 4167 exercitatoris.

2079 4206 2373 4274 Αἴγυπτον
2407 4203 2570 4272 ἄρδει
2593 4205 2808 4275 Νεῖλος
2831 4220 2845 4234 ·
2877 4204 3170 4267 ἀλλὰκαὶ
3202 4206 3404 4287 atlan-

329 4282 930 4375 Constantinopolitana
987 4282 1260 4381 quondam
1330 4290 1647 4385 eparchum,
1709 4306 1762 4359 id
1815 4315 1897 4362 est

2072 4298 2284 4361 Λόγοις
2314 4295 2589 4364 κατάρδει
2609 4296 2705 4349 καὶ
2735 4294 2932 4369 θανὼν
2961 4295 3174 4360 Νεῖλος
3187 4282 3401 4365 μέγας.

331 4392 662 4463 ρτεεΐοοῑιιιηὶ
718 4395 947 4450 Sirletus
981 4396 1035 4449 in
1092 4394 1408 4465 Menologio,
1466 4396 1792 4452 Possevinus
1839 4399 1891 4452 in

329 4482 599 4549 Apparatu
617 4499 788 4549 sacro,
820 4482 1006 4539 Sixtus
1036 4485 1232 4538 Seuen.
1263 4483 1317 4536 in
1336 4482 1661 4538 Bibliotheca
1683 4496 1891 4550 sancta,

326 4569 617 4625 cardiualis
650 4570 1008 4626 Bellarmiuus
1038 4572 1114 4624 De
1142 4571 1482 4636 scriptoribus
1504 4572 1889 4637 ecclesiasticis,

325 4674 448 4729 pag.
481 4658 604 4737 123,
632 4660 896 4733 Simlerus
925 4660 978 4714 in
1002 4648 1245 4729 Epitome
1274 4660 1617 4716 Bibliotheca:
1645 4662 1891 4727 Gesneri,

325 4750 561 4820 suspecti
589 4750 787 4816 etiam;
826 4749 887 4803 P.
911 4750 1184 4806 Combelis
1213 4751 1281 4805 de
1314 4751 1665 4822 Cyriaeorum
1694 4754 1893 4808 immu—

325 4839 513 4904 nitate,
562 4857 616 4910 p.
672 4841 808 4909 127;
855 4840 1092 4896 Gretser.
1142 4840 1219 4894 De
1250 4858 1400 4895 cruce
1428 4842 1523 4896 lib.
1556 4856 1595 4906 ι»,
1641 4855 1765 4911 cap.
1798 4842 1897 4907 35,

325 4929 552 4987 Vossius
581 4931 675 5005 lib.
707 4948 768 4999 ιι,
796 4932 868 4986 De
896 4930 1280 4986 Ιιὸειονμϐιωε.
1305 4947 1324 4984 .·
1350 4931 1465 4986 Bail
1492 4933 1545 4987 iu
1570 4930 1891 4987 Bibliotheca

320 5023 612 5077 concinnat.
657 5040 714 5095 p.
751 5024 873 5077 196.
908 5021 1233 5087 Habediesu,
1267 5023 1615 5093 metropolita‘
1665 5024 1888 5088 Schem,

321 5112 612 5169 Latinitate
653 5115 885 5169 donatus
932 5114 1000 5168 ab
1026 5114 1334 5169 Abrahamo
1370 5113 1697 5180 Echellensi,
1754 5116 1887 5169 mihi

320 5206 448 5260 olim
474 5206 778 5277 peramico,
813 5205 864 5259 in
893 5204 1149 5283 catalogo
1187 5205 1446 5260 librorum
1481 5203 1883 5272 Chaldaeorum,

317 5297 409 5368 qui
442 5305 652 5367 prostat
685 5294 872 5350 Romae
906 5311 1049 5351 anno
1075 5295 1213 5351 1655
1262 5310 1499 5351 excusus
1541 5296 1594 5349 in
1626 5296 1884 5351 duodeci-

317 5405 427 5454 mo,
459 5405 512 5459 p.
540 5390 627 5453 41,
654 5388 855 5443 indicat
882 5387 1170 5459 Evagrium
1193 5389 1521 5444 monachum
1543 5388 1684 5443 duos
1707 5398 1884 5445 tomos

315 5470 710 5550 composuisse,
742 5488 797 5534 ut
827 5479 1005 5534 Nilum
1047 5480 1370 5536 monachum
1414 5480 1554 5535 duos
1588 5474 1882 5535 admirabi-

317 5569 423 5636 les,
454 5582 511 5625 ct
546 5586 785 5627 ercmum
821 5570 1035 5624 illorum
1072 5568 1241 5625 fuisse
1300 5563 1693 5626 LuciuamfAn
1727 5585 1877 5627 com-

2068 4388 2273 4442 Perluit
2303 4387 2574 4455 exundans
2606 4386 2897 4457 Egyptum
2930 4386 3110 4451 Nilus,
3146 4398 3199 4440 at
3230 4404 3433 4442 omnem

2068 4479 2309 4541 Mortuus
2334 4478 2420 4531 hic
2455 4476 2614 4531 Nilus
2646 4476 2974 4531 sermonibus
3004 4476 3197 4546 irrigat
3226 4476 3424 4543 orbem.

1996 4569 2184 4638 Οὗτος
2200 4571 2390 4638 πολὺς
2416 4573 2485 4624 ἐν
2508 4571 2706 4638 λόγοις
2739 4570 2836 4625 καὶ
2857 4570 2927 4622 ἐν
2945 4569 3165 4638 ἔργοις,
3182 4568 3292 4634 ἓως
3315 4568 3425 4637 τῆς
3449 4572 3563 4634 ,βα-

1993 4666 2608 4735 σιλείας,Μαρκιανοῦ
2638 4664 2749 4719 τοῦ
2773 4664 3082 4731 βασιλέως
3107 4667 3371 4734 ἄπαρχος
3400 4669 3561 4727 Κων-

1992 4761 2552 4823 σταντινουπόλεως
2578 4756 3018 4826 τνωρὶζόμενοσ
3035 4753 3234 4829 σεμνῇ
3267 4756 3335 4809 δὲ
3357 4773 3560 4827 γυναι-

1994 4851 2055 4904 κὶ
2110 4848 2483 4917 συζευχθεις,
2521 4849 2621 4902 καὶ
2673 4848 2785 4903 δύο
2831 4849 3036 4912 τέκνα,
3074 4848 3256 4916 ᾰρῤεν
3275 4847 3373 4900 καὶ
3401 4846 3561 4914 θῆλυ

1990 4938 2323 5001 ἀποτεκὼν,
2373 4940 2490 5003 τὴν
2530 4935 2752 4990 ἑαυτοῦ
2802 4936 3098 5003 πεποίηκε
3135 4935 3399 5005 σύζυγον
3447 4934 3561 5001 τὴν

1990 5027 2635 5083 Κωνσταντινούπολιν
2667 5025 3040 5089 καταλιπεῖν,
3080 5026 3180 5079 καὶ
3206 5026 3278 5079 ἐν
3308 5024 3432 5090 τοῖς
3459 5027 3558 5079 Al-

1988 5118 2218 5187 γύπτου
2239 5116 2668 5185 μοναστηρίοις
2693 5114 3177 5191 κατασκηνῶσαι,
3193 5115 3561 5185 μερίσασθαι

1986 5226 2051 5262 τε
2079 5208 2150 5261 τὰ
2182 5206 2379 5272 τέκνα,
2408 5207 2507 5260 καὶ
2537 5206 2680 5273 τοὺς
2699 5207 3008 5275 ἐκγόνους,
3032 5205 3166 5287 υἱον
3195 5208 3293 5260 καὶ
3318 5206 3559 5274 τὸνμὲν

1986 5297 2354 5367 παραλαϐεῖν
2377 5297 2485 5351 τὸν
2507 5297 2641 5351 υἱὸν
2667 5298 3023 5364 Θεόδουλον,
3046 5296 3161 5365 τὴν
3187 5296 3257 5350 δὲ
3283 5297 3397 5365 τὴν
3423 5297 3556 5350 ἐαυ-

1985 5388 2092 5442 τοῦ
2118 5388 2426 5457 θυγατέρα·
2460 5388 2557 5442 icui
2592 5389 2779 5453 οὕτως
2818 5387 3188 5463 ποιήσαντες
3221 5386 3559 5454 διέστησαν

1983 5478 2083 5532 ἀπ’
2123 5478 2431 5546 ἀλλήλων.
2477 5479 2634 5533 Ἐπεὶ
2666 5476 2781 5534 οὖν
2828 5482 2861 5533 ὀ
2906 5478 3197 5549 μακάριος
3226 5478 3439 5544 Νεῖζῖος
3490 5478 3556 5531 τὸ

1986 5570 2120 5638 ὄρος
2157 5569 2415 5639 κατῆλθε
2449 5570 2552 5625 τοῦ
2581 5570 2723 5627 Σινᾶ
2755 5572 2849 5631 καὶ
2880 5569 3078 5639 συνῆν
3111 5571 3228 5639 τοῖς
3266 5572 3556 5640 Humum,
