3898 6196
412 359 541 428 143]

1175 362 1323 421 JOS.
1366 359 1631 421 MARIIE
1668 355 2019 419 SUARESII
2051 350 2280 415 LIBER
2317 344 2948 411 CHRONOLOGICUS

3533 337 3697 401 1432

409 469 704 540 Βάρδαροί
727 482 883 532 τινες
911 466 1202 535 ἐξαίφνης
1234 466 1515 528 ἐλθόντες
1539 468 1619 530 ὠς
1642 463 1841 532 θῆρες,
1876 463 1983 514 τὸν

2086 459 2151 512 ab
2179 458 2298 525 ipso
2327 455 2490 508 Petro
2523 463 2577 507 et
2603 451 2773 506 Paulo
2816 449 3186 520 apostolorum
3218 449 3579 519 principibus.
3608 456 3695 504 ad

416 562 552 614 υἱόν
606 558 942 613 Θεόδουλον
991 555 1211 609 ἔλαϐον
1246 554 1368 608 σὺν
1420 556 1631 621 ἄλλοις
1670 554 1981 618 πλείστοις

406 649 819 718 αἰχμαλώτοις,
853 645 925 699 ὃν
952 646 1032 713 ὠς
1064 647 1443 715 αἰχμάλωτον
1471 645 1770 713 ἐθρήνησε
1791 644 1981 697 πλέον

405 740 510 792 τοῦ
536 738 925 803 καθήκοντος,
961 736 1153 802 καθὼς
1185 738 1254 790 έν
1279 734 1356 801 τῷ
1383 739 1517 805 παρ’
1542 736 1727 789 αὐτοῦ
1764 750 1979 789 συντεο

406 828 565 882 θέντι
609 828 902 898 γράμματι
945 827 1274 895 ἐμφέρεται.
1322 827 1436 894 Τῆς
1475 810 1798 892 θείαςοῦν
1842 843 1980 879 κατ-

404 921 678 984 αξιωθεὶς
716 917 1066 986 ἱερωσύνης.
1094 916 1193 970 καὶ
1220 920 1447 986 λόγους
1472 916 1839 983 ἀσκητικοὺς
1870 915 1981 968 τιά-

404 1024 524 1074 σης
553 1007 794 1075 σοφίας.
819 1004 914 1057 καὶ
940 1004 1270 1070 συνέσεως,
1302 1004 1401 1058 καὶ
1441 1005 1733 1073 ὠφελείας
1759 1004 1977 1070 ἐκθεὶς,

403 1096 654 1165 δυνάμει
675 1096 861 1164 λόγου
911 1094 1008 1147 καὶ
1040 1095 1212 1162 ἁγίου
1248 1095 1591 1163 Πνεύματος
1616 1094 1809 1163 χάριτι
1832 1096 1981 1164 πρὸς

318 1176 323 1179 Α
388 1188 673 1253 άσκησιν
699 1183 1159 1251 ἐπαλείφοντας,
1188 1181 1517 1249 ἐπιστολάς
1557 1199 1622 1237 τε
1676 1184 1775 1237 καὶ
1800 1184 1982 1252 κεφά-

403 1288 547 1336 λαια
599 1281 859 1336 πλεῖστα
911 1280 1191 1346 συνθεὶς,
1238 1281 1335 1334 καὶ
1380 1282 1656 1348 πολλοὺς
1709 1282 1791 1347 τῷ
1847 1284 1982 1347 θείῳ

404 1375 571 1441 ἔρωτι
626 1370 705 1437 τῷ
749 1371 981 1439 Χριστῷ
1025 1369 1099 1423 δι’
1125 1368 1324 1424 αὐτῶν
1356 1371 1853 1438 προσοικειώσας,
1913 1374 1984 1427 ἐν

404 1462 609 1531 εἰρήνῃ
662 1462 1018 1517 τελειοῦται.
1054 1460 1249 1515 Κεῖται
1300 1461 1388 1526 δὲ,
1420 1461 1501 1529 ὥς
1534 1479 1744 1532 φασιν,
1777 1463 1981 1531 αὐτὸς,

405 1554 502 1607 καὶ
528 1557 560 1608 ό
597 1554 929 1620 Θεόδουλος
954 1557 1084 1623 υίὸς
1101 1553 1438 1623 αὐτοῦ,μεθ⁹
1463 1551 1679 1621 ἐτέρων
1701 1552 1986 1621 ἀσκητῶν

404 1643 563 1708 ἐντῷ
576 1644 881 1712 σεδασμίῳ
901 1643 1025 1710 ναῷ
1047 1644 1164 1697 τῶν
1176 1643 1389 1713 Ἀγίων
1417 1642 1801 1697 Ἀποστόλων
1819 1643 1890 1696 έν
1903 1641 1984 1707 τῷ

418 1733 924 1801 Ὁρφανοτροφείφ
996 1733 1276 1788 ὑποκάτω
1368 1734 1801 1800 θυσιαστηρίου
1862 1735 1981 1789 ὑπὸ

2088 546 2612 619 orphanotmphium
2648 553 2732 599 est
2754 550 3155 607 constructum,
3209 542 3408 608 templo
3446 542 3689 611 reposi-

2083 650 2199 695 tum
2250 639 2421 693 fuisse
2471 636 2723 691 aliirmat.
2763 633 3150 704 Apostolorum
3181 633 3467 687 ecclesiam
3526 634 3699 686 Con-

2081 730 2353 787 stantinus
2368 727 2439 780 Μ.
2471 742 2617 780 anno
2647 723 2861 793 imperii
2900 721 3163 777 vicesimo
3191 723 3527 784 construxit,
3560 722 3700 775 Bu—

2087 824 2203 877 seb.
2244 820 2338 875 lib.
2385 835 2437 873 IV
2465 817 2542 870 De
2595 818 2689 870 vit.
2716 814 3086 879 Constantini,
3122 828 3242 881 cap.
3275 812 3344 867 58
3377 823 3430 866 et
3456 813 3575 878 59;
3614 829 3695 866 ex

2083 926 2261 981 eoque
2288 911 2555 965 Baronius
2591 905 2906 972 cardinalis,
2937 912 2992 965 et
3012 918 3044 959 ο
3080 903 3304 958 Socrate
3328 903 3397 957 ad
3454 918 3693 956 annum

2082 1002 2283 1058 Christi
2312 1003 2423 1056 nati
2450 1000 2556 1056 530
2603 999 2667 1053 P.
2704 997 2801 1063 DL;
2831 995 3155 1052 instauravit
3178 993 3543 1049 Constantius
3568 1009 3693 1047 an-

2081 1107 2154 1148 no
2180 1092 2324 1153 558;
2371 1091 2658 1145 dicebatur
2689 1086 3075 1157 Apostolaeum.
3120 1083 3693 1154 Orphanotrophiusn

2082 1195 2264 1240 autem
2297 1183 2506 1253 primus
2555 1179 2798 1235 condidit
2831 1175 3323 1246 Constantinopoli,
3359 1185 3413 1231 et
3462 1176 3693 1245 hujus-

2083 1274 2231 1331 modi
2261 1273 2480 1343 pietatis
2508 1270 2787 1326 adinvenit
2815 1269 3048 1324 ollicium
3075 1286 3090 1322 :
3115 1266 3358 1331 Zoticus,
3395 1281 3427 1323 e
3452 1267 3498 1322 l.
3534 1265 3691 1321 0m—

2084 1368 2164 1421 nis
2195 1369 2284 1434 3b,
2321 1364 2384 1422 C.
2418 1365 2494 1420 De
2524 1364 2800 1434 episcopis,
2848 1371 2901 1416 et
2933 1361 3175 1424 clericis;
3225 1369 3341 1415 tum
3365 1360 3573 1415 Nicon.
3608 1361 3694 1415 de

2084 1460 2288 1530 quibus
2315 1457 2502 1528 Cujac.
2532 1456 2626 1511 lib.
2671 1471 2712 1518 ι.
2744 1469 2865 1523 cap.
2908 1453 2975 1507 12
3009 1451 3282 1508 Obsersat.
3313 1451 3461 1521 jun;
3492 1450 3689 1506 Justi-

2083 1550 2282 1606 nisnus
2312 1549 2590 1620 Augustus
2616 1546 2685 1603 ad
2728 1544 3143 1601 Demosthenem
3171 1542 3238 1597 P.
3268 1542 3333 1597 Ρ.
3364 1543 3422 1598 in
3456 1543 3503 1597 ι.
3535 1560 3687 1597 stus-

2084 1642 2272 1706 cinrus,
2300 1640 2363 1696 C.
2389 1639 2472 1694 De
2498 1634 3025 1694 sacrosanct.eccles.
3053 1633 3208 1686 Anna
3234 1629 3543 1697 Comnena,
3570 1631 3689 1685 lib.

2087 1731 2157 1786 l5
2181 1730 2458 1785 Alexiadis
2486 1731 2630 1787 circa
2655 1730 2943 1786 ecclesiam
2980 1726 3165 1780 Sancti
3189 1724 3341 1779 Pauli
3368 1722 3687 1794 Orphano-

420 1825 467 1877 Ἰ
468 1842 497 1877 0
504 1826 757 1878 υστίνου
768 1825 874 1879 τοῦ
884 1825 1194 1892 ,βασιλέως
1207 1841 1359 1879 κατα
1373 1823 1833 1897 [τε]θέντες.Εῑεί
1854 1824 1983 1879 Pos-

2086 1824 2360 1893 trophium
2387 1840 2418 1878 a
2450 1834 2599 1895 patre
2641 1838 2743 1879 suo
2772 1821 3047 1878 conditum
3095 1818 3259 1873 tradit
3300 1817 3477 1874 instar
3512 1817 3688 1872 urbis

408 1918 560 1966 sluus
582 1930 648 1966 ex
663 1912 967 1983 Menologiu
992 1912 1305 1968 Graecorum
1333 1913 1478 1968 istud
1498 1912 1981 1983 ediderttElogium

409 2004 596 2059 Sancti
620 2005 786 2074 hujus
813 2003 941 2068 Nili,
970 2005 1214 2074 prompsi
1246 2014 1425 2059 tamen
1455 2018 1556 2074 ego
1580 2018 1649 2058 ex
1672 2004 1801 2068 alio,
1834 2006 1980 2073 quod

405 2103 689 2150 exaratum
748 2097 959 2150 calamo
1019 2097 1074 2150 in
1120 2096 1307 2151 charta
1350 2108 1653 2165 papyracea
1702 2096 1897 2149 visitur
1930 2099 1984 2148 in

406 2183 509 2238 BB.
538 2183 639 2237 BB.
667 2184 755 2238 cui
783 2184 996 2238 rubrica
1044 2184 1369 2252 inscriptum
1401 2192 1506 2246 est,
1529 2181 1613 2250 Τῇ
1652 2182 1806 2250 αὐτῇ
1842 2181 1984 2250 ἠμέ-

398 2292 501 2342 ρα,
540 2290 736 2344 nempe
786 2276 899 2344 ipsa
950 2275 1137 2330 eadem
1166 2275 1253 2329 die
1285 2271 1372 2343 ιβ’,
1403 2274 1611 2343 μνήμη
1660 2274 1767 2328 τοῦ
1809 2276 1984 2329 όσίου

406 2363 575 2434 ἡμῶν
613 2365 835 2419 Νείλου
888 2365 993 2419 τοῦ
1024 2365 1339 2432 Ἀσκητοῦ,
1378 2379 1486 2434 qua
1530 2365 1618 2419 die
1656 2365 1983 2439 celebratur,

401 2455 608 2525 μνήμη
624 2471 690 2509 το
699 2454 729 2507 ῦ
740 2456 1002 2525 ἐνάγίοις
1013 2454 1241 2523 Πατρός
1251 2454 1421 2525 ἡμῶν
1433 2454 1705 2511 Ἰωάννου
1720 2454 1985 2524 ἀρχιεπι-

405 2548 643 2601 σκόπου
684 2546 1143 2615 Ἀλεξανδρείας
1170 2546 1279 2600 τοῦ
1319 2546 1717 2615 Ἔλεήμονος·
1748 2547 1985 2615 scriptor

410 2639 555 2693 illius
583 2647 697 2693 erat
716 2637 929 2693 Blasius
952 2640 1276 2702 monachus,
1302 2646 1358 2693 et
1377 2638 1444 2692 ad
1470 2639 1771 2708 marginem
1800 2638 1984 2693 varias

409 2729 669 2784 lectiones
731 2728 1007 2793 adnotavi,
1055 2729 1244 2798 sicque
1302 2729 1355 2782 in
1404 2728 1657 2784 Latinum
1708 2728 1981 2783 converti:

412 2819 517 2873 Hic
580 2818 764 2889 (Nilus
796 2821 997 2890 nempe)
1033 2821 1229 2875 multus
1262 2820 1365 2889 fuit
1396 2823 1452 2874 in
1481 2820 1825 2885 sermonibus,
1853 2828 1902 2872 et
1931 2820 1985 2872 in

410 2911 650 2979 operibus
680 2926 840 2978 usque
887 2912 954 2963 ad
1000 2911 1275 2981 imperium
1308 2912 1641 2980 imperatoris
1698 2910 1983 2976 Marciani,

410 2995 686 3065 prrefectus
744 2992 1232 3062 Constantinopolis
1299 2994 1527 3048 innotuit
1589 2996 1609 3063 (
1654 3008 1781 3049 nam
1842 2992 1986 3064 ἁρχὴ

410 3089 581 3158 ἄνδρα
647 3085 937 3149 δείκνυσι,
989 3086 1043 3139 id
1102 3095 1179 3140 est
1208 3124 1224 3151 ,
1273 3086 1624 3157 magistratus
1673 3089 1847 3140 virum
1902 3087 1987 3140 in-

410 3179 595 3247 dicat).
633 3177 880 3231 Honestaz
900 3193 1018 3231 vero
1052 3178 1259 3231 mulieri
1288 3179 1624 3231 matrimonio
1652 3177 1981 3246 conjunctus,

411 3260 880 3330 duosqueliberos,
927 3260 1221 3313 masculum
1244 3269 1293 3312 et
1340 3260 1608 3328 feminam,
1668 3260 1982 3327 suscipiens,

410 3352 602 3421 elfecit,
627 3359 684 3403 ut
707 3350 870 3418 ipsius
918 3350 1112 3416 coniux
1144 3350 1400 3403 desereret
1448 3347 1981 3418 Constantinopolim,

410 3449 460 3494 et
489 3440 544 3491 in
571 3435 790 3508 Egypti
820 3438 1139 3490 ntonasteria
1166 3436 1418 3490 secederet
1443 3453 1461 3500 ,'
1490 3437 1780 3505 partiretur
1820 3446 1869 3489 et
1916 3435 1985 3488 li-

414 3533 607 3601 beros;
659 3541 708 3585 et
757 3532 866 3600 ipse
910 3528 1120 3599 quidem
1169 3528 1390 3597 suscepit
1429 3526 1599 3596 ﬁlium
1640 3524 1982 3592 Theodulum,

413 3627 511 3680 illa
535 3641 654 3679 vero
679 3624 851 3694 ﬁliam
881 3638 1071 3688 suam;
1102 3622 1283 3690 hisque
1312 3620 1560 3688 peractis,
1593 3619 1812 3673 invicem
1841 3635 1985 3687 sepa-

414 3717 521 3771 rati
547 3726 691 3770 sunt.
722 3714 1014 3785 Postquam
1043 3714 1208 3783 igitur
1244 3712 1423 3766 beatus
1467 3709 1626 3765 Nilus
1657 3720 1886 3765 montem
1915 3710 1984 3764 ad

414 3807 545 3863 Sina
573 3807 821 3877 perrexit,
848 3814 898 3860 et
923 3814 1257 3859 conversatus
1283 3811 1361 3857 est
1403 3818 1522 3855 cum
1556 3801 1807 3856 Patribus
1831 3803 1982 3867 inibi,

418 3897 641 3952 barbari
684 3897 901 3967 quidant
947 3896 1214 3964 derepente
1260 3893 1693 3962 supervenientes,
1733 3894 1816 3947 uti
1861 3894 1985 3962 fera:

416 3989 621 4054 belluas,
647 4003 765 4040 cum
794 3985 1035 4056 pluribus
1060 3985 1181 4039 aliis
1207 3985 1450 4053 captiuis,
1481 3984 1654 4053 ﬁlium
1685 3985 1798 4053 ejus
1827 3982 1986 4037 Theo-

2083 1912 2323 1981 amplum
2352 1912 2494 1966 istud
2527 1913 2584 1964 ιν
2611 1912 2724 1973 τοῖς
2753 1910 2889 1981 πρὸς
2916 1910 3018 1979 τὴν
3069 1905 3367 1979 ἀκρόπολιν
3400 1905 3690 1976 μέρεσιν.

2083 2003 2212 2057 ἔνθα
2239 2004 2337 2057 καὶ
2383 2003 2444 2056 τὸ
2475 2003 2650 2071 στόμα
2678 2002 2773 2054 τοῦ
2790 2002 2992 2055 Πόντου
3015 2001 3304 2069 ἀνοίγεται,
3331 2007 3391 2053 ιιι
3417 2013 3518 2053 me
3545 2014 3684 2053 nso-

2085 2097 2208 2149 nuit
2242 2095 2571 2151 reverendus
2608 2092 2765 2147 Pater
2797 2093 3082 2157 Possinus,
3115 2093 3209 2162 qui
3237 2092 3394 2145 vertit
3419 2091 3481 2145 in
3516 2090 3682 2145 Lati-

2086 2199 2213 2237 num
2245 2198 2298 2253 p.
2322 2182 2429 2236 482
2456 2182 2523 2236 ad
2553 2181 2678 2236 485.
2703 2180 2828 2234 Fuit
2851 2189 2907 2235 et
2922 2179 3107 2234 Roma
3126 2178 3680 2247 Orphanotropltitsm

2085 2274 2363 2329 conditum
2397 2288 2428 2326 a
2466 2271 2728 2340 Gregorio
2759 2270 2828 2325 Μ.
2877 2271 2931 2325 in
2961 2269 3127 2325 Notit.
3159 2268 3290 2325 Voc.
3322 2268 3539 2325 Bedes.
3576 2271 3679 2323 ubi

2085 2380 2233 2420 nunc
2282 2364 2469 2419 Sancti
2509 2364 2769 2433 Stephani
2819 2363 3047 2423 ecclesia
3087 2370 3193 2425 est,
3236 2371 3290 2416 et
3346 2360 3676 2429 Hospitium

2086 2455 2407 2525 Ethiopum
2454 2456 2569 2510 sive
2623 2454 2879 2510 ludorum
2908 2492 2924 2517 ,
2988 2452 3278 2508 Alexandri
3304 2450 3367 2506 lll
3422 2467 3681 2506 munere

2084 2547 2230 2603 haud
2263 2546 2456 2616 procul
2488 2561 2518 2600 a
2547 2544 2781 2601 Basilica
2825 2543 3010 2599 Sancti
3043 2544 3209 2607 Petri,
3236 2554 3290 2599 et
3319 2543 3515 2597 Sancti
3545 2543 3679 2599 Ste-

2083 2636 2248 2706 phani
2273 2634 2556 2690 ecclesiam
2583 2632 3092 2697 Cato-Barbarae,-et
3112 2632 3433 2689 Canta-Galla:
3474 2644 3675 2699 vocat,

2084 2742 2117 2783 e
2142 2725 2444 2792 Grimaldo,
2470 2735 2527 2782 et
2553 2725 2966 2782 Ilartinello.Ad
2990 2725 3360 2782 illustraudam
3382 2728 3677 2782 narratio-

2085 2831 2232 2884 nem,
2258 2826 2312 2871 et
2336 2816 2502 2871 vitam
2539 2814 2648 2870 Nili
2697 2815 3094 2882 elucidandam,
3126 2816 3269 2870 baud
3315 2817 3422 2872 erit
3468 2817 3577 2873 abs
3612 2833 3679 2873 re

2086 2923 2207 2978 quae
2232 2910 2486 2979 leguntur
2513 2908 2567 2962 in
2590 2907 2891 2977 Menologio
2934 2908 3064 2977 imp.
3098 2906 3278 2963 Basilii
3315 2920 3441 2965 ante
3485 2925 3678 2966 annos

2089 2997 2210 3065 727,
2243 2997 2356 3054 MS.
2379 2999 2525 3069 quod
2558 2997 2764 3053 Paulus
2828 2996 2871 3050 V
2907 2997 3046 3053 Bibl.
3083 2996 3256 3054 Vatia.
3289 2998 3499 3063 intulit,
3547 3002 3678 3057 eui-

2085 3104 2193 3159 que
2232 3090 2287 3145 in
2316 3089 2560 3160 margine
2591 3086 2655 3144 C.
2696 3088 2749 3155 7,
2772 3087 2864 3141 τοῦ
2896 3087 2995 3157 βλα
3037 3088 3091 3143 id
3115 3097 3221 3153 est,
3247 3088 3433 3144 codice
3458 3088 3493 3141 7
3520 3099 3676 3145 tem-

2089 3181 2161 3249 pli
2215 3178 2575 3236 Blaehernen.
2623 3179 3133 3249 Constantinopoli,
3171 3188 3225 3234 et
3281 3196 3402 3249 quas
3446 3182 3677 3235 contuli

2086 3287 2209 3327 cum
2241 3272 2429 3327 codice
2463 3270 2552 3335 74,
2576 3272 2703 3326 item
2720 3286 2823 3327 ms.
2846 3269 2951 3324 BB.
2971 3269 3077 3323 BB.
3108 3287 3163 3339 p.
3194 3272 3284 3338 45,
3318 3273 3629 3341 appingere
3655 3292 3674 3329 :

2091 3358 2168 3427 Τῆ
2204 3357 2355 3426 αὐτῇ
2386 3357 2575 3426 ἡμέρᾳ
2607 3357 2680 3410 ιδ’
2717 3358 3077 3425 Ἰανουαρίου
3109 3357 3313 3427 μνήμη
3342 3359 3444 3413 τοῦ
3474 3362 3678 3415 τ’σίον

2084 3447 2316 3515 Πατρός
2353 3446 2521 3516 ἡμῶν
2574 3445 2931 3500 Θεοδούλου.
2974 3441 3162 3511 Οὗτος
3223 3446 3484 3513 ὑπῆρχεν
3521 3450 3677 3509 υίὸς

2083 3539 2303 3591 Νείλου
2352 3537 2457 3591 τοῦ
2503 3537 2701 3605 σοφοῦ
2747 3536 2854 3591 τοῦ
2896 3540 3206 3605 γεγονότος
3234 3537 3337 3605 μὲν
3373 3537 3668 3604 ἐπάρχιυ

2085 3628 2775 3691 Κωνσταντινουπόλεως
2794 3666 2809 3692 ,
2844 3629 3278 3692 καταλιπόντος
3303 3627 3367 3679 δὲ
3400 3628 3520 3695 τὴν
3558 3628 3678 3682 δός

2086 3721 2203 3783 ξαν
2223 3719 2328 3774 τοῦ
2349 3718 2602 3788 κόσμου,
2630 3718 2728 3771 καὶ
2748 3718 3139 3782 ἀπελθόντος,
3165 3718 3259 3771 καὶ
3273 3718 3681 3786 perticas-rec

2084 3810 2154 3864 ἐν
2196 3809 2276 3875 τῷ
2319 3808 2443 3879 ὄρει
2477 3807 2625 3877 Σινᾷ
2646 3809 2799 3878 μετὰ
2834 3807 2943 3862 τοῦ
2974 3808 3111 3862 υίοῦ
3138 3808 3323 3863 αὑτοῦ
3348 3825 3363 3839 '
3396 3809 3523 3863 τῶν
3556 3812 3680 3865 δύο

2082 3900 2151 3954 δὲ
2190 3900 2583 3970 ὑπαρχόντων
2625 3900 2863 3966 ἔπειτα,
2895 3900 2993 3953 καὶ
3023 3900 3137 3967 τὴν
3163 3899 3512 3967 ἀσκητικὴν
3560 3920 3672 3956 πο-

2081 3994 2313 4048 λιτείαν
2336 3992 2665 4062 διαγόντων
2692 3991 2985 4060 ἐξαίφνης
3010 3992 3419 4046 ἐπιπεσόντων
3434 3995 3681 4063 Βαρϐά-

413 4079 597 4132 dulum
614 4086 880 4146 ceperunt,
898 4093 1046 4147 quem
1065 4078 1146 4130 uti
1166 4076 1427 4146 captivum
1446 4077 1501 4130 in
1518 4076 1820 4130 servitutem
1839 4076 1983 4129 reda-

2086 4100 2221 4151 ρων,
2264 4081 2365 4136 καὶ
2418 4081 2769 4152 ἀρξαμένων
2824 4082 3228 4151 κατασφάξειν
3269 4083 3411 4148 τοὺς
3450 4084 3683 4152 ἁγίους

416 4181 579 4234 ctum,
604 4170 763 4240 703
790 4170 925 4223 luxit
946 4169 1223 4238 plusquam
1250 4168 1518 4234 decuerat,
1541 4166 1984 4237 quemadmodum

332 4262 337 4263 ⁷
415 4265 469 4314 in
494 4261 631 4314 libro
652 4276 807 4330 super
830 4276 893 4314 ea
924 4276 978 4314 re
999 4262 1284 4329 composito
1310 4260 1614 4330 pra-fertur.
1642 4258 1829 4313 Divina
1884 4259 1985 4329 igi-

417 4363 503 4404 tur
528 4351 717 4419 dignus
739 4349 949 4403 habitus
978 4349 1340 4419 presbyteratu
1386 4351 1493 4419 ipse
1517 4348 1679 4405 Nilus
1708 4348 1983 4405 Sermones

414 4442 477 4495 de
508 4441 804 4495 monastica
832 4442 1223 4507 exercitatione,
1263 4443 1407 4494 omni
1435 4442 1716 4511 sapientia,
1754 4442 1983 4512 pruden-

417 4533 514 4598 tia,
539 4542 587 4587 et
626 4532 861 4587 utilitate
888 4532 958 4585 ad
976 4532 1406 4586 exercitationem
1456 4533 1671 4587 idoneos
1719 4533 1981 4603 exposuit,

414 4624 505 4693 qui
533 4625 581 4677 oi
612 4623 857 4688 rationis,
882 4632 931 4678 et
956 4621 1185 4694 Spiritus
1231 4623 1402 4678 sancti
1447 4622 1627 4693 gratia
1670 4632 1983 4692 perungunt,

416 4714 709 4784 Epistolas,
749 4725 798 4768 et
850 4714 1098 4781 Capitula
1132 4715 1453 4780 comuosuit;
1489 4713 1760 4784 plerosque
1808 4711 1986 4768 divino

415 4808 576 4861 etiam
602 4822 782 4861 amore
804 4822 895 4876 per
923 4808 1040 4877 ipsa
1060 4806 1270 4861 Christo
1296 4824 1415 4862 eum
1440 4808 1774 4872 admovisset,
1802 4807 1858 4861 in
1883 4824 1981 4876 pa-

415 4914 472 4952 ee
500 4897 838 4951 obdormivit.
883 4896 1037 4952 Iacet
1067 4914 1186 4953 vero
1217 4897 1298 4969 (ut
1337 4898 1510 4967 aiunt)
1556 4899 1687 4967 ipse,
1736 4915 1799 4952 ac
1839 4898 1986 4952 illius

416 4990 558 5056 ﬁlius
595 4986 891 5043 Tlteodulus
917 5007 1035 5044 cum
1060 4990 1185 5044 aliis
1223 4991 1436 5055 ascetis,
1465 4990 1521 5043 id
1546 5000 1644 5056 est,
1676 4991 1989 5044 exercitato-

417 5081 561 5135 ribus
593 5082 649 5133 in
699 5082 989 5135 venerando
1027 5092 1330 5136 sanctorum
1370 5082 1739 5152 Apostolorum
1795 5082 1987 5151 templo

421 5174 642 5243 inferius
689 5173 784 5227 sub
847 5174 1008 5227 altari
1055 5174 1320 5244 deportati
1376 5183 1424 5227 et
1470 5174 1737 5228 translati.
1788 5172 1986 5228 Verum

416 5265 643 5319 Allatius
670 5278 888 5335 quoque
921 5262 1128 5334 profert
1151 5264 1338 5319 eadem
1379 5264 1569 5332 ferme,
1605 5280 1728 5336 quae
1783 5265 1992 5320 scilicet

418 5350 707 5420 exscripsit
743 5366 773 5406 e
809 5351 1111 5421 Menologio
1139 5352 1347 5419 Grmcu,
1396 5353 1490 5408 sed
1538 5364 1825 5419 truncata;
1856 5355 1991 5409 nihil

417 5440 560 5494 enim
595 5442 662 5496 de
690 5441 958 5511 sepulcro,
994 5457 1048 5513 p.
1083 5443 1117 5498 9
1166 5442 1399 5497 Diatrib.
1438 5443 1503 5498 de
1528 5443 1687 5498 Nilis.
1723 5444 1990 5515 Nicepho-

421 5546 517 5585 rus
564 5547 711 5597 vero,
745 5534 839 5588 lib.
874 5550 985 5598 xiv,
1020 5551 1071 5590 c.
1104 5535 1192 5602 54,
1225 5534 1403 5591 Nilum
1456 5537 1564 5591 vita
1607 5537 1925 5592 defunctum
1961 5552 1989 5590 a

428 5624 638 5679 ‘ustino
671 5629 990 5694 posteriore,
1025 5630 1150 5683 inde
1177 5629 1317 5697 (sive
1349 5647 1378 5686 a
1413 5640 1595 5686 monte
1623 5631 1779 5695 Sina)
1815 5642 1992 5686 trans-

541 5729 588 5768 ιι]
622 5715 672 5767 in
699 5715 1045 5770 fundamento
1066 5717 1376 5773 sacratioris
1408 5734 1630 5790 mensae,
1663 5720 1716 5773 in
1750 5736 1814 5776 eo
1849 5719 1992 5789 Quod

2085 4173 2369 4243 Πατέρας,
2402 4177 2435 4227 ό
2459 4173 2577 4243 μὲν
2616 4173 2829 4239 Νεῖλος
2855 4174 2933 4239 ὠς
2954 4173 3227 4240 ἠδυνήθη
3259 4176 3511 4243 ἔφυγεν,
3530 4179 3568 4228 ὁ
3603 4176 3681 4228 δὲ

2086 4266 2216 4332 υίὸς
2238 4265 2424 4321 αὑτοῦ
2441 4264 2771 4331 Θεόδουλος
2795 4265 3092 4334 ἐκρατήθη
3121 4266 3501 4341 αίχμάλωτος
3514 4270 3681 4336 μετὰ

2085 4356 2291 4425 ἐτέρου
2323 4356 2462 4422 ἐνὸς
2493 4355 2648 4422 υίοῦ,
2675 4354 2774 4409 καὶ
2804 4353 3075 4420 δεθέντες
3093 4354 3418 4420 ἀπήγοντο·
3447 4358 3678 4423 εὑρόν-

2085 4465 2201 4501 των
2224 4446 2388 4519 704
2406 4446 2475 4500 δὲ
2497 4446 2616 4502 τῶν
2638 4445 2958 4515 Βαρϐάρων
2982 4448 3167 4501 τόπον
3185 4445 3459 4515 χλοερὸν,
3492 4450 3680 4501 κατέ-

2085 4552 2332 4590 παυσαν
2363 4579 2379 4603 ,
2405 4537 2504 4590 καὶ
2530 4538 2852 4591 ὲὸούλοντο
2874 4537 3103 4606 σφάξαι
3124 4538 3265 4602 τοὺς
3284 4537 3462 4602 νέους
3505 4578 3523 4602 ,
3570 4541 3682 4591 καὶ

2087 4626 2266 4681 θῦσαι
2292 4625 2373 4692 τῷ
2396 4626 2507 4695 πρὸ
2531 4626 2636 4681 τοῦ
2663 4628 2843 4696 ἡλίου
2872 4627 3270 4683 ἀνατέλλοντι
3310 4629 3538 4695 ἄστρῳ,
3571 4632 3684 4683 real

2083 4716 2483 4787 βουλομένων
2528 4717 2638 4772 τοῦ
2669 4719 2819 4787 πρωῒ
2869 4718 3095 4788 σφάξαι
3136 4718 3277 4784 τοὺς
3319 4719 3525 4784 νέους,
3570 4722 3681 4774 καὶ

2087 4809 2414 4879 προσάγειν
2454 4811 2676 4864 θυσίαν
2718 4810 2797 4875 τῷ
2837 4810 3038 4879 ἄστρῳ
3051 4810 3305 4878 πρωτνῷ.
3336 4811 3435 4877 καὶ
3480 4814 3519 4863 ό
3556 4812 3686 4879 μὲν

2085 4893 2173 4962 είς
2199 4896 2442 4967 ἔφυγεν,
2469 4900 2523 4950 οί
2546 4897 2615 4951 δὲ
2635 4897 2920 4967 Βάρσιιροι
2941 4899 3337 4968 κοιμηθέντες,
3356 4897 3462 4953 τοῦ
3487 4900 3685 4968 ἡλίου

2087 4988 2516 5054 ἀνατείλαντος
2561 4989 2663 5042 καὶ
2711 4989 2819 5044 τοῦ
2862 4989 3088 5058 ἄστρου
3142 4990 3465 5059 κρυδέντος
3487 5030 3505 5056 ,
3559 4994 3683 5045 οὐκ

2089 5080 2367 5150 ἔσφαξαν
2386 5082 2493 5155 τὸν
2508 5082 2862 5135 Θεόδουλον·
2880 5083 3245 5151 ,βουλόμενοι
3270 5081 3337 5135 δὲ
3360 5081 3681 5151 πωλῆσαι,

2090 5171 2199 5226 δύο
2215 5175 2443 5241 μόνους
2468 5173 2803 5241 χρυσίνους
2828 5173 3191 5242 ἐλάμϐανον,
3220 5174 3317 5227 καὶ
3347 5174 3688 5242 γυμνώσας

2091 5266 2123 5317 ό
2156 5258 2243 5329 εἶς
2267 5262 2332 5316 τὸ
2361 5262 2532 5331 ξίφος
2568 5262 2747 5331 ἤθελε
2773 5263 3021 5332 σ’ςράξαι⁸
3076 5263 3210 5318 τοτὲ
3237 5264 3548 5332 ἠγόρασεν
3574 5270 3689 5320 αἰν-

2094 5353 2200 5408 τὸν
2254 5354 2624 5419 Ἐπίσκοπος
2647 5393 2664 5419 ,
2706 5355 2805 5408 καί
2834 5355 3139 5421 ἀπέλυσε,
3169 5355 3266 5409 καί
3301 5354 3505 5421 καλῶς
3530 5358 3685 5421 ,βιώο

2096 5463 2214 5513 σας
2236 5446 2550 5516 ἐκοιμήθη.
2580 5445 2735 5511 Quae,
2776 5462 2865 5501 me
2895 5447 3209 5517 interprete,
3238 5450 3310 5500 ita
3328 5458 3538 5502 sonant
3577 5447 3689 5502 La-

2096 5539 2209 5593 tine
2254 5537 2503 5593 :Eadem
2547 5539 2630 5592 dic
2660 5539 2864 5591 decima
2886 5551 3077 5609 quarta
3118 5538 3369 5592 Januarii
3418 5542 3692 5592 memoria

2094 5631 2267 5684 sancti
2296 5628 2481 5684 Patris
2511 5631 2677 5684 nostri
2702 5629 2974 5684 Tlteoduli.
2992 5628 3118 5682 Fuit
3141 5632 3241 5684 iste
3265 5630 3411 5698 ﬁlius
3440 5626 3570 5682 Nili
3596 5647 3657 5682 sa
3676 5658 3695 5671 ο

2096 5723 2419 5800 pientis_,_qui
2444 5722 2649 5798 exstiti.
2674 5723 2953 5801 pra’fcetus
2987 5720 3470 5790 Constantinopolis
3493 5761 3509 5785 ,
3561 5724 3693 5790 qui-
