3898 6196
224 280 375 346 1483

1525 280 1622 339 DE
1660 280 1836 339 VITA
1883 282 1943 340 S.
1989 282 2173 342 NILI.

3334 291 3470 356 1434

219 409 330 463 que
357 389 631 459 dereliquit
668 389 894 459 gloriam
923 388 1125 453 mundi,
1150 396 1197 440 et
1230 388 1356 439 abiit
1380 387 1434 439 in
1458 399 1683 440 montem
1712 385 1798 441 Si-
1828 394 1871 447 Α
1902 399 1952 442 et
1988 406 2108 457 qua:
2137 390 2339 445 inserui
2386 407 2549 461 supra
2602 408 2720 464 pag.
2745 394 2848 451 679
2895 408 2946 451 et
2968 397 3090 462 668,
3118 414 3212 467 per
3244 398 3471 472 ὕστερον

221 497 323 540 ita,
346 480 516 545 ibique
546 493 661 530 cum
695 476 808 545 filio
841 476 1209 528 monachatum
1237 475 1504 543 professus
1527 485 1621 535 est.
1654 491 1797 528 cum-

220 588 328 641 que
346 571 414 622 ibi
429 569 579 621 ambo
606 569 934 630 exsisterent,
952 574 999 618 et
1020 567 1179 618 vitam
1197 565 1624 618 exercitatoriam
1647 564 1802 617 duce-

223 672 370 725 rent,
388 660 743 729 eximproviso
762 656 1146 711 incurrentibus
1167 656 1407 709 barbaris
1456 667 1504 709 et
1519 657 1799 725 aggressis,

214 753 472 825 jugulare
500 761 707 811 sanctos
740 746 949 801 Patres.
1001 747 1161 801 Nilus
1196 748 1405 816 quidem
1430 748 1600 816 potuit
1645 747 1803 815 aufu-

222 863 371 915 gere,
416 846 527 913 ejus
570 853 743 897 autem
787 842 932 910 ﬁlius
980 842 1035 894 in
1079 849 1389 910 potestatem
1430 856 1608 893 eorum
1658 842 1793 893 venit

222 940 467 1007 captivus
498 952 613 988 cum
635 951 737 988 uno
764 934 872 987 alio
896 933 1239 996 adolescente,
1277 943 1326 986 et
1357 933 1525 1001 ligati,
1551 935 1729 993 tracti,
1753 942 1802 986 et

224 1030 446 1082 abducti
479 1029 716 1097 fuerunt.
762 1027 830 1079 At
876 1023 1093 1077 barbari
1137 1040 1254 1077 cum
1290 1025 1599 1079 inuenissent
1629 1024 1799 1076 locum

223 1121 498 1182 virentem,
532 1115 915 1184 requieverunt,
946 1110 1282 1180 oolebantque
1319 1109 1571 1179 jugulare
1620 1110 1801 1162 adole-

222 1219 450 1271 scentes,
482 1214 531 1260 et
555 1206 856 1274 sacriﬁcare
887 1202 1070 1259 Stella
1092 1204 1279 1256 orienti
1303 1213 1423 1256 ante
1455 1201 1637 1264 solem,
1657 1217 1803 1254 enm-

221 1316 329 1369 que
356 1306 644 1352 statuerent
666 1312 818 1349 mane
838 1294 1090 1363 jugulare
1130 1294 1501 1359 adolescentes,
1535 1303 1585 1347 et
1613 1293 1800 1361 offerre

223 1392 555 1458 sacriﬁcium
580 1388 763 1444 Stella:
802 1386 1093 1451 matutina,
1134 1402 1269 1439 unus
1309 1386 1520 1457 quidem
1573 1385 1799 1454 eﬂ'ugit;

226 1481 445 1535 barbari
493 1496 649 1550 porro
697 1478 1148 1540 indormiscentes,
1202 1488 1383 1531 exorto
1407 1480 1535 1542 sole,
1571 1486 1619 1530 et
1649 1477 1800 1529 stella

221 1572 339 1638 iam
364 1572 654 1633 recondita,
699 1571 913 1623 minime
947 1568 1269 1622 Theodulum
1295 1568 1650 1639 jugularunt;
1681 1582 1796 1619 cum

227 1673 407 1716 autem
429 1661 703 1714 divenderc
724 1660 933 1723 vellent,
961 1660 1093 1712 duos
1147 1668 1356 1712 tantum
1384 1674 1568 1712 aureos
1596 1673 1799 1726 compe-

1908 481 2190 551 πρότερον,
2212 483 2372 553 705
2389 493 2442 538 et
2458 485 2747 551 ἄνω-κάτω,
2774 487 2939 552 idest,
2954 505 3043 542 sus
3061 492 3223 559 deque
3244 492 3469 559 integra;

1906 588 2028 625 nam
2076 574 2270 641 Pbotii,
2302 575 2612 644 Nicephori,
2643 588 2694 633 et
2727 579 2953 633 aliorum
2989 582 3316 649 scriptorum
3353 583 3469 637 loca

1906 665 2154 720 laudibus
2192 668 2365 721 sancti
2399 667 2501 721 Nili
2554 671 2902 737 personantia
2935 686 3226 741 congerere
3251 672 3469 739 longum

1906 758 2066 812 nimis
2093 768 2146 812 et
2185 760 2429 827 putidum
2480 759 2667 813 foret:
2718 775 2779 814 ea
2834 771 3092 830 prazterea
3137 771 3246 816 tam
3299 764 3367 818 R.
3408 763 3468 818 Ρ.

1904 849 2184 916 Pessinus,
2221 866 2381 920 quam
2414 849 2642 905 Allatius
2692 851 2810 906 fuse
2858 854 3257 922 prcemiserunt.
3290 854 3470 908 Unum

1903 947 2221 1011 observabo,
2254 954 2518 1016 martyres
2547 946 2675 999 ohm
2709 958 2998 1015 antequam
3024 948 3237 1018 publica
3262 948 3367 1003 illis
3385 964 3473 1003 ve-

1901 1039 2109 1092 neratio
2129 1038 2528 1102 decerneretur,
2554 1038 2737 1107 illique
2777 1038 2831 1091 in
2855 1038 3130 1093 Canonem
3154 1038 3202 1090 Μ
3212 1040 3353 1101 ἱεειε,
3374 1055 3470 1093 seu

1904 1130 2334 1200 Liturgiaesacraa
2357 1129 2615 1199 Diptycha
2635 1128 2985 1194 referrentur,
3005 1129 3196 1184 solitos
3209 1130 3471 1183 vindicari

1902 1224 2001 1278 abs
2022 1221 2315 1293 episcOpls,
2338 1220 2433 1290 qui
2456 1221 2741 1289 diligenter
2774 1220 3117 1289 inquirebant
3145 1236 3267 1275 cum
3297 1221 3469 1291 plebi-

1900 1314 2022 1376 bus.
2040 1330 2106 1369 ex
2130 1314 2322 1383 Optato
2345 1312 2677 1376 Milevitana,
2696 1313 2787 1367 lib.
2818 1312 2839 1364 1
2866 1310 3064 1365 Contra
3099 1311 3467 1380 Parmenian.,

1899 1416 1954 1461 et
1971 1422 2002 1460 e
2030 1416 2217 1460 sancto
2239 1406 2542 1473 Augustino
2566 1403 2619 1457 in
2647 1402 2847 1459 Breuic.
2871 1415 2987 1474 post
3010 1404 3303 1470 collation.,
3338 1421 3471 1474 sup-

1901 1497 2046 1567 plicii
2102 1506 2264 1566 atque
2322 1497 2472 1550 necis
2503 1510 2749 1558 causam,
2799 1512 2919 1565 qua:
2957 1488 3087 1549 facit
3135 1506 3466 1566 martyrem;

1900 1601 2077 1655 neque
2133 1599 2260 1639 vero
2295 1599 2394 1653 pro
2446 1594 2684 1654 martyre
2724 1583 2864 1637 Deus
2898 1584 3180 1648 orahatur,
3233 1600 3301 1637 ne
3335 1584 3467 1637 huic

1900 1678 2097 1746 injuria
2151 1678 2335 1742 ﬁeret;
2386 1676 2478 1730 sed
2514 1675 2559 1729 is
2588 1675 2896 1742 rogabatur.
2928 1685 2987 1728 ut
3013 1689 3111 1742 pro
3144 1675 3300 1729 nobis
3332 1690 3464 1729 exo-

226 1754 458 1817 riebant,
492 1762 541 1806 et
572 1768 705 1805 unus
759 1751 1032 1841 denudans
1054 1750 1480 1841 ensem,‘volebat
1519 1759 1795 1841 mactare;
1825 1787 1868 1841 Β
1899 1779 2044 1824 ητα
2096 1768 2287 1833 Deum,
2342 1776 2456 1820 tum
2518 1780 2685 1833 super
2732 1766 2851 1832 eius
2904 1774 3314 1820 monuwemum
3368 1780 3467 1819 ex-

225 1854 343 1899 tum
370 1844 638 1912 episcopus
676 1856 791 1895 eum
832 1839 1068 1901 redemit,
1112 1847 1160 1892 et
1207 1838 1464 1900 liberavit;
1512 1846 1565 1889 at
1603 1836 1691 1890 ille
1724 1838 1795 1889 ei-

224 1956 352 1993 vens
384 1934 635 2006 pra’clare
659 1931 959 1986 obdormiit.
990 1929 1451 1997 Adnotategregie
1472 1927 1536 1983 Β.
1572 1927 1634 1982 Ρ.
1666 1930 1793 1984 Pos-

223 2032 384 2085 sinus
425 2042 639 2095 semper
670 2023 1103 2086 laudatissimus,
1135 2037 1184 2091 p.
1226 2020 1322 2075 181
1393 2019 1543 2075 Νοιι.
1579 2020 1664 2077 bis
1716 2022 1798 2075 di-

223 2120 527 2179 venditum,
568 2130 632 2169 ac
659 2114 853 2183 legitur
901 2113 953 2165 in
993 2112 1163 2165 altero
1214 2110 1408 2165 codice
1458 2124 1600 2165 ms.:
1640 2110 1790 2162 Αὐτὸ

226 2212 341 2279 τὰρ
367 2207 773 2263 θεοποιοῦνται
794 2208 848 2257 οι
873 2204 1133 2272 μάταιοι,
1154 2201 1431 2270 ἠδυνήθη
1448 2200 1662 2270 φυγεῖν
1681 2195 1795 2266 εἷς·

228 2298 459 2367 συνέϐη
491 2315 555 2351 τε
584 2298 678 2350 καὶ
720 2297 888 2361 ὕπνῳ
914 2294 1152 2361 πρωῖνῷ
1184 2290 1691 2362 κατασχεσθῆναι.
1731 2293 1801 2346 ἐν

231 2411 297 2449 τε
329 2389 648 2460 παρελθεῖν
675 2388 783 2442 τὸν
808 2389 1053 2457 ἀστέρα.
1081 2386 1119 2453 ἢ
1148 2384 1456 2439 ἀνατεῖλαι
1478 2386 1585 2437 τὸν
1604 2384 1798 2451 ἥλιον,

231 2484 329 2539 καὶ
367 2479 715 2535 καταλιπεῖν
744 2478 850 2531 τοῦ
878 2477 1106 2545 σφάξαι
1136 2474 1245 2528 τὸν
1283 2473 1634 2539 Θεόδουλον,
1666 2474 1805 2529 ὅθεν

233 2576 503 2641 έάθησαν
527 2573 714 2625 αὐτὸν
742 2573 828 2637 εὶς
849 2570 1091 2639 πρᾶσιν.
1115 2573 1222 2636 Εἰς
1244 2573 1426 2624 πόλιν
1448 2587 1580 2623 τινα
1601 2570 1805 2623 ἐλθόν-

230 2678 331 2727 τες
363 2661 560 2730 μηδὲν
584 2661 790 2729 ἕτερον
826 2660 1109 2729 φέροντες
1132 2660 1238 2715 τοῦ
1262 2660 1596 2714 Θεοδούλου
1633 2663 1684 2714 et
1717 2658 1804 2729 μὴ

231 2752 342 2805 δύο
369 2752 699 2821 χρυσίνους
725 2751 1080 2820 ἐγύμνωσαν
1118 2754 1186 2806 τὸ
1213 2753 1409 2821 ξίφος,
1453 2751 1551 2805 καὶ
1588 2752 1809 2807 ἔθεσαν

231 2845 331 2897 ἐπὶ
382 2843 489 2897 τὸν
545 2842 849 2911 τράχηλον
890 2843 1078 2897 αὐτοῦ
1125 2843 1504 2910 ἀπειλοῦντες
1550 2842 1805 2911 σφάξαι.

231 2933 421 2989 αὐτοῦ
489 2932 559 2986 δὲ
640 2933 1014 2998 ἱκετεύοντος
1088 2934 1398 3002 ἠγοράσθη
1469 2934 1628 3002 παρὰ
1700 2933 1808 2988 τοῦ

234 3024 569 3078 ἐπισκόπου
605 3040 620 3055 ·
680 3024 939 3091 ὕστερον
1008 3021 1077 3075 δὲ
1125 3026 1157 3076 ό
1216 3025 1411 3091 πατὴρ
1455 3023 1640 3078 αὐτοῦ
1693 3022 1809 3077 ἀπ-

1899 1860 2157 1919 struendo
2202 1860 2372 1913 altare
2419 1856 2549 1922 Deo,
2586 1858 2640 1912 in
2674 1857 2856 1911 album
2913 1864 2969 1912 et
2999 1872 3286 1911 numerum
3335 1871 3466 1911 san-

1897 1962 2110 2008 ctorum
2141 1967 2265 2007 eum
2286 1952 2643 2009 asciscebant.
2673 1960 2731 2004 ut
2752 1949 2984 2004 allirmat
3020 1950 3181 2003 etiam
3208 1948 3467 2004 Nicolaus

1897 2040 2252 2103 Alemanuus,
2294 2036 2520 2091 Dissert.
2556 2039 2621 2092 de
2641 2037 2956 2092 Lateranen.
3010 2036 3211 2091 Pariet.
3261 2052 3315 2105 p.
3361 2035 3462 2099 54;

1897 2142 1961 2180 es
2012 2133 2201 2181 sancto
2234 2126 2534 2192 Augustino
2572 2138 2737 2178 scrm.
2777 2125 2878 2178 H5
2914 2125 2989 2177 De
3015 2126 3207 2177 divers.
3239 2135 3293 2179 et
3329 2141 3377 2179 c.
3413 2140 3466 2179 u

1900 2214 2189 2283 Apocalyp.
2259 2210 2458 2267 Verum
2497 2212 2599 2266 iste
2641 2213 2780 2267 ritus
2814 2213 3087 2267 adhibitus
3117 2214 3219 2267 luit
3249 2223 3301 2268 et
3332 2229 3465 2268 cou-

1902 2304 2204 2360 lessoribus
2240 2317 2305 2357 ex
2334 2303 2493 2358 Petro
2546 2303 2806 2358 Damiano
2838 2305 2893 2357 in
2932 2302 3038 2357 Vit.
3070 2302 3130 2358 S.
3160 2302 3466 2367 Romualdi,

1903 2412 1952 2452 c.
1988 2396 2075 2461 72,
2107 2404 2164 2449 et
2191 2395 2419 2466 epismla
2474 2396 2543 2451 ‘29
2578 2390 2644 2450 ad
2668 2395 2959 2451 Hernicum
2996 2396 3465 2465 archiepiscopum

1906 2488 2249 2553 Ravennat.,
2306 2496 2468 2558 atque
2533 2486 2809 2542 cardinale
2858 2485 3114 2551 Barouio,
3169 2500 3290 2555 cap.
3342 2486 3376 2540 5
3413 2485 3468 2539 in

1905 2580 2289 2653 MarterIOgio
2340 2580 2608 2634 Romano.
2653 2580 2804 2635 Unde
2846 2580 3198 2634 canonizatos
3226 2579 3348 2644 hos,
3379 2577 3472 2631 Ni-

1905 2674 2018 2729 lum
2043 2673 2247 2728 scilicet
2267 2681 2425 2741 atque
2449 2669 2811 2735 Theodulum,
2837 2669 3005 2724 fuisse
3033 2669 3220 2738 liquet,
3255 2666 3473 2736 quando

1909 2763 2012 2818 sub
2046 2762 2206 2816 altari
2255 2760 2475 2815 fuerunt
2522 2774 2710 2813 eorum
2752 2758 3040 2813 recondita:
3065 2755 3340 2825 reliquiae;
3374 2754 3472 2809 de-

1908 2851 2256 2906 clarabantur
2304 2850 2447 2903 enim
2499 2850 2601 2903 hoc
2651 2851 2758 2901 ritu
2797 2846 2917 2900 illos
2968 2845 3278 2907 vixisse,ac
3312 2843 3472 2897 rebus

1910 2942 2074 3011 gestis
2110 2941 2375 2996 meruisse
2405 2940 2677 2994 cmlestem
2711 2938 3042 3001 beatitatcm,
3076 2946 3127 2989 et
3160 2934 3477 2989 facultatem

1910 3047 2008 3101 pro
2065 3032 2223 3086 nobis
2276 3044 2372 3089 eos
2421 3030 2804 3084 invocantibus
2859 3028 2999 3096 apud
3036 3025 3203 3080 Deum
3238 3026 3472 3079 interve-

230 3116 451 3169 ἔλαϐον
506 3116 712 3178 αὐτὸν,
780 3117 879 3169 καὶ
945 3115 1012 3168 τὸ
1071 3115 1289 3169 λοιπὸν
1349 3115 1462 3182 τῆς
1499 3114 1651 3182 ζωῆς
1707 3130 1809 3167 κα-

1909 3120 2115 3176 niendi.
2144 3120 2283 3175 Sunt
2311 3121 2509 3202 quippe
2538 3119 2733 3187 phiala
2750 3133 2927 3172 aureae
2957 3118 3125 3186 plenae
3152 3116 3474 3170 odoramen-

232 3204 353 3270 λῶς
404 3205 639 3271 βιώσας
676 3206 747 3258 ἐν
778 3204 994 3275 εἰρήνῃ
1034 3203 1365 3272 ἐτελειώθη.
1393 3205 1450 3258 ld
1495 3213 1615 3258 est:
1645 3202 1805 3256 Illam

231 3304 370 3356 enim
393 3300 599 3354 stellam
632 3300 772 3368 [alui
796 3297 962 3351 Deum
982 3314 1092 3352 esse
1121 3298 1348 3368 ﬁngunt,
1381 3301 1549 3365 potuit
1581 3298 1802 3367 aufuge—

234 3406 289 3443 re
310 3406 470 3450 unus,
506 3390 719 3459 contigit
748 3397 797 3441 et
821 3404 1001 3441 somno
1039 3391 1297 3441 matutino
1326 3388 1570 3439 distineri
1605 3385 1802 3436 barba-

236 3498 343 3545 ros,
375 3494 421 3535 et
449 3483 654 3534 interim
682 3482 919 3540 Astrum,
943 3495 1035 3532 seu
1053 3479 1277 3533 Stellam
1303 3479 1593 3546 prazterire,
1628 3476 1805 3530 Solem

236 3590 354 3625 vero
403 3574 619 3635 exoriri,
667 3572 1077 3637 destiteruntque
1110 3569 1193 3621 illi
1242 3570 1305 3621 ab
1354 3569 1597 3637 incepto,
1645 3583 1805 3637 neque

240 3663 563 3715 Tlteodulum
588 3660 904 3730 jugularunt
924 3700 941 3725 ,
970 3659 1105 3711 unde
1134 3658 1284 3710 illum
1312 3659 1379 3711 ad
1407 3658 1805 3711 venundandam

236 3757 484 3823 sospitem
536 3753 898 3821 reliquerunt;
952 3750 1209 3805 venientes
1275 3759 1450 3803 autem
1505 3749 1573 3802 ad
1625 3748 1805 3802 urbem

236 3843 540 3913 quamdam,
572 3844 702 3897 nihil
729 3843 898 3908 aliud,
924 3843 1025 3896 nisi
1047 3844 1175 3896 duos
1197 3858 1382 3895 aureos
1417 3857 1511 3909 pro
1540 3839 1807 3894 Theodulo

200 3990 205 3995 ς
236 3937 620 4007 proferentibus
650 3935 752 3998 liis,
774 3938 864 4006 qui
894 3936 1151 4001 emebant,
1183 3936 1567 3989 distrinxerant
1607 3949 1802 3999 ensem,

238 4040 284 4082 et
303 4044 458 4097 super
478 4027 641 4096 ipsius
661 4028 852 4081 collum
878 4036 1184 4098 posuerunt,
1207 4027 1504 4080 minitantes
1526 4042 1636 4081 sese
1654 4025 1806 4080 illum

239 4131 585 4174 mactaturos.
618 4119 734 4188 Ipse
760 4135 875 4174 vero
922 4121 1163 4189 supplex,
1196 4129 1244 4172 et
1288 4135 1511 4173 exorans
1541 4128 1805 4187 coemptas

239 4211 341 4279 fuit
392 4210 455 4263 ab
492 4211 755 4280 episcopo,
789 4212 910 4264 dein
948 4212 1061 4280 ejus
1108 4220 1259 4279 pater
1298 4212 1467 4278 ipsum
1503 4211 1712 4278 recepit,
1757 4219 1806 4264 et

234 4300 566 4368 postmodum
598 4301 892 4356 Theodulus
922 4303 1082 4356 vitam
1114 4303 1369 4373 reliquam
1402 4313 1579 4356 sancte
1615 4302 1805 4355 tradu-

234 4392 420 4455 xit,ac
459 4392 510 4445 in
546 4408 672 4461 pace
717 4402 1110 4445 consummatus
1157 4400 1255 4445 est.
1311 4389 1549 4446 Plurima
1584 4406 1805 4460 quoque

1911 3221 2086 3266 torum
2120 3211 2390 3267 orationes
2418 3220 2730 3283 sanctorum
2759 3225 2804 3265 c.
2838 3225 2894 3272 ν,
2927 3225 2977 3261 v.
3009 3208 3042 3262 8
3071 3207 3357 3276 Apocalyp.
3380 3224 3396 3273 ;
3421 3216 3473 3260 ct

1908 3304 2130 3355 multum
2161 3302 2296 3357 valet
2328 3303 2625 3372 deprecatio
2643 3303 2779 3370 justi
2811 3302 3051 3365 assidua,
3086 3314 3117 3355 e
3154 3299 3330 3354 sancti
3376 3296 3471 3353 Ja—

1906 3391 2286 3459 cobiEpistola
2316 3407 2364 3446 c.
2391 3407 2441 3457 ν,
2494 3409 2546 3444 v.
2585 3394 2673 3445 16.
2709 3394 2972 3446 Torrente
3008 3406 3242 3459 namque
3282 3389 3475 3460 volup-

1907 3481 2034 3535 tatis
2083 3489 2340 3550 petantur
2364 3482 2416 3534 in
2448 3481 2699 3549 paradiso
2724 3482 2918 3542 sancti,
2952 3491 3005 3535 ct
3033 3482 3087 3534 in
3117 3482 3322 3535 lumine
3352 3483 3474 3535 bea-

1909 3567 2054 3623 tifico
2086 3569 2267 3623 vident
2294 3570 2466 3624 lucem
2499 3570 2947 3637 inaccessibilem,
2979 3576 3033 3625 et
3062 3571 3243 3626 lumen
3276 3572 3469 3628 indeli-

1906 3658 2078 3722 ciens,
2114 3672 2178 3712 ac
2206 3659 2431 3725 deliciis,
2467 3660 2790 3730 gaudiisque
2815 3661 3032 3715 arcanis
3066 3659 3181 3727 Dei,
3215 3678 3336 3731 quae
3363 3680 3468 3717 non

1906 3751 2035 3805 licet
2062 3750 2268 3806 homini
2302 3752 2472 3820 loqui,
2494 3753 2596 3807 hoc
2622 3759 2704 3807 est
2728 3752 3187 3807 inenarrabilibus
3218 3754 3334 3808 sine
3365 3756 3471 3808 title

1904 3836 2277 3915 perfruuntur.
2298 3843 2481 3899 Gloria
2496 3845 2604 3899 Ιιιεο
2621 3854 2697 3899 est
2712 3845 2951 3899 omnibus
2963 3846 3303 3916 sanctisejus,
3326 3851 3471 3901 canit

1906 3936 2094 4002 David,
2122 3936 2267 3994 Psal.
2299 3954 2481 3998 crux.
2507 3955 2561 3992 γ.
2592 3938 2645 4004 9,
2670 3938 2734 3992 ad
2763 3953 2925 4008 quam
2955 3937 3271 4007 benignitica
3296 3938 3465 4007 gratia

1906 4028 2214 4085 miserentis
2236 4030 2497 4085 Altissimi
2524 4045 2625 4084 nos
2656 4038 2713 4083 ut
2739 4031 2950 4093 evehat,
2983 4030 3288 4099 redemptos
3313 4043 3471 4083 sacro

1906 4123 2169 4193 sanguine
2198 4121 2317 4175 Filii
2372 4122 2457 4177 sui
2509 4120 2722 4175 Domini
2758 4123 2929 4178 nostri
2957 4119 3084 4175 Jesu
3117 4121 3341 4183 Christi,
3378 4119 3471 4173 Ni-

1904 4214 2015 4268 lum
2051 4223 2105 4268 et
2133 4213 2493 4276 Theodulum,
2523 4215 2819 4283 beatosque
2850 4228 3042 4268 omnes
3078 4212 3304 4281 spiritus
3328 4212 3467 4266 votis

1905 4306 2178 4361 continuis
2231 4305 2429 4360 obnixe
2485 4305 2771 4374 deprecor,
2827 4312 2885 4357 ut
2936 4318 3031 4373 per
3060 4318 3172 4368 eos,
3204 4311 3257 4356 et
3285 4301 3464 4356 Nilum

1906 4395 2195 4464 praecipue,
2227 4395 2383 4464 cujus
2412 4394 2502 4449 hic
2524 4395 2685 4448 vitam
2713 4395 2764 4447 in
2796 4392 2952 4448 terris
2978 4393 3262 4459 delineavi,
3288 4392 3466 4444 vivam

238 4482 326 4535 lux
347 4481 595 4537 Historiae
611 4481 829 4537 Niliaca
847 4481 1202 4552 all'ulgebitcx
1226 4481 1328 4545 his,
1349 4497 1469 4551 qua:
1488 4482 1541 4536 in
1561 4481 1802 4536 Menolu-
1836 4457 1877 4511 υ
1907 4496 2166 4540 anei-num
2203 4485 2255 4540 in
2294 4486 2451 4551 cmlo,
2483 4494 2537 4541 et
2565 4486 2705 4539 inter
2734 4497 2829 4540 eos
2859 4484 2989 4537 mihi
3017 4500 3046 4537 e
3078 4481 3312 4552 peccatis
3334 4481 3467 4535 meis

238 4575 324 4642 gio
339 4584 688 4630 recensentur
706 4573 773 4629 de
789 4574 1089 4640 monachis,
1121 4588 1260 4644 quos
1279 4582 1542 4628 necarunt
1564 4575 1626 4627 ba
1636 4576 1800 4638 rbari,

1910 4577 2202 4646 emergenti
2252 4578 2404 4631 locus
2435 4591 2652 4631 sursum
2689 4576 3013 4630 inveniatur.

1569 4745 2166 4774 -—-———-m--———.

310 4896 560 4986 §equitur
620 4906 758 4970 apud
807 4902 1114 4986 Suaresium
1165 4913 1489 4986 enatorum.
1542 4906 1702 4986 series
1749 4922 1866 4986 quia
1931 4922 2023 4974 per
2057 4908 2297 4986 paginas
2348 4905 2435 4971 i7,
2471 4904 2705 4975 in-folio,
2752 4915 2809 4962 ut
2848 4908 3019 4973 aiunt,
3097 4904 3466 4973 exspatiatur;

236 4972 625 5037 prazmittuntur
654 4989 829 5028 versus
858 4974 1046 5044 quibus
1076 4972 1309 5028 Lectoris
1341 4974 1720 5043 indulgentiam
1762 4972 1954 5028 Editor
1986 4972 2241 5029 sollicitat
2269 4990 2288 5028 :

1050 5106 1356 5180 Humanum
1395 5119 1473 5180 est
1501 5122 1701 5180 errare,
1726 5124 1937 5180 Διτιαιιιιις
1986 5124 2191 5180 quoque
2237 5110 2445 5163 lubrica
2473 5110 2619 5180 fallit

1184 5176 1346 5250 _$_unt
1402 5176 1620 5250 fragiles
1653 5176 1844 5230 calami
1875 5176 2224 5247 difﬁcilesque
2262 5182 2391 5250 tgpi.

1051 5246 1257 5316 Ingenii
1315 5256 1392 5299 est
1442 5246 1621 5299 eadem
1675 5262 1775 5299 non
1818 5246 2019 5316 semper
2072 5246 2240 5314 vena;
2278 5246 2497 5304 remittit

1192 5317 1361 5389 Arcus
1422 5325 1639 5380 tensus;
1696 5316 1876 5370 hebent
1928 5319 2180 5387 ancipites
2211 5319 2395 5389 gladii.

1045 5386 1261 5456 Corrige
1315 5386 1390 5437 sic
1428 5402 1548 5454 ergo
1604 5403 1805 5441 errores
1840 5403 1932 5455 per
1981 5386 2234 5456 opuscula
2272 5388 2410 5455 Nili,

1222 5466 1378 5508 aucta
1429 5465 1503 5510 tot
1555 5456 1701 5511 illius
1747 5458 1835 5526 qui
1880 5456 2191 5512 documenta
2239 5459 2389 5529 legis.

1813 5629 1879 5638 ,-
