3998 6214
533 297 670 364 1439
1940 295 2001 355 S.
2025 295 2102 354 .\'I

3654 287 3790 347 HW

522 404 822 465 delectari;
859 416 985 458 cum
1015 403 1117 457 hac
1142 400 1466 464 diﬂerentia,
1504 408 1565 455 ut
1594 399 1660 453 ad
1696 398 1840 453 illam
1868 400 2090 469 quanti~

2207 397 2317 460 ιοῦ,
2340 398 2465 469 περὶ
2493 395 2553 450 τὸ
2582 395 2731 448 ποιόν
2754 413 2766 426 ·
2783 395 2927 457 τινὲς
2949 395 3007 448 δέ
3036 395 3130 448 καὶ
3145 393 3310 465 ἄμφω
3330 396 3786 464 γαστριμαργίαν

526 509 647 559 tas,
699 494 766 548 ad
804 494 943 549 hanc
976 494 1213 563 qualitas
1244 493 1528 561 pertineat.
1574 489 1710 556 Quia
1755 491 1899 545 enim
1949 506 2091 560 μαρ-

2205 490 2507 560 ὡνόμασαν.
2540 488 2687 558 Δῦτη
2721 488 3122 558 προφασίζεται
3154 488 3448 556 στόμαχον,
3480 488 3577 540 καὶ
3610 480 3784 555 ἧπαρ,

527 586 738 653 γαίνειν
770 584 1011 639 insanire
1049 583 1341 653 signiﬁcat,
1377 582 1586 636 ventris
1624 581 1844 651 quidem
1879 581 2092 635 insania

2207 580 2293 634 καὶ
2321 580 2552 648 σπλῆνα,
2570 580 2666 632 καὶ
2685 578 2871 642 ἁπλῶς
2900 578 3205 643 ἀσθένειαν,
3233 578 3476 640 καὶτοὺς
3496 577 3593 629 διὰ
3620 577 3786 630 ταῦτα

527 689 624 726 seu
658 673 781 742 gula
809 673 861 726 in
886 672 1190 741 quantitate
1218 680 1482 735 versatur,
1515 671 1753 740 gutturis
1773 680 1956 725 autem
1980 670 2095 725 sive

1628 671 1753 725 .uris
1773 680 1956 725 autem
1980 670 2095 725 sive
2200 672 2456 741 χαλεποῖς
2486 670 2977 741 περιπεπτωκότας
3014 668 3207 732 νόσοις.

528 763 835 833 ingluvies,
902 763 954 816 in
1018 763 1298 832 qualitate,
1351 776 1663 831 quanquam
1719 763 1964 816 nonnulli
2029 772 2311 834 utramque
2375 779 2486 818 uno
2550 762 2772 816 nomine
2831 760 3014 830 gulam
3075 767 3430 813 vocaverunt.
3488 755 3631 811 Hasc
3690 768 3791 812 sto-

531 853 1018 922 machum,bepar,
1045 854 1332 922 splcmem,
1407 853 1644 922 denique
1699 853 2179 908 imbecillieitatem
2218 865 2493 921 causatur,
2525 869 2727 923 eosque
2773 852 2867 923 qui
2906 862 3189 921 prnnterea
3236 850 3289 903 in
3333 865 3532 921 graves
3566 850 3791 902 morbos

535 943 862 996 inciderunt.
1124 953 1134 964 ‘
2098 950 2103 955 '

600 1032 839 1101 Frugum
890 1031 1215 1101 principium
1248 1031 1349 1086 ﬂos
1376 1041 1483 1094 cst,
1532 1047 1597 1088 ac
1648 1032 1864 1088 virtutis
1909 1034 2100 1091 actim

2278 1029 2444 1103 Ἀρχὴ
2465 1025 2869 1098 καρποφορίας,
2892 1023 3074 1088 ἄνθος,
3108 1024 3203 1077 καὶ
3225 1021 3565 1092 πρακτικῆς,
3586 1023 3789 1091 ἐγκρὰο

529 1122 890 1185 continentia,
920 1130 976 1176 et
1003 1109 1294 1176 all’ectuum
1329 1123 1654 1178 vitiosurum
1686 1125 1812 1193 gula
1834 1124 1884 1179 1³.

1595 1139 1654 1176 ιιι
1686 1125 1812 1193 gula
1834 1124 1884 1179 1³.
2199 1137 2339 1183 τεια,
2368 1120 2462 1174 καὶ
2496 1117 2708 1180 παθῶν,
2741 1113 3174 1186 γαστριμαργία.

600 1213 745 1284 Ignis
776 1213 1007 1268 materia
1043 1214 1246 1283 lignum
1276 1222 1395 1281 est;
1442 1215 1685 1270 libidinis
1730 1226 1935 1282 autem,
1975 1233 2105 1273 ven-

2275 1212 2415 1281 ’Υλη
2454 1208 2645 1278 πυρὸς,
2685 1206 2818 1270 ξύλα
2842 1220 2860 1238 ο
2900 1203 3197 1267 ἀκολασίας
3240 1203 3320 1267 δέ,
3366 1200 3677 1273 πλησμονὴ
3707 1219 3794 1268 γαρ

532 1305 633 1359 tris
667 1305 930 1369 satietas;
981 1313 1036 1358 et
1084 1305 1214 1359 illud
1265 1306 1483 1374 quidem
1529 1308 1762 1363 suscitat
1808 1308 2105 1376 ﬂammam,

2216 1300 2367 1372 πρός
2389 1314 2405 1330 ·
2439 1299 2537 1352 καὶ
2560 1297 2627 1352 τὰ
2654 1296 2754 1369 μὲν
2783 1295 3008 1362 ἐξάπτει
3034 1293 3207 1364 φλόγα
3228 1331 3258 1358 ,ρ
3280 1294 3315 1362 η
3342 1290 3402 1344 δέ
3428 1290 3661 1361 φαύλην
3688 1292 3795 1342 ἐτι-

536 1398 650 1452 luec
679 1411 810 1452 vero
839 1411 1063 1466 pravam
1092 1396 1472 1466 cupiditatem.

851 1411 1063 1465 pravam
1092 1396 1472 1466 cupiditatem.
2212 1389 2430 1460 θυμίαν.

608 1487 812 1541 Venter
863 1502 1064 1557 egens,
1118 1487 1560 1557 perturbationes
1607 1491 1776 1546 animi
1833 1492 2111 1563 consopit,

2283 1482 2500 1553 Γαστὴρ
2532 1479 2715 1549 ἐνδεὴς
2744 1476 2981 1548 κοιμίζει
3024 1474 3174 1545 πάθη
3206 1490 3221 1505 ο
3248 1471 3595 1545 διεγείρειδὲ
3630 1470 3792 1524 ταῦτα

536 1590 675 1645 quas
704 1578 899 1647 plenus
936 1578 1160 1634 excitat.

1063 1587 1160 1634 tat.
2215 1573 2641 1643 πεπληρωμένη.

606 1668 773 1722 Arida
806 1670 983 1723 victus
1007 1671 1170 1736 ratio,
1200 1672 1443 1727 sobrium
1474 1672 1615 1743 parit
1644 1688 1867 1728 sensum
1894 1690 1908 1728 :
1933 1672 2113 1729 victus

2287 1668 2475 1720 Δίαιτα
2518 1663 2657 1735 ξηρὰ
2698 1660 2963 1733 νηφάλιον
3012 1658 3186 1711 τίκτει
3228 1654 3536 1725 φρόνημα·
3594 1653 3711 1723 βίος
3748 1652 3806 1703 δέ

538 1768 721 1813 autem
764 1759 1024 1814 humidus
1048 1769 1103 1813 et
1133 1761 1334 1825 mollis,
1367 1772 1603 1817 mentem
1639 1763 1927 1833 demergit.

1404 1772 1603 1817 tentem
1639 1763 1927 1833 demergit.
2221 1760 2383 1830 ὑγρὸς
2413 1756 2541 1811 νοῦν
2566 1753 2983 1817 καταϐαπτίζει.

608 1846 752 1902 Solis
782 1848 1000 1917 quidem
1050 1850 1234 1907 radios
1284 1853 1543 1907 obscurat
1590 1853 1824 1921 nebula;
1873 1862 2109 1908 mentem
2147 1836 2187 1890 Β

2300 1850 2483 1904 Ἠλίου
2509 1850 2610 1919 μὲν
2630 1849 2857 1908 ἀκτῖνας
2900 1843 3100 1914 ὀμίχλη
3131 1840 3367 1904 σκοτίζει
3391 1855 3405 1867 °
3432 1838 3577 1891 νοῦν
3604 1838 3685 1898 δὲ.
3710 1855 3798 1889 u-

540 1950 691 1999 vero,
724 1950 949 1993 crassus
977 1952 1147 2007 vapor
1172 1954 1203 1994 e
1239 1940 1376 1995 cibis
1406 1941 1688 1996 exhalans.

2218 1945 2319 2014 χῦς
2348 1941 2541 2010 ἀτμὸς,
2583 1938 2889 2009 βρωμάτων
2910 1933 3307 2002 άναδιδόμενος.

613 2022 684 2077 Ut
725 2035 869 2077 terra
904 2026 1103 2080 inculta
1134 2027 1320 2096 spinas
1346 2028 1616 2097 producit,
1650 2027 1730 2084 sic
1757 2036 1947 2084 venter
1972 2029 2113 2086 cibis

2288 2030 2364 2099 Γῆ
2393 2028 2494 2099 μὲν
2535 2027 2903 2097 χερσωθεῖσα,
2942 2021 3225 2092 βλαστάνει
3249 2018 3505 2080 ἀκάνθας
3544 2034 3560 2046 ·
3602 2019 3798 2085 γαστὴρ

541 2124 777 2170 onustus
807 2114 1075 2171 obscenas
1105 2118 1479 2186 cogitationes.
1614 2120 1615 2123 “

2219 2120 2277 2174 δὲ
2308 2119 2623 2192 βαρηθεῖσα,
2646 2115 2938 2184 λογισμοὺς
2972 2111 3249 2181 αἰσχρούς.

612 2204 797 2275 Neque
831 2207 884 2259 in
941 2222 1101 2261 emno
1140 2217 1501 2278 unguentum,
1566 2224 1743 2278 neque
1792 2208 1847 2263 in
1907 2210 2114 2281 gulosis

2292 2207 2431 2262 Οὔτε
2469 2209 2528 2261 ἐν
2570 2205 2817 2277 βορϐόρῳ
2858 2203 3081 2256 δυνατδν
3114 2203 3297 2272 εὑρεῖν
3340 2199 3563 2269 μύρον,
3608 2197 3727 2250 οὔτε
3753 2198 3798 2244 ἐν

544 2297 794 2368 fragrans
833 2297 1053 2351 virtutis
1087 2298 1223 2352 odor
1264 2298 1497 2354 inveniri
1536 2309 1735 2370 potest.

1585 2309 1735 2354 stest.
2222 2298 2657 2369 γαστριμάργοις
2688 2295 2915 2347 εὐωδίαν
2939 2291 3164 2364 ἀρετῆς.

616 2389 901 2446 Helluonis
933 2391 1129 2447 oculus
1158 2392 1408 2446 convivia
1439 2392 1654 2448 curiose
1684 2394 1953 2462 exquirit;
1986 2408 2117 2449 con-

2306 2388 2609 2459 Ὀςρθαλμος
2636 2386 3047 2456 γαστριμάργου
3065 2380 3495 2453 περιεργάζεται
3514 2383 3795 2449 supter:

545 2481 770 2536 tiuentis
788 2488 994 2545 autem,
1021 2481 1388 2551 spiritualium
1422 2484 1844 2554 sapientumque
1873 2485 2115 2540 virorum

2221 2476 2317 2531 τοῦ
2362 2476 2419 2528 δὲ
2458 2473 2788 2547 ἐγκρατοῦς,
2831 2473 3037 2544 ἀνδρῶν
3088 2471 3480 2540 πνευματικῶν
3512 2471 3615 2522 καὶ
3644 2468 3800 2536 σοφῶν

546 2580 739 2627 cetus.

2229 2568 2499 2638 συνέδρια.

616 2661 943 2718 Sanctorum
993 2664 1293 2719 memorias
1344 2675 1600 2721 numerat
1634 2667 1953 2722 comedoais
1996 2667 2119 2722 ani-

2286 2676 2532 2747 Μνήμας
2564 2674 2733 2743 ἁγίων
2763 2671 2990 2744 ἀριθμεῖ
3018 2670 3163 2741 ψυχὴ
3185 2669 3619 2741 γαστριμάργου
3650 2685 3667 2697 ο
3694 2671 3728 2737 ἡ
3758 2670 3807 2721 ea

547 2767 702 2816 mus;
744 2753 1080 2809 continentis
1106 2763 1313 2820 autem,
1356 2770 1545 2810 eorum
1574 2757 1742 2811 vitam
1779 2756 2046 2811 imitatur.

1779 2756 2046 2811 inlilallﬂ'o
2224 2766 2319 2821 τοῦ
2344 2765 2645 2837 ἐγκρατοῦς
2678 2767 2922 2835 μιμεῖται
2954 2762 3103 2831 βίους
3138 2759 3338 2814 αὐτῶν.

616 2842 695 2896 Ne
743 2844 1031 2912 exquisitis
1077 2846 1372 2916 nimiisque
1430 2847 1571 2902 cibis
1623 2862 1823 2918 corpus
1871 2849 2117 2918 sagines,

2295 2857 2389 2929 Μὴ
2423 2856 2621 2928 πιάνῃς
2658 2856 2720 2908 τὸ
2762 2853 2920 2923 σῶμα
2960 2852 3277 2920 πολυτελείᾳ
3315 2852 3414 2903 καὶ
3454 2851 3616 2921 κόρῳ
3639 2867 3654 2880 ·
3683 2849 3808 2915 ταί)

548 2930 695 2988 illico
756 2934 901 2989 enim
976 2934 1224 3007 insurget
1303 2939 1592 2993 adversum
1660 2947 1733 2994 te.
1803 2938 1947 3003 Quin
2020 2954 2122 3008 po-

2245 2949 2336 3021 τὰρ
2358 2947 2824 3016 καταναστήσεταί
2859 2960 2975 2998 σου.
2997 2942 3216 3011 Δάμαζε
3246 2942 3302 2994 δὲ
3331 2940 3499 2993 τοῦτο
3528 2941 3600 2992 δι’
3622 2942 3824 3008 ἐγκρα-

550 3026 660 3081 tius
691 3041 786 3095 per
820 3027 1216 3082 continentiam
1248 3028 1427 3099 ipsum
1455 3044 1665 3095 coerce,
1693 3032 1882 3101 sicque
1910 3031 2120 3086 obtem-

2239 3040 2399 3106 τείας,
2445 3040 2540 3093 καὶ
2592 3036 2954 3107 καταστήσεις
3008 3035 3241 3103 εὐήνιον,
3304 3034 3444 3102 μήτε
3498 3032 3818 3101 κινούμενον

553 3133 749 3184 perans
803 3118 1019 3183 reddes,
1084 3120 1159 3175 ila
1219 3130 1277 3175 ut
1332 3136 1433 3175 nec
1493 3121 1820 3177 inordinatis
1881 3123 2123 3179 motibus

2237 3129 2462 3193 hanc,
2490 3128 2626 3199 μήτε
2652 3124 2973 3198 χρεμετίςον
2999 3124 3103 3177 ὑπὸ
3134 3124 3313 3193 ὁρμῆς
3334 3121 3653 3190 ἐμπαθοῦς.
3684 3120 3816 3174 Οὔτε

553 3220 915 3279 prorumpat,
962 3225 1063 3264 nec
1116 3227 1230 3281 prae
1282 3213 1549 3281 petulanti
1592 3214 1795 3282 impetu
1826 3252 1841 3277 ,
1891 3216 2016 3284 equi
2067 3217 2120 3270 in

2233 3221 2333 3291 γὰρ
2363 3183 2626 3289 πολέιμίος
2836 3183 2992 3288 μένος
3013 3183 3245 3285 scapi-Eiet
3456 3230 3469 3242 ·
3490 3211 3627 3264 οὔτε
3662 3211 3812 3281 σῶμ-ι

551 3314 758 3354 morem
815 3301 1051 3355 binniat.
1110 3303 1245 3357 Nam
1302 3319 1482 3374 neque
1538 3305 1714 3361 liostis
1765 3307 2126 3363 obtruncatus

2241 3311 2293 3367 it’
2349 3311 2680 3382 ιγκρατείας
2741 3308 3081 3363 ταπεινωθέν
3130 3306 3385 3377 ταράττει
3430 3304 3645 3373 ψυχήν.
3715 3304 3820 3356 Καὶ

555 3398 829 3446 terrorem
869 3392 1088 3461 incutit,
1138 3410 1313 3464 neque
1343 3409 1546 3465 corpus
1588 3412 1685 3468 per
1735 3399 2127 3455 continentiam

2241 3404 2418 3475 ὥσπερ
2472 3404 2572 3457 οὐκ
2622 3398 2730 3456 οίδε
2786 3400 2978 3470 νεκρὸς
3039 3398 3218 3467 φλόγα
3262 3395 3445 3465 πυρὸς,
3472 3394 3669 3457 οὕτως
3702 3394 3820 3447 οὐδὲ

552 3481 829 3551 deiectum
866 3485 1148 3555 perturbat
1176 3487 1447 3557 animam;
1472 3498 1525 3544 et
1552 3491 2011 3561 quemadmodum
2037 3507 2130 3547 ca-

1564 3491 2011 3561 qucmadmodum
2037 3507 2130 3547 ca-
2232 3493 2508 3566 ἐγκρατὴς
2560 3495 2788 3564 κάμινον
2823 3490 3143 3560 ἐμπαθείας,

553 3576 719 3634 (laver
768 3578 1042 3635 ﬂammam
1085 3581 1228 3653 ignis
1283 3584 1507 3639 minime
1565 3586 1765 3653 sentit;
1831 3586 1914 3642 sic
1957 3603 2136 3659 neque
2172 3590 2221 3645 is
2273 3592 2367 3660 qui
2419 3590 2755 3647 continentia
2832 3587 3093 3659 praeditus
3146 3591 3267 3651 est,
3335 3579 3588 3634 libid'm'ts
3630 3577 3818 3632 fern:-

553 3683 671 3722 cem
680 3707 697 3723 ο

625 3757 976 3813 Continentia
1026 3760 1333 3817 castitatem
1366 3764 1542 3832 parit;
1598 3766 1724 3836 gula
1770 3776 1963 3823 contra
2011 3769 2135 3824 libi-

2322 3768 2653 3840 Ἐγκράτεια
2714 3764 2890 3819 τίκτει
2952 3761 3346 3833 σωφροσύνηνο
3397 3754 3824 3825 γαστριμαργία

540 3851 700 3904 diuis
734 3859 907 3905 mater
938 3861 1044 3907 est.

2239 3862 2299 3917 δὲ
2328 3863 2513 3932 μήτηρ
2535 3858 2854 3920 ἀκολασίας.

626 3940 731 4005 Qui
763 3951 1005 3996 ventrem
1051 3944 1317 4015 implens,
1363 3947 1637 4017 pudicitia:
1667 3952 1874 4006 cultum
1916 3953 2135 4023 proﬁtec

2322 3952 2382 4006 '0
2416 3950 2637 4021 πληρῶν
2669 3949 2936 4019 γαστέρα,
2969 3947 3065 4000 καὶ
3115 3944 3422 4014 σωφρονεῖν
3476 3936 3825 4005 ἐπαγγελλό-

562 4041 672 4096 tur,
709 4034 916 4088 homini
951 4034 1147 4089 similis
1175 4046 1279 4102 est,
1322 4041 1414 4108 qui
1444 4040 1729 4110 pollicetur
1760 4058 1819 4098 se
1858 4044 1999 4115 ignis
2023 4046 2132 4100 vim

2249 4060 2428 4117 μενος,
2458 4042 2645 4112 ὅμοιός
2682 4043 2801 4093 ἐστι
2837 4038 2917 4109 τῷ
2958 4033 3420 4104 ἐπαγγελλομένῳ
3466 4028 3739 4100 χαλινοῦν
3768 4029 3828 4078 ἐν

561 4123 759 4193 stipula
814 4140 1257 4194 compressurum
1278 4168 1293 4194 ,
1340 4139 1435 4185 aut
1464 4130 1741 4188 ﬂammam
1778 4134 1901 4190 oleo
1932 4136 2137 4191 exstin-

2243 4136 2468 4204 καλάμῃ
2496 4134 2663 4205 πυρὸς
2701 4131 2899 4202 ὁρμὴν,
2937 4130 2970 4199 ἢ
3005 4127 3169 4198 ἐλαίῳ
3196 4127 3370 4196 φλόγα
3406 4122 3723 4175 σϐεννύειν.

560 4225 798 4269 Cilll'lllll.

634 4304 735 4369 Qui
776 4320 915 4372 pane
942 4316 996 4360 et
1026 4323 1169 4376 aqua
1220 4318 1524 4378 saturatur,
1571 4315 1855 4371 continens
1889 4331 1997 4371 non
2031 4328 2134 4372 est.

2325 4314 2384 4368 '0
2415 4310 2812 4383 κορεννύμενος
2840 4308 3009 4379 ἄρτου
3041 4306 3136 4359 καὶ
3166 4304 3385 4367 ὓδατος,
3418 4300 3714 4370 ἐγκρατὴς
3734 4300 3832 4353 οὑκ

568 4397 827 4465 Cujus-vis
858 4400 1004 4453 enim
1039 4403 1317 4469 saturitas,
1352 4404 1528 4459 aliena
1569 4417 1654 4462 est
1684 4424 1715 4462 a
1746 4411 2100 4466 continentia.

2246 4407 2383 4461 ἐστι.
2419 4404 2629 4466 Παντὸς
2662 4402 2772 4471 γὰρ
2796 4400 2978 4470 κόρος,
3013 4396 3339 4468 ἐγκρατείας
3367 4393 3692 4463 ἀλλότριος.

636 4488 775 4542 Cum
815 4491 953 4560 gula:
997 4492 1208 4547 daamon
1262 4497 1636 4566 praescriptam
1684 4502 1926 4557 ciborum
1970 4503 2141 4558 absti-

2318 4501 2487 4553 Ὅταν
2531 4498 2560 4549 ὁ
2587 4496 2686 4567 τῆς
2715 4490 3159 4563 γαστριμαργίας
3201 4488 3411 4557 δαίμων
3440 4488 3699 4557 ἁτονὴσῃ
3727 4485 3836 4536 δια-

569 4581 814 4634 nentiam
857 4581 1188 4640 labefactare
1236 4600 1344 4641 non
1392 4589 1566 4654 valet,
1622 4597 1736 4646 tum
1796 4604 2032 4648 ascctam
2088 4595 2142 4649 in

2252 4589 2467 4661 φθεῖραι
2495 4586 2593 4658 τὴν
2622 4583 2936 4656 ὡρισμένην
2967 4581 3077 4633 τῶν
3120 4578 3428 4650 βρωμάτων
3458 4576 3831 4646 ἐγκράτειαν.

566 4687 796 4727 summa:
823 4676 1172 4731 continentiae
1206 4678 1553 4747 cupiditatem
1606 4685 1842 4754 maligne
1883 4687 2140 4756 conjicit;

2259 4681 2367 4734 τότε
2442 4675 2754 4745 κακοήθως,
2803 4676 2884 4738 είς
2926 4671 3222 4741 ἐπιθυμίαν
3258 4668 3573 4739 ἀκροτάτης
3628 4669 3838 4735 ἐγκρα-

570 4775 628 4817 υι
657 4764 786 4819 dum
830 4767 901 4821 ob
955 4771 1200 4837 corporis
1242 4772 1665 4831 imbecillitatem
1713 4794 1817 4832 non
1853 4788 2032 4848 potest
2069 4780 2137 4833 ad

2257 4770 2394 4834 τείας
2441 4768 2701 4839 ἐμϐάλλει
2749 4767 2842 4819 τὸν
2888 4763 3174 4834 ἀσκητήν’
3221 4761 3308 4813 ἵνα
3336 4760 3434 4827 τῆς
3460 4758 3728 4827 ἀμέτρου
3770 4756 3836 4824 μὴ

568 4856 960 4911 continentiam
993 4875 1116 4930 quae
1150 4864 1368 4919 modum
1411 4868 1627 4921 excedit
1670 4869 1995 4939 pertingere,
2041 4884 2140 4924 οι·-

2257 4862 2495 4934 Βυνηθεὶς
2533 4859 2819 4929 ἐφικέσθαι
2859 4857 2927 4911 δι’
2970 4856 3257 4929 ἀσθένειαν
3291 4852 3574 4921 σώματος,
3616 4850 3836 4917 tamin;

570 4945 716 4999 ridat
764 4962 983 5019 quoque
1031 4952 1101 5006 ab
1128 4967 1191 5007 ea
1220 4970 1341 5024 quae
1375 4956 1516 5011 intra
1568 4958 1788 5013 modttm
1841 4969 1943 5014 est.
1987 4960 2141 5025 Quod

2261 4958 2345 5011 καὶ
2402 4957 2501 5027 τῆς
2541 4954 2883 5025 συμμέτρου.
2917 4950 3090 5004 Τοῦτο
3140 4948 3197 5001 δὲ
3239 4946 3337 5000 καὶ
3386 4947 3477 4997 ἐπὶ
3502 4944 3615 5013 τῆς
3674 4942 3840 5005 ἄλλης

571 5038 731 5091 etiam
761 5040 937 5108 ipsum
974 5042 1028 5097 in
1059 5044 1182 5100 aliis
1213 5047 1477 5102 virtutum
1526 5050 1841 5104 monasticis
1877 5051 2140 5106 exercita-

1555 5050 1841 5104 nonasticis
1877 5051 2140 5106 exercita-
2252 5046 2542 5118 ἀσκήσεως
2573 5046 2623 5097 ot
2656 5042 2844 5113 ἐχθροὶ
2871 5039 3134 5095 ποιοῦσιν.

574 5129 811 5183 tionibus
851 5131 1035 5188 hostes
1068 5133 1292 5193 faciunt.

649 5270 678 5311 δ
718 5268 834 5324 Vita
864 5269 921 5326 S.
954 5269 1133 5337 Sabw,
1158 5287 1213 5326 n.
1249 5274 1301 5329 5.
1324 5272 1489 5344 Ephr.
1526 5289 1586 5342 It,
1622 5275 1726 5330 446
1754 5276 1825 5329 De
1855 5276 2113 5343 ltumilit.,
2144 5288 2192 5329 c.
2214 5273 2265 5327 l.

2090 5383 2321 5442 ΝΟΤᾸΞ.

580 5497 674 5551 sed
702 5496 756 5548 in
788 5496 892 5571 l_ia_c
943 5496 1343 5571 signiﬁcatione
1378 5497 1517 5571 non'
1540 5499 1829 5571 respicitur
1858 5502 1924 5555 ad
1956 5500 2144 5553 ἐνθου-
2252 5506 2376 5571 post
2410 5510 2536 5571 eum
2559 5493 2777 5571 _Suida,
2832 5502 2889 5571 et
2946 5491 3149 5571 Varing
3176 5510 3190 5555 ξ
3222 5494 3314 5561 fl"i
3366 5499 3839 5571 Ροδιπῖεηὲἶεηρθτ

582 5565 818 5631 σιασμοῦ
852 5560 1144 5640 furorem,
1177 5570 1243 5623 all
1287 5569 1459 5636 ipsius
1505 5560 1790 5640 ἔλλαμψιν.
1827 5571 2141 5639 respicitur,
2252 5560 2464 5640 priores
2490 5565 2701 5640 videtur
2716 5563 3094 5640 corrigeudus.
3114 5560 3301 5640 Potest
3329 5562 3491 5640 etiam
3522 5563 3580 5615 in
3608 5560 3839 5618 Philone

584 5643 810 5689 auctore
864 5636 1051 5693 codem
1108 5634 1378 5711 llcsycliio
1432 5657 1562 5697 voce
1620 5634 2028 5711 ἐνθουσιασμὸς,
2083 5655 2147 5696 ac

1924 5634 2028 5708 λος,
2083 5655 2147 5696 ac
2252 5634 2551 5705 emendari,
2583 5634 2873 5707 μαιμάξει,
2911 5634 3071 5703 idque
3103 5634 3275 5705 magis
3311 5634 3503 5703 placet.
