3998 6214
1567 159 1624 180 ο

192 266 293 331 ιιιι
398 258 403 263 ’
1489 266 1588 327 DE
1624 264 1814 326 OCTO
1862 264 2101 325 VITIIS
3270 265 3404 329 1H2

250 382 668 455 Παραϐάλλοντες
694 382 776 448 είς
824 382 1009 445 οῐκους
1053 380 1372 453 κοσμικῶν,
1407 379 1530 432 τότε
1567 380 1723 449 μάλι-
1754 385 1801 441 Α

1898 375 2130 442 Quando
2161 374 2227 431 ad
2271 389 2463 431 eorum
2513 375 2605 446 qui
2655 376 2707 431 in
2744 375 2949 431 mundo
2978 377 3168 431 vivunt
3208 382 3401 435 dumos

189 493 270 529 στα
331 475 420 545 τῆς
504 475 834 546 ἐγκρατείας
898 473 1235 544 ἀνθεξόμεθα
1270 488 1286 504 ο
1347 472 1559 542 μήποτε
1636 468 1723 523 διὰ

1828 468 2174 533 accedimus,
2223 476 2336 522 tum
2392 469 2474 522 vel
2517 469 2756 523 maxime
2806 470 3197 523 continentiam
3250 487 3402 526 com-

186 566 589 637 γαστριμαργίας
649 565 946 636 παχυνθεὶς
992 566 1020 618 6
1086 563 1247 627 νοῦς,
1328 561 1582 635 ἀμελήσῃ
1626 562 1724 633 τῆς

1828 560 1989 632 plecti
2013 560 2362 625 Studeamus;
2400 576 2465 616 ne
2498 576 2652 617 mens
2683 562 2776 616 ubi
2808 577 2903 631 per
2938 562 3121 632 gulam
3157 565 3400 633 saginata

189 661 457 731 συνηθείας,
486 662 579 715 καὶ
605 663 717 725 τοῖς
741 660 956 731 ἐχθροῖς
984 658 1257 721 εὐάλωτος
1299 657 1549 727 γένηται.

1827 652 2024 718 fuerit,
2073 662 2332 707 consueta
2367 653 2625 723 negligat,
2671 662 2836 722 atque
2876 654 2943 708 ab
2976 655 3214 709 inimicis
3244 654 3403 710 facile

1826 742 2091 811 capiatur.

244 838 343 910 Χρὴ
371 839 498 902 τοὺς
545 838 643 907 μὲν
672 838 939 908 γέροντας
985 834 1158 905 θυμοῦ
1203 836 1449 905 κρατεῖν,
1487 832 1723 902 γαστρὸς

1894 832 2118 902 Oportet
2155 842 2211 888 ut
2257 848 2415 888 senes
2458 834 2552 888 ire
2586 834 2873 902 imperent,
2907 834 3136 902 juvenes
3185 835 3356 888 ventri
3388 856 3402 887 ;

183 932 229 984 δὲ
258 933 360 993 τοὺς
398 930 584 992 νέουςο
629 933 739 992 τοῖς
784 928 883 999 μὲν
937 927 1042 999 γὰρ
1096 929 1145 980 oi
1178 928 1440 997 ψυχικοί,
1496 927 1610 987 τοῖς
1640 924 1721 990 δέ,

1826 924 2095 993 siquidem
2129 923 2239 977 illis
2267 923 2536 978 animales
2565 923 2867 984 daemones,
2914 923 2998 977 his
3028 927 3276 992 corporei
3310 941 3403 993 po-

187 1022 356 1093 μᾶλλον
385 1023 433 1075 οί
462 1022 767 1093 σωματικοὶ
793 1022 1048 1090 δαίμονες
1081 1019 1439 1073 ἐπιτίθενται.

961 1038 1048 1084 νες
1081 1019 1439 1073 ἐπιτίθενται.
1827 1016 1935 1069 tius
1963 1014 2188 1069 insidias
2220 1015 2540 1068 moliuntur.

243 1116 457 1187 Γαστρδς
485 1115 785 1186 ἐγκράτεια
833 1116 1083 1168 ταπεινοῖ
1121 1114 1189 1165 τὰ
1226 1111 1371 1182 παθη
1394 1126 1407 1140 ο
1459 1107 1722 1177 θρασύνει

1894 1104 2114 1159 Ventris
2169 1105 2508 1159 continentia
2563 1106 2809 1161 turbidos
2858 1108 3165 1160 animorum
3222 1118 3408 1161 motus

180 1208 228 1261 δὲ
255 1208 406 1261 ταῦτα
449 1206 885 1276 γαστριμαργία.
1384 1264 1393 1273 ⁸

1823 1193 2114 1264 deprimit;
2150 1195 2275 1263 gula
2312 1210 2441 1248 vero
2467 1195 2683 1249 eosdem
2713 1194 2927 1250 feroces
2969 1198 3161 1250 reddit.

251 1298 326 1349 Ἐν
357 1296 639 1366 πλησμονῇ
673 1293 935 1363 γαστρὸς,
984 1292 1149 1363 μηδὲν
1190 1289 1392 1360 ἐρεύνα
1426 1288 1719 1358 θειότερον.

1493 1288 1719 1358 ιότερον.
1902 1285 2097 1340 Ventre
2122 1294 2310 1371 saturo
2344 1286 2479 1339 nihil
2507 1285 2747 1339 divinum
2784 1287 3069 1356 investiga.

239 1388 395 1457 Νὲφος
416 1388 536 1458 μὲν,
566 1384 940 1457 καλυπτήριον
973 1383 1204 1453 σελήνης
1224 1394 1239 1411 ⁵
1267 1380 1402 1433 Θεοῦ
1424 1379 1480 1433 δὲ
1508 1378 1722 1447 σοφίας,

1896 1374 1965 1429 Ut
2014 1377 2187 1431 nubes
2232 1376 2681 1447 obtegumentum
2718 1376 2860 1431 lunae
2890 1385 3003 1442 est;
3059 1378 3129 1430 ita
3179 1377 3268 1430 Dei
3314 1393 3407 1432 sa-

178 1476 586 1548 γαστριμαργία.

1822 1464 2060 1536 pientiae,
2099 1466 2244 1534 gula.

239 1566 408 1638 Τρυφὴ
432 1567 524 1619 καὶ
563 1565 801 1637 μάλιστα
834 1563 1027 1634 νέφος⁵
1049 1563 1149 1633 (5),
1179 1559 1368 1616 παθῶν
1423 1555 1719 1629 θησαυρὸς,

1895 1557 2104 1622 Luxus,
2140 1559 2413 1629 praecipue
2434 1558 2752 1628 juvenibus,
2784 1557 3256 1628 perturbationum
3288 1559 3404 1612 the-

174 1660 329 1731 ψυχῆς
356 1659 579 1721 θάνατος
602 1659 945 1729 αὐθαίρετος.

1824 1664 2024 1705 saurus
2049 1659 2154 1717 est,
2186 1652 2384 1706 animae
2416 1652 2560 1705 ultro
2592 1652 2856 1706 arcessita
2887 1666 3056 1706 mors.

237 1753 482 1815 Νεάζοντι
528 1751 744 1822 σώματι
788 1750 972 1823 τρυφὴ
1001 1749 1095 1803 καὶ
1148 1746 1288 1819 μέθη
1328 1744 1388 1798 τὸ
1428 1742 1539 1798 τῶν
1594 1739 1719 1811 ήδοι-
1754 1734 1796 1792 Β

1893 1740 2126 1796 Juvenili
2177 1743 2415 1812 corpori,
2467 1744 2630 1799 luxus
2682 1754 2739 1799 et
2781 1743 3018 1797 ebrietas
3065 1743 3401 1812 voluptatum

175 1843 270 1897 νῶν
294 1844 588 1897 ἀνάπτουσι
620 1842 690 1896 πῦ
698 1861 750 1914 ρ.

1826 1833 2003 1903 ignem
2037 1834 2361 1887 accendunt.

234 1935 425 2006 Παχεῖα
454 1934 690 2007 γαστὴρ,
746 1936 813 2006 τῇ
851 1930 1099 2002 συνεχείᾳ
1154 1930 1268 1986 τῶν
1305 1929 1541 2002 θολερῶν
1591 1929 1718 1983 ἀνα.

1896 1922 2130 1978 Crassus
2176 1933 2387 1988 venter,
2452 1922 2889 1979 turbulentorum
2942 1937 3210 1993 vaporum
3263 1922 3405 1979 assi-

170 2023 481 2094 ουμιάσεων,
518 2022 845 2095 φυγαδεύειν
870 2016 979 2076 οἶδε
1013 2020 1256 2085 διανοίας
1286 2019 1613 2091 λεπτότητα.

1828 2014 2054 2082 duitate,
2086 2015 2286 2070 mentis
2332 2015 2691 2070 subtilitatem
2732 2015 2788 2069 in
2841 2015 3026 2085 fugam
3061 2028 3224 2084 agere
3270 2028 3407 2068 con-

1823 2117 2025 2160 βυθνιι.

234 2206 400 2276 Ἔρως
448 2205 614 2269 θεῖος,
668 2204 728 2257 οὐ
766 2202 1241 2274 μετεωριζόμενος
1280 2198 1361 2269 τῷ
1391 2196 1577 2268 πτερῷ
1623 2195 1725 2265 τῆς

1900 2195 2129 2250 Divinus
2153 2210 2328 2261 amor,
2353 2196 2460 2250 nisi
2487 2196 2842 2252 continentiae
2868 2209 3044 2267 penna
3068 2194 3404 2251 sublevetur.

163 2294 473 2364 ἐγκρατείας
499 2333 514 2356 ,
572 2294 769 2345 θᾶττον
827 2292 967 2362 πρὸς
1017 2290 1117 2361 τὴν
1173 2288 1308 2359 ὓλην
1357 2286 1718 2349 καταπίπτει,

1827 2287 1947 2343 sine
1975 2290 2085 2343 ulla
2120 2290 2475 2344 cunctatione
2505 2290 2573 2344 ad
2613 2306 2701 2345 res
2745 2306 2808 2345 ex
2846 2290 3073 2344 materia
3120 2298 3406 2344 concretas

166 2384 512 2457 βαρυνόμενος
536 2387 657 2448 ταῖς
688 2382 877 2447 πέδαις
905 2384 1004 2453 τῆς
1035 2380 1329 2452 ἀκρασίας.

1827 2377 2119 2442 delabitur,
2172 2387 2360 2448 utpote
2422 2378 2857 2451 intemperantia:
2908 2381 3262 2451 compedibus
3310 2380 3406 2434 de-

1827 2484 2073 2539 pressus.

227 2561 513 2634 ιίλησμονὴ
543 2542 776 2633 συνεχὴς
802 2561 1041 2631 γαστρὸς
1093 2558 1424 2631 ἀῳροδισίων
1478 2555 1722 2629 ἐρεθίξει

1898 2560 2135 2614 Assidua
2158 2560 2368 2615 ventris
2399 2560 2665 2617 saturitas
2689 2576 2952 2617 venereos
2975 2561 3212 2618 insultus
3239 2561 3409 2619 exsti-

157 2657 515 2727 σκιρτήματα.

1826 2652 2020 2709 mulat.
3072 2725 3075 2729 {

226 2746 454 2818 Γαστὴρ,
524 2742 703 2817 φύλαξ
780 2744 1258 2816 παρακαταθήκης
1328 2744 1580 2809 ἄπιστος,
1660 2743 1722 2798 τὸ

1904 2745 2119 2809 Venter,
2159 2744 2359 2800 infidus
2390 2745 2622 2816 depositi
2657 2754 2846 2802 custos
2885 2756 2991 2811 est,
3036 2754 3090 2801 et
3136 2745 3279 2816 quod
3322 2745 3408 2799 in-

153 2840 181 2890 ἐ
189 2837 553 2910 μσαλλόμενον
578 2836 988 2893 ἀποδάλλουσα.

677 2836 988 2891 ιὸἀλλουσα.
1822 2838 2012 2908 jicilnr
2045 2836 2256 2906 abjicil.

223 2930 638 3001 Γαστρίμαργος
662 2930 823 2994 πίων,
845 2930 1028 2998 χοῖρος
1057 2928 1276 2999 ἕτοιμος
1304 2928 1384 2990 εἰς
1416 2926 1651 2997 σφαγήν.

1898 2930 2108 2985 Obesus
2144 2929 2325 2984 helluo
2355 2946 2554 3001 porcus
2586 2941 2670 2988 est
2704 2932 2770 2987 ad
2799 2933 2999 2987 eaedem
3040 2942 3286 3000 paratus.

226 3022 459 3092 Αἵματος
544 3018 730 3091 εἰσροὴ
828 3017 1140 3090 πνεύματος
1210 3017 1409 3088 ἐκροήν
1487 3015 1720 3089 ἐργάζε-
1750 3072 1793 3131 c

1790 3076 1793 3093 _
1899 3019 2195 3093 Sanguinis
2240 3022 2495 3087 inlluxio,
2548 3024 2772 3092 spiritus
2819 3022 3163 3105 eﬂluxioncm
3215 3023 3369 3092 parit.

149 3132 260 3169 ται.

231 3206 289 3259 '0
317 3206 414 3276 μὲν
440 3204 623 3273 ἄρχων
672 3202 931 3272 γαστρὸς,
971 3201 1030 3253 ἐν
1086 3199 1253 3252 παντὶ
1302 3199 1455 3269 τόπῳ
1489 3198 1721 3253 δύναται

1896 3206 2001 3273 Qui
2026 3206 2197 3261 ventri
2221 3205 2554 3271 dominatur,
2580 3208 2778 3278 quovis
2801 3208 2923 3264 loco
2949 3207 3203 3262 virtutem
3232 3205 3410 3261 colere

149 3296 392 3367 μετιέναι
422 3296 520 3365 τὴν
556 3296 789 3366 ἀρετήν·
819 3293 849 3345 6
896 3293 955 3346 δὲ
989 3291 1095 3346 ὑπὸ
1143 3290 1353 3362 ταύτης
1387 3291 1715 3362 ἀρχόμενος,

1829 3307 2033 3369 potest;
2067 3299 2156 3368 qui
2190 3310 2371 3353 autem
2400 3300 2503 3355 sub
2530 3300 2702 3370 ipsius
2732 3300 2959 3371 imperio
2981 3308 3105 3366 est,
3138 3313 3408 3368 nusquam

144 3393 205 3444 ἐν
230 3389 403 3443 οὐδενὶ
432 3388 667 3451 πάντως.

495 3388 667 3451 ἱντως.
1828 3391 2074 3446 omnino.

218 3480 322 3534 Δύο
347 3480 540 3533 σκοποὶ
568 3478 670 3548 τῆς
696 3476 1055 3548 ἐγκρατείας*
1085 3477 1114 3529 ό
1143 3477 1265 3546 μὲν,
1298 3477 1387 3529 ἵνα
1411 3476 1520 3528 τῶν
1542 3475 1724 3546 ἡδέων

1900 3480 2017 3535 Duo
2046 3490 2174 3536 sunt
2205 3480 2554 3536 continentiae
2585 3484 2863 3552 proposita
2890 3500 2907 3538 :
2942 3483 3193 3546 alterum,
3225 3492 3285 3536 ut
3316 3498 3410 3551 per

147 3574 251 3641 τῆς
307 3569 589 3639 παρούσης
619 3568 767 3636 ζωῆς
821 3566 1196 3637 στερηθέντες,
1245 3566 1357 3619 τῶν
1408 3566 1582 3635 ήδέων
1624 3569 1726 3636 τῆς

1831 3570 2109 3627 abdicatas
2133 3571 2363 3641 hujusce
2390 3572 2516 3627 vitae
2538 3573 2846 3642 voluptates
2868 3612 2882 3634 ,
2931 3572 3127 3627 futurae
3162 3574 3410 3641 volupta-

144 3661 457 3733 μελλούσης
515 3658 800 3727 τύχωμενο
859 3659 889 3709 6
941 3657 1019 3719 δέ,
1073 3656 1163 3709 ἵνα
1214 3656 1613 3709 ταπεινωθέντι
1646 3654 1723 3725 τῷ

1831 3665 1976 3720 libus
2008 3664 2292 3731 fruamur;
2318 3666 2549 3722 alterum
2581 3707 2597 3732 ,
2631 3677 2689 3719 ut
2717 3664 2976 3735 depresso
3009 3680 3258 3735 corpore,
3289 3665 3410 3718 ani-

140 3754 361 3824 σώματι
414 3747 511 3802 καὶ
553 3748 587 3817 ή
614 3746 762 3817 ψυχὴ
799 3743 1236 3815 συνταπεινωθῇ,
1275 3744 1371 3797 καὶ
1421 3745 1719 3801 εὐκατάνυ-

1833 3771 1919 3811 ma
1958 3756 2120 3812 simul
2149 3771 2243 3826 per
2272 3754 2634 3811 humilitatem
2679 3755 3053 3825 deprimatur,
3105 3764 3270 3824 atque
3309 3754 3412 3809 hoc

138 3861 273 3907 κτος
298 3840 446 3895 οὕτω
470 3839 717 3910 γένηται.
746 3838 948 3892 Λοιπὸν
981 3833 1075 3892 οὖν
1115 3839 1225 3901 πᾶς
1246 3838 1428 3909 κρεῶν
1463 3839 1564 3908 μὲν
1617 3840 1717 3893 ἀπ-

1832 3846 1990 3902 modo
2020 3844 2087 3900 ad
2122 3847 2596 3917 compunctionem
2635 3862 2905 3917 pr0pensa
2946 3846 3035 3904 sit.
3077 3846 3150 3902 De
3195 3847 3411 3916 reliquo

135 3937 430 4009 εχόμενος,
481 3934 686 4006 ἐτέρων
762 3932 822 3988 δὲ
886 3931 1194 4004 βρωμάτων
1277 3930 1714 4003 ἐμπιπλάμενος,

1834 3934 1995 4008 igitur
2040 3936 2294 4008 quisquis
2338 3952 2368 3990 a
2408 3938 2670 3993 carnibus
2706 3936 2929 4007 quidem
2972 3937 3244 4004 abstinet,
3293 3936 3413 3992 aliis

134 4027 569 4100 γαστριμαργός
599 4028 770 4091 ἐστιν,
818 4023 1072 4079 ἐκπεσὼν
1116 4022 1225 4079 τῶν
1268 4022 1581 4095 είρημένων
1628 4025 1713 4097 τῆς

1829 4037 2011 4084 tamen
2055 4028 2193 4083 cibis
2241 4043 2361 4083 sese
2402 4028 2731 4098 ingurgitat,
2782 4025 2965 4082 helluo
2994 4026 3257 4082 dicendus
3288 4036 3406 4091 est,

132 4121 481 4194 ἐγκρατείας
510 4119 755 4174 σκοπῶν.

1832 4132 1892 4177 ιιι
1911 4123 2006 4194 qui
2046 4139 2077 4179 a
2102 4123 2540 4180 commemoratis
2566 4120 2916 4177 continentiae
2944 4121 3208 4178 institutis
3235 4120 3411 4176 desci-

1828 4215 1985 4270 verit.

222 4300 290 4355 'H
322 4301 742 4371 γαστριμαργία
765 4299 1044 4365 πολλάκις,
1080 4299 1176 4354 καὶ
1208 4298 1296 4353 διὰ
1319 4297 1538 4369 θυρίδος
1579 4297 1724 4368 ἀγά-

1904 4302 2041 4359 Gula
2073 4320 2447 4375 smpenumero
2473 4305 2639 4361 etiam
2672 4320 2767 4375 per
2792 4302 3081 4358 eharitatis
3114 4300 3408 4356 fenestram

129 4411 273 4465 πης.
313 4394 585 4465 εἰσπηδᾷν
619 4392 837 4448 εἴωθεν.

657 4392 837 4448 ἴωθεν.
1759 4427 1804 4481 D
1832 4380 2042 4451 insilire
2075 4396 2236 4450 solet.

219 4481 290 4536 Ἦ
321 4484 745 4555 γαστριμαργία
777 4482 1023 4553 ξηραίνει
1081 4482 1181 4551 μὲν
1237 4482 1339 4552 τὴν
1395 4480 1583 4553 πηγὴν
1614 4479 1724 4534 τῶν
1762 4479 1788 4481 ⁷

1900 4485 2039 4541 Gula
2094 4486 2298 4541 fontem
2360 4486 2709 4542 laudabilium
2766 4487 3134 4555 laerymarum
3199 4483 3409 4545 siccat;

120 4574 454 4629 ἐπαινετῶν
483 4575 757 4647 δακρύων,
794 4577 934 4628 κινεῖ
962 4574 1017 4627 δὲ
1051 4573 1150 4643 τὴν
1183 4572 1367 4645 πηγὴν
1396 4573 1507 4627 τῶν
1540 4573 1699 4643 αἰσχίη

1832 4586 2018 4633 contra
2073 4578 2511 4649 turpissimarum
2566 4577 2866 4633 fluxionnm
2910 4577 3113 4631 fontem
3170 4588 3411 4628 cummo-

122 4684 287 4721 στων
323 4667 589 4738 ρεύσεων.
1832 4679 1941 4723 vel.

203 4757 431 4813 Λέοντα
468 4757 565 4828 μέν
594 4756 932 4819 κολακεύσας
948 4755 1047 4827 (4),
1072 4755 1335 4818 πολλάκις
1376 4754 1686 4825 ἡμερώτεις
1709 4774 1722 4787 ·

1902 4759 2136 4816 Leonem
2171 4761 2215 4818 si
2244 4761 2577 4826 demnlceas,
2608 4774 2732 4815 eum
2766 4758 2910 4813 haud
2951 4772 3075 4812 raro
3105 4756 3409 4819 cicurabis;

1442 4866 1680 4921 VARI/{'3
1713 4868 2115 4931 LECTIONES.

198 4986 225 5017 ⁸
273 4986 373 5039 ΑΙ.
405 4986 565 5050 νέοις.

1666 5078 1899 5137 NOTAE.

142 5259 157 5269 .
194 5189 290 5257 (5)
338 5188 542 5256 Τρυφὴ
587 5191 698 5269 ’καὶ
734 5192 1254 5269 μάλιστα-νέφος.
1309 5192 1480 5269 Quam
1514 5194 1734 5269 difficile
1845 5197 2075 5269 maxime
2112 5195 2403 5269 nubes‘esl.

103 5259 218 5316 sit.
259 5273 333 5335 es
374 5275 484 5312 uno
500 5261 687 5316 codice
735 5258 839 5317 ins.
874 5258 1135 5318 omnibus
1157 5266 1398 5335 numeris
1426 5266 1730 5319 absolutam
1917 5268 1993 5327 (4)
2018 5266 2431 5331 Κολακεύσας.
2466 5264 2774 5335 Elegantem
2808 5258 3411 5335 sententiam‘ljlalgpis

104 5329 483 5406 tuendisque
514 5339 790 5406 carentem
824 5348 1083 5406 accurare
1124 5334 1455 5406 editionem,
1509 5335 1593 5406 vel
1645 5334 1732 5390 hic
1840 5336 2010 5390 Judaei
2049 5337 2184 5390 libro
2232 5335 2308 5389 De
2359 5327 2635 5406 legatione,
2671 5336 2734 5388 ad
2766 5335 3069 5406 Caium,_p.
3102 5330 3226 5406 997_.
3285 5327 3409 5406 99_8.

100 5414 281 5479 turus
322 5400 486 5479 locus
506 5401 723 5479 abunde
748 5404 1005 5457 ostendit.
1033 5402 1167 5479 Quis
1193 5404 1359 5479 enim,
1390 5403 1606 5466 amabo,
1638 5419 1731 5459 su-
1846 5407 1934 5460 ubi
1972 5406 2235 5479 densere
2264 5397 2535 5479 Macronis
2579 5397 2841 5479 loquitur,
2887 5397 3059 5479 δεινόν
3092 5397 3410 5479 γυνὴδγνώ·

94 5469 286 5547 ςρίρα
299 5478 481 5533 retur,
506 5471 635 5547 illud
669 5472 831 5547 νέιρος
860 5487 923 5525 ex
960 5474 1235 5547 superiori
1263 5474 1405 5528 linea
1424 5485 1723 5547 sumptum,
1841 5495 1948 5547 μην
1976 5475 2169 5547 ἀνδρός
2198 5476 2510 5547 παραλῦσαι
2534 5477 2627 5528 καὶ
2653 5469 3023 5547 παραγαγεῖν,
3052 5471 3145 5524 καὶ
3178 5469 3411 5547 μάλιστα

92 5540 331 5621 ῗῖῗίἶῗδίη
370 5534 804 5621 ¹’⁰⁰,³Ῑ)υ¹ί,νέόις
850 5534 1119 5611 Ot‘cupare
1140 5543 1164 5596 ?
1189 5534 1570 5621 _Doctissitnus
1600 5534 1730 5621 vero
1839 5534 2403 5621 μάχλὰς,’ἓνεκα’γᾲρ
2429 5546 2523 5600 τοῦ
2556 5534 2856 5608 συνειδότος
2885 5534 3295 5621 κολακικωτέρα
3324 5534 3411 5618 γί-

94 5610 363 5685 “illius3
396 5609 672 5685 quivertit
701 5606 1006 5685 :_Lnxus,'
1029 5615 1235 5685 _mentis
1264 5616 1472 5685 nubes
1496 5624 1594 5679 est,
1624 5615 1732 5669 nisi
1839 5606 2219 5685 Hieran—prave
2278 5606 2504 5680 ediiam,
2562 5631 2729 5684 prave
2786 5606 3126 5669 emendatam
3167 5606 3409 5677 aspicies

12 5692 15 5721 τ
95 5680 304 5733 aliter
345 5681 567 5750 legerit,
601 5681 774 5749 putuit
803 5681 1114 5753 simplicius
1148 5684 1396 5752 reddere,
1442 5682 1644 5752 Luxus,
1682 5694 1730 5739 et
1840 5680 2070 5743 Melissa}
2100 5685 2187 5740 lib.
2222 5701 2282 5753 ιι,
2306 5700 2473 5742 serm.
2506 5680 2596 5741 '51.
