3898 6196
1568 166 1623 187 ο

160 272 276 339 1445

1481 268 1577 329 DE
1613 269 1802 329 OCTO
1832 271 2068 334 VITIIS

3261 288 3280 349 l
3298 289 3393 354 illi

154 397 223 454 εἰς
273 390 376 459 τὴν
454 387 735 460 ἡμετέραν
809 387 1085 457 ἐπιχειρεῖ
1113 384 1290 456 ψυχήν
1320 402 1331 413 ’
1393 385 1607 455 μήποτε
1651 383 1709 452 τῇ

1822 385 2169 452 cogitationis
2200 388 2447 454 initium,
2475 406 2569 461 per
2595 393 2741 463 quod
2779 395 2847 449 ad
2883 398 3123 453 animam
3150 412 3392 458 nostram

159 479 426 554 παραδοχῇ
460 480 559 550 τῆς
584 477 848 547 κεφαλῆς,
901 478 997 530 καὶ
1029 475 1089 529 τὸ
1125 475 1311 528 λοιπὶν
1375 474 1532 546 σῶμα
1591 492 1714 527 συν-

152 578 351 645 εισρυῇ,
377 569 970 638 καλκατακυλισθῶμεν
993 569 1072 632 είς
1089 568 1187 639 τὴν
1215 566 1470 638 ἀθέμιτον
1490 567 1709 639 πρᾶξιν.

148 665 319 720 Καλὸν
350 660 443 718 οὖν
474 662 544 717 τά
574 663 746 733 νήπια
798 659 1121 723 Βαόυλῶνος
1144 674 1159 689 ⁸
1198 661 1342 729 φημῖ
1373 659 1431 712 δὲ
1480 660 1606 721 τοὺς
1654 660 1712 711 ἐν

144 760 282 827 ἀρχῇ
330 752 775 827 προσϐάλλοντας
825 750 1085 821 αἰσχροὺς
1136 750 1464 821 λογισμούς
1520 749 1710 817 ὲδαφί-

142 850 259 913 ζειν
285 842 381 899 καὶ
414 844 721 916 συντρίόειν
775 842 914 915 πρὸς
949 843 1053 913 τὴν
1096 840 1325 910 πέτραν,
1350 842 1472 909 ἥτις
1508 841 1656 893 ἐστὶν
1688 842 1715 893 6

150 939 399 1009 Χριστός.
438 932 817 1007 ’Ᾱδρυνθέντες
864 933 974 1004 γὰρ
999 930 1328 1002 παρέξουσιν
1371 932 1501 1000 ἡμῖν
1545 930 1709 999 ὀχλή-

152 1048 256 1093 σεις
306 1028 511 1093 πολλὰς
566 1027 660 1081 καὶ
710 1026 1036 1098 πράγματα.
1091 1024 1184 1093 Μὴ
1238 1021 1609 1093 θαρρήσωμεν
1656 1023 1711 1074 δὲ

151 1121 473 1176 καταϐαλεῖν
532 1119 628 1174 διὰ
705 1118 872 1188 μόνης
929 1116 1239 1186 ἀσκήσεως,
1282 1114 1343 1166 τὸ
1396 1114 1723 1182 ἀκάθαρτον

152 1211 361 1281 πνεῦμα
388 1211 491 1279 τῆς
522 1207 801 1278 πορνείας,
832 1207 880 1258 εί
914 1206 992 1276 μὴ
1025 1206 1118 1258 καὶ
1172 1206 1205 1276 ὴ
1252 1206 1403 1275 παρὰ
1444 1203 1538 1257 τοῦ
1574 1203 1710 1257 Θεοῦ

152 1302 521 1373 συνεφάψηται
571 1299 812 1369 βοήθεια.
864 1299 939 1350 Ού
976 1296 1250 1352 παύσεται
1298 1298 1409 1368 γὰρ
1441 1299 1469 1349 6
1500 1296 1705 1367 ἄνθρου⁹

151 1412 244 1457 πος
275 1391 678 1463 πολεμούμενος
708 1391 800 1443 ὑπ’
834 1388 1026 1452 αὐτοῦ,
1059 1390 1258 1459 μέχρις
1295 1388 1361 1442 ἂν
1395 1389 1452 1439 ἐν
1482 1388 1711 1458 ἀληθείᾳ

148 1488 429 1555 πιστεύσῃ,
476 1485 558 1535 ὅτι
607 1483 708 1534 οὐκ
746 1480 853 1552 ἰδίᾳ
881 1481 1084 1551 σπουδῇ
1122 1481 1218 1534 καὶ
1270 1480 1530 1549 καμάτῳ,
1558 1481 1624 1549 τῇ
1650 1478 1707 1531 δέ

145 1574 235 1627 τοῦ
262 1573 395 1625 Θεοῦ
433 1572 610 1643 σκέπῃ
635 1570 729 1624 καὶ
763 1570 1067 1639 ἀντιλήψει,
1092 1571 1192 1641 τῆς
1230 1570 1481 1641 χαλεπῆς
1502 1569 1709 1639 ταύτης

142 1663 587 1734 ἀπαλλαγήσεται
632 1665 916 1731 μάστιγος.
975 1660 1286 1731 ’Υπερφυὲς
1333 1661 1443 1731 γάρ
1490 1662 1605 1713 ἐστι
1646 1660 1707 1712 τὸ

140 1755 392 1824 πρᾶγμα,
423 1753 518 1805 καὶ
548 1756 575 1805 6
606 1754 735 1815 τοὺς
764 1752 1091 1823 ἐρεθισμοὺς
1122 1754 1222 1822 τῆς
1249 1752 1450 1823 σαρκὸς
1484 1752 1577 1805 καὶ
1608 1752 1705 1814 τὰς

139 1844 327 1911 ἡδονὰς
350 1844 553 1912 ταύτης
577 1842 930 1908 καταπατῶν,
953 1844 1153 1913 τρόπον
1173 1843 1319 1905 τινὰ,
1344 1842 1438 1895 τοῦ
1455 1842 1707 1912 σώματος

138 1935 242 1999 ἔξω
268 1935 511 2002 γίνεται.
534 1935 624 1986 Διὸ
656 1934 748 1987 καὶ
780 1933 1044 1986 ἀδύνατον
1087 1928 1360 2004 ἀνθρώπῳ
1391 1936 1506 1996 τοῖς
1556 1932 1707 1995 ἰδίοις

135 2030 358 2096 πτεροῖς
418 2022 732 2095 ἀναπτῆσαι
753 2026 776 2056 ⁸
836 2024 974 2095 πρὸς
1002 2025 1101 2096 τὴν
1134 2025 1344 2096 ὑψηλὴν
1376 2026 1623 2096 ἁγνείαν,
1657 2028 1707 2078 εί

141 2117 215 2190 μὴ
258 2120 351 2172 καὶ
371 2118 530 2189 χάρις
555 2115 716 2181 Θεοῦ,
746 2116 939 2170 τοῦτον
980 2116 1089 2170 ἀπὸ
1115 2116 1314 2187 βόθρου
1355 2118 1471 2170 τῶν
1511 2119 1704 2173 παθῶν

134 2211 347 2276 ἀνάγοι.
382 2213 592 2277 Δεῖγμα
633 2208 690 2261 δὲ
721 2207 838 2271 τοῦ,
874 2208 973 2277 τὴν
1016 2207 1219 2277 ἀρετὴν
1246 2208 1453 2278 ταύτην
1498 2210 1705 2279 κτήσα-

138 2299 259 2352 σθαί
290 2316 413 2352 τινα
446 2298 688 2360 τελείως,
707 2297 767 2351 τὸ
803 2297 1073 2367 μηδεμίαν
1120 2298 1353 2367 αἰσχράν
1406 2299 1708 2366 φαντασίαν

134 2392 197 2443 ἐν
225 2394 336 2453 τοῖς
362 2390 555 2453 ὕπνοις
602 2388 874 2459 ἐπιπηδᾷν
901 2392 969 2459 τῇ
1026 2389 1173 2461 ψυχῇ
1196 2404 1210 2418 ·
1265 2382 1427 2442 αὗται
1468 2392 1578 2461 γὰρ
1612 2388 1707 2443 τοῦ

135 2485 310 2533 νοσεῖν
340 2480 437 2552 τὴν
468 2481 646 2551 ψυχὴν
680 2481 1003 2550 τεκμήριον,
1035 2481 1131 2533 καὶ
1163 2482 1237 2551 μή
1270 2498 1357 2533 πω
1384 2479 1479 2534 τοῦ
1500 2481 1708 2545 πάθους

134 2567 503 2637 ἀπηλλάχθαι.
540 2567 630 2620 Διὸ
655 2568 752 2620 καὶ
779 2568 979 2631 ταύτας
1002 2567 1222 2639 ἔλεγχον
1268 2568 1409 2622 εἶναι
1442 2569 1546 2639 τῆς
1572 2586 1707 2639 προσ

132 2656 407 2726 λαϐούσης
437 2656 671 2726 λέγομεν
702 2656 992 2728 ῥᾳθυμίας,
1020 2659 1117 2711 καὶ
1147 2658 1247 2728 τῆς
1297 2660 1355 2715 ἐν
1386 2661 1517 2730 ἡμῖν
1544 2659 1709 2713 ἀσθε-

136 2747 305 2811 νείας,
344 2742 431 2801 οἷα
482 2752 583 2819 τῆς
634 2748 1056 2820 καλυπτομένης
1096 2753 1153 2802 ἐν
1204 2753 1316 2813 τοῖς
1366 2750 1711 2822 ἀποκρύφοις

132 2842 236 2910 τῆς
255 2840 430 2909 ψυχῆς
458 2841 651 2911 μέρεσι
672 2842 852 2905 νόσου,
908 2841 1327 2912 φανερουμένης
1371 2841 1459 2895 διὰ
1506 2842 1602 2912 τῆς
1651 2844 1711 2896 ἐν

1738 1721 1780 1775 Β

1817 490 2034 545 serpere
2059 489 2317 547 conatur;
2350 498 2417 537 ne
2450 483 2609 549 forte,
2639 487 2881 543 admisso
2909 491 3105 557 capite,
3126 492 3393 563 reliquum

1815 566 1979 621 etiam
2014 585 2215 640 corpus
2248 589 2356 627 una
2386 574 2641 630 illabatur
2662 618 2677 641 ,
2711 587 2764 631 ct
2796 578 2848 631 in
2878 579 3145 637 nefariam
3177 584 3395 639 decida—

1816 656 1945 713 mus
1965 661 2254 716 actionem.
2289 663 2432 718 Bene
2465 666 2647 735 itaque
2676 668 2812 732 erit,
2847 670 2892 723 si
2928 674 3187 739 parvulos
3221 673 3394 747 Baby-

1815 747 1957 804 lonis
1977 791 1992 813 ,
2040 760 2223 822 turpes
2243 794 2258 818 ,
2290 754 2545 824 inquam,
2577 760 2967 827 cogitationes,
2996 778 3120 832 qua:
3146 780 3248 819 nos
3280 768 3394 835 pri-

1815 854 1963 892 mum
1993 840 2350 907 adoriuntur,
2379 844 2443 897 ad
2477 856 2687 913 petram
2710 886 2724 907 ,
2773 863 2893 916 quw
2933 860 3015 903 est
3043 852 3293 908 Christus
3328 852 3348 892 ί
3377 894 3392 915 .

1814 929 2104 985 allidamus
2134 941 2298 1001 atque
2322 934 2639 991 obteramus
2666 939 2711 990 ⁸.
2746 940 2958 995 Adnlta:
2990 943 3188 996 etenim
3214 983 3230 1008 ,
3269 945 3392 1013 plu-

1814 1019 2010 1074 rimum
2040 1023 2199 1079 nobis
2232 1026 2517 1080 turbarum
2548 1042 2610 1081 ac
2642 1029 3015 1086 molestiarum
3040 1034 3390 1089 exhibebant.

1811 1109 1922 1167 Nec
1968 1128 2097 1169 vero
2139 1131 2241 1171 nos
2274 1117 2549 1187 impurum
2590 1119 2972 1179 fornicationis
3009 1126 3261 1195 spiritum
3299 1143 3396 1199 per

1812 1201 1983 1255 solam
2034 1203 2348 1274 religiosam
2406 1208 2854 1264 exercitationem
2916 1211 3222 1281 dejecturos
3272 1230 3396 1271 esse

1810 1292 2184 1361 confidamus,
2226 1298 2331 1351 nisi
2380 1297 2471 1353 Dei
2507 1301 2817 1356 subsidium
2846 1305 3163 1360 accesserit.
3206 1306 3398 1376 Neque

1810 1381 1953 1434 enim
1997 1384 2159 1437 homo
2205 1386 2273 1438 ab
2310 1402 2375 1439 eo
2418 1396 2543 1442 ante
2585 1392 2889 1459 oppugnari
2939 1392 3185 1458 desinet,
3227 1411 3392 1464 quam

1808 1486 1935 1527 Vere
1960 1475 2273 1539 crediderit,
2305 1477 2448 1546 quod
2483 1494 2590 1533 non
2625 1497 2726 1534 suo
2757 1481 2941 1536 studio
2975 1492 3028 1537 et
3063 1484 3271 1550 labore,
3299 1488 3393 1542 sed

1809 1564 1904 1618 Dei
1935 1566 2270 1633 protectione
2300 1576 2463 1636 atque
2494 1570 2746 1637 praesidio
2771 1572 2840 1626 ab
2866 1572 2966 1627 boc
2987 1588 3182 1642 aspero
3224 1575 3399 1646 flagro

1810 1655 2120 1711 liberandus
2164 1659 2254 1711 sit.
2290 1656 2568 1726 Siquidem
2616 1670 2829 1727 res‘est
2884 1663 3085 1717 eximia
3128 1679 3194 1717 ac
3234 1680 3394 1734 supra

1812 1754 2100 1810 naturam;
2157 1756 2211 1799 et
2247 1746 2357 1815 qui
2384 1747 2568 1802 carnis
2617 1747 2955 1804 irritamenta
2997 1760 3051 1804 et
3096 1754 3397 1822 voluptates

1807 1836 2057 1905 proterit,
2092 1852 2121 1890 a
2159 1852 2389 1907 corpore
2435 1838 2841 1908 quodammodo
2890 1843 3123 1897 excedit.
3166 1842 3398 1900 Proinde

1807 1927 1923 1981 ﬁeri
1953 1928 2160 1998 nequit,
2194 1938 2253 1983 ut
2285 1930 2450 1985 homo
2485 1931 2715 1986 suismet
2742 1933 2937 2002 pennis
2964 1935 3032 1987 ad
3063 1936 3395 2003 mstitatem,

1808 2021 2081 2075 excelsam
2129 2037 2279 2087 rem,
2330 2022 2620 2088 convolet,
2662 2024 2769 2078 nisi
2811 2024 2907 2079 Dei
2949 2042 3167 2097 quoque
3226 2029 3398 2097 gratia

1806 2125 1930 2164 eum
1963 2127 1993 2165 a
2022 2112 2489 2180 perturbationum
2532 2115 2700 2167 animi
2737 2115 2889 2169 fovea
2951 2116 3003 2168 in
3060 2118 3230 2171 altum
3263 2121 3397 2174 edu-

1808 2200 1969 2253 xerit.
1991 2201 2259 2255 Caeterum
2294 2202 2554 2255 indicium
2583 2244 2597 2267 ,
2631 2204 2777 2272 quod
2810 2205 3081 2275 quispiam
3118 2207 3259 2264 hanc
3290 2213 3399 2267 vir-

1807 2300 1979 2346 tutem
2007 2292 2166 2360 plene
2192 2292 2265 2346 sit
2297 2302 2655 2355 consecutus,
2688 2294 2833 2349 istud
2864 2306 2970 2361 est,
3005 2298 3050 2352 si
3083 2300 3228 2354 nulla
3252 2300 3396 2356 foeda

1807 2381 2126 2451 imaginatio
2185 2398 2282 2452 per
2326 2399 2579 2438 somnum
2627 2386 2681 2439 in
2737 2387 2975 2441 animam
3028 2390 3251 2465 insiliat.
3310 2390 3398 2446 Eas

1807 2486 2045 2541 namque
2109 2483 2432 2540 argumento
2475 2484 2603 2528 sunt
2652 2477 2893 2531 animam
2949 2489 3259 2548 aegrotare,
3297 2497 3397 2537 nec

1807 2562 1878 2618 ab
1927 2563 2240 2633 huiusmodi
2291 2565 2487 2621 affectu
2538 2567 2722 2623 adhuc
2773 2584 2898 2623 esse
2945 2570 3195 2626 liberam.
3243 2571 3397 2629 Unde
3441 2618 3444 2621 λ

1808 2664 1862 2710 et
1889 2657 2109 2711 easdem
2143 2657 2379 2713 dicimus
2406 2660 2778 2714 antecedentis
2822 2662 3124 2730 socordiae,
3164 2664 3393 2719 abditae-

1808 2763 1916 2818 que
1958 2750 2011 2802 in
2040 2750 2197 2804 nobis
2228 2750 2615 2807 imbecillitatis
2642 2767 2764 2807 esse
2804 2753 3014 2809 indices
3035 2796 3048 2819 ,
3083 2771 3191 2809 non
3234 2772 3396 2812 secus

1809 2855 1875 2896 ac
1923 2842 2098 2896 morbi
2146 2842 2432 2911 cujusdam
2482 2843 2536 2897 in
2585 2844 2755 2898 animi
2799 2847 3169 2914 penetralibus
3204 2848 3395 2903 delite-

130 2934 247 2995 τοῖς
279 2932 468 2993 ὕπνοις
492 2932 753 3003 ῥεύσεως.
798 2932 958 3000 Μέγα
996 2928 1111 2997 οὖν,
1156 2933 1395 3002 ἀδελφοὶ,
1421 2935 1483 2988 τὸ
1513 2936 1709 3007 κατόρ-

1822 2933 2016 2988 scentis
2046 2974 2061 2999 ,
2094 2948 2159 2988 ac
2195 2949 2317 2988 sese
2375 2933 2749 3003 patefacientis
2798 2951 2892 3004 per
2939 2936 3231 2993 fhixionem
3272 2956 3395 3010 quae

132 3025 296 3097 θωμα
326 3025 428 3093 τῆς
458 3025 677 3093 ἁγνείας
707 3026 800 3079 καὶ
840 3025 1235 3096 σωφροσύνης·
1274 3028 1369 3080 καὶ
1406 3028 1495 3081 διὰ
1547 3028 1707 3081 τοῦτο

1822 3025 1865 3079 in
1898 3025 2108 3080 somnis
2132 3027 2423 3096 contingit.
2454 3026 2647 3097 Magna
2676 3029 2880 3099 itaque,
2910 3029 3128 3098 fratres,
3170 3036 3394 3089 castita-

135 3119 408 3189 μεγάλαις
440 3119 534 3172 καὶ
570 3118 843 3181 ποικίλαις
864 3119 1181 3182 ἐπιϐουλαῖς
1212 3120 1533 3191 πολεμεῖται
1556 3122 1708 3199 παρά

1822 3117 1882 3171 Lis
1911 3124 1965 3172 et
1996 3118 2267 3186 pudicitia:
2299 3119 2472 3173 virtus
2504 3126 2625 3185 est;
2655 3122 2725 3175 ob
2772 3120 2935 3191 idque
2966 3126 3175 3193 magnis
3202 3126 3395 3181 variis-

128 3211 246 3265 τῶν
271 3211 502 3282 ἐχθρῶν.
552 3209 691 3262 Ἀλλ’
723 3211 890 3279 ἡμεῖς
940 3211 1163 3275 εἰδότες,
1204 3212 1288 3264 ὅτι
1338 3211 1517 3279 χωρὶς
1546 3212 1709 3280 ἁγιαο

126 3302 318 3371 σμοῦ,
373 3303 517 3356 κατά
575 3302 663 3354 τὸν
708 3302 1057 3365 Ἀπόστολον,
1102 3301 1300 3368 οὐδεὶς
1353 3302 1563 3371 ὄψεται
1602 3303 1708 3357 τὸν

130 3397 378 3461 Κύριον,
422 3392 498 3463 μὴ
552 3392 948 3463 ἀποκάμωμεν,
1018 3394 1378 3461 φυλάττοντες
1430 3394 1707 3463 ἐπιμελῶς

121 3487 230 3553 τὴν
265 3485 509 3556 καρδίαν,
547 3486 640 3538 καὶ
670 3486 1258 3555 ἐγκρατευόμενοι,καὶ
1283 3486 1505 3543 πυκνῶς
1534 3503 1708 3554 προσ-

123 3575 422 3644 ευχόμενοι
477 3575 616 3643 μετά
666 3575 999 3644 στεναγμοῦ,
1056 3574 1153 3626 καὶ
1181 3574 1349 3626 τάλλα
1402 3574 1706 3639 ποιοῦντες,

118 3666 280 3726 ὅπως
311 3663 407 3733 τὴν
435 3665 663 3731 κάμινον
692 3664 792 3732 τῆς
821 3663 1098 3731 ἡμετέρας
1120 3664 1342 3731 σαρκὸς,
1376 3662 1443 3732 ἥν
1470 3663 1498 3714 6
1525 3663 1707 3716 Βαϐυ-

119 3756 324 3816 λώνιος
354 3753 607 3823 βασιλεὺς
635 3754 866 3807 ἀνάπτει
904 3755 1019 3814 τοῖς
1051 3754 1151 3823 τῆς
1181 3752 1483 3825 ἐπιθυμίας
1518 3754 1700 3825 ἐρεθι-

125 3849 315 3916 σμοῖς,
342 3844 739 3914 ἀποσϐέσωμεν
760 3846 826 3913 τῇ
858 3843 1136 3913 παρουσίᾳ
1157 3841 1250 3895 τοῦ
1278 3844 1435 3912 ἁγίου
1461 3844 1711 3914 Πνεῦμα-

121 3958 244 4003 τος.
280 3937 437 4008 Αὐτῷ
463 3940 496 4010 ἡ
528 3937 655 4004 δόξα
686 3939 767 4000 εἰς
791 3938 918 3999 τοὺς
948 3935 1173 3999 αἰῶνας.

215 4032 552 4103 Σωφροσύνη
609 4031 710 4101 μὲν
741 4027 1069 4101 ἐγκρατείας
1099 4028 1289 4081 τέκνον
1312 4044 1325 4057 ·
1370 4030 1596 4098 πορνεία
1649 4027 1707 4080 δέ

12 4092 15 4097 γ
119 4092 379 4194 θυγάτῆρ
406 4092 873 4193 γαστριμαργίας.

12 5112 19 5163 l

204 4216 485 4284 κυμάτων
509 4214 598 4284 βία
644 4214 897 4285 χειμάζει
927 4214 1111 4268 πλοῖον
1137 4229 1150 4244 ·
1186 4214 1280 4268 καὶ
1304 4211 1430 4267 νοῦν
1466 4214 1706 4285 ἀκρατῆ,

120 4310 398 4379 λογισμὸς
422 4309 700 4379 πορνείας.

205 4402 370 4471 ὐψις
421 4400 671 4472 εὐανθὴς,
721 4400 872 4470 βέλος
922 4400 1468 4475 πεφαρμακωμένον’
1502 4400 1707 4471 ἔτρωσε

112 4493 332 4565 ψυχὴν,
381 4493 478 4547 καὶ
515 4493 607 4546 τὸν
662 4493 760 4547 ίὸν.
786 4493 1095 4558 ἐναπέθετο,
1141 4494 1231 4545 καὶ
1274 4494 1398 4546 ὅσον
1448 4491 1703 4563 χρονίζει,

116 4586 357 4639 πλείονα
387 4586 549 4656 σῆψιν
582 4586 895 4657 ἐργάζεται.

201 4676 446 4731 Βέλτιοιν
492 4677 629 4730 οἴκοι
666 4677 892 4748 μένοντα
950 4677 1251 4748 σχολάζειν,
1307 4679 1340 4748 ἢ
1397 4678 1563 4748 τιμᾷν
1625 4677 1709 4730 δο-

112 4768 335 4823 κοῦντα
398 4769 494 4833 τὰς
551 4771 762 4839 ἐορτάς,
805 4771 1082 4842 πάρεργον
1124 4769 1218 4823 τοῦ
1263 4770 1515 4840 δαίμονος
1560 4769 1710 4838 γίνε-

113 4861 282 4915 σθαι.

205 4952 427 5006 Ἔλαιον
458 4953 647 5022 τρέφει
675 4951 887 5021 λύχνον,
925 4969 1015 5006 και
1042 4953 1248 5023 πυρσὸν
1281 4952 1473 5023 ἡδονῆς
1526 4953 1711 5023 ὁμιλία

109 5042 417 5109 γυναικός.

199 5132 380 5202 Φεῦγε
420 5132 710 5204 συντυχίας
772 5133 1067 5202 γυναικῶν,
1118 5134 1211 5186 καὶ
1257 5134 1332 5204 μὴ
1371 5133 1475 5205 δῷς
1520 5134 1711 5197 αὑταῖς

1740 4366 1783 4421 D

204 5312 227 5352 ί
262 5313 279 5367 l
309 5313 433 5367 Cor.
474 5330 528 5378 χ,
561 5314 612 5367 4.
694 5316 719 5353 ί
753 5312 895 5369 Psal.
922 5329 1142 5379 cxxxw,
1166 5314 1219 5368 9.
1301 5309 1329 5348 δ
1354 5311 1515 5367 llebr.
1543 5327 1642 5378 xu,
1675 5314 1760 5367 14.

1808 3222 1916 3277 que
1957 3209 2168 3264 insidiis
2211 3208 2280 3263 ab
2312 3209 2563 3265 hostibus
2593 3222 2960 3282 oppugnatur.
3019 3213 3221 3270 Verum
3256 3228 3390 3283 nos,

1809 3300 1963 3370 gnari
2011 3303 2157 3371 quod
2202 3304 2316 3356 sine
2351 3303 2735 3367 sanctimonia,
2778 3314 2836 3359 ut
2880 3306 2956 3360 ait
2993 3306 3287 3375 Arpos‘lolus
3322 3310 3347 3349 δ
3373 3348 3391 3374 ,

1809 3408 1959 3445 nemo
1999 3395 2194 3447 videbit
2236 3394 2521 3448 Dominum
2547 3434 2563 3457 ,
2604 3411 2673 3451 ne
2718 3396 3073 3464 fatist'amus,
3103 3400 3231 3453 dum
3271 3403 3395 3457 dili-

1810 3490 2000 3549 genter
2056 3495 2153 3534 cor
2227 3492 2472 3535 nostrum
2524 3497 2940 3548 conservamus.
3001 3490 3392 3546 continentiam

1810 3571 2063 3635 colimus,
2104 3571 2326 3627 crebras
2357 3585 2547 3641 preces
2569 3588 2695 3628 cum
2727 3577 2929 3645 gemitu
2948 3577 3265 3647 'fundimus,
3287 3597 3394 3637 em-

1811 3670 2040 3730 teraque
2098 3662 2370 3727 facimus,
2424 3677 2535 3730 quo
2586 3665 2771 3720 carnis
2824 3677 3024 3721 nostra;
3070 3668 3390 3737 fornacem,

1809 3768 1973 3822 quam
2006 3752 2337 3823 Babylonius
2375 3767 2470 3807 rex
2510 3769 2606 3823 per
2629 3756 2945 3826 cupiditatis
2974 3759 3260 3818 illecebras
3300 3778 3394 3817 ac-

1809 3844 2013 3909 cendit,
2038 3844 2274 3915 Spiritus
2301 3847 2473 3902 sancti
2498 3846 2803 3903 interventu
2826 3850 3264 3922 exstinguamus.
3286 3853 3390 3925 Ipsi

1810 3937 1982 4008 gloria
2014 3939 2069 3991 in
2109 3937 2329 3992 saecula.
3062 3942 3090 3951 ’

1880 4028 2145 4084 Pudicitia
2177 4030 2529 4086 continentia:
2555 4031 2664 4086 lilia
2689 4040 2806 4099 est;
2847 4031 3146 4091 fornicatio
3168 4044 3350 4091 autem
3373 4077 3390 4104 ,

1810 4122 1950 4192 gula:
1983 4123 2224 4177 soboles.

1881 4213 2170 4269 Fluctuum
2196 4214 2432 4282 impetus
2456 4229 2647 4270 navem
2673 4216 2879 4285 jactat;
2923 4228 3163 4274 mentem
3191 4221 3390 4277 intem-

1811 4311 2087 4377 perantem
2114 4346 2128 4370 ,
2172 4303 2550 4362 fornicationis
2583 4306 2863 4377 cogitatio.

1909 4397 2121 4452 Florida
2196 4397 2363 4451 facies
2395 4438 2409 4464 ,
2477 4398 2642 4453 telum
2692 4409 3019 4456 venenatum
3066 4413 3150 4458 est
3197 4421 3211 4459 :
3270 4405 3393 4459 ani-

1836 4505 1985 4545 mum
2019 4492 2250 4557 sauciat,
2275 4500 2329 4547 et
2361 4493 2411 4546 in
2470 4492 2591 4562 ipso
2628 4500 2898 4548 venenum
2930 4494 3141 4566 infigit;
3176 4510 3394 4567 quoque

1816 4580 2023 4636 diutius
2064 4581 2409 4646 immoratur,
2441 4596 2506 4636 eo
2537 4581 2800 4651 majorem
2825 4583 3034 4637 saniem
3068 4584 3249 4639 elicit.

1886 4671 2116 4728 Praestat
2156 4674 2305 4728 domi
2354 4675 2600 4743 quietum
2656 4687 2900 4740 manere,
2936 4680 3099 4745 quam
3153 4675 3394 4747 putando

1818 4761 1955 4835 festa
1986 4766 2187 4831 colere,
2220 4765 2485 4821 daemonis
2512 4764 2751 4836 praedam
2782 4776 2836 4823 et
2859 4768 3227 4824 accessionem
3255 4769 3391 4825 ﬁeri.

1894 4951 2084 5008 Oleum
2120 4949 2396 5003 lucernam
2437 4948 2572 5014 alit,
2630 4948 2867 5017 itemque
2898 4947 3192 5019 voluptatis
3237 4947 3393 5002 llam-

1821 5056 1988 5107 mam,
2018 5039 2260 5096 mulieris
2281 5028 2638 5095 consuetudo.

1879 5130 2165 5186 Mulierum
2196 5130 2472 5186 consortia
2496 5129 2641 5202 fuge,
2661 5145 2761 5186 nec
2776 5130 3077 5187 libertatem
3097 5131 3231 5203 ipsis
3260 5146 3391 5186 con.

1429 5488 1658 5544 VARI/EI
1693 5489 1982 5545 LECTION
1995 5489 2094 5544 ES.

200 5668 223 5699 ⁵
263 5670 351 5725 ΑΙ.
385 5672 716 5740 ἀναπτῆναι.
