3998 6214
546 180 676 246 1447

1992 178 2052 238 S.
2084 178 2243 239 NlLl

3666 170 3805 232 lilii

542 298 690 350 cede.
726 291 911 347 Primo
944 301 1265 358 congressu,
1293 293 1345 342 et
1373 285 1606 340 demissa
1633 285 1782 339 humi
1812 284 1947 339 facie
1978 285 2114 339 leni-

2220 285 2552 356 παρρησίαν.
2588 283 2790 356 Πρώτη
2826 282 3109 353 συντυχία,
3138 282 3233 336 καὶ
3272 281 3331 333 τὸ
3370 281 3589 352 βλέμμα
3622 284 3809 335 τείνα-

537 402 617 443 ter
643 386 964 454 loquuntur,
986 388 1040 434 et
1068 380 1436 451 lacrymantur
1464 379 1816 441 miseranter;
1844 376 2115 431 modeste-

537 492 644 548 que
689 489 811 531 sese
870 479 1225 542 compommt,
1266 471 1579 541 frequenter
1624 469 2024 541 ingemiscunt;
2054 470 2118 523 de

538 570 789 626 castitate
808 573 1225 637 percontantur,
1251 573 1304 619 et
1325 564 1567 618 studiose
1591 563 1837 618 audiunt.
1865 560 2115 617 Secunda

538 663 655 715 vice
699 659 900 719 vidisti.
951 658 1063 726 jam
1107 655 1378 726 paulisper
1422 655 1673 709 attollunt
1705 653 1924 720 oculos;
1958 652 2115 708 tertio

540 751 855 821 colloquio,
912 749 1072 801 tixius
1134 756 1186 800 te
1249 746 1558 805 intuentur.
1622 742 1935 807 subrident,
2005 740 2114 794 imo

540 844 699 897 etiam
741 839 1025 909 profusum
1072 836 1241 889 risum
1282 833 1481 899 edunt;
1538 848 1601 886 ac
1640 831 1873 900 denique
1922 840 2116 884 cuncta

546 947 666 1002 qua:
711 930 948 983 animam
986 927 1237 980 obsident
1280 923 1601 983 moliuntur,
1656 923 1845 975 hamos
1901 920 2117 986 mortis,

547 1021 944 1092 praestigiarum
978 1016 1362 1078 illectamenta,
1397 1022 1561 1081 atque
1593 1011 1963 1080 multipliciter
1986 1025 2119 1064 con-

541 1125 714 1169 textas
755 1113 959 1181 plagas.

610 1204 688 1256 Ad
722 1203 899 1271 ignem
945 1198 990 1252 si
1030 1195 1254 1266 propius
1281 1194 1597 1255 accesseris,
1651 1194 1829 1248 statim
1875 1193 2117 1257 resilies;

541 1302 595 1346 at
625 1292 667 1345 si
700 1290 944 1343 mulieris
964 1287 1147 1341 verbis
1176 1296 1226 1340 te
1249 1285 1479 1340 emolliri
1527 1285 1696 1347 sinas,
1726 1300 1834 1337 non
1864 1285 2009 1338 illico
2033 1300 2119 1339 re-

545 1383 726 1437 cedes.

613 1470 761 1524 Viret
792 1470 981 1531 herba,
1032 1483 1156 1537 quae
1190 1466 1346 1537 aquis
1374 1467 1675 1535 propinqua
1705 1475 1827 1529 est;
1862 1475 1915 1520 et
1936 1464 2118 1519 libidi-

543 1562 628 1615 nis
653 1559 896 1621 aﬂectus,
926 1559 978 1611 in
1015 1556 1263 1610 muliebri
1293 1556 1591 1623 colloquio.

2227 392 2316 428 σαι
2341 374 2515 439 κάτω,
2543 374 2766 427 λαλοῦσι
2798 374 3008 447 πράως,
3043 374 3138 426 καὶ
3158 374 3451 441 δακρύουσι
3477 374 3814 443 συμπαθῶς,

2224 466 2321 520 καὶ
2350 466 2773 537 σχηματίζονται
2801 467 3068 536 κοσμίως,
3092 467 3188 519 καὶ
3219 465 3398 519 πυκνὰ
3433 465 3812 525 στενάζουσιν·

2225 558 2472 628 ἐρωτῶσι
2527 558 2655 628 περ).
2713 558 2960 624 ἁγνείας,
3007 559 3102 611 καὶ
3157 558 3460 619 σπουδαίως
3518 557 3810 611 ἀκούουσι.

2225 649 2485 720 Δεύτερον
2519 644 2677 711 εἶδες,
2722 651 2816 700 καὶ
2857 648 3051 718 μικρὸν
3096 649 3423 701 άνένευσαν·
3454 648 3675 717 τρίτον,
3732 651 3814 701 καὶ

2230 740 2531 811 προσέσχον
2576 739 2947 811 ἀτενέστερον,
2988 739 3326 808 ὲμειδίασαν,
3358 739 3451 792 καὶ
3486 739 3813 808 κεχυμένως

2230 832 2524 899 ἐγέλασαν
2585 833 2681 883 καὶ
2743 829 2929 883 λοιπὸν
2979 830 3300 901 ὲξαρτύουσι
3340 831 3519 885 πάντα
3554 832 3633 883 τὰ
3667 832 3814 881 πολι-

2227 922 2491 990 ορκοῦντα
2520 920 2723 991 ψυχὴν,
2768 921 3041 993 ἄγκιστρα
3079 922 3335 987 θανάτου,
3386 924 3481 975 καὶ
3534 921 3814 992 θέλγητρα

2226 1012 2503 1085 γοητείας,
2533 1014 2629 1066 καὶ
2651 1012 2971 1066 πολύπλοκα
2999 1013 3271 1083 θήρατρα.

2226 1164 2229 1165 ν
2297 1180 2441 1257 [lupi
2498 1185 2597 1254 μὲν
2644 1182 2981 1254 προσελθὼν,
3027 1183 3239 1253 ταχέως
3276 1184 3698 1252 άποπηδήσεις’
3728 1202 3811 1251 γ).

2226 1276 2415 1339 ναικὸς
2452 1275 2508 1328 δὲ
2547 1276 2756 1346 ῥήμασι
2789 1273 3106 1345 χαυνωθεὶς,
3139 1274 3240 1326 οὐκ
3278 1274 3483 1337 εὐθέως
3517 1277 3813 1345 ἀναχωρή-

2294 1387 2365 1423 ις.

2294 1387 2309 1421 ι
2351 1410 2365 1423 .

2230 1386 2497 1512 σεἑάλλιει
2546 1456 2744 1526 βοτάνη
2796 1456 2932 1527 παρ’
2958 1453 3133 1520 ὕδασι,
3161 1455 3259 1508 καὶ
3290 1456 3462 1520 πάθος
3493 1457 3809 1524 ἀκολασίας,

2229 1553 2288 1605 ὲν
2312 1549 2498 1621 ὁμιλίᾳ
2525 1547 2806 1616 γυναικός.

615 1650 807 1703 Forma
842 1648 1045 1710 fucata,
1085 1645 1562 1716 iutemperantium
1605 1644 1873 1714 pernicies
1900 1652 1952 1699 et
1989 1662 2115 1699 nau-

2260 1642 2495 1714 -Μορφὴ
2535 1638 3051 1712 κεκαλλωπισμένη,
3090 1638 3201 1693 τῶν
3229 1640 3661 1713 ἀκρατεστέρων
3703 1642 3808 1696 ϐλε-

545 1739 775 1807 fragium
809 1746 911 1789 est.

612 1822 1084 1890 Quemadmodum
1145 1821 1287 1890 ignis
1336 1819 1599 1873 memoria
1627 1829 1860 1875 mentem
1898 1824 2123 1878 minime

544 1917 693 1980 urit;
735 1915 816 1968 sic
849 1929 949 1967 nec
991 1913 1237 1973 allectus,
1279 1918 1487 1964 remota
1524 1910 1781 1975 materia,
1818 1927 1925 1982 qua
1962 1913 2123 1967 alitur

540 2016 703 2075 atque
733 2013 979 2075 augetur.

611 2095 714 2147 Par
736 2100 838 2153 est.
872 2088 1110 2159 serpenti
1141 2097 1195 2141 et
1223 2086 1440 2142 atl'ectui
1473 2103 1718 2157 parcere.
1753 2084 1890 2140 Nam
1939 2094 1999 2141 ut
2032 2100 2121 2142 oc-

541 2186 817 2241 casionem
850 2180 1179 2241 invenerint,
1205 2179 1520 2234 interimere
1552 2180 1835 2234 festinant.

616 2274 673 2328 lu
731 2286 1031 2343 congressu
1081 2269 1512 2340 perniciosarum
1561 2284 1939 2340 personarum,
1989 2282 2120 2322 con-

543 2365 949 2436 quiescentibus
976 2363 1086 2417 tuis
1119 2361 1490 2431 passionibus,
1528 2376 1596 2417 ne
1616 2371 1898 2430 propterea
1942 2359 2117 2414 conﬁ-

542 2458 663 2514 das.
699 2455 814 2511 Hoc
841 2456 986 2510 enim
1017 2467 1238 2523 quoque
1261 2467 1352 2508 ars
1379 2461 1481 2518 est,
1525 2461 1583 2507 ut
1616 2453 1998 2507 adversumde
2030 2452 2117 2505 in-

542 2556 766 2603 cautum
802 2542 1113 2611 insurgant,
1142 2557 1318 2611 eoque
1356 2543 1520 2597 modo
1555 2542 1769 2597 facilius
1806 2551 1857 2596 te
1877 2544 2117 2611 capiant.

612 2635 671 2689 Si
717 2633 935 2703 quando
985 2630 1239 2685 affectum
1285 2629 1500 2694 viceris,
1546 2644 1614 2684 ne
1669 2629 1791 2684 ideo
1827 2644 2016 2683 curam
2063 2636 2119 2682 et

544 2726 960 2782 sollicitudinem
986 2722 1229 2791 abjicias.
1254 2720 1310 2775 Si
1345 2721 1562 2790 quidem
1585 2719 1809 2775 affectus
1834 2719 1977 2774 ultro
1994 2718 2120 2773 red-

558 2818 636 2872 ire
661 2818 858 2881 solent,
912 2829 976 2869 ac
1020 2814 1300 2884 repentino
1326 2813 1529 2883 impetu
1577 2812 1768 2883 ingens
1803 2810 2117 2865 hominibus

544 2903 776 2959 incautis
808 2901 1109 2971 periculum
1146 2901 1412 2955 inferunt.

2226 1729 2357 1801 θρος
2392 1730 2487 1783 καὶ
2516 1729 2797 1795 ναυάγιον.

2299 1818 2514 1887 ’Ὥσπερ
2569 1819 2759 1887 μνήμη
2813 1815 2987 1888 πυρὸς
3039 1814 3102 1868 ού
3148 1815 3294 1869 καίει
3335 1815 3612 1880 διάνοιαν,
3646 1819 3805 1880 οὕτως

2224 1908 2348 1963 οὐδὲ
2381 1906 2571 1972 πάθος,
2597 1907 2846 1977 ἀπούσης
2874 1906 3007 1979 ὕλης
3036 1906 3139 1977 τῆς
3168 1907 3480 1979 τρεφούσης
3516 1911 3622 1963 καὶ
3649 1912 3801 1975 αὐξα-

2224 1998 2424 2069 νούσης
2449 1997 2603 2052 αὐτό.

2296 2088 2461 2142 Ὅσον
2493 2089 2514 2121 ⁸
2536 2087 2685 2142 ἐστὶν
2726 2086 2902 2157 ὄφεως
2943 2087 3040 2141 καὶ
3081 2087 3289 2151 πάθους
3319 2088 3644 2158 φείσασθαι.
3676 2092 3793 2145 Κάις

2228 2180 2319 2253 ρὸν
2341 2180 2451 2251 γάρ
2484 2166 2735 2251 εὑρόντα,
2771 2178 3095 2233 σπεύδουσιν
3127 2179 3359 2235 ἀνελεῖν.

2305 2272 2394 2326 Ἐν
2431 2271 2743 2342 συντυχίαις
2773 2269 3081 2340 προσώπων
3115 2270 3416 2342 βλαϐερῶν,
3451 2272 3792 2343 ἠρεμούντων

2225 2376 2309 2414 σοι
2338 2359 2549 2425 παθῶν,
2588 2360 2664 2429 μὴ
2692 2357 3014 2429 πιστεύσῃς.
3057 2358 3235 2429 Τέχνη
3310 2360 3422 2431 γάρ
3484 2364 3587 2415 καὶ
3636 2363 3789 2425 τοῦτο,

2223 2449 2693 2520 κατεξαναστῆσαί
2724 2450 2767 2482 ⁸⁸
2810 2466 2905 2503 σου
2948 2449 3025 2521 μὴ
3064 2434 3497 2521 φυλαττομένου,
3551 2455 3648 2507 καὶ
3682 2457 3787 2524 ῥᾷον

2221 2540 2393 2604 οὕτως
2421 2542 2581 2594 έλεῐν.

2291 2633 2357 2685 Et
2387 2648 2518 2685 ποτε
2573 2632 2878 2703 κρατήσεις
2901 2630 2998 2685 τοῦ
3027 2629 3253 2693 πάθους,
3288 2630 3414 2701 μηδ’
3444 2630 3629 2696 οὕτως
3665 2635 3789 2702 ἀμεο

2222 2725 2493 2793 ριμνήσῃς
2509 2741 2525 2755 ·
2550 2721 2949 2793 φιλεπίστροφα
2977 2722 3086 2792 γάρ
3108 2722 3176 2775 τά
3201 2722 3370 2788 πάθη,
3401 2722 3503 2775 καὶ
3529 2722 3606 2792 τῷ
3631 2726 3791 2792 αἰφνι-

2217 2814 2316 2885 δίῳ
2381 2816 2492 2877 τοῖς
2550 2812 2886 2881 ἀφυλάκτοις
2952 2813 3078 2879 ὀξὺν
3141 2813 3234 2866 τὸν
3297 2813 3554 2867 κίνδυνον
3618 2817 3787 2884 Emed-

2221 2923 2402 2978 ροντα.

615 2967 866 3049 Scintilla
921 2993 977 3048 in
1023 2992 1193 3061 paleis
1245 3007 1455 3048 moram
1515 2993 1780 3055 trahens,
1835 2990 2112 3045 ﬂammam

2222 2967 2235 2978 '
2289 2994 2533 3066 Σπινθὴρ
2566 2994 2885 3065 ὲγχρονίσας
2927 2992 3173 3064 ἀχύροις,
3229 2995 3437 3064 ἐγείρει
3481 2997 3679 3065 φλόγα,
3707 3001 3787 3051 και

541 3084 775 3150 excitat;
814 3093 929 3138 tum
956 3082 1120 3137 noxia
1146 3081 1452 3137 recordatio
1482 3080 1691 3135 diutius
1717 3080 1984 3145 insidens,
2012 3079 2117 3135 for-

542 3177 841 3232 uicationis
867 3175 1241 3243 cupiditatem.

610 3266 682 3321 Ut
715 3263 910 3318 mortis
941 3242 1204 3316 memoria
1242 3260 1487 3315 ciborum
1511 3242 1984 3331 intemperantiam
2009 3276 2109 3316 am-

539 3364 735 3426 putat;
783 3355 863 3409 sic
891 3351 1133 3407 libidinis
1161 3351 1515 3421 petulantiam
1552 3358 1763 3407 resecat
1778 3350 2115 3407 continentia

535 3449 729 3519 juncta
764 3444 1058 3500 humilitati
1087 3453 1145 3498 et
1167 3443 1424 3497 orationi.

613 3540 672 3595 Si
706 3537 953 3594 libidinis
978 3536 1235 3606 cOgitatio
1264 3535 1506 3589 animum
1539 3542 1694 3589 tuum
1717 3534 1963 3597 subierit,
1982 3548 2116 3588 con-

537 3628 721 3685 festim
767 3633 1006 3682 mentem
1041 3625 1163 3680 inde
1196 3624 1526 3679 abstractam
1576 3622 1643 3678 ad
1689 3620 1859 3677 Deum
1896 3636 2112 3676 summo

536 3722 718 3778 studio
748 3720 970 3788 attolle;
1003 3733 1073 3774 ne
1116 3718 1322 3773 diutius
1353 3716 1695 3783 immoratus,
1727 3724 1985 3786 tanquam
2016 3729 2113 3769 vo-

534 3813 757 3884 luptatis
787 3823 996 3867 amator
1024 3808 1430 3866 condemneris.

605 3905 745 3959 Cum
783 3902 1029 3958 libidinis
1075 3902 1271 3957 ardore
1319 3899 1648 3971 ﬂagraveris,
1701 3906 1815 3953 tum
1882 3898 2110 3969 ingemi-

532 4011 693 4051 scens
728 3995 819 4050 hic
842 3993 1024 4051 verbis
1050 4001 1203 4048 utere
1231 4009 1246 4047 :
1278 3989 1389 4047 lleu
1415 4006 1504 4046 me
1534 3989 1816 4054 miserum,
1846 3990 1893 4045 si
1920 3989 2109 4044 diabo-

530 4088 645 4142 lum
681 4088 812 4150 Deo,
844 4095 897 4141 et
916 4085 1281 4155 impuritatem
1300 4081 1522 4152 puritati
1542 4089 1903 4152 anteposuero
1928 4082 1942 4135 !
1972 4080 2108 4135 Pro-

523 4179 765 4248 jicienm
830 4187 910 4232 me
958 4193 1100 4231 nunc
1151 4173 1604 4229 circumdederunt
1651 4189 1731 4226 me
1777 4174 1821 4227 ί.
1850 4171 2107 4226 Exsulta-

2220 3088 2438 3176 μνήμη.
2476 3086 2717 3157 βλαϐερά
2776 3086 3209 3158 παραμένουσα,
3270 3089 3541 3160 πορνείας
3610 3090 3785 3143 ἐπιθυ-

2221 3176 2372 3246 μίαν.

2300 3266 2598 3337 ’Δκρασίαν
2655 3266 2959 3338 βρωμάτων
3012 3269 3331 3338 περικόπτει
3390 3271 3591 3339 μνήμη
3639 3272 3787 3326 Bavi-

2213 3376 2309 3414 του
2342 3359 2383 3390 ίί
2408 3370 2425 3386 ⁸
2455 3357 2753 3413 ἀκολασίαν
2788 3358 2848 3412 δὲ
2893 3358 3151 3428 πορνείας
3190 3363 3460 3430 περιαιρεί
3488 3364 3785 3433 ἐγκράτεια

2216 3449 2353 3521 μετά
2380 3447 2763 3512 ταπεινώσεως
2802 3450 2898 3501 καὶ
2935 3453 3263 3520 προσευχῆς.

2294 3542 2422 3596 Ἐάν
2453 3556 2535 3594 σοι
2568 3540 2828 3611 λογισμὸς
2877 3540 3177 3604 ἀκολασίας
3217 3540 3611 3613 προσγένηται,
3642 3562 3780 3615 παρ-

2211 3631 2410 3685 αυτίκα
2431 3632 2523 3685 τὸν
2557 3630 2682 3685 νοῦν
2706 3632 3057 3697 ἀποσπάσας,
3091 3632 3347 3701 ἀνένεγκε
3379 3632 3524 3702 μετά
3554 3636 3780 3703 σπουδῆς

2211 3724 2350 3794 πρὸς
2393 3724 2484 3777 τὸν
2528 3724 2698 3778 Θεόν’
2736 3724 2946 3794 μήποτε
3003 3725 3280 3795 χρονίσας,
3319 3725 3670 3796 κατακριθῇς
3698 3729 3763 3789 ὡς

2210 3814 2511 3885 φιλήδονος.

2282 3906 2452 3961 Ὅταν
2502 3904 2763 3977 πρωθῇς
2809 3904 3102 3975 ἐμπαθῶς,
3131 3903 3255 3957 τότε
3297 3903 3422 3972 λέγε
3466 3907 3773 3970 στενάζων·

2205 3996 2332 4063 Φεῦ,
2372 3997 2423 4050 εί
2457 3997 2779 4067 προτιμήσω
2811 3995 2906 4048 τοῦ
2956 3993 3089 4047 Θεοῦ
3143 3994 3234 4047 τὸν
3268 3994 3539 4058 διάϐολον,
3569 3996 3664 4048 καὶ
3688 3997 3776 4065 τῆς

2204 4088 2573 4160 καθαρότητος
2596 4087 2697 4158 τὴν
2724 4086 3082 4158 ἀκαθαρσίαν.
3126 4087 3517 4153 Ἐκϐαλόηες
3541 4105 3621 4157 με
3648 4090 3775 4143 ruri

2204 4179 2698 4248 περιεκύκλωσάν
2724 4195 2801 4248 με
2824 4196 2839 4210 ’
2867 4178 2934 4232 τὸ
2962 4177 3308 4247 dra/utqui
3335 4194 3454 4247 μου
3474 4180 3777 4249 λύτρωσαί

538 4273 608 4323 tio
656 4286 796 4334 mea,
852 4284 975 4323 erue
1026 4284 1108 4322 me
1170 4283 1204 4321 α
1257 4264 1710 4320 circumdontibus
1759 4262 1913 4318 mei.
1965 4262 2106 4319 Sunt

2220 4290 2276 4328 us
2306 4272 2426 4328 ἀπὸ
2455 4272 2576 4327 τῶν
2610 4270 3055 4326 κυκλωσάντων
3077 4287 3174 4340 με.
3215 4271 3375 4334 Τινὲς
3407 4271 3464 4324 δὲ
3500 4274 3600 4325 καὶ
3630 4273 3777 4337 eum.

532 4363 698 4417 etiam
729 4361 1001 4425 nonnulli,
1036 4361 1132 4430 qui
1180 4359 1377 4416 fustem
1413 4358 1705 4426 accipiant,
1752 4370 1922 4427 seque
1946 4371 2099 4412 acer-

2207 4380 2320 4435 ptov
2350 4363 2738 4433 λαμϐάνοντες,
2773 4361 2871 4415 καὶ
2897 4360 3195 4424 τύπτοντες
3231 4362 3460 4424 ἑαυτοὺς
3502 4364 3773 4430 ὲμπόνυς,

483 4492 491 4525 ,
535 4453 672 4507 rime
700 4451 915 4513 feriant,
954 4460 1118 4522 atque
1160 4452 1235 4506 ita
1283 4449 1532 4504 ardorem
1585 4448 1879 4517 expellant,
1913 4447 2103 4503 dolore

2220 4453 2345 4507 δύτω
2381 4453 2483 4523 τὴν
2532 4451 2782 4523 πύρωσιν
2809 4449 3223 4514 ἀπελαύνουσιν,
3253 4451 3328 4513 ὡς
3354 4450 3452 4503 τοῦ
3484 4451 3656 4504 πόνου
3685 4453 3774 4522 τὴν

531 4544 794 4599 nimirum
824 4544 1152 4613 voluptatem
1191 4541 1379 4609 procul
1404 4539 1678 4608 abigente.

597 4633 827 4701 Quoties
852 4635 1094 4690 libidinis
1122 4632 1375 4688 illecebra
1409 4632 1638 4687 seorsim
1673 4629 1727 4684 in
1755 4638 1807 4685 te
1841 4630 2098 4701 impetum

523 4726 738 4793 iecerit.
771 4740 955 4794 surge,
990 4739 1057 4778 ac
1090 4732 1141 4778 te
1183 4737 1368 4779 coram
1403 4720 1512 4776 Deo
1551 4720 1775 4791 projice,
1803 4720 2044 4776 clamans
2080 4738 2096 4775 :

531 4819 629 4873 Fili
660 4818 775 4884 Dei,
805 4817 1001 4886 adjuva
1029 4831 1116 4871 me
1145 4815 1193 4869 ι.
1222 4814 1405 4886 Neque
1426 4814 1770 4869 vehementer
1807 4813 2095 4867 contriste-

2201 4546 2397 4616 ήδονὴν
2420 4545 2609 4616 πόρρω
2650 4543 2956 4614 βάλλοντος.

2283 4636 2504 4698 Ὁσάκις
2534 4634 2600 4688 ἂν
2635 4634 2950 4704 καταμόνας
2988 4632 3193 4706 ἐπέλθῃ
3240 4649 3324 4685 σοι
3363 4633 3630 4703 πορνείας
3664 4635 3776 4704 ερε-

2203 4729 2417 4798 θισμδς,
2462 4727 2702 4789 ἀναστὰς
2741 4727 2895 4797 ρίψον
2941 4726 3167 4779 σεαυτὸν
3207 4726 3436 4779 ἐνώπιον
3477 4723 3583 4777 τοῦ
3618 4725 3771 4786 Θεοῦ,

2203 4819 2371 4889 βοῶν’
2405 4818 2501 4871 Υίὲ
2532 4817 2626 4871 τοῦ
2656 4816 2811 4879 Θεοῦ,
2844 4816 3026 4886 βοήθει
3060 4835 3182 4887 μου.
3213 4817 3319 4868 Καὶ
3350 4815 3424 4883 μὴ
3457 4815 3673 4883 σφόδρα
3699 4819 3783 4871 λυ-

528 4911 606 4967 ris
643 4928 658 4965 :
696 4924 803 4963 non
830 4911 974 4963 enim
997 4907 1289 4965 aﬂ'ectuum
1320 4905 1600 4962 evulsores
1627 4920 1844 4967 sumus,
1867 4905 1958 4959 sed
1991 4919 2090 4973 op-

525 5007 874 5070 pugnatores.

2202 4905 2305 4958 πού
2327 4922 2340 4934 ·
2375 4906 2436 4958 ού
2472 4906 2579 4977 γάρ
2610 4903 2904 4976 ὲκριζωταὶ
2935 4904 3043 4958 τῶν
3080 4904 3265 4959 παθῶν
3294 4905 3482 4973 ἐσμεν,
3509 4904 3632 4956 ἀλλ’
3654 4912 3777 4958 ἀντ-

2201 4990 2517 5057 ἀγωνισταί.

600 5213 614 5241 ι
648 5197 789 5253 Psal.
825 5214 935 5262 xw,
978 5198 1058 5249 ll.
1136 5194 1149 5243 i
1197 5195 1339 5248 Psal.
1379 5210 1525 5257 xui,
1559 5193 1609 5246 7.
1690 5190 1715 5227 ¹ι
1748 5191 1938 5245 Matth.
1971 5207 2057 5250 xv,
2088 5189 2179 5243 ‘25.

1810 5367 2046 5422 VARle
2084 5365 2486 5423 LECTIONES.

589 5559 610 5591 '
650 5551 917 5610 1ηι.ῐσον.
1002 5555 1043 5586 ¹⁶
1069 5554 1146 5608 ΑΙ.
1212 5545 1697 5617 κατεξαναττῆναί.
1800 5546 1837 5575 ¹¹
1874 5543 1981 5597 Im.
2024 5543 2179 5599 Θεοῦ.
