3898 6196
386 223 517 288 15.51

1878 213 1935 271 S.
1993 209 2153 267 NlLI

3511 207 3649 270 1139.

384 340 566 401 detur,
603 333 917 389 diuturnam
949 334 1302 392 senectutem,
1336 325 1577 395 corporis
1609 322 1953 378 imbecillita-

2085 314 2382 386 ιατάλειφιν
2417 318 2695 385 συγγενιῖιν
2723 319 2817 371 καὶ
2852 318 3039 387 φίλων,
3075 320 3168 372 καὶ
3196 317 3449 383 τοιαύτας
3482 319 3652 384 ἄλλας

385 437 514 492 ιεηι,
556 433 916 494 cognatorum
948 425 1002 473 et
1031 418 1336 471 amicorum
1368 414 1758 476 desertionrm,
1791 412 1959 465 alios-

381 535 490 590 que
522 518 572 571 id
617 529 790 586 genus
840 518 1150 582 praetextum
1196 508 1273 562 Ac
1320 507 1575 575 deineeps
1618 505 1670 559 in
1718 505 1959 559 animum

384 612 635 670 subiens,
667 620 903 674 eumque
932 617 1154 674 prorsus
1184 615 1482 669 occupans,
1534 606 1702 652 totam
1754 595 1962 665 cupidi-

385 710 551 755 tatem
601 697 669 752 ad
713 710 837 751 Sese
885 694 1143 758 traducit,
1198 691 1634 761 persuadetque,
1677 689 1962 758 pecuniam

387 793 556 847 solam
594 802 860 860 quaerere,
891 789 942 841 in
978 800 1152 854 eaque
1185 785 1319 847 sola,
1375 792 1433 837 ut
1464 797 1584 851 qua:
1635 780 1686 834 in
1721 791 1964 848 tempore

385 884 637 951 adjutura
667 882 759 945 sit,
785 878 1011 933 ﬁrmiter
1036 876 1336 940 conﬁdere;
1367 891 1515 943 Spt'm
1543 887 1669 926 vero
1707 874 1757 925 in
1797 869 1961 924 Deum

388 974 560 1025 instar
590 980 868 1023 venturum
914 977 1189 1035 reputare.
1223 964 1346 1017 Tria
1382 980 1543 1033 porro
1580 963 1820 1015 avaritiae
1837 970 1964 1013 sunt

346 1084 349 1087 ι
385 1076 587 1132 genera
622 1059 896 1129 :primum
924 1095 938 1121 ,
992 1055 1211 1125 quando
1251 1054 1373 1122 quis
1419 1069 1481 1106 ea
1531 1051 1730 1121 quibus
1794 1058 1960 1111 caret,

387 1151 617 1223 adipisci
651 1152 847 1221 gestit;
875 1146 1123 1209 utGiezi,
1157 1145 1321 1213 cuius
1370 1158 1528 1213 parua
1572 1142 1714 1212 lepra
1765 1141 1964 1209 sempi-

387 1257 538 1302 terna
570 1254 653 1300 est
684 1252 711 1280 ιι
750 1262 762 1297 :
805 1243 1058 1303 alterum,
1092 1253 1215 1293 cum
1250 1237 1374 1307 quis
1406 1228 1691 1306 postquam
1735 1233 1967 1287 faculta-

388 1340 532 1392 tibtn
565 1338 680 1392 suis
713 1331 1064 1393 renuntiavit,
1098 1344 1293 1383 rursus
1323 1328 1634 1382 divitiarum
1671 1325 1966 1395 cupiditate

388 1429 652 1493 aﬂicitur;
688 1431 747 1477 ut
774 1421 965 1485 ludas,
1018 1422 1178 1490 cujus
1228 1420 1560 1489 supplicium
1606 1418 1836 1472 acerbus
1883 1425 1966 1471 est

388 1521 615 1588 laqueus
638 1522 664 1550 ο
697 1533 709 1568 :
746 1512 986 1573 tertium,
1020 1511 1111 1563 ubi
1142 1509 1264 1578 quis
1300 1509 1441 1561 bona
1479 1506 1661 1559 omnia
1722 1504 1966 1573 abjcctu-

388 1627 508 1665 rum
545 1624 604 1662 se
633 1606 927 1677 pollicitus,
961 1611 1162 1671 partem
1182 1601 1319 1655 clum
1346 1599 1579 1663 retinet;
1618 1608 1674 1650 ut
1726 1595 1965 1647 Auanias

2065 409 2395 481 προφάσεις·
2442 410 2535 461 καὶ
2567 408 2751 461 λοιπὸν
2790 410 3108 480 εἰσδυομένη
3154 409 3247 463 καὶ
3297 409 3655 480 περιλαμεάο

2062 518 2229 555 νουσα
2287 502 2388 573 τὴν
2439 501 2635 571 ψυχὴν,
2687 501 2815 572 ὃλην
2856 503 2957 572 τὴν
2999 502 3297 571 ἐπιθυμίαν
3335 503 3415 564 είς
3452 501 3659 569 ἑαυτὴν

2067 591 2320 663 μεθιστᾷ,
2354 594 2448 647 καὶ
2493 593 2670 646 πείθει
2709 595 2866 664 μόνον
2903 595 2962 647 τὸ
3006 594 3270 665 ἀργύριον
3310 595 3520 662 ζητεῖν,
3559 595 3661 646 καὶ

2062 684 2214 755 μόνῳ
2257 685 2434 757 τούτῳ
2479 685 2713 757 βεδαίως
2754 687 2997 758 θαρρεῖν,
3025 687 3100 755 ὡς
3136 689 3192 741 ἐν
3226 688 3405 757 καιρῷ
3446 686 3654 757 βοηθή-

2067 794 2241 831 σοντι·
2276 778 2376 842 τάς
2405 778 2462 831 δὲ
2497 778 2631 848 πρὸς
2661 779 2793 832 Θεὸν
2819 780 3063 843 ἐλπίδας,
3090 781 3181 832 ῐσα
3215 780 3309 832 καὶ
3336 778 3538 848 αὔραις
3573 778 3660 829 λος

2065 868 2332 937 γίζεοθαι.
2373 871 2534 939 Τρεῖς
2568 871 2625 923 δὲ
2658 872 2851 941 τρόποι
2888 871 2985 941 τῆς
3024 871 3391 940 φιλαργυρίας
3417 887 3432 901 ’
3465 874 3495 922 ὀ
3529 871 3660 939 μὲν,

2063 962 2194 1015 ὃταν
2239 980 2320 1027 τις
2369 963 2630 1033 ἐπιουμεῖ
2658 962 2963 1034 κτήσασθαι
2996 963 3032 1017 ἃ
3072 964 3148 1034 μὴ
3177 964 3321 1033 ἔχει’
3356 964 3435 1026 ὡς
3466 963 3660 1029 Γιεζῆ,

2066 1046 2127 1105 οὗ
2160 1052 2455 1121 ἐπιτίμιον,
2486 1055 2517 1123 ἠ
2541 1051 2760 1115 αἰώνιος
2781 1052 2957 1122 λέπρα
2982 1067 2996 1082 °
3032 1054 3060 1105 ὁ
3082 1052 3158 1116 δὲ,
3189 1053 3315 1104 ὅταν
3335 1070 3416 1114 τις
3444 1053 3664 1103 ἀποτα-

2067 1144 2299 1216 ξάμενος
2326 1140 2407 1208 οἷς
2437 1146 2567 1215 ἔχει,
2588 1146 2751 1198 πάλιν
2776 1146 3034 1215 ἐπιθυμεῖ
3058 1145 3287 1198 πλούτου
3310 1165 3320 1174 ·
3351 1146 3429 1207 ὡς
3463 1148 3491 1196 ὀ
3529 1143 3665 1195 Ἰοῦο

2066 1232 2181 1299 δας,
2228 1232 2289 1290 οὗ
2320 1238 2611 1307 ἐπιτίμιον,
2642 1239 2675 1309 ἡ
2711 1239 2884 1308 πικρά
2919 1238 3149 1308 ἀγχόνη·
3191 1240 3220 1291 ὁ
3267 1238 3345 1297 δὲ,
3395 1239 3528 1289 ὅταν
3578 1254 3663 1297 τις

2067 1327 2437 1397 ὑποσχόμενος
2476 1328 2892 1397 ἀποκτὴσασοαι
2932 1329 3110 1382 πάντα
3153 1329 3252 1381 ὅσα
3290 1329 3426 1397 ἔχει,
3481 1325 3662 1396 ὶάῦρα

2068 1419 2487 1487 παρακατάσχει
2515 1419 2678 1489 μέρος
2698 1434 2712 1450 ο
2738 1419 2812 1482 ὡς
2853 1419 3099 1481 Ἀνανίας
3122 1421 3216 1472 καὶ
3242 1420 3559 1491 Σάπφειρα,
3585 1416 3663 1472 ὧν

2069 1507 2361 1577 ἐπιτίμιον,
2394 1511 2421 1561 ὁ
2447 1509 2712 1578 αἰφνίδιος
2745 1511 2839 1564 καὶ
2877 1511 3100 1580 ἀφειδὴς
3134 1510 3387 1574 Θάνατος.
3446 1513 3663 1564 Ἐκκο-

2070 1600 2230 1652 πτέον
2261 1600 2441 1654 τοίνυν
2467 1602 2566 1673 τὴν
2596 1602 2755 1672 ῥίζαν
2776 1602 2882 1655 τῶν
2913 1603 3098 1656 κακῶν
3122 1621 3135 1634 ο
3172 1603 3374 1670 ταύτης
3406 1603 3521 1673 γάρ
3559 1621 3660 1673 με·

389 1656 974 1677 ......--τ------κη,,
1567 1656 1577 1663 .

363 1702 970 1770 etSappbira,quorum
1002 1706 1160 1760 pcena
1186 1705 1332 1742 mors
1363 1688 1641 1757 repentina
1670 1695 1722 1739 et
1752 1699 1892 1739 ειειά
1916 1694 1960 1737 ν.

2085 1689 2282 1762 νούσης,
2315 1693 2409 1745 καὶ
2450 1696 2497 1746 οἱ
2534 1694 2717 1748 κλάδοι
2768 1696 3068 1765 φυήσονται
3092 1710 3106 1724 ·
3141 1696 3214 1766 μή
3251 1713 3366 1758 πως
3396 1696 3664 1749 ἀκούσω-

388 1790 654 1857 Quocirca
693 1786 971 1843 evellenda
997 1792 1083 1838 est
1129 1782 1393 1835 malorum
1443 1781 1619 1834 radix.
1659 1780 1786 1834 llaec
1823 1778 1965 1832 enim

2085 1799 2171 1835 ιεν
2204 1785 2627 1856 ἀπροσδοκήτως
2649 1801 2664 1816 ο
2701 1787 2946 1856 Ἀφρον,
2979 1788 3163 1853 ταύτῃ
3197 1786 3271 1855 τῇ
3312 1788 3490 1840 νυκτὶ
3536 1788 3660 1854 τὴν

389 1885 433 1937 si
474 1889 712 1945 maneat,
747 1878 885 1933 rami
926 1890 1147 1946 quoque
1172 1874 1534 1944 pullulabunt.
1580 1872 1659 1926 Ne
1686 1872 1965 1941 inopinato

2085 1871 2279 1941 ῥιυχήν
2302 1889 2418 1929 σου
2448 1875 2808 1931 ἀπαιτοῦσιν
2835 1877 2952 1931 ἀπὸ
2975 1877 3113 1940 σοῦ,
3138 1876 3175 1930 d
3202 1877 3270 1930 δὲ
3291 1879 3665 1948 ἡτοίμασας,

386 1975 677 2028 audiamus
704 1986 718 2024 :
758 1968 954 2034 Stulte,
978 1967 1076 2019 hac
1100 1976 1247 2019 nocte
1277 1966 1511 2018 animum
1548 1973 1693 2016 luant
1733 1969 1965 2030 repetunt

2085 1963 2181 2016 τινι
2217 1964 2422 2030 Eatur;
2449 1968 2786 2040 Κατορθοῦσι
2815 1969 2872 2024 δὲ
2906 1969 3139 2039 μάλιστα
3164 1969 3224 2023 τὸ
3252 1970 3665 2043 ἀφιλάργυρον,

388 2086 419 2118 a
451 2077 540 2129 te;
571 2080 686 2134 qua:
716 2071 891 2116 autem
937 2058 1169 2128 parasti,
1222 2057 1375 2127 cujus
1426 2066 1577 2111 erunt
1603 2055 1670 2108 (1?
1697 2054 1965 2108 Cancrum

2085 2056 2115 2108 ιί
2145 2055 2202 2109 ὲν
2233 2058 2484 2131 κοινοϐίῳ
2513 2060 2741 2132 μηδενὸς
2763 2063 3161 2134 φροντίζοντες.

387 2158 642 2211 Virtutem
696 2161 1019 2221 contempne-
1082 2151 1324 2220 pecuniae
1373 2159 1427 2203 et
1468 2148 1709 2203 avaritiae
1762 2147 1986 2217 abiectae
2040 2150 2276 2206 maxime
2340 2152 2376 2206 ii
2427 2155 2710 2221 excolunt,
2754 2156 2845 2226 qui
2910 2156 2965 2210 in
3009 2157 3260 2213 emnobio
3309 2158 3519 2213 nullius
3585 2162 3663 2213 rei

386 2269 575 2309 curam
614 2251 939 2319 suscipiunt.

460 2347 673 2400 Avarus
721 2344 1045 2409 monachus,
1089 2345 1145 2398 in
1202 2356 1461 2396 manuum
1524 2340 1802 2394 laboribus
1848 2339 1974 2393 dili-

386 2438 759 2511 gentissimus,
800 2452 897 2492 eos
961 2437 1181 2505 quidem
1248 2448 1346 2504 pro
1388 2430 1531 2487 seria
1561 2446 1723 2500 opera
1790 2430 1971 2495 habet,

390 2546 489 2601 pro
511 2528 855 2584 del’uncturia
913 2538 1093 2582 autem
1128 2523 1498 2595 precationem
1535 2537 1598 2575 ac
1650 2521 1970 2585 lectionem,

394 2621 520 2675 etsi
557 2621 685 2691 quid
718 2619 865 2673 aliud
901 2618 1185 2688 Spirituale
1233 2626 1336 2669 est.
1372 2612 1513 2680 Quin
1560 2612 1625 2666 ad
1658 2611 1971 2680 hujnsmodi

394 2713 621 2768 all‘ectus
653 2711 1016 2782 patrocinium
1072 2707 1200 2763 illud
1232 2721 1450 2776 quoque
1474 2703 1720 2773 Apostoli
1762 2703 1964 2757 dictum

389 2804 636 2859 obtendit
661 2821 673 2857 :
703 2802 807 2867 Qui
840 2802 1046 2856 otiosus
1079 2807 1182 2864 est,
1217 2815 1308 2852 uec
1339 2798 1620 2851 manducet
1648 2812 1690 2851 τ.
1718 2795 1855 2849 Cum
1884 2803 1966 2847 ta--

392 2910 515 2952 men
554 2904 765 2957 contra,
803 2908 866 2948 ea
900 2908 1020 2961 qua:
1058 2894 1253 2946 anima:
1294 2890 1446 2945 utilia
1478 2898 1605 2943 sunt
1656 2902 1751 2957 pro
1799 2900 1963 2956 opere

390 2987 577 3043 haberi
600 2985 853 3049 debeant,
887 3000 983 3054 pro
1011 2984 1305 3053 appendice
1346 2996 1474 3036 vero
1511 2980 1690 3050 aperis
1743 2993 1803 3032 ea
1848 2991 1969 3047 quae

392 3079 647 3135 manibus
700 3077 1085 3132 coniiciuntur.
1954 3068 1955 3071 “

463 3171 678 3225 Avarus
700 3168 787 3221 ille
809 3177 913 3231 est,
946 3181 1054 3221 non
1082 3165 1171 3235 qui
1204 3165 1428 3219 omnino
1481 3165 1740 3233 pecunias
1787 3164 1968 3229 habet,

396 3263 491 3317 sed
523 3262 616 3331 qui
643 3276 737 3315 eas
763 3268 930 3323 amat,
976 3267 1139 3327 atque
1160 3258 1384 3325 adipisci
1410 3258 1579 3324 cupit.

464 3351 764 3405 \lonachus
812 3349 962 3402 dives
1010 3355 1065 3401 et
1122 3346 1377 3414 copiosus
1419 3353 1615 3397 onusta
1666 3360 1818 3398 navus
1866 3351 1967 3405 est,

390 3459 513 3514 quae
538 3442 591 3496 in
619 3445 942 3510 tempestate
979 3437 1135 3492 facile
1168 3437 1559 3506 submergitur.

460 3534 665 3589 Contra
708 3532 755 3586 is
784 3530 879 3601 qui
932 3528 1068 3582 nihil
1115 3525 1376 3599 possidet,
1411 3527 1543 3581 levis
1592 3540 1655 3581 ac
1688 3525 1969 3597 expeditus

393 3627 575 3683 viator
604 3633 708 3688 est,
739 3622 834 3693 qui
885 3622 941 3675 in
993 3620 1141 3674 omni
1187 3621 1305 3674 loco
1351 3619 1710 3673 diversorium
1743 3620 1967 3685 invenit,

393 3720 613 3789 citoque
636 3713 884 3786 pervenit
913 3712 979 3767 ad
1013 3712 1261 3766 bravium
1293 3726 1542 3779 superna:
1571 3712 1871 3766 vocationis
1899 3723 1919 3750 ³
1952 3728 1965 3778 ;

392 3811 577 3882 aquila
604 3808 841 3878 denique
867 3806 1103 3862 sublime
1145 3804 1356 3867 volans,
1408 3818 1472 3858 ac
1506 3812 1620 3857 tum
1652 3804 1870 3859 demum
1903 3804 1967 3858 ad

392 3904 574 3959 cibum
606 3900 889 3964 derolans,
927 3912 1047 3953 cum
1088 3897 1377 3955 necessitas
1416 3894 1578 3963 cogit.

461 3991 766 4046 Monachus
802 3989 1043 4042 avaritize
1072 3986 1265 4041 morbo
1292 3984 1571 4047 laborans,
1626 4000 1905 4055 nunquam
1936 3999 1966 4039 a

392 4099 523 4140 cura
546 4091 600 4137 et
629 4078 991 4137 sollicitudine
1013 4079 1150 4133 liber
1177 4088 1279 4134 est.
1500 4068 1507 4073 ’

461 4172 718 4228 Avaritia
739 4186 864 4224 cum
893 4170 1158 4224 charitate
1185 4168 1394 4224 nullum
1418 4168 1596 4225 lendus
1622 4183 1744 4225 esse
1768 4176 1962 4239 potest.

396 4263 519 4318 llaec
542 4263 687 4317 enim
721 4272 879 4329 aquo
902 4259 1196 4329 lihentique
1242 4261 1426 4314 animo
1466 4276 1525 4315 se
1552 4260 1791 4315 fraudari
1825 4261 1965 4331 pati-

2145 2338 2484 2413 Φιλάργυρος
2536 2342 2767 2414 μοναχδς
2802 2344 2859 2396 ὲν
2905 2343 3237 2414 ἑργοχείροις
3286 2344 3668 2413 ἐπιμελέστα-

2072 2447 2163 2496 τος
2184 2447 2198 2461 °
2234 2431 2394 2501 ἔργον
2434 2431 2533 2504 μὲν
2563 2433 2702 2503 ἔχων
2729 2433 2921 2494 ταῦτα,
2954 2437 3231 2506 πάρεργον
3257 2434 3311 2489 δὲ
3344 2438 3449 2505 τὴν
3482 2454 3666 2507 7:903-

2072 2521 2234 2592 ευχὴν
2266 2525 2359 2576 καὶ
2410 2522 2509 2595 τὴν
2544 2523 2875 2592 ἀνάγνωσιν,
2908 2526 3002 2578 καὶ
3052 2526 3107 2577 εἴ
3141 2543 3192 2577 τι
3238 2526 3623 2593 πνευματικόν
3648 2542 3664 2556 ·

2071 2614 2437 2684 προϐάλλεται
2482 2615 2536 2667 δὲ
2574 2616 2667 2669 καὶ
2708 2617 2786 2679 εἰς
2832 2616 3161 2687 συνηγορίαν
3191 2615 3283 2668 τοῦ
3329 2618 3569 2680 πάθους,
3602 2618 3664 2670 τὸ

2069 2705 2425 2761 ἀποστολικὸν
2460 2708 2635 2759 ἐκεῖνο
2666 2708 2829 2779 ῥητόν
2852 2724 2866 2739 °
2911 2706 2971 2762 '0
3009 2708 3178 2778 ἀργὸς
3200 2707 3355 2776 μηδὲ
3379 2708 3664 2762 ἐσθιέτω’

2069 2792 2187 2850 δεον
2217 2796 2375 2869 ἔργον
2409 2798 2505 2861 μὲν
2527 2798 2690 2870 ἔχειν,
2723 2798 2791 2852 τά
2816 2799 3134 2871 ψυχωφελῆ,
3166 2801 3448 2870 πάρεργον
3473 2800 3553 2866 δὲ,
3591 2803 3665 2856 τὰ

2071 2888 2129 2940 ὲν
2162 2890 2518 2962 ὲργοχείροις.

2141 3162 2502 3233 Φιλάργυρος,
2536 3164 2632 3234 οὐχ
2674 3165 2701 3217 ὁ
2736 3162 2873 3234 ἔχων
2910 3164 3168 3235 χρήματα
3200 3164 3441 3229 πάντως,
3475 3164 3599 3217 ἀλλ’
3636 3168 3668 3219 ὁ

2072 3256 2240 3325 φιλῶν
2290 3257 2447 3320 αὐτά,
2483 3258 2575 3307 καὶ
2621 3257 2719 3326 τῆς
2764 3256 2969 3307 τούτων
2999 3255 3329 3324 ὀρεγόμενος
3358 3256 3620 3326 κτήσεως
3647 3271 3663 3286 ο

2088 3414 2091 3419 γ
2141 3348 2387 3417 Μοναχὸς
2415 3348 2802 3419 πολυκτήμων,
2847 3347 3030 3400 πλοῖον
3067 3349 3527 3419 πεφορτισμένον,
3558 3350 3672 3401 εὑ-

2069 3435 2245 3508 χερῶς
2277 3439 2332 3491 ὲν
2363 3438 2500 3510 ζάλῃ
2535 3440 2954 3509 καταδυόμενον.
3132 3496 3135 3497 ,

2151 3532 2210 3583 Ὀ
2262 3531 2319 3583 δὲ
2372 3532 2655 3602 ἀκτήμων,
2715 3532 2983 3601 εὐσταλὴς
3030 3533 3319 3604 ὀδοιπόρος,
3371 3533 3425 3585 ἐν
3464 3536 3648 3587 παντὶ

2070 3622 2218 3699 τόπῳ
2259 3621 2599 3692 καταγώγιον
2651 3624 2963 3693 εὑρίσκωνο
3017 3625 3223 3694 κοῦφος
3266 3624 3513 3695 δρομεὶις,
3542 3643 3661 3679 τα.-

2069 3711 2205 3780 χὲως
2238 3709 2455 3779 φθάνων
2506 3713 2598 3766 ἐπὶ
2644 3714 2705 3766 τὸ
2759 3713 3015 3784 βραϐεῖον
3058 3717 3158 3786 τῆς
3205 3716 3316 3768 ἄνω
3358 3716 3617 3786 κλήσεως
3646 3734 3665 3747 ο

2069 3802 2226 3865 ἀετὸς
2283 3802 2571 3874 ὑψιπέτης,
2626 3807 2747 3857 τότε
2799 3806 3205 3876 καοιπτάμενος
3272 3808 3366 3860 ἐπὶ
3417 3808 3671 3880 τροφὴν,

2069 3895 2252 3965 ὅτανή
2291 3896 2446 3965 χρεία
2483 3896 2755 3966 βιάσηται.

2146 3986 2394 4058 Μοναχδς
2436 3988 2605 4041 νοσῶν
2656 3989 3041 4062 φιλαργυρίαν,
3083 3991 3339 4044 οὐδέποτε
3376 3990 3675 4063 μερίμνης

2070 4078 2434 4150 ἀπήλλακται.

2152 4170 2489 4239 Ἀσύμόατος
2530 4170 2610 4233 είς
2662 4169 2883 4242 ἀγάπην
2930 4172 2963 4242 ἡ
3017 4170 3368 4244 φιλαργυρία.
3430 4171 3502 4225 Ἦ
3553 4180 3673 4242 μὲν

2067 4264 2176 4335 γὰρ
2224 4264 2399 4334 ἡδέως
2451 4263 2701 4332 ἀνέχεται
2771 4261 3277 4332 πλεονεκτουμένη,
3333 4262 3428 4313 καὶ
3483 4261 3673 4313 ὄντων

370 4366 503 4437 'tur,
544 4352 936 4420 facultatesque
966 4366 1096 4405 suas
1133 4352 1251 4404 laete
1292 4351 1554 4420 impertit,
1598 4362 1760 4421 atque
1795 4352 1963 4405 inter-

2085 4358 2382 4428 περιχαρῶς
2418 4355 2809 4426 μεταδίδωσιν’
2843 4356 2988 4409 ἔστιν
3035 4356 3121 4409 ὅτε
3165 4354 3221 4407 δὲ
3276 4355 3503 4407 ἅπαντα
3555 4371 3675 4423 με-

391 4450 522 4503 dum
558 4446 720 4499 etiam
753 4444 938 4497 omnia
988 4458 1185 4512 magno
1228 4443 1412 4496 animo
1453 4443 1672 4511 abjicit;
1714 4443 1799 4498 illa
1838 4459 1965 4498 vero

388 4536 723 4595 contrarium
753 4534 977 4590 omnino
1006 4533 1219 4588 ellieere
1252 4534 1555 4588 consuevit.

458 4630 750 4699 Nunquam
790 4627 1018 4683 deerunt
1046 4627 1240 4683 [luctus
1276 4628 1435 4691 mari,
1473 4643 1649 4698 neque
1674 4642 1840 4681 avaro
1871 4629 1964 4683 ira:

388 4741 452 4781 ac
494 4738 779 4780 mmrores.

461 4820 674 4872 Avarus
704 4817 757 4870 in
800 4813 998 4868 coelum
1037 4811 1393 4876 contendens,
1444 4809 1573 4866 huic
1615 4811 1810 4866 similis
1856 4820 1960 4877 est,

387 4911 480 4981 qui
531 4910 758 4979 pedibus
809 4907 924 4962 suis
963 4906 1182 4962 vinculo
1224 4906 1537 4960 constrictis
1594 4902 1814 4960 currere
1864 4921 1961 4959 co-

387 5012 564 5058 natur.

1064 5111 1137 5165 De
1186 5112 1288 5164 ira.

456 5208 537 5262 Ira
564 5222 688 5263 cum
717 5204 882 5260 semel
915 5215 1102 5273 peetus
1125 5203 1421 5265 obsederit,
1453 5216 1691 5273 cumque
1738 5217 1957 5258 exarse-

384 5303 477 5360 rit.
506 5308 739 5355 mentem
766 5297 917 5353 l‘unw
936 5296 1199 5359 obcaecat,
1226 5295 1601 5365 judiciumquc
1631 5295 1987 5366 corrumpit,

385 5400 447 5438 ae
480 5387 710 5457 denique
731 5385 937 5440 lubrica
953 5384 1137 5440 omnia
1169 5392 1222 5438 et
1252 5382 1479 5438 confusa
1504 5384 1697 5441 reddit.
1736 5384 1961 5439 Conturo

387 5645 471 5699 ιιι,
522 5639 604 5692 ιι.

2068 4448 2390 4518 γαλοψύχως
2444 4447 2731 4517 προΐεται·
2785 4448 2817 4517 ἡ
2877 4447 2962 4513 δὲ,
3026 4447 3134 4500 πᾶν
3182 4445 3499 4498 τούναντίον
3545 4442 3675 4497 οἶδε

2070 4542 2260 4593 ποιεῖν.

2141 4630 2254 4683 Οὐκ
2287 4628 2525 4698 ἐκλείψει
2579 4628 2800 4706 κύεψτα
2839 4629 3101 4700 θαλάσσῃ,
3152 4624 3272 4680 οὐδὲ
3322 4626 3677 4698 φιλαργύρφ

2069 4724 2230 4795 ὀργαὶ
2266 4722 2358 4776 καὶ
2395 4722 2588 4775 λῦπαι.

2141 4814 2479 4885 Φιλάργυρος
2526 4814 2605 4877 είς
2649 4812 2879 4883 οὐρανὸν
2932 4811 3316 4883 ἐπειγόμενος,
3369 4812 3520 4865 ἔοικε
3565 4813 3676 4866 ὣς

2071 4908 2344 4979 σμήσαντι
2388 4906 2515 4967 τοὺς
2564 4904 2727 4957 αὑτοῦ
2777 4904 2945 4967 πόδας
3000 4904 3095 4957 καὶ
3138 4905 3467 4975 πειρωμένῳ
3516 4905 3676 4976 δρα.-

2074 5014 2215 5068 μειν.

2663 5106 2803 5175 Περὶ
2836 5105 3037 5175 ὀργῆς.

2147 5202 2209 5252 'll
2243 5198 2378 5270 ὀργὴ
2406 5197 2819 5269 περικαθημένη
2853 5197 2951 5269 τὴν
2991 5194 3216 5268 καρδίαν
3256 5197 3349 5250 καὶ
3383 5197 3673 5250 ἀνακαιο-

2070 5292 2230 5363 μένη,
2269 5289 2461 5359 τυφλοῖ
2494 5289 2583 5342 τὸν
2613 5288 2735 5342 νοῦν
2769 5289 2845 5359 τῷ
2896 5289 3106 5359 καπνῷ,
3140 5288 3235 5342 καὶ
3284 5288 3503 5359 φθείρει
3549 5290 3675 5360 τὴν

2065 5384 2339 5453 διάκρισιν
2365 5400 2377 5413 ·
2417 5380 2510 5435 καὶ
2541 5380 2727 5434 λοιπὸν
2761 5380 3002 5451 σφαλερὰ
3051 5382 3230 5436 πάντα
3264 5381 3504 5451 πράττει
3554 5382 3674 5435 καὶ

454 5573 481 5599 ³
506 5564 577 5622 IV
613 5568 740 5638 Reg.
777 5585 827 5633 ιν,
858 5569 948 5622 27.
1023 5577 1044 5605 ν
1081 5568 1275 5623 Matth.
1308 5567 1553 5631 xxvn,5.
1630 5577 1659 5617 ι’
1707 5565 2061 5633 Act.v,6,l0.
2139 5578 2165 5616 τι
2204 5565 2331 5623 Luc.
2382 5584 2478 5635 χιι,
2522 5546 2612 5622 90.
2696 5576 2718 5605 τ
2753 5566 2790 5622 ll
2826 5569 3018 5624 Thess.
3058 5581 3140 5627 ιιι,
3177 5563 3255 5617 l0.
3337 5572 3357 5600 ι
3404 5559 3661 5634 Philipp.
