3898 6196
309 214 443 283 1453

1610 209 1707 268 DE
1742 203 1950 272 LUCTO
1989 202 2243 263 VI'I‘IIS.

3421 200 3558 266 Μῖνι

307 329 709 402 συγκεχυμένα.
780 324 1104 398 Ἐταρᾶχθη
1139 324 1269 395 γὰρ.
1307 322 1495 394 φησιν,
1529 319 1648 375 ἀπὸ
1688 315 1878 388 θυμοῦ

2024 323 2138 367 alus
2164 323 2241 368 est
2273 315 2441 375 enim,
2473 314 2663 383 inquit,
2700 312 2765 366 ab
2792 313 2871 366 ira
2901 315 3084 367 oculus
3122 331 3261 367 metu
3294 316 3332 367 ί.
3365 312 3423 367 Et
3460 315 3561 369 ite-

301 426 337 478 ό
380 424 688 493 ὀφθαλμός
712 440 853 491 μου.
909 420 1021 473 Καὶ
1077 417 1267 480 αὖθις·
1303 410 1500 483 Θυμὸς
1548 412 1619 465 ἐν·
1674 411 1881 471 κόλπῳ

1988 420 2107 460 rum
2137 426 2148 460 :
2177 405 2269 461 Ira
2301 409 2354 461 in
2378 409 2495 459 sinu
2528 405 2811 459 stultorum
2863 415 3037 458 manet
3064 418 3110 458 ιι.
3136 407 3311 475 Atque
3343 406 3392 459 id
3416 408 3563 476 quod

301 516 581 585 ἀφρόνων
602 512 917 573 αὐλίζεται.
964 511 1075 564 Καὶ
1123 510 1273 579 μισεῖ
1324 506 1385 560 τὸ
1414 505 1644 558 δίκαιον.
1704 501 1879 570 Ὀργὴ

2024 505 2189 551 istum
2226 507 2308 551 est
2344 496 2470 551 odio
2498 496 2675 549 habet.
2710 494 2803 549 Ira
2852 496 3020 559 enim,
3058 497 3252 565 inquit,
3282 498 3381 550 i-iri
3408 498 3566 559 iusti-

302 607 441 678 γὰρ,
478 608 665 677 φησιν,
706 604 946 673 ἀνδρὸς,
1004 602 1401 666 δικαιοσύνην
1443 596 1588 651 Θεοῦ
1626 597 1695 649 οὑ
1740 611 1883 647 κατ-

303 692 602 763 εργάζεται
655 694 718 747 ³³.
763 694 873 748 Καὶ
928 693 1247 762 ἀσχημονεῖ.
1320 686 1500 754 Ἀνὴρ
1550 686 1678 757 γὰρ,
1725 685 1880 752 φησι,

305 783 602 855 θυμώδης,
650 785 761 837 οὐκ
797 781 1143 849 εὐσχήμων.
1198 780 1309 833 Καὶ
1368 776 1645 837 τοσούτοις
1692 777 1885 837 κακοῖς

1988 588 2118 639 tiam
2168 586 2266 639 Dei
2298 602 2401 639 non
2440 596 2691 654 aperatur
2729 595 2777 649 ',
2826 596 2880 639 et
2909 586 3159 640 indecore
3190 601 3247 639 se
3280 587 3431 653 gerit.
3474 587 3567 642 Vir

1986 673 2153 736 enim,
2195 673 2390 742 inquit,
2421 674 2731 736 iracundus,
2765 674 2983 727 decorus
3010 691 3111 728 non
3142 685 3216 728 est
3248 684 3292 729 ι.
3322 674 3570 747 Cumque

1990 762 2041 814 in
2072 772 2149 815 tot
2177 777 2241 815 ac
2265 771 2417 816 tanta
2454 763 2591 816 mala
2628 778 2753 816 eum
2803 779 2963 832 quem
2998 767 3163 818 semel
3204 766 3401 821 invasit
3438 783 3570 822 con-

306 853 686 931 ὑποϐάλλουσα
712 875 802 927 τὸν
826 873 1126 937 ἑαλωκότα,
1150 872 1400 935 ἐλεεινῶς
1422 869 1736 940 ἀποϐηριοί.
1764 866 1884 938 Χρὴ

2032 853 2161 919 ciat,
2191 853 2559 908 miserandum
2605 856 2656 907 in
2692 854 2910 908 modum
2948 857 3122 924 ipsum
3152 856 3360 911 σίτοισι.
3401 857 3573 929 Opor-

305 968 485 1021 τοίνυν
519 966 803 1038 πραότητα
852 965 1231 1036 μεταδιώκειν,
1268 965 1362 1016 καὶ
1410 963 1720 1033 ἀταράχους
1760 961 1886 1013 ἑαυ-

307 1060 433 1122 τοὺς
478 1059 772 1130 διατηρεῖν,
810 1061 867 1111 ὲν
911 1058 989 1128 τῷ
1039 1056 1383 1128 διορθοῦσθαι
1431 1056 1522 1107 τὶν
1559 1053 1884 1124 π)ημμελή-

310 1165 512 1203 σαντα·
553 1151 765 1221 μήποτε
800 1150 888 1202 διὰ
929 1148 1247 1218 θεραπείας,
1298 1149 1452 1200 νόσον
1496 1143 1879 1213 ὲπισπὼμεθα.

323 1241 655 1311 Ὀργίζεσθε
686 1242 815 1312 γὰρ,
850 1242 1006 1312 φησι,
1061 1242 1155 1295 καὶ
1199 1240 1285 1310 μὴ
1332 1238 1718 1307 ἁμαρτάνετε.
1765 1237 1889 1301 Πῶς

307 1332 351 1384 δ’
386 1331 449 1384 ἄν
473 1349 557 1395 τις
586 1332 959 1404 ὀργιζόμενος.
991 1332 1089 1401 οὐχ
1118 1332 1463 1401 ἁμαρτήσεις
1514 1328 1575 1381 Εἰ
1610 1328 1750 1382 κατὰ
1775 1328 1884 1380 τῶν

317 1425 465 1477 ίδίων
496 1424 776 1496 ὀργίζεται
808 1423 1039 1477 πάντοτε
1061 1422 1272 1485 παθῶν,
1303 1422 1397 1474 καὶ
1425 1423 1491 1492 τῇ
1510 1418 1703 1473 ἑαυτοῦ
1723 1419 1892 1489 ρᾳθυ-

313 1516 411 1586 μίᾳ
439 1519 540 1579 τὰς
555 1515 734 1578 αἰτίας
751 1514 849 1584 τῆς
867 1514 1037 1584 ὀργῆς
1063 1514 1448 1583 ἐπιγράφεται.
1470 1511 1534 1565 Εἰ
1550 1511 1605 1563 δὲ
1635 1510 1777 1564 κατὰ
1795 1507 1891 1562 τοῦ

314 1606 545 1677 πλησίον
600 1605 1005 1676 ὲκκινηοῶμεν,
1044 1604 1185 1659 ἀλλὰ
1225 1604 1437 1676 ταχέως
1489 1602 1885 1672 διαλλαγῶμεν.

1990 952 2063 997 tet
2102 958 2234 1014 ergo
2265 945 2741 999 mansuetudinem
2771 946 3096 1006 consectari,
3130 962 3337 1015 nosque
3360 949 3428 1003 ab
3451 965 3574 1003 om—

1991 1034 2046 1087 ni
2072 1034 2479 1102 perturbatione
2508 1051 2674 1104 puros
2706 1050 3054 1099 conservare,
3082 1037 3295 1105 quoties
3333 1038 3571 1111 aliquem

1996 1126 2088 1196 qui
2138 1124 2361 1196 deliquit
2409 1127 2769 1198 corrigimus;
2810 1142 2877 1181 ne
2922 1126 3061 1182 forte
3106 1144 3201 1198 per
3248 1130 3572 1197 medidnam

1993 1216 2246 1271 morbum
2279 1218 2692 1273 contrahamus.
2722 1215 3032 1271 Iruscimini
3074 1219 3241 1283 enim,
3277 1220 3472 1289 inquit,
3523 1230 3574 1274 et

1994 1306 2155 1360 nolite
2183 1322 2399 1375 peccare
2423 1314 2473 1360 γ.
2502 1306 2571 1362 Αι
2597 1309 2687 1378 qui
2717 1307 2831 1363 ﬁeri
2863 1316 3058 1377 potest,
3090 1317 3148 1362 ut
3191 1310 3313 1378 quis
3348 1326 3576 1365 succen—

1994 1400 2167 1453 sendo
2197 1415 2303 1453 non
2345 1401 2580 1470 peccet?
2623 1399 2890 1455 Nimirum
2919 1400 2965 1457 si
3005 1401 3268 1457 adversus
3308 1403 3433 1455 vitia
3475 1417 3575 1457 sua

1993 1506 2207 1561 semper
2244 1492 2530 1557 irascatur,
2576 1504 2738 1564 atque
2790 1494 3087 1549 iracundiae
3113 1510 3308 1550 causas
3339 1496 3577 1550 ascribat

1995 1599 2109 1638 sua:
2136 1584 2312 1654 ipsius
2357 1586 2645 1641 socordiae.
2685 1588 2840 1652 Quod
2886 1589 2930 1643 si
2973 1589 3233 1644 adversus
3265 1591 3572 1659 proximum

311 1663 628 1768 Γέγραπται
680 1663 823 1767 γάρ’
882 1663 962 1751 .⁸Ο
992 1663 1183 1763 ’ἥλιος
1220 1663 1638 1766 ιιθῖἐέιδυέτω
1810 1691 1889 1758 τῷ

2024 1677 2327 1731 :ommoveri
2360 1692 2461 1733 nos
2497 1679 2803 1749 contigerit,
2832 1690 2886 1733 at
2918 1688 3064 1734 certe
3095 1680 3147 1733 in
3189 1680 3416 1749 gratiam
3449 1694 3575 1733 cum

316 1784 703 1856 παροργισμῷ
744 1786 928 1856 ὑμῶν.
964 1787 1071 1839 Καὶ
1102 1786 1293 1840 πάλιν·
1328 1784 1426 1853 Μὴ
1463 1784 1739 1855 μισήσῃς
1784 1781 1893 1833 τὸν

313 1879 580 1948 ἀδελφόν
606 1892 723 1933 σου
752 1880 824 1932 ἐν
848 1877 923 1945 τῇ
954 1877 1165 1946 καρδίᾳ
1189 1891 1325 1930 σου.

401 2059 660 2131 Ὁμίχλης
688 2059 942 2119 ἀνάδοσις
990 2057 1128 2128 ἀέρα
1163 2057 1417 2130 παχύνει,
1456 2056 1548 2110 καὶ
1602 2054 1775 2126 θυμοῦ
1808 2052 1892 2107 κί-

316 2168 495 2225 νησις,
525 2150 744 2223 ὀργίλου
777 2151 1038 2205 διάνοιαν.

399 2242 650 2311 Ὀργίλου
680 2241 825 2303 νοῦς,
864 2239 1016 2309 πηγὴ
1047 2239 1456 2310 τεταραγμένη,
1507 2239 1657 2308 νᾶμα
1694 2253 1893 2305 κεκτηο

322 2332 459 2403 μένη
491 2330 857 2399 τεθολωμένον
891 2330 988 2382 καὶ
1015 2330 1306 2400 ἄχρηστον.

403 2421 565 2492 ’Δνὴρ
600 2421 795 2490 σεμνὸς
852 2419 1076 2491 αἰσχρὸν
1104 2418 1506 2491 ἀποστρέφεται
1524 2415 1893 2486 καταγώγιον,

319 2517 413 2570 καὶ
440 2517 468 2569 ὁ
501 2513 653 2578 Θεὸς,
685 2512 903 2584 ὀργίλου
947 2511 1193 2583 καρδίαν.

392 2606 613 2669 Καπνδς
642 2605 955 2676 ὀφθαλμοὺς
981 2604 1268 2677 ταράσσει,
1302 2605 1397 2658 καὶ
1432 2603 1571 2676 ὀργὴ
1603 2617 1900 2673 προσευχο⁶

326 2698 487 2769 μένου
514 2696 714 2766 ψυχήν.

407 2786 653 2857 Ὁργίλου
685 2784 957 2855 λογισμοὶ,
1004 2782 1218 2855 ἐχίδνης
1260 2783 1602 2854 γεννήματα,
1648 2783 1742 2836 καὶ
1768 2798 1902 2837 κατ-

324 2878 562 2932 εσθίουσι
596 2877 692 2947 τὴν
727 2877 1070 2946 γεννήσασαν
1093 2876 1292 2938 αὐτοὺς
1323 2874 1571 2946 καρδίαν.

397 2969 518 3023 Τῶν
548 2969 781 3040 ὀργίλων
807 2968 1194 3037 τεταραγμένα
1230 2968 1325 3021 καὶ
1354 2968 1528 3041 μεστὰ
1551 2967 1808 3039 δείματος
1834 2964 1903 3020 τὰ
1927 3003 1973 3062 c

324 3075 573 3113 ενυπνια.

408 3151 471 3204 '0
522 3150 697 3218 ἣλιος
726 3150 807 3216 μὴ
846 3146 1152 3211 ἐπιδυέτω,
1211 3148 1399 3218 φησιν,
1426 3147 1525 3200 ἐπὶ
1556 3145 1638 3212 τῷ
1688 3162 1905 3215 παρορ-

327 3240 521 3312 γισμῷ
565 3238 768 3309 ὑμῶν*
806 3237 893 3290 ἴνα
930 3236 1003 3308 μὴ
1030 3235 1246 3305 νύκτωρ
1281 3234 1600 3297 ἐπιστάντες
1629 3234 1679 3287 οἱ
1718 3232 1907 3301 δαίμο-

328 3348 416 3394 νες
450 3328 790 3399 ὲκταράξωσι
819 3327 916 3398 τὴν
953 3326 1129 3397 ψυχὴν
1171 3325 1262 3377 διὰ
1289 3323 1536 3395 φοϐερῶν
1582 3322 1907 3393 φαντασμά-

325 3441 470 3478 τωνο
505 3424 568 3475 ἐκ
600 3421 693 3475 τοῦ
731 3419 904 3491 θυμοῦ
944 3419 1053 3489 γὰρ
1096 3416 1269 3472 ταῦτα
1312 3417 1589 3485 γίνονταιο
1625 3416 1722 3469 καὶ
1765 3415 1907 3469 οὕτω

327 3515 634 3587 δειλοτέραν
682 3513 819 3583 πρὸς
867 3512 957 3564 τὸν
1002 3510 1240 3577 πόλεμον
1286 3509 1631 3577 ἐργάσωνται
1676 3506 1904 3576 ταύτην.

399 3607 667 3661 Πλειόνων
714 3606 885 3657 δεῖται
931 3598 1238 3671 φαρμάκων
1292 3601 1321 3651 ὁ
1371 3598 1543 3669 Θυμδς
1605 3596 1759 3669 παρὰ
1808 3597 1907 3668 τὴν

330 3695 647 3765 ἐπιθυμίαν.
702 3692 1012 3761 Βιαιότερος
1056 3692 1165 3762 γάρ
1223 3693 1338 3743 ἐστι.
1394 3690 1489 3743 καὶ
1542 3688 1910 3742 δυσκαθεκτο-

332 3797 507 3847 τερος.

401 3874 717 3946 Χείμαῤῥος
757 3872 1185 3944 πλημμυρήσας,
1230 3871 1539 3942 παρασύρει
1572 3870 1634 3923 τὸ
1674 3886 1910 3941 προστυ-

332 3967 459 4039 χόν·
491 3967 585 4020 καὶ
619 3966 791 4037 Θυμὸς
817 3964 1106 4029 ἁναζέσας,
1142 3963 1443 4034 κατασύρει
1469 3962 1728 4016 διάνοιαν.

409 4061 473 4113 Οί
508 4060 690 4129 θυμοὶ,
741 4058 991 4131 καθάπερ
1023 4059 1073 4111 οἱ
1119 4056 1302 4121 κύνες,
1344 4053 1521 4127 τυφλὰ
1552 4056 1796 4111 τίκτουσι
1841 4052 1910 4111 τὰ

330 4152 578 4223 νοήματα
606 4152 705 4222 (9).
1394 4155 1398 4158 ’

413 4243 608 4315 Ὀργὴ,
652 4244 837 4316 μήτηρ
872 4242 1089 4315 μανίας,
1121 4243 1475 4316 ὑπερζέσασα
1496 4241 1731 4312 γίνεται.

924 4358 1064 4426 Περὶ
1094 4359 1315 4424 λύπης.

405 4450 573 4505 Ὅταν
601 4449 663 4504 τὸ
688 4448 923 4521 πονηρὸν
944 4449 1163 4521 πνεῦμα
1191 4448 1291 4519 τῆς
1312 4448 1490 4521 λύπης
1515 4448 1908 4520 περιδράξηται

334 4545 435 4613 τῆς
464 4541 665 4613 ψυχῆς,
695 4543 824 4613 ὃλην
855 4541 954 4613 τὴν
985 4542 1235 4595 εὐτονίαν
1264 4542 1434 4611 αὐτῆς
1470 4542 1566 4595 καὶ
1611 4540 1908 4613 καρτερίαν

334 4632 628 4705 παραλύει,
665 4634 760 4687 καὶ
802 4632 1061 4699 σκοτίζει,
1092 4635 1186 4688 καὶ
1215 4635 1513 4703 καταφέρει
1541 4633 1637 4686 καὶ
1668 4632 1910 4687 καταδα-

412 4814 432 4849 ι
479 4809 624 4865 Psal.
655 4825 787 4875 xxx,
829 4808 916 4864 10.
988 4806 1216 4863 υΕεεΙε.
1248 4822 1349 4872 vn,
1372 4807 1458 4861 10.
1530 4815 1557 4844 ν
1585 4808 1699 4864 Jac.
1728 4823 1765 4873 ι,
1795 4806 1887 4863 20.

2027 4807 2446 4872 Prov.xxvr.2|.
2510 4817 2535 4858 1
2586 4808 2733 4864 Psal.
2792 4825 2864 4873 Iv,
2899 4810 2952 4866 5.

338 4890 362 4918 α
397 4877 570 4935 Levii.
606 4895 719 4948 xix,
748 4880 833 4934 i7.

1939 4336 1986 4393 Ι)

1996 1766 2095 1822 illo
2129 1767 2415 1822 confestim
2460 1769 2769 1824 redeamus.
2816 1770 3088 1840 Scriptum
3119 1784 3201 1825 est
3249 1771 3393 1825 enim
3426 1789 3439 1826 :
3480 1769 3577 1826 Sol

1993 1877 2096 1915 non
2123 1862 2330 1914 occidat
2362 1878 2516 1931 super
2549 1862 2881 1915 iracundiam
2912 1872 3139 1918 restrain
3166 1873 3211 1916 ³.
3247 1862 3313 1917 Et
3344 1878 3573 1918 rursus:

1996 1951 2119 2007 Non
2150 1955 2321 2008 oderis
2355 1954 2577 2023 fratrem
2607 1966 2757 2007 tuum
2784 1956 2838 2007 in
2868 1956 3021 2008 corde
3045 1966 3134 2009 tuo
3158 1967 3206 2009 α.

2064 2042 2285 2098 Nebulae
2317 2055 2542 2098 exortus
2581 2059 2760 2098 aerem
2810 2044 3143 2110 condensat,
3177 2053 3232 2096 et
3283 2043 3579 2099 iracundiae

1993 2133 2268 2197 excitatio,
2302 2133 2545 2188 iracundi
2578 2142 2835 2187 mentem.

2066 2224 2321 2279 Iracundi
2354 2240 2510 2279 mens
2543 2225 2663 2280 fons
2698 2235 2781 2279 est
2812 2225 3083 2290 turbidus,
3118 2225 3211 2296 qui
3245 2226 3454 2285 obtinet
3492 2226 3570 2282 Ia-

2001 2315 2164 2372 ticem
2192 2331 2474 2372 caenosum
2503 2327 2557 2372 et
2590 2317 2857 2372 inutilem.

2069 2408 2167 2464 Vir
2212 2409 2474 2465 honestus
2516 2419 2569 2465 et
2612 2406 2812 2481 gravis
2875 2411 3169 2467 obscenum
3219 2412 3580 2468 diversorium

2000 2512 2288 2557 aversatur
2316 2518 2331 2557 :
2364 2502 2493 2557 item
2524 2502 2687 2569 Deus,
2720 2518 2813 2557 cor
2839 2502 3107 2558 iracundi.

2076 2588 2149 2648 Ut
2189 2593 2377 2649 fumus
2406 2592 2596 2649 oculos
2629 2595 2832 2661 turbat,
2880 2594 2961 2650 sic
3018 2594 3119 2660 ira,
3164 2596 3435 2666 precantis
3459 2597 3581 2652 ani-

2002 2700 2179 2741 mum.

2075 2776 2333 2835 Iracundi
2373 2776 2753 2848 cogitationes,
2801 2778 2997 2848 vipera
3055 2780 3355 2850 genimina,
3400 2791 3455 2837 et
3487 2797 3584 2837 cor

2005 2870 2151 2941 quod
2177 2886 2271 2926 eas
2308 2871 2516 2941 peperit
2535 2869 2790 2925 erodunt.

2079 2963 2472 3019 Iracundorum
2504 2964 2823 3035 perturbata
2851 2971 3055 3019 etcum
3105 2970 3313 3022 terrore
3356 2965 3587 3038 conjun-

2004 3062 2089 3110 cta
2113 3064 2242 3110 sunt
2272 3055 2511 3110 somnia.

2074 3145 2189 3213 Sol,
2217 3148 2415 3219 inquit,
2439 3164 2541 3202 non
2563 3148 2768 3219 occidat
2789 3164 2947 3219 super
2968 3150 3301 3205 iracundiam
3322 3161 3548 3207 vestram
3565 3167 3587 3205 :

2004 3254 2074 3294 ne
2098 3246 2265 3293 noctu
2296 3237 2564 3292 irruentes
2592 3238 2894 3305 daemones,
2925 3240 3162 3293 animam
3197 3255 3293 3309 per
3314 3239 3584 3296 horrenda

2005 3341 2215 3403 spectra
2246 3332 2575 3388 conturbent
2611 3350 2625 3386 :
2659 3331 2857 3386 etenim
2906 3348 2972 3388 ex
3006 3332 3289 3388 iracundia
3320 3332 3437 3388 haec
3489 3349 3585 3389 ex—

2006 3424 2210 3479 sistunt
2239 3440 2252 3476 :
2277 3431 2440 3493 atque
2467 3438 2534 3478 eo
2590 3424 2750 3478 modo
2782 3423 3112 3495 ignaviorem
3141 3439 3261 3482 eam
3291 3424 3359 3479 ad
3385 3424 3584 3480 bellum

2004 3513 2259 3568 reddant.

2077 3603 2333 3658 Pluribus
2359 3602 2769 3659 medicamentis
2806 3602 2883 3658 ira
2926 3619 3063 3674 opus
3090 3603 3270 3670 habet,
3301 3620 3465 3675 quam
3492 3620 3589 3660 cu-

2007 3695 2226 3766 piditas.
2252 3693 2349 3749 Est
2374 3694 2520 3748 enim
2555 3694 2865 3759 violentior,
2898 3704 2953 3749 et
2995 3693 3064 3750 ad
3093 3698 3456 3751 coercendum
3480 3694 3589 3753 dif-

2010 3786 2225 3841 ﬁcilior.

2076 3872 2317 3931 Torrens
2348 3874 2654 3940 exundans,
2692 3876 2852 3931 obvia
2900 3893 3130 3948 qumque
3160 3893 3345 3934 secum
3377 3877 3544 3933 trahit
3572 3894 3589 3945 ;

2007 3979 2064 4025 et
2092 3968 2375 4023 iracundia
2411 3967 2779 4024 infervescens
2804 3979 3039 4025 mentem
3072 3970 3315 4027 abducit.

2079 4060 2389 4128 Iracundia,
2418 4059 2472 4114 in
2507 4076 2713 4115 morem
2749 4076 2968 4128 canum,
3012 4078 3185 4120 caecas
3225 4067 3590 4137 cogitationes

2013 4153 2176 4226 parit.

2082 4246 2187 4313 Ira,
2209 4246 2444 4301 vesaniae
2466 4254 2659 4313 mater,
2692 4261 2816 4302 cum
2848 4247 3179 4317 eﬂ‘erbuerit,
3232 4251 3478 4310 efﬁcitur.

2636 4358 2713 4414 De
2736 4361 2979 4416 tristitia.

2088 4452 2223 4537 Cum
2258 4450 2551 4522 improbus
2582 4453 2817 4509 tristitiae
2874 4455 3101 4525 spiritus
3153 4456 3393 4511 animam
3450 4455 3592 4511 arri-

2018 4544 2214 4614 puerit,
2245 4556 2437 4598 omnes
2466 4543 2635 4613 ipsius
2666 4559 2865 4599 nervos
2895 4559 2959 4598 ac
2988 4544 3157 4599 robur
3187 4543 3409 4613 frangit,
3439 4558 3593 4598 eam-

2020 4652 2128 4705 que
2175 4636 2456 4700 obscurat,
2489 4635 2769 4707 deprimit,
2803 4651 3139 4707 prorsusque
3170 4636 3477 4706 demergit;
3507 4643 3591 4690 at-

3061 4821 3083 4848 ι
3108 4808 3306 4882 Ephes.
3335 4825 3389 4865 tv
3416 4852 3433 4877 ,
3495 4809 3590 4867 26.

1627 5035 1859 5092 VARI/5
1900 5034 2303 5091 LECTIONES.

418 5192 462 5227 “
485 5195 573 5248 At.
598 5193 699 5247 οὐκ
729 5192 1046 5265 ἐργάζεται.

1856 5354 2087 5411 NOTAE.

416 5534 493 5603 (9)
532 5537 603 5590 τὰ
627 5533 1017 5610 νοήματα-Ξῖ
1060 5532 1301 5610 Melissa,
1352 5536 1401 5590 oi
1441 5534 1605 5606 θυμοὶ
1662 5533 1917 5609 καθάπερ
1954 5535 2012 5590 αἱ
2048 5536 2231 5605 κύνες,
2264 5536 2439 5609 τυφλὰ
2495 5538 2767 5593 τίκτουσιν
2826 5538 3169 5609 ἐγκλήματα,
3196 5537 3459 5610 autquod
3489 5551 3597 5593 non

344 5622 539 5661 vereor
570 5607 888 5671 rescribere,
914 5605 1258 5675 ἑγκυήματα.
