  <div class='ocr_page' id='page_1' title='image "/cluster/home/n/w/nwhite01/storage/ocr_20150623/79/hvd.32044073502056/733.png"; bbox 0 0 3898 6196; ppageno 0'>
   <div class='ocr_carea' id='block_1_1' title="bbox 312 104 1899 175">
    <p class='ocr_par' dir='ltr' id='par_1_1' title="bbox 312 106 1860 173">
     <span class='ocr_line' id='line_1_1' title="bbox 312 106 1860 173; baseline -0.003 -6"><span class='ocrx_word' id='word_1_1' title='bbox 312 106 443 173; x_wconf 60' lang='grc'><strong>1555</strong></span> <span class='ocrx_word' id='word_1_2' title='bbox 1800 106 1860 163; x_wconf 91' lang='lat' dir='ltr'><strong>S.</strong></span> 
     </span>
    </p>
   </div>
   <div class='ocr_carea' id='block_1_2' title="bbox 2023 104 3611 175">
    <p class='ocr_par' dir='ltr' id='par_1_2' title="bbox 2023 104 3611 175">
     <span class='ocr_line' id='line_1_2' title="bbox 2023 104 3611 175; baseline 0.006 -12"><span class='ocrx_word' id='word_1_3' title='bbox 2023 104 2065 163; x_wconf 81' lang='grc' dir='ltr'>,Ι</span> <span class='ocrx_word' id='word_1_4' title='bbox 3441 108 3611 175; x_wconf 69' lang='lat'><strong>1456</strong></span> 
     </span>
    </p>
   </div>
   <div class='ocr_carea' id='block_1_3' title="bbox 306 214 1899 293">
    <p class='ocr_par' dir='ltr' id='par_1_3' title="bbox 306 217 1878 293">
     <span class='ocr_line' id='line_1_3' title="bbox 306 217 1878 293; baseline -0.002 -20"><span class='ocrx_word' id='word_1_5' title='bbox 306 237 411 293; x_wconf 84' lang='lat' dir='ltr'><strong>que</strong></span> <span class='ocrx_word' id='word_1_6' title='bbox 443 230 499 273; x_wconf 92' lang='lat' dir='ltr'><strong>ut</strong></span> <span class='ocrx_word' id='word_1_7' title='bbox 523 221 666 275; x_wconf 87' lang='lat' dir='ltr'><strong>tinea</strong></span> <span class='ocrx_word' id='word_1_8' title='bbox 706 230 928 283; x_wconf 88' lang='lat' dir='ltr'><strong>vestem,</strong></span> <span class='ocrx_word' id='word_1_9' title='bbox 961 234 1023 275; x_wconf 79' lang='lat' dir='ltr'><strong>ac</strong></span> <span class='ocrx_word' id='word_1_10' title='bbox 1057 218 1255 274; x_wconf 83' lang='lat' dir='ltr'><strong>vermis</strong></span> <span class='ocrx_word' id='word_1_11' title='bbox 1303 218 1532 287; x_wconf 81' lang='lat' dir='ltr'><strong>lignum,</strong></span> <span class='ocrx_word' id='word_1_12' title='bbox 1562 217 1878 287; x_wconf 78' lang='lat' dir='ltr'><strong>depascitur</strong></span> 
     </span>
    </p>
   </div>
   <div class='ocr_carea' id='block_1_4' title="bbox 2023 214 3611 293">
    <p class='ocr_par' dir='ltr' id='par_1_4' title="bbox 2027 214 3611 289">
     <span class='ocr_line' id='line_1_4' title="bbox 2027 214 3611 289; baseline 0.003 -21"><span class='ocrx_word' id='word_1_13' title='bbox 2027 217 2163 281; x_wconf 71' lang='grc' dir='ltr'>τίζει</span> <span class='ocrx_word' id='word_1_14' title='bbox 2193 215 2398 278; x_wconf 74' lang='grc' dir='ltr'>τέλεον,</span> <span class='ocrx_word' id='word_1_15' title='bbox 2436 215 2531 271; x_wconf 72' lang='grc' dir='ltr'>καὶ</span> <span class='ocrx_word' id='word_1_16' title='bbox 2579 214 2832 288; x_wconf 81' lang='grc' dir='ltr'>καθάπερ</span> <span class='ocrx_word' id='word_1_17' title='bbox 2862 217 2962 289; x_wconf 82' lang='grc' dir='ltr'>σὴς</span> <span class='ocrx_word' id='word_1_18' title='bbox 2995 217 3234 288; x_wconf 76' lang='grc' dir='ltr'>ἱμάτιον,</span> <span class='ocrx_word' id='word_1_19' title='bbox 3265 220 3367 274; x_wconf 65' lang='grc' dir='ltr'><strong>καὶ</strong></span> <span class='ocrx_word' id='word_1_20' title='bbox 3414 219 3611 285; x_wconf 67' lang='grc' dir='ltr'>ξύλον</span> 
     </span>
    </p>
   </div>
   <div class='ocr_carea' id='block_1_5' title="bbox 305 307 1899 389">
    <p class='ocr_par' dir='ltr' id='par_1_5' title="bbox 305 308 1880 389">
     <span class='ocr_line' id='line_1_5' title="bbox 305 308 1880 389; baseline -0.003 -24"><span class='ocrx_word' id='word_1_21' title='bbox 305 321 360 377; x_wconf 83' lang='lat' dir='ltr'><strong>et</strong></span> <span class='ocrx_word' id='word_1_22' title='bbox 392 310 666 381; x_wconf 65' lang='lat' dir='ltr'><strong>praeferat,</strong></span> <span class='ocrx_word' id='word_1_23' title='bbox 710 327 810 365; x_wconf 89' lang='lat' dir='ltr'><strong>nec</strong></span> <span class='ocrx_word' id='word_1_24' title='bbox 842 308 1005 389; x_wconf 80' lang='lat' dir='ltr'><strong>ullam</strong></span> <span class='ocrx_word' id='word_1_25' title='bbox 1033 310 1257 364; x_wconf 81' lang='lat' dir='ltr'><strong>omnino</strong></span> <span class='ocrx_word' id='word_1_26' title='bbox 1286 310 1417 363; x_wconf 89' lang='lat' dir='ltr'><strong>sinit</strong></span> <span class='ocrx_word' id='word_1_27' title='bbox 1448 309 1880 363; x_wconf 76' lang='lat' dir='ltr'><strong>consolationem</strong></span> 
     </span>
    </p>
   </div>
   <div class='ocr_carea' id='block_1_6' title="bbox 2023 307 3613 389">
    <p class='ocr_par' dir='ltr' id='par_1_6' title="bbox 2024 307 3613 381">
     <span class='ocr_line' id='line_1_6' title="bbox 2024 307 3613 381; baseline 0.003 -20"><span class='ocrx_word' id='word_1_28' title='bbox 2024 307 2225 378; x_wconf 82' lang='grc' dir='ltr'>κώληξ,</span> <span class='ocrx_word' id='word_1_29' title='bbox 2254 308 2623 378; x_wconf 82' lang='grc' dir='ltr'>διαμασσᾶται</span> <span class='ocrx_word' id='word_1_30' title='bbox 2655 308 2858 380; x_wconf 79' lang='grc' dir='ltr'>ταύτην</span> <span class='ocrx_word' id='word_1_31' title='bbox 2886 308 2984 364; x_wconf 63' lang='grc' dir='ltr'><strong>καὶ⁸</strong></span> <span class='ocrx_word' id='word_1_32' title='bbox 3020 311 3338 381; x_wconf 80' lang='grc' dir='ltr'>ἀποπνίγει,</span> <span class='ocrx_word' id='word_1_33' title='bbox 3375 314 3493 367; x_wconf 76' lang='grc' dir='ltr'><strong>καὶ</strong></span> <span class='ocrx_word' id='word_1_34' title='bbox 3529 314 3613 366; x_wconf 72' lang='grc' dir='ltr'><strong>οὐ</strong></span> 
     </span>
    </p>
   </div>
   <div class='ocr_carea' id='block_1_7' title="bbox 307 396 1899 475">
    <p class='ocr_par' dir='ltr' id='par_1_7' title="bbox 307 396 1880 467">
     <span class='ocr_line' id='line_1_7' title="bbox 307 396 1880 467; baseline -0.003 -13"><span class='ocrx_word' id='word_1_35' title='bbox 307 401 616 458; x_wconf 74' lang='lat' dir='ltr'><strong>admittere.</strong></span> <span class='ocrx_word' id='word_1_36' title='bbox 668 397 800 454; x_wconf 81' lang='lat' dir='ltr'><strong>Nam</strong></span> <span class='ocrx_word' id='word_1_37' title='bbox 837 396 927 454; x_wconf 88' lang='lat' dir='ltr'><strong>ubi</strong></span> <span class='ocrx_word' id='word_1_38' title='bbox 965 414 1083 454; x_wconf 89' lang='lat' dir='ltr'><strong>eam</strong></span> <span class='ocrx_word' id='word_1_39' title='bbox 1111 402 1259 454; x_wconf 88' lang='lat' dir='ltr'><strong>omni</strong></span> <span class='ocrx_word' id='word_1_40' title='bbox 1293 399 1659 453; x_wconf 74' lang='lat' dir='ltr'><strong>amaritudine</strong></span> <span class='ocrx_word' id='word_1_41' title='bbox 1706 399 1880 467; x_wconf 82' lang='lat' dir='ltr'><strong>reple-</strong></span> 
     </span>
    </p>
   </div>
   <div class='ocr_carea' id='block_1_8' title="bbox 2023 396 3616 475">
    <p class='ocr_par' dir='ltr' id='par_1_8' title="bbox 2025 401 3616 475">
     <span class='ocr_line' id='line_1_8' title="bbox 2025 401 3616 475; baseline 0.008 -22"><span class='ocrx_word' id='word_1_42' title='bbox 2025 404 2264 472; x_wconf 75' lang='grc' dir='ltr'>υγχωρεῖ</span> <span class='ocrx_word' id='word_1_43' title='bbox 2306 402 2405 472; x_wconf 77' lang='grc' dir='ltr'><strong>τὴν</strong></span> <span class='ocrx_word' id='word_1_44' title='bbox 2437 401 2654 454; x_wconf 82' lang='grc' dir='ltr'>οίανοῦν</span> <span class='ocrx_word' id='word_1_45' title='bbox 2688 402 3038 473; x_wconf 74' lang='grc' dir='ltr'>παράκλησιν</span> <span class='ocrx_word' id='word_1_46' title='bbox 3069 403 3349 471; x_wconf 81' lang='grc' dir='ltr'>δέξασθαι.</span> <span class='ocrx_word' id='word_1_47' title='bbox 3381 405 3616 475; x_wconf 50' lang='lat' dir='ltr'><strong>llam};</strong></span> 
     </span>
    </p>
   </div>
   <div class='ocr_carea' id='block_1_9' title="bbox 307 490 1899 571">
    <p class='ocr_par' dir='ltr' id='par_1_9' title="bbox 307 491 1884 571">
     <span class='ocr_line' id='line_1_9' title="bbox 307 491 1884 571; baseline -0.002 -25"><span class='ocrx_word' id='word_1_48' title='bbox 307 493 466 571; x_wconf 82' lang='lat' dir='ltr'><strong>verit,</strong></span> <span class='ocrx_word' id='word_1_49' title='bbox 521 493 573 546; x_wconf 90' lang='lat' dir='ltr'><strong>id</strong></span> <span class='ocrx_word' id='word_1_50' title='bbox 600 491 779 556; x_wconf 79' lang='lat' dir='ltr'><strong>ellicit,</strong></span> <span class='ocrx_word' id='word_1_51' title='bbox 819 500 877 548; x_wconf 86' lang='lat' dir='ltr'><strong>ut</strong></span> <span class='ocrx_word' id='word_1_52' title='bbox 920 507 1081 546; x_wconf 89' lang='lat' dir='ltr'><strong>omne</strong></span> <span class='ocrx_word' id='word_1_53' title='bbox 1112 501 1391 549; x_wconf 76' lang='lat' dir='ltr'><strong>aversetur</strong></span> <span class='ocrx_word' id='word_1_54' title='bbox 1442 491 1719 554; x_wconf 85' lang='lat' dir='ltr'><strong>solatium,</strong></span> <span class='ocrx_word' id='word_1_55' title='bbox 1785 506 1884 543; x_wconf 88' lang='lat' dir='ltr'><strong>cu-</strong></span> 
     </span>
    </p>
   </div>
   <div class='ocr_carea' id='block_1_10' title="bbox 2023 490 3621 571">
    <p class='ocr_par' dir='ltr' id='par_1_10' title="bbox 2025 490 3621 563">
     <span class='ocr_line' id='line_1_10' title="bbox 2025 490 3621 563; baseline 0.001 -18"><span class='ocrx_word' id='word_1_56' title='bbox 2025 493 2095 562; x_wconf 74' lang='grc' dir='ltr'><strong>ἀρ</strong></span> <span class='ocrx_word' id='word_1_57' title='bbox 2123 490 2353 562; x_wconf 84' lang='grc' dir='ltr'>πικρίας</span> <span class='ocrx_word' id='word_1_58' title='bbox 2387 491 2685 562; x_wconf 83' lang='grc' dir='ltr'>πληρῶσαν</span> <span class='ocrx_word' id='word_1_59' title='bbox 2714 491 2905 563; x_wconf 78' lang='grc' dir='ltr'>αὐτὴν,</span> <span class='ocrx_word' id='word_1_60' title='bbox 2937 495 3357 561; x_wconf 75' lang='grc' dir='ltr'><strong>παρασκευάζει</strong></span> <span class='ocrx_word' id='word_1_61' title='bbox 3390 496 3621 549; x_wconf 75' lang='grc' dir='ltr'>πᾶσαν</span> 
     </span>
    </p>
   </div>
   <div class='ocr_carea' id='block_1_11' title="bbox 310 582 1899 655">
    <p class='ocr_par' dir='ltr' id='par_1_11' title="bbox 310 584 1882 654">
     <span class='ocr_line' id='line_1_11' title="bbox 310 584 1882 654; baseline -0.006 -11"><span class='ocrx_word' id='word_1_62' title='bbox 310 603 422 643; x_wconf 73' lang='lat' dir='ltr'><strong>ram</strong></span> <span class='ocrx_word' id='word_1_63' title='bbox 456 584 697 654; x_wconf 81' lang='lat' dir='ltr'><strong>ahjiciat,</strong></span> <span class='ocrx_word' id='word_1_64' title='bbox 742 586 1110 654; x_wconf 68' lang='lat' dir='ltr'><strong>elanguescat,</strong></span> <span class='ocrx_word' id='word_1_65' title='bbox 1144 594 1198 639; x_wconf 76' lang='lat' dir='ltr'><strong>et</strong></span> <span class='ocrx_word' id='word_1_66' title='bbox 1224 586 1286 639; x_wconf 82' lang='lat' dir='ltr'><strong>de</strong></span> <span class='ocrx_word' id='word_1_67' title='bbox 1308 585 1564 640; x_wconf 88' lang='lat' dir='ltr'><strong>omnibus</strong></span> <span class='ocrx_word' id='word_1_68' title='bbox 1615 584 1882 652; x_wconf 76' lang='lat' dir='ltr'><strong>desperet.</strong></span> 
     </span>
    </p>
   </div>
   <div class='ocr_carea' id='block_1_12' title="bbox 2023 582 3617 655">
    <p class='ocr_par' dir='ltr' id='par_1_12' title="bbox 2023 582 3617 655">
     <span class='ocr_line' id='line_1_12' title="bbox 2023 582 3617 655; baseline 0.001 -20"><span class='ocrx_word' id='word_1_69' title='bbox 2023 583 2345 653; x_wconf 61' lang='grc' dir='ltr'>ηυχαγωγίαν</span> <span class='ocrx_word' id='word_1_70' title='bbox 2385 582 2845 652; x_wconf 79' lang='grc' dir='ltr'><strong>ἀποστρέφεσθαι,</strong></span> <span class='ocrx_word' id='word_1_71' title='bbox 2877 586 2970 637; x_wconf 69' lang='grc' dir='ltr'><strong>καὶ</strong></span> <span class='ocrx_word' id='word_1_72' title='bbox 2989 585 3227 655; x_wconf 75' lang='grc' dir='ltr'><strong>ἀμελεῖν,</strong></span> <span class='ocrx_word' id='word_1_73' title='bbox 3250 587 3346 638; x_wconf 80' lang='grc' dir='ltr'>καὶ</span> <span class='ocrx_word' id='word_1_74' title='bbox 3380 586 3617 638; x_wconf 70' lang='grc' dir='ltr'>ἐκλύε-</span> 
     </span>
    </p>
   </div>
   <div class='ocr_carea' id='block_1_13' title="bbox 310 673 1899 747">
    <p class='ocr_par' dir='ltr' id='par_1_13' title="bbox 310 673 1883 747">
     <span class='ocr_line' id='line_1_13' title="bbox 310 673 1883 747; baseline -0.002 -17"><span class='ocrx_word' id='word_1_75' title='bbox 310 681 484 747; x_wconf 75' lang='lat' dir='ltr'><strong>Atque</strong></span> <span class='ocrx_word' id='word_1_76' title='bbox 515 678 586 731; x_wconf 87' lang='lat' dir='ltr'><strong>ita</strong></span> <span class='ocrx_word' id='word_1_77' title='bbox 629 674 884 746; x_wconf 82' lang='lat' dir='ltr'><strong>deinceps</strong></span> <span class='ocrx_word' id='word_1_78' title='bbox 953 678 1156 733; x_wconf 71' lang='lat' dir='ltr'><strong>aet-diae</strong></span> <span class='ocrx_word' id='word_1_79' title='bbox 1186 677 1395 732; x_wconf 72' lang='lat' dir='ltr'><strong>dannon</strong></span> <span class='ocrx_word' id='word_1_80' title='bbox 1449 692 1571 730; x_wconf 89' lang='lat' dir='ltr'><strong>eam</strong></span> <span class='ocrx_word' id='word_1_81' title='bbox 1631 673 1883 729; x_wconf 83' lang='lat' dir='ltr'><strong>assumit.</strong></span> 
     </span>
    </p>
   </div>
   <div class='ocr_carea' id='block_1_14' title="bbox 2023 673 3613 747">
    <p class='ocr_par' dir='ltr' id='par_1_14' title="bbox 2024 674 3613 743">
     <span class='ocr_line' id='line_1_14' title="bbox 2024 674 3613 743; baseline -0.002 -12"><span class='ocrx_word' id='word_1_82' title='bbox 2024 677 2135 741; x_wconf 85' lang='grc' dir='ltr'>θαι,</span> <span class='ocrx_word' id='word_1_83' title='bbox 2170 677 2262 730; x_wconf 77' lang='grc' dir='ltr'><strong>καὶ</strong></span> <span class='ocrx_word' id='word_1_84' title='bbox 2302 675 2521 730; x_wconf 81' lang='grc' dir='ltr'>πάντων</span> <span class='ocrx_word' id='word_1_85' title='bbox 2554 674 2958 743; x_wconf 80' lang='grc' dir='ltr'><strong>ἀπογινώσκειν</strong></span> <span class='ocrx_word' id='word_1_86' title='bbox 2980 692 2994 708; x_wconf 90' lang='grc'><strong>·</strong></span> <span class='ocrx_word' id='word_1_87' title='bbox 3047 679 3141 730; x_wconf 83' lang='grc' dir='ltr'>κα⁹ι</span> <span class='ocrx_word' id='word_1_88' title='bbox 3170 678 3359 732; x_wconf 75' lang='grc' dir='ltr'>λοιπὸν</span> <span class='ocrx_word' id='word_1_89' title='bbox 3391 679 3431 729; x_wconf 77' lang='grc' dir='ltr'>ὁ</span> <span class='ocrx_word' id='word_1_90' title='bbox 3470 677 3613 730; x_wconf 77' lang='grc' dir='ltr'>δαί-</span> 
     </span>
    </p>
   </div>
   <div class='ocr_carea' id='block_1_15' title="bbox 312 763 1899 839">
    <p class='ocr_par' dir='ltr' id='par_1_15' title="bbox 312 763 1884 837">
     <span class='ocr_line' id='line_1_15' title="bbox 312 763 1884 837; baseline -0.004 -17"><span class='ocrx_word' id='word_1_91' title='bbox 312 770 381 820; x_wconf 82' lang='grc' dir='ltr'>Αι</span> <span class='ocrx_word' id='word_1_92' title='bbox 432 768 590 821; x_wconf 88' lang='lat' dir='ltr'><strong>nobis</strong></span> <span class='ocrx_word' id='word_1_93' title='bbox 625 768 1026 837; x_wconf 91' lang='lat' dir='ltr'><strong>quamprimum</strong></span> <span class='ocrx_word' id='word_1_94' title='bbox 1058 767 1324 822; x_wconf 83' lang='lat' dir='ltr'><strong>adversus</strong></span> <span class='ocrx_word' id='word_1_95' title='bbox 1354 765 1631 819; x_wconf 82' lang='lat' dir='ltr'><strong>tristitiam</strong></span> <span class='ocrx_word' id='word_1_96' title='bbox 1693 763 1884 817; x_wconf 87' lang='lat' dir='ltr'><strong>decer-</strong></span> 
     </span>
    </p>
   </div>
   <div class='ocr_carea' id='block_1_16' title="bbox 2023 763 3615 839">
    <p class='ocr_par' dir='ltr' id='par_1_16' title="bbox 2023 765 3615 839">
     <span class='ocr_line' id='line_1_16' title="bbox 2023 765 3615 839; baseline -0.001 -21"><span class='ocrx_word' id='word_1_97' title='bbox 2023 784 2111 819; x_wconf 67' lang='lat' dir='ltr'><strong>Lmv</strong></span> <span class='ocrx_word' id='word_1_98' title='bbox 2143 765 2313 835; x_wconf 80' lang='grc' dir='ltr'>αὐτὴν</span> <span class='ocrx_word' id='word_1_99' title='bbox 2356 765 2776 836; x_wconf 79' lang='grc' dir='ltr'>παραλαμϐάνει</span> <span class='ocrx_word' id='word_1_100' title='bbox 2824 768 2923 836; x_wconf 85' lang='grc' dir='ltr'><strong>τῆς</strong></span> <span class='ocrx_word' id='word_1_101' title='bbox 2953 768 3205 839; x_wconf 76' lang='grc' dir='ltr'>ἀκηδίας.</span> <span class='ocrx_word' id='word_1_102' title='bbox 3265 769 3414 822; x_wconf 80' lang='grc' dir='ltr'>Ἀλλ’</span> <span class='ocrx_word' id='word_1_103' title='bbox 3456 771 3615 839; x_wconf 66' lang='grc' dir='ltr'>ἡμῖν</span> 
     </span>
    </p>
   </div>
   <div class='ocr_carea' id='block_1_17' title="bbox 312 851 1899 929">
    <p class='ocr_par' dir='ltr' id='par_1_17' title="bbox 312 851 1883 927">
     <span class='ocr_line' id='line_1_17' title="bbox 312 851 1883 927; baseline -0.007 -14"><span class='ocrx_word' id='word_1_104' title='bbox 312 860 536 913; x_wconf 89' lang='lat' dir='ltr'><strong>tandum</strong></span> <span class='ocrx_word' id='word_1_105' title='bbox 566 869 671 920; x_wconf 88' lang='lat' dir='ltr'><strong>est,</strong></span> <span class='ocrx_word' id='word_1_106' title='bbox 705 874 899 925; x_wconf 86' lang='lat' dir='ltr'><strong>nempe</strong></span> <span class='ocrx_word' id='word_1_107' title='bbox 937 873 1034 927; x_wconf 89' lang='lat' dir='ltr'><strong>per</strong></span> <span class='ocrx_word' id='word_1_108' title='bbox 1063 857 1388 920; x_wconf 88' lang='lat' dir='ltr'><strong>orationem,</strong></span> <span class='ocrx_word' id='word_1_109' title='bbox 1417 869 1566 922; x_wconf 87' lang='lat' dir='ltr'><strong>spem</strong></span> <span class='ocrx_word' id='word_1_110' title='bbox 1601 853 1654 905; x_wconf 85' lang='lat' dir='ltr'><strong>in</strong></span> <span class='ocrx_word' id='word_1_111' title='bbox 1687 851 1883 914; x_wconf 89' lang='lat' dir='ltr'><strong>Deum,</strong></span> 
     </span>
    </p>
   </div>
   <div class='ocr_carea' id='block_1_18' title="bbox 2023 851 3613 929">
    <p class='ocr_par' dir='ltr' id='par_1_18' title="bbox 2023 855 3613 929">
     <span class='ocr_line' id='line_1_18' title="bbox 2023 855 3613 929; baseline 0 -20"><span class='ocrx_word' id='word_1_112' title='bbox 2023 856 2150 920; x_wconf 76' lang='grc' dir='ltr'>ὑθὺς</span> <span class='ocrx_word' id='word_1_113' title='bbox 2182 855 2322 910; x_wconf 88' lang='grc' dir='ltr'><strong>κατά</strong></span> <span class='ocrx_word' id='word_1_114' title='bbox 2350 857 2445 926; x_wconf 82' lang='grc' dir='ltr'>τῆς</span> <span class='ocrx_word' id='word_1_115' title='bbox 2481 855 2659 926; x_wconf 90' lang='grc' dir='ltr'>λύπης</span> <span class='ocrx_word' id='word_1_116' title='bbox 2687 856 3040 923; x_wconf 80' lang='grc' dir='ltr'>ἀγωνιστέον,</span> <span class='ocrx_word' id='word_1_117' title='bbox 3077 856 3164 911; x_wconf 87' lang='grc' dir='ltr'><strong>διά</strong></span> <span class='ocrx_word' id='word_1_118' title='bbox 3205 860 3307 929; x_wconf 80' lang='grc' dir='ltr'>τῆς</span> <span class='ocrx_word' id='word_1_119' title='bbox 3334 875 3613 928; x_wconf 57' lang='grc' dir='ltr'>προσευκ</span> 
     </span>
    </p>
   </div>
   <div class='ocr_carea' id='block_1_19' title="bbox 310 943 1899 1021">
    <p class='ocr_par' dir='ltr' id='par_1_19' title="bbox 310 943 1889 1018">
     <span class='ocr_line' id='line_1_19' title="bbox 310 943 1889 1018; baseline -0.006 -14"><span class='ocrx_word' id='word_1_120' title='bbox 310 950 512 1004; x_wconf 79' lang='lat' dir='ltr'><strong>divinai</strong></span> <span class='ocrx_word' id='word_1_121' title='bbox 529 967 619 1003; x_wconf 90' lang='lat' dir='ltr'><strong>um</strong></span> <span class='ocrx_word' id='word_1_122' title='bbox 641 948 1046 1018; x_wconf 83' lang='lat' dir='ltr'><strong>Scripturarum</strong></span> <span class='ocrx_word' id='word_1_123' title='bbox 1073 948 1379 1007; x_wconf 88' lang='lat' dir='ltr'><strong>lectionem,</strong></span> <span class='ocrx_word' id='word_1_124' title='bbox 1405 943 1889 999; x_wconf 66' lang='lat' dir='ltr'><strong>eonsuezudiuem-</strong></span> 
     </span>
    </p>
   </div>
   <div class='ocr_carea' id='block_1_20' title="bbox 2023 943 3611 1021">
    <p class='ocr_par' dir='ltr' id='par_1_20' title="bbox 2023 948 3611 1021">
     <span class='ocr_line' id='line_1_20' title="bbox 2023 948 3611 1021; baseline 0.001 -18"><span class='ocrx_word' id='word_1_125' title='bbox 2023 952 2132 1020; x_wconf 68' lang='grc' dir='ltr'><strong>[ῆςτ</strong></span> <span class='ocrx_word' id='word_1_126' title='bbox 2156 950 2251 1003; x_wconf 75' lang='grc' dir='ltr'><strong>καὶ</strong></span> <span class='ocrx_word' id='word_1_127' title='bbox 2274 952 2374 1020; x_wconf 79' lang='grc' dir='ltr'>τῆς</span> <span class='ocrx_word' id='word_1_128' title='bbox 2407 950 2488 1011; x_wconf 86' lang='grc' dir='ltr'><strong>είς</strong></span> <span class='ocrx_word' id='word_1_129' title='bbox 2532 948 2662 1002; x_wconf 85' lang='grc' dir='ltr'><strong>Θεὸν</strong></span> <span class='ocrx_word' id='word_1_130' title='bbox 2692 948 2929 1013; x_wconf 78' lang='grc' dir='ltr'>ἐλπίδος,</span> <span class='ocrx_word' id='word_1_131' title='bbox 2967 952 3179 1021; x_wconf 74' lang='grc' dir='ltr'>καὶτῆς</span> <span class='ocrx_word' id='word_1_132' title='bbox 3207 951 3611 1020; x_wconf 76' lang='grc' dir='ltr'>ἀναγνώσεως</span> 
     </span>
    </p>
   </div>
   <div class='ocr_carea' id='block_1_21' title="bbox 311 1032 1899 1112">
    <p class='ocr_par' dir='ltr' id='par_1_21' title="bbox 311 1032 1888 1111">
     <span class='ocr_line' id='line_1_21' title="bbox 311 1032 1888 1111; baseline -0.004 -20"><span class='ocrx_word' id='word_1_133' title='bbox 311 1059 415 1111; x_wconf 74' lang='lat' dir='ltr'><strong>que</strong></span> <span class='ocrx_word' id='word_1_134' title='bbox 444 1051 496 1096; x_wconf 86' lang='lat' dir='ltr'><strong>et</strong></span> <span class='ocrx_word' id='word_1_135' title='bbox 522 1041 851 1111; x_wconf 82' lang='lat' dir='ltr'><strong>colloquium</strong></span> <span class='ocrx_word' id='word_1_136' title='bbox 886 1056 1008 1093; x_wconf 84' lang='lat' dir='ltr'><strong>eum</strong></span> <span class='ocrx_word' id='word_1_137' title='bbox 1044 1039 1145 1108; x_wconf 83' lang='lat' dir='ltr'><strong>piis</strong></span> <span class='ocrx_word' id='word_1_138' title='bbox 1175 1039 1326 1090; x_wconf 79' lang='lat' dir='ltr'><strong>viris.</strong></span> <span class='ocrx_word' id='word_1_139' title='bbox 1368 1034 1513 1102; x_wconf 87' lang='lat' dir='ltr'><strong>Quin</strong></span> <span class='ocrx_word' id='word_1_140' title='bbox 1542 1034 1711 1088; x_wconf 88' lang='lat' dir='ltr'><strong>etiam</strong></span> <span class='ocrx_word' id='word_1_141' title='bbox 1738 1032 1790 1084; x_wconf 91' lang='lat' dir='ltr'><strong>in</strong></span> <span class='ocrx_word' id='word_1_142' title='bbox 1822 1047 1888 1085; x_wconf 90' lang='lat' dir='ltr'><strong>ea</strong></span> 
     </span>
    </p>
   </div>
   <div class='ocr_carea' id='block_1_22' title="bbox 2023 1032 3613 1112">
    <p class='ocr_par' dir='ltr' id='par_1_22' title="bbox 2024 1039 3613 1112">
     <span class='ocr_line' id='line_1_22' title="bbox 2024 1039 3613 1112; baseline 0 -19"><span class='ocrx_word' id='word_1_143' title='bbox 2024 1043 2097 1094; x_wconf 82' lang='grc' dir='ltr'>ὦν</span> <span class='ocrx_word' id='word_1_144' title='bbox 2114 1041 2273 1095; x_wconf 84' lang='grc' dir='ltr'>θείων</span> <span class='ocrx_word' id='word_1_145' title='bbox 2300 1040 2555 1111; x_wconf 82' lang='grc' dir='ltr'>Γραφῶν,</span> <span class='ocrx_word' id='word_1_146' title='bbox 2585 1039 2791 1108; x_wconf 73' lang='grc' dir='ltr'>καὶτῆς</span> <span class='ocrx_word' id='word_1_147' title='bbox 2822 1040 2960 1110; x_wconf 89' lang='grc' dir='ltr'><strong>μετά</strong></span> <span class='ocrx_word' id='word_1_148' title='bbox 2990 1041 3235 1095; x_wconf 76' lang='grc' dir='ltr'>εύλαὸὦν</span> <span class='ocrx_word' id='word_1_149' title='bbox 3262 1041 3613 1112; x_wconf 79' lang='grc' dir='ltr'>ἀνθρώπων</span> 
     </span>
    </p>
   </div>
   <div class='ocr_carea' id='block_1_23' title="bbox 315 1124 1899 1205">
    <p class='ocr_par' dir='ltr' id='par_1_23' title="bbox 315 1124 1886 1198">
     <span class='ocr_line' id='line_1_23' title="bbox 315 1124 1886 1198; baseline -0.008 -11"><span class='ocrx_word' id='word_1_150' title='bbox 315 1133 533 1187; x_wconf 81' lang='lat' dir='ltr'><strong>tristitia</strong></span> <span class='ocrx_word' id='word_1_151' title='bbox 562 1146 819 1185; x_wconf 73' lang='lat' dir='ltr'><strong>exercere</strong></span> <span class='ocrx_word' id='word_1_152' title='bbox 842 1146 942 1185; x_wconf 86' lang='lat' dir='ltr'><strong>nos</strong></span> <span class='ocrx_word' id='word_1_153' title='bbox 978 1138 1210 1198; x_wconf 85' lang='lat' dir='ltr'><strong>oportet,</strong></span> <span class='ocrx_word' id='word_1_154' title='bbox 1241 1142 1364 1197; x_wconf 77' lang='lat' dir='ltr'><strong>quae</strong></span> <span class='ocrx_word' id='word_1_155' title='bbox 1390 1124 1689 1180; x_wconf 87' lang='lat' dir='ltr'><strong>secundum</strong></span> <span class='ocrx_word' id='word_1_156' title='bbox 1720 1125 1886 1176; x_wconf 82' lang='lat' dir='ltr'><strong>Deum</strong></span> 
     </span>
    </p>
   </div>
   <div class='ocr_carea' id='block_1_24' title="bbox 2023 1124 3611 1205">
    <p class='ocr_par' dir='ltr' id='par_1_24' title="bbox 2023 1132 3611 1205">
     <span class='ocr_line' id='line_1_24' title="bbox 2023 1132 3611 1205; baseline -0.001 -19"><span class='ocrx_word' id='word_1_157' title='bbox 2023 1135 2366 1205; x_wconf 78' lang='grc' dir='ltr'>ιναστροφῆς,</span> <span class='ocrx_word' id='word_1_158' title='bbox 2400 1132 2493 1184; x_wconf 73' lang='grc' dir='ltr'>καὶ</span> <span class='ocrx_word' id='word_1_159' title='bbox 2522 1132 2873 1201; x_wconf 84' lang='grc' dir='ltr'>κοινολογίας.</span> <span class='ocrx_word' id='word_1_160' title='bbox 2906 1132 3017 1203; x_wconf 81' lang='grc' dir='ltr'>Τὴν</span> <span class='ocrx_word' id='word_1_161' title='bbox 3049 1134 3226 1203; x_wconf 85' lang='grc' dir='ltr'>μέντοι</span> <span class='ocrx_word' id='word_1_162' title='bbox 3261 1134 3411 1186; x_wconf 81' lang='grc' dir='ltr'><strong>κατά</strong></span> <span class='ocrx_word' id='word_1_163' title='bbox 3451 1132 3611 1185; x_wconf 78' lang='grc' dir='ltr'>Θεὸν</span> 
     </span>
    </p>
   </div>
   <div class='ocr_carea' id='block_1_25' title="bbox 312 1215 1899 1295">
    <p class='ocr_par' dir='ltr' id='par_1_25' title="bbox 312 1215 1889 1295">
     <span class='ocr_line' id='line_1_25' title="bbox 312 1215 1889 1295; baseline -0.007 -17"><span class='ocrx_word' id='word_1_164' title='bbox 312 1239 397 1280; x_wconf 68' lang='lat' dir='ltr'><strong>est</strong></span> <span class='ocrx_word' id='word_1_165' title='bbox 429 1226 479 1289; x_wconf 69' lang='grc' dir='ltr'><strong>ι),</strong></span> <span class='ocrx_word' id='word_1_166' title='bbox 513 1238 671 1295; x_wconf 86' lang='lat' dir='ltr'><strong>atque</strong></span> <span class='ocrx_word' id='word_1_167' title='bbox 696 1223 766 1278; x_wconf 91' lang='lat' dir='ltr'><strong>ob</strong></span> <span class='ocrx_word' id='word_1_168' title='bbox 791 1239 853 1277; x_wconf 88' lang='lat' dir='ltr'><strong>ea</strong></span> <span class='ocrx_word' id='word_1_169' title='bbox 887 1225 938 1276; x_wconf 90' lang='lat' dir='ltr'><strong>in</strong></span> <span class='ocrx_word' id='word_1_170' title='bbox 1000 1222 1204 1291; x_wconf 88' lang='lat' dir='ltr'><strong>quibus</strong></span> <span class='ocrx_word' id='word_1_171' title='bbox 1254 1234 1568 1289; x_wconf 75' lang='lat' dir='ltr'><strong>peccamus,</strong></span> <span class='ocrx_word' id='word_1_172' title='bbox 1648 1215 1889 1285; x_wconf 84' lang='lat' dir='ltr'><strong>segniter</strong></span> 
     </span>
    </p>
   </div>
   <div class='ocr_carea' id='block_1_26' title="bbox 2023 1215 3608 1295">
    <p class='ocr_par' dir='ltr' id='par_1_26' title="bbox 2028 1218 3608 1294">
     <span class='ocr_line' id='line_1_26' title="bbox 2028 1218 3608 1294; baseline -0.001 -19"><span class='ocrx_word' id='word_1_173' title='bbox 2028 1224 2190 1293; x_wconf 85' lang='grc' dir='ltr'>ύπην,</span> <span class='ocrx_word' id='word_1_174' title='bbox 2210 1223 2302 1276; x_wconf 73' lang='grc' dir='ltr'>καὶ</span> <span class='ocrx_word' id='word_1_175' title='bbox 2334 1222 2532 1292; x_wconf 85' lang='grc' dir='ltr'>μᾶλλον</span> <span class='ocrx_word' id='word_1_176' title='bbox 2550 1222 2837 1294; x_wconf 80' lang='grc' dir='ltr'>ἀσκητέον,</span> <span class='ocrx_word' id='word_1_177' title='bbox 2851 1222 2948 1293; x_wconf 83' lang='grc' dir='ltr'>τὴν</span> <span class='ocrx_word' id='word_1_178' title='bbox 2965 1224 3049 1290; x_wconf 72' lang='grc' dir='ltr'><strong>ἐφ’</strong></span> <span class='ocrx_word' id='word_1_179' title='bbox 3066 1218 3145 1287; x_wconf 76' lang='grc' dir='ltr'>οἷς</span> <span class='ocrx_word' id='word_1_180' title='bbox 3162 1225 3608 1294; x_wconf 79' lang='grc' dir='ltr'>ἁμαρτάνομεν.</span> 
     </span>
    </p>
   </div>
   <div class='ocr_carea' id='block_1_27' title="bbox 314 1306 1899 1390">
    <p class='ocr_par' dir='ltr' id='par_1_27' title="bbox 314 1306 1892 1390">
     <span class='ocr_line' id='line_1_27' title="bbox 314 1306 1892 1390; baseline -0.008 -17"><span class='ocrx_word' id='word_1_181' title='bbox 314 1320 548 1390; x_wconf 83' lang='lat' dir='ltr'><strong>agimus,</strong></span> <span class='ocrx_word' id='word_1_182' title='bbox 584 1317 860 1386; x_wconf 85' lang='lat' dir='ltr'><strong>Deumque</strong></span> <span class='ocrx_word' id='word_1_183' title='bbox 880 1315 945 1369; x_wconf 87' lang='lat' dir='ltr'><strong>ad</strong></span> <span class='ocrx_word' id='word_1_184' title='bbox 981 1314 1319 1368; x_wconf 87' lang='lat' dir='ltr'><strong>iracumliam</strong></span> <span class='ocrx_word' id='word_1_185' title='bbox 1349 1324 1732 1382; x_wconf 73' lang='lat' dir='ltr'><strong>provocamus.</strong></span> <span class='ocrx_word' id='word_1_186' title='bbox 1766 1306 1892 1360; x_wconf 69' lang='lat' dir='ltr'><strong>llazc</strong></span> 
     </span>
    </p>
   </div>
   <div class='ocr_carea' id='block_1_28' title="bbox 2023 1306 3611 1390">
    <p class='ocr_par' dir='ltr' id='par_1_28' title="bbox 2023 1312 3611 1384">
     <span class='ocr_line' id='line_1_28' title="bbox 2023 1312 3611 1384; baseline -0.003 -15"><span class='ocrx_word' id='word_1_187' title='bbox 2023 1317 2095 1369; x_wconf 72' lang='grc' dir='ltr'><strong>ιαὶ</strong></span> <span class='ocrx_word' id='word_1_188' title='bbox 2136 1312 2507 1384; x_wconf 79' lang='grc' dir='ltr'>ρᾳθυμοῦμεν,</span> <span class='ocrx_word' id='word_1_189' title='bbox 2545 1313 2642 1366; x_wconf 67' lang='grc' dir='ltr'><strong>καὶ</strong></span> <span class='ocrx_word' id='word_1_190' title='bbox 2672 1312 2763 1367; x_wconf 77' lang='grc' dir='ltr'><strong>τὸν</strong></span> <span class='ocrx_word' id='word_1_191' title='bbox 2797 1313 2929 1366; x_wconf 69' lang='grc' dir='ltr'>Θεὸν</span> <span class='ocrx_word' id='word_1_192' title='bbox 2963 1313 3395 1383; x_wconf 71' lang='grc' dir='ltr'>παροργίζομεν.</span> <span class='ocrx_word' id='word_1_193' title='bbox 3432 1313 3611 1382; x_wconf 74' lang='grc' dir='ltr'>Αὕτη</span> 
     </span>
    </p>
   </div>
   <div class='ocr_carea' id='block_1_29' title="bbox 312 1401 1899 1478">
    <p class='ocr_par' dir='ltr' id='par_1_29' title="bbox 312 1401 1892 1467">
     <span class='ocr_line' id='line_1_29' title="bbox 312 1401 1892 1467; baseline -0.007 -2"><span class='ocrx_word' id='word_1_194' title='bbox 312 1413 457 1465; x_wconf 84' lang='lat' dir='ltr'><strong>enim</strong></span> <span class='ocrx_word' id='word_1_195' title='bbox 493 1427 521 1465; x_wconf 90' lang='lat' dir='ltr'><strong>e</strong></span> <span class='ocrx_word' id='word_1_196' title='bbox 554 1409 832 1464; x_wconf 83' lang='lat' dir='ltr'><strong>contrario</strong></span> <span class='ocrx_word' id='word_1_197' title='bbox 869 1408 933 1461; x_wconf 83' lang='lat' dir='ltr'><strong>ad</strong></span> <span class='ocrx_word' id='word_1_198' title='bbox 968 1409 1231 1461; x_wconf 72' lang='lat' dir='ltr'><strong>virtutum</strong></span> <span class='ocrx_word' id='word_1_199' title='bbox 1289 1406 1500 1459; x_wconf 87' lang='lat' dir='ltr'><strong>cultum</strong></span> <span class='ocrx_word' id='word_1_200' title='bbox 1557 1401 1781 1467; x_wconf 74' lang='lat' dir='ltr'><strong>excitat,</strong></span> <span class='ocrx_word' id='word_1_201' title='bbox 1836 1407 1892 1454; x_wconf 91' lang='lat' dir='ltr'><strong>et</strong></span> 
     </span>
    </p>
   </div>
   <div class='ocr_carea' id='block_1_30' title="bbox 2023 1401 3607 1478">
    <p class='ocr_par' dir='ltr' id='par_1_30' title="bbox 2023 1404 3607 1478">
     <span class='ocr_line' id='line_1_30' title="bbox 2023 1404 3607 1478; baseline -0.001 -18"><span class='ocrx_word' id='word_1_202' title='bbox 2023 1408 2105 1478; x_wconf 78' lang='grc' dir='ltr'>’ἀρ</span> <span class='ocrx_word' id='word_1_203' title='bbox 2142 1404 2451 1459; x_wconf 76' lang='grc' dir='ltr'>τούναντίον</span> <span class='ocrx_word' id='word_1_204' title='bbox 2476 1404 2731 1477; x_wconf 80' lang='grc' dir='ltr'>διεγείρει</span> <span class='ocrx_word' id='word_1_205' title='bbox 2754 1404 2889 1475; x_wconf 74' lang='grc' dir='ltr'>πρὸς</span> <span class='ocrx_word' id='word_1_206' title='bbox 2919 1405 3181 1477; x_wconf 72' lang='grc' dir='ltr'>ἐργασίαν</span> <span class='ocrx_word' id='word_1_207' title='bbox 3210 1404 3461 1474; x_wconf 81' lang='grc' dir='ltr'><strong>ἀρετῶν,</strong></span> <span class='ocrx_word' id='word_1_208' title='bbox 3502 1407 3607 1459; x_wconf 78' lang='grc' dir='ltr'>καὶ</span> 
     </span>
    </p>
   </div>
   <div class='ocr_carea' id='block_1_31' title="bbox 315 1495 1899 1569">
    <p class='ocr_par' dir='ltr' id='par_1_31' title="bbox 315 1496 1250 1569">
     <span class='ocr_line' id='line_1_31' title="bbox 315 1496 1250 1569; baseline -0.01 -13"><span class='ocrx_word' id='word_1_209' title='bbox 315 1503 594 1556; x_wconf 68' lang='lat' dir='ltr'><strong>studiosos</strong></span> <span class='ocrx_word' id='word_1_210' title='bbox 628 1499 1026 1569; x_wconf 78' lang='lat' dir='ltr'><strong>diligentesque</strong></span> <span class='ocrx_word' id='word_1_211' title='bbox 1058 1496 1250 1549; x_wconf 85' lang='lat' dir='ltr'><strong>reddit.</strong></span> 
     </span>
    </p>
   </div>
   <div class='ocr_carea' id='block_1_32' title="bbox 2023 1495 2626 1569">
    <p class='ocr_par' dir='ltr' id='par_1_32' title="bbox 2023 1495 2626 1561">
     <span class='ocr_line' id='line_1_32' title="bbox 2023 1495 2626 1561; baseline 0 -11"><span class='ocrx_word' id='word_1_212' title='bbox 2023 1498 2321 1561; x_wconf 69' lang='grc' dir='ltr'>ῖπουδαίους</span> <span class='ocrx_word' id='word_1_213' title='bbox 2354 1495 2626 1550; x_wconf 84' lang='grc' dir='ltr'>ἀποτελεῖ.</span> 
     </span>
    </p>
   </div>
   <div class='ocr_carea' id='block_1_33' title="bbox 385 1581 1899 1663">
    <p class='ocr_par' dir='ltr' id='par_1_33' title="bbox 385 1582 1890 1657">
     <span class='ocr_line' id='line_1_33' title="bbox 385 1582 1890 1657; baseline -0.011 -11"><span class='ocrx_word' id='word_1_214' title='bbox 385 1591 687 1646; x_wconf 75' lang='lat' dir='ltr'><strong>Tiistitiam</strong></span> <span class='ocrx_word' id='word_1_215' title='bbox 720 1604 839 1657; x_wconf 68' lang='lat' dir='ltr'><strong>qua:</strong></span> <span class='ocrx_word' id='word_1_216' title='bbox 870 1586 1168 1642; x_wconf 80' lang='lat' dir='ltr'><strong>secundum</strong></span> <span class='ocrx_word' id='word_1_217' title='bbox 1222 1582 1390 1637; x_wconf 89' lang='lat' dir='ltr'><strong>Deum</strong></span> <span class='ocrx_word' id='word_1_218' title='bbox 1426 1596 1529 1636; x_wconf 85' lang='lat' dir='ltr'><strong>non</strong></span> <span class='ocrx_word' id='word_1_219' title='bbox 1566 1587 1667 1645; x_wconf 88' lang='lat' dir='ltr'><strong>est,</strong></span> <span class='ocrx_word' id='word_1_220' title='bbox 1726 1590 1890 1647; x_wconf 90' lang='lat' dir='ltr'><strong>prava</strong></span> 
     </span>
    </p>
   </div>
   <div class='ocr_carea' id='block_1_34' title="bbox 2023 1581 3595 1663">
    <p class='ocr_par' dir='ltr' id='par_1_34' title="bbox 2061 1587 3595 1663">
     <span class='ocr_line' id='line_1_34' title="bbox 2061 1587 3595 1663; baseline 0.004 -22"><span class='ocrx_word' id='word_1_221' title='bbox 2061 1592 2172 1662; x_wconf 84' lang='grc' dir='ltr'>Τὴν</span> <span class='ocrx_word' id='word_1_222' title='bbox 2200 1590 2260 1643; x_wconf 85' lang='grc' dir='ltr'><strong>ού</strong></span> <span class='ocrx_word' id='word_1_223' title='bbox 2291 1588 2435 1643; x_wconf 85' lang='grc' dir='ltr'><strong>κατά</strong></span> <span class='ocrx_word' id='word_1_224' title='bbox 2468 1587 2598 1641; x_wconf 81' lang='grc' dir='ltr'>Θεὸν</span> <span class='ocrx_word' id='word_1_225' title='bbox 2634 1588 2835 1661; x_wconf 84' lang='grc' dir='ltr'>λύπην,</span> <span class='ocrx_word' id='word_1_226' title='bbox 2854 1589 3064 1661; x_wconf 73' lang='grc' dir='ltr'>φαύλης</span> <span class='ocrx_word' id='word_1_227' title='bbox 3098 1589 3331 1663; x_wconf 80' lang='grc' dir='ltr'><strong>ὀρέξεως</strong></span> <span class='ocrx_word' id='word_1_228' title='bbox 3359 1592 3595 1646; x_wconf 58' lang='lat' dir='ltr'><strong>duoru-</strong></span> 
     </span>
    </p>
   </div>
   <div class='ocr_carea' id='block_1_35' title="bbox 315 1677 1899 1754">
    <p class='ocr_par' dir='ltr' id='par_1_35' title="bbox 315 1677 1209 1753">
     <span class='ocr_line' id='line_1_35' title="bbox 315 1677 1209 1753; baseline -0.009 -17"><span class='ocrx_word' id='word_1_229' title='bbox 315 1684 584 1753; x_wconf 74' lang='lat' dir='ltr'><strong>rnpiditas</strong></span> <span class='ocrx_word' id='word_1_230' title='bbox 610 1680 867 1734; x_wconf 77' lang='lat' dir='ltr'><strong>frustrata</strong></span> <span class='ocrx_word' id='word_1_231' title='bbox 906 1677 1209 1732; x_wconf 86' lang='lat' dir='ltr'><strong>constituit.</strong></span> 
     </span>
    </p>
   </div>
   <div class='ocr_carea' id='block_1_36' title="bbox 2023 1677 2458 1754">
    <p class='ocr_par' dir='ltr' id='par_1_36' title="bbox 2023 1682 2458 1754">
     <span class='ocr_line' id='line_1_36' title="bbox 2023 1682 2458 1754; baseline 0 -18"><span class='ocrx_word' id='word_1_232' title='bbox 2023 1684 2084 1753; x_wconf 60' lang='lat' dir='ltr'><strong>ta</strong></span> <span class='ocrx_word' id='word_1_233' title='bbox 2124 1682 2458 1754; x_wconf 86' lang='grc' dir='ltr'>συνίστησιν.</span> 
     </span>
    </p>
   </div>
   <div class='ocr_carea' id='block_1_37' title="bbox 384 1761 1899 1845">
    <p class='ocr_par' dir='ltr' id='par_1_37' title="bbox 384 1761 1889 1839">
     <span class='ocr_line' id='line_1_37' title="bbox 384 1761 1889 1839; baseline -0.008 -14"><span class='ocrx_word' id='word_1_234' title='bbox 384 1773 486 1839; x_wconf 79' lang='lat' dir='ltr'><strong>Qui</strong></span> <span class='ocrx_word' id='word_1_235' title='bbox 518 1772 655 1825; x_wconf 81' lang='lat' dir='ltr'><strong>febri</strong></span> <span class='ocrx_word' id='word_1_236' title='bbox 689 1780 973 1839; x_wconf 87' lang='lat' dir='ltr'><strong>correptus</strong></span> <span class='ocrx_word' id='word_1_237' title='bbox 1028 1778 1130 1832; x_wconf 84' lang='lat' dir='ltr'><strong>est,</strong></span> <span class='ocrx_word' id='word_1_238' title='bbox 1170 1764 1347 1820; x_wconf 84' lang='lat' dir='ltr'><strong>mellis</strong></span> <span class='ocrx_word' id='word_1_239' title='bbox 1410 1772 1628 1833; x_wconf 79' lang='lat' dir='ltr'><strong>gustum</strong></span> <span class='ocrx_word' id='word_1_240' title='bbox 1683 1761 1889 1827; x_wconf 88' lang='lat' dir='ltr'><strong>nescit;</strong></span> 
     </span>
    </p>
   </div>
   <div class='ocr_carea' id='block_1_38' title="bbox 2023 1761 3605 1845">
    <p class='ocr_par' dir='ltr' id='par_1_38' title="bbox 2069 1770 3605 1845">
     <span class='ocr_line' id='line_1_38' title="bbox 2069 1770 3605 1845; baseline 0.003 -19"><span class='ocrx_word' id='word_1_241' title='bbox 2069 1775 2181 1827; x_wconf 81' lang='grc' dir='ltr'>Οὐκ</span> <span class='ocrx_word' id='word_1_242' title='bbox 2217 1770 2326 1827; x_wconf 78' lang='grc' dir='ltr'>οἶδε</span> <span class='ocrx_word' id='word_1_243' title='bbox 2361 1772 2575 1845; x_wconf 85' lang='grc' dir='ltr'>μέλιτος</span> <span class='ocrx_word' id='word_1_244' title='bbox 2608 1772 2794 1840; x_wconf 79' lang='grc' dir='ltr'>γεῦσιν</span> <span class='ocrx_word' id='word_1_245' title='bbox 2838 1774 2867 1825; x_wconf 83' lang='grc' dir='ltr'><strong>ὁ</strong></span> <span class='ocrx_word' id='word_1_246' title='bbox 2899 1772 3205 1844; x_wconf 80' lang='grc' dir='ltr'>πυρέσσων,</span> <span class='ocrx_word' id='word_1_247' title='bbox 3244 1773 3369 1828; x_wconf 72' lang='grc' dir='ltr'>οὐδὲ</span> <span class='ocrx_word' id='word_1_248' title='bbox 3406 1792 3605 1830; x_wconf 78' lang='grc' dir='ltr'>πνευ-</span> 
     </span>
    </p>
   </div>
   <div class='ocr_carea' id='block_1_39' title="bbox 318 1851 1899 1938">
    <p class='ocr_par' dir='ltr' id='par_1_39' title="bbox 318 1851 1893 1930">
     <span class='ocr_line' id='line_1_39' title="bbox 318 1851 1893 1930; baseline -0.007 -16"><span class='ocrx_word' id='word_1_249' title='bbox 318 1878 413 1915; x_wconf 84' lang='lat' dir='ltr'><strong>nec</strong></span> <span class='ocrx_word' id='word_1_250' title='bbox 475 1859 809 1930; x_wconf 86' lang='lat' dir='ltr'><strong>spiritualem</strong></span> <span class='ocrx_word' id='word_1_251' title='bbox 864 1857 1105 1911; x_wconf 73' lang='lat' dir='ltr'><strong>laetitiam</strong></span> <span class='ocrx_word' id='word_1_252' title='bbox 1162 1853 1465 1909; x_wconf 82' lang='lat' dir='ltr'><strong>monachus</strong></span> <span class='ocrx_word' id='word_1_253' title='bbox 1509 1852 1600 1922; x_wconf 87' lang='lat' dir='ltr'><strong>qui</strong></span> <span class='ocrx_word' id='word_1_254' title='bbox 1660 1851 1893 1905; x_wconf 71' lang='lat' dir='ltr'><strong>tristitiae</strong></span> 
     </span>
    </p>
   </div>
   <div class='ocr_carea' id='block_1_40' title="bbox 2023 1851 3198 1938">
    <p class='ocr_par' dir='ltr' id='par_1_40' title="bbox 2023 1865 3198 1938">
     <span class='ocr_line' id='line_1_40' title="bbox 2023 1865 3198 1938; baseline 0.001 -20"><span class='ocrx_word' id='word_1_255' title='bbox 2023 1866 2240 1937; x_wconf 82' lang='grc' dir='ltr'>ιατικὴν</span> <span class='ocrx_word' id='word_1_256' title='bbox 2273 1866 2468 1938; x_wconf 78' lang='grc' dir='ltr'>ἡδονὴν</span> <span class='ocrx_word' id='word_1_257' title='bbox 2508 1868 2536 1920; x_wconf 85' lang='grc' dir='ltr'><strong>ό</strong></span> <span class='ocrx_word' id='word_1_258' title='bbox 2572 1865 2907 1937; x_wconf 82' lang='grc' dir='ltr'>λυπούμενος</span> <span class='ocrx_word' id='word_1_259' title='bbox 2947 1866 3198 1936; x_wconf 83' lang='grc' dir='ltr'>μοναχός.</span> 
     </span>
    </p>
   </div>
   <div class='ocr_carea' id='block_1_41' title="bbox 317 1952 781 2008">
    <p class='ocr_par' dir='ltr' id='par_1_41' title="bbox 317 1952 781 2008">
     <span class='ocr_line' id='line_1_41' title="bbox 317 1952 781 2008; baseline -0.009 0"><span class='ocrx_word' id='word_1_260' title='bbox 317 1954 509 2008; x_wconf 87' lang='lat' dir='ltr'><strong>morbo</strong></span> <span class='ocrx_word' id='word_1_261' title='bbox 550 1952 781 2007; x_wconf 90' lang='lat' dir='ltr'><strong>laborat.</strong></span> 
     </span>
    </p>
   </div>
   <div class='ocr_carea' id='block_1_42' title="bbox 387 2034 1893 2106">
    <p class='ocr_par' dir='ltr' id='par_1_42' title="bbox 387 2034 1893 2106">
     <span class='ocr_line' id='line_1_42' title="bbox 387 2034 1893 2106; baseline -0.007 -9"><span class='ocrx_word' id='word_1_262' title='bbox 387 2043 631 2097; x_wconf 81' lang='lat' dir='ltr'><strong>Tristitia</strong></span> <span class='ocrx_word' id='word_1_263' title='bbox 663 2039 862 2095; x_wconf 78' lang='lat' dir='ltr'><strong>vermis</strong></span> <span class='ocrx_word' id='word_1_264' title='bbox 897 2039 1077 2094; x_wconf 82' lang='lat' dir='ltr'><strong>cordis</strong></span> <span class='ocrx_word' id='word_1_265' title='bbox 1104 2046 1210 2103; x_wconf 86' lang='lat' dir='ltr'><strong>est,</strong></span> <span class='ocrx_word' id='word_1_266' title='bbox 1251 2050 1375 2106; x_wconf 71' lang='lat' dir='ltr'><strong>qua:</strong></span> <span class='ocrx_word' id='word_1_267' title='bbox 1403 2034 1470 2088; x_wconf 88' lang='lat' dir='ltr'><strong>ad</strong></span> <span class='ocrx_word' id='word_1_268' title='bbox 1500 2050 1621 2090; x_wconf 90' lang='lat' dir='ltr'><strong>sese</strong></span> <span class='ocrx_word' id='word_1_269' title='bbox 1653 2043 1893 2089; x_wconf 90' lang='lat' dir='ltr'><strong>mentem</strong></span> 
     </span>
    </p>
   </div>
   <div class='ocr_carea' id='block_1_43' title="bbox 314 2133 850 2189">
    <p class='ocr_par' dir='ltr' id='par_1_43' title="bbox 314 2133 850 2189">
     <span class='ocr_line' id='line_1_43' title="bbox 314 2133 850 2189; baseline -0.007 0"><span class='ocrx_word' id='word_1_270' title='bbox 314 2135 496 2189; x_wconf 90' lang='lat' dir='ltr'><strong>trahat</strong></span> <span class='ocrx_word' id='word_1_271' title='bbox 528 2140 581 2188; x_wconf 90' lang='lat' dir='ltr'><strong>et</strong></span> <span class='ocrx_word' id='word_1_272' title='bbox 613 2133 850 2188; x_wconf 84' lang='lat' dir='ltr'><strong>divellat.</strong></span> 
     </span>
    </p>
   </div>
   <div class='ocr_carea' id='block_1_44' title="bbox 388 2220 1896 2292">
    <p class='ocr_par' dir='ltr' id='par_1_44' title="bbox 388 2220 1896 2292">
     <span class='ocr_line' id='line_1_44' title="bbox 388 2220 1896 2292; baseline -0.004 -13"><span class='ocrx_word' id='word_1_273' title='bbox 388 2225 490 2292; x_wconf 88' lang='lat' dir='ltr'><strong>Qui</strong></span> <span class='ocrx_word' id='word_1_274' title='bbox 565 2227 621 2279; x_wconf 89' lang='lat' dir='ltr'><strong>in</strong></span> <span class='ocrx_word' id='word_1_275' title='bbox 685 2239 917 2279; x_wconf 65' lang='lat' dir='ltr'><strong>maerore</strong></span> <span class='ocrx_word' id='word_1_276' title='bbox 972 2233 1084 2288; x_wconf 89' lang='lat' dir='ltr'><strong>est,</strong></span> <span class='ocrx_word' id='word_1_277' title='bbox 1144 2222 1190 2278; x_wconf 93' lang='lat' dir='ltr'><strong>is</strong></span> <span class='ocrx_word' id='word_1_278' title='bbox 1248 2230 1481 2277; x_wconf 85' lang='lat' dir='ltr'><strong>mentem</strong></span> <span class='ocrx_word' id='word_1_279' title='bbox 1540 2220 1606 2275; x_wconf 89' lang='lat' dir='ltr'><strong>ad</strong></span> <span class='ocrx_word' id='word_1_280' title='bbox 1654 2229 1896 2275; x_wconf 89' lang='lat' dir='ltr'><strong>eontem-</strong></span> 
     </span>
    </p>
   </div>
   <div class='ocr_carea' id='block_1_45' title="bbox 317 2311 1893 2389">
    <p class='ocr_par' dir='ltr' id='par_1_45' title="bbox 317 2311 1893 2389">
     <span class='ocr_line' id='line_1_45' title="bbox 317 2311 1893 2389; baseline -0.006 -16"><span class='ocrx_word' id='word_1_281' title='bbox 317 2319 612 2389; x_wconf 78' lang='lat' dir='ltr'><strong>plationem</strong></span> <span class='ocrx_word' id='word_1_282' title='bbox 645 2318 868 2372; x_wconf 82' lang='lat' dir='ltr'><strong>minime</strong></span> <span class='ocrx_word' id='word_1_283' title='bbox 910 2317 1187 2385; x_wconf 73' lang='lat' dir='ltr'><strong>movrbit;</strong></span> <span class='ocrx_word' id='word_1_284' title='bbox 1227 2333 1325 2371; x_wconf 90' lang='lat' dir='ltr'><strong>nec</strong></span> <span class='ocrx_word' id='word_1_285' title='bbox 1358 2311 1550 2387; x_wconf 88' lang='lat' dir='ltr'><strong>puram</strong></span> <span class='ocrx_word' id='word_1_286' title='bbox 1588 2315 1893 2367; x_wconf 85' lang='lat' dir='ltr'><strong>orationem</strong></span> 
     </span>
    </p>
   </div>
   <div class='ocr_carea' id='block_1_46' title="bbox 319 2400 1895 2462">
    <p class='ocr_par' dir='ltr' id='par_1_46' title="bbox 319 2400 1895 2462">
     <span class='ocr_line' id='line_1_46' title="bbox 319 2400 1895 2462; baseline -0.006 0"><span class='ocrx_word' id='word_1_287' title='bbox 319 2410 383 2462; x_wconf 88' lang='lat' dir='ltr'><strong>ad</strong></span> <span class='ocrx_word' id='word_1_288' title='bbox 462 2405 633 2461; x_wconf 84' lang='lat' dir='ltr'><strong>Deum</strong></span> <span class='ocrx_word' id='word_1_289' title='bbox 697 2406 939 2462; x_wconf 88' lang='lat' dir='ltr'><strong>emittit:</strong></span> <span class='ocrx_word' id='word_1_290' title='bbox 1021 2421 1225 2461; x_wconf 70' lang='lat' dir='ltr'><strong>mosror</strong></span> <span class='ocrx_word' id='word_1_291' title='bbox 1282 2406 1427 2460; x_wconf 84' lang='lat' dir='ltr'><strong>enim</strong></span> <span class='ocrx_word' id='word_1_292' title='bbox 1495 2404 1682 2458; x_wconf 76' lang='lat' dir='ltr'><strong>virtuti</strong></span> <span class='ocrx_word' id='word_1_293' title='bbox 1746 2400 1895 2454; x_wconf 91' lang='lat' dir='ltr'><strong>omni</strong></span> 
     </span>
    </p>
   </div>
   <div class='ocr_carea' id='block_1_47' title="bbox 317 2498 502 2553">
    <p class='ocr_par' dir='ltr' id='par_1_47' title="bbox 317 2498 502 2553">
     <span class='ocr_line' id='line_1_47' title="bbox 317 2498 502 2553; baseline -0.016 0"><span class='ocrx_word' id='word_1_294' title='bbox 317 2498 502 2553; x_wconf 77' lang='lat' dir='ltr'><strong>ollirit.</strong></span> 
     </span>
    </p>
   </div>
   <div class='ocr_carea' id='block_1_48' title="bbox 393 2585 1911 2651">
    <p class='ocr_par' dir='ltr' id='par_1_48' title="bbox 393 2585 1911 2651">
     <span class='ocr_line' id='line_1_48' title="bbox 393 2585 1911 2651; baseline -0.001 -7"><span class='ocrx_word' id='word_1_295' title='bbox 393 2590 579 2646; x_wconf 76' lang='lat' dir='ltr'><strong>Nullas</strong></span> <span class='ocrx_word' id='word_1_296' title='bbox 609 2590 754 2645; x_wconf 88' lang='lat' dir='ltr'><strong>vires</strong></span> <span class='ocrx_word' id='word_1_297' title='bbox 782 2588 943 2643; x_wconf 79' lang='lat' dir='ltr'><strong>habet</strong></span> <span class='ocrx_word' id='word_1_298' title='bbox 972 2587 1217 2651; x_wconf 80' lang='lat' dir='ltr'><strong>tristitia,</strong></span> <span class='ocrx_word' id='word_1_299' title='bbox 1250 2601 1374 2641; x_wconf 91' lang='lat' dir='ltr'><strong>cum</strong></span> <span class='ocrx_word' id='word_1_300' title='bbox 1413 2585 1640 2641; x_wconf 65' lang='lat' dir='ltr'><strong>allectus</strong></span> <span class='ocrx_word' id='word_1_301' title='bbox 1661 2586 1911 2649; x_wconf 60' lang='lat' dir='ltr'><strong>absunt.,</strong></span> 
     </span>
    </p>
   </div>
   <div class='ocr_carea' id='block_1_49' title="bbox 325 2676 1898 2743">
    <p class='ocr_par' dir='ltr' id='par_1_49' title="bbox 325 2676 1898 2743">
     <span class='ocr_line' id='line_1_49' title="bbox 325 2676 1898 2743; baseline -0.003 -8"><span class='ocrx_word' id='word_1_302' title='bbox 325 2684 419 2736; x_wconf 56' lang='lat' dir='ltr'><strong>list</strong></span> <span class='ocrx_word' id='word_1_303' title='bbox 453 2682 598 2735; x_wconf 89' lang='lat' dir='ltr'><strong>enim</strong></span> <span class='ocrx_word' id='word_1_304' title='bbox 649 2694 852 2735; x_wconf 66' lang='lat' dir='ltr'><strong>maeror</strong></span> <span class='ocrx_word' id='word_1_305' title='bbox 882 2678 1175 2734; x_wconf 80' lang='lat' dir='ltr'><strong>aﬂ&#39;ectuum</strong></span> <span class='ocrx_word' id='word_1_306' title='bbox 1206 2678 1550 2732; x_wconf 86' lang='lat' dir='ltr'><strong>certissimus</strong></span> <span class='ocrx_word' id='word_1_307' title='bbox 1586 2678 1766 2731; x_wconf 81' lang='lat' dir='ltr'><strong>iudex.</strong></span> <span class='ocrx_word' id='word_1_308' title='bbox 1793 2676 1898 2743; x_wconf 85' lang='lat' dir='ltr'><strong>Qui</strong></span> 
     </span>
    </p>
   </div>
   <div class='ocr_carea' id='block_1_50' title="bbox 320 2767 1899 2843">
    <p class='ocr_par' dir='ltr' id='par_1_50' title="bbox 320 2767 1899 2843">
     <span class='ocr_line' id='line_1_50' title="bbox 320 2767 1899 2843; baseline -0.005 -16"><span class='ocrx_word' id='word_1_309' title='bbox 320 2787 451 2843; x_wconf 77' lang='lat' dir='ltr'><strong>ergo</strong></span> <span class='ocrx_word' id='word_1_310' title='bbox 498 2770 783 2826; x_wconf 80' lang='lat' dir='ltr'><strong>ali&#39;ectibus</strong></span> <span class='ocrx_word' id='word_1_311' title='bbox 842 2770 1175 2837; x_wconf 82' lang='lat' dir='ltr'><strong>dominatur,</strong></span> <span class='ocrx_word' id='word_1_312' title='bbox 1233 2767 1467 2823; x_wconf 78' lang='lat' dir='ltr'><strong>tristitia:</strong></span> <span class='ocrx_word' id='word_1_313' title='bbox 1527 2769 1731 2839; x_wconf 81' lang='lat' dir='ltr'><strong>pariter</strong></span> <span class='ocrx_word' id='word_1_314' title='bbox 1795 2767 1899 2820; x_wconf 87' lang='lat' dir='ltr'><strong>iiii-</strong></span> 
     </span>
    </p>
   </div>
   <div class='ocr_carea' id='block_1_51' title="bbox 323 2865 549 2937">
    <p class='ocr_par' dir='ltr' id='par_1_51' title="bbox 323 2865 549 2937">
     <span class='ocr_line' id='line_1_51' title="bbox 323 2865 549 2937; baseline 0.004 -20"><span class='ocrx_word' id='word_1_315' title='bbox 323 2865 549 2937; x_wconf 49' lang='lat' dir='ltr'><strong>peravit.</strong></span> 
     </span>
    </p>
   </div>
   <div class='ocr_carea' id='block_1_52' title="bbox 399 2938 1899 3025">
    <p class='ocr_par' dir='ltr' id='par_1_52' title="bbox 399 2948 1897 3025">
     <span class='ocr_line' id='line_1_52' title="bbox 399 2948 1897 3025; baseline -0.007 -14"><span class='ocrx_word' id='word_1_316' title='bbox 399 2958 464 3012; x_wconf 93' lang='lat' dir='ltr'><strong>Ut</strong></span> <span class='ocrx_word' id='word_1_317' title='bbox 487 2955 681 3025; x_wconf 84' lang='lat' dir='ltr'><strong>aurigo</strong></span> <span class='ocrx_word' id='word_1_318' title='bbox 704 2966 924 3008; x_wconf 85' lang='lat' dir='ltr'><strong>sensum</strong></span> <span class='ocrx_word' id='word_1_319' title='bbox 953 2949 1197 3020; x_wconf 90' lang='lat' dir='ltr'><strong>corporis</strong></span> <span class='ocrx_word' id='word_1_320' title='bbox 1224 2948 1414 3003; x_wconf 88' lang='lat' dir='ltr'><strong>adimit</strong></span> <span class='ocrx_word' id='word_1_321' title='bbox 1442 2967 1457 3017; x_wconf 88' lang='lat'><strong>;</strong></span> <span class='ocrx_word' id='word_1_322' title='bbox 1492 2949 1573 3005; x_wconf 83' lang='lat' dir='ltr'><strong>sic</strong></span> <span class='ocrx_word' id='word_1_323' title='bbox 1590 2948 1897 3004; x_wconf 74' lang='lat' dir='ltr'><strong>animiscit-</strong></span> 
     </span>
    </p>
   </div>
   <div class='ocr_carea' id='block_1_53' title="bbox 2023 2938 3593 3025">
    <p class='ocr_par' dir='ltr' id='par_1_53' title="bbox 2071 2951 3593 3025">
     <span class='ocr_line' id='line_1_53' title="bbox 2071 2951 3593 3025; baseline 0.003 -19"><span class='ocrx_word' id='word_1_324' title='bbox 2071 2951 2335 3025; x_wconf 80' lang='grc' dir='ltr'>Αίσθησιν</span> <span class='ocrx_word' id='word_1_325' title='bbox 2388 2952 2490 3023; x_wconf 81' lang='grc' dir='ltr'>μὲν</span> <span class='ocrx_word' id='word_1_326' title='bbox 2540 2952 2794 3022; x_wconf 86' lang='grc' dir='ltr'>σώματος</span> <span class='ocrx_word' id='word_1_327' title='bbox 2824 2951 3139 3023; x_wconf 75' lang='grc' dir='ltr'>ἀφαιρεῖται</span> <span class='ocrx_word' id='word_1_328' title='bbox 3190 2952 3446 3025; x_wconf 81' lang='grc' dir='ltr'>ῐκτερος·</span> <span class='ocrx_word' id='word_1_329' title='bbox 3496 2956 3593 3010; x_wconf 72' lang='grc' dir='ltr'>ατο</span> 
     </span>
    </p>
   </div>
   <div class='ocr_carea' id='block_1_54' title="bbox 321 3042 1899 3115">
    <p class='ocr_par' dir='ltr' id='par_1_54' title="bbox 321 3045 714 3103">
     <span class='ocr_line' id='line_1_54' title="bbox 321 3045 714 3103; baseline -0.01 0"><span class='ocrx_word' id='word_1_330' title='bbox 321 3063 443 3103; x_wconf 87' lang='lat' dir='ltr'><strong>sum</strong></span> <span class='ocrx_word' id='word_1_331' title='bbox 478 3045 714 3100; x_wconf 88' lang='lat' dir='ltr'><strong>tristitia.</strong></span> 
     </span>
    </p>
   </div>
   <div class='ocr_carea' id='block_1_55' title="bbox 2023 3042 3024 3115">
    <p class='ocr_par' dir='ltr' id='par_1_55' title="bbox 2023 3042 3024 3115">
     <span class='ocr_line' id='line_1_55' title="bbox 2023 3042 3024 3115; baseline 0.001 -19"><span class='ocrx_word' id='word_1_332' title='bbox 2023 3044 2193 3115; x_wconf 71' lang='grc' dir='ltr'>πθησιν</span> <span class='ocrx_word' id='word_1_333' title='bbox 2219 3043 2274 3096; x_wconf 82' lang='grc' dir='ltr'>δὲ</span> <span class='ocrx_word' id='word_1_334' title='bbox 2296 3043 2476 3113; x_wconf 76' lang='grc' dir='ltr'>ψυχῆς</span> <span class='ocrx_word' id='word_1_335' title='bbox 2506 3044 2821 3115; x_wconf 81' lang='grc' dir='ltr'>ἀφαιρεῖται</span> <span class='ocrx_word' id='word_1_336' title='bbox 2854 3042 3024 3115; x_wconf 89' lang='grc' dir='ltr'>λύπη.</span> 
     </span>
    </p>
   </div>
   <div class='ocr_carea' id='block_1_56' title="bbox 393 3129 1899 3205">
    <p class='ocr_par' dir='ltr' id='par_1_56' title="bbox 393 3129 1899 3204">
     <span class='ocr_line' id='line_1_56' title="bbox 393 3129 1899 3204; baseline -0.003 -14"><span class='ocrx_word' id='word_1_337' title='bbox 393 3136 569 3204; x_wconf 84' lang='lat' dir='ltr'><strong>Quem</strong></span> <span class='ocrx_word' id='word_1_338' title='bbox 610 3133 797 3189; x_wconf 87' lang='lat' dir='ltr'><strong>mundi</strong></span> <span class='ocrx_word' id='word_1_339' title='bbox 865 3142 1113 3201; x_wconf 73' lang='lat' dir='ltr'><strong>voluptas</strong></span> <span class='ocrx_word' id='word_1_340' title='bbox 1178 3146 1285 3185; x_wconf 91' lang='lat' dir='ltr'><strong>non</strong></span> <span class='ocrx_word' id='word_1_341' title='bbox 1324 3129 1535 3197; x_wconf 82' lang='lat' dir='ltr'><strong>vicerit,</strong></span> <span class='ocrx_word' id='word_1_342' title='bbox 1597 3132 1743 3186; x_wconf 91' lang='lat' dir='ltr'><strong>hunc</strong></span> <span class='ocrx_word' id='word_1_343' title='bbox 1799 3147 1899 3186; x_wconf 88' lang='lat' dir='ltr'><strong>nec</strong></span> 
     </span>
    </p>
   </div>
   <div class='ocr_carea' id='block_1_57' title="bbox 2023 3129 3595 3205">
    <p class='ocr_par' dir='ltr' id='par_1_57' title="bbox 2076 3133 3595 3205">
     <span class='ocr_line' id='line_1_57' title="bbox 2076 3133 3595 3205; baseline 0.003 -17"><span class='ocrx_word' id='word_1_344' title='bbox 2076 3137 2171 3188; x_wconf 88' lang='grc' dir='ltr'>Ὃν</span> <span class='ocrx_word' id='word_1_345' title='bbox 2236 3134 2336 3204; x_wconf 85' lang='grc' dir='ltr'>ούχ</span> <span class='ocrx_word' id='word_1_346' title='bbox 2385 3136 2620 3205; x_wconf 78' lang='grc' dir='ltr'>ἥττησεν</span> <span class='ocrx_word' id='word_1_347' title='bbox 2681 3133 2843 3204; x_wconf 79' lang='grc' dir='ltr'>ἡδονὴ</span> <span class='ocrx_word' id='word_1_348' title='bbox 2900 3134 3174 3205; x_wconf 81' lang='grc' dir='ltr'>κοσμικὴ,</span> <span class='ocrx_word' id='word_1_349' title='bbox 3220 3135 3412 3189; x_wconf 76' lang='grc' dir='ltr'>τοῦτον</span> <span class='ocrx_word' id='word_1_350' title='bbox 3460 3138 3595 3193; x_wconf 71' lang='grc' dir='ltr'>οὒδδ</span> 
     </span>
    </p>
   </div>
   <div class='ocr_carea' id='block_1_58' title="bbox 325 3218 1899 3301">
    <p class='ocr_par' dir='ltr' id='par_1_58' title="bbox 325 3218 1899 3290">
     <span class='ocr_line' id='line_1_58' title="bbox 325 3218 1899 3290; baseline -0.002 -11"><span class='ocrx_word' id='word_1_351' title='bbox 325 3239 529 3280; x_wconf 73' lang='lat' dir='ltr'><strong>interor</strong></span> <span class='ocrx_word' id='word_1_352' title='bbox 569 3225 770 3277; x_wconf 89' lang='lat' dir='ltr'><strong>vincet.</strong></span> <span class='ocrx_word' id='word_1_353' title='bbox 803 3220 938 3275; x_wconf 81' lang='lat' dir='ltr'><strong>Nam</strong></span> <span class='ocrx_word' id='word_1_354' title='bbox 969 3222 1062 3290; x_wconf 88' lang='lat' dir='ltr'><strong>qui</strong></span> <span class='ocrx_word' id='word_1_355' title='bbox 1092 3220 1237 3274; x_wconf 89' lang='lat' dir='ltr'><strong>illam</strong></span> <span class='ocrx_word' id='word_1_356' title='bbox 1274 3218 1496 3290; x_wconf 76' lang='lat' dir='ltr'><strong>fugerit,</strong></span> <span class='ocrx_word' id='word_1_357' title='bbox 1517 3220 1644 3276; x_wconf 88' lang='lat' dir='ltr'><strong>huic</strong></span> <span class='ocrx_word' id='word_1_358' title='bbox 1676 3220 1899 3276; x_wconf 86' lang='lat' dir='ltr'><strong>minime</strong></span> 
     </span>
    </p>
   </div>
   <div class='ocr_carea' id='block_1_59' title="bbox 2023 3218 3591 3301">
    <p class='ocr_par' dir='ltr' id='par_1_59' title="bbox 2023 3225 3591 3301">
     <span class='ocr_line' id='line_1_59' title="bbox 2023 3225 3591 3301; baseline 0.003 -22"><span class='ocrx_word' id='word_1_359' title='bbox 2023 3226 2165 3297; x_wconf 85' lang='grc' dir='ltr'>.ύπη.</span> <span class='ocrx_word' id='word_1_360' title='bbox 2204 3226 2425 3296; x_wconf 80' lang='grc' dir='ltr'>Φεύγων</span> <span class='ocrx_word' id='word_1_361' title='bbox 2457 3225 2565 3296; x_wconf 80' lang='grc' dir='ltr'>γὰρ</span> <span class='ocrx_word' id='word_1_362' title='bbox 2600 3226 2817 3297; x_wconf 75' lang='grc' dir='ltr'>εκείνην</span> <span class='ocrx_word' id='word_1_363' title='bbox 2850 3226 2911 3279; x_wconf 77' lang='grc' dir='ltr'><strong>ού</strong></span> <span class='ocrx_word' id='word_1_364' title='bbox 2948 3226 2991 3257; x_wconf 72' lang='grc'>⁸⁸</span> <span class='ocrx_word' id='word_1_365' title='bbox 3024 3226 3230 3299; x_wconf 77' lang='grc' dir='ltr'>ταύτης</span> <span class='ocrx_word' id='word_1_366' title='bbox 3258 3230 3318 3283; x_wconf 86' lang='grc' dir='ltr'><strong>ού</strong></span> <span class='ocrx_word' id='word_1_367' title='bbox 3362 3246 3591 3301; x_wconf 75' lang='grc' dir='ltr'>κρατηο</span> 
     </span>
    </p>
   </div>
   <div class='ocr_carea' id='block_1_60' title="bbox 325 3317 1899 3389">
    <p class='ocr_par' dir='ltr' id='par_1_60' title="bbox 325 3317 498 3370">
     <span class='ocr_line' id='line_1_60' title="bbox 325 3317 498 3370; baseline 0 -2"><span class='ocrx_word' id='word_1_368' title='bbox 325 3317 498 3370; x_wconf 69' lang='lat' dir='ltr'><strong>rodet.</strong></span> 
     </span>
    </p>
   </div>
   <div class='ocr_carea' id='block_1_61' title="bbox 2023 3317 2247 3389">
    <p class='ocr_par' dir='ltr' id='par_1_61' title="bbox 2023 3320 2247 3389">
     <span class='ocr_line' id='line_1_61' title="bbox 2023 3320 2247 3389; baseline 0.013 -20"><span class='ocrx_word' id='word_1_369' title='bbox 2023 3320 2247 3389; x_wconf 61' lang='grc' dir='ltr'>ἰήσεται.</span> 
     </span>
    </p>
   </div>
   <div class='ocr_carea' id='block_1_62' title="bbox 403 3401 1899 3482">
    <p class='ocr_par' dir='ltr' id='par_1_62' title="bbox 403 3401 1897 3475">
     <span class='ocr_line' id='line_1_62' title="bbox 403 3401 1897 3475; baseline -0.003 -16"><span class='ocrx_word' id='word_1_370' title='bbox 403 3404 613 3475; x_wconf 74' lang='lat' dir='ltr'><strong>Vipera:</strong></span> <span class='ocrx_word' id='word_1_371' title='bbox 674 3402 1171 3469; x_wconf 85' lang='lat' dir='ltr'><strong>medicamentum,</strong></span> <span class='ocrx_word' id='word_1_372' title='bbox 1224 3402 1270 3457; x_wconf 87' lang='lat' dir='ltr'><strong>si</strong></span> <span class='ocrx_word' id='word_1_373' title='bbox 1324 3413 1489 3472; x_wconf 87' lang='lat' dir='ltr'><strong>parce</strong></span> <span class='ocrx_word' id='word_1_374' title='bbox 1542 3401 1897 3464; x_wconf 87' lang='lat' dir='ltr'><strong>adhibeatur,</strong></span> 
     </span>
    </p>
   </div>
   <div class='ocr_carea' id='block_1_63' title="bbox 2023 3401 3580 3482">
    <p class='ocr_par' dir='ltr' id='par_1_63' title="bbox 2074 3408 3580 3482">
     <span class='ocr_line' id='line_1_63' title="bbox 2074 3408 3580 3482; baseline 0.001 -21"><span class='ocrx_word' id='word_1_375' title='bbox 2074 3409 2147 3462; x_wconf 74' lang='grc' dir='ltr'><strong>Τὸ</strong></span> <span class='ocrx_word' id='word_1_376' title='bbox 2172 3410 2465 3481; x_wconf 74' lang='grc' dir='ltr'>φάρμακον</span> <span class='ocrx_word' id='word_1_377' title='bbox 2489 3408 2589 3479; x_wconf 77' lang='grc' dir='ltr'><strong>τῆς</strong></span> <span class='ocrx_word' id='word_1_378' title='bbox 2618 3408 2854 3479; x_wconf 68' lang='grc' dir='ltr'>ἐχίδνης,</span> <span class='ocrx_word' id='word_1_379' title='bbox 2882 3409 3123 3482; x_wconf 82' lang='grc' dir='ltr'>μετρίως</span> <span class='ocrx_word' id='word_1_380' title='bbox 3151 3411 3240 3482; x_wconf 68' lang='grc' dir='ltr'>μὲν</span> <span class='ocrx_word' id='word_1_381' title='bbox 3263 3412 3580 3481; x_wconf 75' lang='grc' dir='ltr'>προσφερό-</span> 
     </span>
    </p>
   </div>
   <div class='ocr_carea' id='block_1_64' title="bbox 324 3495 1899 3571">
    <p class='ocr_par' dir='ltr' id='par_1_64' title="bbox 324 3495 1897 3565">
     <span class='ocr_line' id='line_1_64' title="bbox 324 3495 1897 3565; baseline -0.006 -10"><span class='ocrx_word' id='word_1_382' title='bbox 324 3499 553 3555; x_wconf 70' lang='lat' dir='ltr'><strong>aliorum</strong></span> <span class='ocrx_word' id='word_1_383' title='bbox 586 3504 896 3565; x_wconf 84' lang='lat' dir='ltr'><strong>serpentum</strong></span> <span class='ocrx_word' id='word_1_384' title='bbox 937 3509 1141 3549; x_wconf 89' lang='lat' dir='ltr'><strong>venena</strong></span> <span class='ocrx_word' id='word_1_385' title='bbox 1189 3495 1531 3563; x_wconf 82' lang='lat' dir='ltr'><strong>corrumpit;</strong></span> <span class='ocrx_word' id='word_1_386' title='bbox 1582 3495 1666 3549; x_wconf 90' lang='lat' dir='ltr'><strong>sin</strong></span> <span class='ocrx_word' id='word_1_387' title='bbox 1716 3507 1897 3548; x_wconf 88' lang='lat' dir='ltr'><strong>autem</strong></span> 
     </span>
    </p>
   </div>
   <div class='ocr_carea' id='block_1_65' title="bbox 2023 3495 3575 3571">
    <p class='ocr_par' dir='ltr' id='par_1_65' title="bbox 2023 3499 3575 3571">
     <span class='ocr_line' id='line_1_65' title="bbox 2023 3499 3575 3571; baseline 0.001 -19"><span class='ocrx_word' id='word_1_388' title='bbox 2023 3516 2187 3563; x_wconf 83' lang='grc' dir='ltr'>ιενον,</span> <span class='ocrx_word' id='word_1_389' title='bbox 2216 3499 2517 3570; x_wconf 78' lang='grc' dir='ltr'>διαφθείρει</span> <span class='ocrx_word' id='word_1_390' title='bbox 2546 3499 2673 3562; x_wconf 71' lang='grc' dir='ltr'>τοὺς</span> <span class='ocrx_word' id='word_1_391' title='bbox 2710 3502 2822 3564; x_wconf 76' lang='grc' dir='ltr'>ἰοὺς</span> <span class='ocrx_word' id='word_1_392' title='bbox 2852 3500 2960 3554; x_wconf 80' lang='grc' dir='ltr'><strong>τῶν</strong></span> <span class='ocrx_word' id='word_1_393' title='bbox 2985 3501 3164 3557; x_wconf 81' lang='grc' dir='ltr'>ἄλλων</span> <span class='ocrx_word' id='word_1_394' title='bbox 3191 3501 3399 3571; x_wconf 76' lang='grc' dir='ltr'>θηρίων,</span> <span class='ocrx_word' id='word_1_395' title='bbox 3433 3502 3575 3571; x_wconf 75' lang='grc' dir='ltr'><strong>ἁμέ·</strong></span> 
     </span>
    </p>
   </div>
   <div class='ocr_carea' id='block_1_66' title="bbox 2064 2044 3599 2118">
    <p class='ocr_par' dir='ltr' id='par_1_66' title="bbox 2064 2044 3599 2118">
     <span class='ocr_line' id='line_1_66' title="bbox 2064 2044 3599 2118; baseline 0.001 -20"><span class='ocrx_word' id='word_1_396' title='bbox 2064 2046 2248 2115; x_wconf 84' lang='grc' dir='ltr'>Λύπη.</span> <span class='ocrx_word' id='word_1_397' title='bbox 2300 2044 2516 2114; x_wconf 79' lang='grc' dir='ltr'>σκώληξ</span> <span class='ocrx_word' id='word_1_398' title='bbox 2557 2044 2805 2118; x_wconf 86' lang='grc' dir='ltr'>καρδίας,</span> <span class='ocrx_word' id='word_1_399' title='bbox 2854 2046 2933 2106; x_wconf 85' lang='grc' dir='ltr'><strong>είς</strong></span> <span class='ocrx_word' id='word_1_400' title='bbox 2971 2045 3170 2117; x_wconf 76' lang='grc' dir='ltr'>ἑαυτὴν</span> <span class='ocrx_word' id='word_1_401' title='bbox 3203 2045 3444 2101; x_wconf 71' lang='grc' dir='ltr'>ἕλκουσα</span> <span class='ocrx_word' id='word_1_402' title='bbox 3490 2047 3599 2101; x_wconf 72' lang='grc' dir='ltr'><strong>καὶ</strong></span> 
     </span>
    </p>
   </div>
   <div class='ocr_carea' id='block_1_67' title="bbox 1996 2137 2621 2209">
    <p class='ocr_par' dir='ltr' id='par_1_67' title="bbox 1996 2137 2621 2209">
     <span class='ocr_line' id='line_1_67' title="bbox 1996 2137 2621 2209; baseline 0.003 -20"><span class='ocrx_word' id='word_1_403' title='bbox 1996 2137 2325 2209; x_wconf 81' lang='grc' dir='ltr'>περισπῶσα</span> <span class='ocrx_word' id='word_1_404' title='bbox 2354 2138 2445 2191; x_wconf 84' lang='grc' dir='ltr'><strong>τὸν</strong></span> <span class='ocrx_word' id='word_1_405' title='bbox 2474 2137 2621 2191; x_wconf 82' lang='grc' dir='ltr'>νοῦν.</span> 
     </span>
    </p>
   </div>
   <div class='ocr_carea' id='block_1_68' title="bbox 2079 2228 3592 2303">
    <p class='ocr_par' dir='ltr' id='par_1_68' title="bbox 2079 2228 3592 2303">
     <span class='ocr_line' id='line_1_68' title="bbox 2079 2228 3592 2303; baseline 0.001 -22"><span class='ocrx_word' id='word_1_406' title='bbox 2079 2229 2136 2281; x_wconf 87' lang='grc' dir='ltr'>Ὀ</span> <span class='ocrx_word' id='word_1_407' title='bbox 2178 2228 2520 2298; x_wconf 84' lang='grc' dir='ltr'>λυπούμενος</span> <span class='ocrx_word' id='word_1_408' title='bbox 2572 2228 2631 2282; x_wconf 87' lang='grc' dir='ltr'><strong>ού</strong></span> <span class='ocrx_word' id='word_1_409' title='bbox 2668 2229 2881 2300; x_wconf 83' lang='grc' dir='ltr'>κινήσει</span> <span class='ocrx_word' id='word_1_410' title='bbox 2921 2228 3013 2282; x_wconf 80' lang='grc' dir='ltr'><strong>τὸν</strong></span> <span class='ocrx_word' id='word_1_411' title='bbox 3048 2228 3170 2282; x_wconf 83' lang='grc' dir='ltr'>νούν</span> <span class='ocrx_word' id='word_1_412' title='bbox 3204 2230 3285 2293; x_wconf 83' lang='grc' dir='ltr'><strong>είς</strong></span> <span class='ocrx_word' id='word_1_413' title='bbox 3314 2229 3592 2303; x_wconf 77' lang='grc' dir='ltr'>θεωρίαν,</span> 
     </span>
    </p>
   </div>
   <div class='ocr_carea' id='block_1_69' title="bbox 1995 2319 3598 2394">
    <p class='ocr_par' dir='ltr' id='par_1_69' title="bbox 1995 2319 3598 2394">
     <span class='ocr_line' id='line_1_69' title="bbox 1995 2319 3598 2394; baseline -0.001 -20"><span class='ocrx_word' id='word_1_414' title='bbox 1995 2320 2117 2374; x_wconf 78' lang='grc' dir='ltr'>οὐδὲ</span> <span class='ocrx_word' id='word_1_415' title='bbox 2157 2321 2461 2392; x_wconf 78' lang='grc' dir='ltr'>προσευχὴν</span> <span class='ocrx_word' id='word_1_416' title='bbox 2510 2319 2833 2389; x_wconf 82' lang='grc' dir='ltr'>ἀναπέμπει</span> <span class='ocrx_word' id='word_1_417' title='bbox 2866 2319 3132 2391; x_wconf 80' lang='grc' dir='ltr'>καθαράν.</span> <span class='ocrx_word' id='word_1_418' title='bbox 3174 2320 3238 2374; x_wconf 79' lang='grc' dir='ltr'><strong>Ἦ</strong></span> <span class='ocrx_word' id='word_1_419' title='bbox 3271 2319 3421 2394; x_wconf 74' lang='grc' dir='ltr'>λύπη</span> <span class='ocrx_word' id='word_1_420' title='bbox 3476 2324 3598 2394; x_wconf 71' lang='grc' dir='ltr'><strong>γὰρ</strong></span> 
     </span>
    </p>
   </div>
   <div class='ocr_carea' id='block_1_70' title="bbox 1998 2411 2971 2485">
    <p class='ocr_par' dir='ltr' id='par_1_70' title="bbox 1998 2411 2971 2485">
     <span class='ocr_line' id='line_1_70' title="bbox 1998 2411 2971 2485; baseline 0 -17"><span class='ocrx_word' id='word_1_421' title='bbox 1998 2414 2259 2485; x_wconf 79' lang='grc' dir='ltr'>ἐμπόδιον</span> <span class='ocrx_word' id='word_1_422' title='bbox 2295 2414 2497 2475; x_wconf 78' lang='grc' dir='ltr'>παντὸς</span> <span class='ocrx_word' id='word_1_423' title='bbox 2527 2411 2971 2481; x_wconf 82' lang='grc' dir='ltr'>κατορθώματος.</span> 
     </span>
    </p>
   </div>
   <div class='ocr_carea' id='block_1_71' title="bbox 2067 2587 3593 2665">
    <p class='ocr_par' dir='ltr' id='par_1_71' title="bbox 2067 2587 3593 2665">
     <span class='ocr_line' id='line_1_71' title="bbox 2067 2587 3593 2665; baseline 0 -20"><span class='ocrx_word' id='word_1_424' title='bbox 2067 2591 2179 2645; x_wconf 86' lang='grc' dir='ltr'>Ούκ</span> <span class='ocrx_word' id='word_1_425' title='bbox 2215 2589 2388 2661; x_wconf 72' lang='grc' dir='ltr'>ἰσχύει</span> <span class='ocrx_word' id='word_1_426' title='bbox 2414 2588 2583 2660; x_wconf 92' lang='grc' dir='ltr'>λύπη,</span> <span class='ocrx_word' id='word_1_427' title='bbox 2621 2589 2694 2660; x_wconf 77' lang='grc' dir='ltr'>μὴ</span> <span class='ocrx_word' id='word_1_428' title='bbox 2726 2589 3012 2661; x_wconf 85' lang='grc' dir='ltr'>παρόντων</span> <span class='ocrx_word' id='word_1_429' title='bbox 3042 2587 3252 2645; x_wconf 83' lang='grc' dir='ltr'>παθῶν.</span> <span class='ocrx_word' id='word_1_430' title='bbox 3280 2587 3445 2662; x_wconf 81' lang='grc' dir='ltr'>Δύπη</span> <span class='ocrx_word' id='word_1_431' title='bbox 3477 2592 3593 2665; x_wconf 69' lang='grc' dir='ltr'>γὰρ</span> 
     </span>
    </p>
   </div>
   <div class='ocr_carea' id='block_1_72' title="bbox 1997 2677 3590 2754">
    <p class='ocr_par' dir='ltr' id='par_1_72' title="bbox 1997 2677 3590 2754">
     <span class='ocr_line' id='line_1_72' title="bbox 1997 2677 3590 2754; baseline 0.001 -20"><span class='ocrx_word' id='word_1_432' title='bbox 1997 2683 2188 2738; x_wconf 85' lang='grc' dir='ltr'>παθῶν</span> <span class='ocrx_word' id='word_1_433' title='bbox 2235 2682 2456 2754; x_wconf 76' lang='grc' dir='ltr'>ἔλεγχος</span> <span class='ocrx_word' id='word_1_434' title='bbox 2508 2682 2765 2753; x_wconf 71' lang='grc' dir='ltr'>ἀψευδής.</span> <span class='ocrx_word' id='word_1_435' title='bbox 2832 2683 2893 2735; x_wconf 86' lang='grc'><strong>’0</strong></span> <span class='ocrx_word' id='word_1_436' title='bbox 2938 2680 3157 2752; x_wconf 85' lang='grc' dir='ltr'>κρατῶν</span> <span class='ocrx_word' id='word_1_437' title='bbox 3205 2677 3300 2737; x_wconf 79' lang='grc' dir='ltr'><strong>οὖν</strong></span> <span class='ocrx_word' id='word_1_438' title='bbox 3363 2682 3590 2747; x_wconf 78' lang='grc' dir='ltr'>παθῶν,</span> 
     </span>
    </p>
   </div>
   <div class='ocr_carea' id='block_1_73' title="bbox 1999 2775 2502 2848">
    <p class='ocr_par' dir='ltr' id='par_1_73' title="bbox 1999 2775 2502 2848">
     <span class='ocr_line' id='line_1_73' title="bbox 1999 2775 2502 2848; baseline -0.004 -17"><span class='ocrx_word' id='word_1_439' title='bbox 1999 2776 2270 2848; x_wconf 76' lang='grc' dir='ltr'>ἐκράτησε</span> <span class='ocrx_word' id='word_1_440' title='bbox 2304 2775 2502 2846; x_wconf 80' lang='grc' dir='ltr'>λύπης.</span> 
     </span>
    </p>
   </div>
   <div class='ocr_carea' id='block_1_74' title="bbox 327 3587 1900 3657">
    <p class='ocr_par' dir='ltr' id='par_1_74' title="bbox 327 3587 1900 3657">
     <span class='ocr_line' id='line_1_74' title="bbox 327 3587 1900 3657; baseline -0.004 -11"><span class='ocrx_word' id='word_1_441' title='bbox 327 3594 467 3646; x_wconf 85' lang='lat' dir='ltr'><strong>ultra</strong></span> <span class='ocrx_word' id='word_1_442' title='bbox 498 3588 721 3644; x_wconf 80' lang='lat' dir='ltr'><strong>modum</strong></span> <span class='ocrx_word' id='word_1_443' title='bbox 762 3587 1064 3652; x_wconf 89' lang='lat' dir='ltr'><strong>hauriatur,</strong></span> <span class='ocrx_word' id='word_1_444' title='bbox 1089 3587 1361 3641; x_wconf 88' lang='lat' dir='ltr'><strong>bibentem</strong></span> <span class='ocrx_word' id='word_1_445' title='bbox 1417 3602 1635 3657; x_wconf 87' lang='lat' dir='ltr'><strong>quoque</strong></span> <span class='ocrx_word' id='word_1_446' title='bbox 1676 3587 1900 3656; x_wconf 82' lang='lat' dir='ltr'><strong>insuper</strong></span> 
     </span>
    </p>
   </div>
   <div class='ocr_carea' id='block_1_75' title="bbox 328 3676 1900 3744">
    <p class='ocr_par' dir='ltr' id='par_1_75' title="bbox 328 3676 1900 3744">
     <span class='ocr_line' id='line_1_75' title="bbox 328 3676 1900 3744; baseline -0.006 -7"><span class='ocrx_word' id='word_1_447' title='bbox 328 3694 509 3737; x_wconf 72' lang='lat' dir='ltr'><strong>necat.</strong></span> <span class='ocrx_word' id='word_1_448' title='bbox 551 3678 922 3737; x_wconf 83' lang='lat' dir='ltr'><strong>Consimiliter</strong></span> <span class='ocrx_word' id='word_1_449' title='bbox 962 3676 1195 3732; x_wconf 66' lang='lat' dir='ltr'><strong>tristitia:</strong></span> <span class='ocrx_word' id='word_1_450' title='bbox 1247 3679 1481 3744; x_wconf 71' lang='lat' dir='ltr'><strong>daemon,</strong></span> <span class='ocrx_word' id='word_1_451' title='bbox 1511 3678 1557 3732; x_wconf 85' lang='lat' dir='ltr'><strong>si</strong></span> <span class='ocrx_word' id='word_1_452' title='bbox 1608 3677 1900 3731; x_wconf 86' lang='lat' dir='ltr'><strong>mediocri-</strong></span> 
     </span>
    </p>
   </div>
   <div class='ocr_carea' id='block_1_76' title="bbox 328 3769 1901 3839">
    <p class='ocr_par' dir='ltr' id='par_1_76' title="bbox 328 3769 1901 3839">
     <span class='ocr_line' id='line_1_76' title="bbox 328 3769 1901 3839; baseline -0.003 -12"><span class='ocrx_word' id='word_1_453' title='bbox 328 3785 410 3827; x_wconf 79' lang='lat' dir='ltr'><strong>ter</strong></span> <span class='ocrx_word' id='word_1_454' title='bbox 443 3775 707 3837; x_wconf 78' lang='lat' dir='ltr'><strong>incurrat,</strong></span> <span class='ocrx_word' id='word_1_455' title='bbox 738 3769 1076 3839; x_wconf 86' lang='lat' dir='ltr'><strong>voluptatum</strong></span> <span class='ocrx_word' id='word_1_456' title='bbox 1111 3784 1348 3832; x_wconf 89' lang='lat' dir='ltr'><strong>amores,</strong></span> <span class='ocrx_word' id='word_1_457' title='bbox 1392 3770 1484 3839; x_wconf 89' lang='lat' dir='ltr'><strong>qui</strong></span> <span class='ocrx_word' id='word_1_458' title='bbox 1518 3771 1584 3823; x_wconf 88' lang='lat' dir='ltr'><strong>ab</strong></span> <span class='ocrx_word' id='word_1_459' title='bbox 1613 3769 1739 3823; x_wconf 89' lang='lat' dir='ltr'><strong>aliis</strong></span> <span class='ocrx_word' id='word_1_460' title='bbox 1795 3769 1901 3823; x_wconf 67' lang='lat' dir='ltr'><strong>dal-</strong></span> 
     </span>
    </p>
   </div>
   <div class='ocr_carea' id='block_1_77' title="bbox 328 3859 1901 3937">
    <p class='ocr_par' dir='ltr' id='par_1_77' title="bbox 328 3859 1901 3937">
     <span class='ocr_line' id='line_1_77' title="bbox 328 3859 1901 3937; baseline -0.011 -7"><span class='ocrx_word' id='word_1_461' title='bbox 328 3876 582 3931; x_wconf 86' lang='lat' dir='ltr'><strong>mouihus</strong></span> <span class='ocrx_word' id='word_1_462' title='bbox 611 3872 1002 3935; x_wconf 87' lang='lat' dir='ltr'><strong>immittuntur,</strong></span> <span class='ocrx_word' id='word_1_463' title='bbox 1037 3866 1383 3937; x_wconf 75' lang='lat' dir='ltr'><strong>exstinguit;</strong></span> <span class='ocrx_word' id='word_1_464' title='bbox 1414 3864 1498 3919; x_wconf 90' lang='lat' dir='ltr'><strong>sin</strong></span> <span class='ocrx_word' id='word_1_465' title='bbox 1543 3876 1670 3915; x_wconf 84' lang='lat' dir='ltr'><strong>vero</strong></span> <span class='ocrx_word' id='word_1_466' title='bbox 1736 3859 1901 3914; x_wconf 85' lang='lat' dir='ltr'><strong>vehe-</strong></span> 
     </span>
    </p>
   </div>
   <div class='ocr_carea' id='block_1_78' title="bbox 330 3954 1768 4033">
    <p class='ocr_par' dir='ltr' id='par_1_78' title="bbox 330 3954 1768 4033">
     <span class='ocr_line' id='line_1_78' title="bbox 330 3954 1768 4033; baseline -0.01 -14"><span class='ocrx_word' id='word_1_467' title='bbox 330 3968 564 4019; x_wconf 81' lang='lat' dir='ltr'><strong>mentius</strong></span> <span class='ocrx_word' id='word_1_468' title='bbox 600 3965 886 4033; x_wconf 88' lang='lat' dir='ltr'><strong>irrumpat,</strong></span> <span class='ocrx_word' id='word_1_469' title='bbox 915 3963 1171 4016; x_wconf 84' lang='lat' dir='ltr'><strong>miseram</strong></span> <span class='ocrx_word' id='word_1_470' title='bbox 1210 3959 1449 4012; x_wconf 90' lang='lat' dir='ltr'><strong>animam</strong></span> <span class='ocrx_word' id='word_1_471' title='bbox 1483 3954 1768 4023; x_wconf 80' lang='lat' dir='ltr'><strong>demergit.</strong></span> 
     </span>
    </p>
   </div>
   <div class='ocr_carea' id='block_1_79' title="bbox 356 4045 1902 4126">
    <p class='ocr_par' dir='ltr' id='par_1_79' title="bbox 356 4045 1902 4126">
     <span class='ocr_line' id='line_1_79' title="bbox 356 4045 1902 4126; baseline -0.006 -15"><span class='ocrx_word' id='word_1_472' title='bbox 356 4045 363 4055; x_wconf 70' lang='grc'><em>’</em></span> <span class='ocrx_word' id='word_1_473' title='bbox 396 4056 603 4110; x_wconf 81' lang='lat' dir='ltr'><strong>Aurum</strong></span> <span class='ocrx_word' id='word_1_474' title='bbox 635 4055 941 4126; x_wconf 78' lang='lat' dir='ltr'><strong>ltilpl‘obtiltl</strong></span> <span class='ocrx_word' id='word_1_475' title='bbox 967 4053 1159 4108; x_wconf 79' lang='lat' dir='ltr'><strong>fornax</strong></span> <span class='ocrx_word' id='word_1_476' title='bbox 1195 4060 1387 4121; x_wconf 83' lang='lat' dir='ltr'><strong>purgat</strong></span> <span class='ocrx_word' id='word_1_477' title='bbox 1412 4066 1426 4115; x_wconf 91' lang='lat'><strong>;</strong></span> <span class='ocrx_word' id='word_1_478' title='bbox 1450 4056 1504 4103; x_wconf 86' lang='lat' dir='ltr'><strong>et</strong></span> <span class='ocrx_word' id='word_1_479' title='bbox 1534 4048 1751 4101; x_wconf 84' lang='lat' dir='ltr'><strong>tristitia</strong></span> <span class='ocrx_word' id='word_1_480' title='bbox 1780 4061 1902 4117; x_wconf 71' lang='lat' dir='ltr'><strong>qua:</strong></span> 
     </span>
    </p>
   </div>
   <div class='ocr_carea' id='block_1_80' title="bbox 331 4142 1615 4210">
    <p class='ocr_par' dir='ltr' id='par_1_80' title="bbox 331 4142 1615 4210">
     <span class='ocr_line' id='line_1_80' title="bbox 331 4142 1615 4210; baseline -0.007 -7"><span class='ocrx_word' id='word_1_481' title='bbox 331 4149 627 4203; x_wconf 82' lang='lat' dir='ltr'><strong>secundum</strong></span> <span class='ocrx_word' id='word_1_482' title='bbox 663 4146 832 4201; x_wconf 87' lang='lat' dir='ltr'><strong>Deum</strong></span> <span class='ocrx_word' id='word_1_483' title='bbox 869 4155 975 4210; x_wconf 86' lang='lat' dir='ltr'><strong>est,</strong></span> <span class='ocrx_word' id='word_1_484' title='bbox 1009 4161 1103 4201; x_wconf 90' lang='lat' dir='ltr'><strong>eor</strong></span> <span class='ocrx_word' id='word_1_485' title='bbox 1159 4142 1615 4198; x_wconf 88' lang='lat' dir='ltr'><strong>contaminatum.</strong></span> 
     </span>
    </p>
   </div>
   <div class='ocr_carea' id='block_1_81' title="bbox 2002 3591 3583 3665">
    <p class='ocr_par' dir='ltr' id='par_1_81' title="bbox 2002 3591 3583 3665">
     <span class='ocr_line' id='line_1_81' title="bbox 2002 3591 3583 3665; baseline 0.001 -21"><span class='ocrx_word' id='word_1_486' title='bbox 2002 3609 2145 3663; x_wconf 86' lang='grc' dir='ltr'>τρως</span> <span class='ocrx_word' id='word_1_487' title='bbox 2174 3592 2231 3645; x_wconf 79' lang='grc' dir='ltr'>δὲ</span> <span class='ocrx_word' id='word_1_488' title='bbox 2265 3593 2572 3663; x_wconf 84' lang='grc' dir='ltr'>πινόμενον,</span> <span class='ocrx_word' id='word_1_489' title='bbox 2598 3592 2692 3645; x_wconf 75' lang='grc' dir='ltr'>καὶ</span> <span class='ocrx_word' id='word_1_490' title='bbox 2720 3592 2811 3645; x_wconf 78' lang='grc' dir='ltr'><strong>τὸν</strong></span> <span class='ocrx_word' id='word_1_491' title='bbox 2844 3592 3068 3647; x_wconf 86' lang='grc' dir='ltr'>πίνοντα</span> <span class='ocrx_word' id='word_1_492' title='bbox 3097 3591 3583 3665; x_wconf 73' lang='grc' dir='ltr'>προσδιαφθείρειο</span> 
     </span>
    </p>
   </div>
   <div class='ocr_carea' id='block_1_82' title="bbox 2004 3680 3593 3756">
    <p class='ocr_par' dir='ltr' id='par_1_82' title="bbox 2004 3680 3593 3756">
     <span class='ocr_line' id='line_1_82' title="bbox 2004 3680 3593 3756; baseline 0.001 -19"><span class='ocrx_word' id='word_1_493' title='bbox 2004 3685 2098 3737; x_wconf 82' lang='grc' dir='ltr'><strong>καί</strong></span> <span class='ocrx_word' id='word_1_494' title='bbox 2127 3687 2154 3736; x_wconf 84' lang='grc' dir='ltr'>ὁ</span> <span class='ocrx_word' id='word_1_495' title='bbox 2184 3684 2281 3754; x_wconf 81' lang='grc' dir='ltr'>τῆς</span> <span class='ocrx_word' id='word_1_496' title='bbox 2310 3680 2490 3753; x_wconf 86' lang='grc' dir='ltr'>λύπης</span> <span class='ocrx_word' id='word_1_497' title='bbox 2538 3684 2771 3754; x_wconf 87' lang='grc' dir='ltr'>δαίμων,</span> <span class='ocrx_word' id='word_1_498' title='bbox 2832 3684 3071 3756; x_wconf 84' lang='grc' dir='ltr'>μετρίως</span> <span class='ocrx_word' id='word_1_499' title='bbox 3125 3686 3225 3755; x_wconf 80' lang='grc' dir='ltr'>μὲν</span> <span class='ocrx_word' id='word_1_500' title='bbox 3271 3685 3593 3754; x_wconf 67' lang='grc' dir='ltr'>ἐμπίπτων,</span> 
     </span>
    </p>
   </div>
   <div class='ocr_carea' id='block_1_83' title="bbox 2003 3774 3597 3846">
    <p class='ocr_par' dir='ltr' id='par_1_83' title="bbox 2003 3774 3597 3846">
     <span class='ocr_line' id='line_1_83' title="bbox 2003 3774 3597 3846; baseline -0.001 -16"><span class='ocrx_word' id='word_1_501' title='bbox 2003 3778 2217 3846; x_wconf 86' lang='grc' dir='ltr'>ἀναιρεί</span> <span class='ocrx_word' id='word_1_502' title='bbox 2248 3775 2345 3838; x_wconf 78' lang='grc' dir='ltr'>τὰς</span> <span class='ocrx_word' id='word_1_503' title='bbox 2374 3775 2486 3829; x_wconf 86' lang='grc' dir='ltr'><strong>ἀπὸ</strong></span> <span class='ocrx_word' id='word_1_504' title='bbox 2520 3774 2624 3828; x_wconf 87' lang='grc' dir='ltr'><strong>τῶν</strong></span> <span class='ocrx_word' id='word_1_505' title='bbox 2645 3776 2823 3829; x_wconf 77' lang='grc' dir='ltr'>ἄλλων</span> <span class='ocrx_word' id='word_1_506' title='bbox 2864 3775 3131 3845; x_wconf 84' lang='grc' dir='ltr'>δαιμόνων</span> <span class='ocrx_word' id='word_1_507' title='bbox 3157 3777 3438 3846; x_wconf 83' lang='grc' dir='ltr'>ὲνιεμένας</span> <span class='ocrx_word' id='word_1_508' title='bbox 3466 3777 3597 3845; x_wconf 77' lang='grc' dir='ltr'>φιλ-</span> 
     </span>
    </p>
   </div>
   <div class='ocr_carea' id='block_1_84' title="bbox 2003 3858 3596 3939">
    <p class='ocr_par' dir='ltr' id='par_1_84' title="bbox 2003 3858 3596 3939">
     <span class='ocr_line' id='line_1_84' title="bbox 2003 3858 3596 3939; baseline 0.003 -20"><span class='ocrx_word' id='word_1_509' title='bbox 2003 3866 2244 3937; x_wconf 74' lang='grc' dir='ltr'>ηδονίας,</span> <span class='ocrx_word' id='word_1_510' title='bbox 2288 3863 2643 3939; x_wconf 76' lang='grc' dir='ltr'>σφοδρότερον</span> <span class='ocrx_word' id='word_1_511' title='bbox 2682 3866 2741 3921; x_wconf 77' lang='grc' dir='ltr'>δὲ</span> <span class='ocrx_word' id='word_1_512' title='bbox 2808 3865 3154 3937; x_wconf 76' lang='grc' dir='ltr'>προσϐαλὼν,</span> <span class='ocrx_word' id='word_1_513' title='bbox 3201 3858 3596 3932; x_wconf 72' lang='grc' dir='ltr'>καταποντίζει</span> 
     </span>
    </p>
   </div>
   <div class='ocr_carea' id='block_1_85' title="bbox 2001 3958 2548 4030">
    <p class='ocr_par' dir='ltr' id='par_1_85' title="bbox 2001 3958 2548 4030">
     <span class='ocr_line' id='line_1_85' title="bbox 2001 3958 2548 4030; baseline 0.002 -18"><span class='ocrx_word' id='word_1_514' title='bbox 2001 3959 2100 4030; x_wconf 78' lang='grc' dir='ltr'><strong>τὴν</strong></span> <span class='ocrx_word' id='word_1_515' title='bbox 2133 3958 2320 4012; x_wconf 80' lang='grc' dir='ltr'>ἀθλίαν</span> <span class='ocrx_word' id='word_1_516' title='bbox 2348 3958 2548 4028; x_wconf 78' lang='grc' dir='ltr'>ψυχήν.</span> 
     </span>
    </p>
   </div>
   <div class='ocr_carea' id='block_1_86' title="bbox 2073 4047 3592 4126">
    <p class='ocr_par' dir='ltr' id='par_1_86' title="bbox 2073 4047 3592 4126">
     <span class='ocr_line' id='line_1_86' title="bbox 2073 4047 3592 4126; baseline 0.001 -23"><span class='ocrx_word' id='word_1_517' title='bbox 2073 4050 2360 4118; x_wconf 79' lang='grc' dir='ltr'>Ἀδόκιμον</span> <span class='ocrx_word' id='word_1_518' title='bbox 2383 4048 2601 4119; x_wconf 86' lang='grc' dir='ltr'>χρυσὸν,</span> <span class='ocrx_word' id='word_1_519' title='bbox 2625 4047 2867 4118; x_wconf 78' lang='grc' dir='ltr'>ἐκάθηρε</span> <span class='ocrx_word' id='word_1_520' title='bbox 2900 4048 3290 4119; x_wconf 78' lang='grc' dir='ltr'>χωνευτήριον,</span> <span class='ocrx_word' id='word_1_521' title='bbox 3312 4049 3410 4103; x_wconf 77' lang='grc' dir='ltr'><strong>καὶ</strong></span> <span class='ocrx_word' id='word_1_522' title='bbox 3440 4051 3592 4126; x_wconf 77' lang='grc' dir='ltr'>λύπη</span> 
     </span>
    </p>
   </div>
   <div class='ocr_carea' id='block_1_87' title="bbox 2003 4140 3081 4212">
    <p class='ocr_par' dir='ltr' id='par_1_87' title="bbox 2003 4140 3081 4212">
     <span class='ocr_line' id='line_1_87' title="bbox 2003 4140 3081 4212; baseline -0.001 -16"><span class='ocrx_word' id='word_1_523' title='bbox 2003 4143 2145 4196; x_wconf 73' lang='grc' dir='ltr'>κατὰ</span> <span class='ocrx_word' id='word_1_524' title='bbox 2177 4142 2329 4207; x_wconf 85' lang='grc' dir='ltr'>Θεὸν,</span> <span class='ocrx_word' id='word_1_525' title='bbox 2372 4141 2602 4212; x_wconf 86' lang='grc' dir='ltr'>καρδίαν</span> <span class='ocrx_word' id='word_1_526' title='bbox 2636 4140 3081 4211; x_wconf 82' lang='grc' dir='ltr'>μεμολυσμὲνην.</span> 
     </span>
    </p>
   </div>
   <div class='ocr_carea' id='block_1_88' title="bbox 404 4222 1899 4326">
    <p class='ocr_par' dir='ltr' id='par_1_88' title="bbox 404 4228 1899 4307">
     <span class='ocr_line' id='line_1_88' title="bbox 404 4228 1899 4307; baseline -0.009 -13"><span class='ocrx_word' id='word_1_527' title='bbox 404 4241 573 4294; x_wconf 63' lang='lat' dir='ltr'><strong>Nimia</strong></span> <span class='ocrx_word' id='word_1_528' title='bbox 614 4240 884 4307; x_wconf 87' lang='lat' dir='ltr'><strong>lignorum</strong></span> <span class='ocrx_word' id='word_1_529' title='bbox 938 4237 1218 4306; x_wconf 86' lang='lat' dir='ltr'><strong>congeries</strong></span> <span class='ocrx_word' id='word_1_530' title='bbox 1248 4235 1518 4287; x_wconf 77' lang='lat' dir='ltr'><strong>[laminam</strong></span> <span class='ocrx_word' id='word_1_531' title='bbox 1552 4228 1818 4293; x_wconf 68' lang='lat' dir='ltr'><strong>suli‘ocat;</strong></span> <span class='ocrx_word' id='word_1_532' title='bbox 1848 4238 1899 4282; x_wconf 91' lang='lat' dir='ltr'><strong>et</strong></span> 
     </span>
    </p>
   </div>
   <div class='ocr_carea' id='block_1_89' title="bbox 2023 4222 3592 4326">
    <p class='ocr_par' dir='ltr' id='par_1_89' title="bbox 2078 4222 3592 4306">
     <span class='ocr_line' id='line_1_89' title="bbox 2078 4222 3592 4306; baseline -0.005 -18"><span class='ocrx_word' id='word_1_533' title='bbox 2078 4222 2287 4305; x_wconf 78' lang='grc' dir='ltr'>Πλῆθος</span> <span class='ocrx_word' id='word_1_534' title='bbox 2318 4230 2511 4300; x_wconf 79' lang='grc' dir='ltr'>ξύλων,</span> <span class='ocrx_word' id='word_1_535' title='bbox 2548 4232 2842 4303; x_wconf 84' lang='grc' dir='ltr'>συμπνίγει</span> <span class='ocrx_word' id='word_1_536' title='bbox 2889 4233 3082 4302; x_wconf 81' lang='grc' dir='ltr'>φλόγα,</span> <span class='ocrx_word' id='word_1_537' title='bbox 3116 4232 3211 4286; x_wconf 81' lang='grc' dir='ltr'>καὶ</span> <span class='ocrx_word' id='word_1_538' title='bbox 3235 4233 3417 4305; x_wconf 87' lang='grc' dir='ltr'>λύπης</span> <span class='ocrx_word' id='word_1_539' title='bbox 3452 4237 3592 4306; x_wconf 80' lang='grc' dir='ltr'>ἁμε-</span> 
     </span>
    </p>
   </div>
   <div class='ocr_carea' id='block_1_90' title="bbox 333 4322 1898 4398">
    <p class='ocr_par' dir='ltr' id='par_1_90' title="bbox 333 4322 1898 4398">
     <span class='ocr_line' id='line_1_90' title="bbox 333 4322 1898 4398; baseline -0.004 -16"><span class='ocrx_word' id='word_1_540' title='bbox 333 4329 547 4384; x_wconf 75' lang='lat' dir='ltr'><strong>tristitia</strong></span> <span class='ocrx_word' id='word_1_541' title='bbox 588 4328 877 4383; x_wconf 87' lang='lat' dir='ltr'><strong>immodica</strong></span> <span class='ocrx_word' id='word_1_542' title='bbox 915 4328 1183 4398; x_wconf 82' lang='lat' dir='ltr'><strong>lacrymas</strong></span> <span class='ocrx_word' id='word_1_543' title='bbox 1200 4326 1391 4387; x_wconf 80' lang='lat' dir='ltr'><strong>siccat,</strong></span> <span class='ocrx_word' id='word_1_544' title='bbox 1418 4324 1714 4379; x_wconf 82' lang='lat' dir='ltr'><strong>fumantem</strong></span> <span class='ocrx_word' id='word_1_545' title='bbox 1753 4322 1898 4376; x_wconf 87' lang='lat' dir='ltr'><strong>vide-</strong></span> 
     </span>
    </p>
   </div>
   <div class='ocr_carea' id='block_1_91' title="bbox 332 4415 1470 4475">
    <p class='ocr_par' dir='ltr' id='par_1_91' title="bbox 332 4415 1470 4475">
     <span class='ocr_line' id='line_1_91' title="bbox 332 4415 1470 4475; baseline -0.006 -1"><span class='ocrx_word' id='word_1_546' title='bbox 332 4423 452 4475; x_wconf 82' lang='lat' dir='ltr'><strong>lieet</strong></span> <span class='ocrx_word' id='word_1_547' title='bbox 481 4434 545 4474; x_wconf 90' lang='lat' dir='ltr'><strong>ac</strong></span> <span class='ocrx_word' id='word_1_548' title='bbox 575 4417 914 4473; x_wconf 87' lang='lat' dir='ltr'><strong>tenebrosam</strong></span> <span class='ocrx_word' id='word_1_549' title='bbox 946 4417 1180 4471; x_wconf 86' lang='lat' dir='ltr'><strong>animam</strong></span> <span class='ocrx_word' id='word_1_550' title='bbox 1222 4415 1470 4469; x_wconf 86' lang='lat' dir='ltr'><strong>reddens.</strong></span> 
     </span>
    </p>
   </div>
   <div class='ocr_carea' id='block_1_92' title="bbox 995 4531 1301 4587">
    <p class='ocr_par' dir='ltr' id='par_1_92' title="bbox 995 4531 1301 4587">
     <span class='ocr_line' id='line_1_92' title="bbox 995 4531 1301 4587; baseline -0.013 0"><span class='ocrx_word' id='word_1_551' title='bbox 995 4532 1066 4587; x_wconf 87' lang='lat' dir='ltr'><strong>De</strong></span> <span class='ocrx_word' id='word_1_552' title='bbox 1100 4531 1301 4586; x_wconf 79' lang='lat' dir='ltr'><strong>acedia.</strong></span> 
     </span>
    </p>
   </div>
   <div class='ocr_carea' id='block_1_93' title="bbox 403 4638 1897 4717">
    <p class='ocr_par' dir='ltr' id='par_1_93' title="bbox 403 4638 1897 4717">
     <span class='ocr_line' id='line_1_93' title="bbox 403 4638 1897 4717; baseline -0.007 -14"><span class='ocrx_word' id='word_1_553' title='bbox 403 4648 636 4717; x_wconf 82' lang='lat' dir='ltr'><strong>Spiritus</strong></span> <span class='ocrx_word' id='word_1_554' title='bbox 677 4644 877 4701; x_wconf 79' lang='lat' dir='ltr'><strong>acediae</strong></span> <span class='ocrx_word' id='word_1_555' title='bbox 938 4642 1170 4697; x_wconf 80' lang='lat' dir='ltr'><strong>tristitiae</strong></span> <span class='ocrx_word' id='word_1_556' title='bbox 1215 4640 1465 4709; x_wconf 89' lang='lat' dir='ltr'><strong>spiritum</strong></span> <span class='ocrx_word' id='word_1_557' title='bbox 1531 4638 1826 4694; x_wconf 88' lang='lat' dir='ltr'><strong>comitatur</strong></span> <span class='ocrx_word' id='word_1_558' title='bbox 1879 4653 1897 4693; x_wconf 90' lang='lat'><strong>:</strong></span> 
     </span>
    </p>
   </div>
   <div class='ocr_carea' id='block_1_94' title="bbox 332 4731 1899 4806">
    <p class='ocr_par' dir='ltr' id='par_1_94' title="bbox 332 4731 1899 4806">
     <span class='ocr_line' id='line_1_94' title="bbox 332 4731 1899 4806; baseline -0.006 -14"><span class='ocrx_word' id='word_1_559' title='bbox 332 4756 458 4797; x_wconf 67' lang='lat' dir='ltr'><strong>acer</strong></span> <span class='ocrx_word' id='word_1_560' title='bbox 487 4749 666 4793; x_wconf 86' lang='lat' dir='ltr'><strong>autem</strong></span> <span class='ocrx_word' id='word_1_561' title='bbox 699 4735 936 4806; x_wconf 87' lang='lat' dir='ltr'><strong>atquein</strong></span> <span class='ocrx_word' id='word_1_562' title='bbox 972 4734 1161 4804; x_wconf 91' lang='lat' dir='ltr'><strong>primis</strong></span> <span class='ocrx_word' id='word_1_563' title='bbox 1192 4734 1372 4802; x_wconf 88' lang='lat' dir='ltr'><strong>gravis</strong></span> <span class='ocrx_word' id='word_1_564' title='bbox 1421 4742 1504 4787; x_wconf 90' lang='lat' dir='ltr'><strong>est</strong></span> <span class='ocrx_word' id='word_1_565' title='bbox 1536 4732 1623 4786; x_wconf 89' lang='lat' dir='ltr'><strong>hic</strong></span> <span class='ocrx_word' id='word_1_566' title='bbox 1666 4731 1899 4793; x_wconf 64' lang='lat' dir='ltr'><strong>datinon,</strong></span> 
     </span>
    </p>
   </div>
   <div class='ocr_carea' id='block_1_95' title="bbox 331 4822 1899 4898">
    <p class='ocr_par' dir='ltr' id='par_1_95' title="bbox 331 4822 1899 4898">
     <span class='ocr_line' id='line_1_95' title="bbox 331 4822 1899 4898; baseline -0.007 -15"><span class='ocrx_word' id='word_1_567' title='bbox 331 4844 651 4898; x_wconf 82' lang='lat' dir='ltr'><strong>semperque</strong></span> <span class='ocrx_word' id='word_1_568' title='bbox 687 4826 970 4881; x_wconf 73' lang='lat' dir='ltr'><strong>monachis</strong></span> <span class='ocrx_word' id='word_1_569' title='bbox 1007 4825 1275 4878; x_wconf 78' lang='lat' dir='ltr'><strong>infestus:</strong></span> <span class='ocrx_word' id='word_1_570' title='bbox 1327 4824 1419 4891; x_wconf 90' lang='lat' dir='ltr'><strong>qui</strong></span> <span class='ocrx_word' id='word_1_571' title='bbox 1471 4823 1773 4892; x_wconf 68' lang='lat' dir='ltr'><strong>praesertim</strong></span> <span class='ocrx_word' id='word_1_572' title='bbox 1835 4822 1899 4873; x_wconf 87' lang='lat' dir='ltr'><strong>ad</strong></span> 
     </span>
    </p>
   </div>
   <div class='ocr_carea' id='block_1_96' title="bbox 332 4912 1903 4981">
    <p class='ocr_par' dir='ltr' id='par_1_96' title="bbox 332 4912 1903 4981">
     <span class='ocr_line' id='line_1_96' title="bbox 332 4912 1903 4981; baseline -0.005 -9"><span class='ocrx_word' id='word_1_573' title='bbox 332 4932 539 4973; x_wconf 68' lang='lat' dir='ltr'><strong>sextam</strong></span> <span class='ocrx_word' id='word_1_574' title='bbox 575 4920 763 4971; x_wconf 90' lang='lat' dir='ltr'><strong>horam</strong></span> <span class='ocrx_word' id='word_1_575' title='bbox 789 4916 1071 4980; x_wconf 84' lang='lat' dir='ltr'><strong>adoritur;</strong></span> <span class='ocrx_word' id='word_1_576' title='bbox 1110 4915 1251 4968; x_wconf 92' lang='lat' dir='ltr'><strong>unde</strong></span> <span class='ocrx_word' id='word_1_577' title='bbox 1279 4913 1612 4967; x_wconf 86' lang='lat' dir='ltr'><strong>meridianus</strong></span> <span class='ocrx_word' id='word_1_578' title='bbox 1664 4912 1903 4981; x_wconf 85' lang='lat' dir='ltr'><strong>appella-</strong></span> 
     </span>
    </p>
   </div>
   <div class='ocr_carea' id='block_1_97' title="bbox 334 5002 1899 5077">
    <p class='ocr_par' dir='ltr' id='par_1_97' title="bbox 334 5002 1899 5077">
     <span class='ocr_line' id='line_1_97' title="bbox 334 5002 1899 5077; baseline -0.006 -13"><span class='ocrx_word' id='word_1_579' title='bbox 334 5024 421 5064; x_wconf 88' lang='lat' dir='ltr'><strong>tur</strong></span> <span class='ocrx_word' id='word_1_580' title='bbox 452 5022 499 5065; x_wconf 73' lang='grc' dir='ltr'><strong>ο.</strong></span> <span class='ocrx_word' id='word_1_581' title='bbox 531 5007 821 5063; x_wconf 89' lang='lat' dir='ltr'><strong>llorrorem</strong></span> <span class='ocrx_word' id='word_1_582' title='bbox 849 5015 902 5061; x_wconf 90' lang='lat' dir='ltr'><strong>et</strong></span> <span class='ocrx_word' id='word_1_583' title='bbox 924 5008 1239 5077; x_wconf 82' lang='lat' dir='ltr'><strong>languorem</strong></span> <span class='ocrx_word' id='word_1_584' title='bbox 1271 5002 1444 5068; x_wconf 83' lang='lat' dir='ltr'><strong>all‘ert,</strong></span> <span class='ocrx_word' id='word_1_585' title='bbox 1469 5004 1762 5071; x_wconf 85' lang='lat' dir='ltr'><strong>odiumque</strong></span> <span class='ocrx_word' id='word_1_586' title='bbox 1786 5011 1899 5055; x_wconf 93' lang='lat' dir='ltr'><strong>tum</strong></span> 
     </span>
    </p>
   </div>
   <div class='ocr_carea' id='block_1_98' title="bbox 405 5177 1399 5249">
    <p class='ocr_par' dir='ltr' id='par_1_98' title="bbox 405 5177 1399 5249">
     <span class='ocr_line' id='line_1_98' title="bbox 405 5177 1399 5249; baseline -0.008 -11"><span class='ocrx_word' id='word_1_587' title='bbox 405 5185 430 5226; x_wconf 70' lang='grc' dir='ltr'>Ιι</span> <span class='ocrx_word' id='word_1_588' title='bbox 464 5184 503 5238; x_wconf 71' lang='grc'><strong>11</strong></span> <span class='ocrx_word' id='word_1_589' title='bbox 533 5182 661 5239; x_wconf 78' lang='lat' dir='ltr'><strong>Cor.</strong></span> <span class='ocrx_word' id='word_1_590' title='bbox 698 5199 789 5249; x_wconf 82' lang='lat' dir='ltr'><strong>vn,</strong></span> <span class='ocrx_word' id='word_1_591' title='bbox 828 5180 911 5236; x_wconf 88' lang='lat' dir='ltr'><strong>l0.</strong></span> <span class='ocrx_word' id='word_1_592' title='bbox 991 5194 1012 5218; x_wconf 72' lang='grc' dir='ltr'>υ</span> <span class='ocrx_word' id='word_1_593' title='bbox 1052 5180 1190 5233; x_wconf 81' lang='lat' dir='ltr'><strong>l’sal.</strong></span> <span class='ocrx_word' id='word_1_594' title='bbox 1235 5194 1319 5242; x_wconf 71' lang='lat' dir='ltr'><strong>xc,</strong></span> <span class='ocrx_word' id='word_1_595' title='bbox 1346 5177 1399 5230; x_wconf 82' lang='grc'><strong>6.</strong></span> 
     </span>
    </p>
   </div>
   <div class='ocr_carea' id='block_1_99' title="bbox 2007 4323 3591 4399">
    <p class='ocr_par' dir='ltr' id='par_1_99' title="bbox 2007 4323 3591 4399">
     <span class='ocr_line' id='line_1_99' title="bbox 2007 4323 3591 4399; baseline 0.001 -20"><span class='ocrx_word' id='word_1_596' title='bbox 2007 4325 2152 4397; x_wconf 81' lang='grc' dir='ltr'>τρία,</span> <span class='ocrx_word' id='word_1_597' title='bbox 2185 4324 2429 4396; x_wconf 74' lang='grc' dir='ltr'>ξηραίνει</span> <span class='ocrx_word' id='word_1_598' title='bbox 2470 4324 2726 4395; x_wconf 76' lang='grc' dir='ltr'>δάκρυον,</span> <span class='ocrx_word' id='word_1_599' title='bbox 2762 4323 3022 4395; x_wconf 85' lang='grc' dir='ltr'>καπνώδη</span> <span class='ocrx_word' id='word_1_600' title='bbox 3054 4324 3145 4377; x_wconf 61' lang='grc' dir='ltr'><strong>καί⁵</strong></span> <span class='ocrx_word' id='word_1_601' title='bbox 3173 4326 3461 4398; x_wconf 76' lang='grc' dir='ltr'>σκοτεινὴν</span> <span class='ocrx_word' id='word_1_602' title='bbox 3488 4331 3591 4399; x_wconf 68' lang='grc' dir='ltr'>τὴν</span> 
     </span>
    </p>
   </div>
   <div class='ocr_carea' id='block_1_100' title="bbox 2004 4415 2653 4490">
    <p class='ocr_par' dir='ltr' id='par_1_100' title="bbox 2004 4415 2653 4490">
     <span class='ocr_line' id='line_1_100' title="bbox 2004 4415 2653 4490; baseline -0.002 -18"><span class='ocrx_word' id='word_1_603' title='bbox 2004 4418 2178 4489; x_wconf 71' lang='grc' dir='ltr'>ψυχὴν</span> <span class='ocrx_word' id='word_1_604' title='bbox 2208 4415 2653 4490; x_wconf 77' lang='grc' dir='ltr'>ἀπεργαζομένη.</span> 
     </span>
    </p>
   </div>
   <div class='ocr_carea' id='block_1_101' title="bbox 2564 4530 3015 4598">
    <p class='ocr_par' dir='ltr' id='par_1_101' title="bbox 2564 4530 3015 4598">
     <span class='ocr_line' id='line_1_101' title="bbox 2564 4530 3015 4598; baseline 0 -13"><span class='ocrx_word' id='word_1_605' title='bbox 2564 4530 2703 4598; x_wconf 79' lang='grc' dir='ltr'>Περὶ</span> <span class='ocrx_word' id='word_1_606' title='bbox 2738 4530 3015 4598; x_wconf 74' lang='grc' dir='ltr'>ἁκηδίας.</span> 
     </span>
    </p>
   </div>
   <div class='ocr_carea' id='block_1_102' title="bbox 2075 4640 3589 4713">
    <p class='ocr_par' dir='ltr' id='par_1_102' title="bbox 2075 4640 3589 4713">
     <span class='ocr_line' id='line_1_102' title="bbox 2075 4640 3589 4713; baseline -0.001 -17"><span class='ocrx_word' id='word_1_607' title='bbox 2075 4644 2148 4696; x_wconf 73' lang='grc' dir='ltr'>Τὸ</span> <span class='ocrx_word' id='word_1_608' title='bbox 2169 4640 2389 4712; x_wconf 80' lang='grc' dir='ltr'>πνεῦμα</span> <span class='ocrx_word' id='word_1_609' title='bbox 2430 4642 2530 4710; x_wconf 86' lang='grc' dir='ltr'>τῆς</span> <span class='ocrx_word' id='word_1_610' title='bbox 2572 4641 2822 4712; x_wconf 76' lang='grc' dir='ltr'>ἀκηδίας,</span> <span class='ocrx_word' id='word_1_611' title='bbox 2859 4640 2936 4712; x_wconf 82' lang='grc' dir='ltr'>τῷ</span> <span class='ocrx_word' id='word_1_612' title='bbox 2983 4640 3252 4710; x_wconf 86' lang='grc' dir='ltr'>πνεύματι</span> <span class='ocrx_word' id='word_1_613' title='bbox 3271 4642 3371 4712; x_wconf 77' lang='grc' dir='ltr'>τῆς</span> <span class='ocrx_word' id='word_1_614' title='bbox 3406 4642 3589 4713; x_wconf 83' lang='grc' dir='ltr'>λύπης</span> 
     </span>
    </p>
   </div>
   <div class='ocr_carea' id='block_1_103' title="bbox 1998 4726 3590 4801">
    <p class='ocr_par' dir='ltr' id='par_1_103' title="bbox 1998 4726 3590 4801">
     <span class='ocr_line' id='line_1_103' title="bbox 1998 4726 3590 4801; baseline -0.002 -14"><span class='ocrx_word' id='word_1_615' title='bbox 1998 4733 2280 4788; x_wconf 79' lang='grc' dir='ltr'>ἀκολουθεῖ</span> <span class='ocrx_word' id='word_1_616' title='bbox 2301 4749 2315 4764; x_wconf 90' lang='grc'><strong>·</strong></span> <span class='ocrx_word' id='word_1_617' title='bbox 2344 4731 2518 4794; x_wconf 81' lang='grc' dir='ltr'>δεινὸς</span> <span class='ocrx_word' id='word_1_618' title='bbox 2550 4731 2607 4784; x_wconf 82' lang='grc' dir='ltr'>δὲ</span> <span class='ocrx_word' id='word_1_619' title='bbox 2632 4732 2724 4784; x_wconf 74' lang='grc' dir='ltr'><strong>καὶ</strong></span> <span class='ocrx_word' id='word_1_620' title='bbox 2753 4730 3061 4801; x_wconf 82' lang='grc' dir='ltr'>βαρύτατος</span> <span class='ocrx_word' id='word_1_621' title='bbox 3092 4726 3248 4793; x_wconf 77' lang='grc' dir='ltr'>οὗτος</span> <span class='ocrx_word' id='word_1_622' title='bbox 3287 4733 3317 4783; x_wconf 83' lang='grc'>6</span> <span class='ocrx_word' id='word_1_623' title='bbox 3346 4730 3590 4800; x_wconf 84' lang='grc' dir='ltr'>δαίμων,</span> 
     </span>
    </p>
   </div>
   <div class='ocr_carea' id='block_1_104' title="bbox 2000 4820 3592 4892">
    <p class='ocr_par' dir='ltr' id='par_1_104' title="bbox 2000 4820 3592 4892">
     <span class='ocr_line' id='line_1_104' title="bbox 2000 4820 3592 4892; baseline -0.001 -14"><span class='ocrx_word' id='word_1_624' title='bbox 2000 4828 2095 4879; x_wconf 67' lang='grc' dir='ltr'>καὶ</span> <span class='ocrx_word' id='word_1_625' title='bbox 2124 4828 2236 4887; x_wconf 81' lang='grc' dir='ltr'>τοῖς</span> <span class='ocrx_word' id='word_1_626' title='bbox 2273 4825 2529 4892; x_wconf 81' lang='grc' dir='ltr'>μοναχοῖς</span> <span class='ocrx_word' id='word_1_627' title='bbox 2560 4823 2646 4875; x_wconf 76' lang='grc' dir='ltr'>ἀεὶ</span> <span class='ocrx_word' id='word_1_628' title='bbox 2679 4821 2934 4891; x_wconf 82' lang='grc' dir='ltr'>πολεμῶν</span> <span class='ocrx_word' id='word_1_629' title='bbox 2958 4838 2971 4850; x_wconf 91' lang='grc'><strong>·</strong></span> <span class='ocrx_word' id='word_1_630' title='bbox 3002 4821 3061 4885; x_wconf 74' lang='grc' dir='ltr'>ὃς</span> <span class='ocrx_word' id='word_1_631' title='bbox 3092 4822 3257 4891; x_wconf 75' lang='grc' dir='ltr'>ἕκτην</span> <span class='ocrx_word' id='word_1_632' title='bbox 3282 4820 3436 4892; x_wconf 85' lang='grc' dir='ltr'>ὤραν</span> <span class='ocrx_word' id='word_1_633' title='bbox 3466 4823 3592 4877; x_wconf 60' lang='grc' dir='ltr'>ἐπι-</span> 
     </span>
    </p>
   </div>
   <div class='ocr_carea' id='block_1_105' title="bbox 2000 4911 3594 4985">
    <p class='ocr_par' dir='ltr' id='par_1_105' title="bbox 2000 4911 3594 4985">
     <span class='ocr_line' id='line_1_105' title="bbox 2000 4911 3594 4985; baseline 0.002 -19"><span class='ocrx_word' id='word_1_634' title='bbox 2000 4916 2205 4967; x_wconf 80' lang='grc' dir='ltr'>τίθεται</span> <span class='ocrx_word' id='word_1_635' title='bbox 2231 4912 2468 4982; x_wconf 76' lang='grc' dir='ltr'>μάλιστα</span> <span class='ocrx_word' id='word_1_636' title='bbox 2489 4929 2503 4944; x_wconf 91' lang='grc'><strong>·</strong></span> <span class='ocrx_word' id='word_1_637' title='bbox 2526 4911 2605 4965; x_wconf 79' lang='grc' dir='ltr'>διὸ</span> <span class='ocrx_word' id='word_1_638' title='bbox 2627 4914 2720 4965; x_wconf 76' lang='grc' dir='ltr'><strong>καὶ</strong></span> <span class='ocrx_word' id='word_1_639' title='bbox 2760 4929 2898 4983; x_wconf 88' lang='grc' dir='ltr'>μεση</span> <span class='ocrx_word' id='word_1_640' title='bbox 2909 4912 3133 4984; x_wconf 78' lang='grc' dir='ltr'>μϐρινὸς</span> <span class='ocrx_word' id='word_1_641' title='bbox 3154 4912 3403 4966; x_wconf 85' lang='grc' dir='ltr'>καλεῖται</span> <span class='ocrx_word' id='word_1_642' title='bbox 3424 4929 3441 4944; x_wconf 76' lang='grc'><strong><em>⁸</em></strong></span> <span class='ocrx_word' id='word_1_643' title='bbox 3464 4915 3594 4985; x_wconf 78' lang='grc' dir='ltr'>φρί-</span> 
     </span>
    </p>
   </div>
   <div class='ocr_carea' id='block_1_106' title="bbox 2002 5002 3589 5075">
    <p class='ocr_par' dir='ltr' id='par_1_106' title="bbox 2002 5002 3589 5075">
     <span class='ocr_line' id='line_1_106' title="bbox 2002 5002 3589 5075; baseline -0.001 -17"><span class='ocrx_word' id='word_1_644' title='bbox 2002 5023 2104 5075; x_wconf 67' lang='grc' dir='ltr'><strong>κην</strong></span> <span class='ocrx_word' id='word_1_645' title='bbox 2132 5003 2379 5065; x_wconf 71' lang='grc' dir='ltr'>ἐμποιῶν</span> <span class='ocrx_word' id='word_1_646' title='bbox 2418 5006 2511 5058; x_wconf 78' lang='grc' dir='ltr'><strong>καὶ</strong></span> <span class='ocrx_word' id='word_1_647' title='bbox 2556 5003 2792 5072; x_wconf 86' lang='grc' dir='ltr'>ἀτονίαν,</span> <span class='ocrx_word' id='word_1_648' title='bbox 2828 5005 2924 5055; x_wconf 77' lang='grc' dir='ltr'>καὶ</span> <span class='ocrx_word' id='word_1_649' title='bbox 2975 5004 3132 5070; x_wconf 81' lang='grc' dir='ltr'>μῖσος</span> <span class='ocrx_word' id='word_1_650' title='bbox 3165 5003 3303 5072; x_wconf 70' lang='grc' dir='ltr'>πρὸς</span> <span class='ocrx_word' id='word_1_651' title='bbox 3332 5002 3498 5057; x_wconf 71' lang='grc' dir='ltr'>αὐτόν</span> <span class='ocrx_word' id='word_1_652' title='bbox 3526 5022 3589 5057; x_wconf 85' lang='grc' dir='ltr'><strong>τε</strong></span> 
     </span>
    </p>
   </div>
   <div class='ocr_carea' id='block_1_107' title="bbox 1625 5354 2298 5413">
    <p class='ocr_par' dir='ltr' id='par_1_107' title="bbox 1625 5354 2298 5413">
     <span class='ocr_line' id='line_1_107' title="bbox 1625 5354 2298 5413; baseline -0.001 -2"><span class='ocrx_word' id='word_1_653' title='bbox 1625 5356 1855 5413; x_wconf 59' lang='grc' dir='ltr'><strong>ΥᾹΒΙᾸΞ</strong></span> <span class='ocrx_word' id='word_1_654' title='bbox 1892 5354 2298 5411; x_wconf 74' lang='lat' dir='ltr'><strong>LECTIONES.</strong></span> 
     </span>
    </p>
   </div>
   <div class='ocr_carea' id='block_1_108' title="bbox 372 5513 718 5567">
    <p class='ocr_par' dir='ltr' id='par_1_108' title="bbox 372 5513 718 5567">
     <span class='ocr_line' id='line_1_108' title="bbox 372 5513 718 5567; baseline 0 -2"><span class='ocrx_word' id='word_1_655' title='bbox 372 5513 448 5546; x_wconf 80' lang='grc'><strong>’⁸⁵</strong></span> <span class='ocrx_word' id='word_1_656' title='bbox 483 5514 566 5567; x_wconf 75' lang='grc' dir='ltr'><strong>Δί.</strong></span> <span class='ocrx_word' id='word_1_657' title='bbox 596 5514 718 5566; x_wconf 79' lang='grc' dir='ltr'>ύπό.</span> 
     </span>
    </p>
   </div>
  </div>
