3898 6196
368 425 500 492 1457

1673 431 1767 489 DE
1793 431 1979 490 ΟιΓΙῸ
2003 428 2155 489 Vl'l‘l
2171 431 2257 489 lS.

3463 424 3591 494 14:8

358 536 453 593 τὸν
474 535 659 600 τόπον,
702 537 795 590 καὶ
838 537 960 599 τοὺς
1004 534 1473 605 συνδιατρίϐοντας
1514 533 1797 601 ἀδελφοὺς,
1838 536 1931 587 καὶ

2073 534 2138 587 )ci
2190 531 2385 601 ipsius,
2412 539 2523 583 tum
2556 547 2660 583 una
2705 530 3162 585 commorantinm
3197 524 3599 597 fratrum,uec—

363 627 636 699 ρᾳθυμίαν
685 630 765 690 είς
807 629 975 699 εὑχὴν
1011 628 1106 680 καὶ
1152 626 1495 694 ἀνάγνωσιν
1536 625 1828 678 ὑποϐάλλει
1874 625 1932 680 δέ

360 714 651 787 λογισμοὺς
697 718 1081 790 μεταϐάσεως,
1119 717 1214 770 καὶ
1236 716 1417 769 τόπων
1451 716 1625 769 ἄλλων
1662 717 1756 769 καὶ
1787 716 1928 769 διαί-

361 824 458 876 της
484 808 648 878 ἄλλης
672 808 878 876 ἐνίησιν
915 807 1115 877 ἐρωτα,
1147 807 1243 859 καὶ
1276 805 1389 876 βίον
1408 805 1596 876 ἐτερον
1621 805 1932 876 ὑπογράφει

364 896 886 969 σωτηριωδέστερον,
918 895 1013 949 καὶ
1040 895 1216 948 πείθει
1241 893 1531 964 γινώσκειν
1552 894 1627 958 ὡς
1647 895 1929 950 ἀπολεῖται

366 984 441 1056 μὴ
491 984 755 1056 μεταϐὰς.
802 988 910 1041 Καὶ
969 986 1106 1057 πρὸς
1154 986 1367 1049 τούτοις
1423 989 1615 1039 πεῖναν
1662 986 1933 1055 ἐντίθησιν

279 1144 297 1163 ξ
363 1081 605 1149 ἀσυνήθη
634 1080 726 1132 καὶ
767 1078 1023 1148 διεγείρει
1067 1078 1165 1149 τὴν
1212 1077 1410 1149 ὄρεξιν.
1451 1076 1684 1131 Ἔπειτα
1714 1077 1806 1130 καὶ
1843 1077 1934 1130 λο-

363 1170 597 1238 γισμοὺς
625 1169 858 1237 εἰσάγει,
899 1169 1269 1240 παραϐάλλειν
1304 1169 1573 1237 ἀδελφοῖς,
1605 1169 1765 1239 χάριν
1794 1169 1938 1237 ὠφε-

364 1257 511 1319 λείας
558 1258 739 1328 δῆθεν,
778 1260 810 1329 ἢ
859 1260 1232 1330 ἐπισκέψεως*
1286 1262 1378 1314 καὶ
1426 1261 1640 1323 πείσας,
1700 1262 1932 1314 ἄστατον

366 1350 709 1403 ἀποδεικνύει
762 1352 858 1404 καὶ
900 1352 1199 1422 φιλήδονον,
1248 1356 1342 1406 καὶ
1395 1353 1629 1422 ῥεμϐὀν·
1680 1352 1775 1404 καὶ
1817 1350 1936 1403 κατ’

366 1438 563 1505 ὀλίγον,
606 1445 894 1511 κοσμικαῖς
935 1443 1183 1513 ἐνδεσμεί
1216 1444 1462 1514 φροντίσι
1495 1444 1589 1497 καὶ
1636 1442 1934 1512 ἀσχολίαις.

368 1532 429 1583 Εί
462 1531 517 1583 δὲ
548 1531 623 1602 μὴ
648 1533 864 1604 νικήσῃ,
898 1534 1069 1605 βαρὺν
1111 1535 1277 1588 ὖπνον
1313 1534 1616 1603 ἐφοπλίζει,
1647 1534 1740 1586 καὶ
1766 1550 1939 1586 κατα-

291 1691 297 1697 _
367 1619 663 1686 ϐαπτίζων,
698 1622 947 1675 ἐντεῦθεν
988 1628 1242 1696 πειρᾶται
1295 1624 1698 1695 περιγενέσθαι.
1759 1624 1938 1693 Προσ-

369 1710 492 1779 ήκει
518 1712 573 1764 δὲ
596 1712 682 1766 διὰ
712 1716 1018 1786 προσευχῆς
1038 1716 1198 1768 αὑτὸν
1214 1715 1563 1786 ἀνατρέπειν,
1579 1716 1673 1768 καὶ
1691 1713 1941 1781 ἀναγνώ-

371 1815 526 1864 σεως,
559 1802 653 1853 καὶ
681 1785 975 1875 ὑπομονῆς,
1007 1806 1101 1856 καὶ
1136 1806 1449 1875 καρτερίας,
1483 1806 1577 1858 καὶ
1611 1806 1817 1874 ἀποχῆς
1836 1807 1940 1873 ἀρ’

342 1936 345 1939 λ
370 1889 646 1960 γολογίας,
675 1893 771 1946 κοιλ⁵
798 1893 886 1947 διὰ
908 1894 1002 1947 τοῦ
1043 1894 1207 1963 ἔργου
1235 1895 1342 1947 τῶν
1368 1896 1586 1965 χειρῶν.

2036 638 2140 675 non
2195 621 2500 677 socordiam
2540 622 2591 674 in
2623 620 2875 690 precibus
2916 636 2979 676 ac
3036 620 3287 675 lectione.
3344 621 3422 674 Ad
3487 622 3597 678 haec

2040 716 2280 783 suggerit
2315 712 2668 783 cogitationes
2709 712 3069 781 migrationis,
3104 722 3157 767 et
3183 712 3411 767 aliorum
3447 714 3597 768 Iom-

2035 818 2155 856 rnm
2183 801 2514 870 alteriusque
2545 801 2777 855 instituti
2814 802 3057 855 immittit
3086 803 3434 872 cupiditatem
3464 822 3479 868 ;
3515 805 3602 858 itis

2034 893 2155 947 dem
2190 892 2349 947 aliam
2378 894 2542 947 vitam
2583 901 2641 947 ut
2666 891 2831 947 saluti
2868 894 3134 962 aptiorem
3170 894 3448 959 describit,
3487 911 3603 949 mo-

2036 995 2234 1054 netque
2288 996 2346 1038 ut
2381 986 2516 1038 sciat
2549 982 2693 1052 quod
2728 983 2829 1038 nisi
2856 984 3034 1038 locum
3078 986 3367 1039 mutaverit
3390 987 3599 1054 peritu-

2036 1091 2131 1129 rus
2162 1074 2249 1129 sit.
2289 1075 2553 1128 Praeterea
2595 1073 2829 1128 esuriem
2881 1067 3075 1144 'injicit
3107 1075 3508 1142 inconsuetam,
3549 1084 3605 1130 et
3639 1140 3643 1150 ἴ

2036 1166 2235 1220 excitat
2259 1165 2365 1220 cibi
2421 1164 2802 1233 appetentiam.
2860 1163 2988 1219 Dein
3034 1166 3197 1219 etiam
3246 1162 3642 1234 cogitationes:

2039 1257 2265 1320 inducit,
2297 1257 2549 1325 pergendi
2581 1256 2646 1309 ad
2684 1256 2898 1321 fratres,
2931 1257 3141 1311 scilicet
3196 1257 3443 1311 utilitatis
3476 1274 3605 1326 ergo

2040 1361 2102 1399 ac
2155 1344 2507 1398 visitationis.
2536 1343 2688 1409 Quod
2730 1359 2854 1397 cum
2905 1343 2980 1396 illi
3023 1344 3377 1412 persuaserit,
3436 1341 3604 1396 levem

2038 1447 2092 1492 et
2123 1437 2547 1499 inconstantem,
2585 1436 2919 1503 voluptatum
2963 1434 3296 1495 studiosum,
3325 1433 3607 1501 vagabuu-

2038 1527 2275 1594 dumque
2302 1527 2499 1590 reddit,
2528 1541 2592 1580 ac
2630 1525 2833 1578 sensim
2869 1522 3054 1577 mundi
3087 1522 3236 1578 curis
3286 1532 3339 1577 et
3373 1539 3609 1592 occupa-

2042 1615 2279 1669 tionibus
2313 1616 2515 1685 alligat.
2552 1614 2647 1668 Sin
2678 1622 2857 1666 autem
2884 1612 3166 1666 victoriam
3202 1612 3443 1666 obtinere
3505 1628 3607 1665 nev

2039 1705 2293 1774 quiverit,
2323 1719 2536 1773 gravem
2572 1717 2824 1757 somnum
2860 1701 3122 1755 adversus
3154 1716 3282 1755 eum
3330 1710 3524 1765 armat,
3556 1711 3611 1755 et

2043 1799 2392 1867 in‘nnergens,
2427 1797 2552 1850 inde
2585 1811 2845 1865 superare
2891 1795 3102 1849 nititur.
3152 1793 3379 1867 Oportet
3430 1804 3610 1848 autem

1973 1882 2014 1935 Β
2042 1908 2136 1961 per
2165 1892 2488 1955 orationem,
2520 1900 2573 1945 et
2604 1891 2916 1955 lectionem,
2953 1898 3009 1945 et
3038 1890 3389 1960 patientiam,
3419 1906 3485 1945 ac
3534 1901 3613 1945 tu-

370 1976 677 2044 lerantiam,
705 1989 867 2047 atque
899 1980 1291 2037 abstinentiam
1327 1982 1396 2037 ab
1432 1982 1582 2039 inani
1644 1993 1918 2044 sermone,
1958 1994 2023 2035 ac
2053 1979 2291 2054 denique
2320 1997 2416 2054 per
2441 1996 2703 2036 manuum
2731 1994 2871 2052 opus
2902 1989 2963 2035 et.
2989 1979 3228 2036 laborem
3286 1996 3411 2036 eum
3464 1996 3616 2038 ever-

373 2076 483 2124 tere
518 2084 581 2123 ac
609 2068 914 2140 proﬂigare.
986 2098 990 2102 ι
1765 2140 1771 2145 _

452 2163 674 2232 Ἀκηδία
708 2165 855 2216 ἐστὶν
893 2166 1079 2218 ἀτονία
1118 2167 1297 2236 ψυχῆς
1333 2168 1434 2221 οὑκ
1476 2168 1705 2238 ἐχούσης
1737 2184 1938 2239 καρτε-

374 2253 498 2323 ρίαν
525 2268 539 2282 ⁸
575 2252 607 2322 ἢ
640 2254 903 2323 ὀλιγωρία
941 2256 1118 2326 ψυχῆς
1143 2257 1409 2329 νοσούσης
1437 2259 1767 2329 φιληδονίαν.

443 2367 691 2439 Νεφέλην
731 2369 958 2439 ἄνυδρον
1009 2369 1209 2440 ἄνεμος
1253 2370 1491 2437 ἐλαύνει,
1532 2373 1626 2428 καὶ
1674 2373 1798 2428 νοῦν
1842 2374 1943 2428 οὐκ

376 2456 573 2529 (loud.
589 2461 905 2532 καρτερίαν,
935 2462 1163 2532 ἀκηδίας
1190 2462 1430 2535 πνεῦμα.

446 2572 671 2639 Δένδρον
718 2572 899 2636 καλῶς
948 2572 1216 2644 πεπηγὸς,
1245 2573 1305 2627 ού
1350 2576 1630 2630 κατέσεισε
1662 2577 1751 2647 βία
1786 2575 1946 2629 πνεύ-

380 2676 572 2731 ματος,
604 2662 697 2715 καὶ
719 2662 896 2734 ψυχὴν
934 2662 1337 2735 ἐρηρεισμένην
1362 2664 1422 2717 οὑ
1449 2664 1805 2736 κατέκαμψεν
1822 2665 1945 2718 ἐπί-

376 2749 526 2812 θεσις
553 2752 799 2822 ἀκηδίας.

450 2842 587 2895 υύτε
643 2846 808 2914 φυτὸν
857 2847 1120 2909 πολλάκις
1181 2849 1691 2920 μεταφυτευόμενον
1723 2848 1948 2903 δύναται

381 2936 770 3005 καρποφορεῖν,
813 2934 935 2988 οὑτε
994 2937 1229 3007 μοναχδς
1258 2938 1556 2993 κυκλεύων.

454 3024 703 3094 Μοναχὸς
744 3027 1076 3099 ἁκηδιαστὴς
1129 3028 1365 3099 ἐρημίας
1401 3029 1673 3099 φρύγανον
1701 3046 1715 3059 ο
1769 3030 1948 3098 ὀλίγον

382 3113 651 3185 ἠρέμησε,
676 3116 771 3169 καὶ
810 3116 972 3170 πάλιν
1006 3117 1318 3187 μετάγεται.

454 3207 567 3260 Οὑκ
589 3210 747 3277 ἀρκεῖ
769 3208 1031 3280 φιληδόνῳ
1067 3210 1202 3281 γυνὴ
1227 3209 1340 3281 μία,
1363 3210 1482 3264 οὑδέ
1504 3212 1796 3282 ἀκηδιῶντι
1823 3230 1951 3266 κατ-

386 3299 620 3367 αγώγιον
641 3302 721 3356 ἓν.

456 3386 623 3455 Οὗτος
666 3392 996 3462 φαντάζεται
1031 3395 1157 3459 τοὺς
1212 3395 1677 3465 ἐπισκεψομένους
1698 3415 1711 3427 ο
1736 3398 1950 3467 ἐτρισεν
1976 3425 2021 3483 c

385 3485 419 3554 ή
454 3483 613 3554 θύρα,
654 3487 748 3538 καὶ
795 3485 1008 3556 ταχέως
1052 3485 1283 3556 ἐξήλατο
1310 3503 1323 3516 ·
1369 3488 1552 3557 φωνὴν
1598 3488 1821 3563 ἤκουσε,
1860 3489 1954 3541 καὶ

383 3574 471 3627 διά
501 3577 599 3646 τῆς
632 3576 849 3646 θυρίδος
878 3577 1215 3649 παρέκυψεν.
1244 3578 1338 3639 El;
1368 3578 1673 3646 ἀνάγνωσιν
1700 3580 1952 3647 καθίσας,

386 3664 590 3731 ’ἤρξατο
628 3665 965 3732 χασμᾶσθαι,
1004 3666 1100 3718 καὶ
1133 3667 1268 3737 πρὸς
1300 3666 1466 3720 ὕπνον
1508 3669 1951 3739 καταφέρεσθαι.

387 3754 560 3823 τρίϐει
601 3756 699 3817 τὰς
751 3755 923 3824 ὄψεις,
954 3755 1206 3811 διατείνει
1246 3758 1345 3821 τὰς
1373 3761 1594 3829 χεῖρας·
1619 3761 1713 3818 τοῦ
1747 3760 1954 3831 βιϐλίου

386 3845 513 3909 τοὺς
561 3844 870 3915 ὀφθαλμοὺς
923 3846 1258 3917 ἀποστήσας,
1292 3850 1586 3916 ἐνατενίζει
1642 3850 1720 3921 τῷ
1767 3853 1953 3925 τοίχῳ.

389 3933 559 3988 Πάλιν
587 3934 919 4004 ἐπιστρέψας
946 3935 1307 4006 ἀναγινώσκει
1353 3939 1569 4015 μικρὸν,
1596 3940 1861 4008 ἀνέπτυξε
1890 3945 1960 3998 τὰ

391 4024 584 4094 φύλλα,
601 4028 1025 4096 περιειργάσατο
1044 4028 1111 4082 τὰ
1127 4029 1252 4100 τέλη
1276 4030 1383 4082 τῶν
1402 4030 1591 4099 λόγωνο
1615 4026 1736 4087 εἶτα
1755 4034 1959 4103 πτύξας

390 4116 451 4169 τδ
475 4115 699 4186 βιϐλίον,
732 4118 1003 4190 ὑπέθηκεν
1026 4119 1158 4173 αὐτὸ
1171 4123 1235 4191 τῇ
1264 4121 1472 4194 κεφαλῇ
1497 4125 1955 4194 προσκεφάλαιον.

474 4207 832 4279 ’Λκηδιαστὴς
874 4210 1123 4280 μοναχδς,
1156 4210 1280 4275 ὀξὺς
1322 4213 1422 4283 μὲν
1442 4216 1520 4278 εἰς
1548 4215 1841 4282 διακονίαν,
1863 4218 1958 4271 ὀκ-

392 4299 554 4369 νηρὸς
580 4298 637 4351 δέ
672 4301 751 4362 είς
787 4303 1114 4372 προσευχήν.

477 4388 565 4440 Ἐν
622 4390 783 4442 παντὶ
838 4390 1005 4461 ἔργῳ,
1044 4393 1206 4457 τάξον
1240 4391 1450 4471 σεαυτῷ
1503 4392 1720 4465 μέτρον,
1756 4395 1850 4449 καὶ
1886 4396 1965 4469 μὴ

396 4479 657 4549 πρότερον
687 4481 931 4551 ἀποστῇς
962 4483 1092 4553 πρὶν
1122 4482 1187 4536 ἂν
1208 4483 1433 4558 τελέσῃς
1465 4484 1616 4539 αὑτό.

468 4574 819 4641 Περιπίπτων
842 4575 1058 4647 ἀκηδίᾳ,
1084 4577 1464 4648 παρακάλεσον
1494 4576 1592 4655 τὴν
1622 4578 1797 4650 ψυχήν
1825 4581 1963 4649 μετά

395 4663 666 4735 δακρύων,
699 4664 872 4730 οὕτως
901 4667 1070 4738 αὑτῆς
1102 4670 1418 4743 κατεπᾴδων
1443 4685 1457 4700 ·
1498 4670 1681 4726 Ἰνατί
1718 4674 1961 4741 περίλυ-

2114 2164 2311 2220 Acedia
2345 2174 2424 2217 est
2480 2163 2705 2233 languor
2755 2162 2949 2216 anima:
2993 2160 3278 2216 tolerantia
3333 2160 3611 2227 carentis;

2043 2261 2137 2309 aut
2163 2253 2368 2308 desidia
2402 2253 2598 2306 animae
2622 2250 2956 2321 v'oluptatum
2982 2267 3167 2306 amore
3197 2252 3515 2306 laborantis.

2114 2366 2322 2422 Nnbem
2351 2382 2491 2438 aqua
2521 2382 2748 2422 vacuam
2763 2374 2958 2422 ventus
2979 2366 3270 2437 prapellit;
3299 2375 3355 2422 et
3380 2373 3615 2421 mentem

2047 2460 2345 2514 tolerantiae
2373 2469 2674 2529 expertem,
2706 2458 2911 2516 acedia:
2945 2459 3193 2529 spiritus.

2120 2571 2275 2626 Sicut
2301 2571 2577 2637 arborem,
2609 2587 2731 2641 quae
2764 2573 2874 2628 alte
2908 2573 3122 2629 radices
3155 2572 3290 2642 egit,
3321 2571 3407 2626 vis
3465 2570 3612 2626 venti

2048 2672 2339 2717 concutere
2378 2662 2601 2733 nequit;
2637 2662 2711 2717 ita
2741 2679 2843 2719 nec
2875 2663 3112 2719 animam
3150 2665 3310 2719 lixam
3337 2672 3393 2718 et
3442 2661 3634 2719 subi-—

2049 2755 2151 2811 lem
2186 2753 2387 2809 acedite
2419 2753 2654 2825 impetus
2687 2753 2921 2810 ﬂectere.

2120 2842 2306 2912 Neque
2332 2844 2538 2914 planta,
2565 2861 2687 2916 qua:
2719 2844 3121 2900 crebrosedem
3155 2850 3351 2907 mutat,
3405 2842 3625 2897 fruetus

2050 2934 2299 3006 proferre
2332 2945 2529 3005 potest,
2567 2952 2744 3006 neque
2774 2937 3082 2991 monachus
3112 2951 3303 3006 vagus.

2123 3026 2421 3083 Monachus
2447 3028 2972 3093 acediarobnoxius,
3005 3025 3319 3084 solitudinis
3359 3027 3626 3083 eremium

2050 3128 2171 3184 est;
2203 3120 2424 3189 paulum
2453 3121 2791 3191 conquievit,
2821 3130 2873 3176 et
2909 3136 3102 3176 rursus
3124 3120 3235 3176 alio
3261 3120 3481 3191 migrat.

2121 3208 2241 3265 Non
2268 3211 2465 3268 sufﬁcit
2507 3212 2722 3268 libidini
2753 3213 2937 3268 dedito
2971 3229 3081 3273 una
3108 3213 3344 3280 mulier;
3368 3226 3477 3267 nec
3501 3226 3626 3267 ace-

2051 3303 2137 3361 dia
2172 3303 2457 3369 laboranti,
2491 3305 3044 3361 unumdomicilinm.

2127 3393 2226 3446 llic
2254 3393 2575 3448 visitaturos
2609 3397 2978 3464 imaginatur:
3012 3397 3414 3467 striditqanua,
3442 3395 3626 3450 statim

2056 3484 2274 3547 exs‘dit;
2307 3499 2495 3538 vocem
2526 3486 2760 3547 audivit,
2788 3502 2881 3553 per
2912 3486 3207 3541 fenestram
3251 3488 3539 3555 prospicit.
3567 3487 3627 3538 Si

2057 3573 2304 3633 lectionis
2342 3589 2508 3629 causa
2540 3576 2874 3642 consederit,
2925 3578 3253 3632 oscitare-et
3282 3578 3336 3632 in
3371 3592 3627 3631 somnum

2057 3679 2214 3719 ruere
2242 3665 2430 3735 incipit
2452 3666 2685 3730 ;_oeulos
2713 3666 2892 3731 fricat,
2931 3683 3126 3723 manus
3158 3668 3431 3737 protendit
3458 3685 3473 3734 ;
3502 3682 3531 3722 a
3560 3667 3630 3721 li-

2057 3756 2154 3813 bro
2180 3758 2367 3813 oculos
2396 3772 2617 3813 aversos
2646 3759 2699 3814 in
2737 3759 2944 3829 pariete
2970 3759 3152 3830 deﬁgit
3197 3777 3211 3813 :
3253 3774 3471 3814 rursum
3503 3774 3634 3814 con-

2058 3864 2250 3905 versus
2279 3850 2557 3921 paululum
2591 3851 2739 3922 legit,
2776 3851 2903 3907 folia
2926 3853 3111 3916 volvit,
3148 3854 3282 3908 lines
3312 3868 3630 3908 sermonum

2058 3942 2277 3999 curiose
2307 3944 2578 4013 inquirit:
2611 3944 2830 3999 demum
2866 3945 3067 4000 librum
3123 3945 3350 4009 claudit,
3400 3960 3635 4015 eumque

2060 4034 2220 4104 capiti
2260 4035 2542 4092 cervicalis
2568 4035 2686 4092 loco
2712 4037 3000 4092 submittit.

2134 4211 2432 4267 Monachus
2461 4214 2660 4269 acedite
2692 4214 2881 4269 morbo
2915 4223 3222 4283 correptus,
3273 4213 3337 4267 ad
3389 4212 3657 4266 ministe-,

2063 4304 2206 4360 rium
2241 4314 2522 4376 promptus
2559 4314 2660 4371 est,
2689 4307 2753 4360 ad
2785 4307 3152 4376 precationem
3184 4320 3314 4360 vero
3358 4306 3560 4375 segnis.

2134 4396 2190 4454 ln
2245 4399 2393 4453 omni
2445 4414 2605 4468 opere
2654 4399 2871 4453 modum
2908 4399 3000 4453 tibi
3047 4399 3147 4469 ipsi
3195 4399 3506 4469 prarsoribc,
3540 4413 3653 4451 nec.

2067 4489 2216 4560 prius
2243 4489 2496 4556 abscede,
2534 4490 2666 4559 quin
2701 4490 2827 4544 illud
2882 4488 3195 4559 perfeceris.

2137 4582 2273 4635 Cum
2309 4581 2362 4635 in
2404 4580 2648 4636 acediam
2698 4597 2795 4636 seu
2850 4581 3069 4635 taedium
3133 4580 3452 4650 prolaberis,
3514 4579 3635 4633 ani-

2070 4687 2213 4726 mam
2243 4686 2367 4726 cum
2399 4671 2653 4740 lacrymis
2685 4671 2990 4735 cohortare,
3016 4671 3120 4725 hoc
3151 4669 3313 4724 modo
3341 4685 3460 4722 eam
3494 4669 3639 4722 velut

398 4770 509 4821 πος
553 4753 625 4817 εἴ,
685 4757 783 4810 καὶ
837 4759 992 4812 Ινατί
1049 4760 1480 4828 συνταράττεις
1512 4780 1630 4833 με;
1663 4766 1950 4819 Ἕλπισοι

2073 4772 2366 4815 cxcantans
2392 4777 2405 4812 :
2441 4759 2622 4824 Quare
2645 4759 2922 4825 tristis“,
2947 4759 3491 4832 et~qnare.c0tmtrbas
3513 4774 3591 4812 me
3609 4759 3663 4813 2·

397 4841 494 4895 ἐπὶ
521 4843 628 4897 τὸν
649 4846 815 4910 Θεὸν,
847 4847 941 4899 καὶ
976 4847 1155 4914 αὐτὸς
1197 4850 1456 4914 ποιήσει.

470 4938 563 4987 Δεί
593 4938 1107 5006 παρασκευάζεσθαι
1140 4939 1232 5013 τηδν
1271 4942 1523 5013 μοναχὸν,
1563 4941 1638 5006 ὡς
1672 4941 1860 5014 αὔριον
1887 4961 1968 4997 τε·

2069 4854 2231 4924 Spera
2262 4855 2315 4907 in
2352 4853 2477 4916 Deo,
2508 4864 2558 4907 et
2589 4859 2699 4922 ipse
2730 4854 2891 4921 faciet
2915 4854 2966 4909 ἀ.

2138 4946 2546 5005 Monachusita
2577 4956 2926 5011 comparatus
2955 4963 3077 5001 esse
3134 4948 3315 5009 debet;
3382 4957 3651 5015 tauquam

402 5025 749 5097 θνηξόμενον,
796 5030 888 5082 καὶ
924 5031 999 5101 μὴ
1028 5031 1097 5063 ⁸⁸⁴
1125 5030 1266 5085 οὕτω
1306 5033 1465 5087 πάλιν
1506 5033 1565 5086 τὸ
1603 5033 1762 5105 σῶμα
1807 5034 1950 5106 θερα-

2073 5039 2307 5093 crastino
2340 5038 2427 5093 die
2452 5038 2777 5104 moriturus,
2809 5041 3188 5094 ac-itarursns
3216 5056 3415 5108 corpus
3446 5054 3659 5095 curare—

401 5118 611 5183 πεύειν,
652 5120 727 5184 ὡς
766 5121 938 5175 πολλὰ
983 5121 1302 5195 ζησόμενον.
1335 5125 1407 5179 Τὸ
1447 5126 1545 5196 μὲν
1567 5127 1695 5197 γάρ,
1724 5128 1849 5190 τοὺς
1883 5127 1950 5181 λο-

2073 5139 2328 5199 tanquain
2357 5129 2744 5187 diuvieturus.
2787 5132 2921 5185 Illud
2955 5131 3102 5186 enim
3147 5132 3345 5186 acedize
3403 5147 3495 5184 seu
3558 5129 3643 5199 pi-

404 5209 633 5277 γισμοὺς
660 5208 759 5279 τῆς
787 5210 1017 5282 άκηδίας
1060 5213 1377 5282 περικόπτει
1402 5229 1418 5247 ο
1449 5214 1519 5267 τὸ
1538 5214 1615 5281 δὲ,
1649 5214 1725 5285 τῷ
1760 5215 1973 5287 σώματι

404 5303 660 5369 συντηρεῖ
682 5301 783 5369 τὴν
812 5303 934 5374 τσην
969 5304 1312 5375 ἐγκράτειαν.

485 5389 768 5463 ’Πρώτησέ
801 5411 883 5457 τις
909 5396 1002 5449 τὸν
1038 5396 1287 5466 γέροντα,
1313 5397 1489 5466 λέγων
1515 5415 1528 5429 ο
1578 5399 1831 5471 ’Ᾱκηδιῶ,
1857 5400 1971 5461 Πά-

403 5494 521 5548 τερ.
547 5484 607 5535 Ὀ
636 5482 693 5535 δέ
724 5501 889 5554 φησιν
911 5502 925 5516 ⁸
954 5485 1141 5553 Οὔπω,
1166 5490 1373 5553 τέκνον,
1399 5489 1570 5557 ἐγνως
1602 5490 1725 5544 οὔτε
1749 5494 1845 5561 τὴν
1875 5511 1971 5546 πε-

472 5616 497 5655 ά
528 5616 671 5674 Psal.
715 5620 1130 5686 ιιι,12;,ΡεαΙ.
1170 5638 1351 5685 xxxvi,
1375 5624 1427 5679 5.

2078 5220 2250 5290 gritiae
2280 5218 2637 5289 cogitationes
2694 5230 2974 5293 amputat;
3022 5221 3126 5276 hoc
3182 5230 3362 5274 autem
3425 5218 3640 5288 corpori

2080 5324 2377 5369 conservat.
2396 5313 2716 5383 aequabilem
2746 5314 3158 5369 continentiam.

2152 5404 2382 5469 Quidam
2426 5405 2491 5458 ad
2533 5420 2717 5459 senem
2754 5404 2825 5459 ita
2853 5406 3068 5460 locutus
3124 5412 3205 5458 est
3241 5421 3254 5456 :
3306 5401 3481 5466 Pater,
3519 5414 3645 5453 aec-

2082 5495 2171 5549 dia
2225 5505 2430 5550 teneor.
2470 5496 2559 5550 llle
2610 5505 2789 5553 autem
2827 5497 3105 5569 respondit
3140 5514 3152 5550 :
3214 5492 3505 5559 Nondum,
3545 5491 3643 5558 fili,

1676 5740 1906 5798 VAllle
1949 5740 2351 5803 LECTIONES.

480 5828 543 5863 ιν
568 5829 627 5886 ι’.
663 5833 786 5903 μήν.
