3998 6214
255 368 392 434 Ξάνθὸ

1561 367 1657 426 DE
1698 365 1889 426 ΟΕΤο
1915 365 2174 428 VlTlIS.

3368 372 3503 439 14εό

330 475 394 529 Ἦ
437 475 819 546 ὑπερηφανία,
869 476 1170 546 φαντασίας
1197 474 1394 544 ἐπάγει
1430 476 1493 546 τῇ
1534 475 1679 545 ψυχῇ
1729 490 1798 541 φο

2002 473 2267 543 Superbia
2300 475 2563 530 horrenda
2603 489 2813 548 spcctra
2850 480 3055 537 inducit
3088 484 3302 540 animae.

246 567 439 638 λσεράς.

333 659 634 731 Ἐνεδρεύει
659 661 759 730 τὴν
782 660 1161 732 ὑπερηφανίαν
1185 662 1219 733 ἡ
1244 660 1473 728 πτῶσις,
1500 659 1853 729 καὶγίνεται.

251 746 465 813 χαλινὸς
488 748 677 817 αὐτῆς.

324 834 435 906 Πρὸ
466 836 524 889 δὲ
554 837 651 907 τῆς
696 836 986 903 πτώσεως,
1024 840 1173 913 πάσῃ
1216 839 1362 911 ἰσχύϊ
1405 841 1688 911 φυλάσσου
1727 840 1830 905 τὰς

248 925 351 993 τῆς
385 926 763 997 ὑπερηφανίας
793 928 968 997 ἄρκυς
997 929 1303 999 διαφυγεῖν.

331 1017 392 1069 Ὀ
428 1018 528 1088 μὲν
564 1019 942 1090 ταπεινόφρων
964 1059 979 1083 ,
1018 1019 1111 1074 τοῦ
1143 1022 1382 1092 Χριστοῦ
1425 1022 1676 1094 μαθητής
1716 1022 1828 1095 (l3)

247 1108 431 1171 ἔστιν,
473 1110 760 1179 εἰρηκότος
787 1127 802 1141 ·
834 1109 1065 1165 Μὰθετε
1111 1113 1213 1166 ἀπ’
1264 1112 1448 1182 ἐμοῦ,
1503 1114 1591 1167 ὅτι
1641 1112 1831 1180 πρᾶός

246 1203 384 1267 ειμι,
419 1201 515 1253 καί
548 1202 828 1268 ταπεινὸς
862 1202 935 1269 τῇ
980 1203 1212 1272 καρδίᾳ.
1256 1205 1314 1256 Ὀ
1344 1205 1400 1257 δὲ
1443 1206 1827 1275 ὑπερήφανος,

242 1291 343 1344 τοῦ
370 1293 617 1345 διαϐόλου
654 1296 898 1365 μιμητής
939 1295 1093 1360 ἐστι,
1136 1297 1204 1349 δι’
1239 1296 1620 1368 ὑπερηφανίαν
1660 1314 1805 1350 κατα

249 1384 562 1451 ϐληθέντος.

272 1510 275 1513 λ
322 1475 521 1544 Σὰρκα
542 1476 641 1546 μὲν
666 1475 897 1531 λέπτυνε
926 1479 1067 1531 κατὰ
1098 1479 1196 1549 τῆς
1228 1476 1484 1550 πορνείας
1506 1493 1519 1505 ·
1555 1476 1731 1549 ψυχὴν
1774 1478 1831 1533 δὲ

247 1568 506 1621 ταπείνου
536 1567 676 1621 κατὰ
709 1570 807 1640 τῆς
842 1571 1244 1642 ὑπερηφανίας.
1694 1576 1699 1581 ’

318 1752 570 1823 Μοναχός
611 1752 761 1808 ἐστιν
814 1752 958 1826 (14),
1006 1753 1241 1827 ἄληκτον
1294 1752 1410 1825 φῶς
1462 1753 1521 1807 ὲν
1564 1751 1829 1824 ὀφθαλμῷ

247 1843 497 1913 καρδίας.

319 1933 570 2005 Μοναχός
615 1936 800 1999 ἐστιν,
848 1934 1086 1999 ἄϐυσσος
1133 1934 1554 2001 ταπεινώσεως,
1590 1937 1649 1988 ὲν
1687 1934 1825 2005 αὐτῇ

244 2023 359 2078 πᾶν
388 2025 605 2095 πνεῦμα
634 2025 945 2096 κρημνίσας
978 2027 1073 2080 καὶ
1099 2026 1422 2093 ἀποπνίξας.

330 2115 603 2187 Ἀναιρεῖ,
648 2117 960 2184 κενοδοξίαν
1007 2117 1145 2188 μὲν,
1198 2119 1232 2189 ἡ
1284 2117 1505 2189 κρύπτη
1555 2116 1825 2189 ἐργασία,

242 2202 635 2277 ὑπερηφανίαν
666 2206 723 2259 δὲ
748 2248 763 2272 ,
793 2207 855 2261 τδ
886 2208 966 2276 τῷ
994 2206 1116 2277 Θεῷ
1157 2208 1493 2280 ὲπιγράφειν
1520 2208 1589 2262 τὰ
1632 2225 1829 2280 κατορ-

244 2295 483 2366 θώματα
504 2337 518 2359 ,
550 2299 745 2353 ἑαυτὸν
773 2298 830 2351 δὲ
854 2298 1178 2363 ἐξουθενεῖν.

321 2389 589 2461 Μέμνησο
614 2390 709 2444 τοῦ
738 2391 1009 2462 προτέρου
1039 2407 1134 2445 σου
1161 2389 1301 2461 βίου,
1332 2392 1426 2444 καὶ
1452 2389 1561 2443 τῶν
1586 2391 1829 2461 ἀρχαίων

248 2481 754 2551 παραπτωμάτων,
821 2484 918 2537 καὶ
976 2482 1194 2551 λογίζου
1256 2483 1374 2547 πῶς
1439 2481 1699 2553 ἠνέσχετό
1771 2499 1831 2535 σε

244 2571 493 2625 τοιοῦτον
523 2574 653 2627 ὄντα
696 2575 794 2645 ζῇν
820 2577 851 2629 δ
874 2574 1007 2639 Θεός
1026 2594 1040 2608 ·
1072 2576 1167 2629 καὶ
1197 2575 1258 2629 οὑ
1296 2575 1453 2628 τοῦτο
1489 2575 1668 2645 μόνον,
1696 2573 1834 2627 ἀλλὰ

244 2662 346 2716 καὶ
398 2662 625 2734 ἔτρεφε,
674 2665 769 2718 καὶ¹
813 2665 1118 2735 ἐφύλαττεο
1170 2666 1266 2720 καὶ
1309 2667 1527 2728 πάντως
1578 2683 1833 2719 ταπεινο-

246 2753 565 2823 φρονήσεις,
598 2754 648 2806 εί
675 2755 749 2824 μή
776 2771 861 2819 τις
892 2754 1013 2825 εἴης
1044 2755 1404 2827 δυσαίσθητος
1431 2756 1528 2810 καὶ
1559 2772 1830 2828 πεπωρω-

248 2842 437 2913 μένος.

318 2930 461 3000 Λέγε
487 2933 621 3004 πρὸς
651 2934 751 3005 τὴν
788 2933 1110 3006 ἐνοχλοῦσαν
1140 2934 1319 3005 οἴησιν
1338 2952 1354 2969 ο
1400 2935 1692 3007 Ἀπόστηθι
1737 2938 1832 2990 ἀπ’

244 3020 416 3091 ἐμοῦ.
445 3023 543 3085 Τίς
564 3024 673 3095 γὰρ
697 3006 925 3093 ὲγώίτί
948 3027 1055 3097 γάρ
1085 3043 1175 3096 μοι
1199 3026 1631 3097 κεκατώρθωται
1656 3029 1831 3098 μέγα;

244 3114 362 3168 Καὶ
386 3116 495 3188 γὰρ
517 3118 624 3170 τῶν
653 3118 844 3187 ἁγίων,
874 3120 924 3172 ol
959 3119 1058 3190 μὲν
1086 3119 1471 3190 ἐλιθάσθησαν,
1504 3122 1554 3173 οί
1583 3121 1639 3173 δὲ
1671 3122 1830 3193 ἐπρί-

246 3206 486 3277 σθησαν,
533 3210 582 3262 οἱ
615 3210 671 3263 δὲ
726 3212 942 3283 μυρίοις
996 3211 1163 3265 εἴδεσι
1199 3211 1432 3265 Θανάτου
1472 3211 1559 3265 διὰ
1597 3211 1834 3284 Χριστὸν

245 3296 622 3370 ἀνῃρέθησαν.

334 3472 622 3527 Ἀδύνατον
650 3473 982 3549 διαπερᾶσαι
1015 3476 1259 3544 πέλαγος
1279 3516 1293 3541 ,
1333 3477 1456 3546 δίχα
1485 3476 1672 3529 πλοίου
1694 3515 1708 3539 ,
1741 3478 1835 3530 καὶ

241 3564 494 3632 σωθῆναι
527 3566 695 3635 χωρὶς
722 3567 1251 3637 ταπεινοφροσύνης.

315 3654 521 3719 Ζεῦξον
558 3655 907 3726 δικαιοσύνην
947 3658 1043 3708 καί⁵
1086 3657 1494 3728 ὑπερηφανίαν,
1545 3658 1638 3712 καὶ
1679 3654 1836 3725 αὖθις

242 3745 527 3818 ἑτέρωθεν
574 3745 855 3817 ἁμαρτίαν
900 3747 995 3800 καὶ
1042 3749 1412 3813 ταπείνωσιν,
1464 3750 1559 3803 καὶ
1602 3750 1723 3820 δψει
1776 3751 1837 3804 τὸ

239 3838 448 3909 ζεῦγος
487 3839 584 3908 τῆς
615 3838 913 3909 ἁμαρτίας,
950 3840 1058 3912 πρὸ
1101 3840 1195 3893 τοῦ
1234 3839 1465 3908 ζεύγους
1499 3842 1599 3912 τῆς
1629 3843 1837 3896 δικαιο-

240 3929 422 4001 σύνης
457 3928 684 3982 ὲλαῦνον
732 3932 826 3984 καὶ
855 3929 1052 3995 νικῶν,
1109 3932 1171 3985 οὑ
1210 3931 1279 3984 δι’
1323 3932 1533 3987 οἰκείαν
1566 3934 1833 4006 δύναμιν,

236 4021 386 4077 ἀλλὰ
430 4020 526 4074 διὰ
553 4019 652 4090 τὴν
688 4022 843 4090 ἰσχὺν
882 4022 985 4092 τῆς
1026 4020 1265 4092 συζύγου
1295 4028 1834 4100 ταπεινοφροσύνηςο

238 4114 481 4169 κάκεῖνο
511 4112 672 4166 πάλιν
727 4112 1160 4185 ἐλαττούμενον,
1206 4115 1268 4168 οὑ
1313 4116 1381 4170 δι’
1415 4117 1703 4172 ἀσθένειαν
1737 4119 1838 4187 τῆς

236 4199 631 4272 δικαιοσύνης,
665 4202 800 4256 ἀλλὰ
842 4203 931 4257 διὰ
970 4202 1033 4256 τὸ
1088 4204 1255 4274 βάρος
1299 4207 1400 4278 τῆς
1433 4208 1832 4279 ὑπερηφανίας.

240 4293 444 4364 Ἔχεις
475 4292 901 4362 παραδείγματα
940 4294 1030 4350 τὸν
1060 4297 1358 4368 Φαρισαῖον
1396 4298 1492 4353 καὶ
1531 4300 1623 4353 τὸν
1655 4298 1834 4353 Τελώ-

233 4403 364 4456 νην.
412 4383 614 4439 Καίτοι
653 4387 1122 4458 ταπεινοφροσύνῃ
1173 4389 1415 4461 κυρίως,
1468 4392 1532 4445 οὑ
1566 4391 1657 4459 τὸ,
1704 4392 1836 4446 ὄντα

235 4475 603 4549 ἁμαρτωλὸν,
635 4474 781 4546 ἔχειν
810 4478 1002 4530 ἑαυτὸν
1041 4481 1368 4550 ἁμαρτωλόν
1389 4496 1403 4511 ·
1438 4482 1830 4556 εὐγνωμοσύνη

240 4571 353 4640 γὰρ
384 4567 553 4622 τοῦτο
571 4607 585 4627 ,
625 4568 721 4620 καὶ
747 4569 844 4638 τῆς
877 4569 1012 4633 ἰδίας
1032 4560 1312 4635 ἁσθενεία”ς
1340 4574 1635 4641 ἐπίγνωσις
1655 4593 1669 4607 ο
1695 4576 1833 4631 ἀλλὰ

234 4665 332 4729 τὸ,
367 4662 509 4716 ὅντα
535 4659 767 4722 δίκαιον,
804 4661 949 4731 ἔχειν
986 4662 1178 4717 ἑαυτὸν
1213 4664 1560 4734 ἁμαρτωλὸν,
1597 4668 1691 4721 καὶ
1725 4685 1832 4739 μη-

234 4753 331 4806 δὲν
362 4768 419 4804 τι.
453 4746 601 4818 μέγα
631 4748 763 4820 περὶ
794 4749 991 4804 ἑαυτοῦ
1023 4752 1416 4821 φαντάζεσθαι.

323 4935 688 5008 ’Λμαρτωλδς
730 4935 950 5007 ἐνίκησε
980 4935 1188 4990 δίκαιον
1208 4976 1222 4999 ,
1254 4939 1282 4990 ὁ
1313 4936 1564 5010 Τελώνης
1598 4939 1687 4992 τὸν
1726 4939 1832 4993 Φα-

326 5117 351 5159 ιι
391 5112 586 5170 Matth.
625 5128 702 5176 χι,
733 5111 824 5167 29.
909 5113 923 5151 ι
959 5112 1121 5168 llchr.
1152 5130 1227 5180 ιιι,
1256 5114 1345 5170 37.

2000 651 2212 721 Lapsus
2247 652 2474 708 insidias
2519 656 2680 710 struit
2729 657 3032 727 superbiae,
3071 658 3349 729 ipsiusque
3403 658 3513 717 ire.

1931 761 2060 800 num
2108 745 2355 799 eﬂicitur.

2002 836 2107 891 Sed
2156 846 2280 892 ante
2330 838 2542 907 lapsum
2603 840 2861 895 omnibus
2907 841 3120 896 viribus
3183 842 3414 906 excuba,
3451 854 3510 897 ut

1930 930 2201 997 superbia:
2242 930 2373 984 retia
2405 929 2656 999 eﬂ‘ugius.

2000 1018 2102 1085 Qui
2132 1020 2411 1073 humiliter
2432 1023 2496 1073 de
2533 1036 2590 1074 se
2616 1021 2797 1086 sentit,
2824 1021 3024 1075 Christi
3058 1021 3360 1090 tllSt‘ipltltlS
3388 1032 3469 1075 est
3492 1062 3507 1083 ,

1924 1113 2086 1181 .cujus
2119 1112 2232 1166 hanc
2275 1114 2435 1166 vcrha
2472 1112 2694 1167 fuerunt
2723 1132 2736 1168 :
2774 1114 2970 1167 Discite
3002 1133 3033 1167 α
3066 1132 3168 1180 me,
3208 1117 3334 1185 quia
3365 1118 3509 1169 mitis

1928 1220 2065 1260 sum.
2097 1213 2145 1258 et
2193 1205 2411 1258 Immitis
2457 1204 2612 1258 corde
2639 1206 2685 1260 ιι.
2744 1205 3019 1275 Superbus
3056 1217 3236 1261 autem
3284 1206 3507 1261 diaboli.

1930 1296 2022 1364 qui
2082 1296 2153 1350 ob
2203 1296 2512 1365 superbiam
2571 1296 2817 1364 dejectus
2881 1306 3000 1364 est,
3068 1298 3399 1352 imitatorem
3452 1315 3511 1354 se

1929 1386 2149 1454 praebet.

1999 1476 2228 1530 Carnem
2256 1473 2472 1545 quidem
2498 1476 2762 1531 adversus
2788 1476 3204 1532 fornicationem
3240 1487 3508 1545 extenua;

1930 1567 2167 1622 animam
2196 1583 2325 1621 vero
2361 1567 2627 1623 adversus
2660 1568 2974 1637 superbiam
3017 1585 3111 1639 per
3142 1570 3508 1624 humilitatem

1929 1656 2123 1723 deiice.

2002 1744 2299 1800 Monachus
2322 1752 2406 1800 est
2458 1754 2781 1814 perpetuum
2816 1744 3000 1797 lumen
3030 1743 3083 1798 in
3116 1743 3294 1799 cordis
3322 1744 3506 1799 oculo.

2000 1919 2300 1973 Monachus
2332 1928 2417 1974 cst
2461 1919 2696 1991 abyssus
2727 1920 3073 1986 humilitatis,
3116 1920 3170 1974 in
3198 1936 3261 1976 ea
3292 1936 3510 1976 omnem

1930 2010 2183 2080 spiritum
2218 2011 2417 2064 malum
2450 2012 2801 2081 praecipitans
2833 2020 2887 2067 et
2922 2011 3219 2067 suffocans.

2003 2101 2223 2155 Inanem
2250 2102 2479 2171 gloriam
2512 2103 2833 2171 pessumdat
2857 2102 3069 2157 occulta
3103 2102 3384 2171 operatio;
3421 2118 3515 2157 su-

1929 2194 2171 2262 perbiam
2214 2207 2364 2256 vero,
2430 2192 2542 2248 Deo
2584 2194 2860 2249 ascribere
2918 2195 3060 2248 bona
3101 2208 3266 2263 opera
3311 2201 3365 2249 et
3414 2209 3517 2249 se-

1932 2284 2111 2354 lpsum
2157 2282 2314 2337 nihili
2362 2292 2572 2353 putare.

2005 2373 2313 2429 Recordare
2348 2372 2551 2442 prioris
2581 2381 2689 2429 tute
2721 2374 2865 2440 vita',
2914 2389 2977 2429 ac
3007 2385 3251 2428 veterum
3288 2375 3517 2431 delicto-

1932 2478 2079 2529 rum,
2119 2463 2368 2533 illudque
2406 2473 2584 2519 tecum
2638 2473 2862 2533 reputa,
2914 2480 3021 2535 quo
3066 2476 3223 2535 pacto
3267 2475 3339 2533 te,
3390 2481 3516 2521 cum

1934 2557 2059 2611 talis
2090 2546 2265 2623 esses,
2301 2555 2665 2613 vivere'Deus
2693 2557 3051 2624 sustinuerit;
3107 2573 3284 2628 neque
3328 2558 3378 2612 id
3427 2574 3519 2613 so-

1934 2652 2085 2720 lum;
2137 2652 2231 2707 sed
2289 2651 2453 2706 etiam
2509 2652 2706 2706 aluerit
2758 2659 2812 2707 et
2869 2651 3254 2706 conservarit:
3290 2666 3351 2705 ac
3400 2658 3515 2705 tum

1933 2742 2124 2814 procul
2147 2742 2316 2797 dubio
2346 2742 2708 2797 humilitatem
2729 2742 3027 2811 concipics,
3057 2741 3159 2797 nisi
3184 2757 3380 2797 sensus
3408 2741 3518 2797 fere

1935 2836 2116 2891 omnis
2148 2850 2346 2906 expers
2381 2845 2544 2906 atque
2578 2834 2883 2889 obduratus
2912 2835 3009 2888 sis.

2014 2912 2314 2981 Ela'tiouem
2356 2925 2453 2979 tibi
2504 2923 2780 2994 negotium
2821 2923 3169 2977 exhibentem
3216 2922 3302 2976 his
3336 2922 3520 2977 verbis

1938 3016 2214 3086 alloquere
2249 3033 2263 3069 :
2301 3014 2535 3068 Facesse
2589 3027 2619 3067 a
2670 3028 2777 3066 me.
2833 3010 2970 3078 Quis
3023 3011 3168 3066 enim
3224 3026 3325 3081 ego
3359 3010 3523 3064 sum?

1939 3108 2072 3178 quid
2098 3108 2242 3162 enim
2278 3122 2308 3161 a
2338 3121 2421 3160 me
2445 3105 2693 3176 praeclari
2721 3112 2932 3176 gestum
2955 3102 3078 3159 est?
3107 3102 3316 3157 Etenim
3345 3101 3521 3156 sancti

1862 3175 1906 3234 α
1939 3175 2039 3252 uiri
2074 3197 2270 3266 partim
2319 3175 2565 3266 lapidati,
2604 3175 2799 3264 partim
2835 3192 2968 3249 secti
3006 3201 3155 3257 sunt,
3195 3193 3391 3261 partim
3425 3206 3523 3246 ue-

1937 3288 2106 3358 nique
2140 3287 2414 3341 sexcentis
2446 3286 2640 3342 mortis
2691 3285 2989 3357 generibus
3019 3283 3223 3339 Christi
3264 3299 3429 3339 causa
3458 3283 3525 3341 de

1938 3380 2117 3435 medio
2145 3387 2273 3433 sunt
2302 3377 2506 3432 sublati
2536 3376 2580 3431 ι.

2009 3470 2347 3539 lmpossibile
2377 3478 2486 3533 est,
2517 3470 2634 3523 sine
2664 3468 2789 3523 navi
2820 3483 2972 3523 mare
2998 3468 3252 3539 trajicere
3274 3509 3289 3533 ,
3347 3481 3399 3523 et
3434 3485 3525 3523 sa-

1938 3563 2105 3618 lutem
2145 3559 2408 3629 consequi
2445 3560 2653 3629 absque
2685 3559 3012 3614 humilitate.

2008 3650 2187 3720 Junge
2220 3650 2494 3720 justitiam
2525 3664 2650 3704 cum
2679 3649 2960 3719 superbia,
3000 3658 3166 3718 atque
3198 3649 3307 3704 alia
3331 3663 3527 3704 rursus

1941 3758 2009 3799 ex
2063 3751 2217 3813 parte
2266 3749 2551 3813 peccatum
2584 3755 2708 3796 cum
2764 3739 3106 3807 humilitate;
3168 3756 3233 3796 ac
3282 3740 3526 3809 peccati,

1938 3849 2103 3905 quam
2136 3833 2395 3904 justitiae,
2441 3831 2633 3902 jugum
2665 3829 2900 3886 celerius
2934 3846 3158 3885 currere
3193 3839 3357 3901 atque
3408 3830 3523 3882 vin-

1937 3941 2063 3981 cere
2092 3924 2399 3995 eonspicies
2421 3962 2437 3989 ,
2492 3937 2602 3976 non
2638 3922 2857 3993 quidem
2891 3923 2962 3977 ob
2994 3932 3313 3994 potestatem
3346 3938 3526 3987 suam,

1939 4021 2031 4076 sed
2058 4020 2129 4075 ob
2162 4020 2473 4089 conjunctae
2512 4016 2838 4072 humilitatis
2868 4016 3045 4081 vires;
3094 4026 3257 4087 atque
3291 4016 3522 4070 alterum

1939 4128 2132 4168 rursus
2182 4109 2455 4181 superari,
2508 4125 2614 4164 non
2658 4117 2882 4179 propter
2923 4109 3149 4178 justitia:
3180 4108 3527 4163 imbecillita-

1938 4213 2071 4267 tem.
2109 4203 2202 4258 sed
2235 4212 2459 4273 propter
2492 4200 2764 4271 superbiae
2798 4216 2962 4271 grave
2995 4201 3227 4271 pondus.
3266 4199 3524 4270 Exempla

1939 4297 2034 4351 tibi
2074 4304 2275 4366 praesto
2304 4301 2434 4349 sunt
2473 4293 2527 4348 in
2562 4291 2838 4348 Pharisa'o
2888 4307 2952 4348 ac
2986 4292 3307 4347 Publicano.
3336 4291 3522 4358 Quauo

1941 4403 2106 4458 quam
2160 4385 2440 4442 humilitas
2496 4385 2714 4456 proprie
2764 4386 2819 4440 in
2868 4400 2935 4441 eo
2976 4401 3081 4438 non
3129 4385 3403 4450 consistit,
3461 4392 3525 4438 ut

1866 4519 1909 4574 Β
1940 4481 2033 4551 qui
2064 4488 2316 4550 peccator
2349 4489 2451 4544 est,
2484 4487 2827 4549 pcccatorem
2858 4493 2917 4533 se
2948 4484 3098 4548 putet
3132 4477 3347 4546 (judicii
3375 4476 3519 4530 enim

1940 4574 2171 4644 aequitas
2206 4573 2307 4628 hoc
2337 4582 2443 4634 est.
2483 4588 2546 4627 ac
2582 4572 2817 4643 propria:
2866 4569 3200 4625 infirmitatis
3243 4569 3525 4637 agnitio);

1944 4681 2133 4721 verum
2168 4665 2223 4719 in
2257 4664 2383 4728 hoc,
2416 4673 2474 4718 ut
2503 4664 2596 4733 qui
2630 4662 2843 4732 justitia
2879 4660 3140 4730 praeditus
3171 4669 3276 4721 est,
3332 4674 3524 4727 pecca-

1946 4765 2116 4811 torem
2152 4771 2274 4811 sese
2303 4755 2489 4821 ducat,
2523 4754 2769 4824 nihilque
2813 4753 2995 4823 magni
3037 4751 3102 4805 de
3137 4751 3317 4819 seipso
3348 4760 3526 4803 mente

1942 4848 2233 4918 concipiat.

2014 4936 2276 4993 Peccator
2317 4936 2528 5005 justum
2575 4933 2739 5000 vicit,
2784 4931 3109 5004 publicanus
3163 4927 3437 4984 Pharisau:
3494 4960 3495 4963 η

1785 5273 2016 5331 ΝΟΤᾸΕ.

322 5427 448 5495 (l5)
513 5427 621 5481 Τοῦ
657 5428 920 5494 Χριστοῦ
950 5431 1227 5498 μαθητής
1276 5434 1467 5494 ἐστιν.
1510 5443 1615 5489 etc.
1647 5432 1784 5489 "inc
1814 5450 1844 5488 a

242 5500 476 5572 Ioanne
501 5498 883 5572 cantacuzcno
908 5500 1000 5553 lib.
1028 5516 1114 5572 ιιι,
1129 5516 1247 5570 cap.
1273 5504 1361 5566 56,
1391 5521 1444 5572 ιι.
1472 5503 1575 5557 469
1599 5505 1846 5572 Apoc-au-

242 5571 393 5644 rhus
409 5580 513 5644 pe_r
544 5568 775 5644 ironiam
802 5577 1025 5644 vocatur
1044 5568 1363 5644 διδάσκαλος
1392 5571 1492 5644 τῆς
1521 5568 1844 5644 οίκουμένης

245 5635 758 5711 καᾼὶᾼμαῆητὴςλτοῦ
794 5639 969 5711 πράου
1011 5641 1105 5711 καὶ
1150 5635 1560 5711 φιλανθρώπου,
1589 5635 1843 5711 inmaniter

240 5708 391 5761 m'bis
422 5714 482 5757 et
514 5707 806 5773 discipulus
847 5709 988 5760 mitis
1021 5707 1535 5765 illiusﬁuchoutimtm
1569 5707 1800 5766 amentis
1822 5730 1839 5765 :

242 5780 348 5839 itm;
371 5785 495 5843 cst,
521 5775 642 5832 Jcsu
674 5778 896 5845 Christi,
926 5797 1029 5835 nott
1089 5792 1268 5837 autem
1319 5780 1538 5855 Joscphi
1589 5782 1834 5839 lllmccn-

1947 5435 2108 5504 dytze,
2131 5432 2286 5499 juxta
2312 5444 2533 5504 suavem
2561 5422 2997 5504 admodttmviri
3030 5422 3173 5477 docti
3194 5417 3525 5504 .h‘a‘riolatio-

1946 5491 2105 5565 ncm.
2126 5491 2220 5555 ιιι..
2262 5516 2336 5561 \‘l.
2370 5501 2436 5553 uc
2460 5495 3079 5570 Btlilioth._Vindolmtt.,
3108 5509 3160 5570 p_.
3190 5491 3309 5544 “2.
3468 5558 3519 5570 __

2015 5563 2129 5640 (lii)
2153 5571 2436 5640 Μονιιχιξς
2474 5570 2665 5622 ἐστιν.
2712 5566 2924 5622 Pariter
2953 5567 3070 5618 ista:
3118 5565 3238 5615 duae
3271 5563 3519 5640 monachi

1941 5629 2661 5695 delineatiooes'Climacum
2694 5646 2998 5707 agnoscunt
3031 5644 3308 5687 auctorem
3328 5629 3520 5683 eodem

1944 5714 1993 5763 in
2021 5713 2158 5772 loco.
2185 5711 2494 5778 pariterque
2524 5726 2627 5760 non
2652 5715 2965 5778 comparent
2987 5708 3036 5755 ιιι
3064 5712 3516 5778 tus._tnt-tnutjato,

1940 5785 2079 5837 sicut
2108 5771 2204 5835 nec
2238 5771 2548 5850 μιωυςὶίυιιδ
2592 5771 2879 5839 sententia,
2914 5776 3085 5843 σάρκα
3126 5771 3249 5841 μὲν.
3276 5780 3381 5823 ιξιςο
