3998 6214
232 218 358 284 ΗΠ

1320 208 1416 264 AD
1456 184 1857 262 MONACHOS
1882 196 2391 255 ADHORTATIO.

3343 190 3476 257 142⁷3

294 332 536 399 ’Ἡσυχος
580 320 833 397 μοναχδς,
870 320 932 375 οὗ
960 320 1227 390 ταράσσει
1262 314 1554 382 ἀδελφούς·
1583 313 1799 382 κραυγὴ

1978 302 2071 357 ⁸59..
2113 302 2309 357 Secum
2356 303 2571 371 quietus
2618 303 2924 358 monachus
2972 317 3081 355 non
3151 300 3330 354 turbat
3363 301 3477 354 fra-

230 426 281 478 δι
315 420 578 493 μοναχοῦ,
609 419 874 489 ταράσσει
907 414 1095 486 μονήν.

298 598 475 669 Ἶίχον
500 593 822 665 ψαλμ‹;.ιδίας
856 592 929 661 μὴ
957 586 1243 652 ἀνανεύου,
1278 582 1509 656 μοναχέ’
1538 580 1676 648 αὕτη
1697 579 1805 651 γὰρ

235 693 266 761 η
293 690 401 743 τῶν
432 688 680 756 ἀγγέλων
716 681 1031 752 ὑμνολογία.

299 864 474 938 *Ηχον
495 866 738 935 θεάτρων
757 858 1080 915 διαϐολικῶν
1105 855 1355 928 φευγέτω
1380 853 1611 926 μοναχὸς
1627 868 1639 881 ’
1667 850 1806 922 αὕτη

231 960 340 1030 γὰρ
372 961 402 1029 ἡ
431 958 538 1010 τῶν
566 954 839 1025 δαιμόνων
868 952 1074 1021 ἀπάτη.

308 1133 460 1184 "ll-uo
487 1131 578 1183 ἐπὶ
608 1128 702 1182 τοῦ
730 1127 983 1199 μετώπου
1014 1143 1109 1179 σου
1133 1127 1162 1178 ὁ
1191 1124 1426 1196 σταυρὸς
1446 1123 1540 1177 τοῦ
1568 1120 1805 1193 Χριστοῦ

233 1223 540 1286 διαπαντὸς,
583 1221 784 1291 μοναχέ
805 1237 817 1250 θ
847 1221 964 1291 ῆτω
990 1220 1084 1272 καὶ
1120 1220 1178 1270 ἐν
1206 1221 1271 1289 τῇ
1298 1217 1499 1288 καρδία
1532 1202 1625 1268 σου
1654 1218 1681 1268 ὁ
1715 1213 1807 1282 φόο

233 1314 321 1377 ΰος
360 1313 454 1366 τοῦ
483 1312 643 1376 Θεοῦ,
670 1313 909 1380 ἀσκητὰ.

315 1406 546 1475 Ἡσυχία
577 1402 814 1474 μοναχοῦ
847 1400 986 1473 μετὰ
1010 1400 1258 1472 καθαρᾶς
1289 1400 1539 1470 καρδίας,
1572 1400 1808 1454 δυσωπεῖ

235 1503 291 1555 τὸ
318 1500 544 1568 Πνεῦμα
579 1498 639 1550 τὸ
672 1496 844 1565 ἆγιον.

1908 401 2018 446 tres
2074 408 2088 444 :
2143 392 2350 447 clamor
2415 406 2545 447 vero
2598 394 2850 448 monachi
2910 392 3304 447 monasterium
3362 402 3476 446 tur-

1908 482 2017 537 bat.

1974 574 2066 628 35.
2103 572 2447 629 Psalmorum
2499 574 2551 629 in
2606 575 2817 629 divinas
2872 575 3060 629 laudes
3109 576 3475 630 decantandas

1907 666 2122 719 sonitus
2160 683 2224 719 ne
2251 667 2559 735 displiceat,
2597 669 2901 733 monache;
2934 668 3022 721 hic
3060 668 3207 721 enim
3254 667 3474 737 angelo-

1907 773 2027 810 rum
2064 758 2303 811 laudatio
2326 768 2430 812 est.

1980 848 2070 901 54.
2114 847 2363 903 Sonilum
2401 849 2618 903 diabo‘lo
2639 859 2860 903 auctore
2889 848 3246 902 conﬂatorum
3270 858 3481 916 specta-

1912 942 2161 994 culorum
2192 940 2363 1009 fugiat
2396 941 2725 1007 monachus;
2762 941 2850 994 hic
2876 941 3021 993 enim
3052 941 3359 993 daemonum
3395 956 3482 994 se-

1908 1033 2096 1087 ductio
2116 1041 2217 1086 est.

1981 1124 2070 1178 '55.
2104 1122 2184 1176 Sit
2211 1124 2304 1177 tibi
2336 1123 2390 1177 in
2422 1123 2597 1178 fronte
2629 1123 2778 1177 omni
2812 1132 3052 1192 tempore
3077 1122 3278 1178 Christi
3311 1139 3479 1189 crux;

1909 1214 1981 1269 sit
2014 1223 2067 1268 et
2114 1216 2166 1267 in
2205 1215 2370 1269 corde
2401 1222 2495 1270 tuo
2537 1214 2627 1269 Dei
2666 1216 2847 1279 timor,
2876 1216 2967 1285 qui
3000 1230 3222 1271 exerces
3265 1217 3482 1269 virtutis

1907 1304 2183 1374 palaestra.

1977 1394 2065 1448 '56.
2093 1396 2381 1449 Silentium
2411 1397 2662 1451 monachi
2694 1413 2817 1452 cum
2843 1413 2980 1467 puro
3004 1397 3189 1461 corde,
3218 1397 3477 1467 Spiritum

1910 1496 2157 1540 sanctum
2222 1497 2279 1541 nt
2332 1489 2415 1541 sui
2475 1489 2687 1558 copiam
2751 1488 2913 1544 faciat
2955 1490 3246 1559 veniatquc
3275 1490 3482 1559 majore

1908 1579 2066 1647 quasi
2096 1582 2143 1630 vi
2173 1578 2418 1633 inflectit.

297 1672 471 1741 Ἷιοος
514 1677 753 1748 χρηστὸν
794 1675 1049 1747 μο·)αχοῦ,
1089 1672 1444 1744 φιλαδελφίαν
1489 1670 1802 1742 ἐργάζεται,

1978 1670 2068 1722 57.
2104 1669 2305 1724 Lenior
2328 1670 2576 1725 monachi
2606 1672 2822 1726 animus
2855 1683 3020 1741 atque
3051 1672 3261 1727 indoles
3285 1672 3484 1727 frater-

232 1771 323 1825 καὶ
348 1770 529 1841 μάχην
559 1767 876 1822 ἀποδιώκει.

312 1861 691 1934 Ίίρμοσμένος
747 1859 983 1931 μοναχὺς
1031 1859 1110 1929 τῷ
1156 1857 1368 1928 Κυρίῳ,
1422 1857 1496 1928 μὴ
1548 1857 1805 1910 ἐκδιδότω

230 1958 416 2011 ἑαυτὸν
443 1956 518 2027 τῷ
541 1953 792 2023 διαϐόλῳ,
824 1952 913 2005 ἴνα
941 1952 1015 2022 μὴ
1042 1952 1413 2022 καταισχυνθῇ
1442 1952 1533 2004 ἐπὶ
1558 1950 1651 2003 τοῦ
1671 1968 1806 2020 νυμ-

229 2049 425 2120 φῶνος.
994 2046 995 2049 ¹

296 2140 501 2213 Θυρεὸς
534 2135 771 2208 μοναχοῦ
802 2134 1250 2204 ἀκαταμάχητος,
1279 2134 1445 2203 ὕμνος
1476 2135 1721 2201 ἀγγέλων
1749 2136 1804 2186 ὲν

230 2232 458 2301 στόματι
506 2228 671 2281 αὑτοῦ
699 2244 712 2256 ·
769 2225 1001 2286 Θάνατος
1048 2224 1105 2275 δὲ
1150 2223 1408 2293 μοναχοῦ,
1441 2221 1609 2291 ὕμνος
1665 2223 1805 2292 ὑπὲρ

233 2323 430 2392 μέτρον
463 2316 849 2387 ἀγαπώμενος.

300 2410 585 2483 Θησαυρὸς
619 2406 853 2478 μοναχοῦ
885 2404 1236 2475 ἀκτημοσύνη
1279 2406 1311 2473 ἡ
1357 2403 1632 2466 ἑκούσιος
1666 2402 1807 2455 θειό-

233 2520 391 2566 τατος
420 2501 599 2566 ἔσται,
626 2501 654 2552 ὁ
683 2497 889 2567 ταύτην
924 2495 1341 2567 ἐπανῃρημένος
1375 2493 1625 2565 μοναχός.

299 2682 660 2755 Θησαύρισον,
698 2679 919 2751 μοναχὲ,
962 2678 1022 2732 ὲν
1064 2676 1315 2750 οὐρανῷ·
1360 2676 1659 2745 ἀπέραντοι
1697 2675 1805 2749 γὰρ

232 2775 327 2844 τῆς
350 2770 712 2835 ἀναπαύσεώς
742 2788 823 2825 σοι
851 2769 1069 2833 αἰῶνες.

305 2951 521 3020 Θεωρία
563 2949 821 3021 μοναχοῦ,
866 2951 925 3003 ὲν
953 2949 1201 3021 Γραφαῖς
1225 2949 1408 3020 ἁγίαις
1434 2949 1686 3019 γινέσθω,
1710 2950 1805 3003 καὶ

232 3047 265 3114 ἡ
302 3043 518 3097 εὐδοκία
548 3040 714 3095 αὐτοῦ
744 3041 836 3094 ἐπὶ
866 3041 1091 3111 Κύριον.

306 3218 455 3289 Θύρα
484 3215 718 3288 μοναχοῦ
752 3216 827 3289 μὴ
857 3215 1073 3287 μοχλοῖς
1110 3216 1348 3286 σιδηροῖς
1380 3215 1662 3269 κλειέσθω.

303 3397 517 3468 Θάρσος
549 3392 807 3467 μοναχοῦ,
832 3393 912 3467 μὴ
941 3392 1000 3445 ἐν
1026 3390 1299 3463 εὗσαρκέᾳ
1326 3390 1623 3460 φαινέσθω.

304 3575 627 3645 Θαυμαστὸν
668 3572 964 3644 πρόσωπον
1008 3567 1282 3641 μοναχοῦ,
1332 3566 1437 3621 ὑπὸ
1483 3565 1805 3640 ἐγκρατείας

231 3662 711 3739 λαμπρυνόμενον.

317 3841 509 3902 Ἰάσεις
540 3836 718 3909 ψυχῆς
751 3834 1024 3906 μοναχῶν,
1062 3833 1152 3887 διὰ
1186 3833 1507 3907 προσευχῶν
1544 3835 1800 3906 γίνονται,

230 3932 327 3989 καὶ
346 3931 412 3985 δι’
443 3926 824 4000 ἐλεημοσυνῶν
846 3926 1227 3997 γνωρίζονται.
1298 3974 1299 3977 η

314 4109 519 4179 Ἰλαρδς
547 4108 613 4178 τῇ
642 4105 763 4175 ὕψει
796 4105 1049 4175 μοναχὸς,
1082 4104 1323 4175 ἀσκητοῦ
1345 4104 1672 4175 ἀνάπαυσις,
1709 4107 1804 4163 καὶ

231 4201 507 4272 λογισμῶν
542 4198 798 4271 πονηρῶν
829 4198 1165 4270 καθαίρεσις.

272 4380 277 4384 ’
315 4380 565 4450 Ἰωάννης
601 4380 965 4448 ὑπογραμμός
1000 4396 1081 4431 σοι
1120 4377 1372 4447 γινέσοω,
1413 4381 1637 4451 μοναχὲ,
1685 4384 1803 4455 τρί-
1833 4374 1876 4429 Ῐ)
1978 4404 2068 4458 ιε,
2100 4404 2338 4459 ,ιηεηηρε

232 4458 331 4543 χαις
354 4471 599 4539 καμήλου
626 4469 921 4538 step-.65qu
934 4470 1113 4537 μένος,
1150 4470 1237 4521 ἵνα
1271 4470 1454 4534 Ἠλίας
1476 4476 1542 4543 τῇ
1576 4474 1801 4553 μηλῶτῃ

234 4564 539 4625 σκεπάσας,
581 4567 658 4625 εἰς
687 4562 949 4631 οὐρανοὺς
982 4561 1253 4630 ἁναγάγῃ.

315 4652 569 4713 Ἰάκωϐος
624 4651 781 4722 χερσὶ
821 4650 1231 4720 προτρεπέσθω,
1264 4652 1355 4703 ἐπὶ
1401 4656 1520 4715 ταῖς
1566 4672 1801 4727 προσπι-

233 4742 494 4805 πτούσαις
534 4746 839 4813 συμφοραῖς
883 4743 1162 4813 ὑπομονήν
1203 4759 1262 4794 σε
1300 4743 1586 4800 διδάσκων.

318 4832 571 4901 Ἰωάννης
606 4849 664 4885 σε
706 4832 839 4904 πρὸς
869 4833 960 4886 τὸν
987 4833 1222 4903 ἄναρχον
1266 4836 1440 4904 Λόγον
1477 4836 1801 4908 καΟωδὴγη-

234 4941 346 4978 σεν.

316 5015 505 5085 ’ἰκμὰς
535 5016 850 5087 ἱλαρότητος
875 5017 965 5069 ἐπὶ
989 5016 1228 5086 μετώπῳ
1256 5018 1513 5089 γινομένη
1543 5021 1802 5091 μοναχοῦ,

233 5108 519 5177 εὐφραίνει
576 5108 779 5178 πλῆθος
830 5108 1107 5176 ἀδελφῶν·
1167 5109 1358 5179 ἰταμὸς
1423 5110 1477 5163 δὲ
1546 5113 1801 5184 μοναχος,

234 5199 520 5269 σκορπίζει
551 5199 807 5264 σύλλογον
830 5198 1094 5267 ἀδελφῶν.

318 5388 525 5458 ’ἰσότης
552 5388 799 5457 ἀδελφῶν
832 5389 1212 5461 ὑπερηφανίαν
1244 5391 1549 5465 σκορπίζει,
1587 5399 1682 5450 καὶ
1710 5416 1803 5451 ταο

236 5477 669 5547 πεινοφροσύνην
694 5478 856 5548 piget.

308 5588 348 5618 “
381 5587 573 5641 Matth.
609 5603 690 5655 ιιι,
722 5591 785 5654 4;
823 5591 987 5646 Marc.
1024 5607 1061 5656 t,
1094 5593 1146 5645 6.
1230 5594 1272 5625 ¹²
1302 5592 1365 5646 lV
1399 5594 1526 5664 Reg.
1560 5613 1619 5663 ιι,
1660 5601 1739 5658 iis.
1823 5602 1863 5633 "
1894 5602 2009 5657 Jac.
2042 5621 2082 5671 I,

1908 1776 2037 1814 num
2075 1772 2296 1831 prmstat
2327 1778 2591 1826 amorem,
2620 1763 2905 1832 rixamque
2937 1766 3105 1833 fugat.

1974 1848 2065 1902 58.
2100 1849 2333 1917 Aptatos
2367 1849 2599 1904 Domino
2634 1854 2937 1921 monachus
3006 1869 3073 1907 ne
3110 1869 3168 1907 se
3212 1854 3325 1923 ipse
3362 1855 3483 1910 dia-

1904 1938 2028 1992 bolo
2064 1941 2245 2005 dedat,
2294 1958 2359 1996 ne
2400 1942 2450 1996 in
2481 1943 2780 1998 thalamum
2814 1944 3175 2009 inducendus,
3220 1946 3482 2002 Confusus

1903 2030 2213 2086 erubescat.

1972 2122 2061 2175 59.
2112 2122 2337 2176 Svutum
2395 2126 2650 2179 monachi
2697 2126 3135 2195 inexpugnabile,
3180 2129 3480 2198 angelicum

1906 2212 2077 2264 melos
2108 2212 2161 2264 in
2187 2229 2282 2266 ore
2308 2214 2457 2281 ejus;
2491 2231 2635 2269 mors
2667 2231 2796 2270 vero
2824 2219 3097 2282 monachi,
3132 2221 3352 2273 modum
3380 2235 3482 2275 ex-

1905 2299 2102 2353 cedens
2125 2304 2364 2356 carmina
2403 2305 2717 2358 modulandi
2745 2322 2925 2361 amor.

1975 2394 2064 2448 40.
2101 2393 2416 2452 Thesaurus
2451 2399 2702 2453 monachi
2742 2400 2923 2470 inopia
2955 2417 3021 2457 ac
3054 2412 3345 2473 paupertas
3383 2421 3479 2458 vo-

1906 2484 2140 2540 luntaria
2164 2503 2178 2553 ;
2206 2488 2585 2544 divinissimus
2613 2490 2716 2544 erit
2748 2492 2841 2560 qui
2883 2493 3004 2561 ejus
3045 2494 3354 2549 institutum
3389 2512 3481 2548 aro

1908 2577 2155 2647 ripnoril,
2181 2594 2412 2649 eamque
2442 2582 2722 2649 delegerit,
2749 2585 3067 2639 monachus.

1977 2670 2065 2724 41.
2102 2669 2442 2726 Thesaurum
2493 2673 2609 2738 tibi,
2642 2676 2930 2742 monacho,
2975 2692 3178 2746 repone
3225 2695 3276 2732 in
3307 2681 3480 2747 casio;

1908 2763 2058 2817 nullo
2108 2764 2252 2817 enim
2283 2764 2430 2819 exitu
2474 2764 2721 2821 finienda:
2754 2767 2953 2836 quietis
3008 2770 3205 2823 srcula
3260 2780 3312 2826 te
3366 2789 3484 2826 nia-

1907 2864 2055 2910 nent.

1979 2947 2068 3000 42.
2128 2946 2378 3001 Monachi
2426 2950 2812 3018 contemplatio
2873 2950 2927 3005 in
2968 2952 3141 3007 sacris
3185 2953 3483 3025 Scripturis

1837 3045 1877 3102 ο
1912 3046 2197 3103 versetur;
2233 3039 2409 3108 sitque
2453 3041 2572 3107 ejus
2614 3055 2884 3110 propensa
2921 3044 3174 3100 voluntas
3206 3045 3259 3101 in
3297 3045 3483 3102 Domi-

1910 3144 2064 3185 tum].

1976 3219 2068 3275 43.
2110 3218 2359 3275 Moaachi
2397 3221 2598 3276 ostium
2659 3220 2852 3279 ferreis
2898 3226 3144 3282 vectibus
3204 3243 3272 3282 ne
3329 3229 3482 3286 clau-

1904 3309 2084 3364 datur.

1906 3444 1909 3447 .
1975 3406 2064 3460 Η.
2103 3405 2326 3459 Fiducia
2355 3408 2608 3462 monachi
2637 3424 2745 3464 non
2776 3410 3094 3479 eocluceat,
3124 3416 3268 3485 quod
3293 3432 3485 3476 carno-

1909 3511 2003 3549 sus
2029 3506 2325 3563 venti-eque
2359 3497 2628 3552 distentus
2664 3508 2767 3553 est.

1975 3586 2066 3640 45.
2119 3584 2325 3653 Dignus
2371 3586 2461 3654 qui
2507 3588 2920 3644 admirationem
2970 3605 3183 3648 moveat
3227 3602 3476 3656 monachi

1907 3678 2107 3738 νιιιιιις⁹
2135 3677 2330 3745 jejunii
2362 3677 2815 3750 abstinentiaaque
2848 3681 2971 3740 luce
3004 3686 3388 3755 splendescens
3415 3710 3480 3750 ac

1905 3768 2009 3823 exh
2037 3768 2261 3823 laratus.

1974 3862 2065 3915 «£6.
2106 3861 2495 3916 Monachorum
2544 3862 2710 3918 animi
2752 3865 3012 3922 sanitates
3057 3872 3307 3936 precibus
3338 3890 3478 3944 pia:-

1905 3962 2140 4018 stantur,
2196 3965 2360 4024 atque
2409 3954 2772 4024 elcemosynis
2823 3956 2876 4009 in
2928 3970 3174 4026 apertum
3236 3966 3478 4032 produn-

1907 4053 2014 4098 tur.

1975 4135 2064 4188 47.
2105 4132 2305 4187 llilaris
2329 4134 2482 4189 vultu
2514 4135 2838 4203 monachus,
2870 4138 2988 4208 ejus
3022 4142 3112 4211 qui
3145 4144 3358 4197 νὶνιιιιίς
3384 4163 3396 4213 ι
3419 4163 3477 4199 a-

1905 4226 2081 4280 bestra
2106 4234 2345 4292 exerci-t,
2378 4225 2624 4291 refectio,
2666 4243 3065 4303 pravarumque
3088 4236 3475 4307 cogitationum

1904 4317 2218 4371 exstinctio.
3513 4332 3525 4401 ξ

2374 4410 2622 4480 ειειγρίο
2652 4412 2751 4467 tibi
2784 4415 2874 4479 sit,
2916 4417 3195 4485 inonache,
3230 4421 3353 4489 pilis
3382 4438 3477 4478 ca-

1909 4496 2173 4549 melorum
2217 4513 2282 4551 ac
2324 4500 2503 4555 cilicio
2542 4503 2855 4569 indutus“,
2902 4516 2960 4559 ut.
3004 4508 3147 4564 Elias
3193 4512 3236 4543 ¹²
3278 4515 3481 4569 melote

1907 4598 2157 4655 apertum
2199 4590 2249 4641 in
2280 4592 2446 4645 C(BIOS
2480 4595 2623 4647 celso
2658 4597 2836 4651 volatu
2869 4599 3051 4653 ducat.

1978 4679 2066 4733 49.
2100 4678 2335 4736 Jacobus
2380 4686 2632 4738 manibus
2683 4699 2733 4741 te
2777 4689 2985 4753 incitet,
3018 4692 3110 4760 qui
3146 4692 3200 4745 in
3234 4692 3477 4749 adversis

1902 4783 2023 4836 qua:
2046 4769 2298 4824 accidunt
2326 4775 2637 4839 patientiam
2669 4788 2718 4831 te
2743 4778 2936 4834 doceat
2967 4781 3032 4833 ¹³.

1971 4860 2060 4913 50.
2095 4859 2334 4917 Joannes
2370 4865 2419 4916 in
2459 4862 2691 4923 Vcabum
2748 4872 2891 4938 quod
2940 4872 3207 4942 principio
3239 4882 3388 4930 caret
3413 4874 3477 4942 “,

1903 4950 1995 5003 tibi
2031 4951 2229 5005 ductor
2256 4955 2483 5009 exstitit.

1975 5041 2063 5095 Sil.
2109 5040 2308 5098 llilaris
2365 5048 2506 5102 Stilla
2565 5052 2756 5116 animi,
2799 5051 2960 5107 fronti
2997 5059 3245 5111 monachi
3283 5057 3476 5123 aﬂ‘usa,

1906 5131 2135 5186 fratrum
2176 5145 2379 5190 coetum
2433 5152 2670 5208 recreat;
2705 5145 2794 5213 qui
2831 5155 3008 5200 autem
3051 5149 3351 5205 monachus
3383 5167 3472 5218 ρος

1908 5223 2170 5277 tulantior
2205 5236 2290 5281 est
2328 5237 2384 5284 et
2420 5246 2641 5299 procax,
2674 5234 2903 5289 fratrum
2948 5248 3274 5293 conventum
3320 5240 3473 5295 dissi-

1905 5321 2014 5380 pat.

1975 5403 2067 5457 5'2.
2087 5404 2389 5474 Equalitas
2422 5407 2646 5463 fratrum
2676 5413 2986 5480 superbiam
3017 5414 3268 5487 dissipat,
3299 5417 3479 5475 firma.

1905 5509 2011 5560 que
2047 5494 2227 5549 radice
2254 5496 2612 5552 lnunilitatem
2645 5500 2807 5556 locat.
2836 5512 2847 5521 '

2314 5609 2355 5638 ”
2393 5607 2549 5664 Joan.
2587 5627 2623 5674 ι,
2664 5613 2713 5667 l.
