3998 6214
472 244 493 308 1
504 245 605 307 483

524 357 620 409 ‘97.
658 354 760 421 Qui
796 352 1094 405 monachus
1127 350 1178 402 in
1219 349 1298 403 ira
1331 347 1554 401 minime
1589 358 1811 413 compos
1843 344 2037 410 lingua:
2069 347 2109 400 Λ

1808 235 1872 293 Β.
1915 225 2393 293 HYPERECHIU

3590 219 3731 279 1481

2225 339 2282 389 '0
2320 336 2395 408 μὴ
2429 334 2646 404 κρατῶν
2682 329 2934 399 γλώσσης
2979 326 3143 381 αὑτοῦ
3179 326 3409 397 μοναχδς
3449 326 3510 380 ὲν
3550 329 3735 398 καιρῷ

416 473 438 519 ι,
465 460 569 512 est,
597 449 684 503 hic
714 446 835 501 talis
859 459 957 498 nec
990 442 1271 495 libidimnn
1300 454 1363 493 ac
1388 439 1643 492 vitiorum
1704 449 1921 504 compos
1957 434 2041 486 lu-

2219 427 2336 496 γῆς,
2368 425 2486 477 οὐδὲ
2520 423 2706 476 παθῶν
2737 421 2999 489 κρατήσει
3025 421 3053 471 ὁ
3087 417 3347 481 τοιοῦτος.

468 553 627 594 IUI'IIS
655 547 759 594 θεῖ.

444 632 451 671 ³
541 629 632 685 98.
682 627 972 697 Indulgens
1024 625 1117 679 ira:
1162 619 1480 683 monachus,
1529 617 1766 672 animam
1818 614 2040 678 occidit,

2227 628 2288 681 Ὀ
2320 626 2670 697 ὀργιζόμενος
2703 620 2936 692 μοναχὸς
2960 619 3185 689 ἀναιρεῖ
3209 616 3411 686 ψυχὴν,
3439 617 3530 669 καὶ
3559 631 3735 668 κατα-

471 736 750 794 propeque
780 728 1021 776 astantes
1062 714 1396 771 acutissimis
1440 711 1660 781 gravius
1681 708 2041 787 convulnerat

2219 716 2437 787 τρώσκει
2467 715 2675 785 βέλεσιν
2704 712 2987 777 ὀξυτάτοις
3014 710 3142 772 τοὺς
3167 708 3394 775 ἔγγιστα
3422 705 3612 761 αὑτοῦ.

470 811 691 881 jaculis.

542 902 630 955 99.
674 898 761 954 Vae
790 899 1056 962 monacho
1082 896 1174 966 qui
1220 893 1483 963 justiﬁeat
1528 890 1764 958 seipsum
1814 888 1868 941 in
1910 901 2047 940 con-

476 1001 664 1059 spectu
696 990 1012 1044 hominum!
1054 988 1139 1042 hic
1167 986 1309 1041 enim
1351 982 1475 1038 talis
1507 980 1863 1038 exsecrabilis
1904 978 2048 1047 apud

478 1081 586 1134 Dcu
595 1097 645 1133 m
656 1120 667 1131 .
1022 1135 1032 1144 ο

546 1173 669 1227 100.
708 1171 900 1242 Segnis
935 1169 1234 1224 monachus
1261 1181 1541 1222 sermones
1575 1176 1743 1217 vanos
1763 1158 2050 1216 meditabi-

477 1276 600 1332 tur;
641 1266 911 1333 fallaxque
941 1266 1061 1335 ejus
1091 1262 1353 1318 fabulatio
1379 1276 1442 1315 ac
1466 1258 1816 1328 colloquium.

548 1357 669 1411 101.
711 1356 792 1410 Ira
826 1371 1067 1427 praeceps
1098 1352 1423 1415 monachus,
1458 1351 1510 1403 in
1559 1348 1888 1403 tentationes
1918 1344 2055 1397 inci-

479 1448 569 1501 det
601 1467 611 1500 :
642 1448 732 1517 qui
766 1456 944 1500 autem
980 1445 1117 1498 lenis
1151 1453 1253 1508 est,
1287 1441 1498 1496 sedabit
1523 1440 1681 1492 iram.

556 1539 679 1592 10'2.
747 1539 850 1603 Qui
898 1537 1117 1592 conlidit
1168 1537 1219 1589 in
1267 1533 1514 1603 corporis
1569 1531 1786 1595 robore,
1847 1529 2056 1583 ruinam

477 1632 666 1697 dabit;
700 1630 791 1699 qui
816 1639 993 1683 autem
1028 1627 1249 1683 conlidit
1275 1628 1329 1679 in
1364 1624 1613 1688 Domino,
1653 1622 1835 1676 salvus
1859 1621 1981 1673 erit.

560 1721 678 1774 105.
717 1719 818 1785 Qui
849 1719 1154 1788 proximum
1202 1716 1411 1786 spernit
1450 1723 1510 1767 ut
1552 1720 1913 1783 peccatorem,
1963 1709 2055 1763 de-
2089 1726 2127 1779 υ

483 1811 704 1879 ploratae
739 1809 900 1863 sortis
936 1809 1237 1862 monachus
1265 1814 1386 1860 est:
1419 1805 1510 1874 qui
1551 1812 1730 1858 autem
1766 1817 1891 1855 eum
1932 1800 2054 1870 plu-

484 1902 561 1956 ris
590 1916 648 1955 se
674 1900 819 1965 facit,
845 1899 1191 1954 exaltabitur.

552 1992 675 2044 10.1.
735 1987 897 2043 Leuis
930 1989 1229 2041 menachus
1262 1972 1611 2047 exaltabitur,
1646 1991 1700 2036 et
1732 1982 1784 2034 in
1819 1994 2057 2049 conspe-

486 2091 574 2137 ctu
612 2090 924 2150 magnatum
956 2077 1285 2131 laudabitur.

553 2173 677 2229 105.
708 2171 845 2225 Ante
876 2169 1255 2227 tentationcm.
1298 2174 1350 2220 te
1400 2166 1537 2234 ipse,
1573 2163 1861 2226 monache,
1894 2160 2062 2214 armis

489 2263 720 2327 instrue,
758 2260 992 2330 (eveniet
1038 2257 1206 2326 enim)
1242 2265 1298 2311 ut
1346 2256 1399 2309 in
1448 2256 1747 2311 tentatione
1806 2256 2062 2324 probatus

490 2370 779 2426 apparens.

555 2446 676 2501 106.
708 2446 789 2499 Ne
820 2443 1028 2513 amplas
1057 2458 1187 2513 opes
1213 2444 1545 2513 obesamque
1569 2455 1789 2496 carnem
1840 2455 2065 2510 parave-

490 2541 588 2602 ris,
616 2538 910 2603 monachc;
942 2552 1061 2605 qua:
1081 2536 1224 2590 enim
1255 2545 1402 2589 arcta
1439 2534 1510 2589 sit
1537 2542 1591 2589 et
1621 2543 1844 2604 angusta
1881 2536 1965 2587 via
1995 2534 2060 2597 '°,

490 2633 652 2686 ambo
679 2631 792 2685 haec
818 2630 1044 2700 respuit.

558 2724 681 2778 107.
741 2723 843 2789 Qui
901 2721 1054 2776 Pauli
1095 2720 1402 2790 discipulus
1447 2718 1699 2783 exsistas,
1752 2716 1919 2771 dicito
1945 2732 2067 2771 cum

492 2815 584 2868 illo
614 2832 626 2867 :
665 2813 856 2869 Omnia
884 2812 1176 2865 arbitratus
1202 2818 1398 2864 suntut
1424 2820 1679 2872 stercora,
1712 2816 1769 2859 ut
1798 2805 2069 2860 Christum

492 2905 858 2967 lucrifacere":
879 2903 949 2957 ’⁷.

563 2994 685 3049 108.
716 2992 860 3064 Ignis
892 2992 1091 3046 ardens
1120 2992 1171 3044 in
1220 2988 1537 3062 praecordiis
1586 2987 1864 3051 monachi,
1903 2985 2070 3041 libido

494 3101 618 3154 quae
648 3085 698 3137 in
729 3083 950 3153 crapula
974 3095 1203 3135 accensa
1231 3080 1321 3135 sit.

565 3176 685 3231 109.
724 3174 876 3245 Jugis
910 3174 1031 3228 fons
1059 3173 1310 3227 Christus
1338 3188 1352 3224 :
1384 3168 1508 3223 inde
1555 3167 1831 3233 hauriens,
1879 3166 2073 3220 olentis

497 3272 707 3326 fusioris
739 3268 1047 3321 incendium
1074 3266 1380 3333 exstingne.

571 3363 695 3416 110.
726 3360 874 3426 Quas
907 3360 959 3413 in
991 3357 1245 3411 manibus
1265 3370 1395 3425 opes
1428 3364 1635 3417 teneas,
1664 3367 1936 3422 quamque
1958 3367 2077 3405 cra-

506 3455 630 3525 pula
663 3453 885 3507 obesam
928 3465 1147 3503 carnem
1176 3448 1389 3511 reddas,
1426 3462 1532 3500 non
1559 3445 1909 3499 admittentnr
1938 3445 2075 3496 intra

485 3546 624 3600 ,εαξη
650 3544 871 3613 januas.
907 3541 1024 3595 Noli
1055 3555 1203 3610 ergo,
1244 3539 1535 3599 monache,
1573 3536 1825 3591 ﬁduciam
1882 3535 2078 3589 habere

503 3635 554 3689 in
584 3635 786 3687 divitiis
804 3634 1089 3701 obcszeque
1112 3630 1293 3684 carnis
1319 3629 1553 3689 luxurie,
1586 3634 1645 3680 ut
1670 3625 2026 3681 liceatdicere
2062 3641 2074 3676 :

496 3729 722 3781 .Dimitte
749 3727 896 3779 nobis
929 3725 1105 3778 debita
1131 3733 1332 3783 nostra,
1373 3721 1509 3775 sicut
1541 3728 1589 3773 et
1620 3735 1712 3771 nos
1760 3716 2077 3770 dimittimus

504 3820 824 3875 debitoribus
854 3818 1047 3871 nostris
1075 3816 1142 3869 ’⁸.

560 3910 694 3964 111.
735 3908 926 3977 Segnis
956 3906 1257 3960 monachus
1290 3918 1319 3956 τι
1344 3901 1762 3972 cogitationibus
1790 3897 2081 3954 suﬂ‘ocabi-

504 4014 615 4064 tur,
647 4000 783 4054 haud
811 4014 973 4055 secus
988 4013 1065 4052 .ac
1098 3997 1335 4051 triticum
1373 4010 1402 4046 a
1441 3993 1613 4063 spinis
1646 3991 1944 4047 suﬂocatur
1978 3993 2044 4044 ".

560 4092 696 4146 1119..
720 4090 954 4145 Verbum
980 4102 1203 4158 pravum
1232 4101 1299 4140 ne
1326 4083 1565 4155 proterat
1590 4083 1893 4139 monachus
1926 4101 1937 4135 :
1972 4098 2078 4136 non

504 4184 650 4239 enim
676 4184 800 4237 vitis
830 4182 1039 4252 profert
1067 4180 1275 4250 spinas.

578 4274 693 4327 113.
717 4273 976 4327 Dulcibus
995 4270 1172 4328 verbis
1195 4269 1446 4338 proximo
1468 4266 1725 4334 loquatur
1746 4265 2079 4320 monachus:

506 4381 613 4419 non
635 4364 779 4417 enim
819 4364 925 4417 mel
955 4361 1374 4417 amaritudinem
1403 4359 1583 4413 habet.

572 4456 702 4512 114.
755 4453 958 4511 Caveat
1025 4453 1331 4508 monachus
1383 4467 1455 4506 ne
1495 4452 1739 4522 sitvpiger
1762 4449 2073 4521 praestando

502 4549 728 4620 iustitiae
754 4563 920 4619 opera
947 4563 961 4613 ;
991 4546 1110 4616 apis
1156 4544 1301 4601 enim
1330 4559 1547 4613 semper
1586 4544 1737 4612 operi
1781 4541 1969 4597 sedula
2002 4541 2083 4593 in-

505 4642 733 4699 cumbit.

581 4734 704 4789 115.
753 4732 1012 4788 .lordanis
1050 4731 1311 4785 ﬂuentum
1366 4728 1652 4798 expiandis
1695 4725 1954 4796 peccatis,
2007 4721 2086 4776 la-

509 4843 728 4897 crymw.
763 4826 851 4879 Ait
878 4823 1294 4893 enim'Christus
1314 4839 1326 4875 :
1352 4821 1501 4875 Beati
1521 4820 1609 4888 qui
1624 4819 1822 4889 lugent,
1839 4816 2088 4885 quoniam

510 4917 925 4973 consolabuntur
952 4916 1018 4970 '°.

593 5011 713 5064 116.
741 5008 1009 5061 Pernatur
1032 5004 1336 5059 monachus
1384 5001 1781 5072 cogitationum
1822 4997 2035 5053 turbine
2070 5014 2087 5060 ;

511 5102 629 5172 ipse
666 5116 794 5154 vero
840 5099 1099 5170 angelicis
1147 5095 1329 5151 verbis
1378 5096 1620 5163 seipsum
1682 5091 1914 5145 ﬁrmiter
1976 5098 2091 5143 sta-

514 5196 648 5241 ωσι.
1236 5232 1241 5239 ,

580 5240 704 5335 117.
740 5279 958 5341 Libera.
984 5280 1291 5345 ‘monache,
1343 5287 1545 5347 quanta
1594 5273 1831 5328 facultas
1868 5240 2087 5337 absque

512 5374 711 5442 probro
734 5371 1054 5441 proximum
1087 5386 1115 5423 a
1146 5380 1375 5438 peccato
1402 5386 1411 5419 :
1445 5369 1584 5422 Deus
1616 5367 1760 5419 enim
1792 5362 2087 5430 nonrepcl—

512 5460 575 5515 tit
606 5478 701 5518 cos
733 5460 826 5532 qui
854 5470 1265 5517 convertuntur.

547 5664 938 5732 “Matthn'n,
966 5668 1049 5722 1-1.
1129 5668 1172 5705 ’τ
1217 5664 1444 5734 Philipp.
1482 5678 1561 5729 ιιι,
1608 5662 1661 5717 8.
1739 5661 1785 5692 ’⁸
1826 5659 2017 5714 Matth.
2062 5674 2068 5686 ‘

2219 5654 2272 5708 (Ξ.
2352 5653 2395 5686 ’τ’
2433 5653 2596 5708 Marc.
2630 5667 2703 5718 tv,
2746 5651 2798 5706 7.

2109 4412 2160 4472 D

2222 896 2359 949 Οὐαὶ
2401 892 2621 964 μοναχῷ
2648 889 2949 945 δικαιοῦντι
2989 888 3181 942 ἑαυτὸν
3218 886 3447 942 ἐνώπιον
3486 886 3597 939 τῶν
3636 889 3737 940 ἀν-

2154 987 2387 1059 θρώπων
2406 1002 2419 1017 ·
2457 984 2739 1055 pssime;
2765 984 2794 1035 ὁ
2823 980 3062 1042 τοιοῦτος
3092 978 3244 1049 παρὰ
3268 977 3405 1049 Θεῷ.

2238 1166 2497 1237 Ὀκνηρδς
2532 1162 2764 1234 μοναχὺς
2797 1159 3083 1231 μελετήσει
3103 1155 3293 1225 λόγους
3320 1154 3611 1223 ματαίους,
3636 1156 3733 1206 καὶ

2157 1258 2191 1328 ἡ
2220 1257 2406 1328 ὁμιλία
2440 1254 2604 1307 αὐτοῦ
2635 1251 2909 1320 ἁπατηλή.

2174 1408 2179 1411 _
2240 1350 2396 1415 Ὀξὺς
2428 1345 2662 1418 μοναχὺς
2692 1343 3015 1413 ἐμπεσεῖται
3068 1340 3146 1401 είς
3194 1334 3532 1407 πειρασμούς
3557 1352 3572 1366 ·
3618 1336 3650 1386 ὁ
3679 1334 3734 1385 δὲ

2159 1441 2337 1513 πραῢς
2369 1437 2711 1491 καταπαύσει
2741 1435 2932 1505 ὀργήν.

2242 1533 2299 1584 '0
2330 1528 2606 1597 πεποιθὼς
2636 1528 2728 1579 ἐπὶ
2756 1520 2981 1592 δυνάμει
3012 1519 3284 1588 σώματος,
3316 1519 3588 1569 πεσεῖται·
3622 1517 3655 1567 ὁ
3675 1516 3736 1568 δὲ

2164 1620 2437 1683 πεποιθὼς
2463 1620 2557 1671 ἐπὶ
2589 1617 2813 1687 Κυρίου,
2846 1614 3172 1682 σωθήσεται.

2236 1716 2296 1769 Ὀ
2325 1712 2613 1778 ὲξουδενῶν
2650 1711 2741 1762 τὸν
2771 1707 2997 1777 πλησίον
3037 1704 3112 1767 ὡς
3150 1700 3503 1772 ἁμαρτωλὸν,
3552 1695 3741 1749 ταλαί-

2159 1823 2342 1879 πωρος
2374 1804 2604 1876 μοναχὸς
2624 1818 2637 1831 ·
2674 1803 2703 1853 ὁ
2730 1800 2787 1853 δὲ
2818 1794 3099 1869 προτιμῶν
3128 1793 3216 1847 τὸν
3245 1790 3495 1861 πλησίον,
3523 1787 3739 1857 etum-

2162 1915 2334 1951 σεται.

2231 1992 2275 2042 II
2286 1988 2417 2058 ραῢς
2449 1984 2678 2056 μοναχὸς
2704 1980 3071 2050 ὑψωθήσεται,
3097 1974 3190 2028 καὶ
3208 1975 3267 2025 ὲν
3286 1972 3441 2034 ὄψεσι
3461 1969 3733 2022 δυναστῶν

2162 2079 2603 2147 ἐπαινεθήσεται.

2235 2174 2348 2246 Πρὸ
2377 2169 2686 2243 πειρασμοῦ
2721 2164 3016 2227 καθόπλιζε
3047 2159 3294 2222 σεαυτδν,
3330 2157 3567 2227 μοναχὲ·
3597 2171 3732 2222 συμ-

2165 2268 2390 2337 ϐήσεται
2435 2264 2570 2332 γὰρ,
2623 2261 2711 2313 ἵνα
2757 2261 2814 2311 ἐν
2863 2255 2941 2323 τῷ
2988 2250 3282 2322 πειρασμῷ
3334 2249 3564 2317 δόκιμος
3610 2247 3745 2298 ἁνα-

2166 2360 2359 2428 φανῇς.

2237 2426 2473 2502 Πλοῦτον
2518 2444 2612 2499 καὶ
2661 2438 3031 2509 πολυσαρκίαν
3065 2435 3140 2505 μὴ
3182 2432 3381 2503 κτήσῃ,
3415 2426 3664 2499 μοναχέ·
3708 2426 3739 2494 ἢ

2168 2544 2274 2613 γὰρ
2323 2539 2483 2607 στενὴ
2535 2536 2629 2590 καὶ
2675 2531 3013 2602 τεθλιμμένη
3063 2526 3181 2588 ὁδὸς
3235 2522 3303 2575 τὰ
3356 2520 3747 2589 συναμφότερα

2169 2632 2489 2689 ἀπωθεῖται.
2504 2640 2505 2643 ‘

2241 2722 2457 2777 Παύλου
2518 2718 2805 2787 γενόμενος
2865 2708 3150 2781 μαθητὴς,
3188 2707 3317 2772 λέγε
3386 2704 3484 2755 σὺν
3550 2698 3695 2769 αύτῷ
3726 2712 3745 2728 ·

2173 2817 2436 2883 ’Ήγημαι
2474 2808 2671 2862 πάντα
2700 2804 2973 2858 σκύϐαλα
3000 2795 3173 2860 εἶναι,
3204 2795 3306 2847 ἵνα
3332 2793 3591 2860 Χριστὸν
3615 2804 3755 2856 κερ-

2174 2906 2363 2971 δήσω.

2247 2996 2366 3067 Πῦρ
2414 2994 2704 3063 καιόμενον
2758 2990 2814 3041 ὲν
2869 2986 2983 3047 τοῖς
3039 2979 3295 3049 ὲγκὰτοις
3345 2974 3439 3028 τοῦ
3490 2966 3755 3043 μοεδαχοῦ,

2100 3062 2141 3117 C
2176 3062 2346 3159 movit
2366 3088 2422 3139 ὲν
2452 3062 2731 3154 κραιπάλῃ
2760 3073 3123 3144 ὲναπτομένη.

2250 3155 2405 3249 [Ιη-γὴ
2433 3177 2661 3236 ἁένναος
2690 3173 2719 3223 ὁ
2748 3170 2984 3241 Χριστός
3014 3184 3027 3199 ·
3083 3167 3145 3217 ὲκ
3196 3162 3402 3229 ταύτης
3430 3155 3760 3228 ἀρυόμενος,

2176 3270 2274 3340 τὴν
2302 3267 2510 3335 δυσώδη
2544 3265 2821 3334 πυρκαϊὰν
2852 3257 3177 3312 ἁπόσϐεσον.

2249 3361 2482 3422 Πλοῦτος
2513 3360 2570 3411 ὲν
2598 3356 2758 3427 χερσὶ
2788 3351 3175 3421 κατεχόμενος,
3206 3347 3296 3398 καὶ
3325 3338 3669 3410 πολυσαρκία
3702 3339 3763 3389 ὲν

2179 3450 2457 3525 κραιπάλῃ
2488 3444 2873 3514 συνισταμένη,
2906 3442 3007 3493 οὐκ
3038 3431 3538 3525 εἰσδεχθήσεταιιείς
3563 3427 3759 3525 ᾢιλας

2179 3539 2443 3611 οὐρανῶν.
2472 3532 2753 3593 Πεποιθὼς
2780 3530 2871 3582 οὖν
2902 3529 3062 3588 ἔστω,
3099 3520 3307 3593 μοναχέ.
3336 3516 3408 3585 μὴ
3434 3516 3490 3565 ὲν
3521 3510 3751 3577 πλούτῳ

2180 3634 2275 3686 καί
2318 3625 2678 3697 πολυσαρκίᾳ,
2713 3622 2796 3675 ἵνα
2825 3617 3049 3678 δυνατὸς
3089 3610 3154 3685 ᾗς
3198 3610 3292 3664 τοῦ
3330 3609 3529 3673 λέγειν,
3570 3605 3761 3670 Ἀςςες

2181 3725 2326 3794 ἡμῖν
2353 3722 2424 3775 τὰ
2446 3696 2815 3789 ὀφειλήματα
2844 3709 3033 3781 ἡμῶν,
3071 3708 3149 3771 ὡς
3184 3704 3281 3757 καὶ
3318 3698 3485 3769 ἡμεῖς
3508 3696 3765 3765 ἀφίεμεν

2187 3816 2306 3882 τοῖς
2332 3810 2664 3883 ὀφειλέταις
2689 3804 2875 3875 ἡμῶν.

2263 3881 2533 3977 Ῥᾁθυμος
2567 3898 2797 3971 μοναχὸς
2828 3893 3169 3963 πληγὴσεται
3202 3886 3308 3941 ὑπὸ
3346 3881 3646 3952 λογισμῶν,
3688 3881 3764 3942 ὡς

2184 3999 2289 4052 ὑπὸ
2317 3994 2568 4051 ἀκανθῶν
2602 3995 2765 4053 σῖτος.

2267 4090 2446 4158 Ῥἦμα
2470 4083 2705 4154 πονηρὸν
2733 4082 2807 4150 μὴ
2850 4077 3175 4148 προφερέτω
3218 4072 3449 4143 μοναχύς
3469 4086 3483 4099 ·
3517 4067 3768 4138 ἄμπελος

2184 4183 2293 4252 γὰρ
2322 4174 2704 4244 ἅκανθηφὸρος
2732 4170 2792 4222 οὐ
2826 4170 3056 4236 γίνεται.

2266 4246 2504 4339 ³Ρήμασι
2549 4261 2908 4331 γλυκυτάτοις
2957 4256 3182 4311 λαλείτω
3234 4252 3464 4323 μοναχὺς
3504 4247 3586 4318 τῷ
3628 4246 3772 4315 πλη⁹

2189 4364 2301 4417 σίον
2321 4379 2333 4392 ·
2371 4360 2491 4429 μέλι
2521 4356 2629 4425 γὰρ
2659 4353 2884 4423 πικρίαν
2913 4351 3012 4403 οὐκ
3044 4349 3175 4417 ἔχει.

2265 4426 2533 4522 Ῥᾴθυμος
2606 4442 2833 4515 μοναχδς
2907 4440 2980 4509 μὴ
3046 4435 3281 4503 γινέσθω
3344 4431 3481 4500 πρὸς
3543 4426 3613 4480 τὰ
3670 4426 3778 4495 τῆς

2183 4519 2527 4609 δικαιοσύνης
2557 4537 2729 4606 ἔργα⁸
2773 4534 2809 4603 ἡ
2836 4530 2945 4600 γὰρ
2977 4528 3208 4599 μέλισσα
3236 4524 3324 4578 διὰ
3356 4521 3555 4582 παντὸς
3600 4519 3780 4587 ἔργά-

2189 4637 2360 4699 ζεται.

2272 4722 2516 4793 Ῥεῖθρον
2558 4718 2826 4791 Ἰορδάνου
2872 4711 3171 4782 καθάρσιον
3216 4703 3635 4776 ἁμαρτημάτων
3683 4700 3783 4752 δά-

2192 4834 2355 4889 κρυα.
2404 4812 2637 4884 Χριστὸς
2668 4810 2774 4879 γὰρ
2805 4805 2961 4860 εἷπε*
3005 4799 3297 4870 Μακάριοι
3334 4799 3388 4849 οἱ
3428 4794 3780 4877 κλαίοντες,

2189 4910 2278 4962 ὅτι
2313 4903 2695 4976 γελάσονται.

2270 4975 2571 5060 Ῥιπίζεται
2605 4988 2832 5063 μοναχὸς
2862 4986 2967 5040 ὑπὸ
3002 4982 3265 5043 λαίλαπος
3309 4975 3590 5046 λογισμῶν
3612 4991 3625 5003 ·
3682 4976 3787 5044 ῥή-

2194 5107 2325 5162 μασι
2351 5087 2407 5141 δὲ
2437 5083 2748 5153 ἀγγελικοῖς
2780 5075 3084 5148 στηριζέτω
3112 5072 3303 5126 ἑαυτὸν
3332 5068 3639 5140 κραταιῶς.

2274 5265 2484 5325 Ῥὖσαι.
2516 5260 2738 5333 μοναχὲ,
2774 5258 2865 5311 τὸν
2904 5254 3130 5323 πλησίον
3158 5251 3267 5304 ἀπὸ
3297 5245 3573 5317 ἁμαρτίας
3608 5248 3797 5314 χωρὶς

2191 5356 2521 5428 ὁνειδισμοῦ,
2553 5354 2652 5421 ὅση
2687 5368 2770 5403 σοι
2798 5347 3050 5415 δύναμιςο
3075 5343 3207 5404 Θεὸς
3233 5340 3342 5410 γὰρ
3364 5339 3489 5399 τοὺς
3518 5334 3797 5405 ἐπιστρέ-

2196 5466 2393 5520 φοντας
2422 5448 2521 5500 οὐκ
2552 5441 2875 5497 ἀπωθεῖται.

2883 5648 2926 5681 ³⁸
2958 5644 3146 5700 Matth.
3198 5657 3224 5692 γ
3244 5682 3257 5703 ,
