  <div class='ocr_page' id='page_1' title='image "/cluster/home/n/w/nwhite01/storage/ocr_20150623/79/hvd.32044073502056/748.png"; bbox 0 0 3898 6196; ppageno 0'>
   <div class='ocr_carea' id='block_1_1' title="bbox 246 250 381 312">
    <p class='ocr_par' dir='ltr' id='par_1_1' title="bbox 246 250 381 312">
     <span class='ocr_line' id='line_1_1' title="bbox 246 250 381 312; baseline 0.022 -3"><span class='ocrx_word' id='word_1_1' title='bbox 246 250 381 312; x_wconf 68' lang='grc'>1185</span> 
     </span>
    </p>
   </div>
   <div class='ocr_carea' id='block_1_2' title="bbox 1303 250 2396 315">
    <p class='ocr_par' dir='ltr' id='par_1_2' title="bbox 1303 250 2396 315">
     <span class='ocr_line' id='line_1_2' title="bbox 1303 250 2396 315; baseline 0.004 -6"><span class='ocrx_word' id='word_1_2' title='bbox 1303 259 1399 311; x_wconf 74' lang='grc' dir='ltr'><strong>ΑΙ)</strong></span> <span class='ocrx_word' id='word_1_3' title='bbox 1442 250 1844 311; x_wconf 71' lang='lat' dir='ltr'><strong>MONACHOS</strong></span> <span class='ocrx_word' id='word_1_4' title='bbox 1885 251 2396 315; x_wconf 77' lang='lat' dir='ltr'><strong>ADHORTATIO.</strong></span> 
     </span>
    </p>
   </div>
   <div class='ocr_carea' id='block_1_3' title="bbox 3361 245 3494 308">
    <p class='ocr_par' dir='ltr' id='par_1_3' title="bbox 3361 245 3494 308">
     <span class='ocr_line' id='line_1_3' title="bbox 3361 245 3494 308; baseline 0 -1"><span class='ocrx_word' id='word_1_5' title='bbox 3361 245 3494 308; x_wconf 61' lang='lat'><strong>1.186</strong></span> 
     </span>
    </p>
   </div>
   <div class='ocr_carea' id='block_1_4' title="bbox 316 360 1828 436">
    <p class='ocr_par' dir='ltr' id='par_1_4' title="bbox 316 362 1814 436">
     <span class='ocr_line' id='line_1_4' title="bbox 316 362 1814 436; baseline -0.001 -21"><span class='ocrx_word' id='word_1_6' title='bbox 316 363 496 432; x_wconf 80' lang='grc' dir='ltr'>Ῥἦμα</span> <span class='ocrx_word' id='word_1_7' title='bbox 548 363 743 425; x_wconf 84' lang='grc' dir='ltr'>κακίας</span> <span class='ocrx_word' id='word_1_8' title='bbox 794 363 885 415; x_wconf 76' lang='grc' dir='ltr'><strong>καὶ</strong></span> <span class='ocrx_word' id='word_1_9' title='bbox 937 362 1200 432; x_wconf 76' lang='grc' dir='ltr'><strong>πονηρίας</strong></span> <span class='ocrx_word' id='word_1_10' title='bbox 1254 364 1328 433; x_wconf 81' lang='grc' dir='ltr'>μὴ</span> <span class='ocrx_word' id='word_1_11' title='bbox 1378 364 1709 436; x_wconf 82' lang='grc' dir='ltr'>ἀποκλείσῃς</span> <span class='ocrx_word' id='word_1_12' title='bbox 1759 366 1814 415; x_wconf 76' lang='grc' dir='ltr'><strong>ἐν</strong></span> 
     </span>
    </p>
   </div>
   <div class='ocr_carea' id='block_1_5' title="bbox 1968 360 3495 436">
    <p class='ocr_par' dir='ltr' id='par_1_5' title="bbox 1995 360 3495 432">
     <span class='ocr_line' id='line_1_5' title="bbox 1995 360 3495 432; baseline -0.005 -12"><span class='ocrx_word' id='word_1_13' title='bbox 1995 369 2110 421; x_wconf 86' lang='grc'>118.</span> <span class='ocrx_word' id='word_1_14' title='bbox 2153 366 2385 422; x_wconf 80' lang='lat' dir='ltr'><strong>Verbum</strong></span> <span class='ocrx_word' id='word_1_15' title='bbox 2421 364 2638 419; x_wconf 82' lang='lat' dir='ltr'><strong>malitiae</strong></span> <span class='ocrx_word' id='word_1_16' title='bbox 2691 372 2746 418; x_wconf 91' lang='lat' dir='ltr'><strong>et</strong></span> <span class='ocrx_word' id='word_1_17' title='bbox 2791 360 3048 432; x_wconf 84' lang='lat' dir='ltr'><strong>nequitiae</strong></span> <span class='ocrx_word' id='word_1_18' title='bbox 3100 374 3168 414; x_wconf 89' lang='lat' dir='ltr'><strong>ne</strong></span> <span class='ocrx_word' id='word_1_19' title='bbox 3227 361 3495 415; x_wconf 87' lang='lat' dir='ltr'><strong>clauseris</strong></span> 
     </span>
    </p>
   </div>
   <div class='ocr_carea' id='block_1_6' title="bbox 238 454 1810 525">
    <p class='ocr_par' dir='ltr' id='par_1_6' title="bbox 238 454 1810 525">
     <span class='ocr_line' id='line_1_6' title="bbox 238 454 1810 525; baseline -0.001 -17"><span class='ocrx_word' id='word_1_20' title='bbox 238 454 434 525; x_wconf 81' lang='grc' dir='ltr'>καρδίᾳ</span> <span class='ocrx_word' id='word_1_21' title='bbox 460 471 551 506; x_wconf 79' lang='grc' dir='ltr'><strong>σου</strong></span> <span class='ocrx_word' id='word_1_22' title='bbox 584 455 724 506; x_wconf 72' lang='grc' dir='ltr'>κατὰ</span> <span class='ocrx_word' id='word_1_23' title='bbox 754 454 846 506; x_wconf 84' lang='grc' dir='ltr'>τοῦ</span> <span class='ocrx_word' id='word_1_24' title='bbox 877 454 1106 522; x_wconf 80' lang='grc' dir='ltr'>ἀδελφοῦ</span> <span class='ocrx_word' id='word_1_25' title='bbox 1141 472 1254 520; x_wconf 85' lang='grc' dir='ltr'>σου,</span> <span class='ocrx_word' id='word_1_26' title='bbox 1283 455 1504 524; x_wconf 84' lang='grc' dir='ltr'>μοναχὲ,</span> <span class='ocrx_word' id='word_1_27' title='bbox 1536 456 1622 508; x_wconf 82' lang='grc' dir='ltr'>ἵνα</span> <span class='ocrx_word' id='word_1_28' title='bbox 1650 455 1810 507; x_wconf 90' lang='grc' dir='ltr'>δυνα-</span> 
     </span>
    </p>
   </div>
   <div class='ocr_carea' id='block_1_7' title="bbox 238 543 1813 618">
    <p class='ocr_par' dir='ltr' id='par_1_7' title="bbox 238 543 1813 618">
     <span class='ocr_line' id='line_1_7' title="bbox 238 543 1813 618; baseline 0 -21"><span class='ocrx_word' id='word_1_29' title='bbox 238 546 330 608; x_wconf 81' lang='grc' dir='ltr'><strong>τὸς</strong></span> <span class='ocrx_word' id='word_1_30' title='bbox 359 543 424 618; x_wconf 78' lang='grc' dir='ltr'><strong>ᾖς</strong></span> <span class='ocrx_word' id='word_1_31' title='bbox 453 546 544 599; x_wconf 77' lang='grc' dir='ltr'>τοῦ</span> <span class='ocrx_word' id='word_1_32' title='bbox 565 545 741 614; x_wconf 79' lang='grc' dir='ltr'>λέγειν</span> <span class='ocrx_word' id='word_1_33' title='bbox 762 563 775 576; x_wconf 91' lang='grc'><strong>·</strong></span> <span class='ocrx_word' id='word_1_34' title='bbox 822 547 1005 614; x_wconf 68' lang='grc' dir='ltr'>Ἀςςες</span> <span class='ocrx_word' id='word_1_35' title='bbox 1036 545 1179 612; x_wconf 77' lang='grc' dir='ltr'><strong>ἡμῖν</strong></span> <span class='ocrx_word' id='word_1_36' title='bbox 1212 546 1281 599; x_wconf 84' lang='grc' dir='ltr'>τὰ</span> <span class='ocrx_word' id='word_1_37' title='bbox 1302 546 1691 614; x_wconf 66' lang='grc' dir='ltr'>ὀφειλήματα,</span> <span class='ocrx_word' id='word_1_38' title='bbox 1720 546 1813 598; x_wconf 57' lang='grc' dir='ltr'><strong>καὶ⁵</strong></span> 
     </span>
    </p>
   </div>
   <div class='ocr_carea' id='block_1_8' title="bbox 239 637 485 707">
    <p class='ocr_par' dir='ltr' id='par_1_8' title="bbox 239 637 485 707">
     <span class='ocr_line' id='line_1_8' title="bbox 239 637 485 707; baseline -0.004 -17"><span class='ocrx_word' id='word_1_39' title='bbox 239 639 308 690; x_wconf 65' lang='grc' dir='ltr'>τὰ</span> <span class='ocrx_word' id='word_1_40' title='bbox 340 637 485 707; x_wconf 78' lang='grc' dir='ltr'>ἑξῆς.</span> 
     </span>
    </p>
   </div>
   <div class='ocr_carea' id='block_1_9' title="bbox 309 724 1817 798">
    <p class='ocr_par' dir='ltr' id='par_1_9' title="bbox 309 724 1817 798">
     <span class='ocr_line' id='line_1_9' title="bbox 309 724 1817 798; baseline 0.001 -22"><span class='ocrx_word' id='word_1_41' title='bbox 309 724 582 793; x_wconf 79' lang='grc' dir='ltr'>Στέφανος</span> <span class='ocrx_word' id='word_1_42' title='bbox 616 725 869 795; x_wconf 80' lang='grc' dir='ltr'>μοναχοῦ,</span> <span class='ocrx_word' id='word_1_43' title='bbox 898 727 1087 798; x_wconf 80' lang='grc' dir='ltr'>εἰρήνη</span> <span class='ocrx_word' id='word_1_44' title='bbox 1114 727 1205 780; x_wconf 72' lang='grc' dir='ltr'><strong>καὶ</strong></span> <span class='ocrx_word' id='word_1_45' title='bbox 1226 726 1495 797; x_wconf 86' lang='grc' dir='ltr'>ἀγιασμός</span> <span class='ocrx_word' id='word_1_46' title='bbox 1515 743 1529 757; x_wconf 76' lang='grc' dir='ltr'>ο</span> <span class='ocrx_word' id='word_1_47' title='bbox 1562 729 1589 779; x_wconf 82' lang='grc' dir='ltr'>ὁ</span> <span class='ocrx_word' id='word_1_48' title='bbox 1619 742 1817 796; x_wconf 84' lang='grc' dir='ltr'>κεκτη-</span> 
     </span>
    </p>
   </div>
   <div class='ocr_carea' id='block_1_10' title="bbox 244 818 1199 890">
    <p class='ocr_par' dir='ltr' id='par_1_10' title="bbox 244 818 1199 890">
     <span class='ocr_line' id='line_1_10' title="bbox 244 818 1199 890; baseline 0.002 -19"><span class='ocrx_word' id='word_1_49' title='bbox 244 819 404 889; x_wconf 79' lang='grc' dir='ltr'>μένος</span> <span class='ocrx_word' id='word_1_50' title='bbox 438 819 599 881; x_wconf 82' lang='grc' dir='ltr'>αὐτὰ,</span> <span class='ocrx_word' id='word_1_51' title='bbox 632 818 819 888; x_wconf 67' lang='grc' dir='ltr'>ὄψεται</span> <span class='ocrx_word' id='word_1_52' title='bbox 851 819 939 872; x_wconf 79' lang='grc' dir='ltr'><strong>τὸν</strong></span> <span class='ocrx_word' id='word_1_53' title='bbox 972 819 1199 890; x_wconf 85' lang='grc' dir='ltr'><strong>Κύριον.</strong></span> 
     </span>
    </p>
   </div>
   <div class='ocr_carea' id='block_1_11' title="bbox 313 909 1819 982">
    <p class='ocr_par' dir='ltr' id='par_1_11' title="bbox 313 909 1819 982">
     <span class='ocr_line' id='line_1_11' title="bbox 313 909 1819 982; baseline -0.001 -20"><span class='ocrx_word' id='word_1_54' title='bbox 313 910 641 982; x_wconf 80' lang='grc' dir='ltr'><strong>Σωφροσύνη</strong></span> <span class='ocrx_word' id='word_1_55' title='bbox 672 912 905 982; x_wconf 84' lang='grc' dir='ltr'>μοναχοῦ</span> <span class='ocrx_word' id='word_1_56' title='bbox 929 910 1205 979; x_wconf 73' lang='grc' dir='ltr'>ἀνυψώσει</span> <span class='ocrx_word' id='word_1_57' title='bbox 1237 910 1483 981; x_wconf 79' lang='grc' dir='ltr'>κεφαλὴν</span> <span class='ocrx_word' id='word_1_58' title='bbox 1511 909 1698 975; x_wconf 84' lang='grc' dir='ltr'>αὑτοῦ,</span> <span class='ocrx_word' id='word_1_59' title='bbox 1726 910 1819 961; x_wconf 82' lang='grc' dir='ltr'>καὶ</span> 
     </span>
    </p>
   </div>
   <div class='ocr_carea' id='block_1_12' title="bbox 242 1000 1126 1072">
    <p class='ocr_par' dir='ltr' id='par_1_12' title="bbox 242 1000 1126 1072">
     <span class='ocr_line' id='line_1_12' title="bbox 242 1000 1126 1072; baseline 0.007 -22"><span class='ocrx_word' id='word_1_60' title='bbox 242 1000 300 1051; x_wconf 84' lang='grc' dir='ltr'>ὲν</span> <span class='ocrx_word' id='word_1_61' title='bbox 332 1001 482 1070; x_wconf 83' lang='grc' dir='ltr'>μέσῳ</span> <span class='ocrx_word' id='word_1_62' title='bbox 504 1002 684 1055; x_wconf 84' lang='grc' dir='ltr'>καλῶν</span> <span class='ocrx_word' id='word_1_63' title='bbox 712 1002 1126 1072; x_wconf 80' lang='grc' dir='ltr'>δοξασθήσεται.</span> 
     </span>
    </p>
   </div>
   <div class='ocr_carea' id='block_1_13' title="bbox 313 1091 1663 1165">
    <p class='ocr_par' dir='ltr' id='par_1_13' title="bbox 313 1091 1663 1165">
     <span class='ocr_line' id='line_1_13' title="bbox 313 1091 1663 1165; baseline 0.003 -21"><span class='ocrx_word' id='word_1_64' title='bbox 313 1091 554 1165; x_wconf 85' lang='grc' dir='ltr'>Σώφρων</span> <span class='ocrx_word' id='word_1_65' title='bbox 586 1094 819 1164; x_wconf 83' lang='grc' dir='ltr'>μοναχὸς</span> <span class='ocrx_word' id='word_1_66' title='bbox 849 1096 905 1147; x_wconf 85' lang='grc' dir='ltr'>ὲν</span> <span class='ocrx_word' id='word_1_67' title='bbox 937 1094 1253 1165; x_wconf 79' lang='grc' dir='ltr'><strong>ἐκκλησίαις</strong></span> <span class='ocrx_word' id='word_1_68' title='bbox 1280 1093 1663 1165; x_wconf 81' lang='grc' dir='ltr'><strong>τιμηθήσεται.</strong></span> 
     </span>
    </p>
   </div>
   <div class='ocr_carea' id='block_1_14' title="bbox 317 1267 1817 1343">
    <p class='ocr_par' dir='ltr' id='par_1_14' title="bbox 317 1267 1817 1343">
     <span class='ocr_line' id='line_1_14' title="bbox 317 1267 1817 1343; baseline 0.003 -24"><span class='ocrx_word' id='word_1_69' title='bbox 317 1267 490 1335; x_wconf 76' lang='grc' dir='ltr'>Σοφία</span> <span class='ocrx_word' id='word_1_70' title='bbox 535 1269 769 1339; x_wconf 85' lang='grc' dir='ltr'>μοναχοῦ</span> <span class='ocrx_word' id='word_1_71' title='bbox 825 1270 900 1340; x_wconf 82' lang='grc' dir='ltr'><strong>μὴ</strong></span> <span class='ocrx_word' id='word_1_72' title='bbox 955 1273 1012 1323; x_wconf 78' lang='grc' dir='ltr'><strong>ἐν</strong></span> <span class='ocrx_word' id='word_1_73' title='bbox 1061 1270 1401 1343; x_wconf 77' lang='grc' dir='ltr'>κομπολογίᾳ</span> <span class='ocrx_word' id='word_1_74' title='bbox 1448 1271 1817 1342; x_wconf 76' lang='grc' dir='ltr'><strong>γνωριζέσθω,</strong></span> 
     </span>
    </p>
   </div>
   <div class='ocr_carea' id='block_1_15' title="bbox 246 1357 1822 1431">
    <p class='ocr_par' dir='ltr' id='par_1_15' title="bbox 246 1357 1822 1431">
     <span class='ocr_line' id='line_1_15' title="bbox 246 1357 1822 1431; baseline 0.002 -21"><span class='ocrx_word' id='word_1_75' title='bbox 246 1357 364 1410; x_wconf 85' lang='grc' dir='ltr'>ἀλλ’</span> <span class='ocrx_word' id='word_1_76' title='bbox 394 1360 451 1410; x_wconf 81' lang='grc' dir='ltr'><strong>ὲν</strong></span> <span class='ocrx_word' id='word_1_77' title='bbox 481 1359 733 1430; x_wconf 77' lang='grc' dir='ltr'>εὐσεϐείᾳ</span> <span class='ocrx_word' id='word_1_78' title='bbox 762 1362 857 1413; x_wconf 89' lang='grc' dir='ltr'>καί</span> <span class='ocrx_word' id='word_1_79' title='bbox 892 1362 1161 1431; x_wconf 78' lang='grc' dir='ltr'><strong>πραΰτητι</strong></span> <span class='ocrx_word' id='word_1_80' title='bbox 1191 1362 1443 1430; x_wconf 78' lang='grc' dir='ltr'><strong>γινέσθω.</strong></span> <span class='ocrx_word' id='word_1_81' title='bbox 1476 1363 1645 1430; x_wconf 74' lang='grc' dir='ltr'>Σοφὸς</span> <span class='ocrx_word' id='word_1_82' title='bbox 1671 1361 1822 1414; x_wconf 79' lang='grc' dir='ltr'>ἔσται</span> 
     </span>
    </p>
   </div>
   <div class='ocr_carea' id='block_1_16' title="bbox 246 1452 1823 1527">
    <p class='ocr_par' dir='ltr' id='par_1_16' title="bbox 246 1452 1823 1527">
     <span class='ocr_line' id='line_1_16' title="bbox 246 1452 1823 1527; baseline 0.004 -24"><span class='ocrx_word' id='word_1_83' title='bbox 246 1452 276 1503; x_wconf 79' lang='grc' dir='ltr'>ὁ</span> <span class='ocrx_word' id='word_1_84' title='bbox 304 1452 565 1515; x_wconf 79' lang='grc' dir='ltr'>τοιοῦτος,</span> <span class='ocrx_word' id='word_1_85' title='bbox 608 1455 705 1506; x_wconf 79' lang='grc' dir='ltr'><strong>καὶ</strong></span> <span class='ocrx_word' id='word_1_86' title='bbox 753 1456 1036 1525; x_wconf 78' lang='grc' dir='ltr'>οἰκονόμος</span> <span class='ocrx_word' id='word_1_87' title='bbox 1066 1456 1303 1527; x_wconf 82' lang='grc' dir='ltr'>πλήθους</span> <span class='ocrx_word' id='word_1_88' title='bbox 1345 1456 1610 1523; x_wconf 82' lang='grc' dir='ltr'>ἀδελφῶν.</span> <span class='ocrx_word' id='word_1_89' title='bbox 1652 1454 1823 1523; x_wconf 82' lang='grc' dir='ltr'>Σοφδς</span> 
     </span>
    </p>
   </div>
   <div class='ocr_carea' id='block_1_17' title="bbox 248 1543 1824 1618">
    <p class='ocr_par' dir='ltr' id='par_1_17' title="bbox 248 1543 1824 1618">
     <span class='ocr_line' id='line_1_17' title="bbox 248 1543 1824 1618; baseline 0.004 -23"><span class='ocrx_word' id='word_1_90' title='bbox 248 1543 356 1618; x_wconf 85' lang='grc' dir='ltr'><strong>γὰρ</strong></span> <span class='ocrx_word' id='word_1_91' title='bbox 386 1545 600 1614; x_wconf 81' lang='grc' dir='ltr'>ἀληθῶς</span> <span class='ocrx_word' id='word_1_92' title='bbox 638 1546 806 1610; x_wconf 78' lang='grc' dir='ltr'>ἐστιν,</span> <span class='ocrx_word' id='word_1_93' title='bbox 845 1548 943 1617; x_wconf 74' lang='grc' dir='ltr'>οὐχ</span> <span class='ocrx_word' id='word_1_94' title='bbox 971 1550 998 1601; x_wconf 87' lang='grc' dir='ltr'><strong>ό</strong></span> <span class='ocrx_word' id='word_1_95' title='bbox 1026 1547 1104 1618; x_wconf 83' lang='grc' dir='ltr'>τῷ</span> <span class='ocrx_word' id='word_1_96' title='bbox 1133 1549 1276 1618; x_wconf 86' lang='grc' dir='ltr'>λόγῳ</span> <span class='ocrx_word' id='word_1_97' title='bbox 1319 1547 1606 1614; x_wconf 75' lang='grc' dir='ltr'>διδάσκων,</span> <span class='ocrx_word' id='word_1_98' title='bbox 1653 1547 1766 1601; x_wconf 85' lang='grc' dir='ltr'>ἀλλ’</span> <span class='ocrx_word' id='word_1_99' title='bbox 1796 1549 1824 1601; x_wconf 83' lang='grc' dir='ltr'><strong>ὁ</strong></span> 
     </span>
    </p>
   </div>
   <div class='ocr_carea' id='block_1_18' title="bbox 246 1635 818 1706">
    <p class='ocr_par' dir='ltr' id='par_1_18' title="bbox 246 1635 818 1706">
     <span class='ocr_line' id='line_1_18' title="bbox 246 1635 818 1706; baseline 0.005 -19"><span class='ocrx_word' id='word_1_100' title='bbox 246 1635 324 1706; x_wconf 83' lang='grc' dir='ltr'>τῷ</span> <span class='ocrx_word' id='word_1_101' title='bbox 352 1635 499 1706; x_wconf 82' lang='grc' dir='ltr'><strong>ἔργῳ</strong></span> <span class='ocrx_word' id='word_1_102' title='bbox 530 1637 818 1690; x_wconf 80' lang='grc' dir='ltr'><strong>παιδεύων.</strong></span> 
     </span>
    </p>
   </div>
   <div class='ocr_carea' id='block_1_19' title="bbox 321 1828 1823 1901">
    <p class='ocr_par' dir='ltr' id='par_1_19' title="bbox 321 1828 1823 1901">
     <span class='ocr_line' id='line_1_19' title="bbox 321 1828 1823 1901; baseline 0.003 -21"><span class='ocrx_word' id='word_1_103' title='bbox 321 1828 549 1891; x_wconf 80' lang='grc' dir='ltr'>Συνετὸς</span> <span class='ocrx_word' id='word_1_104' title='bbox 582 1831 811 1900; x_wconf 84' lang='grc' dir='ltr'>μοναχὸς</span> <span class='ocrx_word' id='word_1_105' title='bbox 840 1830 1125 1898; x_wconf 73' lang='grc' dir='ltr'>φάλαγγας</span> <span class='ocrx_word' id='word_1_106' title='bbox 1167 1832 1439 1901; x_wconf 81' lang='grc' dir='ltr'>δαιμόνων</span> <span class='ocrx_word' id='word_1_107' title='bbox 1493 1830 1823 1898; x_wconf 86' lang='grc' dir='ltr'>πυκτεύσας,</span> 
     </span>
    </p>
   </div>
   <div class='ocr_carea' id='block_1_20' title="bbox 250 1918 1364 1992">
    <p class='ocr_par' dir='ltr' id='par_1_20' title="bbox 250 1918 1364 1992">
     <span class='ocr_line' id='line_1_20' title="bbox 250 1918 1364 1992; baseline 0.003 -20"><span class='ocrx_word' id='word_1_108' title='bbox 250 1918 493 1989; x_wconf 77' lang='grc' dir='ltr'>ἄτρωτος</span> <span class='ocrx_word' id='word_1_109' title='bbox 518 1920 762 1989; x_wconf 79' lang='grc' dir='ltr'>διαμένει</span> <span class='ocrx_word' id='word_1_110' title='bbox 790 1919 899 1974; x_wconf 84' lang='grc' dir='ltr'>τῶν</span> <span class='ocrx_word' id='word_1_111' title='bbox 931 1921 1141 1974; x_wconf 76' lang='grc' dir='ltr'>ἐκεῖθεν</span> <span class='ocrx_word' id='word_1_112' title='bbox 1172 1922 1364 1992; x_wconf 85' lang='grc' dir='ltr'><strong>βολῶν.</strong></span> 
     </span>
    </p>
   </div>
   <div class='ocr_carea' id='block_1_21' title="bbox 320 2100 1822 2173">
    <p class='ocr_par' dir='ltr' id='par_1_21' title="bbox 320 2100 1822 2173">
     <span class='ocr_line' id='line_1_21' title="bbox 320 2100 1822 2173; baseline 0.003 -22"><span class='ocrx_word' id='word_1_113' title='bbox 320 2100 717 2171; x_wconf 81' lang='grc' dir='ltr'>Στηριζόμενος</span> <span class='ocrx_word' id='word_1_114' title='bbox 766 2102 998 2172; x_wconf 83' lang='grc' dir='ltr'>μοναχὸς</span> <span class='ocrx_word' id='word_1_115' title='bbox 1046 2102 1126 2172; x_wconf 81' lang='grc' dir='ltr'>τῷ</span> <span class='ocrx_word' id='word_1_116' title='bbox 1172 2102 1392 2173; x_wconf 82' lang='grc' dir='ltr'>σταυρῷ</span> <span class='ocrx_word' id='word_1_117' title='bbox 1431 2102 1525 2155; x_wconf 81' lang='grc' dir='ltr'>τοῦ</span> <span class='ocrx_word' id='word_1_118' title='bbox 1565 2101 1822 2172; x_wconf 77' lang='grc' dir='ltr'>Χριστοῦ,</span> 
     </span>
    </p>
   </div>
   <div class='ocr_carea' id='block_1_22' title="bbox 251 2191 1401 2262">
    <p class='ocr_par' dir='ltr' id='par_1_22' title="bbox 251 2191 1401 2262">
     <span class='ocr_line' id='line_1_22' title="bbox 251 2191 1401 2262; baseline 0.002 -19"><span class='ocrx_word' id='word_1_119' title='bbox 251 2191 349 2261; x_wconf 80' lang='grc' dir='ltr'>τὴν</span> <span class='ocrx_word' id='word_1_120' title='bbox 376 2192 619 2259; x_wconf 83' lang='grc' dir='ltr'>κεφαλὴν</span> <span class='ocrx_word' id='word_1_121' title='bbox 652 2195 934 2261; x_wconf 73' lang='grc' dir='ltr'>συντρίψει</span> <span class='ocrx_word' id='word_1_122' title='bbox 963 2192 1056 2245; x_wconf 79' lang='grc' dir='ltr'><strong>τοῦ</strong></span> <span class='ocrx_word' id='word_1_123' title='bbox 1087 2193 1401 2262; x_wconf 82' lang='grc' dir='ltr'>δράκοντος.</span> 
     </span>
    </p>
   </div>
   <div class='ocr_carea' id='block_1_23' title="bbox 323 2280 1827 2350">
    <p class='ocr_par' dir='ltr' id='par_1_23' title="bbox 323 2280 1827 2350">
     <span class='ocr_line' id='line_1_23' title="bbox 323 2280 1827 2350; baseline 0.001 -19"><span class='ocrx_word' id='word_1_124' title='bbox 323 2281 504 2348; x_wconf 89' lang='grc' dir='ltr'>Στόμα</span> <span class='ocrx_word' id='word_1_125' title='bbox 562 2281 796 2350; x_wconf 83' lang='grc' dir='ltr'>μοναχοῦ</span> <span class='ocrx_word' id='word_1_126' title='bbox 854 2281 1154 2348; x_wconf 78' lang='grc' dir='ltr'>ἀνοιγέσθω</span> <span class='ocrx_word' id='word_1_127' title='bbox 1212 2281 1356 2350; x_wconf 87' lang='grc' dir='ltr'>λόγῳ</span> <span class='ocrx_word' id='word_1_128' title='bbox 1409 2280 1544 2333; x_wconf 83' lang='grc' dir='ltr'>Θεοῦ</span> <span class='ocrx_word' id='word_1_129' title='bbox 1568 2295 1582 2310; x_wconf 89' lang='grc'><strong>·</strong></span> <span class='ocrx_word' id='word_1_130' title='bbox 1644 2281 1738 2333; x_wconf 70' lang='grc' dir='ltr'><strong>καὶ</strong></span> <span class='ocrx_word' id='word_1_131' title='bbox 1793 2282 1827 2349; x_wconf 76' lang='grc' dir='ltr'>ἡ</span> 
     </span>
    </p>
   </div>
   <div class='ocr_carea' id='block_1_24' title="bbox 252 2372 1829 2441">
    <p class='ocr_par' dir='ltr' id='par_1_24' title="bbox 252 2372 1829 2441">
     <span class='ocr_line' id='line_1_24' title="bbox 252 2372 1829 2441; baseline 0.001 -18"><span class='ocrx_word' id='word_1_132' title='bbox 252 2372 446 2440; x_wconf 83' lang='grc' dir='ltr'>καρδία</span> <span class='ocrx_word' id='word_1_133' title='bbox 478 2372 642 2425; x_wconf 84' lang='grc' dir='ltr'>αὐτοῦ</span> <span class='ocrx_word' id='word_1_134' title='bbox 676 2373 965 2436; x_wconf 81' lang='grc' dir='ltr'>διαπαντὸς</span> <span class='ocrx_word' id='word_1_135' title='bbox 994 2372 1273 2440; x_wconf 85' lang='grc' dir='ltr'>μελετάτω</span> <span class='ocrx_word' id='word_1_136' title='bbox 1303 2372 1456 2439; x_wconf 85' lang='grc' dir='ltr'>λόγια</span> <span class='ocrx_word' id='word_1_137' title='bbox 1485 2372 1619 2424; x_wconf 85' lang='grc' dir='ltr'><strong>Θεοῦ</strong></span> <span class='ocrx_word' id='word_1_138' title='bbox 1650 2373 1829 2441; x_wconf 72' lang='grc' dir='ltr'>άμετα</span> 
     </span>
    </p>
   </div>
   <div class='ocr_carea' id='block_1_25' title="bbox 254 2462 550 2530">
    <p class='ocr_par' dir='ltr' id='par_1_25' title="bbox 254 2462 550 2530">
     <span class='ocr_line' id='line_1_25' title="bbox 254 2462 550 2530; baseline 0.01 -17"><span class='ocrx_word' id='word_1_139' title='bbox 254 2462 550 2530; x_wconf 85' lang='grc' dir='ltr'>εωρίστως.</span> 
     </span>
    </p>
   </div>
   <div class='ocr_carea' id='block_1_26' title="bbox 322 2554 1833 2625">
    <p class='ocr_par' dir='ltr' id='par_1_26' title="bbox 322 2554 1833 2625">
     <span class='ocr_line' id='line_1_26' title="bbox 322 2554 1833 2625; baseline 0.001 -19"><span class='ocrx_word' id='word_1_140' title='bbox 322 2555 513 2624; x_wconf 85' lang='grc' dir='ltr'>Τίμιον</span> <span class='ocrx_word' id='word_1_141' title='bbox 541 2554 728 2623; x_wconf 82' lang='grc' dir='ltr'>κτῆμα</span> <span class='ocrx_word' id='word_1_142' title='bbox 754 2554 987 2624; x_wconf 80' lang='grc' dir='ltr'>μοναχοῦ</span> <span class='ocrx_word' id='word_1_143' title='bbox 1018 2554 1283 2625; x_wconf 84' lang='grc' dir='ltr'>παρθενία</span> <span class='ocrx_word' id='word_1_144' title='bbox 1309 2554 1447 2623; x_wconf 75' lang='grc' dir='ltr'>φωτὶ</span> <span class='ocrx_word' id='word_1_145' title='bbox 1465 2554 1833 2625; x_wconf 83' lang='grc' dir='ltr'>ὲλεημοσύνης</span> 
     </span>
    </p>
   </div>
   <div class='ocr_carea' id='block_1_27' title="bbox 253 2642 1831 2715">
    <p class='ocr_par' dir='ltr' id='par_1_27' title="bbox 253 2642 1831 2715">
     <span class='ocr_line' id='line_1_27' title="bbox 253 2642 1831 2715; baseline 0 -17"><span class='ocrx_word' id='word_1_146' title='bbox 253 2643 690 2712; x_wconf 80' lang='grc' dir='ltr'><strong>καταλάμπουσα</strong></span> <span class='ocrx_word' id='word_1_147' title='bbox 711 2660 724 2674; x_wconf 86' lang='grc'><strong>·</strong></span> <span class='ocrx_word' id='word_1_148' title='bbox 750 2642 908 2696; x_wconf 77' lang='grc' dir='ltr'>τοῦτο</span> <span class='ocrx_word' id='word_1_149' title='bbox 929 2644 1170 2713; x_wconf 79' lang='grc' dir='ltr'>φυλάξας</span> <span class='ocrx_word' id='word_1_150' title='bbox 1196 2646 1448 2715; x_wconf 83' lang='grc' dir='ltr'>μοναχὺς,</span> <span class='ocrx_word' id='word_1_151' title='bbox 1470 2644 1831 2698; x_wconf 78' lang='grc' dir='ltr'>εἰσελεύσεται</span> 
     </span>
    </p>
   </div>
   <div class='ocr_carea' id='block_1_28' title="bbox 256 2734 770 2803">
    <p class='ocr_par' dir='ltr' id='par_1_28' title="bbox 256 2734 770 2803">
     <span class='ocr_line' id='line_1_28' title="bbox 256 2734 770 2803; baseline -0.002 -15"><span class='ocrx_word' id='word_1_152' title='bbox 256 2737 335 2798; x_wconf 76' lang='grc' dir='ltr'>εἰς</span> <span class='ocrx_word' id='word_1_153' title='bbox 362 2735 454 2788; x_wconf 76' lang='grc' dir='ltr'>τὸν</span> <span class='ocrx_word' id='word_1_154' title='bbox 485 2752 546 2786; x_wconf 92' lang='grc' dir='ltr'><strong>νυ</strong></span> <span class='ocrx_word' id='word_1_155' title='bbox 555 2734 770 2803; x_wconf 84' lang='grc' dir='ltr'>μφῶνα.</span> 
     </span>
    </p>
   </div>
   <div class='ocr_carea' id='block_1_29' title="bbox 326 2823 1833 2896">
    <p class='ocr_par' dir='ltr' id='par_1_29' title="bbox 326 2823 1833 2896">
     <span class='ocr_line' id='line_1_29' title="bbox 326 2823 1833 2896; baseline -0.001 -18"><span class='ocrx_word' id='word_1_156' title='bbox 326 2826 578 2896; x_wconf 89' lang='grc' dir='ltr'>Τήρησον</span> <span class='ocrx_word' id='word_1_157' title='bbox 609 2825 826 2883; x_wconf 75' lang='grc' dir='ltr'>ἐντολὰς</span> <span class='ocrx_word' id='word_1_158' title='bbox 868 2824 1150 2894; x_wconf 77' lang='grc' dir='ltr'><strong>Ὑψίστου,</strong></span> <span class='ocrx_word' id='word_1_159' title='bbox 1187 2826 1412 2895; x_wconf 81' lang='grc' dir='ltr'>μοναχὲ,</span> <span class='ocrx_word' id='word_1_160' title='bbox 1447 2825 1542 2877; x_wconf 74' lang='grc' dir='ltr'><strong>καὶ</strong></span> <span class='ocrx_word' id='word_1_161' title='bbox 1573 2823 1833 2895; x_wconf 82' lang='grc' dir='ltr'>Πατέρων</span> 
     </span>
    </p>
   </div>
   <div class='ocr_carea' id='block_1_30' title="bbox 255 2912 1833 2987">
    <p class='ocr_par' dir='ltr' id='par_1_30' title="bbox 255 2912 1833 2987">
     <span class='ocr_line' id='line_1_30' title="bbox 255 2912 1833 2987; baseline 0 -20"><span class='ocrx_word' id='word_1_162' title='bbox 255 2916 635 2987; x_wconf 82' lang='grc' dir='ltr'>παραγγελίας</span> <span class='ocrx_word' id='word_1_163' title='bbox 682 2914 915 2984; x_wconf 83' lang='grc' dir='ltr'>φυλάξαι</span> <span class='ocrx_word' id='word_1_164' title='bbox 980 2914 1303 2980; x_wconf 82' lang='grc' dir='ltr'>σπούδασον,</span> <span class='ocrx_word' id='word_1_165' title='bbox 1336 2913 1596 2984; x_wconf 81' lang='grc' dir='ltr'>ἀσκητά’</span> <span class='ocrx_word' id='word_1_166' title='bbox 1658 2912 1833 2967; x_wconf 82' lang='grc' dir='ltr'>ταῦτα</span> 
     </span>
    </p>
   </div>
   <div class='ocr_carea' id='block_1_31' title="bbox 1919 453 3495 516">
    <p class='ocr_par' dir='ltr' id='par_1_31' title="bbox 1919 453 3495 516">
     <span class='ocr_line' id='line_1_31' title="bbox 1919 453 3495 516; baseline -0.004 -3"><span class='ocrx_word' id='word_1_167' title='bbox 1919 462 1973 514; x_wconf 93' lang='lat' dir='ltr'><strong>in</strong></span> <span class='ocrx_word' id='word_1_168' title='bbox 2009 460 2174 514; x_wconf 90' lang='lat' dir='ltr'><strong>corde</strong></span> <span class='ocrx_word' id='word_1_169' title='bbox 2224 465 2317 512; x_wconf 91' lang='lat' dir='ltr'><strong>tuo</strong></span> <span class='ocrx_word' id='word_1_170' title='bbox 2358 458 2621 513; x_wconf 88' lang='lat' dir='ltr'><strong>adversus</strong></span> <span class='ocrx_word' id='word_1_171' title='bbox 2667 453 2890 509; x_wconf 78' lang='lat' dir='ltr'><strong>fratrem</strong></span> <span class='ocrx_word' id='word_1_172' title='bbox 2935 461 3111 516; x_wconf 90' lang='lat' dir='ltr'><strong>tuum,</strong></span> <span class='ocrx_word' id='word_1_173' title='bbox 3145 466 3177 504; x_wconf 79' lang='grc' dir='ltr'>ο</span> <span class='ocrx_word' id='word_1_174' title='bbox 3210 453 3495 516; x_wconf 89' lang='lat' dir='ltr'><strong>monache,</strong></span> 
     </span>
    </p>
   </div>
   <div class='ocr_carea' id='block_1_32' title="bbox 1920 544 3488 607">
    <p class='ocr_par' dir='ltr' id='par_1_32' title="bbox 1920 544 3488 607">
     <span class='ocr_line' id='line_1_32' title="bbox 1920 544 3488 607; baseline -0.004 -2"><span class='ocrx_word' id='word_1_175' title='bbox 1920 561 1976 605; x_wconf 90' lang='lat' dir='ltr'><strong>ut</strong></span> <span class='ocrx_word' id='word_1_176' title='bbox 2022 552 2179 606; x_wconf 91' lang='lat' dir='ltr'><strong>liceat</strong></span> <span class='ocrx_word' id='word_1_177' title='bbox 2230 550 2449 606; x_wconf 79' lang='lat' dir='ltr'><strong>dicere:</strong></span> <span class='ocrx_word' id='word_1_178' title='bbox 2515 548 2729 601; x_wconf 78' lang='lat' dir='ltr'><strong>Dimitte</strong></span> <span class='ocrx_word' id='word_1_179' title='bbox 2763 544 2912 600; x_wconf 80' lang='lat' dir='ltr'><strong>nobis</strong></span> <span class='ocrx_word' id='word_1_180' title='bbox 2947 544 3121 598; x_wconf 83' lang='lat' dir='ltr'><strong>debita</strong></span> <span class='ocrx_word' id='word_1_181' title='bbox 3146 554 3350 607; x_wconf 81' lang='lat' dir='ltr'><strong>nostra,</strong></span> <span class='ocrx_word' id='word_1_182' title='bbox 3379 553 3488 598; x_wconf 92' lang='lat' dir='ltr'><strong>etc.</strong></span> 
     </span>
    </p>
   </div>
   <div class='ocr_carea' id='block_1_33' title="bbox 1992 738 3497 812">
    <p class='ocr_par' dir='ltr' id='par_1_33' title="bbox 1992 738 3497 812">
     <span class='ocr_line' id='line_1_33' title="bbox 1992 738 3497 812; baseline -0.007 -11"><span class='ocrx_word' id='word_1_183' title='bbox 1992 748 2112 803; x_wconf 86' lang='lat' dir='ltr'><strong>1l9.</strong></span> <span class='ocrx_word' id='word_1_184' title='bbox 2142 746 2356 803; x_wconf 76' lang='lat' dir='ltr'><strong>Corona</strong></span> <span class='ocrx_word' id='word_1_185' title='bbox 2385 743 2661 808; x_wconf 78' lang='lat' dir='ltr'><strong>monachi,</strong></span> <span class='ocrx_word' id='word_1_186' title='bbox 2710 756 2814 812; x_wconf 89' lang='lat' dir='ltr'><strong>pax</strong></span> <span class='ocrx_word' id='word_1_187' title='bbox 2840 748 2894 795; x_wconf 92' lang='lat' dir='ltr'><strong>et</strong></span> <span class='ocrx_word' id='word_1_188' title='bbox 2939 738 3342 802; x_wconf 87' lang='lat' dir='ltr'><strong>sanctimonia;</strong></span> <span class='ocrx_word' id='word_1_189' title='bbox 3376 752 3497 806; x_wconf 73' lang='lat' dir='ltr'><strong>qua:</strong></span> 
     </span>
    </p>
   </div>
   <div class='ocr_carea' id='block_1_34' title="bbox 1919 830 3185 912">
    <p class='ocr_par' dir='ltr' id='par_1_34' title="bbox 1919 830 3185 912">
     <span class='ocr_line' id='line_1_34' title="bbox 1919 830 3185 912; baseline -0.008 -17"><span class='ocrx_word' id='word_1_190' title='bbox 1919 842 2011 912; x_wconf 87' lang='lat' dir='ltr'><strong>qui</strong></span> <span class='ocrx_word' id='word_1_191' title='bbox 2046 848 2240 893; x_wconf 83' lang='lat' dir='ltr'><strong>nactus</strong></span> <span class='ocrx_word' id='word_1_192' title='bbox 2286 836 2467 899; x_wconf 82' lang='lat' dir='ltr'><strong>fuerit,</strong></span> <span class='ocrx_word' id='word_1_193' title='bbox 2507 834 2714 889; x_wconf 75' lang='lat' dir='ltr'><strong>videbit</strong></span> <span class='ocrx_word' id='word_1_194' title='bbox 2750 831 3043 887; x_wconf 91' lang='lat' dir='ltr'><strong>Dominum</strong></span> <span class='ocrx_word' id='word_1_195' title='bbox 3074 830 3140 885; x_wconf 83' lang='grc'><strong>³¹.</strong></span> <span class='ocrx_word' id='word_1_196' title='bbox 3182 842 3185 843; x_wconf 66' lang='grc'><strong><em>⁷</em></strong></span> 
     </span>
    </p>
   </div>
   <div class='ocr_carea' id='block_1_35' title="bbox 1991 917 3495 989">
    <p class='ocr_par' dir='ltr' id='par_1_35' title="bbox 1991 917 3495 989">
     <span class='ocr_line' id='line_1_35' title="bbox 1991 917 3495 989; baseline -0.008 -4"><span class='ocrx_word' id='word_1_197' title='bbox 1991 932 2115 986; x_wconf 86' lang='grc'>120.</span> <span class='ocrx_word' id='word_1_198' title='bbox 2143 929 2381 984; x_wconf 86' lang='lat' dir='ltr'><strong>Castitas</strong></span> <span class='ocrx_word' id='word_1_199' title='bbox 2406 926 2660 982; x_wconf 84' lang='lat' dir='ltr'><strong>monachi</strong></span> <span class='ocrx_word' id='word_1_200' title='bbox 2706 924 2939 979; x_wconf 90' lang='lat' dir='ltr'><strong>sublime</strong></span> <span class='ocrx_word' id='word_1_201' title='bbox 2967 922 3118 977; x_wconf 89' lang='lat' dir='ltr'><strong>tollet</strong></span> <span class='ocrx_word' id='word_1_202' title='bbox 3148 926 3314 989; x_wconf 87' lang='lat' dir='ltr'><strong>caput</strong></span> <span class='ocrx_word' id='word_1_203' title='bbox 3343 917 3495 987; x_wconf 83' lang='lat' dir='ltr'><strong>ejus,</strong></span> 
     </span>
    </p>
   </div>
   <div class='ocr_carea' id='block_1_36' title="bbox 1920 1012 3010 1078">
    <p class='ocr_par' dir='ltr' id='par_1_36' title="bbox 1920 1012 3010 1078">
     <span class='ocr_line' id='line_1_36' title="bbox 1920 1012 3010 1078; baseline -0.011 -1"><span class='ocrx_word' id='word_1_204' title='bbox 1920 1032 1973 1078; x_wconf 90' lang='lat' dir='ltr'><strong>et</strong></span> <span class='ocrx_word' id='word_1_205' title='bbox 2001 1023 2055 1076; x_wconf 90' lang='lat' dir='ltr'><strong>in</strong></span> <span class='ocrx_word' id='word_1_206' title='bbox 2089 1021 2268 1074; x_wconf 81' lang='lat' dir='ltr'><strong>medio</strong></span> <span class='ocrx_word' id='word_1_207' title='bbox 2297 1020 2562 1073; x_wconf 90' lang='lat' dir='ltr'><strong>bonorum</strong></span> <span class='ocrx_word' id='word_1_208' title='bbox 2592 1012 3010 1070; x_wconf 81' lang='lat' dir='ltr'><strong>clariﬁcabitur.</strong></span> 
     </span>
    </p>
   </div>
   <div class='ocr_carea' id='block_1_37' title="bbox 1994 1098 3501 1166">
    <p class='ocr_par' dir='ltr' id='par_1_37' title="bbox 1994 1098 3501 1166">
     <span class='ocr_line' id='line_1_37' title="bbox 1994 1098 3501 1166; baseline -0.011 -1"><span class='ocrx_word' id='word_1_209' title='bbox 1994 1112 2115 1166; x_wconf 89' lang='lat'><strong>121.</strong></span> <span class='ocrx_word' id='word_1_210' title='bbox 2153 1112 2350 1166; x_wconf 79' lang='lat' dir='ltr'><strong>Castus</strong></span> <span class='ocrx_word' id='word_1_211' title='bbox 2403 1107 2706 1162; x_wconf 86' lang='lat' dir='ltr'><strong>monachus</strong></span> <span class='ocrx_word' id='word_1_212' title='bbox 2750 1105 2805 1158; x_wconf 90' lang='lat' dir='ltr'><strong>in</strong></span> <span class='ocrx_word' id='word_1_213' title='bbox 2858 1100 3220 1158; x_wconf 77' lang='lat' dir='ltr'><strong>conventibus</strong></span> <span class='ocrx_word' id='word_1_214' title='bbox 3261 1098 3501 1152; x_wconf 63' lang='lat' dir='ltr'><strong>honorao</strong></span> 
     </span>
    </p>
   </div>
   <div class='ocr_carea' id='block_1_38' title="bbox 1920 1203 2086 1258">
    <p class='ocr_par' dir='ltr' id='par_1_38' title="bbox 1920 1203 2086 1258">
     <span class='ocr_line' id='line_1_38' title="bbox 1920 1203 2086 1258; baseline -0.012 0"><span class='ocrx_word' id='word_1_215' title='bbox 1920 1203 2086 1258; x_wconf 83' lang='lat' dir='ltr'><strong>bitur.</strong></span> 
     </span>
    </p>
   </div>
   <div class='ocr_carea' id='block_1_39' title="bbox 1997 1277 3501 1361">
    <p class='ocr_par' dir='ltr' id='par_1_39' title="bbox 1997 1277 3501 1361">
     <span class='ocr_line' id='line_1_39' title="bbox 1997 1277 3501 1361; baseline -0.011 -15"><span class='ocrx_word' id='word_1_216' title='bbox 1997 1292 2119 1346; x_wconf 98' lang='lat'><strong>122.</strong></span> <span class='ocrx_word' id='word_1_217' title='bbox 2170 1290 2447 1361; x_wconf 85' lang='lat' dir='ltr'><strong>Sapientia</strong></span> <span class='ocrx_word' id='word_1_218' title='bbox 2490 1286 2743 1341; x_wconf 86' lang='lat' dir='ltr'><strong>monachi</strong></span> <span class='ocrx_word' id='word_1_219' title='bbox 2790 1299 2897 1338; x_wconf 89' lang='lat' dir='ltr'><strong>non</strong></span> <span class='ocrx_word' id='word_1_220' title='bbox 2948 1283 3002 1336; x_wconf 93' lang='lat' dir='ltr'><strong>in</strong></span> <span class='ocrx_word' id='word_1_221' title='bbox 3046 1295 3240 1352; x_wconf 81' lang='lat' dir='ltr'><strong>pompa</strong></span> <span class='ocrx_word' id='word_1_222' title='bbox 3304 1277 3501 1332; x_wconf 86' lang='lat' dir='ltr'><strong>verbo-</strong></span> 
     </span>
    </p>
   </div>
   <div class='ocr_carea' id='block_1_40' title="bbox 1924 1370 3495 1447">
    <p class='ocr_par' dir='ltr' id='par_1_40' title="bbox 1924 1370 3495 1447">
     <span class='ocr_line' id='line_1_40' title="bbox 1924 1370 3495 1447; baseline -0.012 -7"><span class='ocrx_word' id='word_1_223' title='bbox 1924 1401 2046 1439; x_wconf 85' lang='lat' dir='ltr'><strong>rum</strong></span> <span class='ocrx_word' id='word_1_224' title='bbox 2094 1386 2416 1445; x_wconf 83' lang='lat' dir='ltr'><strong>innotescat,</strong></span> <span class='ocrx_word' id='word_1_225' title='bbox 2448 1380 2543 1435; x_wconf 90' lang='lat' dir='ltr'><strong>sed</strong></span> <span class='ocrx_word' id='word_1_226' title='bbox 2573 1381 2623 1432; x_wconf 94' lang='lat' dir='ltr'><strong>in</strong></span> <span class='ocrx_word' id='word_1_227' title='bbox 2661 1380 2858 1447; x_wconf 85' lang='lat' dir='ltr'><strong>pietate</strong></span> <span class='ocrx_word' id='word_1_228' title='bbox 2881 1390 2945 1429; x_wconf 91' lang='lat' dir='ltr'><strong>ac</strong></span> <span class='ocrx_word' id='word_1_229' title='bbox 2982 1373 3205 1428; x_wconf 84' lang='lat' dir='ltr'><strong>lenitate</strong></span> <span class='ocrx_word' id='word_1_230' title='bbox 3234 1370 3495 1425; x_wconf 79' lang='lat' dir='ltr'><strong>exsistat.</strong></span> 
     </span>
    </p>
   </div>
   <div class='ocr_carea' id='block_1_41' title="bbox 1928 1460 3499 1543">
    <p class='ocr_par' dir='ltr' id='par_1_41' title="bbox 1928 1460 3499 1543">
     <span class='ocr_line' id='line_1_41' title="bbox 1928 1460 3499 1543; baseline -0.01 -13"><span class='ocrx_word' id='word_1_231' title='bbox 1928 1478 2027 1531; x_wconf 90' lang='lat' dir='ltr'><strong>Hie</strong></span> <span class='ocrx_word' id='word_1_232' title='bbox 2066 1477 2187 1530; x_wconf 87' lang='lat' dir='ltr'><strong>talis</strong></span> <span class='ocrx_word' id='word_1_233' title='bbox 2231 1474 2449 1543; x_wconf 86' lang='lat' dir='ltr'><strong>sapiens</strong></span> <span class='ocrx_word' id='word_1_234' title='bbox 2497 1472 2619 1532; x_wconf 89' lang='lat' dir='ltr'><strong>erit,</strong></span> <span class='ocrx_word' id='word_1_235' title='bbox 2660 1478 2714 1524; x_wconf 92' lang='lat' dir='ltr'><strong>et</strong></span> <span class='ocrx_word' id='word_1_236' title='bbox 2739 1469 2829 1538; x_wconf 88' lang='lat' dir='ltr'><strong>qui</strong></span> <span class='ocrx_word' id='word_1_237' title='bbox 2876 1467 3102 1520; x_wconf 82' lang='lat' dir='ltr'><strong>fratrum</strong></span> <span class='ocrx_word' id='word_1_238' title='bbox 3134 1462 3300 1518; x_wconf 71' lang='lat' dir='ltr'><strong>cretui</strong></span> <span class='ocrx_word' id='word_1_239' title='bbox 3330 1460 3499 1516; x_wconf 79' lang='lat' dir='ltr'><strong>zedili-</strong></span> 
     </span>
    </p>
   </div>
   <div class='ocr_carea' id='block_1_42' title="bbox 1928 1552 3499 1635">
    <p class='ocr_par' dir='ltr' id='par_1_42' title="bbox 1928 1552 3499 1635">
     <span class='ocr_line' id='line_1_42' title="bbox 1928 1552 3499 1635; baseline -0.012 -13"><span class='ocrx_word' id='word_1_240' title='bbox 1928 1567 2200 1622; x_wconf 75' lang='lat' dir='ltr'><strong>Cationem</strong></span> <span class='ocrx_word' id='word_1_241' title='bbox 2260 1570 2498 1635; x_wconf 66' lang='lat' dir='ltr'><strong>praestet.</strong></span> <span class='ocrx_word' id='word_1_242' title='bbox 2535 1559 2763 1630; x_wconf 83' lang='lat' dir='ltr'><strong>Sapiens</strong></span> <span class='ocrx_word' id='word_1_243' title='bbox 2794 1559 2939 1612; x_wconf 90' lang='lat' dir='ltr'><strong>enim</strong></span> <span class='ocrx_word' id='word_1_244' title='bbox 2989 1565 3091 1616; x_wconf 84' lang='lat' dir='ltr'><strong>est,</strong></span> <span class='ocrx_word' id='word_1_245' title='bbox 3134 1568 3241 1607; x_wconf 91' lang='lat' dir='ltr'><strong>non</strong></span> <span class='ocrx_word' id='word_1_246' title='bbox 3268 1552 3361 1623; x_wconf 89' lang='lat' dir='ltr'><strong>qui</strong></span> <span class='ocrx_word' id='word_1_247' title='bbox 3384 1566 3499 1605; x_wconf 88' lang='lat' dir='ltr'><strong>ser-</strong></span> 
     </span>
    </p>
   </div>
   <div class='ocr_carea' id='block_1_43' title="bbox 1935 1640 3504 1720">
    <p class='ocr_par' dir='ltr' id='par_1_43' title="bbox 1935 1640 3504 1720">
     <span class='ocr_line' id='line_1_43' title="bbox 1935 1640 3504 1720; baseline -0.011 -10"><span class='ocrx_word' id='word_1_248' title='bbox 1935 1673 2094 1711; x_wconf 87' lang='lat' dir='ltr'><strong>mone</strong></span> <span class='ocrx_word' id='word_1_249' title='bbox 2136 1657 2338 1717; x_wconf 90' lang='lat' dir='ltr'><strong>docet,</strong></span> <span class='ocrx_word' id='word_1_250' title='bbox 2378 1654 2471 1707; x_wconf 88' lang='lat' dir='ltr'><strong>sed</strong></span> <span class='ocrx_word' id='word_1_251' title='bbox 2518 1652 2610 1720; x_wconf 88' lang='lat' dir='ltr'><strong>qui</strong></span> <span class='ocrx_word' id='word_1_252' title='bbox 2655 1664 2818 1719; x_wconf 88' lang='lat' dir='ltr'><strong>opere</strong></span> <span class='ocrx_word' id='word_1_253' title='bbox 2873 1646 3054 1701; x_wconf 88' lang='lat' dir='ltr'><strong>erudit</strong></span> <span class='ocrx_word' id='word_1_254' title='bbox 3099 1661 3165 1699; x_wconf 89' lang='lat' dir='ltr'><strong>ac</strong></span> <span class='ocrx_word' id='word_1_255' title='bbox 3209 1641 3370 1698; x_wconf 85' lang='lat' dir='ltr'><strong>olIicii</strong></span> <span class='ocrx_word' id='word_1_256' title='bbox 3406 1640 3504 1694; x_wconf 87' lang='lat' dir='ltr'><strong>ad-</strong></span> 
     </span>
    </p>
   </div>
   <div class='ocr_carea' id='block_1_44' title="bbox 1932 1758 2135 1805">
    <p class='ocr_par' dir='ltr' id='par_1_44' title="bbox 1932 1758 2135 1805">
     <span class='ocr_line' id='line_1_44' title="bbox 1932 1758 2135 1805; baseline -0.005 -1"><span class='ocrx_word' id='word_1_257' title='bbox 1932 1758 2135 1805; x_wconf 89' lang='lat' dir='ltr'><strong>monet.</strong></span> 
     </span>
    </p>
   </div>
   <div class='ocr_carea' id='block_1_45' title="bbox 2001 1832 3506 1900">
    <p class='ocr_par' dir='ltr' id='par_1_45' title="bbox 2001 1832 3506 1900">
     <span class='ocr_line' id='line_1_45' title="bbox 2001 1832 3506 1900; baseline -0.014 -2"><span class='ocrx_word' id='word_1_258' title='bbox 2001 1845 2126 1899; x_wconf 82' lang='grc'>125.</span> <span class='ocrx_word' id='word_1_259' title='bbox 2160 1840 2410 1896; x_wconf 86' lang='lat' dir='ltr'><strong>Prudens</strong></span> <span class='ocrx_word' id='word_1_260' title='bbox 2448 1836 2749 1892; x_wconf 85' lang='lat' dir='ltr'><strong>monachus</strong></span> <span class='ocrx_word' id='word_1_261' title='bbox 2788 1848 2851 1888; x_wconf 88' lang='lat' dir='ltr'><strong>ac</strong></span> <span class='ocrx_word' id='word_1_262' title='bbox 2883 1832 3210 1900; x_wconf 81' lang='lat' dir='ltr'><strong>intelligens,</strong></span> <span class='ocrx_word' id='word_1_263' title='bbox 3240 1842 3363 1882; x_wconf 92' lang='lat' dir='ltr'><strong>cum</strong></span> <span class='ocrx_word' id='word_1_264' title='bbox 3389 1835 3506 1879; x_wconf 86' lang='lat' dir='ltr'><strong>tur-</strong></span> 
     </span>
    </p>
   </div>
   <div class='ocr_carea' id='block_1_46' title="bbox 1927 1916 3504 1991">
    <p class='ocr_par' dir='ltr' id='par_1_46' title="bbox 1927 1916 3504 1991">
     <span class='ocr_line' id='line_1_46' title="bbox 1927 1916 3504 1991; baseline -0.013 -1"><span class='ocrx_word' id='word_1_265' title='bbox 1927 1937 2010 1991; x_wconf 91' lang='lat' dir='ltr'><strong>bis</strong></span> <span class='ocrx_word' id='word_1_266' title='bbox 2044 1935 2352 1988; x_wconf 69' lang='lat' dir='ltr'><strong>daemonum</strong></span> <span class='ocrx_word' id='word_1_267' title='bbox 2399 1930 2750 1991; x_wconf 84' lang='lat' dir='ltr'><strong>colluctatus,</strong></span> <span class='ocrx_word' id='word_1_268' title='bbox 2803 1939 2994 1980; x_wconf 89' lang='lat' dir='ltr'><strong>eorum</strong></span> <span class='ocrx_word' id='word_1_269' title='bbox 3047 1923 3252 1975; x_wconf 67' lang='lat' dir='ltr'><strong>illmsus</strong></span> <span class='ocrx_word' id='word_1_270' title='bbox 3302 1916 3504 1988; x_wconf 87' lang='lat' dir='ltr'><strong>jaculis</strong></span> 
     </span>
    </p>
   </div>
   <div class='ocr_carea' id='block_1_47' title="bbox 1928 2034 2254 2097">
    <p class='ocr_par' dir='ltr' id='par_1_47' title="bbox 1928 2034 2254 2097">
     <span class='ocr_line' id='line_1_47' title="bbox 1928 2034 2254 2097; baseline -0.015 -15"><span class='ocrx_word' id='word_1_271' title='bbox 1928 2034 2254 2097; x_wconf 85' lang='lat' dir='ltr'><strong>perseverat.</strong></span> 
     </span>
    </p>
   </div>
   <div class='ocr_carea' id='block_1_48' title="bbox 2003 2108 3505 2184">
    <p class='ocr_par' dir='ltr' id='par_1_48' title="bbox 2003 2108 3505 2184">
     <span class='ocr_line' id='line_1_48' title="bbox 2003 2108 3505 2184; baseline -0.011 -12"><span class='ocrx_word' id='word_1_272' title='bbox 2003 2119 2125 2172; x_wconf 79' lang='grc'>121.</span> <span class='ocrx_word' id='word_1_273' title='bbox 2154 2116 2452 2170; x_wconf 82' lang='lat' dir='ltr'><strong>Monachus</strong></span> <span class='ocrx_word' id='word_1_274' title='bbox 2496 2114 2589 2184; x_wconf 86' lang='lat' dir='ltr'><strong>qui</strong></span> <span class='ocrx_word' id='word_1_275' title='bbox 2632 2112 2837 2166; x_wconf 86' lang='lat' dir='ltr'><strong>nitatur</strong></span> <span class='ocrx_word' id='word_1_276' title='bbox 2874 2108 3081 2163; x_wconf 86' lang='lat' dir='ltr'><strong>Christi</strong></span> <span class='ocrx_word' id='word_1_277' title='bbox 3125 2119 3310 2169; x_wconf 84' lang='lat' dir='ltr'><strong>cruce,</strong></span> <span class='ocrx_word' id='word_1_278' title='bbox 3341 2112 3505 2172; x_wconf 88' lang='lat' dir='ltr'><strong>caput</strong></span> 
     </span>
    </p>
   </div>
   <div class='ocr_carea' id='block_1_49' title="bbox 1931 2208 2855 2271">
    <p class='ocr_par' dir='ltr' id='par_1_49' title="bbox 1931 2208 2855 2271">
     <span class='ocr_line' id='line_1_49' title="bbox 1931 2208 2855 2271; baseline -0.015 -4"><span class='ocrx_word' id='word_1_279' title='bbox 1931 2218 2177 2267; x_wconf 90' lang='lat' dir='ltr'><strong>conteret</strong></span> <span class='ocrx_word' id='word_1_280' title='bbox 2206 2208 2482 2262; x_wconf 86' lang='lat' dir='ltr'><strong>draconis.</strong></span> <span class='ocrx_word' id='word_1_281' title='bbox 2848 2264 2855 2271; x_wconf 87' lang='lat'>_</span> 
     </span>
    </p>
   </div>
   <div class='ocr_carea' id='block_1_50' title="bbox 2002 2286 3504 2363">
    <p class='ocr_par' dir='ltr' id='par_1_50' title="bbox 2002 2286 3504 2363">
     <span class='ocr_line' id='line_1_50' title="bbox 2002 2286 3504 2363; baseline -0.011 -9"><span class='ocrx_word' id='word_1_282' title='bbox 2002 2301 2125 2355; x_wconf 82' lang='lat'><strong>125.</strong></span> <span class='ocrx_word' id='word_1_283' title='bbox 2160 2297 2234 2352; x_wconf 91' lang='lat' dir='ltr'><strong>Os</strong></span> <span class='ocrx_word' id='word_1_284' title='bbox 2262 2294 2516 2350; x_wconf 86' lang='lat' dir='ltr'><strong>monachi</strong></span> <span class='ocrx_word' id='word_1_285' title='bbox 2549 2294 2828 2363; x_wconf 87' lang='lat' dir='ltr'><strong>aperiatur</strong></span> <span class='ocrx_word' id='word_1_286' title='bbox 2856 2291 3102 2346; x_wconf 88' lang='lat' dir='ltr'><strong>sermoni</strong></span> <span class='ocrx_word' id='word_1_287' title='bbox 3126 2288 3251 2349; x_wconf 86' lang='lat' dir='ltr'><strong>Dei;</strong></span> <span class='ocrx_word' id='word_1_288' title='bbox 3276 2286 3504 2354; x_wconf 85' lang='lat' dir='ltr'><strong>ejusque</strong></span> 
     </span>
    </p>
   </div>
   <div class='ocr_carea' id='block_1_51' title="bbox 1934 2373 3505 2458">
    <p class='ocr_par' dir='ltr' id='par_1_51' title="bbox 1934 2373 3505 2458">
     <span class='ocr_line' id='line_1_51' title="bbox 1934 2373 3505 2458; baseline -0.012 -14"><span class='ocrx_word' id='word_1_289' title='bbox 1934 2403 2147 2458; x_wconf 88' lang='lat' dir='ltr'><strong>semper</strong></span> <span class='ocrx_word' id='word_1_290' title='bbox 2208 2386 2424 2441; x_wconf 89' lang='lat' dir='ltr'><strong>animus</strong></span> <span class='ocrx_word' id='word_1_291' title='bbox 2487 2384 2626 2438; x_wconf 87' lang='lat' dir='ltr'><strong>nihil</strong></span> <span class='ocrx_word' id='word_1_292' title='bbox 2674 2397 2806 2453; x_wconf 78' lang='lat' dir='ltr'><strong>vaga</strong></span> <span class='ocrx_word' id='word_1_293' title='bbox 2855 2390 3037 2435; x_wconf 87' lang='lat' dir='ltr'><strong>mente</strong></span> <span class='ocrx_word' id='word_1_294' title='bbox 3084 2376 3379 2433; x_wconf 84' lang='lat' dir='ltr'><strong>meditetur</strong></span> <span class='ocrx_word' id='word_1_295' title='bbox 3409 2373 3505 2427; x_wconf 89' lang='lat' dir='ltr'><strong>Dei</strong></span> 
     </span>
    </p>
   </div>
   <div class='ocr_carea' id='block_1_52' title="bbox 1932 2481 2170 2549">
    <p class='ocr_par' dir='ltr' id='par_1_52' title="bbox 1932 2481 2170 2549">
     <span class='ocr_line' id='line_1_52' title="bbox 1932 2481 2170 2549; baseline -0.017 -14"><span class='ocrx_word' id='word_1_296' title='bbox 1932 2481 2170 2549; x_wconf 84' lang='lat' dir='ltr'><strong>eloquia.</strong></span> 
     </span>
    </p>
   </div>
   <div class='ocr_carea' id='block_1_53' title="bbox 1965 2554 3508 2642">
    <p class='ocr_par' dir='ltr' id='par_1_53' title="bbox 1965 2554 3508 2642">
     <span class='ocr_line' id='line_1_53' title="bbox 1965 2554 3508 2642; baseline -0.009 -16"><span class='ocrx_word' id='word_1_297' title='bbox 1965 2634 1974 2642; x_wconf 90' lang='lat'>_</span> <span class='ocrx_word' id='word_1_298' title='bbox 2005 2572 2127 2626; x_wconf 86' lang='lat'><strong>126.</strong></span> <span class='ocrx_word' id='word_1_299' title='bbox 2152 2570 2397 2625; x_wconf 84' lang='lat' dir='ltr'><strong>Pretiosa</strong></span> <span class='ocrx_word' id='word_1_300' title='bbox 2431 2566 2707 2638; x_wconf 84' lang='lat' dir='ltr'><strong>possessio</strong></span> <span class='ocrx_word' id='word_1_301' title='bbox 2748 2564 3002 2621; x_wconf 84' lang='lat' dir='ltr'><strong>monachi</strong></span> <span class='ocrx_word' id='word_1_302' title='bbox 3052 2554 3334 2633; x_wconf 80' lang='lat' dir='ltr'><strong>virginitas</strong></span> <span class='ocrx_word' id='word_1_303' title='bbox 3364 2560 3508 2615; x_wconf 83' lang='lat' dir='ltr'><strong>elec-</strong></span> 
     </span>
    </p>
   </div>
   <div class='ocr_carea' id='block_1_54' title="bbox 1934 2656 3505 2734">
    <p class='ocr_par' dir='ltr' id='par_1_54' title="bbox 1934 2656 3505 2734">
     <span class='ocr_line' id='line_1_54' title="bbox 1934 2656 3505 2734; baseline -0.008 -17"><span class='ocrx_word' id='word_1_304' title='bbox 1934 2664 2320 2734; x_wconf 67' lang='lat' dir='ltr'><strong>mosynteluce</strong></span> <span class='ocrx_word' id='word_1_305' title='bbox 2376 2663 2733 2715; x_wconf 90' lang='lat' dir='ltr'><strong>collustrata:</strong></span> <span class='ocrx_word' id='word_1_306' title='bbox 2773 2659 2875 2713; x_wconf 90' lang='lat' dir='ltr'><strong>hac</strong></span> <span class='ocrx_word' id='word_1_307' title='bbox 2912 2656 3216 2710; x_wconf 87' lang='lat' dir='ltr'><strong>monachus</strong></span> <span class='ocrx_word' id='word_1_308' title='bbox 3285 2664 3505 2707; x_wconf 77' lang='lat' dir='ltr'><strong>servata</strong></span> 
     </span>
    </p>
   </div>
   <div class='ocr_carea' id='block_1_55' title="bbox 1936 2750 3031 2825">
    <p class='ocr_par' dir='ltr' id='par_1_55' title="bbox 1936 2750 3031 2825">
     <span class='ocr_line' id='line_1_55' title="bbox 1936 2750 3031 2825; baseline -0.006 -15"><span class='ocrx_word' id='word_1_309' title='bbox 1936 2757 1992 2810; x_wconf 92' lang='lat' dir='ltr'><strong>in</strong></span> <span class='ocrx_word' id='word_1_310' title='bbox 2020 2756 2311 2825; x_wconf 90' lang='lat' dir='ltr'><strong>nuptialem</strong></span> <span class='ocrx_word' id='word_1_311' title='bbox 2346 2753 2646 2807; x_wconf 87' lang='lat' dir='ltr'><strong>thalamum</strong></span> <span class='ocrx_word' id='word_1_312' title='bbox 2679 2750 3031 2821; x_wconf 83' lang='lat' dir='ltr'><strong>ingredietur.</strong></span> 
     </span>
    </p>
   </div>
   <div class='ocr_carea' id='block_1_56' title="bbox 2007 2836 3506 2911">
    <p class='ocr_par' dir='ltr' id='par_1_56' title="bbox 2007 2836 3506 2911">
     <span class='ocr_line' id='line_1_56' title="bbox 2007 2836 3506 2911; baseline -0.009 -10"><span class='ocrx_word' id='word_1_313' title='bbox 2007 2846 2130 2901; x_wconf 82' lang='lat'><strong>127.</strong></span> <span class='ocrx_word' id='word_1_314' title='bbox 2183 2845 2350 2900; x_wconf 88' lang='lat' dir='ltr'><strong>Serva</strong></span> <span class='ocrx_word' id='word_1_315' title='bbox 2381 2843 2645 2897; x_wconf 83' lang='lat' dir='ltr'><strong>Altissimi</strong></span> <span class='ocrx_word' id='word_1_316' title='bbox 2676 2842 2960 2911; x_wconf 88' lang='lat' dir='ltr'><strong>mandata,</strong></span> <span class='ocrx_word' id='word_1_317' title='bbox 2983 2838 3284 2903; x_wconf 88' lang='lat' dir='ltr'><strong>monache;</strong></span> <span class='ocrx_word' id='word_1_318' title='bbox 3318 2851 3383 2890; x_wconf 91' lang='lat' dir='ltr'><strong>ac</strong></span> <span class='ocrx_word' id='word_1_319' title='bbox 3412 2836 3506 2905; x_wconf 89' lang='lat' dir='ltr'><strong>qui</strong></span> 
     </span>
    </p>
   </div>
   <div class='ocr_carea' id='block_1_57' title="bbox 1940 2925 3503 3005">
    <p class='ocr_par' dir='ltr' id='par_1_57' title="bbox 1940 2925 3503 3005">
     <span class='ocr_line' id='line_1_57' title="bbox 1940 2925 3503 3005; baseline -0.01 -14"><span class='ocrx_word' id='word_1_320' title='bbox 1940 2937 2157 2991; x_wconf 89' lang='lat' dir='ltr'><strong>virtutis</strong></span> <span class='ocrx_word' id='word_1_321' title='bbox 2206 2936 2454 3005; x_wconf 72' lang='lat' dir='ltr'><strong>palzcstra</strong></span> <span class='ocrx_word' id='word_1_322' title='bbox 2502 2947 2749 2995; x_wconf 85' lang='lat' dir='ltr'><strong>exerces,</strong></span> <span class='ocrx_word' id='word_1_323' title='bbox 2790 2947 2922 2985; x_wconf 90' lang='lat' dir='ltr'><strong>cura</strong></span> <span class='ocrx_word' id='word_1_324' title='bbox 2953 2939 3013 2984; x_wconf 90' lang='lat' dir='ltr'><strong>ut</strong></span> <span class='ocrx_word' id='word_1_325' title='bbox 3062 2944 3246 2983; x_wconf 90' lang='lat' dir='ltr'><strong>serves</strong></span> <span class='ocrx_word' id='word_1_326' title='bbox 3277 2925 3503 2980; x_wconf 87' lang='lat' dir='ltr'><strong>Patrum</strong></span> 
     </span>
    </p>
   </div>
   <div class='ocr_carea' id='block_1_58' title="bbox 257 3005 1828 3095">
    <p class='ocr_par' dir='ltr' id='par_1_58' title="bbox 257 3005 1828 3079">
     <span class='ocr_line' id='line_1_58' title="bbox 257 3005 1828 3079; baseline -0.003 -19"><span class='ocrx_word' id='word_1_327' title='bbox 257 3007 368 3079; x_wconf 78' lang='grc' dir='ltr'><strong>γάρ</strong></span> <span class='ocrx_word' id='word_1_328' title='bbox 399 3008 592 3069; x_wconf 82' lang='grc' dir='ltr'>ποιῶν,</span> <span class='ocrx_word' id='word_1_329' title='bbox 637 3007 970 3078; x_wconf 83' lang='grc' dir='ltr'>κληρονόμος</span> <span class='ocrx_word' id='word_1_330' title='bbox 1018 3006 1293 3076; x_wconf 83' lang='grc' dir='ltr'>βασιλείας</span> <span class='ocrx_word' id='word_1_331' title='bbox 1330 3005 1575 3077; x_wconf 77' lang='grc' dir='ltr'>οὐρανῶν</span> <span class='ocrx_word' id='word_1_332' title='bbox 1617 3005 1828 3058; x_wconf 79' lang='grc' dir='ltr'>ἀναδει-</span> 
     </span>
    </p>
   </div>
   <div class='ocr_carea' id='block_1_59' title="bbox 1968 3005 3508 3095">
    <p class='ocr_par' dir='ltr' id='par_1_59' title="bbox 1970 3018 3508 3088">
     <span class='ocr_line' id='line_1_59' title="bbox 1970 3018 3508 3088; baseline -0.008 -5"><span class='ocrx_word' id='word_1_333' title='bbox 1970 3035 2284 3084; x_wconf 84' lang='lat' dir='ltr'><strong>ocumenta.</strong></span> <span class='ocrx_word' id='word_1_334' title='bbox 2312 3025 2439 3080; x_wconf 71' lang='lat' dir='ltr'><strong>Haec</strong></span> <span class='ocrx_word' id='word_1_335' title='bbox 2477 3025 2619 3079; x_wconf 93' lang='lat' dir='ltr'><strong>enim</strong></span> <span class='ocrx_word' id='word_1_336' title='bbox 2666 3023 2710 3077; x_wconf 91' lang='lat' dir='ltr'><strong>si</strong></span> <span class='ocrx_word' id='word_1_337' title='bbox 2761 3021 2976 3083; x_wconf 82' lang='lat' dir='ltr'><strong>feceris,</strong></span> <span class='ocrx_word' id='word_1_338' title='bbox 3009 3021 3180 3076; x_wconf 84' lang='lat' dir='ltr'><strong>haeres</strong></span> <span class='ocrx_word' id='word_1_339' title='bbox 3212 3018 3365 3088; x_wconf 80' lang='lat' dir='ltr'><strong>regni</strong></span> <span class='ocrx_word' id='word_1_340' title='bbox 3394 3031 3508 3072; x_wconf 55' lang='lat' dir='ltr'><strong>cm-</strong></span> 
     </span>
    </p>
   </div>
   <div class='ocr_carea' id='block_1_60' title="bbox 260 3098 460 3168">
    <p class='ocr_par' dir='ltr' id='par_1_60' title="bbox 260 3098 460 3168">
     <span class='ocr_line' id='line_1_60' title="bbox 260 3098 460 3168; baseline 0.005 -18"><span class='ocrx_word' id='word_1_341' title='bbox 260 3098 460 3168; x_wconf 78' lang='grc' dir='ltr'><strong>χϐήσῃ.</strong></span> 
     </span>
    </p>
   </div>
   <div class='ocr_carea' id='block_1_61' title="bbox 330 3186 1832 3259">
    <p class='ocr_par' dir='ltr' id='par_1_61' title="bbox 330 3186 1832 3259">
     <span class='ocr_line' id='line_1_61' title="bbox 330 3186 1832 3259; baseline -0.001 -18"><span class='ocrx_word' id='word_1_342' title='bbox 330 3189 616 3259; x_wconf 77' lang='grc' dir='ltr'>Τολμηρὸς</span> <span class='ocrx_word' id='word_1_343' title='bbox 652 3190 885 3259; x_wconf 78' lang='grc' dir='ltr'>μοναχὸς</span> <span class='ocrx_word' id='word_1_344' title='bbox 919 3191 1245 3259; x_wconf 76' lang='grc' dir='ltr'>ἐμπεσεῖται</span> <span class='ocrx_word' id='word_1_345' title='bbox 1283 3191 1363 3252; x_wconf 80' lang='grc' dir='ltr'><strong>εἰς</strong></span> <span class='ocrx_word' id='word_1_346' title='bbox 1403 3188 1710 3257; x_wconf 86' lang='grc' dir='ltr'>πειρασμὸν</span> <span class='ocrx_word' id='word_1_347' title='bbox 1739 3186 1832 3241; x_wconf 70' lang='grc' dir='ltr'>καὶ</span> 
     </span>
    </p>
   </div>
   <div class='ocr_carea' id='block_1_62' title="bbox 260 3279 1834 3351">
    <p class='ocr_par' dir='ltr' id='par_1_62' title="bbox 260 3279 1834 3351">
     <span class='ocr_line' id='line_1_62' title="bbox 260 3279 1834 3351; baseline -0.002 -17"><span class='ocrx_word' id='word_1_348' title='bbox 260 3282 464 3350; x_wconf 89' lang='grc' dir='ltr'>παγίδα</span> <span class='ocrx_word' id='word_1_349' title='bbox 494 3281 590 3335; x_wconf 82' lang='grc' dir='ltr'>τοῦ</span> <span class='ocrx_word' id='word_1_350' title='bbox 622 3282 866 3335; x_wconf 80' lang='grc' dir='ltr'>διαϐόλου</span> <span class='ocrx_word' id='word_1_351' title='bbox 893 3300 906 3311; x_wconf 86' lang='grc'><strong>·</strong></span> <span class='ocrx_word' id='word_1_352' title='bbox 938 3283 1029 3336; x_wconf 79' lang='grc' dir='ltr'><strong>τὸν</strong></span> <span class='ocrx_word' id='word_1_353' title='bbox 1059 3283 1115 3336; x_wconf 78' lang='grc' dir='ltr'>δὲ</span> <span class='ocrx_word' id='word_1_354' title='bbox 1144 3280 1326 3351; x_wconf 75' lang='grc' dir='ltr'>πραῢν</span> <span class='ocrx_word' id='word_1_355' title='bbox 1356 3279 1728 3350; x_wconf 79' lang='grc' dir='ltr'>καταλήψεται</span> <span class='ocrx_word' id='word_1_356' title='bbox 1759 3281 1834 3332; x_wconf 60' lang='grc' dir='ltr'><strong>εἰη</strong></span> 
     </span>
    </p>
   </div>
   <div class='ocr_carea' id='block_1_63' title="bbox 260 3375 1267 3446">
    <p class='ocr_par' dir='ltr' id='par_1_63' title="bbox 260 3375 1267 3446">
     <span class='ocr_line' id='line_1_63' title="bbox 260 3375 1267 3446; baseline 0.001 -19"><span class='ocrx_word' id='word_1_357' title='bbox 260 3376 421 3446; x_wconf 86' lang='grc' dir='ltr'>ρήνη,</span> <span class='ocrx_word' id='word_1_358' title='bbox 453 3376 547 3428; x_wconf 88' lang='grc' dir='ltr'><strong>καί</strong></span> <span class='ocrx_word' id='word_1_359' title='bbox 578 3375 841 3443; x_wconf 81' lang='grc' dir='ltr'>στέφανος</span> <span class='ocrx_word' id='word_1_360' title='bbox 875 3375 1267 3443; x_wconf 79' lang='grc' dir='ltr'>ἀγαλλιάσεως.</span> 
     </span>
    </p>
   </div>
   <div class='ocr_carea' id='block_1_64' title="bbox 328 3463 1832 3535">
    <p class='ocr_par' dir='ltr' id='par_1_64' title="bbox 328 3463 1832 3535">
     <span class='ocr_line' id='line_1_64' title="bbox 328 3463 1832 3535; baseline -0.001 -19"><span class='ocrx_word' id='word_1_361' title='bbox 328 3464 624 3535; x_wconf 83' lang='grc' dir='ltr'>Τρυφητὴς</span> <span class='ocrx_word' id='word_1_362' title='bbox 657 3465 888 3535; x_wconf 81' lang='grc' dir='ltr'>μοναχὸς</span> <span class='ocrx_word' id='word_1_363' title='bbox 918 3467 974 3516; x_wconf 83' lang='grc' dir='ltr'>ὲν</span> <span class='ocrx_word' id='word_1_364' title='bbox 1008 3465 1248 3526; x_wconf 81' lang='grc' dir='ltr'>ἀπάταις</span> <span class='ocrx_word' id='word_1_365' title='bbox 1291 3463 1442 3517; x_wconf 69' lang='grc' dir='ltr'>ἔσται</span> <span class='ocrx_word' id='word_1_366' title='bbox 1475 3465 1569 3517; x_wconf 60' lang='grc' dir='ltr'><strong>καλ¹</strong></span> <span class='ocrx_word' id='word_1_367' title='bbox 1605 3467 1665 3517; x_wconf 75' lang='grc' dir='ltr'><strong>ἐν</strong></span> <span class='ocrx_word' id='word_1_368' title='bbox 1694 3480 1832 3531; x_wconf 86' lang='grc' dir='ltr'>φαν-</span> 
     </span>
    </p>
   </div>
   <div class='ocr_carea' id='block_1_65' title="bbox 256 3553 1836 3623">
    <p class='ocr_par' dir='ltr' id='par_1_65' title="bbox 256 3553 1836 3623">
     <span class='ocr_line' id='line_1_65' title="bbox 256 3553 1836 3623; baseline -0.002 -15"><span class='ocrx_word' id='word_1_369' title='bbox 256 3556 473 3617; x_wconf 85' lang='grc' dir='ltr'>τασίαις</span> <span class='ocrx_word' id='word_1_370' title='bbox 505 3559 846 3623; x_wconf 86' lang='grc' dir='ltr'>νυκτεριναῖς</span> <span class='ocrx_word' id='word_1_371' title='bbox 870 3570 883 3582; x_wconf 89' lang='grc'><strong>·</strong></span> <span class='ocrx_word' id='word_1_372' title='bbox 930 3553 1024 3606; x_wconf 83' lang='grc' dir='ltr'><strong>τοῦ</strong></span> <span class='ocrx_word' id='word_1_373' title='bbox 1052 3554 1109 3606; x_wconf 82' lang='grc' dir='ltr'><strong>δὲ</strong></span> <span class='ocrx_word' id='word_1_374' title='bbox 1137 3554 1511 3622; x_wconf 88' lang='grc' dir='ltr'>νηστεύοντος,</span> <span class='ocrx_word' id='word_1_375' title='bbox 1544 3553 1773 3614; x_wconf 83' lang='grc' dir='ltr'>ἄσπιλος</span> <span class='ocrx_word' id='word_1_376' title='bbox 1802 3554 1836 3621; x_wconf 81' lang='grc' dir='ltr'><strong>ἡ</strong></span> 
     </span>
    </p>
   </div>
   <div class='ocr_carea' id='block_1_66' title="bbox 260 3642 1127 3712">
    <p class='ocr_par' dir='ltr' id='par_1_66' title="bbox 260 3642 1127 3712">
     <span class='ocr_line' id='line_1_66' title="bbox 260 3642 1127 3712; baseline -0.002 -14"><span class='ocrx_word' id='word_1_377' title='bbox 260 3647 417 3712; x_wconf 84' lang='grc' dir='ltr'>κοίτη</span> <span class='ocrx_word' id='word_1_378' title='bbox 446 3646 540 3697; x_wconf 75' lang='grc' dir='ltr'><strong>καὶ</strong></span> <span class='ocrx_word' id='word_1_379' title='bbox 569 3645 910 3710; x_wconf 83' lang='grc' dir='ltr'>ὰφάνταστος</span> <span class='ocrx_word' id='word_1_380' title='bbox 941 3642 1127 3705; x_wconf 76' lang='grc' dir='ltr'>ὕπνος.</span> 
     </span>
    </p>
   </div>
   <div class='ocr_carea' id='block_1_67' title="bbox 328 3819 1836 3895">
    <p class='ocr_par' dir='ltr' id='par_1_67' title="bbox 328 3819 1836 3895">
     <span class='ocr_line' id='line_1_67' title="bbox 328 3819 1836 3895; baseline 0.003 -23"><span class='ocrx_word' id='word_1_381' title='bbox 328 3820 419 3889; x_wconf 77' lang='grc' dir='ltr'>Τῷ</span> <span class='ocrx_word' id='word_1_382' title='bbox 458 3820 779 3890; x_wconf 74' lang='grc' dir='ltr'>φοϐουμένῳ</span> <span class='ocrx_word' id='word_1_383' title='bbox 820 3820 911 3873; x_wconf 74' lang='grc' dir='ltr'><strong>τὸν</strong></span> <span class='ocrx_word' id='word_1_384' title='bbox 953 3819 1157 3891; x_wconf 85' lang='grc' dir='ltr'>Κύριον</span> <span class='ocrx_word' id='word_1_385' title='bbox 1188 3821 1406 3893; x_wconf 82' lang='grc' dir='ltr'>μοναχῷ</span> <span class='ocrx_word' id='word_1_386' title='bbox 1445 3823 1505 3875; x_wconf 85' lang='grc' dir='ltr'><strong>ού</strong></span> <span class='ocrx_word' id='word_1_387' title='bbox 1569 3825 1836 3895; x_wconf 82' lang='grc' dir='ltr'>συναντή-</span> 
     </span>
    </p>
   </div>
   <div class='ocr_carea' id='block_1_68' title="bbox 159 3911 1838 3986">
    <p class='ocr_par' dir='ltr' id='par_1_68' title="bbox 159 3911 1838 3986">
     <span class='ocr_line' id='line_1_68' title="bbox 159 3911 1838 3986; baseline 0.002 -21"><span class='ocrx_word' id='word_1_388' title='bbox 159 3937 169 3944; x_wconf 93' lang='grc'><strong>·</strong></span> <span class='ocrx_word' id='word_1_389' title='bbox 264 3929 416 3965; x_wconf 82' lang='grc' dir='ltr'>σεται</span> <span class='ocrx_word' id='word_1_390' title='bbox 461 3913 693 3981; x_wconf 78' lang='grc' dir='ltr'>πρᾶγμα</span> <span class='ocrx_word' id='word_1_391' title='bbox 740 3911 1011 3978; x_wconf 75' lang='grc' dir='ltr'>πονηρόνο</span> <span class='ocrx_word' id='word_1_392' title='bbox 1060 3911 1151 3964; x_wconf 83' lang='grc' dir='ltr'>τὸν</span> <span class='ocrx_word' id='word_1_393' title='bbox 1179 3915 1287 3986; x_wconf 82' lang='grc' dir='ltr'><strong>γὰρ</strong></span> <span class='ocrx_word' id='word_1_394' title='bbox 1333 3912 1572 3968; x_wconf 78' lang='grc' dir='ltr'>τοιοῦτον</span> <span class='ocrx_word' id='word_1_395' title='bbox 1614 3916 1838 3984; x_wconf 84' lang='grc' dir='ltr'>φυλάξει</span> 
     </span>
    </p>
   </div>
   <div class='ocr_carea' id='block_1_69' title="bbox 260 4002 1837 4077">
    <p class='ocr_par' dir='ltr' id='par_1_69' title="bbox 260 4002 1837 4077">
     <span class='ocr_line' id='line_1_69' title="bbox 260 4002 1837 4077; baseline 0.002 -18"><span class='ocrx_word' id='word_1_396' title='bbox 260 4008 290 4059; x_wconf 76' lang='grc' dir='ltr'><strong>ὁ</strong></span> <span class='ocrx_word' id='word_1_397' title='bbox 319 4003 555 4075; x_wconf 79' lang='grc' dir='ltr'>Κύριος’</span> <span class='ocrx_word' id='word_1_398' title='bbox 604 4002 699 4055; x_wconf 72' lang='grc' dir='ltr'><strong>καὶ</strong></span> <span class='ocrx_word' id='word_1_399' title='bbox 754 4004 811 4055; x_wconf 84' lang='grc' dir='ltr'>ὲν</span> <span class='ocrx_word' id='word_1_400' title='bbox 862 4003 1043 4074; x_wconf 75' lang='grc' dir='ltr'>ἡμέρᾳ</span> <span class='ocrx_word' id='word_1_401' title='bbox 1091 4004 1349 4077; x_wconf 82' lang='grc' dir='ltr'>τελευτῆς</span> <span class='ocrx_word' id='word_1_402' title='bbox 1398 4004 1510 4071; x_wconf 79' lang='grc' dir='ltr'>ἓξει</span> <span class='ocrx_word' id='word_1_403' title='bbox 1538 4009 1566 4061; x_wconf 86' lang='grc' dir='ltr'>ὁ</span> <span class='ocrx_word' id='word_1_404' title='bbox 1594 4008 1837 4073; x_wconf 75' lang='grc' dir='ltr'>τοιοῦτος</span> 
     </span>
    </p>
   </div>
   <div class='ocr_carea' id='block_1_70' title="bbox 265 4101 513 4170">
    <p class='ocr_par' dir='ltr' id='par_1_70' title="bbox 265 4101 513 4170">
     <span class='ocr_line' id='line_1_70' title="bbox 265 4101 513 4170; baseline 0 -17"><span class='ocrx_word' id='word_1_405' title='bbox 265 4101 513 4170; x_wconf 71' lang='grc' dir='ltr'>ἱλασμὸν.</span> 
     </span>
    </p>
   </div>
   <div class='ocr_carea' id='block_1_71' title="bbox 343 4188 1832 4263">
    <p class='ocr_par' dir='ltr' id='par_1_71' title="bbox 343 4188 1832 4263">
     <span class='ocr_line' id='line_1_71' title="bbox 343 4188 1832 4263; baseline -0.004 -17"><span class='ocrx_word' id='word_1_406' title='bbox 343 4192 623 4263; x_wconf 82' lang='grc' dir='ltr'>’Υποταγὴ</span> <span class='ocrx_word' id='word_1_407' title='bbox 655 4189 888 4261; x_wconf 81' lang='grc' dir='ltr'>μοναχού</span> <span class='ocrx_word' id='word_1_408' title='bbox 922 4191 1019 4242; x_wconf 80' lang='grc' dir='ltr'>οὐκ</span> <span class='ocrx_word' id='word_1_409' title='bbox 1046 4191 1103 4242; x_wconf 83' lang='grc' dir='ltr'>ὲν</span> <span class='ocrx_word' id='word_1_410' title='bbox 1142 4189 1220 4260; x_wconf 81' lang='grc' dir='ltr'>τῷ</span> <span class='ocrx_word' id='word_1_411' title='bbox 1251 4188 1458 4260; x_wconf 79' lang='grc' dir='ltr'>μείζονι</span> <span class='ocrx_word' id='word_1_412' title='bbox 1486 4188 1832 4261; x_wconf 73' lang='grc' dir='ltr'>γνωρίζεται,</span> 
     </span>
    </p>
   </div>
   <div class='ocr_carea' id='block_1_72' title="bbox 260 4279 1198 4351">
    <p class='ocr_par' dir='ltr' id='par_1_72' title="bbox 260 4279 1198 4351">
     <span class='ocr_line' id='line_1_72' title="bbox 260 4279 1198 4351; baseline -0.005 -13"><span class='ocrx_word' id='word_1_413' title='bbox 260 4283 373 4338; x_wconf 82' lang='grc' dir='ltr'>ἀλλ’</span> <span class='ocrx_word' id='word_1_414' title='bbox 407 4284 466 4335; x_wconf 81' lang='grc' dir='ltr'><strong>ἐν</strong></span> <span class='ocrx_word' id='word_1_415' title='bbox 497 4281 573 4351; x_wconf 81' lang='grc' dir='ltr'><strong>τῷ</strong></span> <span class='ocrx_word' id='word_1_416' title='bbox 601 4280 867 4350; x_wconf 76' lang='grc' dir='ltr'>ἐλαχίστῳ</span> <span class='ocrx_word' id='word_1_417' title='bbox 897 4279 1198 4343; x_wconf 78' lang='grc' dir='ltr'>δοξάζεται.</span> 
     </span>
    </p>
   </div>
   <div class='ocr_carea' id='block_1_73' title="bbox 1935 3117 2407 3174">
    <p class='ocr_par' dir='ltr' id='par_1_73' title="bbox 1935 3117 2407 3174">
     <span class='ocr_line' id='line_1_73' title="bbox 1935 3117 2407 3174; baseline -0.006 0"><span class='ocrx_word' id='word_1_418' title='bbox 1935 3120 2113 3174; x_wconf 91' lang='lat' dir='ltr'><strong>lorum</strong></span> <span class='ocrx_word' id='word_1_419' title='bbox 2135 3117 2407 3172; x_wconf 81' lang='lat' dir='ltr'><strong>eﬂicieris.</strong></span> 
     </span>
    </p>
   </div>
   <div class='ocr_carea' id='block_1_74' title="bbox 2006 3200 3501 3263">
    <p class='ocr_par' dir='ltr' id='par_1_74' title="bbox 2006 3200 3501 3263">
     <span class='ocr_line' id='line_1_74' title="bbox 2006 3200 3501 3263; baseline -0.007 0"><span class='ocrx_word' id='word_1_420' title='bbox 2006 3209 2132 3263; x_wconf 86' lang='lat'><strong>128.</strong></span> <span class='ocrx_word' id='word_1_421' title='bbox 2170 3208 2360 3262; x_wconf 80' lang='lat' dir='ltr'><strong>Audax</strong></span> <span class='ocrx_word' id='word_1_422' title='bbox 2406 3206 2713 3260; x_wconf 89' lang='lat' dir='ltr'><strong>monachus</strong></span> <span class='ocrx_word' id='word_1_423' title='bbox 2740 3219 2802 3259; x_wconf 89' lang='lat' dir='ltr'><strong>ac</strong></span> <span class='ocrx_word' id='word_1_424' title='bbox 2840 3203 2987 3258; x_wconf 81' lang='lat' dir='ltr'><strong>ferox</strong></span> <span class='ocrx_word' id='word_1_425' title='bbox 3019 3201 3221 3257; x_wconf 90' lang='lat' dir='ltr'><strong>incidet</strong></span> <span class='ocrx_word' id='word_1_426' title='bbox 3249 3200 3303 3254; x_wconf 92' lang='lat' dir='ltr'><strong>in</strong></span> <span class='ocrx_word' id='word_1_427' title='bbox 3326 3209 3501 3254; x_wconf 87' lang='lat' dir='ltr'><strong>tenta-</strong></span> 
     </span>
    </p>
   </div>
   <div class='ocr_carea' id='block_1_75' title="bbox 1935 3295 3507 3368">
    <p class='ocr_par' dir='ltr' id='par_1_75' title="bbox 1935 3295 3507 3368">
     <span class='ocr_line' id='line_1_75' title="bbox 1935 3295 3507 3368; baseline -0.009 -11"><span class='ocrx_word' id='word_1_428' title='bbox 1935 3301 2138 3357; x_wconf 88' lang='lat' dir='ltr'><strong>tionem</strong></span> <span class='ocrx_word' id='word_1_429' title='bbox 2168 3309 2223 3355; x_wconf 90' lang='lat' dir='ltr'><strong>et</strong></span> <span class='ocrx_word' id='word_1_430' title='bbox 2252 3299 2305 3353; x_wconf 91' lang='lat' dir='ltr'><strong>in</strong></span> <span class='ocrx_word' id='word_1_431' title='bbox 2337 3299 2591 3368; x_wconf 90' lang='lat' dir='ltr'><strong>laqueum</strong></span> <span class='ocrx_word' id='word_1_432' title='bbox 2637 3295 2878 3359; x_wconf 89' lang='lat' dir='ltr'><strong>diaboli;</strong></span> <span class='ocrx_word' id='word_1_433' title='bbox 2928 3302 3270 3349; x_wconf 89' lang='lat' dir='ltr'><strong>mansuetum</strong></span> <span class='ocrx_word' id='word_1_434' title='bbox 3324 3302 3507 3346; x_wconf 84' lang='lat' dir='ltr'><strong>autem</strong></span> 
     </span>
    </p>
   </div>
   <div class='ocr_carea' id='block_1_76' title="bbox 1936 3385 3113 3457">
    <p class='ocr_par' dir='ltr' id='par_1_76' title="bbox 1936 3385 3113 3457">
     <span class='ocr_line' id='line_1_76' title="bbox 1936 3385 3113 3457; baseline -0.007 -12"><span class='ocrx_word' id='word_1_435' title='bbox 1936 3390 2210 3457; x_wconf 84' lang='lat' dir='ltr'><strong>excipient</strong></span> <span class='ocrx_word' id='word_1_436' title='bbox 2237 3404 2343 3457; x_wconf 91' lang='lat' dir='ltr'><strong>pax</strong></span> <span class='ocrx_word' id='word_1_437' title='bbox 2379 3396 2433 3442; x_wconf 90' lang='lat' dir='ltr'><strong>et</strong></span> <span class='ocrx_word' id='word_1_438' title='bbox 2463 3402 2668 3441; x_wconf 86' lang='lat' dir='ltr'><strong>corona</strong></span> <span class='ocrx_word' id='word_1_439' title='bbox 2712 3385 3113 3440; x_wconf 78' lang='lat' dir='ltr'><strong>exsultationis.</strong></span> 
     </span>
    </p>
   </div>
   <div class='ocr_carea' id='block_1_77' title="bbox 2009 3474 3509 3535">
    <p class='ocr_par' dir='ltr' id='par_1_77' title="bbox 2009 3474 3509 3535">
     <span class='ocr_line' id='line_1_77' title="bbox 2009 3474 3509 3535; baseline -0.004 0"><span class='ocrx_word' id='word_1_440' title='bbox 2009 3481 2136 3535; x_wconf 86' lang='lat'><strong>129.</strong></span> <span class='ocrx_word' id='word_1_441' title='bbox 2195 3479 2415 3534; x_wconf 88' lang='lat' dir='ltr'><strong>Deliciis</strong></span> <span class='ocrx_word' id='word_1_442' title='bbox 2468 3478 2661 3533; x_wconf 88' lang='lat' dir='ltr'><strong>vivens</strong></span> <span class='ocrx_word' id='word_1_443' title='bbox 2712 3476 3014 3531; x_wconf 84' lang='lat' dir='ltr'><strong>monachus</strong></span> <span class='ocrx_word' id='word_1_444' title='bbox 3068 3476 3123 3529; x_wconf 93' lang='lat' dir='ltr'><strong>in</strong></span> <span class='ocrx_word' id='word_1_445' title='bbox 3160 3474 3509 3530; x_wconf 82' lang='lat' dir='ltr'><strong>illusionibus</strong></span> 
     </span>
    </p>
   </div>
   <div class='ocr_carea' id='block_1_78' title="bbox 1938 3564 3506 3635">
    <p class='ocr_par' dir='ltr' id='par_1_78' title="bbox 1938 3564 3506 3635">
     <span class='ocr_line' id='line_1_78' title="bbox 1938 3564 3506 3635; baseline -0.006 -11"><span class='ocrx_word' id='word_1_446' title='bbox 1938 3572 2043 3625; x_wconf 89' lang='lat' dir='ltr'><strong>erit</strong></span> <span class='ocrx_word' id='word_1_447' title='bbox 2074 3579 2128 3625; x_wconf 91' lang='lat' dir='ltr'><strong>et</strong></span> <span class='ocrx_word' id='word_1_448' title='bbox 2158 3571 2212 3623; x_wconf 92' lang='lat' dir='ltr'><strong>in</strong></span> <span class='ocrx_word' id='word_1_449' title='bbox 2256 3568 2390 3623; x_wconf 86' lang='lat' dir='ltr'><strong>visis</strong></span> <span class='ocrx_word' id='word_1_450' title='bbox 2420 3567 2746 3627; x_wconf 84' lang='lat' dir='ltr'><strong>nocturnis;</strong></span> <span class='ocrx_word' id='word_1_451' title='bbox 2784 3565 2905 3635; x_wconf 87' lang='lat' dir='ltr'><strong>ejus</strong></span> <span class='ocrx_word' id='word_1_452' title='bbox 2940 3581 3068 3619; x_wconf 89' lang='lat' dir='ltr'><strong>vero</strong></span> <span class='ocrx_word' id='word_1_453' title='bbox 3114 3564 3207 3635; x_wconf 88' lang='lat' dir='ltr'><strong>qui</strong></span> <span class='ocrx_word' id='word_1_454' title='bbox 3235 3564 3506 3632; x_wconf 88' lang='lat' dir='ltr'><strong>jejunium</strong></span> 
     </span>
    </p>
   </div>
   <div class='ocr_carea' id='block_1_79' title="bbox 1936 3652 3504 3725">
    <p class='ocr_par' dir='ltr' id='par_1_79' title="bbox 1936 3652 3504 3725">
     <span class='ocr_line' id='line_1_79' title="bbox 1936 3652 3504 3725; baseline -0.006 -12"><span class='ocrx_word' id='word_1_455' title='bbox 1936 3661 2101 3725; x_wconf 84' lang='lat' dir='ltr'><strong>colat,</strong></span> <span class='ocrx_word' id='word_1_456' title='bbox 2150 3673 2181 3712; x_wconf 89' lang='lat' dir='ltr'><strong>a</strong></span> <span class='ocrx_word' id='word_1_457' title='bbox 2211 3656 2371 3713; x_wconf 89' lang='lat' dir='ltr'><strong>sorde</strong></span> <span class='ocrx_word' id='word_1_458' title='bbox 2416 3657 2679 3711; x_wconf 90' lang='lat' dir='ltr'><strong>mundum</strong></span> <span class='ocrx_word' id='word_1_459' title='bbox 2730 3655 2931 3719; x_wconf 90' lang='lat' dir='ltr'><strong>cubile,</strong></span> <span class='ocrx_word' id='word_1_460' title='bbox 2988 3670 3326 3724; x_wconf 85' lang='lat' dir='ltr'><strong>somnusque</strong></span> <span class='ocrx_word' id='word_1_461' title='bbox 3360 3652 3504 3708; x_wconf 79' lang='lat' dir='ltr'><strong>nulla</strong></span> 
     </span>
    </p>
   </div>
   <div class='ocr_carea' id='block_1_80' title="bbox 1939 3750 2311 3806">
    <p class='ocr_par' dir='ltr' id='par_1_80' title="bbox 1939 3750 2311 3806">
     <span class='ocr_line' id='line_1_80' title="bbox 1939 3750 2311 3806; baseline -0.003 0"><span class='ocrx_word' id='word_1_462' title='bbox 1939 3753 2054 3806; x_wconf 89' lang='lat' dir='ltr'><strong>visa</strong></span> <span class='ocrx_word' id='word_1_463' title='bbox 2084 3750 2311 3805; x_wconf 88' lang='lat' dir='ltr'><strong>habens.</strong></span> 
     </span>
    </p>
   </div>
   <div class='ocr_carea' id='block_1_81' title="bbox 2010 3839 3509 3913">
    <p class='ocr_par' dir='ltr' id='par_1_81' title="bbox 2010 3839 3509 3913">
     <span class='ocr_line' id='line_1_81' title="bbox 2010 3839 3509 3913; baseline -0.006 -15"><span class='ocrx_word' id='word_1_464' title='bbox 2010 3844 2136 3899; x_wconf 82' lang='lat'><strong>150.</strong></span> <span class='ocrx_word' id='word_1_465' title='bbox 2156 3845 2423 3898; x_wconf 80' lang='lat' dir='ltr'><strong>Monacno</strong></span> <span class='ocrx_word' id='word_1_466' title='bbox 2448 3843 2546 3913; x_wconf 93' lang='lat' dir='ltr'><strong>qui</strong></span> <span class='ocrx_word' id='word_1_467' title='bbox 2576 3841 2762 3896; x_wconf 89' lang='lat' dir='ltr'><strong>timeat</strong></span> <span class='ocrx_word' id='word_1_468' title='bbox 2790 3839 3101 3904; x_wconf 89' lang='lat' dir='ltr'><strong>Dominum,</strong></span> <span class='ocrx_word' id='word_1_469' title='bbox 3125 3852 3235 3893; x_wconf 91' lang='lat' dir='ltr'><strong>non</strong></span> <span class='ocrx_word' id='word_1_470' title='bbox 3259 3846 3509 3892; x_wconf 85' lang='lat' dir='ltr'><strong>occurret</strong></span> 
     </span>
    </p>
   </div>
   <div class='ocr_carea' id='block_1_82' title="bbox 1939 3927 3509 4007">
    <p class='ocr_par' dir='ltr' id='par_1_82' title="bbox 1939 3927 3509 4007">
     <span class='ocr_line' id='line_1_82' title="bbox 1939 3927 3509 4007; baseline -0.008 -13"><span class='ocrx_word' id='word_1_471' title='bbox 1939 3939 2142 3994; x_wconf 89' lang='lat' dir='ltr'><strong>malum</strong></span> <span class='ocrx_word' id='word_1_472' title='bbox 2157 3935 2374 4007; x_wconf 83' lang='lat' dir='ltr'><strong>aliquod</strong></span> <span class='ocrx_word' id='word_1_473' title='bbox 2400 3935 2580 4001; x_wconf 90' lang='lat' dir='ltr'><strong>;hunc</strong></span> <span class='ocrx_word' id='word_1_474' title='bbox 2605 3933 2752 3987; x_wconf 90' lang='lat' dir='ltr'><strong>enim</strong></span> <span class='ocrx_word' id='word_1_475' title='bbox 2772 3932 2936 3986; x_wconf 89' lang='lat' dir='ltr'><strong>talem</strong></span> <span class='ocrx_word' id='word_1_476' title='bbox 2962 3930 3222 3985; x_wconf 89' lang='lat' dir='ltr'><strong>Dominus</strong></span> <span class='ocrx_word' id='word_1_477' title='bbox 3249 3927 3509 3992; x_wconf 87' lang='lat' dir='ltr'><strong>custodit,</strong></span> 
     </span>
    </p>
   </div>
   <div class='ocr_carea' id='block_1_83' title="bbox 1938 4022 3163 4093">
    <p class='ocr_par' dir='ltr' id='par_1_83' title="bbox 1938 4022 3163 4093">
     <span class='ocr_line' id='line_1_83' title="bbox 1938 4022 3163 4093; baseline -0.007 -9"><span class='ocrx_word' id='word_1_478' title='bbox 1938 4039 1992 4084; x_wconf 91' lang='lat' dir='ltr'><strong>et</strong></span> <span class='ocrx_word' id='word_1_479' title='bbox 2025 4030 2077 4084; x_wconf 92' lang='lat' dir='ltr'><strong>in</strong></span> <span class='ocrx_word' id='word_1_480' title='bbox 2108 4029 2197 4084; x_wconf 89' lang='lat' dir='ltr'><strong>die</strong></span> <span class='ocrx_word' id='word_1_481' title='bbox 2229 4027 2420 4083; x_wconf 90' lang='lat' dir='ltr'><strong>mortis</strong></span> <span class='ocrx_word' id='word_1_482' title='bbox 2462 4024 2680 4080; x_wconf 86' lang='lat' dir='ltr'><strong>habebit</strong></span> <span class='ocrx_word' id='word_1_483' title='bbox 2704 4022 3163 4093; x_wconf 88' lang='lat' dir='ltr'><strong>propitiationem.</strong></span> 
     </span>
    </p>
   </div>
   <div class='ocr_carea' id='block_1_84' title="bbox 2012 4180 3510 4257">
    <p class='ocr_par' dir='ltr' id='par_1_84' title="bbox 2012 4180 3510 4257">
     <span class='ocr_line' id='line_1_84' title="bbox 2012 4180 3510 4257; baseline -0.006 -11"><span class='ocrx_word' id='word_1_484' title='bbox 2012 4193 2134 4246; x_wconf 80' lang='lat' dir='ltr'><strong>15l.</strong></span> <span class='ocrx_word' id='word_1_485' title='bbox 2172 4189 2424 4246; x_wconf 86' lang='lat' dir='ltr'><strong>Monachi</strong></span> <span class='ocrx_word' id='word_1_486' title='bbox 2453 4188 2722 4257; x_wconf 74' lang='lat' dir='ltr'><strong>subiectio</strong></span> <span class='ocrx_word' id='word_1_487' title='bbox 2781 4200 2890 4242; x_wconf 90' lang='lat' dir='ltr'><strong>non</strong></span> <span class='ocrx_word' id='word_1_488' title='bbox 2918 4185 2974 4240; x_wconf 91' lang='lat' dir='ltr'><strong>in</strong></span> <span class='ocrx_word' id='word_1_489' title='bbox 3007 4199 3066 4240; x_wconf 88' lang='lat' dir='ltr'><strong>re</strong></span> <span class='ocrx_word' id='word_1_490' title='bbox 3113 4180 3296 4254; x_wconf 78' lang='lat' dir='ltr'><strong>magni</strong></span> <span class='ocrx_word' id='word_1_491' title='bbox 3322 4184 3510 4239; x_wconf 84' lang='lat' dir='ltr'><strong>nosci-</strong></span> 
     </span>
    </p>
   </div>
   <div class='ocr_carea' id='block_1_85' title="bbox 1936 4278 2803 4352">
    <p class='ocr_par' dir='ltr' id='par_1_85' title="bbox 1936 4278 2803 4352">
     <span class='ocr_line' id='line_1_85' title="bbox 1936 4278 2803 4352; baseline -0.01 -11"><span class='ocrx_word' id='word_1_492' title='bbox 1936 4296 2045 4352; x_wconf 86' lang='lat' dir='ltr'><strong>tur,</strong></span> <span class='ocrx_word' id='word_1_493' title='bbox 2070 4286 2163 4340; x_wconf 90' lang='lat' dir='ltr'><strong>sed</strong></span> <span class='ocrx_word' id='word_1_494' title='bbox 2188 4284 2241 4339; x_wconf 93' lang='lat' dir='ltr'><strong>in</strong></span> <span class='ocrx_word' id='word_1_495' title='bbox 2275 4283 2501 4337; x_wconf 89' lang='lat' dir='ltr'><strong>minimo</strong></span> <span class='ocrx_word' id='word_1_496' title='bbox 2531 4278 2803 4335; x_wconf 86' lang='lat' dir='ltr'><strong>laudatur.</strong></span> 
     </span>
    </p>
   </div>
   <div class='ocr_carea' id='block_1_86' title="bbox 338 4366 1828 4443">
    <p class='ocr_par' dir='ltr' id='par_1_86' title="bbox 338 4370 1828 4443">
     <span class='ocr_line' id='line_1_86' title="bbox 338 4370 1828 4443; baseline -0.002 -17"><span class='ocrx_word' id='word_1_497' title='bbox 338 4373 616 4443; x_wconf 82' lang='grc' dir='ltr'>’Υπομονὴ</span> <span class='ocrx_word' id='word_1_498' title='bbox 665 4370 900 4440; x_wconf 84' lang='grc' dir='ltr'>μοναχοῦ</span> <span class='ocrx_word' id='word_1_499' title='bbox 948 4373 1049 4423; x_wconf 84' lang='grc' dir='ltr'><strong>οὐκ</strong></span> <span class='ocrx_word' id='word_1_500' title='bbox 1083 4373 1141 4423; x_wconf 82' lang='grc' dir='ltr'><strong>ὲν</strong></span> <span class='ocrx_word' id='word_1_501' title='bbox 1203 4370 1455 4442; x_wconf 73' lang='grc' dir='ltr'>ἀσθενείᾳ.</span> <span class='ocrx_word' id='word_1_502' title='bbox 1498 4372 1657 4440; x_wconf 89' lang='grc' dir='ltr'>μόνον</span> <span class='ocrx_word' id='word_1_503' title='bbox 1688 4389 1828 4439; x_wconf 87' lang='grc' dir='ltr'>γνω-</span> 
     </span>
    </p>
   </div>
   <div class='ocr_carea' id='block_1_87' title="bbox 1968 4366 3509 4443">
    <p class='ocr_par' dir='ltr' id='par_1_87' title="bbox 2005 4366 3509 4431">
     <span class='ocr_line' id='line_1_87' title="bbox 2005 4366 3509 4431; baseline -0.007 -1"><span class='ocrx_word' id='word_1_504' title='bbox 2005 4378 2129 4431; x_wconf 84' lang='grc'>152.</span> <span class='ocrx_word' id='word_1_505' title='bbox 2158 4375 2428 4430; x_wconf 77' lang='lat' dir='ltr'><strong>Patientia</strong></span> <span class='ocrx_word' id='word_1_506' title='bbox 2463 4374 2718 4428; x_wconf 90' lang='lat' dir='ltr'><strong>monachi</strong></span> <span class='ocrx_word' id='word_1_507' title='bbox 2769 4386 2875 4426; x_wconf 91' lang='lat' dir='ltr'><strong>non</strong></span> <span class='ocrx_word' id='word_1_508' title='bbox 2906 4372 3083 4426; x_wconf 90' lang='lat' dir='ltr'><strong>solum</strong></span> <span class='ocrx_word' id='word_1_509' title='bbox 3113 4370 3166 4423; x_wconf 89' lang='lat' dir='ltr'><strong>in</strong></span> <span class='ocrx_word' id='word_1_510' title='bbox 3195 4366 3509 4422; x_wconf 77' lang='lat' dir='ltr'><strong>inﬁrmitate</strong></span> 
     </span>
    </p>
   </div>
   <div class='ocr_carea' id='block_1_88' title="bbox 264 4462 1632 4536">
    <p class='ocr_par' dir='ltr' id='par_1_88' title="bbox 264 4462 1632 4536">
     <span class='ocr_line' id='line_1_88' title="bbox 264 4462 1632 4536; baseline 0 -19"><span class='ocrx_word' id='word_1_511' title='bbox 264 4466 489 4536; x_wconf 84' lang='grc' dir='ltr'>ρίζεται,</span> <span class='ocrx_word' id='word_1_512' title='bbox 519 4465 631 4519; x_wconf 80' lang='grc' dir='ltr'>ἀλλ’</span> <span class='ocrx_word' id='word_1_513' title='bbox 663 4466 720 4517; x_wconf 82' lang='grc' dir='ltr'><strong>ὲν</strong></span> <span class='ocrx_word' id='word_1_514' title='bbox 753 4466 864 4526; x_wconf 83' lang='grc' dir='ltr'>τοῖς</span> <span class='ocrx_word' id='word_1_515' title='bbox 901 4466 1228 4534; x_wconf 84' lang='grc' dir='ltr'>πειρασμοῖς</span> <span class='ocrx_word' id='word_1_516' title='bbox 1256 4462 1632 4533; x_wconf 76' lang='grc' dir='ltr'>δοκιμάζεται.</span> 
     </span>
    </p>
   </div>
   <div class='ocr_carea' id='block_1_89' title="bbox 343 4639 1834 4714">
    <p class='ocr_par' dir='ltr' id='par_1_89' title="bbox 343 4639 1834 4714">
     <span class='ocr_line' id='line_1_89' title="bbox 343 4639 1834 4714; baseline -0.001 -18"><span class='ocrx_word' id='word_1_517' title='bbox 343 4642 620 4714; x_wconf 79' lang='grc' dir='ltr'>’Υπομονὴ</span> <span class='ocrx_word' id='word_1_518' title='bbox 655 4639 889 4712; x_wconf 77' lang='grc' dir='ltr'>μοναχοῦ</span> <span class='ocrx_word' id='word_1_519' title='bbox 919 4640 1078 4711; x_wconf 79' lang='grc' dir='ltr'>ἔργον</span> <span class='ocrx_word' id='word_1_520' title='bbox 1101 4639 1303 4693; x_wconf 80' lang='grc' dir='ltr'>τέλειον</span> <span class='ocrx_word' id='word_1_521' title='bbox 1333 4642 1550 4709; x_wconf 81' lang='grc' dir='ltr'>ἔχουσα,</span> <span class='ocrx_word' id='word_1_522' title='bbox 1582 4640 1642 4693; x_wconf 78' lang='grc' dir='ltr'><strong>τὸ</strong></span> <span class='ocrx_word' id='word_1_523' title='bbox 1673 4641 1834 4695; x_wconf 78' lang='grc' dir='ltr'>καλὸν</span> 
     </span>
    </p>
   </div>
   <div class='ocr_carea' id='block_1_90' title="bbox 260 4732 1099 4808">
    <p class='ocr_par' dir='ltr' id='par_1_90' title="bbox 260 4732 1099 4808">
     <span class='ocr_line' id='line_1_90' title="bbox 260 4732 1099 4808; baseline -0.008 -17"><span class='ocrx_word' id='word_1_524' title='bbox 260 4737 359 4808; x_wconf 78' lang='grc' dir='ltr'>τῆς</span> <span class='ocrx_word' id='word_1_525' title='bbox 393 4735 575 4805; x_wconf 70' lang='grc' dir='ltr'>ψυχῆς</span> <span class='ocrx_word' id='word_1_526' title='bbox 602 4733 857 4797; x_wconf 74' lang='grc' dir='ltr'><strong>διασώζει</strong></span> <span class='ocrx_word' id='word_1_527' title='bbox 888 4732 1099 4799; x_wconf 73' lang='grc' dir='ltr'>κτῆμα.</span> 
     </span>
    </p>
   </div>
   <div class='ocr_carea' id='block_1_91' title="bbox 343 4820 1836 4896">
    <p class='ocr_par' dir='ltr' id='par_1_91' title="bbox 343 4820 1836 4896">
     <span class='ocr_line' id='line_1_91' title="bbox 343 4820 1836 4896; baseline -0.002 -18"><span class='ocrx_word' id='word_1_528' title='bbox 343 4825 623 4896; x_wconf 81' lang='grc' dir='ltr'>’Υπομονὴ</span> <span class='ocrx_word' id='word_1_529' title='bbox 677 4825 734 4875; x_wconf 78' lang='grc' dir='ltr'><strong>ὲν</strong></span> <span class='ocrx_word' id='word_1_530' title='bbox 791 4825 911 4885; x_wconf 83' lang='grc' dir='ltr'>ταῖς</span> <span class='ocrx_word' id='word_1_531' title='bbox 964 4820 1173 4890; x_wconf 73' lang='grc' dir='ltr'>Θλίψεσι</span> <span class='ocrx_word' id='word_1_532' title='bbox 1240 4821 1389 4890; x_wconf 78' lang='grc' dir='ltr'>παρᾶ</span> <span class='ocrx_word' id='word_1_533' title='bbox 1450 4820 1685 4891; x_wconf 83' lang='grc' dir='ltr'>μοναχοῦ</span> <span class='ocrx_word' id='word_1_534' title='bbox 1744 4839 1836 4875; x_wconf 88' lang='grc' dir='ltr'>πι-</span> 
     </span>
    </p>
   </div>
   <div class='ocr_carea' id='block_1_92' title="bbox 265 4912 1830 4984">
    <p class='ocr_par' dir='ltr' id='par_1_92' title="bbox 265 4912 1830 4984">
     <span class='ocr_line' id='line_1_92' title="bbox 265 4912 1830 4984; baseline -0.003 -14"><span class='ocrx_word' id='word_1_535' title='bbox 265 4916 407 4979; x_wconf 84' lang='grc' dir='ltr'>στῶς</span> <span class='ocrx_word' id='word_1_536' title='bbox 454 4914 791 4984; x_wconf 86' lang='grc' dir='ltr'>τελουμένη,</span> <span class='ocrx_word' id='word_1_537' title='bbox 850 4913 1043 4965; x_wconf 78' lang='grc' dir='ltr'>ἐλπίδα</span> <span class='ocrx_word' id='word_1_538' title='bbox 1095 4914 1327 4966; x_wconf 88' lang='grc' dir='ltr'>ποιεῖται</span> <span class='ocrx_word' id='word_1_539' title='bbox 1393 4912 1466 4983; x_wconf 85' lang='grc' dir='ltr'>μὴ</span> <span class='ocrx_word' id='word_1_540' title='bbox 1534 4914 1830 4983; x_wconf 82' lang='grc' dir='ltr'>καταισχύ-</span> 
     </span>
    </p>
   </div>
   <div class='ocr_carea' id='block_1_93' title="bbox 264 5026 480 5062">
    <p class='ocr_par' dir='ltr' id='par_1_93' title="bbox 264 5026 480 5062">
     <span class='ocr_line' id='line_1_93' title="bbox 264 5026 480 5062; baseline 0 0"><span class='ocrx_word' id='word_1_541' title='bbox 264 5026 480 5062; x_wconf 87' lang='grc' dir='ltr'>νουσαν.</span> 
     </span>
    </p>
   </div>
   <div class='ocr_carea' id='block_1_94' title="bbox 346 5100 1837 5173">
    <p class='ocr_par' dir='ltr' id='par_1_94' title="bbox 346 5100 1837 5173">
     <span class='ocr_line' id='line_1_94' title="bbox 346 5100 1837 5173; baseline 0.001 -18"><span class='ocrx_word' id='word_1_542' title='bbox 346 5103 621 5173; x_wconf 80' lang='grc' dir='ltr'>’Υπομονὴ</span> <span class='ocrx_word' id='word_1_543' title='bbox 666 5103 896 5173; x_wconf 79' lang='grc' dir='ltr'>μοναχοῦ</span> <span class='ocrx_word' id='word_1_544' title='bbox 943 5103 1046 5165; x_wconf 82' lang='grc' dir='ltr'><strong>ἓως</strong></span> <span class='ocrx_word' id='word_1_545' title='bbox 1108 5103 1338 5172; x_wconf 77' lang='grc' dir='ltr'>ἐσχάτου</span> <span class='ocrx_word' id='word_1_546' title='bbox 1385 5100 1548 5155; x_wconf 73' lang='grc' dir='ltr'>αὑτοῦ</span> <span class='ocrx_word' id='word_1_547' title='bbox 1585 5101 1837 5165; x_wconf 78' lang='grc' dir='ltr'>διασώζει</span> 
     </span>
    </p>
   </div>
   <div class='ocr_carea' id='block_1_95' title="bbox 262 5190 1835 5265">
    <p class='ocr_par' dir='ltr' id='par_1_95' title="bbox 262 5190 1835 5265">
     <span class='ocr_line' id='line_1_95' title="bbox 262 5190 1835 5265; baseline 0.001 -19"><span class='ocrx_word' id='word_1_548' title='bbox 262 5194 427 5247; x_wconf 84' lang='grc' dir='ltr'>αὐτόν</span> <span class='ocrx_word' id='word_1_549' title='bbox 447 5211 462 5225; x_wconf 78' lang='grc' dir='ltr'><strong>ο</strong></span> <span class='ocrx_word' id='word_1_550' title='bbox 510 5195 572 5247; x_wconf 88' lang='lat'><strong>&#39;0</strong></span> <span class='ocrx_word' id='word_1_551' title='bbox 602 5195 709 5265; x_wconf 79' lang='grc' dir='ltr'><strong>γὰρ</strong></span> <span class='ocrx_word' id='word_1_552' title='bbox 742 5195 1069 5264; x_wconf 74' lang='grc' dir='ltr'>ὑπομείνας</span> <span class='ocrx_word' id='word_1_553' title='bbox 1093 5197 1180 5260; x_wconf 85' lang='grc' dir='ltr'>εὶς</span> <span class='ocrx_word' id='word_1_554' title='bbox 1205 5193 1401 5257; x_wconf 75' lang='grc' dir='ltr'>τέλος,</span> <span class='ocrx_word' id='word_1_555' title='bbox 1438 5190 1617 5259; x_wconf 83' lang='grc' dir='ltr'>οὗτος</span> <span class='ocrx_word' id='word_1_556' title='bbox 1641 5194 1835 5259; x_wconf 78' lang='grc' dir='ltr'>σωθή-</span> 
     </span>
    </p>
   </div>
   <div class='ocr_carea' id='block_1_96' title="bbox 264 5299 457 5339">
    <p class='ocr_par' dir='ltr' id='par_1_96' title="bbox 264 5299 457 5339">
     <span class='ocr_line' id='line_1_96' title="bbox 264 5299 457 5339; baseline 0.005 -2"><span class='ocrx_word' id='word_1_557' title='bbox 264 5299 457 5339; x_wconf 80' lang='grc' dir='ltr'><strong>σεται.</strong></span> 
     </span>
    </p>
   </div>
   <div class='ocr_carea' id='block_1_97' title="bbox 346 5375 1835 5448">
    <p class='ocr_par' dir='ltr' id='par_1_97' title="bbox 346 5375 1835 5448">
     <span class='ocr_line' id='line_1_97' title="bbox 346 5375 1835 5448; baseline 0.001 -20"><span class='ocrx_word' id='word_1_558' title='bbox 346 5377 671 5446; x_wconf 77' lang='grc' dir='ltr'>Ὑμνολογία</span> <span class='ocrx_word' id='word_1_559' title='bbox 708 5378 941 5448; x_wconf 77' lang='grc' dir='ltr'>μοναχοῦ</span> <span class='ocrx_word' id='word_1_560' title='bbox 981 5377 1400 5440; x_wconf 87' lang='grc' dir='ltr'>άκατάπαυστος</span> <span class='ocrx_word' id='word_1_561' title='bbox 1431 5375 1570 5428; x_wconf 76' lang='grc' dir='ltr'>ἔστω</span> <span class='ocrx_word' id='word_1_562' title='bbox 1590 5391 1603 5404; x_wconf 90' lang='grc'><strong>·</strong></span> <span class='ocrx_word' id='word_1_563' title='bbox 1636 5376 1703 5429; x_wconf 74' lang='grc' dir='ltr'>τὰ</span> <span class='ocrx_word' id='word_1_564' title='bbox 1729 5376 1835 5448; x_wconf 82' lang='grc' dir='ltr'><strong>γὰρ</strong></span> 
     </span>
    </p>
   </div>
   <div class='ocr_carea' id='block_1_98' title="bbox 268 5464 1303 5539">
    <p class='ocr_par' dir='ltr' id='par_1_98' title="bbox 268 5464 1303 5539">
     <span class='ocr_line' id='line_1_98' title="bbox 268 5464 1303 5539; baseline 0.005 -21"><span class='ocrx_word' id='word_1_565' title='bbox 268 5464 520 5539; x_wconf 67' lang='grc' dir='ltr'>Σεραφὶμ</span> <span class='ocrx_word' id='word_1_566' title='bbox 550 5469 984 5532; x_wconf 83' lang='grc' dir='ltr'>ἀκαταπαύστως</span> <span class='ocrx_word' id='word_1_567' title='bbox 1013 5470 1303 5538; x_wconf 78' lang='grc' dir='ltr'>δοξολογεῖ.</span> 
     </span>
    </p>
   </div>
   <div class='ocr_carea' id='block_1_99' title="bbox 345 5625 856 5692">
    <p class='ocr_par' dir='ltr' id='par_1_99' title="bbox 345 5625 856 5692">
     <span class='ocr_line' id='line_1_99' title="bbox 345 5625 856 5692; baseline 0.004 -13"><span class='ocrx_word' id='word_1_568' title='bbox 345 5625 385 5656; x_wconf 81' lang='grc'><strong>³¹</strong></span> <span class='ocrx_word' id='word_1_569' title='bbox 418 5625 578 5681; x_wconf 75' lang='lat' dir='ltr'><strong>llcbr.</strong></span> <span class='ocrx_word' id='word_1_570' title='bbox 623 5643 720 5692; x_wconf 81' lang='lat' dir='ltr'><strong>xu,</strong></span> <span class='ocrx_word' id='word_1_571' title='bbox 774 5628 856 5682; x_wconf 73' lang='lat' dir='ltr'><strong>ll.</strong></span> 
     </span>
    </p>
   </div>
   <div class='ocr_carea' id='block_1_100' title="bbox 939 5626 1898 5693">
    <p class='ocr_par' dir='ltr' id='par_1_100' title="bbox 939 5626 1898 5693">
     <span class='ocr_line' id='line_1_100' title="bbox 939 5626 1898 5693; baseline 0 -11"><span class='ocrx_word' id='word_1_572' title='bbox 939 5629 980 5659; x_wconf 74' lang='grc'>³³</span> <span class='ocrx_word' id='word_1_573' title='bbox 1024 5626 1141 5682; x_wconf 86' lang='lat' dir='ltr'><strong>Jac.</strong></span> <span class='ocrx_word' id='word_1_574' title='bbox 1187 5643 1225 5693; x_wconf 88' lang='grc' dir='ltr'>ι,</span> <span class='ocrx_word' id='word_1_575' title='bbox 1257 5628 1309 5682; x_wconf 68' lang='grc'><strong>1.</strong></span> <span class='ocrx_word' id='word_1_576' title='bbox 1393 5628 1435 5659; x_wconf 82' lang='grc'>³³</span> <span class='ocrx_word' id='word_1_577' title='bbox 1458 5626 1647 5682; x_wconf 80' lang='lat' dir='ltr'><strong>Matth.</strong></span> <span class='ocrx_word' id='word_1_578' title='bbox 1708 5644 1759 5693; x_wconf 74' lang='grc' dir='ltr'><strong>ιι,</strong></span> <span class='ocrx_word' id='word_1_579' title='bbox 1809 5629 1898 5682; x_wconf 77' lang='lat'><strong>22.</strong></span> 
     </span>
    </p>
   </div>
   <div class='ocr_carea' id='block_1_101' title="bbox 1940 4458 3511 4529">
    <p class='ocr_par' dir='ltr' id='par_1_101' title="bbox 1940 4458 3511 4529">
     <span class='ocr_line' id='line_1_101' title="bbox 1940 4458 3511 4529; baseline -0.006 -11"><span class='ocrx_word' id='word_1_580' title='bbox 1940 4463 2250 4520; x_wconf 87' lang='lat' dir='ltr'><strong>ostenditur</strong></span> <span class='ocrx_word' id='word_1_581' title='bbox 2282 4504 2297 4529; x_wconf 91' lang='lat'><strong>,</strong></span> <span class='ocrx_word' id='word_1_582' title='bbox 2339 4478 2531 4518; x_wconf 88' lang='lat' dir='ltr'><strong>verum</strong></span> <span class='ocrx_word' id='word_1_583' title='bbox 2596 4461 2763 4516; x_wconf 89' lang='lat' dir='ltr'><strong>etiam</strong></span> <span class='ocrx_word' id='word_1_584' title='bbox 2821 4460 2874 4514; x_wconf 89' lang='lat' dir='ltr'><strong>in</strong></span> <span class='ocrx_word' id='word_1_585' title='bbox 2914 4458 3303 4515; x_wconf 87' lang='lat' dir='ltr'><strong>tentationibus</strong></span> <span class='ocrx_word' id='word_1_586' title='bbox 3364 4469 3511 4524; x_wconf 88' lang='lat' dir='ltr'><strong>pro-</strong></span> 
     </span>
    </p>
   </div>
   <div class='ocr_carea' id='block_1_102' title="bbox 1944 4558 2122 4611">
    <p class='ocr_par' dir='ltr' id='par_1_102' title="bbox 1944 4558 2122 4611">
     <span class='ocr_line' id='line_1_102' title="bbox 1944 4558 2122 4611; baseline -0.006 0"><span class='ocrx_word' id='word_1_587' title='bbox 1944 4558 2122 4611; x_wconf 87' lang='lat' dir='ltr'><strong>batur.</strong></span> 
     </span>
    </p>
   </div>
   <div class='ocr_carea' id='block_1_103' title="bbox 2015 4634 3510 4711">
    <p class='ocr_par' dir='ltr' id='par_1_103' title="bbox 2015 4634 3510 4711">
     <span class='ocr_line' id='line_1_103' title="bbox 2015 4634 3510 4711; baseline -0.009 -8"><span class='ocrx_word' id='word_1_588' title='bbox 2015 4650 2136 4705; x_wconf 77' lang='lat'><strong>133.</strong></span> <span class='ocrx_word' id='word_1_589' title='bbox 2159 4647 2420 4702; x_wconf 85' lang='lat' dir='ltr'><strong>Patientia</strong></span> <span class='ocrx_word' id='word_1_590' title='bbox 2438 4644 2692 4699; x_wconf 87' lang='lat' dir='ltr'><strong>monachi</strong></span> <span class='ocrx_word' id='word_1_591' title='bbox 2729 4658 2867 4711; x_wconf 92' lang='lat' dir='ltr'><strong>opus</strong></span> <span class='ocrx_word' id='word_1_592' title='bbox 2902 4639 3199 4711; x_wconf 78' lang='lat' dir='ltr'><strong>perfectum</strong></span> <span class='ocrx_word' id='word_1_593' title='bbox 3219 4636 3425 4691; x_wconf 88' lang='lat' dir='ltr'><strong>habens</strong></span> <span class='ocrx_word' id='word_1_594' title='bbox 3444 4634 3510 4700; x_wconf 82' lang='grc'>³²,</span> 
     </span>
    </p>
   </div>
   <div class='ocr_carea' id='block_1_104' title="bbox 1945 4733 3296 4811">
    <p class='ocr_par' dir='ltr' id='par_1_104' title="bbox 1945 4733 3296 4811">
     <span class='ocr_line' id='line_1_104' title="bbox 1945 4733 3296 4811; baseline -0.012 -15"><span class='ocrx_word' id='word_1_595' title='bbox 1945 4742 2261 4811; x_wconf 66' lang='lat' dir='ltr'><strong>praeclaram</strong></span> <span class='ocrx_word' id='word_1_596' title='bbox 2315 4737 2483 4792; x_wconf 88' lang='lat' dir='ltr'><strong>animi</strong></span> <span class='ocrx_word' id='word_1_597' title='bbox 2522 4736 2702 4790; x_wconf 83' lang='lat' dir='ltr'><strong>dotem</strong></span> <span class='ocrx_word' id='word_1_598' title='bbox 2732 4733 3059 4787; x_wconf 90' lang='lat' dir='ltr'><strong>incolumem</strong></span> <span class='ocrx_word' id='word_1_599' title='bbox 3094 4739 3296 4784; x_wconf 89' lang='lat' dir='ltr'><strong>servat.</strong></span> 
     </span>
    </p>
   </div>
   <div class='ocr_carea' id='block_1_105' title="bbox 2016 4811 3511 4885">
    <p class='ocr_par' dir='ltr' id='par_1_105' title="bbox 2016 4811 3511 4885">
     <span class='ocr_line' id='line_1_105' title="bbox 2016 4811 3511 4885; baseline -0.015 0"><span class='ocrx_word' id='word_1_600' title='bbox 2016 4830 2137 4885; x_wconf 72' lang='grc'>154.</span> <span class='ocrx_word' id='word_1_601' title='bbox 2181 4826 2449 4883; x_wconf 85' lang='lat' dir='ltr'><strong>Patientia</strong></span> <span class='ocrx_word' id='word_1_602' title='bbox 2498 4824 2551 4879; x_wconf 92' lang='lat' dir='ltr'><strong>in</strong></span> <span class='ocrx_word' id='word_1_603' title='bbox 2584 4819 3000 4877; x_wconf 76' lang='lat' dir='ltr'><strong>adversitatibus</strong></span> <span class='ocrx_word' id='word_1_604' title='bbox 3029 4833 3059 4870; x_wconf 92' lang='lat' dir='ltr'><strong>a</strong></span> <span class='ocrx_word' id='word_1_605' title='bbox 3094 4813 3361 4872; x_wconf 86' lang='lat' dir='ltr'><strong>monacho</strong></span> <span class='ocrx_word' id='word_1_606' title='bbox 3382 4811 3511 4865; x_wconf 80' lang='lat' dir='ltr'><strong>tide-</strong></span> 
     </span>
    </p>
   </div>
   <div class='ocr_carea' id='block_1_106' title="bbox 1945 4902 3506 4986">
    <p class='ocr_par' dir='ltr' id='par_1_106' title="bbox 1945 4902 3506 4986">
     <span class='ocr_line' id='line_1_106' title="bbox 1945 4902 3506 4986; baseline -0.015 -10"><span class='ocrx_word' id='word_1_607' title='bbox 1945 4924 2069 4977; x_wconf 88' lang='lat' dir='ltr'><strong>liter</strong></span> <span class='ocrx_word' id='word_1_608' title='bbox 2101 4922 2404 4981; x_wconf 83' lang='lat' dir='ltr'><strong>observata,</strong></span> <span class='ocrx_word' id='word_1_609' title='bbox 2449 4931 2596 4986; x_wconf 83' lang='lat' dir='ltr'><strong>spem</strong></span> <span class='ocrx_word' id='word_1_610' title='bbox 2640 4916 2715 4968; x_wconf 91' lang='lat' dir='ltr'><strong>illi</strong></span> <span class='ocrx_word' id='word_1_611' title='bbox 2761 4912 2949 4966; x_wconf 87' lang='lat' dir='ltr'><strong>tribuit</strong></span> <span class='ocrx_word' id='word_1_612' title='bbox 2975 4924 3095 4979; x_wconf 72' lang='lat' dir='ltr'><strong>qua:</strong></span> <span class='ocrx_word' id='word_1_613' title='bbox 3139 4922 3247 4961; x_wconf 92' lang='lat' dir='ltr'><strong>non</strong></span> <span class='ocrx_word' id='word_1_614' title='bbox 3277 4902 3506 4958; x_wconf 82' lang='lat' dir='ltr'><strong>confun-</strong></span> 
     </span>
    </p>
   </div>
   <div class='ocr_carea' id='block_1_107' title="bbox 1946 5016 2125 5068">
    <p class='ocr_par' dir='ltr' id='par_1_107' title="bbox 1946 5016 2125 5068">
     <span class='ocr_line' id='line_1_107' title="bbox 1946 5016 2125 5068; baseline 0 -1"><span class='ocrx_word' id='word_1_615' title='bbox 1946 5016 2125 5068; x_wconf 88' lang='lat' dir='ltr'><strong>detur.</strong></span> 
     </span>
    </p>
   </div>
   <div class='ocr_carea' id='block_1_108' title="bbox 2017 5097 3508 5167">
    <p class='ocr_par' dir='ltr' id='par_1_108' title="bbox 2017 5097 3508 5167">
     <span class='ocr_line' id='line_1_108' title="bbox 2017 5097 3508 5167; baseline -0.008 -10"><span class='ocrx_word' id='word_1_616' title='bbox 2017 5105 2139 5159; x_wconf 78' lang='lat'><strong>155.</strong></span> <span class='ocrx_word' id='word_1_617' title='bbox 2176 5102 2442 5157; x_wconf 89' lang='lat' dir='ltr'><strong>Patientia</strong></span> <span class='ocrx_word' id='word_1_618' title='bbox 2476 5100 2750 5162; x_wconf 89' lang='lat' dir='ltr'><strong>monachi,</strong></span> <span class='ocrx_word' id='word_1_619' title='bbox 2771 5099 2824 5153; x_wconf 92' lang='lat' dir='ltr'><strong>in</strong></span> <span class='ocrx_word' id='word_1_620' title='bbox 2841 5097 2961 5167; x_wconf 85' lang='lat' dir='ltr'><strong>ejus</strong></span> <span class='ocrx_word' id='word_1_621' title='bbox 2988 5111 3159 5166; x_wconf 89' lang='lat' dir='ltr'><strong>usque</strong></span> <span class='ocrx_word' id='word_1_622' title='bbox 3179 5097 3361 5160; x_wconf 90' lang='lat' dir='ltr'><strong>tinem,</strong></span> <span class='ocrx_word' id='word_1_623' title='bbox 3383 5109 3508 5148; x_wconf 93' lang='lat' dir='ltr'><strong>eum</strong></span> 
     </span>
    </p>
   </div>
   <div class='ocr_carea' id='block_1_109' title="bbox 1948 5187 3508 5260">
    <p class='ocr_par' dir='ltr' id='par_1_109' title="bbox 1948 5187 3508 5260">
     <span class='ocr_line' id='line_1_109' title="bbox 1948 5187 3508 5260; baseline -0.01 -8"><span class='ocrx_word' id='word_1_624' title='bbox 1948 5205 2161 5252; x_wconf 80' lang='lat' dir='ltr'><strong>servat:</strong></span> <span class='ocrx_word' id='word_1_625' title='bbox 2203 5194 2307 5260; x_wconf 81' lang='lat' dir='ltr'><strong>Qui</strong></span> <span class='ocrx_word' id='word_1_626' title='bbox 2355 5193 2491 5247; x_wconf 84' lang='lat' dir='ltr'><strong>enim</strong></span> <span class='ocrx_word' id='word_1_627' title='bbox 2540 5192 2802 5260; x_wconf 76' lang='lat' dir='ltr'><strong>patienter</strong></span> <span class='ocrx_word' id='word_1_628' title='bbox 2841 5190 2894 5242; x_wconf 83' lang='lat' dir='ltr'><strong>in</strong></span> <span class='ocrx_word' id='word_1_629' title='bbox 2935 5190 3091 5259; x_wconf 82' lang='lat' dir='ltr'><strong>ﬁnem</strong></span> <span class='ocrx_word' id='word_1_630' title='bbox 3128 5203 3290 5257; x_wconf 74' lang='lat' dir='ltr'><strong>usque</strong></span> <span class='ocrx_word' id='word_1_631' title='bbox 3345 5187 3508 5239; x_wconf 77' lang='lat' dir='ltr'><strong>susti-</strong></span> 
     </span>
    </p>
   </div>
   <div class='ocr_carea' id='block_1_110' title="bbox 1947 5285 2685 5353">
    <p class='ocr_par' dir='ltr' id='par_1_110' title="bbox 1947 5285 2685 5353">
     <span class='ocr_line' id='line_1_110' title="bbox 1947 5285 2685 5353; baseline -0.008 -11"><span class='ocrx_word' id='word_1_632' title='bbox 1947 5288 2141 5353; x_wconf 81' lang='lat' dir='ltr'><strong>nuerit,</strong></span> <span class='ocrx_word' id='word_1_633' title='bbox 2172 5288 2253 5339; x_wconf 76' lang='lat' dir='ltr'><strong>hic</strong></span> <span class='ocrx_word' id='word_1_634' title='bbox 2282 5286 2457 5345; x_wconf 78' lang='lat' dir='ltr'><strong>salvus</strong></span> <span class='ocrx_word' id='word_1_635' title='bbox 2489 5285 2586 5339; x_wconf 80' lang='lat' dir='ltr'><strong>erit</strong></span> <span class='ocrx_word' id='word_1_636' title='bbox 2620 5285 2685 5336; x_wconf 84' lang='grc'><strong>³³.</strong></span> 
     </span>
    </p>
   </div>
   <div class='ocr_carea' id='block_1_111' title="bbox 2017 5370 3514 5436">
    <p class='ocr_par' dir='ltr' id='par_1_111' title="bbox 2017 5370 3514 5436">
     <span class='ocr_line' id='line_1_111' title="bbox 2017 5370 3514 5436; baseline -0.008 -2"><span class='ocrx_word' id='word_1_637' title='bbox 2017 5380 2138 5434; x_wconf 80' lang='grc'>156.</span> <span class='ocrx_word' id='word_1_638' title='bbox 2174 5378 2423 5433; x_wconf 84' lang='lat' dir='ltr'><strong>Monachi</strong></span> <span class='ocrx_word' id='word_1_639' title='bbox 2480 5376 2719 5431; x_wconf 79' lang='lat' dir='ltr'><strong>laudatio</strong></span> <span class='ocrx_word' id='word_1_640' title='bbox 2778 5371 3115 5429; x_wconf 83' lang='lat' dir='ltr'><strong>inecssabilis</strong></span> <span class='ocrx_word' id='word_1_641' title='bbox 3165 5370 3232 5426; x_wconf 81' lang='lat' dir='ltr'><strong>sit</strong></span> <span class='ocrx_word' id='word_1_642' title='bbox 3261 5387 3277 5436; x_wconf 90' lang='lat'><strong>;</strong></span> <span class='ocrx_word' id='word_1_643' title='bbox 3310 5381 3433 5422; x_wconf 90' lang='lat' dir='ltr'><strong>nam</strong></span> <span class='ocrx_word' id='word_1_644' title='bbox 3461 5377 3514 5422; x_wconf 88' lang='lat' dir='ltr'><strong>et</strong></span> 
     </span>
    </p>
   </div>
   <div class='ocr_carea' id='block_1_112' title="bbox 1944 5466 2899 5540">
    <p class='ocr_par' dir='ltr' id='par_1_112' title="bbox 1944 5466 2899 5540">
     <span class='ocr_line' id='line_1_112' title="bbox 1944 5466 2899 5540; baseline -0.005 -15"><span class='ocrx_word' id='word_1_645' title='bbox 1944 5469 2229 5540; x_wconf 88' lang='lat' dir='ltr'><strong>Seraphim</strong></span> <span class='ocrx_word' id='word_1_646' title='bbox 2255 5468 2651 5526; x_wconf 87' lang='lat' dir='ltr'><strong>incessabiliter</strong></span> <span class='ocrx_word' id='word_1_647' title='bbox 2680 5466 2899 5521; x_wconf 85' lang='lat' dir='ltr'><strong>laudant</strong></span> 
     </span>
    </p>
   </div>
  </div>
