3998 6214
441 234 463 293 1
474 229 573 294 487

434 435 626 497 nache,
665 445 721 488 ut
754 449 819 487 eo
862 434 1230 502 ingruentium
1280 448 1423 487 onus
1451 435 1818 489 tentalionnm
1852 434 2019 489 leves.

431 526 607 596 liujus
662 526 975 603 exemplum
1028 526 1240 579 clarum
1275 526 1465 589 habes,
1501 526 1630 579 dum
1668 526 1847 580 viator
1869 524 2018 595 gravi

431 633 656 687 pressus
695 633 883 683 onere,
922 617 1255 673 cantillando
1303 616 1518 671 itineris
1547 617 1793 673 laborem
1827 634 1890 673 ac
1923 626 2021 672 ta:-

430 707 581 761 dium
621 705 782 761 fallit.

502 800 625 853 158.
663 800 939 855 Patienter
994 802 1223 861 sustine,
1275 803 1576 868 monache;
1634 801 1820 857 brevis
1871 803 2018 856 enim

431 900 516 945 est
540 892 813 960 patientiae
850 894 1026 957 labor,
1059 895 1258 963 quietis
1309 908 1491 948 autem
1536 894 1747 948 nullum
1776 908 2018 964 unquam

432 976 592 1037 linem
624 984 879 1059 habitura
910 986 1132 1039 saecula.

503 1074 626 1129 159.
680 1073 953 1147 Οιηόίθιις
1005 1079 1310 1131 monachus
1345 1092 1539 1146 magna
1588 1076 1789 1131 ﬁducia
1828 1075 2020 1130 Cruci-

435 1165 541 1219 fixo
589 1166 790 1219 astabit
815 1183 829 1231 ;
850 1168 1052 1235 quippe
1079 1182 1204 1220 cum
1220 1167 1486 1223 Dominus
1511 1168 1564 1221 in
1590 1183 1758 1223 cruce
1784 1168 1849 1222 ad
1874 1183 2018 1222 mor-

433 1269 539 1311 tem
581 1273 755 1327 usque
775 1259 1036 1314 obediens
1077 1259 1239 1314 fuerit
1268 1260 1335 1314 “.
1837 1324 1853 1332 _

502 1349 627 1404 140.
666 1349 782 1405 Vox
839 1351 1092 1405 monachi
1144 1366 1213 1406 ne
1252 1352 1496 1407 elevetur
1534 1353 1800 1407 adversus
1834 1352 2019 1420 proxi-

431 1454 578 1494 mum
636 1438 691 1492 in
758 1439 1132 1493 amaritudine
1183 1439 1383 1494 animm
1433 1440 1591 1509 ejus:
1643 1442 2016 1495 exercentium

430 1542 561 1583 vero
597 1530 662 1585 ad
701 1531 954 1601 pietatem
985 1547 1089 1585 vox
1120 1532 1173 1584 in
1203 1532 1626 1587 mansuetudine
1671 1532 1885 1587 sincere
1918 1533 2019 1586 im-

430 1620 595 1673 motis
618 1621 779 1675 labiis
806 1621 873 1675 ad
912 1620 1084 1674 Deum
1118 1621 1406 1690 dirigatur.

1769 231 1835 291 B.
1877 228 2348 289 HYPERECHII

504 342 629 398 157.
672 339 967 397 Canticum
996 340 1241 411 apiritale
1275 340 1328 395 in
1359 355 1453 395 ore
1482 350 1577 396 tuo
1605 350 1879 404 versetur,
1904 357 2023 396 mo-
2051 347 2096 402 Α

3566 230 3695 297 148³3

2194 342 2404 409 ’Ύμνος
2455 342 2824 412 πνευματικὸς
2876 341 2988 410 ἤτω
3052 343 3112 395 ἐν
3169 342 3246 413 τῷ
3309 344 3535 414 στόματί
3580 364 3694 410 σου,

2127 432 2350 502 μοναχὲ,
2383 432 2753 501 ἐπικουφίζων
2782 450 2875 485 σου
2906 435 2967 486 τὸ
2999 432 3168 504 βάρος
3188 434 3294 487 τῶν
3322 436 3696 507 ἐπερχομένων

2123 523 2484 593 πειρασμῶν·
2527 524 2830 594 ὑπόδειγμα
2880 526 2938 578 δὲ
2985 525 3146 579 τοῦτο
3196 527 3385 595 σαφὲς,
3429 528 3699 600 ὀδοιστόρος

2123 613 2533 685 βαρυαχοήσας,
2570 615 2775 686 ᾄσματι
2820 617 3069 671 κλέπτων
3109 619 3211 689 τῆς
3255 619 3556 692 ὁδοιπορίας
3602 621 3699 675 τόν

2121 706 2312 760 κόπον.

2202 798 2545 870 Ὑπόμεινον,
2580 800 2813 870 μοναχέ·
2856 799 3060 871 βραχὺς
3090 803 3197 871 γάρ
3228 801 3330 870 τῆς
3369 802 3636 874 ὑπομονῆς
3666 805 3699 856 ὁ

2121 888 2314 955 κόπος,
2346 890 2648 960 ἀπέραντοι
2680 890 2736 942 δὲ
2780 892 2881 960 τῆς
2912 891 3273 955 ἀναπαύσεως
3300 894 3349 945 οί
3380 894 3586 958 αίῶνες.

2206 1072 2481 1142 ’Υπήκοος
2538 1071 2777 1142 μοναχὸς
2817 1073 3316 1143 εὐπαρῤησιάστως
3350 1071 3425 1142 τῷ
3455 1090 3703 1144 σταυρω-

2122 1164 2268 1217 θέντι
2303 1166 2716 1234 παραστήσεται
2738 1182 2751 1196 ·
2785 1166 2813 1216 ὁ
2842 1165 2949 1234 γὰρ
2976 1165 3069 1215 ἐπὶ
3096 1164 3190 1217 τοῦ
3239 1164 3469 1235 σταυροῦ
3494 1165 3704 1235 Κύριος

2122 1255 2362 1324 ὑπήκοος
2393 1258 2615 1324 γέγονεν
2648 1256 2813 1327 μέχρι
2845 1254 3098 1309 Θανάτου.

2190 1347 2347 1418 Φωνὴ
2384 1346 2622 1417 μοναχοῦ
2678 1349 2750 1417 μὴ
2803 1346 3126 1416 ἀνυψούσθω
3161 1346 3298 1416 πρὸς
3334 1348 3425 1399 τὸν
3472 1349 3702 1418 πλησίον

2119 1439 2286 1492 αὑτοῦ
2322 1442 2379 1491 ὲν
2410 1439 2609 1510 πικρίᾳ⁵
2639 1439 2823 1510 ψυχῆς
2850 1438 3018 1491 αὑτοῦ
3038 1455 3051 1467 ·
3087 1438 3237 1507 φωνὴ
3268 1437 3326 1489 δὲ
3362 1439 3608 1507 ἀσκητῶν
3634 1444 3702 1494 ἐν

2121 1529 2397 1599 πραΰτητι
2426 1529 2605 1599 ψυχῆς
2648 1529 2959 1599 εἰλικρινῶς
3003 1530 3412 1599 ἀναπεμπέσθω
3443 1531 3570 1600 πρὸς
3596 1534 3698 1588 τὸν

2086 1684 2087 1687 η
2119 1623 2254 1674 Θεὸν
2288 1624 2566 1692 ἀκινήτοις
2591 1623 2815 1693 χείλεσι.

501 1710 625 1763 HI.
681 1710 881 1764 Verum
935 1711 989 1763 in
1033 1720 1176 1764 terra
1219 1726 1507 1766 accensum
1546 1711 1722 1777 sidus,
1764 1711 1857 1782 qui
1904 1727 2014 1766 non

2186 1682 2715 1784 ψωστὴρ’ἀληόὶνδς
2761 1714 2853 1767 ἐπὶ
2883 1714 3006 1785 γῆς,
3056 1714 3117 1777 ὃς
3155 1715 3255 1767 οὐκ
3296 1715 3596 1787 ὠλίσθησεν
3637 1721 3701 1775 ἓν

432 1799 619 1866 lapsus
648 1809 731 1855 est
762 1801 947 1870 lingua
984 1818 1107 1854 sua.

501 1890 631 1944 142.
676 1890 867 1945 Timor
916 1890 1133 1945 Domini
1187 1907 1521 1947 conservans
1574 1893 1905 1947 monachum
1956 1901 2018 1947 ut

432 1982 601 2037 turris
659 1982 1256 2052 inexpugnabilis:qui
1309 1992 1488 2037 autem
1543 1983 1664 2052 ejus
1721 1999 1914 2052 expers
1946 1985 2016 2037 ti-

432 2074 603 2128 moris
644 2074 946 2129 monachus
996 2075 1235 2140 exsistit,
1261 2074 1421 2135 facile
1451 2075 1698 2130 vincetur
1722 2075 1791 2128 ab
1820 2076 2017 2129 adver-

431 2164 612 2219 sariis.

503 2257 628 2311 M3.
656 2254 828 2311 Jubar
862 2257 1072 2313 clarum
1102 2257 1156 2311 in
1195 2266 1364 2323 terra,
1406 2256 1715 2313 monachus
1751 2257 2019 2327 tranquil-

431 2350 603 2404 litatis
640 2364 767 2404 arce
798 2360 1038 2420 arrepta,
1067 2351 1209 2421 apud
1234 2365 1394 2420 quem
1437 2365 1546 2404 non
1576 2351 1647 2404 sit
1674 2350 1896 2404 inventa
1920 2364 2019 2403 cu-

433 2442 672 2509 piditas:
711 2438 961 2495 Omnium
997 2442 1143 2495 enim
1191 2440 1455 2493 malorum
1495 2441 1654 2494 radix
1689 2450 1765 2495 est
1814 2441 2018 2509 cupidi-

435 2543 517 2586 las
549 2532 593 2563 "
631 2532 883 2603 (avaritia
922 2532 1151 2601 scilicet)
1194 2547 1225 2586 a
1268 2548 1377 2601 qua
1420 2532 1555 2587 nilil
1596 2546 1834 2603 unquam
1878 2531 2019 2601 frugi

435 2624 706 2693 originem
743 2624 952 2679 habuit.

498 2720 627 2775 164.
662 2720 893 2774 Prmstat
948 2720 1282 2776 manducare
1329 2736 1524 2776 carnes
1572 2730 1625 2776 et
1672 2721 1860 2777 bibere
1916 2722 2009 2775 vi-

414 2828 561 2865 1mm
598 2855 614 2876 ,
650 2828 814 2881 quam
866 2822 925 2867 ut
975 2814 1311 2869 detrahendo
1360 2814 1618 2869 comedas
1669 2828 1865 2869 carnes
1910 2813 2020 2867 fra-

410 2942 415 2946 -
435 2911 473 2954 ιι
489 2917 600 2955 um.

503 2993 628 3048 145.
665 2993 919 3061 Vescere,
965 2996 1255 3059 monacbe,
1297 3009 1436 3065 pane
1469 3004 1562 3051 tuo
1583 3010 1706 3051 cum
1741 2996 1920 3062 melle,
1951 2998 2019 3052 ab
2046 3026 2089 3088 ϐ

424 3086 801 3140 «amaritudine
858 3096 964 3141 tete
1012 3088 1313 3154 abstinens,
1350 3097 1399 3142 et
1430 3088 1552 3141 bibe
1598 3088 1784 3142 vinum
1818 3089 1861 3120 "
1888 3107 2027 3149 cum.

433 3178 575 3232 lacte
622 3190 739 3243 tuo,
788 3180 1051 3233 infantem
1100 3195 1270 3250 agens
1316 3181 1512 3250 spiritu
1563 3190 1676 3236 tuo.
1726 3181 1827 3235 Mel
1865 3184 2011 3237 enim

433 3272 854 3324 amaritudinem
911 3286 1020 3325 non
1073 3272 1260 3337 habet,
1309 3283 1363 3328 et
1417 3272 1503 3326 lac
1533 3288 1642 3326 non
1684 3274 1836 3328 novit
1862 3276 2019 3329 mali-

437 3362 590 3414 tiam.

507 3452 630 3507 HG.
661 3454 870 3507 Aurum
909 3454 1173 3523 probatur
1202 3455 1258 3510 in
1310 3455 1532 3511 fornace
1557 3458 1697 3528 ignis
1729 3458 1796 3525 ³’,
1827 3468 1881 3513 et
1900 3474 2019 3513 mo-

435 3547 644 3600 nachus
688 3547 741 3599 in
777 3547 1130 3601 multitudine
1168 3550 1569 3603 monachorum
1605 3561 1968 3619 eognoscetur
1998 3571 2011 3606 :

435 3646 693 3690 ueterum
724 3638 817 3706 qui
851 3639 1104 3694 sincerus
1126 3636 1313 3703 fuerit,
1349 3640 1535 3695 salvus
1574 3641 1698 3695 erit.

505 3729 627 3782 147.
663 3728 853 3783 Manus
882 3731 1135 3785 monachi
1168 3741 1355 3785 sancte
1384 3747 1601 3800 semper
1628 3733 1680 3787 in
1708 3733 1877 3789 Deum
1906 3736 2017 3790 sint

403 3828 667 3875 .evtentte
700 3820 783 3873 ³⁸ε
834 3820 1014 3877 Moses
1060 3822 1208 3876 enim
1249 3822 1431 3877 crucis
1482 3823 1711 3893 figuram
1752 3840 2013 3883 manuum

434 3913 757 3966 extensione
808 3913 1096 3969 delineans
1133 3916 1465 3985 expugnavit
1490 3916 1796 3974 Amalec".

510 4003 633 4057 M8.
664 4002 813 4058 Bona
845 4006 1020 4074 gratia
1061 4008 1329 4061 crucitixo
1368 4009 1661 4074 monacho,
1699 4010 1793 4079 qui
1829 4012 2011 4080 quoti-

438 4094 523 4149 die
574 4096 860 4149 moriatur.
916 4095 1171 4151 Gaudent
1210 4098 1356 4151 enim
1404 4112 1573 4168 super
1603 4114 1670 4154 eo
1692 4102 1893 4172 angeli,
1920 4104 2013 4171 qui

442 4188 747 4257 suscipiant
766 4189 827 4242 in
852 4202 1080 4258 regnum
1122 4190 1408 4244 caelorum.

510 4281 634 4336 149.
672 4283 983 4336 Libidiuum
1037 4283 1277 4346 frenum,
1309 4274 1611 4352 jejunium;
1666 4301 1856 4342 earum
1886 4304 2013 4359 vero

439 4374 755 4437 iexStiiictio,
787 4375 1130 4443 cleemosyua
1167 4385 1221 4428 et
1247 4376 1444 4428 oratio.

502 4464 633 4519 150.
666 4462 800 4519 Nive
855 4465 1140 4519 candidior
1208 4466 1514 4521 invenietur
1570 4471 1898 4536 monachus,
1925 4480 2018 4543 qui

426 4558 752 4611 vcarnalihns
779 4556 1070 4611 desideriis
1114 4557 1343 4611 exsistat
1379 4562 1674 4627 superior;
1701 4564 1793 4631 qui
1825 4580 2019 4635 nempe

342 4650 345 4651 ⁷
440 4649 719 4703 Christum
744 4662 842 4717 pro
871 4665 1008 4702 auro
1027 4659 1191 4715 amet,
1219 4650 1397 4718 ipsum
1427 4650 1629 4705 videbit
1650 4654 1705 4706 in
1736 4652 1826 4708 die
1848 4654 2014 4720 bona,

442 4740 535 4808 qui
566 4754 827 4793 coronam
866 4741 1160 4809 impartiat.

514 4827 641 4881 151.
672 4826 913 4881 Susurro
948 4829 1251 4884 monachus
1286 4827 1516 4884 fratrum
1564 4832 1780 4885 turbam
1817 4832 2019 4886 distur-

439 4919 557 4981 bat,
586 4934 650 4972 ac
681 4920 885 4974 amicos
914 4920 1167 4989 dissipat.

518 5010 641 5063 152.
674 5012 803 5063 Cate
837 5010 1075 5079 psallens
1124 5011 1443 5078 monachus,
1481 5013 1782 5083 spiritalem
1830 5016 2023 5069 amici-

449 5103 579 5157 tiam
607 5103 861 5156 conflabit
881 5137 898 5157 .

502 5196 627 5251 153.
676 5196 983 5251 Susurrans
1025 5210 1271 5266 serpens,
1305 5196 1472 5251 Evam
1499 5214 1528 5252 e
1552 5198 1814 5267 paradiso
1846 5210 2022 5254 extor-

438 5306 562 5344 rem
605 5288 730 5344 fecit
759 5290 846 5357 ⁵⁰;
890 5305 1119 5345 susurro
1161 5291 1463 5347 monachus
1511 5292 1630 5362 ejus
1677 5293 1872 5346 similis
1896 5303 2018 5357 est;

446 5382 684 5445 proximi
728 5382 874 5436 enim
916 5380 1093 5451 perdit
1147 5382 1412 5448 animam,
1444 5399 1545 5438 nec
1601 5399 1757 5438 suam
1812 5386 2016 5439 salvam

452 5466 605 5524 facit.

526 5616 571 5647 ιι
595 5612 831 5682 Philipp.
865 5631 923 5685 ιι,
954 5614 1009 5674 8.

456 5680 505 5716 “
536 5684 670 5740 Gen.
699 5680 853 5749 ωηο.

1109 5617 1152 5650 ³⁵
1179 5615 1196 5669 l
1225 5616 1365 5675 Tim.
1401 5634 1474 5686 γι,
1524 5620 1608 5679 10.
1691 5622 1733 5653 ³⁵
1760 5622 1918 5677 Cant.
1954 5639 2004 5677 ν.
2042 5638 2076 5678 ι.
2134 5623 2185 5653 »³⁷
2215 5619 2601 5685 ΡτοτΑγιιβ.

2116 1804 2335 1875 γλώσσῃ
2369 1805 2556 1858 αὑτοῦ.

2186 1897 2353 1958 Φόϐος
2384 1897 2592 1967 Κυρίου
2617 1896 2859 1966 συνέχων
2886 1896 3137 1967 μοναχὸν,
3164 1898 3240 1962 ὡς
3264 1897 3473 1968 πύργος
3491 1900 3698 1953 ἀκατα-

2122 1989 2361 2059 μάχητος
2383 2003 2397 2017 ·
2444 1988 2607 2058 φόϐον
2635 1989 2691 2041 δὲ
2721 1989 2855 2041 Θεοῦ
2884 1992 2912 2042 ὁ
2947 1990 3023 2060 μὴ
3064 1992 3400 2062 κεκτημένος
3441 1995 3691 2064 μοναχδς.

2118 2080 2388 2142 εὐάλωτος
2408 2079 2561 2133 ἔσται
2591 2082 2701 2142 τοῖς
2732 2080 3094 2146 ὑπεναντίοις.

2187 2259 2327 2321 Φάος
2367 2258 2609 2330 καθαρὸν
2637 2259 2730 2313 ἐπὶ
2759 2260 2886 2330 γῆς,
2932 2261 3166 2331 μοναχδς
3209 2261 3450 2332 ἀπαθὴς,
3489 2265 3624 2334 παρ’
3651 2257 3697 2332 ᾧ

2118 2352 2217 2421 οὑχ
2249 2350 2449 2419 εὑρέθη
2488 2350 2852 2424 φιλαργυρία·
2903 2356 3269 2423 Φιλαργυρία
3312 2357 3421 2425 γὰρ
3456 2354 3700 2410 πάντων

2120 2440 2324 2495 κακῶν
2346 2441 2499 2509 ῥίζα,
2529 2443 2563 2512 ἦ
2593 2443 2655 2496 οὑ
2688 2444 2863 2497 τίκτει
2892 2446 3104 2515 καρπον
3134 2445 3339 2514 ἀγαθόν
3365 2462 3517 2502 ποτε.

2192 2706 2371 2759 Καλὸν
2405 2709 2596 2773 φαγεῖν
2626 2707 2761 2776 κρέα
2793 2708 2887 2759 καὶ
2919 2709 3060 2760 πιεῖν
3088 2701 3251 2772 οἶνον,
3280 2707 3377 2761 καὶ
3405 2707 3481 2779 μὴ
3506 2711 3694 2778 φαγεῖν

2122 2796 2180 2847 ἐν
2212 2795 2511 2866 καταλαλιᾷ
2547 2797 2757 2867 σάρκας
2788 2796 3051 2866 ἀδελφῶν.

2190 2982 2357 3050 Φάγε,
2390 2981 2612 3050 μοναχὲ,
2655 2981 2747 3033 τὸν
2795 2979 2956 3051 ἄρτον
2993 2996 3084 3032 σου
3139 2981 3279 3051 μετά
3325 2980 3555 3051 μέλιτος,
3602 2999 3695 3036 tt-

2121 3076 2280 3145 κρίας
2303 3074 2637 3143 ἀπεχόμενος
2657 3090 2672 3104 ·
2709 3074 2803 3125 καὶ
2836 3072 2926 3124 πίε
2954 3066 3093 3125 οἶνον
3124 3071 3265 3142 μετά
3288 3072 3556 3141 γάλακτός
3579 3091 3695 3138 σου,

2122 3164 2401 3234 νηπιάζων
2432 3163 2511 3230 τῷ
2534 3162 2805 3233 πνεύματί
2845 3179 2959 3218 σου.
3008 3162 3145 3216 Μέλι
3187 3162 3298 3232 γὰρ
3333 3164 3553 3233 πικρίαν
3597 3166 3700 3217 οὑκ

2120 3254 2254 3324 ἔχει,
2284 3255 2378 3307 καὶ
2403 3253 2543 3321 γάλα
2576 3251 2780 3306 κακίαν
2811 3252 2912 3304 οὑκ
2943 3247 3104 3305 οἶδεν.

2195 3452 2406 3525 Χρυσδς
2430 3452 2782 3524 δοκιμάζεται
2804 3454 2862 3506 ὲν
2886 3453 3100 3524 καμίνῳ
3130 3454 3305 3523 πυρὸς,
3333 3452 3419 3504 καὶ
3444 3454 3688 3521 μοναχδς

2118 3547 2175 3598 ὲν
2208 3547 2398 3617 πλήθει
2435 3548 2685 3617 μοναχῶν
2727 3546 3139 3616 γνωσθήσεται·
3194 3546 3300 3599 ἀλλ’
3333 3546 3359 3597 ό
3394 3544 3683 3615 ἀκίδδηλος

2120 3638 2445 3708 σωθήσεται.

2185 3731 2378 3801 Χεῖρες
2408 3730 2641 3801 μοναχοῦ
2669 3730 2909 3785 ἔστωσαν
2935 3731 3228 3793 διαπαντὸς
3256 3731 3415 3792 ὁσίως
3434 3731 3699 3783 ἀνατεταο

2120 3822 2278 3892 μέναι
2306 3823 2440 3891 πρὸς
2469 3823 2558 3876 τὸν
2591 3823 2724 3875 Θεόν
2744 3838 2760 3853 ·
2804 3822 2961 3894 χερσὶ
2989 3823 3096 3893 γὰρ
3128 3823 3491 3891 προτυπώσας
3532 3822 3591 3873 ὲν
3622 3820 3700 3889 τῷ

2118 3912 2335 3984 σταυρῷ
2364 3914 2623 3983 Μωῦσῆς,
2657 3914 3068 3983 κατηγωνίσατο
3100 3914 3191 3966 τὸν
3235 3912 3497 3982 Ἀμαλήχ.

2178 4008 2353 4076 Χάρις
2391 4006 2570 4077 ἀγαθή
2642 4008 2758 4059 ἐστι
2812 4006 3032 4076 μοναχῷ
3074 4005 3512 4075 ἐσταυρωμένῳ,
3558 4004 3700 4057 καθ-

2115 4116 2147 4167 η
2158 4099 2329 4168 μέραν
2354 4098 2778 4166 ἀποθνήσκοντι·
2808 4097 3055 4167 χαίρουσι
3083 4096 3192 4167 γὰρ
3234 4099 3322 4149 ἐπ’
3345 4096 3492 4166 αὑτῷ
3526 4096 3703 4164 ἀγγε-

2115 4189 2216 4248 λοι.
2245 4189 2606 4258 είσδεχόμενοι
2639 4189 2801 4241 αὑτὸν
2829 4191 2906 4250 εις
2940 4188 3217 4258 βασιλείαν
3251 4188 3514 4258 οὐρανῶν.

2185 4283 2413 4345 Χαλινος
2437 4281 2624 4335 παθῶν
2647 4283 2871 4353 νηστεία
2892 4298 2906 4311 ·
2942 4282 3221 4352 ἀναίρεσις
3241 4282 3297 4335 δὲ
3320 4281 3521 4345 αὑτῶν,
3544 4281 3705 4352 ὲλεηο

2053 4364 2093 4415 ί)
2122 4372 2327 4444 μοσὺνη
2360 4375 2451 4426 καὶ
2484 4375 2778 4444 προσευχὴ.

2193 4466 2385 4528 Χιόνος
2431 4464 2815 4535 λαμπρότερος
2847 4466 3202 4536 εὑρεθήσεται
3256 4464 3512 4536 μοναχὺς,
3552 4464 3707 4518 ἁνώο

2119 4574 2275 4625 τερος
2314 4556 2422 4609 τῶν
2457 4556 2737 4627 σαρκικῶν
2769 4556 3076 4626 ἐπιθυμιῶν
3121 4557 3416 4626 ὑπάρχων·
3464 4558 3711 4626 Χριστὸν

2120 4650 2245 4701 ἀντὶ
2278 4648 2479 4719 χρυσοῦ
2529 4649 2729 4714 ποθῶν,
2763 4648 2954 4718 δψεται
2996 4649 3158 4701 αὑτὸν
3187 4650 3243 4700 ἐν
3288 4647 3472 4717 ἡμέρᾳ
3500 4648 3712 4714 ἀγαθον

2124 4739 2289 4808 σύνης
2319 4725 2684 4806 στεφάνοῦντα
2715 4740 2899 4793 αὐτόν.

2190 4824 2434 4901 Ψιθυρὺς
2472 4833 2706 4901 μοναχός
2752 4831 3131 4903 διασκορπίζει
3179 4831 3385 4902 πλῆθος
3426 4833 3712 4902 μοναχῶν,

2124 4921 2217 4973 καὶ
2241 4921 2580 4984 διασκεδάξει
2617 4921 2823 4989 φίλους.

2196 5012 2429 5065 Ψάλλων
2488 5012 2720 5083 μοναχός
2782 5013 3045 5078 συνετῶς,
3101 5014 3464 5085 συγκροτήσει
3520 5014 3718 5081 φιλίαν

2130 5106 2527 5174 πνευματικήν.

2196 5196 2504 5266 Ψιθυρέσας
2541 5197 2568 5249 ό
2612 5196 2753 5265 ὄφις,
2797 5199 2895 5269 τὴν
2930 5197 3073 5251 Εὔαν
3104 5198 3198 5252 τοῦ
3238 5200 3571 5269 παραδείσου
3623 5198 3720 5263 ἐξ-

2131 5286 2295 5356 ώρισε
2334 5303 2346 5315 ·
2402 5287 2703 5358 ψιθυρίζων
2755 5292 2985 5359 μοναχὺς
3052 5290 3257 5343 ἐκείνου
3308 5291 3495 5361 ὅμοιός
3546 5291 3717 5343 ἐστι·

2130 5381 2228 5450 τὴν
2256 5379 2324 5448 γά
2335 5396 2365 5449 ρ
2397 5380 2573 5449 ψυχὴν
2603 5378 2696 5432 τοῦ
2728 5381 2955 5447 πλησίον
2985 5382 3224 5447 ἀπόλλει,
3258 5385 3353 5436 καὶ
3380 5383 3478 5453 τὴν
3512 5379 3720 5435 ἑαυτοῦ

2129 5475 2190 5525 οὺ
2223 5470 2497 5533 διασώζει.

2681 5618 2725 5651 ³⁸
2758 5616 2777 5673 ι
2804 5616 2947 5670 Tim.
2974 5630 3033 5682 ιι,
3059 5616 3112 5671 8.
3192 5617 3235 5650 ⁸³
3262 5615 3592 5683 EXOd.X\‘ll,
3625 5616 3722 5674 Η.
