3898 6196
310 329 445 393 1489

1389 328 1488 387 ΑΙ)
1513 323 1920 387 MONACHOS
1957 326 2469 387 ADHORTATIO.

3436 325 3575 389 1490

377 439 614 496 Ψάλλων
668 437 906 501 συνετῶς
961 436 1222 508 μοναχὸς,
1274 436 1594 504 ἐπισυνάγει
1646 435 1872 507 πλῆθος,

2061 434 2184 491 154.
2225 436 2514 505 Sapienter
2550 436 2786 505 psallens
2828 436 3133 491 monachus
3164 434 3572 492 multitudinem

308 532 403 587 καὶ
451 532 510 585 ιν
553 529 848 599 Ἐκκλησία
890 527 1304 597 ἐπαινεθήσεται
1326 543 1341 558 ·
1395 526 1613 597 ψάλλων
1656 526 1887 597 μοναχδς

308 618 570 691 καθαρῶς
613 620 672 672 ὲν
722 619 922 689 καρδίᾳ.
974 617 1179 684 αὑτοῦ,
1240 617 1727 689 είσακουσθήσεται
1783 618 1887 672 ὑπὸ

307 709 464 763 Θεοῦ.

378 800 541 872 Ψυχὴ
609 798 844 871 μοναχοῦ
912 799 1302 871 ἀποταξαμένη
1373 799 1452 869 τῷ
1508 800 1734 870 κόσμῳ,
1794 800 1886 853 καὶ

308 892 733 963 νυμφευσαμένη
787 892 865 963 τῷ
914 892 1167 963 Χριστῷ,
1228 892 1339 946 τῶν
1395 893 1660 961 ἐπιγείων
1714 909 1886 947 κατα-

309 988 516 1055 φρονεῖ.

380 1077 765 1148 Ψελιοτρύπης
814 1078 908 1132 ἐπὶ
961 1080 1083 1149 ῥῖνα
1129 1077 1223 1131 τοῦ
1268 1078 1595 1151 δράκοντος,
1644 1079 1885 1150 νμοναχὸς

308 1168 492 1240 ἔργοις
519 1169 745 1238 ἀγαθοῖς
777 1170 1241 1241 περιϐεϐλημένος
1265 1186 1279 1201 ⁸
1324 1171 1470 1244 ψυχὴ
1506 1172 1616 1242 γὰρ
1640 1172 1884 1243 μοναχοῦ

309 1261 530 1332 καθαρὰ
571 1261 939 1327 εὐωδιάζουσα
982 1262 1389 1333 πνευματικῶς,
1442 1264 1740 1335 σφραγίζει
1787 1263 1885 1334 τὴν

308 1352 575 1429 ὕσφρησιν
601 1351 694 1406 τοῦ
724 1354 1036 1425 δράκοντος,
1066 1355 1213 1419 ὅπως
1243 1355 1318 1428 μὴ
1343 1355 1622 1429 ὀσφρανθῇ
1644 1360 1710 1411 ὲν
1737 1356 1886 1428 αὺτῷ

312 1444 589 1515 μολυσμὸς
618 1444 833 1516 ἡδονῆς.

387 1538 477 1601 Ὠς
526 1538 689 1593 καλὸν
740 1539 988 1609 ἀδελφοῖς
1040 1544 1263 1611 κρατεῖν
1316 1541 1550 1613 ἡδονῶν,
1596 1543 1885 1615 ἀνωτέρων

307 1647 372 1697 γε
394 1631 563 1683 ὄντων
591 1631 871 1703 σαρκικῶν
899 1632 1202 1703 ἐπιθυμιῶν
1221 1651 1236 1665 σ
1263 1628 1306 1703 ᾧ
1333 1635 1443 1707 γάρ
1467 1636 1697 1705 πάρεστι
1723 1636 1885 1706 φόϐος

302 1721 439 1775 Θεοῦ
470 1722 528 1775 ὲν
557 1723 754 1795 καρδίᾳ
791 1723 980 1789 αὐτοῦ,
1025 1724 1218 1781 τούτου
1257 1726 1535 1796 μολυσμὸς
1571 1727 1750 1798 ψυχῆς
1788 1728 1884 1798 οὐχ

307 1815 561 1869 ἅπτεται.

389 1908 600 1972 Ὠραῐος
638 1903 793 1972 αἶνος
834 1909 899 1964 ἑν
951 1909 1179 1978 στόματι
1232 1911 1487 1979 μοναχοῦ,
1543 1912 1606 1963 ἐκ
1657 1910 1883 1981 καρδίας

1990 538 2308 599 congregat,
2348 540 2408 582 et
2457 530 2510 583 in
2559 527 2824 586 Ecclesiis
2888 528 3223 582 laudabitur.
3270 527 3573 586 Monachus

1988 621 2385 691 put-e‘psallcns
2422 621 2476 675 in
2502 622 2666 676 corde
2694 636 2824 685 suo,
2853 636 2885 675 a
2916 619 3027 675 Deo
3048 620 3401 685 exaudictur.

2062 798 2185 855 155.
2218 799 2412 863 Anima
2455 801 2732 865 monachi,
2767 816 2887 871 quae
2937 800 3141 855 mundo
3181 797 3433 853 nuntium
3478 815 3566 851 rc-

1990 893 2159 955 misit,
2204 894 2533 951 ac.sCltristo
2581 896 2853 964 desponsa
2892 903 2996 958 est,
3029 907 3152 963 qua:
3193 900 3569 944 terrcuausunt

1988 984 2306 1039 contemnit.

2064 1076 2188 1132 456.
2221 1078 2447 1135 Armilla
2484 1078 2767 1147 perforatis
2810 1094 2969 1137 nares
2994 1076 3253 1177 dracm’is
3278 1076 3346 1141 δ’,
3379 1090 3568 1129 mona-

1982 1168 2128 1225 chus
2176 1169 2339 1226 bouis
2371 1170 2627 1239 operibus
2658 1172 2916 1233 amictus.
2957 1169 3157 1223 Munda
3180 1168 3342 1222 'enim
3371 1182 3567 1220 mona-

1984 1260 2075 1316 chi
2098 1260 2305 1327 anima,
2339 1277 2559 1325 suavem
2586 1261 2901 1331 spiritaliter
2924 1260 3146 1329 spirans
3173 1258 3420 1322 odorem,
3440 1256 3563 1309 dra-

1982 1354 2144 1409 conis
2176 1354 2435 1411 olfactum
2456 1358 2742 1428 obsignat,
2778 1366 2968 1415 utnon
3001 1354 3188 1411 omam
3213 1353 3268 1408 in
3298 1353 3417 1423 ipso
3442 1365 3564 1405 sor-

1984 1446 2085 1507 des
2112 1450 2428 1518 voluptatis.

2058 1536 2185 1592 157.
2222 1538 2400 1604 Quam
2438 1539 2642 1596 bonum
2703 1539 2970 1597 fratribus
3012 1547 3071 1594 ut
3096 1537 3451 1597 dominentur
3473 1550 3566 1586 vo-

1982 1627 2310 1697 luptatibus,
2347 1631 2569 1701 sintque
2590 1633 2905 1701 superiores
2920 1630 3238 1689 carnalibus
3254 1626 3561 1683 desideriis.

1980 1718 2045 1773 Ju
2101 1721 2260 1791 cujus
2312 1726 2459 1777 enim
2517 1726 2683 1780 corde
2712 1739 2956 1794 praesens
2985 1735 3069 1778 est
3106 1722 3199 1777 Dei
3232 1722 3418 1783 timor.
3444 1718 3565 1787 eius

1982 1814 2233 1869 animum
2270 1816 2462 1871 sordes
2490 1832 2602 1870 non
2630 1816 2889 1870 alliciunt.

2060 1904 2184 1963 158.
2212 1906 2469 1974 Speciosa
2486 1908 2605 1963 laus
2631 1907 2689 1961 in
2719 1922 2816 1962 ore
2847 1904 3124 1971 monachi,
3156 1919 3321 1975 quam
3344 1919 3408 1961 ex
3428 1914 3565 1968 puro

306 2000 763 2071 ἀναπεμπόμενος
795 2000 874 2070 τῷ
903 2000 1046 2071 Θεῷ·
1094 2002 1170 2064 ὡς
1221 2002 1474 2072 θυμίαμα
1518 2001 1745 2067 εὐωδίας
1782 2002 1872 2074 τὴν

1992 1996 2151 2050 corde
2182 1996 2293 2052 Deo
2325 1999 2616 2070 depangit;
2650 2009 2709 2054 ut
2732 2000 3014 2055 incensum
3040 1995 3349 2054 suavissimi
3380 1993 3564 2048 odoris

304 2092 497 2145 τούτου
532 2091 714 2162 δέησιν
748 2091 1100 2161 προσδέξεται
1132 2092 1357 2164 Κύριος.

1992 2084 2107 2153 ejus
2139 2085 2282 2141 Deus
2306 2089 2617 2147 orationem
2649 2090 2907 2144 admittit.
3260 2132 3265 2135 μ

380 2183 444 2234 Ὤ
474 2183 691 2251 ποταπὴ
732 2181 878 2250 λύπη
914 2185 971 2233 ὲν
998 2183 1272 2250 ἀγγέλοις,
1309 2185 1544 2253 μοναχοῦ
1574 2187 1639 2237 δι’
1672 2187 1872 2255 ἀπροσ-

2060 2176 2180 2230 159.
2212 2177 2258 2230 0
2302 2188 2543 2247 quantus
2583 2182 2901 2249 angelorum
2934 2185 3163 2242 uterer,
3218 2192 3340 2231 cum
3374 2189 3563 2228 mona-

306 2272 457 2336 εξίαν
505 2270 610 2336 ἔξω
668 2269 997 2341 βαλλομένου
1040 2274 1141 2341 τῆς
1193 2274 1513 2343 βασιλείαςῑ
1568 2275 1618 2328 ὣ
1664 2278 1872 2347 ποταπῆ

1992 2267 2148 2321 chum
2214 2286 2329 2339 prae
2366 2274 2598 2344 segnitie
2644 2273 2767 2344 ejici
2827 2290 2857 2329 a
2913 2286 3082 2343 regno
3154 2269 3480 2339 contigerit!
3518 2268 3562 2320 0

308 2368 467 2437 ὀδύνη
492 2370 554 2420 ὲν
598 2369 791 2436 ἀγίοις,
837 2366 1079 2438 άσκητοῠ
1126 2365 1192 2418 δι’
1230 2366 1605 2437 ὑπερηφανίαν
1646 2369 1720 2438 μὴ
1758 2387 1872 2423 συν-

1992 2371 2225 2430 quantus
2252 2374 2567 2420 sanctorum
2606 2367 2784 2427 dolor,
2820 2376 3003 2421 asceta
3032 2379 3141 2433 pra:
3173 2361 3423 2431 superbia
3452 2375 3560 2413 nou

309 2459 603 2529 ερχομένου
632 2458 709 2528 τῷ
731 2458 947 2528 νυμφίῳ
975 2459 1055 2519 είς
1071 2457 1171 2527 τὴν
1192 2457 1437 2509 παστάδα
1457 2458 1469 2510 l
1492 2459 1553 2510 Ὢ
1575 2461 1714 2530 πόση
1736 2462 1872 2533 χαρά

1992 2469 2095 2508 una
2149 2471 2276 2511 cum
2330 2458 2549 2527 Sponso
2592 2458 2836 2515 admisso
2864 2460 2917 2513 in
2952 2457 3285 2513 thalamum!
3318 2454 3362 2510 Ο
3391 2469 3564 2523 quan-

310 2550 370 2602 ὲν
397 2550 670 2618 ἀγγέλοις,
699 2549 1024 2620 ἀμαρτωλοῦ
1064 2550 1152 2602 διὰ
1184 2551 1472 2620 μετανοίας
1497 2554 1872 2624 εἰσερχομένου

1992 2558 2101 2605 tum
2156 2551 2415 2622 gaudium
2462 2555 2803 2623 angelorum,
2839 2564 3126 2624 peccatore
3166 2565 3265 2620 per
3295 2548 3562 2618 pteniteu-

309 2643 389 2705 είς
412 2641 510 2714 τὴν
539 2642 820 2711 βασιλείαν
849 2643 956 2694 τῶν
983 2643 1227 2713 οὐρανῶν
1251 2645 1263 2696 !
1315 2644 1361 2695 ὣ
1395 2645 1534 2714 πόση
1578 2646 1872 2719 εὐφροσύνη

1992 2643 2117 2697 liam
2156 2644 2468 2699 introeunte
2504 2646 2558 2699 in
2586 2660 2814 2716 regnum
2863 2646 3129 2701 caelorum
3160 2644 3205 2677 “
3238 2644 3249 2697 ι
3283 2644 3325 2696 Ο
3356 2647 3558 2711 quanta

307 2731 343 2800 ἡ
392 2732 450 2783 ὲν
499 2730 693 2799 ἁγίοις,
733 2730 1056 2801 άμαρτωλοῦ
1109 2733 1526 2804 ἐπιστρέφοντος
1570 2735 1635 2790 ἐκ
1677 2736 1872 2808 πλάνης

1992 2745 2300 2790 sanctorum
2332 2737 2538 2801 laatitia,
2566 2738 2697 2792 dum
2731 2746 2984 2807 peccator
3016 2737 3085 2790 ab
3104 2749 3293 2791 errore
3319 2734 3420 2786 viae
3447 2744 3561 2786 sua:

307 2822 458 2878 ὀδοῦο
492 2817 566 2877 ὧν
600 2825 927 2896 μιμούμενοι
950 2824 1048 2897 τὴν
1075 2826 1278 2892 πίστιν,
1307 2826 1586 2899 ζηλώσατε
1619 2830 1716 2901 τὴν
1747 2835 1872 2902 μετᾶ

1992 2830 2359 2885 convertitur!
2396 2846 2629 2899 quorum
2684 2830 2920 2885 aemulati
2982 2831 3161 2890 tidem,
3226 2820 3558 2878 aamulatnini

305 2915 482 2968 ταῦτα
514 2915 873 2987 εὐφροσύνην.

378 3005 453 3060 Ὦ
476 3007 724 3078 μάκαρες
751 3009 886 3063 Θεοῦ
918 3010 1106 3074 παῖδες
1136 3012 1381 3083 μοναχοὶ,
1410 3006 1486 3068 ὧν
1505 3013 1566 3066 οὐ
1589 3016 1886 3085 κατηγωνί-

1986 2934 2107 2988 quae
2134 2920 2480 2988 postmodum
2505 2921 2687 2975 futura
2720 2931 2824 2983 est,
2856 2918 3117 2974 laetitiam.

2060 3012 2182 3067 160.
2215 3010 2261 3068 Ο
2289 3012 2430 3068 beati
2465 3014 2555 3068 Dei
2608 3014 2701 3067 ﬁlii
2747 3011 3023 3077 monachi,
3071 3024 3211 3079 quos
3263 3002 3559 3060 certamine

310 3114 463 3151 σαιτο
495 3098 698 3168 σαρκὸς
742 3098 1027 3170 ἐπιθυμία.
1074 3101 1252 3171 ’Υμᾶς
1282 3104 1343 3157 οὐ
1386 3103 1457 3174 γῆ
1489 3102 1726 3177 καλύψῃ,
1767 3104 1872 3159 ἀλλ

1992 3122 2101 3162 non
2133 3108 2266 3163 vicit
2290 3110 2475 3164 carnis
2521 3109 2828 3177 cupiditas!
2870 3122 2977 3162 non
3013 3121 3111 3161 vos
3150 3114 3298 3157 terra
3324 3099 3556 3169 cpi-riat.

305 3187 533 3257 οὐρανὸς
568 3188 666 3241 σὺν
692 3190 945 3258 ἀγγέλοις
973 3191 1317 3263 ἀποδέξηται.

391 3367 435 3402 ⁸⁸
465 3368 567 3423 Job
610 3386 695 3425 χι..
721 3371 814 3425 2i.
882 3370 929 3403 “
958 3372 1092 3427 Luc.
1128 3389 1220 3437 xv,
1254 3373 1305 3428 7.

1433 3856 1949 3972 SANCTI

1988 3196 2087 3253 sed
2121 3197 2322 3255 omium
2349 3213 2473 3255 cum
2505 3200 2711 3271 angelis
2734 3198 3014 3268 suscipiat.

2111 3859 2417 3978 NlLl

854 4122 1308 4185 ORATIONUM
1349 4124 1447 4183 ET
1496 4124 1990 4187 HOMILIARUM
2034 4126 2498 4189 FRAGMENTA
2539 4128 2639 4187 EX
2678 4131 2977 4191 PIlOTlO.

1224 4334 1498 4400 (Biblioth.
1540 4336 1663 4392 cod.
1703 4334 1829 4402 276,
1872 4353 1927 4408 p.
1970 4334 2109 4392 1527
2148 4337 2237 4394 ed.
2283 4337 2624 4407 liaeschelii.)

298 4688 410 4745 Τοῦ
466 4687 762 4758 μακαρίου
811 4686 1068 4770 Νείλου,
1104 4689 1192 4754 είς
1264 4687 1330 4741 τὸ
1398 4687 1611 4757 Πάσχα
1679 4689 1862 4758 λόγος

950 4773 1199 4825 πρωτος.

3214 4542 3217 4545 ’
3293 4546 3303 4579 Ι

2198 4692 2384 4748 Sancti
2425 4693 2543 4748 Nili
2579 4694 2764 4750 Oratio
2793 4698 2964 4767 prima
2989 4698 3043 4750 in
3074 4698 3304 4753 Pascha.

372 4848 748 4910 Ἀναστάσεως
766 4846 943 4915 λόγοις
965 4886 979 4910 ,
1012 4847 1109 4917 τὴν
1139 4846 1238 4916 τῆς
1265 4847 1616 4911 ἀναστάσεως
1645 4848 1861 4918 ἡμέραν

2035 4845 2475 4903 Resurrectionis
2502 4849 2684 4904 verbis
2712 4851 3132 4907 resurrectionis
3156 4852 3300 4908 diem
3348 4855 3531 4912 hono-

288 4940 630 5010 τιμήσωμεν.
680 4938 842 5009 Ψυχὴ
884 4937 1083 5007 [ψυχῆς
1148 4936 1284 5010 lego]
1332 4937 1416 5002 τίς
1462 4942 1577 4993 ἐστι
1626 4937 1859 5010 δευτέρα

286 5034 400 5094 τοῖς
431 5029 736 5100 ἀνθρώποις
781 5031 815 5099 ἡ
849 5029 1173 5092 ἀνάστασις,
1215 5029 1352 5099 πρὸς
1380 5028 1482 5092 τὰς
1516 5028 1617 5099 τῆς
1654 5029 1858 5099 ἀρετῆς

284 5123 627 5194 διεγείρουσα
667 5122 916 5193 πράξεις.
972 5122 1094 5175 Κᾶν
1144 5122 1347 5191 ταύτην
1394 5121 1503 5175 τῶν
1550 5120 1857 5193 ἀνθρώπων

284 5214 513 5286 ἀνέλῃς,
548 5213 741 5285 νεκρὸν
780 5214 914 5285 πρὸς
956 5211 1184 5283 πράξεις
1214 5214 1415 5285 ἀρετῆς
1445 5215 1767 5283 ἀπειργάσω
1796 5215 1857 5267 τὸ

286 5306 465 5375 σῶμα.
507 5307 597 5368 Ὠς
636 5302 731 5360 οὖν
773 5307 915 5378 ὑπὲρ
958 5305 1161 5377 βλάϐης
1193 5307 1381 5375 κοινῆς
1419 5306 1557 5377 πρὸς
1584 5306 1674 5359 τὸν
1712 5305 1853 5377 ὑπὲρ

281 5397 381 5466 τῆς
405 5399 756 5461 ἀναστάσεως
783 5397 1135 5467 δπλισώμεθα
1162 5398 1416 5468 πόλεμον,
1447 5398 1575 5468 ὅλην
1598 5398 1854 5460 λαϐόντες

280 5492 412 5558 ἡμῖν
444 5478 900 5559 συνοπλιζᾶμένην
927 5491 1025 5559 τὴν
1056 5490 1252 5544 κτίσιν.
1300 5489 1712 5560 Ἐπιστρατεύει
1745 5490 1852 5559 γὰρ

277 5582 505 5651 οὐρανὸς
532 5582 648 5651 μεθ’
671 5582 827 5651 ἡμῶν
855 5585 966 5645 τοῖς
995 5582 1261 5643 ἀπίστοις.
1292 5583 1389 5632 Ὃν
1406 5583 1514 5650 γὰρ
1540 5581 1600 5641 ἐξ
1621 5582 1853 5634 ἀναστά-

279 5689 418 5736 σεως
466 5674 745 5743 Δεσπότην
781 5674 1029 5740 ἐδέξατο,
1088 5676 1153 5743 τῇ
1196 5674 1293 5743 τῆς
1331 5672 1680 5734 ἀναστάσεως
1730 5672 1852 5741 βλέ-

1966 4937 2235 4991 rabimus.
2283 4937 2496 4993 Anima:
2517 4947 2602 4993 est
2628 4940 2899 5009 quaedam,
2931 4942 3101 4996 altera
3132 4942 3420 4998 hominum
3445 4960 3538 5000 re-

1967 5027 2257 5094 surrectio,
2296 5028 2363 5082 ad
2407 5030 2665 5085 virtutem
2693 5032 2964 5095 excitans,
2996 5046 3049 5087 et
3076 5035 3120 5087 si
3152 5034 3299 5088 illam
3330 5035 3399 5088 ab
3428 5035 3531 5089 ho-

1965 5119 2207 5174 minibus
2243 5120 2554 5189 sustuleris,
2580 5110 2863 5177 mortuum
2892 5125 2956 5177 ad
2988 5124 3229 5179 actiones
3269 5124 3528 5181 virtutum

1963 5225 2164 5281 corpus
2198 5212 2526 5269 reddideris.
2552 5214 2723 5284 igitur
2752 5215 2914 5284 quasi
2954 5231 3050 5283 pro
3073 5219 3352 5273 communi
3381 5218 3529 5273 cala-

1962 5304 2149 5359 mitate
2183 5305 2249 5359 ad
2278 5306 2480 5360 bellum
2544 5321 2644 5376 pro
2695 5307 3101 5362 resurrectione
3156 5308 3526 5379 accingamur,

1955 5411 2174 5451 omnem
2224 5407 2536 5452 creaturam
2597 5398 2756 5453 nobis
2826 5408 3089 5453 armatam
3148 5400 3524 5470 adjungentcs.

1956 5488 2169 5558 Pugnat
2190 5490 2335 5543 enim
2369 5490 2656 5543 nobiscum
2690 5489 2889 5545 coelum
2942 5498 3135 5545 contra
3195 5489 3527 5546 incredulos.

1957 5580 2126 5643 Quem
2155 5581 2301 5635 enim
2326 5596 2357 5635 e
2388 5581 2794 5635 resurrectione
2823 5581 3114 5634 Dominum
3150 5582 3409 5651 suscepit,
3445 5581 3527 5634 vi-

1957 5672 2047 5726 ilct
2080 5673 2508 5728 resurrectionis
2540 5673 2710 5743 gloria
2741 5673 2962 5743 privari.
3000 5671 3164 5727 Terra
3195 5688 3411 5742 quoque
3459 5673 3524 5725 ad
