3898 6196
424 312 561 378 1491

1902 311 1963 368 S-
2000 308 2165 370 NILI

3575 310 3717 375 1192

423 431 624 485 bellum
658 428 947 483 nobiscum
986 433 1194 495 parata.
1237 424 1383 480 Vidit
1440 424 1586 479 enim
1637 421 1997 478 resurrectio-

2111 439 2189 476 τει
2250 423 2717 494 συναθετούμενον
2779 423 2929 496 δόξῃ.
2990 425 3334 495 Κοινωνήσει
3389 425 3715 497 προθύμως

424 510 549 576 nem
581 518 976 589 blasphemari,
1015 533 1113 586 per
1154 533 1317 587 quam
1379 516 1580 586 saepius
1633 515 1735 585 ipsi
1794 512 1998 569 mortui

422 623 553 669 sunt
591 612 868 683 praerepti.
927 610 1055 665 ldeo
1109 620 1163 666 et
1198 610 1402 665 Paulus
1436 617 1703 664 creatura:
1756 620 1998 661 amorem

424 705 618 760 tribuit
679 701 1155 759 resurrectionis:
1217 700 1359 754 Nam
1396 700 1742 769 exspectatio,
1796 697 1997 766 inquit,

427 810 708 861 creatum,
757 796 1126 850 reuelationem
1183 795 1422 863 ﬁliorum
1470 793 1569 847 Dei
1622 799 1894 861 exspectat
1957 791 1997 840 ⁸.

426 888 900 959 Quemadmodqu
937 887 1082 942 enim
1125 886 1321 941 civitas
1354 884 1490 955 regii
1533 884 1801 938 adventus
1857 880 1997 936 reci-

424 985 582 1053 piens
613 993 1002 1051 praecursores,
1026 977 1091 1032 ad
1120 977 1241 1047 ejus
1276 975 1621 1046 prasentiam
1643 982 1756 1029 tota
1786 987 1846 1028 se
1866 986 2004 1042 pra:-

428 1081 624 1142 parat:
667 1070 749 1126 sic
776 1067 1214 1147 \resurrectione
1263 1076 1524 1136 tanquam
1564 1066 1752 1135 regina
1795 1063 2000 1130 aliqua,

428 1172 693 1219 creatura:
726 1158 1113 1229 praenuntiata,
1151 1164 1262 1212 tota
1296 1157 1363 1211 ad
1389 1156 1537 1212 illius
1564 1155 1911 1227 praesentiam
1944 1170 2005 1211 se

431 1255 791 1323 comparavit.
833 1248 899 1304 Et
926 1266 993 1305 ne
1036 1250 1253 1305 mireris
1291 1259 1579 1304 creaturas
1610 1248 1782 1319 ipsam
1811 1262 2003 1303 resur-

433 1346 732 1401 rectionem
764 1342 1099 1398 desiderare.
1139 1340 1237 1396 Est
1268 1341 1413 1395 enim
1461 1338 1775 1394 hominibus
1832 1338 2005 1394 instar

430 1436 682 1501 nutricis,
720 1449 841 1504 qua).
872 1432 1097 1488 festinat
1159 1432 1491 1503 promissum
1525 1444 1753 1501 regnum
1799 1430 2003 1496 videre,

428 1536 485 1582 et
515 1526 826 1581 futurorum
859 1524 1086 1579 tarditas
1118 1536 1225 1576 non
1259 1522 1509 1577 dissolvit
1540 1535 1693 1590 spem
1745 1518 2002 1574 nutricis.

431 1617 607 1672 liabet
631 1616 777 1671 enim
812 1617 867 1670 in
934 1630 995 1670 se
1041 1629 1258 1685 semper
1310 1613 1521 1668 semina
1562 1610 2004 1675 resurrectionis,

430 1723 666 1779 quorum
700 1723 870 1777 grana
900 1708 1142 1763 ostendit
1206 1707 1474 1768 viventes,
1514 1702 1857 1759 mortuorum
1914 1718 2005 1757 reo

433 1802 791 1857 surrectionis
817 1801 870 1854 in
904 1802 1087 1869 parvis
1121 1814 1271 1869 spem
1290 1800 1450 1855 nobis
1481 1799 1885 1854 confirmantia.
1907 1797 2006 1852 Se-

430 1893 709 1962 peliuntur
738 1893 791 1945 in
841 1892 958 1959 illa,
996 1900 1056 1945 ut
1085 1891 1333 1945 videmus
1366 1890 1638 1945 seminum
1670 1904 1858 1960 grana,
1879 1904 2004 1943 cum

434 1983 572 2038 sulci
606 1983 716 2037 sint
742 1982 876 2037 satis
899 1995 999 2051 pro
1028 1981 1317 2050 sepulcris.
1350 1979 1469 2049 ipsa
1496 1993 1647 2044 vero,
1703 1979 2006 2035 seminibus

435 2074 721 2144 acceptisr
750 2073 997 2127 imitatur
1030 2080 1404 2135 monumenta,
1436 2081 1492 2126 et
1534 2072 1827 2141 putrefacit
1880 2082 2005 2141 gra-

438 2179 592 2229 num,
619 2172 680 2218 ut
709 2164 886 2233 ipsum
912 2162 1228 2233 sepulcrum
1254 2176 1477 2232 corpus,
1509 2172 1564 2218 et
1596 2162 1872 2231 accipiens
1923 2161 2007 2215 vi-

436 2270 589 2318 vum,
624 2261 904 2307 mortuum
937 2252 1137 2319 reddit,
1168 2259 1224 2306 et
1258 2251 1497 2307 medium
1523 2253 1680 2324 grani
1713 2254 1874 2322 plane
1903 2268 2008 2323 pu-

436 2345 729 2402 trefacicns
760 2342 1065 2409 corculum,
1098 2343 1261 2398 etiam
1300 2343 1434 2412 ipsis
1492 2342 1739 2399 formicis
1784 2344 2007 2401 inutiles

437 2437 505 2491 ad
540 2434 940 2491 comedendum
975 2432 1128 2488 facit.
1157 2432 1581 2502 Corruptionem
1639 2442 1822 2488 autent
1883 2442 2009 2488 tan-

437 2545 602 2601 quam
629 2526 1044 2598 conceptionem
1084 2524 1373 2595 quamdam
1399 2524 1709 2594 possidens,
1735 2533 2007 2578 mortuam

433 2623 713 2679 seminum
753 2618 990 2673 feturam
1033 2616 1427 2687 putrefactione
1448 2624 1644 2685 gestat,
1673 2625 1728 2669 et
1749 2616 1807 2670 fit
1837 2625 2009 2670 mater

435 2718 581 2772 vitm,
619 2705 807 2776 granis
834 2705 1141 2774 corruptio,
1181 2713 1237 2759 et
1258 2719 1407 2759 mors
1440 2710 1647 2774 partus'
1679 2713 1832 2773 pater
1865 2704 2009 2758 desi-

436 2808 655 2870 gnatur.
688 2795 837 2851 Nova
863 2796 953 2849 illa
985 2796 1194 2851 doloris
1228 2803 1386 2850 terrm
1413 2795 1763 2864 parturientis
1795 2794 1877 2849 lex
1903 2804 2005 2859 est,

438 2892 545 2946 nisi
578 2890 673 2944 fiat
724 2898 977 2943 mortuus
1030 2886 1194 2951 fetus,
1248 2902 1357 2940 non
1410 2886 1743 2956 tingitur:si
1789 2886 2006 2950 vixerit,

436 3000 546 3039 non
603 2982 894 3038 formatur.
960 2980 1100 3036 Hinc
1157 2981 1322 3050 igitur
1382 2989 1437 3033 et
1486 2980 1731 3034 formica:
1774 2980 2009 3034 dissecm

2101 517 2233 586 ύμῖν
2266 514 2360 568 τοῦ
2398 515 2641 586 πολέμου
2672 516 2768 571 καὶ
2803 518 2837 586 ἡ
2873 518 2976 587 γῆ.
3002 518 3549 587 Συκοφαντουμένην
3600 520 3711 586 γάρ

2099 606 2202 676 τὴν
2245 606 2548 660 ἀνάστασιν
2574 602 2715 660 οἶδεν
2734 646 2750 672 ,
2776 607 2871 677 ἀφ’
2895 601 2971 662 ὧν
3001 608 3260 671 πολλάκις
3283 608 3525 677 νεκροὺς
3558 609 3716 678 ἀφῃ-

2103 699 2238 769 ρέθη
2291 698 2383 752 ὑπ’
2430 698 2601 770 αὐτῆς
2646 698 2771 779 [ὑπ’
2813 701 2986 771 αὐτῆς
3027 701 3278 773 ἀφῃρέθη
3324 701 3398 755 Η.
3439 700 3562 771 St.)
3612 700 3715 753 ΔιΞι

2102 788 2261 842 τοῦτο
2294 791 2389 843 καὶ
2439 789 2653 854 Παῦλος
2696 790 2791 843 τὸν
2828 791 2929 861 τῆς
2977 792 3335 857 ἀναστάσεως
3382 797 3455 864 τῇ
3517 795 3719 846 κτίσει

2102 878 2448 952 περιτίθησιν
2501 881 2704 951 ἔρωτα.
2768 881 2839 936 Ἦ
2904 881 3013 957 γάρ
3065 883 3532 951 ἀποκαραδοκία
3597 882 3721 949 τῆς

2103 971 2377 1038 κτίσεως,
2426 971 2561 1041 φησὶ
2584 1012 2599 1036 ,
2652 972 2769 1041 τὴν
2805 972 3202 1042 ἀποκάλυψιν
3238 974 3359 1028 τῶν
3400 973 3566 1028 υἱῶν
3604 975 3721 1029 τοῦ

2106 1063 2257 1119 Θεοῦ
2290 1064 2707 1134 ἀπεκδέχεται.
2737 1065 3007 1136 Καθάπερ
3050 1066 3160 1136 γὰρ
3206 1068 3362 1129 πόλις
3397 1066 3721 1137 βασιλικῆς

2105 1156 2400 1228 ἐπιδημίας
2432 1156 2701 1229 δεξαμένη
2738 1158 3116 1229 προδρόμους,
3149 1158 3284 1229 πρὸς
3328 1159 3433 1228 τὴν
3477 1158 3722 1225 ἐκείνης

2104 1249 2200 1320 ὅλη
2240 1249 2546 1320 παρουσίαν
2589 1250 2935 1319 ἐπτέρωται·
2983 1250 3125 1304 οὕτω
3152 1234 3253 1305 καὶ
3292 1251 3396 1321 τῆς
3454 1251 3723 1303 dvas-tsi-

2106 1357 2245 1404 σεως
2270 1340 2460 1412 ὥσπερ
2488 1357 2633 1403 τινος
2663 1340 2935 1411 βασιλίδος
2966 1343 3033 1413 τῇ
3064 1341 3243 1395 κτίσει
3277 1339 3719 1409 προκηρυχθεί-

2107 1451 2209 1504 σης
2230 1472 2248 1499 ,
2278 1433 2374 1503 δλη
2404 1432 2543 1503 πρὸς
2581 1432 2681 1504 τὴν
2710 1432 2926 1504 ἐκείνης
2959 1435 3259 1503 παρουσίαν
3298 1432 3720 1487 συντέτακται.

2106 1525 2220 1577 Καὶ
2260 1523 2333 1594 μὴ
2388 1522 2675 1593 θαυμάσῃς
2721 1523 2811 1576 τὸν
2838 1523 2940 1593 τῆς
2981 1524 3334 1587 ἀναστάσεως
3364 1524 3721 1594 ἐγκείμενον

2105 1618 2173 1687 τῇ
2217 1616 2394 1668 κτίσει
2426 1615 2814 1684 διδασκόμενον
2848 1614 3030 1668 πόθον.
3074 1616 3285 1685 Τροφός
3316 1617 3427 1685 γάρ
3472 1634 3568 1680 τις
3602 1618 3722 1669 τῶν

2107 1707 2411 1778 ἀνθρώπων
2441 1706 2804 1777 ὑπάρχουσα,
2848 1707 3069 1760 σπεύδει
3110 1707 3210 1778 τὴν
3253 1694 3724 1776 enumerem

2110 1799 2239 1852 ἰδεῖν
2274 1797 2551 1869 βασιλείαν
2576 1814 2591 1831 ο
2631 1798 2727 1852 καὶ
2773 1799 2834 1851 τὸ
2876 1798 3041 1871 βραδὺ
3077 1798 3188 1852 τῶν
3228 1799 3544 1870 μελλόντων
3611 1801 3724 1854 οὐκ

2107 1887 2289 1941 ἐκλύει
2312 1889 2377 1958 τῇ
2408 1885 2596 1958 τροφῷ
2618 1887 2717 1951 τάς
2743 1887 2987 1952 ἐλπίδας.
3019 1889 3174 1960 Ἔχει
3196 1890 3303 1960 γὰρ
3331 1890 3419 1943 ἀεὶ
3460 1892 3724 1943 συνόντα

2107 1976 2246 2047 αὐτῇ
2286 1975 2354 2029 τά
2396 1976 2496 2047 τῆς
2524 1976 2874 2040 ἀναστάσεως
2917 1977 3239 2048 σπέρματα,
3285 1973 3362 2033 ὧν
3389 1979 3534 2043 τοὺς
3568 1982 3721 2034 κόκ-

2108 2084 2240 2131 κους
2269 2066 2614 2122 ἀναδείκνυσι
2649 2066 2881 2133 ζῶντας,
2908 2068 3007 2138 τῆς
3036 2068 3146 2122 τῶν
3175 2070 3386 2141 νεκρῶν
3414 2073 3721 2141 σωμάτων

2109 2158 2382 2229 ὲγέρσεως
2416 2159 2474 2211 ἐν
2520 2160 2737 2230 μικροῖς
2767 2162 2902 2231 ἡμῖν
2933 2160 3286 2230 βεϐαιοῦντας
3308 2161 3408 2227 τάς
3438 2164 3716 2227 ἐλπίδας.

2108 2248 2417 2303 ϐάπτονται
2453 2249 2553 2319 μὲν
2586 2251 2696 2321 γὰρ
2720 2251 2778 2304 έν
2806 2252 2941 2323 αὐτῇ
2960 2291 2974 2316 ,
3003 2252 3079 2315 ὼς
3105 2252 3321 2324 ὁρῶμεν
3344 2293 3361 2319 ,
3382 2255 3501 2307 τῶν
3528 2273 3725 2326 σπερ-

2113 2340 2300 2413 μάτων
2336 2343 2385 2395 οἱ
2420 2342 2631 2407 κόκκοι,
2658 2342 2768 2396 τῶν
2801 2343 3056 2398 αὐλάκων
3090 2345 3212 2399 ἀντὶ
3245 2346 3432 2415 τάφων
3467 2348 3723 2416 γινομέ-

2110 2450 2217 2486 νων
2254 2435 2369 2496 τοῖς
2415 2438 2733 2504 σπαρεῖσιν·
2779 2436 2812 2506 ἡ
2855 2435 2911 2488 δὲ
2951 2436 3191 2489 λαϐοῦσα
3232 2437 3302 2490 τά
3356 2439 3680 2509 σπέρματα
3706 2483 3721 2499 ,

2113 2527 2360 2595 μιμεῖται
2399 2525 2470 2578 τά
2512 2527 2807 2598 μνήματα·
2843 2528 2934 2581 καὶ
2981 2530 3144 2599 σήπει
3174 2530 3264 2582 τὸν
3306 2531 3519 2583 κόκκον
3552 2532 3641 2595 ὡς
3690 2537 3721 2585 ό

2109 2616 2279 2685 τάφος
2327 2616 2388 2669 τὸ
2418 2616 2609 2687 σῶμα’
2648 2620 2741 2673 καὶ
2768 2619 3040 2691 δεξαμένη
3081 2621 3294 2686 ζῶντα,
3328 2623 3717 2695 καταφθείρει

2110 2707 2397 2780 νεκρότητι
2423 2727 2436 2741 ·
2485 2712 2664 2782 μέσην
2695 2729 2756 2764 τε
2787 2713 2977 2781 σαφῶς
3005 2712 3105 2785 τὴν
3144 2713 3238 2767 τοῦ
3270 2715 3477 2770 κόκκου
3511 2718 3716 2788 διασή-

2110 2799 2264 2868 duca.
2292 2801 2557 2873 καρδίαν,
2596 2804 2870 2874 ἄχρηστον
2904 2805 3322 2877 καὶ⁸μύρμηξιν
3362 2810 3444 2871 είς
3485 2814 3716 2882 τρο-,τὴν

2112 2894 2505 2964 ἀπεργάζεται.
2547 2896 2759 2965 Ὥσπερ
2804 2896 2862 2950 δέ
2899 2915 3017 2950 τινα
3055 2896 3319 2969 σύλληψιν
3349 2901 3452 2969 τὴν
3487 2903 3716 2970 φθορὰν

2112 2987 2464 3056 κτησαμένη,
2528 2991 2789 3057 κυοφορεῖ
2850 2987 3192 3060 νεκρωθέντα
3239 2993 3304 3059 τῇ
3361 2990 3532 3061 σήψει
3591 2994 3713 3046 τῶν

438 3094 606 3148 grana
635 3077 691 3131 in
724 3086 922 3130 terram
955 3073 1261 3140 defodiunt,
1300 3074 1540 3128 sectione
1568 3088 1788 3141 germen
1821 3088 1851 3127 e
1883 3088 2006 3127 cor-

2112 3077 2442 3149 σπερμάτων
2463 3079 2533 3132 τά
2554 3078 2769 3149 ἔμϐρυα
2793 3097 2806 3110 ·
2842 3080 2936 3132 καὶ
2959 3080 3168 3148 γίνεται
3195 3082 3379 3153 μήτηρ
3401 3082 3559 3152 ζωῆς
3591 3088 3715 3149 τοίς

437 3171 693 3241 ruptione
723 3167 1102 3239 impedientes.
1140 3166 1392 3234 Oportuit
1452 3165 1599 3218 enim
1634 3173 1690 3219 et
1752 3163 2011 3219 formica-

440 3280 562 3320 rum
594 3273 846 3318 uaturam
879 3257 1182 3323 tc5tificari,
1218 3266 1414 3311 terram
1453 3265 1574 3324 post
1602 3256 2008 3325 corruptionem

440 3354 745 3424 producere
776 3348 985 3403 semina
1013 3365 1026 3400 :
1062 3355 1117 3400 et
1146 3345 1268 3399 vide
1293 3344 1537 3414 pariendi
1569 3346 1662 3399 tali
1693 3346 1857 3399 modo
1908 3347 2010 3398 mi-

442 3462 558 3500 ram
584 3453 858 3498 naturam.
887 3438 1178 3508 Accipiens
1208 3437 1385 3490 solum
1444 3453 1699 3507 granum,
1760 3451 2009 3490 corrum-

439 3538 540 3607 pit,
571 3542 890 3602 corruptum
922 3546 1051 3585 vero
1096 3529 1474 3598 multipliciter
1537 3528 1806 3598 pullulare
1859 3527 2007 3592 facit.

439 3643 670 3698 granum
699 3626 753 3680 in
790 3623 970 3679 varias
1020 3632 1205 3692 partes
1231 3620 1497 3676 formans.
1531 3622 1813 3675 Calamum
1846 3620 2013 3689 spicis

439 3722 534 3774 dat
577 3734 678 3789 pro
719 3716 963 3783 ossibus,
996 3724 1051 3770 et
1097 3723 1314 3769 tenuem
1340 3729 1439 3783 pro
1481 3713 1616 3784 pelle
1644 3714 1887 3767 exterius
1917 3714 2013 3767 ad-

439 3821 589 3881 aptat
621 3810 946 3873 tuniculam,
980 3808 1221 3863 radicem
1256 3806 1486 3861 inferius
1513 3806 1748 3860 vinculis
1782 3806 2012 3877 quibus-

439 3907 565 3959 dam
627 3913 889 3972 tanquam
921 3900 1125 3962 nervis,
1154 3909 1209 3953 et
1244 3900 1398 3953 venis
1426 3897 1619 3968 cingit,
1659 3913 1758 3967 pro
1817 3898 2014 3968 ungui-

439 3998 545 4052 bus
574 3995 762 4066 granis
789 3992 939 4048 addit
965 3992 1168 4047 aristas
1202 3992 1501 4061 spicarum,
1544 4005 1666 4060 quae
1698 3998 1889 4045 contra
1915 4004 2011 4043 vo-

442 4088 622 4140 lucres
651 4091 881 4139 certent.
909 4081 1197 4149 Quomodo
1228 4080 1343 4134 liazc
1373 4079 1556 4137 omnia
1591 4095 1657 4133 ex
1692 4094 1800 4133 uno
1838 4093 2009 4147 grano

440 4185 699 4246 corrupto
737 4174 1038 4229 oriuntur?
1068 4172 1183 4227 Hoc
1217 4188 1344 4226 vero
1368 4182 1451 4226 est
1487 4171 1662 4225 multo
1707 4170 2011 4224 mirabilius

440 4267 869 4322 resurrectione.
901 4262 1037 4317 Nam
1063 4274 1194 4319 tunc
1224 4264 1442 4333 quidem
1474 4275 1719 4317 mortuos
1748 4277 1885 4331 quos
1917 4277 2012 4315 na-

438 4367 561 4411 tura
602 4354 828 4423 accepit,
872 4354 1088 4407 reddit:
1124 4369 1271 4407 nunc
1336 4369 1463 4407 vero
1520 4355 1693 4406 multa
1753 4369 1850 4423 pro
1898 4369 2009 4406 uno

438 4455 657 4502 mortuo
701 4444 766 4521 ad
801 4443 1263 4513 regenerationem
1322 4460 1489 4513 grana
1556 4446 1786 4514 profert.
1840 4446 1883 4499 0
1912 4447 2007 4501 de—
2041 4443 2083 4497 D

439 4540 698 4595 mentiam
731 4537 974 4609 gentium
1014 4535 1403 4590 incurabilem!
1442 4535 1635 4591 Vident
1667 4549 1865 4592 terram
1899 4549 2010 4592 tra-

439 4636 654 4688 dentem
685 4631 958 4701 agricolae,
992 4645 1116 4700 quae
1154 4643 1261 4683 non
1293 4629 1540 4698 accepit:
1592 4631 1830 4686 Creatori
1880 4647 2009 4686 vero

439 4724 795 4788 reddituram,
846 4739 986 4792 quos
1016 4721 1097 4775 illi
1123 4722 1274 4791 prius
1306 4731 1555 4778 mortuos
1592 4723 1848 4789 credidit,
1879 4740 2006 4794 spe-

440 4832 565 4871 rare
591 4816 802 4870 nolunt.
835 4814 961 4869 ideo
991 4824 1045 4868 et
1073 4814 1275 4868 Paulus
1309 4816 1575 4870 seminum
1616 4818 2010 4887 exemplouti-

442 4920 531 4963 tur
558 4908 600 4961 ’.
637 4906 964 4975 Quanquam
1002 4907 1209 4961 clarius
1246 4909 1445 4963 habeat
1473 4912 1782 4979 exemplum
1823 4910 1891 4965 dc
1923 4911 2009 4964 iu-

438 4998 682 5055 fantibus
715 4997 929 5052 evnlva
977 4999 1172 5052 matris
1241 4999 1660 5068 prodeuntibus.
1718 5000 2012 5056 Formatur

437 5090 585 5146 enim
633 5098 889 5157 tanquam
920 5088 973 5142 in
1023 5089 1308 5157 sepulcro,
1360 5090 1413 5143 in
1448 5104 1601 5146 utero
1638 5094 1879 5148 nondum
1916 5109 2013 5149 ex-

442 5185 643 5239 sistens
676 5180 877 5247 infans,
914 5190 1124 5235 natura:
1146 5179 1333 5237 fasciis
1363 5183 1658 5247 involutus,
1714 5196 1766 5240 et
1820 5187 2013 5242 similis

441 5285 525 5329 est
586 5281 827 5335 mortuo,
889 5269 1079 5327 fasciis
1125 5272 1522 5342 sepulcralibus
1581 5277 2002 5334 circumstricto.

438 5365 576 5419 Nam
608 5373 949 5418 mortuorum
980 5363 1201 5432 quidem
1247 5365 1428 5420 vultus
1458 5368 1664 5422 arctius
1713 5370 2007 5424 conclusus

440 5463 542 5518 est,
578 5469 644 5507 os
689 5452 743 5506 in
770 5463 924 5507 utero
956 5460 1188 5516 mutum,
1229 5469 1424 5511 manus
1451 5466 1503 5510 et
1530 5458 1690 5525 pedes
1747 5459 1798 5512 in
1823 5471 2008 5514 ventre

443 5552 699 5613 tanquam
732 5545 784 5598 in
812 5546 1020 5600 tumulo
1044 5546 1432 5602 extenduntur.
1475 5548 1661 5605 Matris
1730 5554 2006 5623 egregium

517 5698 535 5733 ⁸
562 5699 723 5755 Rom.
754 5720 870 5772 \m,
906 5706 985 5761 ιο.
1065 5708 1084 5736 ²
1116 5706 1283 5763 lCor.
1320 5726 1409 5777 xv,
1440 5713 1529 5767 36.

2113 3169 2334 3231 κόκκοις
2364 3170 2395 3240 ἡ
2419 3169 2685 3241 νέκρωσις
2709 3210 2724 3233 ,
2756 3172 2852 3223 καὶ⁵
2881 3170 3109 3234 Θάνατος
3138 3172 3299 3224 τόκου
3343 3174 3535 3243 πατὴρ
3566 3177 3717 3228 ἁνα-

2111 3259 2406 3314 δείκνυται.
2443 3261 2647 3324 Καινὸς
2671 3256 2825 3322 οὗτος
2853 3266 2919 3333 τῇ
2961 3266 3030 3334 γῇ
3059 3262 3169 3315 τῶν
3200 3262 3403 3317 ὠδίνων
3428 3268 3455 3317 ό
3479 3266 3668 3336 νόμος
3695 3287 3710 3298 ο

2114 3352 2179 3405 ἂν
2212 3351 2287 3422 μὴ
2320 3353 2544 3423 γένηται
2572 3354 2765 3421 νεκρὸν
2797 3355 2859 3406 τὸ
2890 3354 3089 3423 βρέφος
3113 3396 3125 3417 ,
3166 3358 3223 3407 οὐ
3256 3356 3551 3408 πλάττεται
3578 3374 3593 3386 υ
3630 3358 3710 3411 ἂν

2114 3442 2211 3513 ζῇ,
2258 3443 2318 3495 οὐ
2374 3442 2697 3514 μορφοῦται.
2743 3445 2927 3516 Ταύτῃ
2980 3446 3090 3515 ἄρα
3129 3447 3213 3499 καὶ
3247 3444 3539 3514 μύρμηκες
3598 3465 3706 3500 τε-

2112 3536 2428 3606 τμημένους
2478 3538 2603 3599 τοὺς
2640 3538 2873 3601 κόκκους
2917 3539 2997 3601 είς
3044 3538 3150 3607 γῆν
3181 3538 3552 3599 ἀποτίθενται,
3608 3542 3686 3609 τῇ

2112 3631 2254 3699 τομῇ
2284 3629 2381 3698 τὴν
2413 3630 2520 3682 ἀπὸ
2544 3629 2645 3699 τῆς
2675 3628 2996 3700 νεκρὼσεως
3030 3628 3316 3699 βλάστησιν
3340 3628 3659 3692 κωλύοντες
3678 3672 3697 3685 .

2117 3721 2261 3773 Ἔδει
2294 3721 2405 3790 γὰρ
2454 3722 2547 3774 καὶ
2594 3723 2899 3791 μυρμήκων
2944 3722 3108 3790 φύσιν
3141 3721 3485 3792 μαρτυρῆσαι
3511 3725 3588 3791 τῇ
3622 3726 3702 3793 γῇ

2116 3812 2255 3883 μετά
2285 3813 2490 3884 φθορὰν
2514 3813 2760 3884 γεννώσῃ
2790 3813 2857 3865 τὰ
2887 3814 3200 3885 σπέρματα.
3231 3814 3338 3867 Καὶ
3363 3814 3562 3866 σκόπει
3605 3833 3703 3884 μοι

2110 3905 2212 3974 τῆς
2256 3905 2443 3967 ὠδῖνος
2488 3905 2547 3957 τὸ
2578 3904 2780 3974 θαῦμα.
2833 3906 3091 3959 Λαϐοὗσα
3131 3906 3291 3975 μόνον
3322 3905 3417 3957 τὸν
3444 3906 3661 3958 κόκκον
3685 3948 3702 3972 ,

2112 3998 2290 4069 φθορᾷ
2327 3997 2681 4069 παραδίδωσι,
2723 3996 3002 4066 φθαρέντα
3042 3998 3098 4050 δὲ
3128 3997 3418 4049 πολλοστὸν
3449 3998 3703 4050 ἀναθάλ-

2111 4089 2191 4142 λει
2244 4088 2381 4159 πρὸς
2425 4089 2645 4142 ποικίλα
2685 4089 2775 4142 τὸν
2821 4089 3021 4142 κόκκον
3063 4088 3481 4159 σχηματίζουσα
3528 4090 3701 4159 μέλη.

2111 4182 2222 4251 Τὴν
2275 4181 2528 4252 καλάμην
2567 4184 2680 4245 τοῖς
2721 4182 2981 4251 στάχυσιν
3013 4182 3128 4234 ἀντ’
3159 4182 3363 4234 ὀστέων
3403 4182 3699 4251 ἐντίθησι,

2111 4274 2206 4326 καὶ
2252 4273 2447 4325 λεπτὸν
2496 4272 2694 4337 ἔξωθεν
2737 4267 2850 4326 οἷον
2890 4274 3010 4326 ἀντὶ
3048 4273 3322 4343 δέρματος
3360 4274 3705 4340 καθυφαίνει

2111 4369 2342 4436 χιτῶνα’
2374 4368 2592 4437 δεσμοῖς
2622 4368 2770 4421 κάτω
2794 4368 2893 4437 τὴν
2926 4367 3080 4437 ῥίζαν
3108 4366 3183 4429 ὡς
3204 4367 3420 4437 νεύροις
3448 4368 3565 4419 τισὶ
3603 4367 3707 4420 καὶ

2114 4458 2277 4527 φλεψὶ
2310 4458 2663 4527 περισφίγγει
2683 4497 2697 4520 ,
2730 4455 2845 4509 ἀντ’
2867 4456 3075 4526 ὀνύχων
3110 4458 3220 4519 τοῖς
3247 4455 3471 4518 κόκκοις
3502 4459 3707 4526 ἐμπη-

2114 4548 2284 4614 γνῦσα
2328 4549 2423 4610 τάς
2472 4547 2788 4617 μαχομένας
2821 4547 2933 4607 τοῖς
2984 4547 3207 4614 πτηνοῖς
3245 4545 3354 4597 τῶν
3395 4546 3707 4615 ἀσταχύων

2112 4637 2320 4697 ἀκίδας.
2357 4635 2479 4698 Πῶς
2518 4636 2690 4689 ἆπασι
2723 4634 2936 4699 τούτοις
2972 4635 3029 4701 ἐξ
3058 4634 3175 4697 ἐνὸς
3208 4633 3410 4685 κόκκου
3453 4632 3709 4703 φθαρέν-

2111 4747 2202 4791 τος
2237 4730 2268 4798 ἡ
2292 4729 2577 4795 γέννησις;
2606 4726 2777 4779 Τοῦτο
2804 4726 2903 4797 τῆς
2929 4726 3282 4787 ἀναστάσεως
3314 4724 3709 4793 θαυμαστότε-

2118 4839 2229 4892 ρον.
2278 4823 2409 4873 Τότε
2447 4820 2543 4889 μὲν
2588 4819 2697 4890 γάρ
2743 4817 2837 4881 οὓς
2883 4818 3076 4871 ἐλαϐεν
3112 4819 3147 4888 ἡ
3195 4818 3371 4880 κτίσις
3417 4819 3706 4885 νεκροπ,

2112 4913 2431 4967 ἀναδίδωσι·
2478 4912 2573 4963 νῦν
2612 4913 2668 4964 δὲ
2717 4910 2948 4973 πολλοὺς
3007 4909 3126 4963 ἀνθ’
3161 4910 3280 4972 ἑνὸς
3317 4907 3707 4978 νεκρωθέντος

2112 5009 2189 5068 εἰς
2223 5005 2580 5073 ἀναγέννησιν
2619 5004 2854 5065 κόκκους
2897 5000 3263 5072 προϐάλλεται
3294 4998 3393 5071 [αι.
3425 4999 3708 5066 περιϐάλ-

2113 5094 2311 5167 λεται].
2364 5097 2426 5147 Ὢ
2465 5094 2563 5164 τῆς
2622 5094 2891 5164 Ἑλλήνων
2947 5092 3169 5146 ἀνιάτου
3222 5090 3701 5160 φρενοϐλαϐείαςο

2116 5189 2372 5259 βλέπουσι
2402 5188 2502 5256 τὴν
2533 5188 2637 5255 γῆν
2664 5184 2893 5256 γεωργῷ
2922 5183 3168 5238 διδοῦσαν
3195 5183 3231 5235 ἃ.
3261 5185 3335 5251 μὴ
3368 5182 3665 5251 παρέλαϐε
3686 5198 3702 5211 ο

2113 5282 2190 5351 τῷ
2223 5283 2416 5354 κτίστῃ
2436 5281 2491 5333 δὲ
2517 5279 2720 5348 ταύτην
2746 5277 3046 5331 ἀποδώσειν
3079 5275 3171 5338 οὓς
3196 5276 3331 5344 αὐτῇ
3372 5274 3705 5340 παρακατέ-

2115 5375 2267 5438 θετο,
2301 5376 2403 5427 οὐκ
2449 5372 2749 5436 ἐλπίζουσι.
2786 5371 2884 5423 Διὰ
2916 5368 3076 5421 τοῦτο
3108 5368 3202 5421 καὶ
3234 5366 3443 5427 Παῦλος
3473 5364 3554 5432 τῷ
3588 5366 3701 5417 τῶν

2117 5467 2449 5536 σπερμάτων
2484 5462 2884 5533 παραδείγματι
2911 5461 3129 5529 χρῆται,
3160 5457 3401 5523 καίτοιγε
3439 5456 3703 5525 λαμπρό-

2116 5574 2271 5627 τερον
2303 5556 2439 5626 ἔχων
2476 5553 2844 5625 παράδειγμα,
2880 5552 2977 5621 τὴν
3003 5553 3063 5605 ὲκ
3094 5551 3303 5619 μήτρας
3337 5546 3440 5599 τῶν
3477 5544 3703 5617 ἀνθρὼν
