3898 6196
225 306 364 374 1493

1036 297 1490 362 ΟΒΑΤΙΟΝΠΜ
1530 299 1623 360 ET
1663 292 2163 359 HOMILIARUM
2210 285 2701 348 FRAGMENTA.

3361 275 3496 341 1494

222 438 347 474 πων
376 416 622 490 πρὸοδον.
680 412 982 469 [Ιλάττεται
1019 415 1118 483 μὲν
1158 413 1265 482 γὰρ
1309 412 1384 474 ὡς
1430 414 1488 464 ἐν
1537 411 1694 479 τάφῳ
1739 412 1842 480 τῇ.

1950 407 2115 461 :tibos
2148 400 2459 471 sepulcrum
2495 406 2599 461 est,
2649 407 2703 450 et
2738 394 3049 464 sepulcrum
3086 392 3303 462 quidem
3356 392 3497 447 feto»

227 515 416 584 μήτρᾳ
453 510 552 580 οὐχ
596 508 843 581 ὑπάρχον
876 505 937 559 τὸ
977 504 1176 575 βρέφος
1201 518 1214 531 ⁶
1245 506 1357 567 τοῖς
1393 502 1549 573 παρὰ·
1570 502 1659 554 τὸν
1706 500 1805 570 φύ-

228 615 367 664 σεως
397 599 455 653 δὲ
484 598 835 668 ἐνειλημένον
878 594 1245 665 σπαργάνοις,
1297 593 1584 662 προσέοικε
1627 590 1806 661 νεκρῷ

227 694 498 764 δεδεμένῳ
536 693 792 761 κειρίαις.
829 687 1163 743 Κέκλεισται
1197 687 1297 757 μὲν
1336 687 1445 755 γὰρ
1492 686 1553 737 τὸ
1594 684 1813 755 βλέμμα

231 780 445 857 νεκρῶν
497 783 919 855 ἀκριϐέστερον,
979 780 1263 850 ἄπρακτον
1316 781 1374 832 ἐν
1426 781 1491 848 τῇ
1551 777 1704 847 νηδύϊ
1753 776 1814 830 τὸ

236 876 433 945 στόμα,
470 876 649 945 χεῖρες
683 873 776 925 καὶ
813 871 992 935 πόδες,
1033 873 1107 932 ῶς
1145 868 1288 941 σορῷ
1324 872 1390 939 τῇ
1424 868 1626 936 γαστρὶ
1658 883 1815 920 συνε-

236 970 557 1021 κτέτανταιο
593 966 760 1033 τάφος
805 962 1041 1033 ἀκριϐὴς
1069 964 1182 1023 τοῖς
1226 960 1487 1031 ἐμϐρύοις
1524 961 1557 1030 ἠ
1597 961 1777 1029 μήτρα
1799 998 1814 1023 ,

235 1059 408 1125 τάφος
448 1056 568 1108 ούδέ
598 1057 694 1126 τῆς
726 1054 832 1108 τῶν
867 1053 1166 1123 μνημάτων
1204 1051 1463 1112 δυσωδίας
1510 1048 1815 1121 ἐλεύθερος.

238 1153 560 1223 Τηλικούτῳ
592 1152 648 1205 δὲ
695 1152 756 1203 τὸ
795 1151 994 1221 βρέφος
1034 1148 1488 1218 ἐμμορφούμενον
1540 1147 1819 1216 μνήματι,

237 1239 318 1308 τῷ
343 1238 437 1291 τοῦ
473 1238 810 1309 μορφοῦντος
856 1238 1049 1289 ἕπεται
1093 1236 1427 1305 καλούμενον
1464 1236 1715 1305 νεύματι.
1758 1235 1823 1287 Ὶ“ί

239 1326 305 1395 δὴ
339 1327 594 1380 τοσοῦτον
632 1329 660 1380 ὁ
709 1327 982 1397 μακάριος
1022 1326 1231 1387 Παῦλος
1261 1324 1597 1394 κεκτημένος
1644 1324 1824 1393 παράο

242 1418 479 1488 δειγμα,
529 1421 657 1490 σιγᾷ
701 1420 801 1489 μὲν
841 1419 942 1490 τὴν
977 1422 1034 1474 ἐν
1064 1420 1142 1489 τῷ
1176 1421 1331 1489 τάφῳ
1356 1420 1454 1489 τῆς
1493 1420 1710 1489 μήτρας
1748 1421 1828 1482 εἰς

1914 501 2069 555 ribus
2103 512 2212 552 non
2238 507 2455 550 carens.
2485 488 2603 543 Tali
2637 488 2779 543 fetus
2812 486 3080 542 formatus
3106 485 3158 539 in
3218 485 3496 555 sepulcro,

1918 590 2207 647 lormantis
2258 598 2452 644 nutum
2521 598 2753 641 vocatus
2815 581 3079 652 sequitur.
3140 578 3284 645 Quid
3335 578 3502 648 igitur

1922 686 2014 738 tali
2047 683 2107 736 Β.
2132 683 2337 736 Paulus
2358 660 2607 749 exemplo
2632 677 2711 731 uti
2746 691 2869 729 cum
2901 674 3193 744 potuisset,
3214 679 3357 727 tacet
3388 670 3499 724 for-

1924 776 2217 831 mationem
2254 774 2321 829 ad
2352 772 2517 827 vitam
2577 771 2634 824 in
2665 768 2920 837 sepulcro
2975 765 3186 829 \‘UinB,
3228 762 3500 817 seminum

1923 883 2055 923 vero
2078 865 2438 922 similitudine
2466 860 2929 917 resurrectionem
2967 858 3253 912 conﬁrmat
3278 856 3300 908 ?
3331 853 3503 908 Scivit

1925 961 2109 1014 vivum
2153 957 2209 1011 in
2263 965 2420 1010 utero
2455 968 2639 1009 semen
2702 953 2944 1005 formare
3003 949 3173 1002 ictum
3201 986 3217 1009 ,
3256 947 3505 1016 qttzesivit

1928 1067 2058 1105 vero
2089 1058 2433 1106 mortuorum
2459 1044 2826 1116 quorumdam
2865 1041 3309 1096 rcviviscentium
3344 1056 3507 1111 aspe-

1930 1143 2181 1199 ctabiletn
2216 1138 2659 1201 similitudinem,
2693 1145 2747 1189 et
2768 1136 2891 1188 ideo
2921 1134 2985 1187 ad
3001 1133 3211 1188 semina
3244 1132 3505 1200 respexit.

1931 1236 2112 1291 Grana
2142 1234 2285 1287 enim
2305 1240 2429 1302 post
2454 1238 2685 1285 mortem
2712 1236 2764 1281 et
2797 1226 3203 1296 corruptionem
3236 1239 3298 1278 ex
3326 1233 3512 1293 putre-

1934 1324 2174 1380 factione
2214 1322 2568 1386 reviviscunt,
2602 1329 2654 1373 et
2683 1328 2865 1387 aperto
2896 1325 3239 1371 mortuorum
3272 1326 3513 1368 rcsurre-
3550 1384 3555 1389 ι

1933 1418 2172 1472 ctionem
2208 1414 2508 1471 declarant.

246 1513 395 1583 ζωὴν
446 1514 853 1587 πλαστουργίαν
878 1559 892 1583 ,
932 1516 1264 1587 σπερμάτων
1296 1517 1353 1570 δὲ
1388 1515 1578 1579 τύποις
1618 1515 1828 1587 βεϐαιοῖ
1863 1515 1963 1585 τὴν
2002 1514 2334 1584 ἀνάστησιν;
2402 1512 2555 1585 ¹ᾙδει
2586 1509 2767 1575 ζῶσαν
2801 1513 2867 1581 τῇ
2926 1509 3082 1579 νηδύϊ
3111 1508 3208 1578 τὴν
3241 1506 3311 1561 τὰ
3339 1507 3512 1578 βρέφη

248 1604 458 1673 σπορὰν
507 1605 982 1669 διαπλάττουσαν,
1040 1607 1224 1675 ἐζήτει
1285 1606 1341 1658 δέ
1395 1606 1607 1677 νεκρῶν
1659 1606 1823 1659 τινῶν
1857 1606 2073 1675 ὁρατῶς
2113 1603 2440 1668 ἁναζώντων
2470 1601 2691 1653 είκόνα’
2758 1600 2853 1653 καὶ
2892 1601 2983 1652 διὰ
3043 1599 3202 1653 τοῦτο
3236 1599 3515 1669 ἀπέϐλεψε

248 1697 389 1768 πρὸς
438 1697 507 1750 τά
555 1697 867 1767 σπέρματα.
923 1698 985 1749 Οἱ
1036 1697 1145 1767 γὰρ
1196 1697 1383 1750 κόκκοι
1431 1697 1570 1767 μετὰ
1615 1698 1712 1767 τὴν
1758 1699 1823 1748 ἐκ
1864 1696 2080 1765 σήψεως
2144 1693 2414 1765 νέκρωσιν
2439 1692 2534 1773 xati.
2571 1689 2779 1762 φθορὰν
2806 1688 3071 1756 άναζῶσι,
3109 1692 3204 1743 κοιλ⁴
3273 1691 3516 1760 γίνονται

249 1791 351 1860 τῆς
416 1788 525 1842 τῶν
580 1788 815 1858 νεκρῶνέ
844 1791 1197 1856 ἀναϐιώσεως
1249 1794 1651 1862 ἐναργέστατον
1683 1791 1973 1859 σύμϐολον.

338 1886 571 1951 Ἀδικεῖς
597 1887 695 1958 τὴν
733 1888 912 1959 ψυχὴν
946 1888 1273 1958 συνηγορίας
1306 1889 1656 1958 προσχήματι
1681 1929 1696 1952 ,
1739 1887 1833 1939 καὶ
1867 1891 1908 1947 Β

250 1980 318 2047 τῇ
366 1979 503 2048 πρὸς
549 1981 609 2033 τὸ
654 1981 814 2049 σῶμα
862 1982 1010 2051 μάχη
1041 1982 1163 2033 κατ’
1204 1982 1420 2050 ἐκείνης
1460 1981 1677 2051 ὁπλίζῃ.
1720 1980 1831 2043 Τὰς

252 2073 364 2141 γὰρ
412 2071 521 2126 τῶν
581 2072 973 2143 πραττομένων
1034 2071 1272 2143 ἀμοιϐὰς
1330 2072 1407 2144 μὴ
1472 2071 1712 2142 μερίζων
1762 2073 1831 2142 τῇ

250 2163 431 2235 ψυχῇ,
486 2163 580 2216 καὶ
621 2164 721 2234 τὴν
746 2165 846 2233 τῆς
880 2165 1082 2235 σαρκὸς
1127 2164 1204 2226 ὡς
1252 2165 1391 2235 μόνῃ
1435 2162 1832 2233 πλημμελούσῃ

253 2258 529 2327 τιμωρίαν
560 2257 803 2323 εἰσάγεις
832 2254 935 2326 [σί.
990 2252 1381 2325 συνεισάγεις].
1424 2254 1487 2306 Εἰ
1520 2254 1629 2322 γὰρ
1655 2255 1835 2323 ψυχῆς

260 2348 430 2416 μόνης
459 2349 513 2400 ai
549 2347 657 2400 τῶν
682 2348 860 2401 πόνων
899 2347 996 2400 καὶ
1034 2345 1547 2417 ἀνδραγαθημάτων
1586 2346 1833 2416 ἀμοιϐαὶ,

258 2439 420 2509 δῆλον
448 2440 529 2493 ὅτι
568 2440 664 2491 καὶ
704 2435 779 2492 ὦν
815 2439 1064 2509 ἥμαρτεν
1090 2441 1118 2492 ὁ
1146 2439 1433 2510 ἄνθρωπος
1469 2441 1524 2491 αἱ
1554 2440 1835 2510 τιμωρίαι.

273 2532 415 2586 Ἀλλ’
451 2533 572 2603 δρα,
608 2532 684 2603 μὴ
714 2532 927 2602 σώματι
967 2531 1059 2584 καὶ
1088 2530 1233 2602 ψυχῇ
1261 2529 1495 2602 καθίζῃς
1526 2531 1648 2584 κατ’
1678 2531 1841 2603 ἀλλή-

258 2624 369 2679 λων
408 2627 714 2697 κριτήριον.
767 2618 933 2694 Σῶμα
973 2624 1072 2695 μὲν
1100 2623 1208 2695 γὰρ
1244 2622 1472 2686 εἰκότως
1503 2623 1841 2694 καταϐοήσε-

261 2737 355 2771 ται
396 2718 498 2789 [αι.
549 2714 925 2789 διαϐοήσεται]
967 2716 1179 2787 ψυχῆς,
1236 2714 1346 2767 τῶν
1394 2713 1842 2786 κατορθωμάτων

263 2809 429 2864 αὑτοῦ
457 2809 556 2872 τὰς
585 2808 751 2879 τιμὰς
771 2807 1128 2877 άρπαζούσης
1149 2823 1162 2836 ·
1193 2806 1341 2878 ψυχὴ
1371 2807 1416 2859 δ’
1450 2803 1516 2861 αὖ
1551 2806 1805 2878 σώματος
1827 2847 1843 2872 ,

264 2903 364 2965 τὰς
408 2900 768 2972 ὀφειλομένας
818 2899 1040 2970 πληγὰς
1084 2900 1278 2969 ἐκείνῳ
1333 2900 1471 2971 μόνη
1513 2900 1842 2971 εἰσπραττο-

270 2996 425 3065 μένη.
478 2993 697 3048 Μᾶλλον
738 2993 782 3045 δ’
824 2993 1087 3063 ἑκάτερον
1117 2990 1298 3046 αὐτῶν
1327 2991 1655 3064 παροξύνεις
1707 2991 1848 3045 κατά

265 3084 363 3139 τοῦ
399 3086 586 3156 κριτοῦ
605 3102 618 3115 ⁸
647 3085 710 3138 τὸ
747 3085 867 3155 μὲν,
902 3078 982 3147 οἷς
1010 3083 1128 3137 δέον
1159 3083 1301 3153 ἔχειν
1331 3083 1566 3154 ἀμοιϐὰς
1591 3077 1666 3137 ὧν
1694 3083 1845 3136 ἐστέ-

273 3194 436 3249 ρηται
456 3196 468 3208 ·
510 3177 608 3249 τὴν
643 3178 698 3231 δὲ
720 3220 734 3243 ,
774 3170 850 3230 ὧν
878 3177 975 3247 ούχ
1005 3177 1253 3239 ὑπαίτιος
1273 3218 1288 3243 ,
1319 3175 1437 3229 δέον
1466 3176 1592 3247 μήδ’
1623 3174 1847 3228 εύθυνέ-

271 3265 400 3320 σθαι
458 3262 540 3330 οἷς
589 3266 1014 3337 είσπράττεται.
1068 3266 1290 3336 Σώματί
1350 3284 1417 3336 με
1475 3267 1747 3337 συνῆψας,
1801 3260 1847 3319 ὦ

269 3356 518 3409 Δεσπότα
538 3396 553 3420 ,
583 3357 683 3426 τὴν
706 3357 1019 3427 ἀσώματον,
1061 3357 1157 3410 καὶ
1189 3357 1327 3428 μόνῃ
1357 3358 1456 3419 τὰς
1496 3359 1587 3410 ἐπὶ
1614 3358 1715 3426 τῆς
1744 3357 1847 3425 γῆς

270 3449 371 3502 οῦκ
406 3447 738 3511 ἐπίστευσας
768 3447 1032 3519 πράξεις,
1062 3446 1159 3499 καί⁸
1203 3448 1354 3517 παρὰ
1397 3448 1563 3515 μόνης
1599 3448 1850 3507 ἀπαιτεῖς

269 3540 369 3604 τὰς
407 3540 671 3602 εύθύνας’
709 3541 802 3591 καὶ
841 3538 1035 3606 δίδωμι
1078 3536 1233 3597 δίκας
1276 3531 1350 3588 ὧν
1387 3538 1440 3587 αἱ
1488 3534 1717 3603 πράξεις
1754 3533 1849 3585 τοῦ

274 3634 560 3700 σώματος,
620 3631 820 3699 μέθης,
875 3628 1167 3698 πορνείας,
1216 3627 1686 3697 γαστριμαργίας.
1740 3623 1850 3676 Ποῦ

273 3723 382 3793 γὰρ
408 3722 583 3775 ταῦτα
625 3722 842 3791 ψυχῆς,
891 3719 1079 3790 ὥσπερ
1125 3718 1346 3787 φθόνος,
1398 3720 1591 3787 τυχὸν,
1626 3718 1658 3789 ἢ
1694 3718 1852 3787 δόξης

275 3814 517 3869 ἀσέϐεια.
571 3815 780 3884 Ὥσπερ
830 3813 941 3884 γὰρ
985 3812 1046 3865 οὐ
1102 3810 1355 3881 σώματος
1413 3811 1622 3871 ταῦτα,
1680 3810 1852 3875 οὕτως

276 3907 387 3960 οὐδ’
431 3907 617 3960 ἐκεῖνα
655 3904 835 3974 ψυχῆς
860 3921 875 3937 ο
912 3904 959 3956 εί
1009 3904 1105 3957 καὶ
1139 3903 1308 3973 χωρὶς
1357 3901 1589 3971 θατέρου
1625 3902 1852 3973 θάτερον

277 3998 446 4069 ἀργὸν
478 3998 613 4069 πρὸς
654 3998 913 4066 ἑκάτερα.
962 3995 1036 4048 Τὸ
1077 3994 1235 4064 σῶμα
1267 3994 1311 4046 δ’
1348 3994 1412 4048 ἂν
1445 3993 1582 4047 ἄλλα
1623 4011 1680 4046 τε
1719 3993 1850 4063 φαίη

276 4092 483 4153 δίκαια,
517 4091 611 4143 καὶ
663 4090 737 4151 ὡς
791 4088 933 4157 Ἐγὼ
961 4088 1063 4156 τὴν
1115 4086 1254 4157 ὑπὲρ
1298 4084 1391 4138 σοῦ
1418 4086 1693 4157 τελευτὴν,
1738 4086 1851 4138 ἀλλ’

275 4185 377 4254 οὐχ
398 4186 431 4254 ἡ
452 4182 601 4251 ψυχὴ
633 4181 871 4249 δέχεται.
897 4180 1030 4232 Οὐδὲ
1065 4178 1176 4249 γὰρ
1204 4178 1452 4245 πέφυκεν
1482 4177 1637 4246 ἐμὸν,
1663 4177 1723 4228 τὸ
1754 4194 1855 4228 πο-

277 4281 388 4330 νεῖν
416 4276 504 4329 διά
548 4276 672 4337 τοῦς
707 4273 835 4335 σοὺς
876 4272 1076 4341 νόμους
1124 4270 1435 4339 νηστείαις,
1481 4269 1849 4339 ἀγρυπνίαις·

278 4368 365 4423 διὰ
397 4367 503 4420 τῶν
532 4366 679 4436 ἐμῶν
724 4364 903 4435 μελῶν
936 4364 969 4434 ἡ
999 4361 1286 4433 παρθενία.
1328 4361 1450 4423 Πῶς
1483 4358 1576 4413 οὖν
1611 4361 1711 4413 οὐκ
1738 4362 1854 4413 ἄδι-

279 4478 396 4522 κον,
429 4458 575 4528 ἐμῶν
604 4458 714 4509 τῶν
748 4455 924 4510 ἄθλων
959 4454 1149 4518 ὄντων,
1182 4452 1281 4522 τὴν
1302 4451 1481 4521 ψυχὴν
1514 4452 1684 4520 χωρὶς
1718 4451 1854 4519 ἐμοῦ

2009 1883 2274 1953 lnjuriam
2310 1881 2445 1937 facis
2486 1882 2683 1936 animae
2714 1890 2978 1951 praetextu
3014 1882 3329 1953 patrocinii,
3373 1893 3429 1938 et
3464 1885 3516 1938 in

1935 1991 2113 2045 pugna
2143 1977 2410 2031 adversus
2444 1990 2647 2045 corpus
2674 1984 2865 2031 contra
2907 1976 3083 2046 ipsam
3137 1976 3379 2032 animam
3430 1994 3517 2032 ar-

1937 2069 2129 2123 tnaris.
2158 2067 2451 2122 Factorum
2485 2070 2629 2123 enim
2663 2070 3140 2125 remunerationes
3187 2085 3310 2124 cum
3336 2072 3518 2125 anima

1939 2176 2047 2212 non
2082 2160 2520 2222 communicatis,
2556 2169 2608 2214 et
2636 2163 2788 2214 carni
2810 2163 3048 2216 debitam
3082 2179 3299 2233 pmnam
3324 2166 3520 2221 anima:

1942 2257 2203 2317 tanquam
2236 2249 2350 2302 sola
2376 2261 2676 2318 peccasset.
2734 2251 2971 2322 irrogas.
3007 2252 3067 2308 Si
3125 2255 3274 2310 enim
3334 2258 3520 2319 atrima

1942 2340 2056 2392 sola
2092 2341 2590 2395 remunerationem
2640 2343 2910 2398 bonorum
2954 2361 3180 2415 operum
3240 2347 3522 2404 laborum-

1942 2445 2047 2499 que
2085 2428 2301 2496 ltabeat,
2340 2439 2484 2499 patet
2511 2434 2675 2485 etiam
2701 2449 2893 2488 eorum
2928 2435 3131 2504 quibus
3173 2440 3340 2492 homo
3392 2457 3522 2510 pecu

1943 2524 2109 2589 cavit,
2149 2540 2364 2593 pmnam
2399 2526 2572 2578 solam
2605 2541 2728 2582 csso
2778 2528 3051 2584 daturam.
3117 2528 3224 2586 Sed
3279 2533 3402 2589 vide
3456 2551 3523 2588 ne

1944 2633 2147 2686 corpus
2179 2629 2230 2672 et
2253 2619 2496 2672 animam
2526 2620 2789 2675 adversus
2821 2637 2942 2678 sese
2997 2622 3231 2678 invicem
3273 2625 3327 2678 in
3372 2626 3524 2695 judi~

1946 2704 2092 2757 cium
2141 2718 2323 2759 voces.
2373 2705 2565 2761 Merito
2600 2708 2748 2762 enim
2781 2724 2983 2780 corpus
3006 2727 3132 2766 cum
3184 2714 3368 2768 anima
3429 2733 3525 2770 cx-

1947 2794 2254 2863 postularit,
2283 2795 2327 2850 si
2358 2795 2597 2853 honores
2629 2807 2778 2855 recte
2801 2799 3070 2857 factorum
3105 2804 3206 2858 sibi
3239 2806 3524 2873 adimeret,

1949 2889 2247 2958 animaque
2279 2891 2520 2947 vicissim
2576 2908 2701 2950 cum
2764 2911 3017 2966 corpore,
3050 2900 3097 2954 si
3164 2901 3378 2958 debitas
3450 2905 3525 2959 illi

1948 2997 2141 3051 pwnas
2168 3000 2225 3039 se
2257 2986 2433 3039 solum
2476 2987 2686 3044 videret
2738 2991 3016 3047 sustinere
3045 3004 3321 3062 Oportere.
3380 2996 3527 3065 Quin

1948 3075 2133 3143 potius
2165 3086 2463 3147 utrumque
2495 3088 2685 3135 contra
2727 3081 2969 3150 judicem
3029 3084 3272 3143 incitas:
3325 3102 3528 3158 corpus

1952 3169 2198 3236 quidem,
2222 3170 2353 3240 quia
2383 3172 2764 3242 retributione,
2782 3189 2947 3245 quam
2972 3188 3237 3242 meretur,
3259 3181 3527 3250 privatur;

1950 3259 2190 3313 animam
2235 3279 2381 3327 vero,
2426 3264 2571 3334 quod
2602 3280 2793 3320 eorum
2843 3284 3080 3338 quorum
3112 3286 3222 3325 non
3255 3280 3341 3328 est
3399 3289 3533 3328 con-

1952 3354 2088 3417 scia,
2119 3370 2292 3424 [unum
2322 3356 2392 3408 ab
2418 3371 2480 3409 ca
2513 3356 3128 3430 exigantur.COpulasti
3155 3377 3264 3428 me,
3290 3379 3324 3418 ο
3349 3363 3533 3419 Domi-

1954 3458 2042 3507 ne,
2080 3446 2297 3511 corpori
2328 3446 2728 3515 incorpoream,
2762 3457 2817 3501 et
2839 3450 2941 3502 soli
2978 3451 3112 3505 mibi
3145 3468 3232 3509 res
3285 3462 3532 3510 terrenas

1952 3550 2059 3587 non
2097 3537 2449 3601 cortttnisisti,
2491 3549 2545 3591 et
2577 3556 2603 3590 a
2639 3554 2724 3593 me
2765 3541 2879 3594 sola
2910 3557 3129 3611 pcenam
3158 3545 3363 3615 exigis,
3391 3557 3442 3601 et
3465 3550 3532 3603 do

1954 3637 2146 3692 paruas
2173 3639 2366 3678 eorum
2413 3626 2619 3692 quibus
2659 3644 2864 3700 corpus
2896 3634 3166 3701 peccavit,
3224 3635 3531 3703 ebrietatis,

1954 3714 2362 3783 fornicationis,
2396 3719 2557 3789 gulae.
2594 3718 2692 3775 Ubi
2724 3723 2870 3776 enim
2904 3726 3171 3782 sunthaec
3194 3728 3393 3783 animae
3415 3745 3532 3799 pro-

1955 3807 2093 3875 pria,
2135 3816 2198 3863 ut
2226 3808 2429 3866 invidia
2480 3810 2641 3879 forte,
2698 3816 2782 3869 vel
2836 3816 3101 3873 haeresis?
3158 3819 3531 3887 Quemadmo-

1955 3900 2083 3952 dum
2120 3902 2266 3954 enim
2300 3901 2416 3958 haec
2451 3920 2559 3959 non
2589 3915 2717 3961 sunt
2768 3910 3035 3977 corporis,
3071 3910 3161 3967 sic.
3204 3928 3384 3983 neque
3438 3915 3565 3969 illa-

1955 3992 2172 4062 anitum,
2206 3994 2309 4049 etsi
2336 3996 2569 4052 alterum
2610 3999 2729 4053 sine
2758 3999 2929 4053 altero
2989 4001 3055 4055 ad
3125 4014 3354 4074 utraque
3418 4006 3536 4062 iue-

1958 4096 2129 4155 ptum.
2169 4088 2382 4160 Corpus
2434 4109 2565 4147 vero
2610 4111 2733 4150 cum
2781 4096 2885 4150 alia
2932 4113 3123 4166 prose
3170 4101 3317 4155 dicat
3361 4102 3533 4170 justa,

1963 4194 2075 4235 tum
2115 4198 2216 4254 ego
2266 4201 2365 4253 pro
2403 4195 2453 4240 te
2486 4197 2716 4240 mortem
2745 4189 2973 4257 oppetii,
3010 4205 3121 4244 non
3156 4193 3360 4246 anima.
3414 4193 3533 4249 Non

1958 4275 2104 4329 enim
2147 4293 2327 4332 meum
2379 4289 2463 4333 cst
2498 4280 2746 4335 laborare
2787 4282 2859 4336 ob
2889 4282 3034 4351 leges
3067 4295 3187 4341 tuas
3232 4285 3457 4355 jejuniis
3483 4296 3539 4342 et

1958 4369 2181 4439 vigiliis.
2212 4370 2317 4425 Per
2348 4373 2593 4427 membra
2628 4376 3076 4448 tueatvirginitas.
3117 4378 3409 4444 Quomodo
3434 4383 3538 4453 igi-

1963 4472 2049 4515 tur
2080 4477 2187 4516 non
2228 4463 2500 4534 iniquum,
2541 4483 2666 4520 eum
2699 4483 2839 4522 mea.
2869 4470 2979 4523 sint.
3038 4473 3357 4535 certamina,
3415 4475 3538 4527 ani-

279 4553 581 4623 λαμϐάνειν
622 4549 693 4602 τὰ
719 4548 928 4602 ἔπαθλα
954 4563 969 4613 ;
1002 4546 1096 4609 Τίς
1138 4544 1291 4606 λύσις
1330 4544 1507 4596 αὐτῶν
1533 4544 1631 4614 τῆς
1654 4542 1813 4611 δίκης
1839 4561 1842 4595 ;

1962 4569 2105 4608 mam
2136 4556 2253 4609 sine
2298 4573 2386 4610 me
2412 4573 2671 4612 coronam
2706 4560 2998 4629 accipere?
3029 4559 3160 4627 Quae
3189 4571 3273 4616 est
3322 4573 3539 4619 senten-

282 4645 495 4709 Κοινὸς
536 4648 567 4696 ό
612 4641 846 4710 μισθὸς,
894 4637 1087 4691 κοιναί
1137 4639 1196 4688 αἱ
1242 4634 1482 4695 aratra},
1529 4635 1617 4687 ὅτι
1657 4636 1854 4687 κοιναὶ

282 4736 484 4792 αὐτῶν
526 4738 586 4787 al
645 4733 905 4802 πράξεις.
944 4731 1059 4784 Κᾶν
1109 4729 1196 4781 ἐπ’
1231 4729 1388 4781 ἐνίων
1425 4727 1486 4779 τὸ
1528 4727 1715 4797 ἕτερον
1762 4726 1858 4778 τοῦ

286 4830 659 4900 συγκρίματος
688 4826 1001 4877 πλεονεκτεί
1033 4821 1129 4873 τοῦ
1168 4821 1375 4891 ἐτέρου,
1411 4818 1505 4873 καὶ
1539 4818 1637 4888 τὴν
1669 4817 1860 4879 συζευ-

284 4924 508 4994 χθεῖσαν
529 4919 623 4973 ἀπ’
648 4917 821 4988 ἀρχῆς
852 4918 930 4978 εἰς
961 4914 1173 4974 κοινοὺς
1204 4913 1399 4973 πόνους
1426 4909 1597 4964 δυάδα
1625 4908 1705 4960 δεῖ
1734 4910 1861 4976 ὁμο-

284 5015 493 5083 λογεῖν,
533 5012 624 5064 καὶ
653 5010 888 5071 εἰδέναι,
920 5006 1115 5060 κοινῶν
1146 5004 1240 5058 καὶ
1274 5003 1383 5056 τῶν
1413 4999 1695 5071 στεφάνων
1724 5000 1858 5052 ἁπο-

284 5105 470 5158 λαύειν
508 5101 593 5170 ἐφ’
632 5096 713 5162 οἷς
753 5097 1037 5164 νενίκηκε,
1071 5094 1166 5146 καὶ
1217 5094 1296 5153 είς
1325 5090 1511 5153 κοινάς
1540 5086 1853 5155 ἀπάγεσθαι

283 5194 554 5268 τιμωρίας
584 5186 659 5248 ὧν
688 5189 1131 5261 ἐπλημμέλησεν.

292 5398 402 5455 Τοῦ
456 5396 677 5461 αὐτοῦ,
738 5395 806 5448 ἐκ
862 5393 1120 5516 τοῦλόεὶς
1170 5390 1236 5444 τὸ
1294 5389 1507 5457 Πάσχα
1575 5386 1856 5456 δευτέρου

1044 5480 1170 5516 νου.

1044 5480 1170 5531 rev.

370 5562 722 5622 Ἀνάστασις,
772 5557 869 5627 τῆς
901 5555 991 5608 τοῦ
1040 5553 1245 5624 Κυρίου
1288 5550 1547 5621 προνοίας
1588 5549 1649 5602 τὸ
1689 5547 1862 5617 κεφάο·

285 5654 472 5707 λαιον·
520 5653 614 5705 τοῦ
651 5649 945 5719 κεφαλαίου
994 5646 1049 5698 δὲ
1080 5644 1227 5713 ψυχὴ
1268 5641 1710 5712 μνημονεύουσα,
1768 5641 1862 5691 καὶ

288 5751 353 5821 τῇ
386 5748 513 5817 περὶ
546 5746 635 5801 τὸν
668 5743 959 5815 εὐεργέτην
987 5738 1307 5811 εὐχαριστίᾳ
1340 5736 1591 5800 συζῶσα,
1626 5737 1741 5797 ταῖς
1771 5735 1861 5785 τοῦ

1961 4648 2033 4702 tia
2069 4662 2260 4703 eorum
2294 4650 2487 4718 judicii
2532 4667 2543 4702 :
2582 4652 2888 4705 Communis
2918 4670 3135 4718 merces,
3171 4666 3218 4709 et
3245 4658 3538 4712 communis

1957 4757 2130 4810 poena,
2156 4743 2282 4811 quia
2312 4744 2474 4823 etiam
2504 4745 2742 4811 utrisque
2772 4747 3075 4799 communia
3098 4763 3255 4817 opera
3280 4749 3493 4816 fuerunt
3520 4752 3543 4802 ἱ)

1958 4832 2289 4902 Quanquam
2325 4835 2377 4888 in
2415 4836 2694 4903 aliquibus
2726 4838 3079 4892 Contentione
3114 4855 3280 4892 unum
3314 4852 3542 4907 superat

1959 4925 2194 4978 alterum
2224 4943 2236 4978 :
2271 4932 2326 4978 et
2356 4926 2459 4979 sibi
2491 4926 2725 4980 invicem
2760 4928 3052 4995 conjuncta
3099 4927 3272 4983 fuisse
3325 4929 3396 4983 ab
3434 4929 3540 4982 ini-

1966 5015 2044 5069 tio
2074 5015 2143 5069 ad
2176 5031 2499 5072 communes
2534 5018 2753 5072 labores
2798 5019 3100 5085 obeundas,
3150 5021 3540 5085 conﬁtendum,

1967 5118 2021 5162 et
2052 5109 2363 5173 sciendum,
2413 5120 2469 5165 et
2512 5111 2626 5165 fore
2654 5121 2713 5167 ut
2745 5128 3067 5169 communes
3108 5130 3342 5170 coronas
3390 5126 3541 5183 parta

1967 5204 2201 5258 victoria
2237 5204 2530 5274 accipiant,
2564 5215 2618 5260 et
2648 5206 2922 5275 inquibus
2942 5215 3263 5274 peccarunt,
3298 5223 3543 5264 commu-

1967 5312 2063 5352 nes
2102 5313 2295 5368 pmuas
2329 5299 2503 5353 luant.

2248 5411 2502 5483 Ejusdem
2533 5415 2704 5469 altera
2734 5416 2909 5470 oratio
2943 5418 2998 5470 in
3027 5416 3260 5474 Pascha.

2044 5548 2392 5603 Rcsurrcctio
2424 5556 2508 5604 est
2537 5559 2701 5618 caput
2731 5550 3086 5619 providentiae
3155 5550 3364 5605 Domini
3400 5571 3412 5607 :
3453 5570 3551 5606 ca-

1972 5641 2101 5709 pitis
2159 5656 2283 5695 vero
2332 5642 2512 5696 anitua
2554 5658 2797 5702 rncmot'.
2854 5654 2905 5696 ct
2942 5645 3144 5713 gratias
3180 5660 3345 5713 agens
3384 5645 3543 5697 bene-

1972 5732 2190 5799 lactori,
2226 5734 2433 5789 inimici
2470 5734 2677 5804 laqueis
2722 5737 2839 5805 capi
2883 5751 2989 5790 nou
3042 5745 3235 5805 potest.
3301 5734 3541 5789 Asccntlo
