3898 6196
403 167 542 233 1495

1894 165 1956 224 S.
1988 163 2154 223 NILI

3561 167 3690 231 1496

400 284 470 338 ad
501 282 856 353 antiquorum
893 281 1173 343 historias,
1229 287 1286 332 et
1315 278 1528 333 videbis
1559 274 1984 332 resurrectionis

2088 272 2284 344 ἐχθροῦ
2318 272 2626 336 δυσάλωτος
2675 273 2886 342 γίνεται
2941 275 3170 345 πάγαις.
3224 279 3496 352 Ἀνάΰηθι
3553 284 3688 352 xy;

399 376 902 432 adumbrationem.
963 373 1257 428 Brutorum
1301 371 1448 426 enim
1500 381 1694 426 natura
1739 369 1980 424 animata

395 475 586 522 creata
615 472 720 526 est,
739 465 921 518 anima
948 478 1074 519 eum
1093 477 1326 533 corpore
1351 462 1518 517 simul
1543 461 1780 516 condita.
1805 458 1979 513 Adam

404 567 583 612 autem
611 556 732 611 sine
747 554 930 610 anima
948 569 980 608 e
1007 555 1124 608 luto
1144 554 1296 608 fictili
1320 551 1590 608 formatus
1619 559 1704 606 est
1719 549 1760 616 ⁸,
1779 548 1982 604 deinde

399 649 585 703 anima
631 647 992 716 inspiratione
1024 645 1260 700 formata
1307 653 1412 708 est,
1467 645 1622 714 quin,
1681 649 1742 696 ut
1797 641 1981 695 verius

400 738 624 808 loquar,
663 738 1070 808 superinducta
1100 746 1206 793 est.
1242 736 1308 791 Et
1339 749 1680 791 mortuorum
1739 747 1984 787 resurre-

403 831 611 886 ctionis
640 830 873 886 Creator
900 830 1262 901 primordium
1293 829 1476 884 statim
1507 827 1655 882 fecit.
1690 823 1808 879 Non
1833 825 1980 881 enim

403 936 435 975 e
473 921 648 976 solida
678 923 1074 991 protoplastum
1115 921 1241 976 fecit
1268 921 1521 986 materia,
1558 919 1650 975 sed
1678 927 1838 975 terrae
1865 918 1985 988 pul-

402 1025 586 1066 verem
641 1012 696 1066 in
744 1010 975 1066 formam
1008 1011 1253 1079 adduxit,
1305 1012 1504 1067 tollens
1556 1011 1625 1065 ab
1665 1009 1825 1065 initio
1881 1011 1984 1065 lio-

405 1101 616 1155 minum
649 1101 1049 1168 infidelitatem,
1082 1103 1236 1173 quia,
1266 1103 1368 1158 etsi
1389 1102 1570 1173 pulvis
1611 1105 1684 1156 sit
1728 1111 1982 1157 mortuus

403 1202 461 1248 et
493 1193 812 1259 immobilis,
848 1194 1008 1250 facile
1037 1195 1220 1249 anima
1259 1210 1548 1265 resurgere
1578 1193 1732 1256 facit,
1765 1202 1821 1250 et
1861 1193 1984 1248 nul-

402 1286 518 1342 ium
554 1289 738 1344 ferens
765 1289 1057 1358 vestigium
1089 1288 1492 1356 vivificationis,
1525 1304 1627 1345 nec
1684 1288 1983 1360 accipiens,

402 1381 727 1451 participem
761 1381 940 1437 reddit
987 1383 1171 1438 vitalis
1200 1383 1628 1452 conjunctionis.
1670 1381 1788 1438 Non
1836 1383 1985 1438 enim

404 1473 765 1542 corruptibile
804 1489 1009 1544 corpus
1081 1473 1233 1542 fecit,
1296 1475 1394 1530 sed
1437 1485 1682 1546 tempore
1741 1477 1983 1547 quodam

404 1565 666 1621 solutioni
703 1566 899 1631 tradit,
931 1567 1284 1622 vitiositatem
1309 1567 1458 1624 vasis
1489 1583 1555 1622 ex
1598 1578 1824 1638 peccato
1857 1585 1985 1640 pur-

405 1672 544 1726 gans
573 1673 639 1713 ac
670 1673 898 1723 sanans,
931 1667 984 1714 et
1019 1658 1389 1729 putrefactum
1423 1663 1631 1728 peccati
1657 1661 1987 1716 mortalitate

405 1749 716 1816 inveniens,
753 1750 948 1806 mortis
971 1751 1195 1806 fornace
1243 1751 1520 1818 dissolvit,
1555 1759 1611 1806 et
1657 1752 1749 1806 ubi
1799 1751 1982 1817 solvit,

404 1855 502 1896 vas
541 1840 913 1918 putrefactum
946 1841 1015 1897 de
1069 1857 1212 1896 novo
1271 1842 1491 1908 format,
1554 1857 1622 1897 ne
1670 1843 1982 1906 admireris,

404 1931 563 2000 quasi
615 1933 865 1988 altiorem
915 1942 1076 2004 captu
1123 1943 1466 1989 mortuorum
1509 1933 1982 1988 reformationem.

403 2022 582 2080 Tanta
614 2023 758 2078 enim
799 2041 888 2080 ars
917 2034 996 2079 est
1026 2024 1236 2078 lictoris
1279 2025 1330 2079 in
1359 2024 1633 2094 tingendo,
1694 2033 1755 2078 ut
1817 2024 1981 2078 etiam

405 2129 563 2186 aqua
593 2125 846 2169 naturam
881 2115 934 2169 in
971 2115 1270 2170 simulacra
1303 2115 1357 2169 in
1393 2125 1580 2170 ventre
1627 2114 1850 2181 formet,
1880 2116 1986 2170 hoc

404 2206 542 2263 mihi
577 2207 752 2276 magis
799 2205 1116 2259 mirandum
1167 2205 1402 2270 videtur,
1443 2221 1608 2274 quam
1646 2206 1762 2276 ipsa
1801 2220 1987 2260 resur-

402 2299 611 2364 rectio;
643 2298 717 2353 ibi
749 2297 894 2352 enim
926 2312 957 2352 e
995 2297 1218 2367 pulvere
1252 2305 1504 2351 mortuus
1535 2298 1826 2361 formatur,
1850 2297 1984 2352 etii-

404 2392 569 2462 gulus
617 2405 715 2444 vas
744 2405 775 2445 e
807 2399 954 2444 terra
985 2387 1210 2456 format,
1265 2389 1474 2444 nostris
1528 2389 1740 2464 artibus
1779 2389 1984 2444 similia

403 2491 805 2554 repraesentans
837 2495 853 2535 :
883 2481 976 2536 llic
1006 2495 1137 2536 vero
1160 2481 1304 2535 ιιιιειιι
1324 2481 1572 2551 quaedam
1601 2476 1750 2550 gutta
1777 2479 1984 2536 factum

403 2584 492 2632 est
530 2575 742 2641 lutum,
787 2583 842 2628 et
890 2588 919 2627 e
977 2581 1133 2644 gutta
1195 2573 1257 2627 fit
1312 2573 1518 2627 animal
1569 2573 1782 2628 ratione
1845 2589 1985 2643 prte-

403 2666 608 2722 ditum.
638 2669 681 2720 0
709 2673 881 2720 artem
912 2679 980 2720 ex
1003 2679 1146 2736 aqua
1187 2664 1486 2719 simulacra
1529 2663 1891 2720 formantem!
1921 2663 1986 2719 Et

402 2771 515 2814 non
545 2757 652 2812 hoc
700 2757 877 2811 solum
905 2755 1105 2810 mirum
1137 2763 1241 2818 est,
1277 2770 1478 2826 aquam
1534 2755 1710 2824 sculpi
1761 2755 1816 2808 in
1866 2754 1986 2808 ani-

402 2863 622 2907 marum
667 2847 1050 2912 simulacrum,
1091 2847 1186 2902 sed
1226 2847 1375 2901 intus
1426 2845 1653 2900 formari
1717 2845 1986 2902 ﬂuctuans

2081 365 2180 438 τὴν
2217 366 2326 419 τῶν
2357 365 2661 436 ἀνθρώπων
2693 368 3080 437 ἀρχαιολογίαν
3102 409 3118 435 ,
3149 371 3242 424 καὶ
3275 373 3376 443 τὴν
3413 375 3523 443 τῆς
3553 377 3687 428 ἀνα-

2083 455 2328 518 στάσεως
2376 456 2750 526 σκιαγραφίαν
2803 457 3082 528 εὑρήσεις.
3139 459 3209 514 Ἦ
3267 463 3368 531 μὲν
3423 463 3544 534 γὰρ
3583 463 3689 516 τῶν

2081 545 2293 614 ἀλόγων
2325 544 2486 614 φύσις
2533 546 2778 617 ἔμψυχος
2813 548 3318 622 δεδημιούργηται,
3348 554 3432 624 τῷ
3464 559 3692 624 σώματι

2080 639 2182 708 τῆς
2238 637 2419 710 ψυχῆς
2475 641 3147 714 συγκατασκευασθείσης.
3223 646 3475 718 Ἀψυχος
3533 649 3602 701 δὲ
3664 654 3691 702 δ

2094 730 2269 801 Ἀδάμ
2317 730 2491 800 πηλοῦ
2539 731 2967 798 διαπλασθέντος
3019 737 3422 810 μεμόρφωται·
3472 737 3604 794 εἶτα
3657 746 3691 813 ἡ

2081 821 2231 896 ψυχὴ
2261 823 2340 895 τῷ
2374 825 2738 896 ἑμφυσήματι
2777 829 3136 898 μεμόριρωται
3157 871 3174 894 ,
3211 832 3413 902 μᾶλλον
3445 833 3504 886 δὲ
3551 835 3694 905 ἀλη-

2086 914 2195 978 θῶς
2224 915 2423 980 εἰπεῖν,
2480 917 2854 983 ὲπεισάγεται.
2880 919 2990 972 Καὶ
3011 920 3111 992 τὴν
3135 923 3200 975 ὲκ
3227 925 3445 994 νεκρῶν
3477 926 3692 990 εὐθέως

2083 1007 2114 1058 ὁ
2149 1004 2404 1075 Πλάστης
2438 1007 2860 1078 προοιμιάζεται
2901 1008 3138 1080 ἔγερσιν.
3183 1014 3309 1067 Οὐδ’
3343 1017 3410 1068 ἐκ
3449 1020 3695 1084 στερεᾶς

2084 1096 2175 1152 τὸν
2205 1097 2636 1168 πρωτόπλαστον
2668 1100 2986 1172 συντίθησιν
3017 1103 3172 1174 ὕλης,
3195 1105 3331 1160 ἀλλά
3360 1107 3470 1177 τῆς
3495 1109 3615 1176 γῆς
3637 1110 3698 1160 τὸ

2085 1188 2316 1260 χνοῶδες
2343 1190 2604 1260 χαλκεύει
2640 1191 2778 1263 πρὸς
2814 1194 3122 1264 μόρφωσιν,
3154 1197 3357 1250 πείθων
3391 1199 3466 1250 ἐκ
3502 1215 3698 1268 προοι-

2089 1283 2230 1352 μίων
2267 1283 2360 1337 τὸν
2393 1284 2623 1338 ἄπιστον
2643 1327 2656 1350 ,
2691 1285 2809 1350 ὅτι,
2839 1286 2945 1340 κάν
2982 1283 3168 1370 χούςῇ
3200 1290 3396 1360 νεκρὸς
3425 1292 3530 1344 καὶ
3569 1293 3701 1344 ἀκί-

2085 1391 2282 1446 νητος,
2316 1375 2451 1446 ῥᾷον
2483 1377 2518 1447 ἡ
2565 1375 2714 1446 ψυχὴ
2757 1377 2898 1447 πρὸς
2937 1379 3238 1434 ἀνάστασιν
3287 1382 3451 1451 ἄγει⁸
3489 1385 3597 1435 καὶ
3638 1382 3701 1436 τὺ

2091 1466 2212 1539 μηδ’
2240 1468 2364 1537 ἴχνη
2403 1469 2541 1538 μήτε
2569 1468 2735 1522 λαϐὸν
2769 1471 2908 1540 μήτε
2932 1472 3095 1542 φέρον
3131 1471 3398 1538 ζωώσεως
3419 1516 3436 1537 ,
3483 1493 3702 1528 xorem-

2085 1558 2175 1613 νὸν
2204 1561 2444 1612 ποιεῖται
2476 1559 2766 1633 ςωηφόρου
2798 1562 3180 1634 συμϐιώσεως.
3215 1566 3290 1618 Οὐ
3323 1566 3435 1634 γάρ
3469 1567 3705 1636 φθορᾶς

2087 1650 2148 1704 τὸ
2198 1651 2359 1721 σῶμα
2405 1650 2666 1704 διέπλασε
2711 1655 3126 1726 παρανάλωμα,
3160 1657 3296 1710 ἀλλὰ
3337 1660 3530 1732 χρόνῳ
3581 1663 3708 1714 τινὶ

2087 1739 2241 1793 λύσει
2281 1757 2354 1792 πα
2366 1740 2642 1812 ραδιδωσι.
2669 1742 2765 1812 τὴν
2791 1745 2856 1797 ὲκ
2887 1744 2985 1814 τῆς
3011 1746 3284 1818 ἁμαρτίας
3306 1749 3401 1801 τοῦ
3441 1751 3705 1815 σκεύους

2085 1833 2371 1900 καθαίρων
2399 1851 2460 1887 τε
2487 1835 2580 1887 καὶ
2630 1833 2931 1905 ἐξιώμενος
2963 1840 3229 1901 κάκωσιν,
3269 1842 3364 1894 καὶ
3402 1846 3476 1914 τῇ
3530 1845 3706 1916 παρὰ

2088 1926 2187 1996 τῆς
2227 1927 2511 1997 ἁμαρτίας
2556 1925 2734 1998 εὑρὼν
2775 1928 3192 2001 σεσαθρωμένον
3223 1932 3556 2004 θνητότητι,
3611 1933 3704 2003 τῷ

2085 2015 2180 2069 τοῦ
2221 2016 2454 2070 θανάτου
2495 2017 2703 2072 διαλύει
2737 2020 3108 2094 χωνευτηρίῳ,
3158 2025 3254 2077 καὶ
3301 2026 3496 2092 λύσας,
3539 2031 3702 2100 πρὸς

2087 2104 2419 2159 νεόπλαστον
2445 2105 2641 2172 σκεῦος
2671 2108 2734 2161 τὺ
2765 2109 3046 2182 σαθρωθὲν
3069 2113 3420 2170 ἀναπλάττει.
3449 2119 3569 2172 Καὶ
3607 2122 3702 2192 μὴ

2087 2197 2400 2270 θαυμάσῃς,
2453 2199 2529 2263 ὡς
2557 2199 2838 2271 λογισμῶν
2864 2203 3162 2274 ἀνωτέραν,
3192 2205 3289 2277 τὴν
3321 2208 3428 2260 τῶν
3459 2213 3702 2281 νεκρῶν

2087 2291 2507 2359 ἁναχάλκευσιν.
2549 2293 2798 2364 Τοσαύτη
2854 2296 2962 2366 γὰρ
3018 2298 3156 2367 πρὸς
3195 2299 3701 2370 ἀγαλματοποιίαν

2086 2383 2118 2451 ἡ
2154 2382 2316 2455 τέχνη
2350 2384 2444 2437 τοῦ
2475 2385 2741 2451 πλάστου,
2773 2387 2849 2452 ὡς
2891 2389 2983 2441 καὶ
3036 2389 3198 2457 φύσιν
3230 2391 3425 2457 ὓδατος
3456 2397 3546 2458 εἰς
3585 2397 3702 2448 ἁν-

2085 2475 2342 2547 δριάντας
2387 2479 2445 2532 ὲν
2483 2480 2684 2550 γαστρὶ
2727 2479 3098 2533 διαπλάττειν.
3135 2481 3306 2536 Τοῦτό
3347 2501 3438 2552 μοι
3487 2503 3700 2556 παραυ

2085 2569 2366 2642 δοξότερον
2400 2571 2496 2624 τοῦ
2543 2574 2672 2644 περὶ
2702 2573 2802 2644 τὴν
2830 2575 3128 2630 ἀνάστασιν
3167 2575 3468 2647 θαύματος.
3529 2581 3700 2636 Ἔχει

2090 2663 2191 2730 μὲν
2220 2663 2330 2734 γὰρ
2358 2666 2422 2717 ἐκ
2447 2663 2568 2735 χοὸς
2591 2666 2782 2736 νεκρὸς
2813 2666 3229 2738 πηλουργεῖται,
3262 2672 3357 2723 καὶ
3380 2672 3442 2725 τὸ
3475 2673 3697 2738 σκεῦος

2085 2754 2114 2806 ὁ
2153 2755 2431 2829 κεραμεὺς
2463 2757 2528 2809 ἐκ
2569 2757 2666 2828 τῆς
2695 2758 2796 2827 γῆς
2839 2760 3201 2824 ἀναπλάττει,
3253 2761 3527 2834 σύμφωνά
3560 2785 3694 2832 πως

2086 2854 2208 2915 ταῖς
2240 2853 2370 2924 παρ’
2414 2855 2545 2924 ἡμῖν
2581 2855 2996 2926 ἐνδεικνύμενος
3035 2858 3258 2928 τέχναις
3281 2877 3296 2892 ·
3341 2864 3582 2919 ἐνταῦθα
3619 2867 3693 2922 δὲ

403 2955 613 2997 semen.
648 2939 886 3010 Sanguis
915 2937 1060 2992 enim
1097 2938 1338 3006 undique
1373 2918 1636 3003 bulliens,’
1661 2952 1848 2991 semen
1876 2939 1982 2992 huc

2090 2944 2271 3015 γυμνή
2307 2963 2389 3008 τις
2425 2945 2642 3014 σταγὼν
2669 2947 2777 3000 τῶν
2812 2950 3201 3020 πλαττομένων
3237 2951 3449 3020 γίνεται
3478 2957 3690 3026 πηλὸς,

403 3042 570 3105 atque
597 3031 727 3087 illuc
756 3039 957 3086 nutans
978 3038 1034 3085 et
1065 3044 1208 3100 aegre
1237 3028 1435 3084 stabile
1461 3027 1614 3093 facit,
1648 3038 1703 3083 et
1745 3028 1855 3083 illis
1889 3029 1983 3084 de-

403 3122 657 3177 cumanis
679 3121 940 3190 agitatum
978 3119 1258 3186 ﬂuctibus,
1291 3121 1531 3174 animata
1587 3128 1769 3174 tamen
1801 3129 1980 3174 statua

402 3211 703 3282 perficitur.
741 3207 801 3264 θ’
818 3211 1083 3278 pictorem
1119 3211 1173 3262 in
1227 3209 1511 3264 ﬂuctuanti
1561 3209 1731 3263 linteo
1790 3226 1982 3264 secure

403 3303 760 3377 pingentemi
793 3302 1030 3371 Sanguis
1061 3302 1206 3356 enim
1243 3311 1504 3371 tanquam
1536 3302 1763 3357 linteum
1796 3303 1984 3372 subja-

403 3404 491 3449 cet
543 3393 783 3448 formato
813 3391 970 3449 fetui.
994 3388 1119 3448 Hoc
1152 3392 1411 3448 Salomon
1451 3396 1618 3449 etiam
1682 3383 1832 3450 cum'
1868 3407 1984 3451 stu-

400 3501 536 3559 pore
559 3485 865 3549 admirans,
903 3482 970 3538 In
1005 3495 1199 3552 ventre,
1231 3486 1434 3556 inquit,
1470 3489 1659 3542 matris
1720 3489 1982 3558 ﬁguratus

403 3594 524 3632 sum
557 3567 704 3642 caro,
740 3575 916 3629 decem
953 3577 1212 3630 mensium
1239 3587 1470 3646 tempore
1501 3578 1819 3648 coagulatus
1865 3595 1983 3633 sum

403 3670 461 3722 in
491 3667 816 3738 sanguine".
851 3666 1079 3723 Femina
1129 3671 1276 3723 enim
1320 3680 1578 3740 tanquam
1620 3673 1849 3742 pictoris
1901 3671 1985 3726 of-

405 3762 572 3817 ﬁcina
599 3762 880 3831 proposita
931 3771 1035 3825 est,
1086 3761 1331 3815 colorum
1370 3777 1500 3816 vero
1549 3764 1835 3818 materiam
1899 3765 1984 3819 vir

405 3855 581 3909 addit.
613 3854 708 3908 Est
737 3869 866 3908 vero
895 3853 1021 3923 quis
1047 3854 1226 3924 pictor
1257 3855 1312 3908 in
1343 3863 1522 3921 utero,
1558 3857 1633 3911 ex‘
1656 3871 1766 3910 uno
1797 3857 1983 3913 colore

404 3963 438 4002 e
483 3946 672 4001 multis
700 3948 1060 4018 compositam
1095 3947 1322 4018 pingens
1363 3948 1680 4017 imaginem.
1716 3947 1818 4004 Sed
1847 3964 1984 4019 quo-

406 4040 573 4094 modo
610 4054 640 4093 e
669 4037 944 4094 feculento
973 4039 1184 4094 semine
1215 4038 1388 4093 oculis
1439 4038 1650 4093 addidit
1707 4039 1984 4111 eleganter

402 4128 704 4202 pupillam?
751 4129 1030 4199 quomodo
1077 4143 1108 4183 e
1159 4129 1466 4183 substantia
1502 4128 1647 4183 fluxa
1689 4145 1816 4185 ossa
1847 4145 1982 4184 con-

401 4220 885 4288 didit?quomodo
913 4234 979 4273 ex
1009 4221 1190 4274 soluto
1219 4221 1427 4276 semine
1455 4236 1651 4276 nervos
1681 4222 1984 4292 compegit?

2090 3036 2186 3104 καὶ
2219 3035 2437 3104 λογικὸν
2471 3038 2536 3090 ἐκ
2569 3039 2831 3106 σταγόνος
2871 3040 3179 3097 συντίθεται
3211 3044 3420 3108 ζώδιον,
3461 3049 3525 3101 Ὠ
3555 3049 3695 3120 τέχ-

2089 3145 2188 3197 νης
2223 3126 2282 3192 ἐξ
2311 3129 2507 3189 ὓδατος
2554 3130 2870 3202 γλυφούσης
2902 3132 3228 3203 ἀγάλματα·
3277 3141 3369 3190 καὶ
3405 3139 3466 3191 ού
3511 3140 3692 3196 τοῦτο

2093 3220 2254 3290 μόνον
2294 3223 2592 3291 παρέχεται
2623 3223 2683 3275 τὸ
2711 3225 3016 3294 παράδοξον
3038 3268 3053 3290 ,
3086 3226 3390 3306 ὅτιεγλύφει
3418 3229 3479 3282 τὸ
3521 3231 3686 3304 ὕδωρ

2089 3314 2169 3374 εἰς
2203 3311 2444 3383 ἔμψυχον
2477 3312 2665 3378 ξόανον
2686 3331 2700 3345 ·
2739 3315 2854 3367 ἀλλ’
2887 3316 2970 3368 ὅτι
3005 3316 3100 3369 καὶ
3123 3320 3535 3388 κυματουμένην
3563 3323 3682 3392 τὴν

2089 3403 2256 3472 γονὴν
2293 3402 2440 3455 ἔνδον
2477 3403 2810 3458 τεκτονεύει.
2846 3405 3106 3469 Αἱμάτων
3131 3405 3234 3474 γάρ
3257 3406 3519 3462 πάντοθεν
3552 3425 3668 3460 πε-

2093 3492 2487 3564 ριϐράσσοντες
2544 3493 2872 3565 χείμαρροι,
2935 3496 3267 3566 περιῤῥεπὲς
3321 3496 3531 3548 ποιοῦσι
3595 3497 3668 3551 τὸ

2092 3585 2302 3656 σπαρὲν
2329 3587 2424 3638 καὶ
2453 3586 2811 3656 δυστήρικτον
2835 3603 2849 3616 ·
2877 3587 2972 3639 καὶ
3000 3586 3112 3659 [τῇ]
3145 3588 3379 3660 τοσαύτῃ
3400 3590 3682 3660 να·.›αγοὺ-

2094 3693 2254 3746 μενον
2285 3678 2550 3748 τρικυμία
2577 3679 2672 3730 καὶ
2700 3678 2858 3750 ζάλῃ,
2885 3679 3022 3748 πρὸς
3052 3679 3296 3750 ἔμψυχον
3317 3683 3462 3750 ὅμως
3491 3683 3681 3753 ἀπαρ-

2087 3769 2298 3834 τίζεται
2347 3770 2658 3840 ἀνδριάντα.
2717 3771 2781 3822 Ὢ
2836 3771 3099 3840 γραφέως
3149 3774 3246 3825 ἐπὶ
3303 3773 3683 3846 σαλευομένης

2091 3860 2328 3924 σινδόνος
2361 3862 2622 3930 ἀσφαλῶς
2645 3863 3083 3934 ζωγραφοῦντος.
3119 3865 3195 3918 Τὸ
3223 3867 3338 3935 γὰρ
3373 3864 3532 3938 αἷμα,
3560 3865 3682 3924 οἷον

2090 3953 2281 4006 σινδὼν
2329 3971 2416 4018 τις
2448 3954 2736 4009 ὑπόκειται
2776 3959 2841 4026 τῇ
2893 3956 3252 4029 μορφούμενῃ
3288 3963 3443 4032 γονῇ.
3500 3961 3681 4016 Τοῦτο

2089 4047 2186 4100 καὶ⁸
2232 4045 2486 4117 Σολομὼν
2529 4047 3008 4119 ἐκπληττόμενος,
3055 4049 3279 4119 ἔλεγεν·
3324 4053 3428 4107 Ἐν
3472 4057 3682 4122 κοιλίᾳ

2083 4140 2313 4209 μητρὸς
2345 4141 2620 4211 ἐγλύςσην
2650 4142 2842 4210 σὰρξ,
2881 4142 3284 4214 δεκαμηνιαίῳ
3327 4149 3521 4214 χρόνῳ
3558 4165 3682 4202 ,παρ

2089 4233 2214 4300 γεὶς
2241 4232 2312 4285 ἐν
2347 4233 2568 4302 αἵματι.
2611 4233 2908 4303 Πρόκειται
2957 4235 3056 4305 μὲν
3095 4235 3284 4307 ὥσπερ
3327 4237 3680 4307 ζωγραῳείόν

404 4313 683 4385 quomodo
714 4312 1001 4383 sanguinis
1022 4313 1244 4367 canales
1271 4329 1435 4368 venas
1466 4315 1803 4384 desculpsit?
1839 4330 1980 4384 quo-

2088 4341 2138 4377 τι
2170 4325 2232 4378 τὸ
2265 4324 2401 4394 θῆλυ
2423 4342 2437 4356 ·
2471 4325 2578 4378 τῶν
2611 4327 2922 4397 χρωμάτων
2969 4327 3026 4380 δὲ
3067 4328 3169 4399 τὴν
3213 4329 3366 4400 ὓλην,
3409 4330 3469 4382 τὸ
3501 4331 3680 4401 ἄρρεν

403 4406 572 4463 modo
610 4404 824 4461 cerebri
861 4405 917 4458 ἱιι
937 4405 1114 4474 capite
1152 4405 1458 4459 custodiam
1497 4406 1716 4461 ossibus
1749 4407 1988 4477 aptavit?

405 4499 684 4572 quomodo
718 4497 862 4553 fetus
901 4496 956 4552 in
984 4497 1221 4553 obscura
1251 4497 1502 4567 depictus
1535 4497 1773 4561 ollicina,
1800 4507 1986 4567 aptum

403 4593 778 4648 membrorum
809 4591 978 4646 situm
1009 4590 1257 4660 accepit?
1291 4589 1398 4644 Sed
1417 4600 1676 4660 tanquam
1699 4589 1852 4644 radio
1878 4600 1990 4646 ute-

406 4699 529 4738 rum
576 4683 906 4748 illustrante,
951 4683 1151 4751 cuique
1214 4683 1351 4750 parti
1385 4683 1666 4752 proprium
1712 4685 1988 4740 n'tembro-

405 4794 528 4833 rum
551 4777 736 4833 locum
765 4776 944 4848 pictor
972 4776 1257 4832 distribuit
1284 4795 1297 4830 :
1335 4779 1575 4832 Amictus
1610 4780 1754 4832 enim
1786 4779 1985 4835 lumine

404 4873 545 4924 sicut
567 4872 873 4924 vestimento
909 4869 952 4934 ⁵,
984 4877 1068 4924 est
1093 4870 1340 4925 occultus
1359 4869 1565 4924 fetuum
1596 4871 1986 4940 pictor.Qucm

403 4968 580 5022 David
619 4966 861 5022 celebrat
891 4967 1124 5022 dicendo
1155 4985 1168 5020 :
1212 4965 1332 5020 Non
1355 4967 1682 5021 abscondiin
1718 4985 1775 5022 os
1816 4986 1988 5024 meum

410 5077 443 5112 α
485 5073 554 5126 te,
605 5062 745 5132 quod
773 5060 948 5130 fecisti
976 5061 1028 5114 in
1070 5061 1274 5114 occulto
1311 5063 1352 5114 ⁸.
1393 5060 1545 5115 Hanc
1571 5077 1600 5116 e
1631 5071 1783 5132 gutta
1837 5063 1988 5133 cogi-

409 5160 533 5205 tans
562 5151 784 5208 ﬁctilem
817 5161 1012 5217 artem,
1055 5160 1305 5222 respectu
1344 5149 1586 5222 figmenti
1617 5167 1647 5206 c
1687 5163 1827 5208 terra
1879 5171 1985 5208 non

481 5243 646 5314 \bigo.
703 5244 929 5311 Quoties
988 5245 1132 5298 enim
1195 5244 1351 5298 viden
1416 5245 1678 5299 artificem
1743 5263 1805 5299 ex
1836 5263 1983 5317 aqua

563 5343 733 5388 autem
783 5343 1042 5398 statuam,
1101 5334 1299 5388 melius
1356 5334 1507 5388 illum
1567 5343 1778 5389 statuas
1809 5351 1839 5390 e
1875 5346 1988 5390 ter-

603 5426 693 5479 *dn
746 5426 945 5482 facere.
1003 5425 1478 5493 Quemadmodum
1509 5427 1655 5484 enim
1684 5429 1728 5486 si
1761 5430 1886 5502 quis
1935 5431 1990 5484 in

702 5601 760 5654 It,
788 5589 836 5641 7.
915 5589 934 5621 ‘
968 5587 1097 5660 Sap.
1133 5605 1228 5657 vn,
1269 5591 1314 5644 ι.
1393 5590 1412 5620 ⁸
1444 5587 1591 5644 Psal.
1621 5605 1740 5656 cm,
1775 5587 1830 5642 ‘2.

2087 4420 2394 4480 ἐπιϐάλλει,
2434 4421 2702 4492 ’Ἡνθηται
2738 4421 3019 4494 [κάθηται]
3062 4421 3120 4475 δέ
3161 4439 3244 4485 τις
3277 4423 3335 4474 ὲν
3365 4425 3432 4493 τῇ
3483 4425 3682 4493 μήτρᾳ⁵

2087 4512 2412 4583 ζωγράφος,
2466 4513 2526 4580 ἒξ
2566 4513 2683 4576 ἐνὸς
2730 4514 3022 4584 χρώματος
3062 4513 3460 4568 πολυσύνθετον
3501 4531 3683 4566 κατα-

2087 4605 2382 4660 ποικίλλων
2411 4606 2618 4659 εἰκόνα.
2652 4606 2776 4668 Πῶς
2807 4605 2866 4672 ἐξ
2900 4605 3152 4670 ἰλυὼδους
3182 4607 3345 4674 γονῆς
3369 4605 3682 4674 ὀφθαλμοῖς

2087 4698 2382 4767 ὲνηγλάῖσε
2439 4697 2640 4768 κόρην;
2691 4697 2814 4762 Πῶς
2861 4699 2925 4750 ὲκ
2981 4697 3216 4767 ροὡδους
3259 4697 3450 4759 οὐσίας
3493 4697 3680 4750 ὀστῶν

2091 4787 2432 4856 συνεπήξατο
2458 4786 2656 4855 φύ-σινς
2694 4787 2810 4850 πῶς
2843 4787 2907 4840 ἐκ
2940 4786 3241 4858 λελυμένης
3285 4789 3512 4856 σπορᾶς,
3543 4786 3681 4838 νεύ-

2089 4895 2202 4948 ρων
2247 4877 2543 4948 ὲστερέωσε
2591 4876 2784 4944 τόνον;
2835 4877 2952 4940 πῶς
2995 4878 3244 4946 αἱμάτων
3299 4876 3546 4947 σωλῆνας
3587 4876 3680 4928 δι-

2091 4971 2294 5040 έγλυψε
2324 4969 2422 5032 τὰς
2447 4968 2684 5038 φλέΰαςς
2723 4969 2840 5034 πῶς
2873 4971 2973 5034 τὰς
3000 4971 3108 5023 τῶν
3143 4970 3346 5024 ὀστέων
3381 4971 3682 5043 ἐγκεφάλῳ

2091 5064 2432 5133 περιήρμοσε
2466 5063 2668 5132 θήκας;
2711 5063 2828 5126 πῶς
2853 5065 2912 5116 ὲν
2940 5065 3175 5134 ἀφεγγεῖ
3206 5063 3267 5116 τὸ
3299 5063 3497 5134 βρέφος
3530 5078 3684 5134 γρα-

2093 5156 2327 5224 φόμενον
2389 5153 2719 5225 ζωγραφείῳ
2775 5156 3118 5226 ἀσυγχύτους
3173 5157 3276 5220 τὰς
3327 5159 3436 5209 τῶν
3489 5156 3680 5226 μελῶν

2095 5247 2368 5314 ἀπείληφε
2392 5246 2736 5310 τοποθεσίας.
2778 5247 2920 5301 Ἀλλ’
2948 5249 3137 5320 ὥσπερ
3164 5250 3380 5312 ἀκτῖνός
3402 5265 3545 5311 τινος
3574 5249 3682 5319 τὴν

2097 5339 2260 5408 νηδὺν
2291 5339 2700 5410 ὲναυγαξούσης
2721 5381 2736 5405 ,
2762 5341 2861 5411 τὴν
2884 5342 3090 5395 οἰκείαν
3117 5342 3330 5404 ἑκάστῳ
3359 5342 3464 5394 τῶν
3495 5340 3683 5410 μελῶν

2099 5430 2128 5480 ὁ
2159 5429 2406 5499 γραφεὺς
2443 5430 2736 5486 ἀποδίδωσι
2773 5433 2986 5503 χώραν’
3032 5433 3094 5486 '0
3123 5433 3228 5506 vi?
3259 5435 3680 5504 ἀναείι··ί·¹έ1⁸ε“

1918 5589 1938 5618 ⁸
1968 5587 2114 5644 f‘sal.
2142 5603 2401 5657 οιιικιιιι,
2444 5591 2525 5649 l5.
