3998 6214
297 273 432 336 1197

1064 272 1520 333 ORATIONUM
1560 273 1653 332 ET
1693 273 2193 335 IIOMILIARUM
2230 276 2711 336 FRAGMENTA.

3415 272 3436 334 1
3453 269 3550 334 198

297 406 403 456 νος
423 388 546 458 φῶς
571 387 651 452 ὡς
679 386 936 456 Ιμὰτιον,
956 388 1221 456 κρυφαῖος
1246 387 1460 452 γίνεται
1481 385 1588 437 τῶν
1619 385 1876 457 ἐμϐρύων
1910 421 1916 445 ι

2002 402 2119 454 [qua
2156 389 2325 459 pingit
2357 389 2589 450 litteras,
2629 397 2682 444 et
2717 388 2886 442 lineas
2922 386 3096 449 ducit,
3159 385 3297 440 idem
3354 388 3552 440 melius

300 480 612 552 ζωγράφος.
651 483 747 534 Ὃν
788 483 884 534 καὶ
933 479 1096 532 Δαυῒδ
1133 479 1477 549 δημοσιεύων
1502 518 1516 540 ,
1560 480 1712 532 ἐϐόα*
1757 483 1877 533 Οίνκ

301 573 520 640 ἐκρύϐη
567 573 632 625 τὸ
687 572 912 626 ὀστοῦν
948 588 1067 639 μου
1095 570 1214 624 ἀπὸ
1241 571 1376 633 σοῦ,
1423 569 1453 623 ὃ
1484 570 1778 636 ἐποίησας
1813 571 1882 623 ἐν

304 664 505 735 κρυφῇ
542 663 639 736 [aL
680 662 909 734 μορφῇ]
944 663 1162 730 Ταύτην
1197 663 1294 731 τὴν
1340 665 1401 714 ἐκ
1439 664 1700 728 σταγόνος
1737 664 1883 729 λογι-

304 756 532 824 ζόμενος
556 756 862 824 πλαστικὴν
884 755 1020 825 πρὸς
1055 755 1153 824 τὴν
1181 756 1246 806 ὲκ
1278 754 1381 822 γῆς
1409 754 1883 823 ἁγαλματοποιίαν

303 847 366 899 ού
412 847 757 916 διαφέρομαι.
797 846 966 896 Ὅταν
1009 844 1119 915 γὰρ
1156 845 1249 896 ἴδω
1291 844 1542 911 τεχνίτην
1585 841 1645 908 ἐξ
1693 843 1885 908 ὕδατος

306 936 658 1006 πηγνύμενον
713 935 910 1000 ξόανα,
949 935 1204 1005 ὀξύτερον
1263 935 1425 988 αὑτὸν
1495 936 1620 996 τοὺς
1668 939 1732 988 ὲκ
1784 936 1885 1004 γῆς

307 1028 674 1082 ἀναπλάττειν
725 1028 1055 1096 ἀνδριάντας
1109 1027 1372 1080 πιστεύω.
1431 1027 1644 1095 ’Ὠσπερ
1687 1030 1795 1097 γὰρ
1839 1029 1891 1082 εἴ

308 1136 392 1182 τις
418 1119 501 1185 ἐφ’
526 1119 718 1181 ὕδατος
741 1118 940 1187 γράφει
971 1117 1300 1190 γράμματα,
1324 1118 1419 1170 καὶ
1445 1118 1712 1186 γραμμὰς
1739 1101 1892 1186 5:..ny-

309 1211 541 1271 λάπτει,
582 1201 736 1272 οὗτος
787 1211 886 1273 τὰς
933 1211 1013 1271 είς
1065 1210 1234 1280 κηρὶν
1295 1210 1684 1279 εὐχερέστερον
1723 1213 1888 1281 ἐγχα-

313 1301 502 1373 ράττει
528 1317 542 1333 ·
576 1300 750 1364 οὕτως
795 1303 823 1354 ὁ
857 1305 923 1372 τῇ
972 1301 1161 1373 ῥοώδει
1198 1305 1327 1371 γονῇ
1378 1302 1754 1372 καταγράφων
1798 1305 1892 1357 καὶ

311 1392 627 1460 διαγλύφων
657 1394 725 1445 τὰ
761 1393 922 1463 μέλη,
963 1393 1093 1463 ῥᾷον
1124 1393 1204 1456 είς
1243 1394 1373 1462 χοῦν
1406 1395 1534 1454 τοὺς
1569 1393 1676 1446 τῶν
1713 1394 1892 1463 μελῶν

313 1485 728 1554 ἐγκαταγράψει
763 1502 822 1537 τε
861 1486 954 1537 καὶ
985 1484 1357 1556 διαμορφώσει
1386 1488 1767 1556 χαρακτῆραςο
1805 1487 1895 1540 καὶ

317 1577 346 1628 ὁ
382 1577 488 1646 προ
543 1577 641 1646 τῆς
668 1577 869 1647 ἀρετῆς
902 1574 1044 1630 οὕτω
1087 1576 1181 1628 τοῦ
1215 1576 1468 1647 σώματος
1507 1579 1801 1647 φροντίσας
1838 1581 1896 1632 ἐν

313 1667 502 1736 νηδύϊ,
539 1671 676 1738 μετὰ
717 1668 817 1738 τὴν
869 1668 1132 1739 ἐργασίαν
1181 1669 1283 1737 τῆς
1315 1669 1520 1740 ἀρετῆς
1560 1669 1676 1731 πῶς
1708 1669 1772 1722 ἃν
1816 1672 1898 1734 είς

1983 478 2034 532 iu
2071 495 2193 532 cera
2239 496 2332 534 eas
2362 479 2691 541 elforutabit,
2722 480 2802 536 sic
2830 478 2977 536 fluxu
3003 479 3210 536 semine
3243 478 3470 548 pingens
3500 488 3555 531 et

1983 574 2236 642 sculpeus
2267 573 2528 636 membra,
2563 572 2780 628 facilius
2827 573 2880 627 iu
2947 583 3144 626 terram
3185 571 3552 624 membrorum

1984 667 2183 732 figuras
2206 668 2408 736 piuget,
2446 680 2499 720 et
2528 665 2826 729 formabit;
2863 673 2918 718 et
2955 665 3046 733 qui
3079 673 3204 716 ante
3232 663 3402 715 ullum
3447 661 3560 713 vir-

1986 758 2116 810 tutis
2165 759 2416 810 meritum
2449 757 2531 814 sic
2559 757 2810 825 corporis
2836 757 2890 808 in
2930 765 3084 808 utero
3130 769 3316 808 curam
3367 754 3554 819 gessit,

1986 857 2106 917 anl
2139 863 2276 915 opus
2306 849 2522 902 virtutis
2553 847 2829 916 quomodo
2853 857 3049 902 terram
3095 845 3416 899 dissolutam
3441 843 3558 896 sine

1989 940 2195 994 honore
2236 940 2545 1012 relinquet?
2573 939 2825 996 lnlcrime
2865 953 3084 1006 corpus,
3143 945 3197 990 et
3250 946 3557 989 creaturam

1963 1020 2250 1085 occidet-is
2284 1051 2296 1084 :
2329 1048 2434 1086 non
2465 1033 2571 1086 erit
2608 1032 2762 1086 navis
2792 1030 2912 1086 sine
2945 1029 3223 1088 manibus,
3256 1042 3433 1096 neque
3463 1042 3562 1079 ua-

1991 1123 2222 1194 vigabile
2251 1124 2353 1178 erit
2387 1138 2555 1186 mare,
2589 1137 2817 1190 corpore
2873 1131 3113 1174 mortuo.
3157 1119 3301 1174 Mille
3349 1119 3563 1170 anima-

1993 1215 2122 1268 lium
2155 1229 2350 1282 gencra
2378 1212 2577 1267 frustra
2611 1224 2790 1280 erunt,
2827 1228 3003 1282 neque
3047 1211 3440 1266 nutrimentum
3497 1224 3564 1262 ex

1993 1293 2099 1358 illis
2125 1314 2286 1370 esset,
2324 1320 2498 1374 neque
2523 1305 2668 1358 aliud
2704 1306 2948 1359 alimenti
2994 1302 3381 1358 ministerium.
3413 1302 3568 1352 Artes

1993 1413 2124 1452 vero
2157 1397 2246 1452 ubi
2278 1405 2462 1459 erunt,
2499 1411 2729 1464 corpore
2758 1412 2863 1449 non
2896 1392 3240 1448 exsistente?
3268 1389 3426 1442 Horae
3472 1404 3568 1440 ve-

1997 1503 2058 1540 ro
2093 1497 2142 1541 et
2174 1496 2474 1556 temporum
2501 1487 2767 1540 ordinatae
2802 1487 3155 1545 mutationes,
3189 1493 3243 1536 et
3271 1479 3568 1536 ineffabilis

1997 1581 2438 1635 coslestismotus
2485 1579 2772 1649 sapientia,
2801 1593 2965 1647 quam
3018 1576 3308 1630 utilitatem
3363 1573 3571 1642 prmbe-

1999 1679 2142 1736 rent,
2175 1673 2222 1726 si
2256 1687 2486 1740 corpora
2535 1687 2643 1724 non
2690 1669 2931 1725 essent?
2989 1668 3053 1722 Et
3089 1677 3220 1736 quot
3275 1666 3381 1719 alia
3447 1664 3572 1732 quis

313 1759 419 1828 γῆν
435 1759 690 1828 διαρρυὲν
717 1738 913 1830 ἄτιμον
938 1760 1242 1832 καταλείψῃ
1269 1738 1614 1832 [καταλείψει
1651 1760 1719 1814 Η.
1750 1760 1894 1832 St.];

2002 1764 2403 1819 considerarit?
2432 1763 2585 1819 L'nde
2615 1764 2780 1832 igitur
2807 1762 3078 1815 inveniam
3114 1773 3314 1827 corpus
3371 1756 3573 1810 futuris

315 1849 510 1903 Ἀνελε
531 1851 592 1903 τὸ
611 1852 789 1920 σῶμα,
816 1854 910 1904 καὶ
941 1853 1039 1920 τὴν
1062 1853 1240 1905 κτίσιν
1256 1853 1590 1922 ὲνέκρωσαςο
1619 1854 1720 1906 οὐκ
1741 1853 1897 1906 ἔσται

313 1943 524 2000 πλοῖον,
545 1959 605 2012 χε
616 1960 630 1993 ι
636 1943 745 2012 ρῶν
759 1945 858 1996 οὐκ
872 1943 1040 1994 ὄντων
1051 1942 1136 2014 [ού
1148 1943 1275 2014 σῶν]
1295 1957 1308 1971 ⁸
1327 1946 1388 1995 ού
1410 1944 1619 1996 πλωτὸν
1635 1945 1892 2012 πέλαγος,

312 2029 566 2094 σώματος
604 2032 905 2100 οἰχομένου.
953 2033 995 2082 Τ
1000 2033 1031 2084 ὰ
1069 2032 1239 2100 μυρία
1273 2033 1404 2102 γένη
1444 2031 1554 2085 τῶν
1584 2029 1739 2095 ζώων
1787 2033 1895 2102 μά-

307 2139 433 2193 την,
462 2122 586 2174 οὔτε
615 2123 824 2193 τροφῆς
853 2121 912 2187 ἐξ
937 2123 1116 2176 αὐτῶν
1142 2122 1266 2176 οὔτε
1301 2124 1599 2194 θεραπείας
1621 2125 1784 2194 ἄλλης
1815 2124 1898 2194 τῷ

311 2213 528 2281 σώματι
563 2215 1002 2282 χορηγουμένης.
1035 2215 1234 2283 Τέχναι
1265 2215 1321 2265 δὲ
1353 2213 1478 2277 πού,
1515 2213 1769 2283 σώματος
1799 2217 1898 2268 οὐκ

310 2302 496 2368 liv-cog;
549 2299 717 2373 τΩριιι
759 2303 816 2356 δὲ
869 2304 964 2356 καὶ
1011 2303 1216 2372 καιρῶν
1261 2303 1518 2356 εὔτακτοι
1559 2305 1896 2374 μεταϐολαὶ,

311 2391 412 2445 καὶ
459 2390 720 2460 οὐρανίας
749 2393 1018 2460 κινήσεως
1045 2393 1283 2462 ἄρρητος
1311 2393 1473 2461 σοφία
1493 2434 1507 2455 ,
1535 2395 1658 2447 τίνα
1691 2395 1756 2447 ἂν
1791 2412 1900 2448 πα-

317 2487 511 2555 ράσχοι
558 2486 749 2555 χρείαν
775 2526 790 2550 ,
825 2487 925 2556 τῆς
965 2489 1287 2558 σωματικῆς
1334 2488 1546 2557 φύσεως
1584 2491 1644 2542 οὐ
1697 2490 1902 2560 παρού-

313 2593 457 2645 σηςς
498 2578 606 2631 Καὶ
639 2577 780 2630 πόσα
814 2579 880 2632 ἄν
917 2595 1002 2641 τις
1041 2578 1206 2648 ἕτερα
1242 2579 1549 2652 θεωρήσοι;
1595 2581 1764 2634 Πόθεν
1809 2578 1902 2635 οὖν

311 2670 467 2740 εὕρω
497 2672 557 2724 τὸ
607 2673 764 2740 σῶμα
811 2673 921 2724 τῶν
965 2673 1272 2743 μελλόντων
1313 2674 1535 2742 δωρεῶν
1566 2674 1810 2738 ἀνάξιον,

308 2762 591 2833 τοσαύτην
641 2765 754 2834 ὁρῶ
816 2764 903 2818 διὰ
963 2767 1185 2818 πάντων
1246 2765 1632 2838 δεδωρημένην
1699 2769 1901 2838 τιμήν;

325 2853 474 2906 Ἀλλ’
509 2855 618 2922 ἄρα
651 2857 810 2923 ὑμεῖς
853 2853 1223 2926 ίχθυόσρωτον
1253 2842 1592 2910 ὑποπτεύετε
1622 2858 1782 2928 σῶμα
1811 2859 1906 2912 τὸν

311 2943 458 2996 Θεὸν
487 2944 760 3016 ζητοῦντα
804 2948 880 3017 μὴ
911 2947 1198 3017 εὐρὴσειν;
1235 2947 1344 3000 καὶΔ
1367 2948 1484 3010 πῶς
1515 2951 1545 3002 ὁ
1584 2949 1816 3020 μυρίους
1848 2952 1906 3003 ἐν

309 3034 472 3106 ψυχῇ
497 3035 796 3106 λογισμοὺς
821 3039 1227 3108 στρεφομένους
1254 3038 1333 3106 τῷ
1357 3043 1456 3109 τῆς
1481 3041 1738 3108 γνώσεως
1764 3040 1904 3110 ἔχων

311 3129 545 3200 ἀμιγεῖς
577 3129 672 3183 καὶ
689 3130 1030 3200 ἀσυγχύτους
1062 3131 1319 3200 ταμιείῳ.
1348 3131 1448 3202 τὴν
1491 3131 1602 3182 τῶν
1631 3132 1903 3201 σωμάτων

316 3223 583 3294 μιγεῖσαν
620 3224 720 3276 ούκ
761 3223 1101 3292 ἀναλήψεται
1139 3223 1426 3292 διακρίνας
1457 3224 1657 3292 (ptiar);
1719 3226 1905 3279 Ἀσθεο

311 3315 584 3386 νέστερον
605 3316 668 3368 τὺ
696 3316 854 3369 Θεῖον
886 3318 988 3385 τῆς
1027 3318 1158 3387 παρ’
1202 3317 1336 3386 ἡμῖν
1369 3315 1737 3371 ἀναπλάττετε
1783 3317 1906 3388 τέχ-

313 3426 441 3478 νης.
476 3410 586 3463 Καὶ
629 3411 738 3481 γὰρ
777 3413 940 3480 ἡμεῖς
977 3411 1041 3463 ἐκ
1073 3408 1309 3477 γεώδους
1341 3401 1576 3478 ψάμμου
1621 3407 1905 3483 καὶιῦελον

311 3502 417 3555 καὶ
476 3502 678 3570 χρυσὸν
741 3504 830 3569 (εί
867 3501 1060 3570 τύχοι)
1113 3501 1209 3552 καὶ
1258 3499 1461 3568 χαλκὸν
1512 3501 1608 3551 καὶ¹
1664 3499 1906 3569 ἄργυρον

309 3595 462 3663 πυρὶ
489 3595 691 3656 δόντες,
739 3594 810 3646 τὰ
837 3594 1035 3645 λιθίδια
1064 3592 1415 3662 διακρίνομεν
1459 3609 1518 3643 τε
1551 3592 1646 3643 καὶ
1679 3592 1902 3644 ἀποθλί-

311 3683 494 3753 6ομεν
519 3723 534 3745 ,
571 3684 738 3752 μηδὲν
769 3684 951 3736 αὐτῶν
986 3684 1374 3753 καθορώμενον
1413 3684 1471 3734 ἐν
1503 3686 1568 3754 τῇ
1615 3685 1709 3736 τοῦ
1756 3685 1903 3737 λίθου

308 3773 520 3846 φύσει·
557 3775 651 3827 καὶ
681 3770 824 3827 οἶνον
853 3774 1005 3827 ὕδατι
1031 3774 1308 3843 κραθέντα
1341 3773 1505 3826 πάλιν
1539 3774 1905 3844 διακρίνοντες

1996 1856 2160 1911 donis
2195 1857 2497 1923 indignum,
2531 1855 2618 1908 cui
2651 1863 2863 1907 tantum
2901 1853 2968 1906 ab
3028 1851 3286 1904 omnibus
3346 1863 3574 1903 conces-

1997 1964 2117 2002 sum
2151 1949 2414 2002 honorem
2449 1947 2643 2000 video?
2671 1945 2858 2000 Utrum
2894 1943 3221 2000 existimatis
3252 1941 3420 1994 Deum
3451 1954 3574 1992 cor—

2008 2055 2113 2109 pus
2139 2040 2282 2108 quod
2317 2039 2496 2107 pisces
2524 2039 2883 2092 comederunt
2913 2036 3157 2090 invenire
3210 2050 3318 2086 nou
3378 2029 3575 2101 posse?

1999 2141 2050 2184 et
2077 2131 2352 2197 quomodo
2375 2131 2466 2198 qui
2497 2129 2735 2182 infinitas
2754 2129 3110 2197 cogitationes
3130 2125 3296 2176 animi
3318 2124 3570 2193 agitatas,

2001 2221 2271 2275 lmmistas
2303 2230 2354 2275 et
2387 2221 2736 2281 incontusas,
2767 2219 2928 2272 habet
2988 2217 3258 2286 cognitas,
3320 2224 3571 2269 naturam

2000 2327 2290 2380 corporum
2344 2311 2561 2366 mistam
2604 2327 2709 2363 non
2741 2311 2936 2379 poterit
2965 2306 3318 2362 discernere?
3373 2303 3576 2358 Facitis

2001 2403 2624 2457 nimirumdivinitatem
2687 2401 3000 2455 inferiorem
3071 2397 3276 2452 nostris
3338 2396 3572 2450 artibus.

1999 2495 2112 2550 Nos
2157 2497 2300 2549 enim
2331 2511 2362 2550 e
2396 2509 2555 2549 terra:
2587 2511 2752 2548 arena
2787 2495 3009 2557 vitrum,
3049 2506 3246 2544 aurum
3314 2486 3574 2559 (exempli

2003 2589 2222 2660 gratia),
2253 2604 2348 2651 ags.
2380 2596 2690 2658 argentum,
2727 2587 2838 2657 igni
2867 2587 3082 2647 dantes,
3109 2583 3400 2652 scrupulos
3422 2595 3580 2648 sepa-

2004 2697 2211 2747 ramus,
2243 2690 2297 2736 et
2324 2682 2646 2746 deterimus,
2679 2680 2890 2734 tametsi
2923 2679 3056 2736 nihil
3081 2679 3274 2731 horum
3301 2677 3356 2729 in
3385 2672 3580 2742 lapidis

2004 2781 2198 2826 natura
2237 2773 2570 2842 apparuerit,
2604 2783 2658 2826 et
2690 2773 2877 2826 vinum
2931 2785 3083 2840 aqua:
3117 2769 3424 2823 immisuun
3477 2767 3579 2819 ite-

2008 2880 2127 2917 rum
2170 2863 2223 2916 in
2263 2864 2538 2932 propriam
2573 2873 2824 2916 naturam
2855 2862 3255 2921 discernentes,
3287 2869 3582 2926 utrumque

2009 2955 2373 3010 restituimus.
2409 2953 2514 3008 Sed
2549 2953 2639 3008 Dei
2671 2963 2912 3024 potestas
2947 2962 3003 3008 et
3051 2950 3319 3020 sapientia
3357 2949 3583 3002 infinitis

1932 3073 1972 3128 ε
2007 3048 2187 3102 modis
2239 3048 2532 3102 humanam
2565 3056 2735 3101 artem
2771 3056 2824 3101 et
2854 3046 3189 3100 intellectum
3216 3043 3509 3102 excedens,
3530 3049 3586 3095 et

2006 3139 2385 3193 universorum
2423 3148 2672 3192 naturam
2709 3139 2762 3191 iu
2789 3152 2848 3192 se
2873 3134 3341 3206 comprehendens
3371 3141 3425 3187 et
3452 3146 3587 3185 cou-

2005 3230 2209 3291 tineus.
2248 3239 2302 3284 et
2336 3231 2539 3283 variam
2571 3229 2820 3300 corporis
2855 3227 3339 3297 compositionem,
3395 3231 3450 3277 et
3484 3221 3588 3274 mi-

2006 3323 2240 3377 stionem
2280 3322 2333 3375 in
2366 3329 2577 3377 naturae
2631 3319 3015 3392 promptuario
3045 3332 3238 3388 puram
3272 3319 3585 3370 conservat.

2007 3412 2126 3466 Non
2178 3414 2322 3465 enim
2354 3422 2510 3466 extra
2541 3423 2793 3465 naturam
2826 3411 2878 3464 iu
2906 3421 3177 3474 creatura,
3213 3406 3464 3476 corporis
3491 3419 3588 3456 na-

2014 3517 2136 3558 tura
2172 3513 2274 3566 est,
2312 3504 2413 3557 etsi
2446 3520 2541 3572 per
2574 3505 2719 3557 mille
2745 3515 2950 3556 mortes
2977 3503 3109 3555 ﬂuat
3149 3503 3348 3556 soluta.
3384 3499 3509 3552 ldeo
3533 3497 3586 3549 in

2013 3597 2288 3665 propriam
2331 3593 2490 3649 facile
2523 3595 2755 3648 formam
2793 3593 3106 3654 revertitur,
3157 3601 3210 3642 et
3248 3589 3316 3642 de
3380 3588 3590 3640 lt0uore

2012 3685 2324 3754 participat,
2359 3684 2517 3754 cujus
2550 3685 2697 3738 illam
2759 3683 3076 3753 participem
3143 3681 3258 3734 ﬁeri
3320 3677 3586 3748 oportuit,

2013 3791 2135 3829 cum
2171 3778 2334 3830 etiam
2366 3793 2473 3831 una
2499 3777 2806 3832 certaverit.

305 3873 396 3934 είς
419 3869 526 3939 τὴν
553 3868 691 3922 ίδίαν
715 3867 900 3938 φύσιν,
925 3867 1386 3935 ἀποκαθιττῶμεν
1413 3868 1694 3937 ἑκάτερον.
1741 3865 1901 3920 ’Λλλὰ
1943 3867 2052 3937 γὰρ
2101 3870 2134 3939 ἠ
2180 3868 2274 3921 τοῦ
2329 3869 2464 3922 Θεοῦ
2547 3870 2776 3939 δύναμις
2829 3868 2922 3921 καὶ
2969 3866 3132 3935 σοφία
3211 3863 3591 3932 ἀνεπινοήτοις

308 3965 550 4037 μέτροις
583 3965 684 4033 τῆς
759 3964 1105 4034 ἀνθρωπίνης
1156 3964 1252 4016 καὶ
1297 3963 1494 4032 τέχνης
1533 3964 1628 4016 καὶ
1702 3963 1974 4026 συνέσεως
2009 3965 2377 4035 ὑπερέχουσα,
2407 3965 2502 4018 καὶ
2535 3966 2632 4035 τὴν
2662 3964 2768 4017 τῶν
2795 3964 2932 4017 ὅλων
2961 3963 3152 4016 ούσίαν
3183 3964 3240 4014 ὲν
3267 3960 3430 4028 ἑαυτῇ
3460 3955 3589 4008 συλ-

302 4056 566 4112 λαόοὕσα
602 4055 696 4109 καὶ
749 4056 1114 4126 περιέχουσα.
1162 4057 1257 4109 καὶ
1291 4056 1390 4127 τὴν
1422 4056 1762 4129 πολύτροπον
1792 4055 1902 4108 τῶν
1944 4060 2212 4128 σωμάτων
2261 4059 2567 4132 σύγκρασιν
2633 4061 2729 4112 καὶ
2803 4057 2950 4130 μίξιν
2995 4061 3054 4112 ὲν
3084 4043 3196 4120 τοῖς
3227 4057 3326 4125 τῆς
3373 4054 3591 4122 φύσεως

303 4150 554 4222 εὐκρινῆ
589 4152 850 4220 συντηρεῖ
881 4149 1169 4219 ταμιείοις.
1208 4151 1285 4204 Ub
1317 4150 1425 4222 γὰρ
1475 4150 1579 4216 ἔξω
1648 4150 1746 4219 τῆς
1805 4151 1862 4202 ὲν
1894 4154 1959 4222 τῇ
2003 4153 2180 4206 κτίσει
2217 4154 2434 4222 φύσεως
2483 4155 2514 4224 ή
2554 4153 2650 4205 τοῦ
2697 4151 2952 4223 σώματος
2983 4151 3170 4219 φύσις,
3209 4148 3315 4202 κᾶν
3347 4145 3436 4200 διὰ
3485 4161 3593 4214 μυ-

301 4246 450 4319 ρίων
509 4243 612 4314 ῥέῃ
643 4243 878 4313 λυομένη
926 4243 1194 4297 θανάτων.
1240 4245 1331 4300 Διὸ
1363 4245 1500 4315 πρὸς
1546 4245 1646 4315 τὴν
1691 4245 1900 4298 οἰκείαν
1938 4248 2176 4312 εὐκόλως
2221 4249 2554 4315 ἐπανάγεται
2631 4247 2879 4318 μορφὴν,
2915 4247 3010 4300 καὶ
3075 4244 3328 4297 κοινωνεῖ
3357 4240 3468 4294 τῶν
3511 4254 3593 4291 τι-

302 4341 457 4413 μῶν,
513 4329 595 4390 ὧν
646 4336 782 4406 αὐτῇ
819 4335 920 4407 [σί.
952 4336 1084 4391 αὐτὸ
1121 4336 1216 4389 καὶ
1246 4336 1420 4407 αὐτῷ]
1479 4340 1772 4406 μετασχεῖν
1799 4337 1907 4392 ἔδει
1948 4341 2402 4413 συνδιενεγκούσῃ
2429 4342 2674 4404 καὶτοὺς
2700 4339 2916 4404 ἄθλους.

303 4451 429 4508 Τοῦ
473 4445 706 4510 αὐτοῦ,
752 4446 822 4498 ἐκ
864 4447 972 4499 τοῦ
1013 4449 1106 4510 εἰς
1149 4447 1266 4512 τὴν
1309 4447 1623 4515 ἀνάληψιν
1670 4447 1906 4514 πρώτου
1942 4457 1984 4508 D

1013 4519 1223 4584 λόγου.

902 4607 970 4659 Τὸ
1005 4607 1335 4674 προοίμιον.

371 4701 479 4764 Είς
514 4696 754 4768 οὐρανὸν
791 4697 892 4768 μὲν
922 4699 1018 4750 καὶ
1051 4698 1153 4768 γῆν
1191 4700 1222 4768 ἡ
1255 4697 1356 4768 τῆς
1390 4699 1622 4764 κτίσεως
1651 4701 1911 4771 διαμεμέ-

301 4810 504 4868 ρισται
564 4789 754 4859 φύσιςο
799 4789 900 4842 οὐκ
933 4789 998 4860 ἐᾷ
1027 4789 1083 4842 δέ
1121 4805 1189 4857 με
1235 4789 1336 4861 τὴν
1371 4789 1640 4860 διαίρεσιν
1689 4793 1910 4862 βλέπειν

298 4892 338 4961 ἡ
373 4883 677 4953 συνάψασα
713 4883 956 4951 σήμερον
987 4882 1086 4949 τὴν
1124 4881 1302 4934 κτίσιν
1343 4883 1526 4952 χάρις,
1560 4885 1656 4948 Τις
1687 4887 1796 4953 γὰρ
1842 4887 1908 4940 ἂν

298 4980 462 5034 εῐποι
496 4972 710 5036 λοιπὸν,
743 4971 973 5043 οὐρανὸν
1004 4973 1100 5025 καὶ
1132 4973 1236 5042 γῆν
1272 4973 1600 5047 διῃρῆσθαι,
1632 4977 1727 5029 καὶ
1758 4978 1908 5032 κάτω

299 5067 414 5136 τῆς
467 5060 692 5132 φύσεως
723 5061 825 5130 τῆς
863 5061 1042 5131 ἐμῆς,
1097 5063 1192 5114 καὶ
1243 5062 1355 5115 ἀνω
1409 5063 1512 5132 τῆς
1561 5065 1701 5134 ἐμῆς
1751 5065 1907 5135 βασι,

298 5156 626 5222 λευούσης;
675 5153 836 5206 Ἀλλὰ
864 5153 1015 5206 κάτω
1043 5152 1160 5222 μὲν,
1193 5152 1273 5205 ἔτι
1306 5156 1370 5224 τῇ
1404 5154 1582 5226 φθορᾷ
1607 5157 1910 5220 τυραννού-

263 5250 268 5254 ’
301 5251 497 5325 μεθα·
539 5246 670 5298 ὅταν
716 5245 775 5297 δὲ
810 5245 889 5306 εἰς
921 5244 1152 5316 οὐρανὸν
1188 5245 1618 5315 ἀναϐλέψωμεν,
1650 5249 1749 5318 τὴν
1781 5247 1911 5317 φθο-

299 5346 414 5416 ρὰν
459 5341 496 5408 ἡ
561 5336 724 5403 φύσις
756 5336 1076 5390 ἀποτίθεται
1126 5335 1510 5408 [ὑποτίθεται].
1557 5338 1752 5392 Βλέπει
1801 5340 1910 5410 γὰρ

297 5437 424 5490 ἄνω
455 5430 570 5499 τὴν
598 5429 706 5482 τῶν
755 5431 908 5483 κάτω
963 5430 1173 5499 νεκρῶν
1212 5430 1585 5497 ἀναστάσιμον
1626 5430 1804 5500 ῥίζαν.
1851 5434 1915 5485 Ὢ

299 5525 554 5596 κέρδους
591 5522 798 5592 ζημίας
839 5522 1216 5592 προελθόντος.
1258 5521 1713 5590 Κατενεχθέντες,
1741 5525 1914 5596 ἤρθη-

303 5633 414 5692 μεν
447 5615 536 5675 είς
571 5609 705 5681 ὕψος
728 5629 740 5644 ⁸
771 5614 1037 5677 ὠσθέντες
1059 5655 1072 5677 ,
1100 5614 1180 5674 είς
1222 5611 1447 5681 οὐρανὸν
1478 5611 1576 5682 [αι.
1624 5615 1912 5685 οὐρανοὺς]

297 5703 735 5782 ἀνηνέχθημεν.
759 5707 908 5761 "Eam
939 5706 1030 5759 τοῦ
1067 5703 1395 5775 παραδείσου
1447 5705 1767 5776 πληγέντες,
1802 5707 1904 5773 ἔξω

2122 4452 2374 4522 Ejusdem
2406 4455 2626 4509 humilia
2651 4457 2824 4526 prima
2847 4454 2913 4507 de
2942 4451 3142 4507 Christi
3162 4451 3485 4506 ascanione.

2633 4606 2974 4660 Prooemium.

2088 4699 2142 4753 In
2175 4699 2372 4755 caelum
2398 4709 2451 4753 et
2482 4708 2682 4752 terram
2714 4706 2987 4752 creaturae
3020 4705 3218 4750 natura
3247 4696 3422 4750 divisa
3467 4701 3591 4752 est:

2017 4807 2122 4844 non
2159 4791 2424 4860 permittit
2448 4805 2534 4843 me
2567 4789 2888 4843 divisionem
2923 4788 3107 4842 videre
3147 4788 3478 4856 gratia,un
3497 4787 3596 4840 ho-

2015 4884 2102 4937 die
2129 4892 2436 4937 creaturam
2470 4881 2764 4936 connectit.
2828 4881 3092 4946 Quisnam
3147 4881 3405 4948 deinceps
3439 4879 3595 4932 dixe-

2017 4975 2086 5028 rit
2114 4975 2312 5028 cmlum
2345 4983 2398 5027 et
2434 4983 2632 5028 terram
2669 4973 2842 5026 divisa
2867 4988 3006 5035 esse,
3043 4987 3167 5026 cum
3195 4987 3356 5041 supra
3393 4980 3448 5024 et
3507 4971 3593 5023 in-

2017 5067 2100 5120 lra
2133 5075 2327 5128 natura
2361 5081 2478 5120 mea
2511 5067 2736 5136 regnet?
2775 5065 2878 5119 Sed
2916 5065 3055 5119 infra
3119 5065 3342 5134 quidem
3397 5078 3594 5116 corru-

2017 5159 2198 5228 ptione
2248 5159 2427 5214 adhuc
2460 5158 2782 5228 premimur.
2815 5156 3046 5223 Quando
3100 5173 3232 5210 vero
3289 5155 3343 5208 in
3391 5155 3595 5208 caelum

2016 5251 2210 5305 oculos
2241 5252 2635 5315 convertimus,
2672 5251 3086 5321 corruptionem
3123 5258 3318 5302 natura
3350 5246 3590 5316 deponit.

2017 5342 2176 5395 Videt
2208 5343 2354 5396 enim
2386 5358 2551 5412 supra
2585 5358 2775 5396 eorum
2837 5343 2928 5410 qui
2981 5341 3122 5398 infra
3161 5339 3359 5393 mortui
3416 5353 3591 5390 resur-

2017 5435 2276 5490 rectionis
2312 5435 2546 5488 radicem
2597 5435 2945 5504 (Christum).
2977 5434 3022 5488 Ο
3060 5435 3270 5487 lucrum
3308 5446 3338 5484 e
3394 5430 3594 5482 damno

2016 5529 2345 5596 provenieus
2374 5529 2386 5580 ί
2425 5527 2686 5581 Deorsutu
2719 5528 2873 5581 missi
2909 5528 3150 5580 tollimur
3185 5527 3238 5578 in
3271 5525 3464 5585 altum,
3495 5539 3593 5574 cx-

2015 5618 2156 5687 pulsi
2189 5621 2242 5673 in
2279 5619 2478 5674 caelum
2515 5619 2850 5673 reducimur.
2875 5615 3032 5670 .lutra
3060 5618 3372 5680 paradisum
3401 5615 3588 5667 vulue-
3623 5671 3644 5682 ’

2016 5709 2140 5774 rati,
2177 5725 2330 5764 extra
2359 5711 2510 5765 illutn
2547 5711 2848 5766 remedium
2875 5709 3205 5764 invenimus.
3235 5705 3334 5761 Ubi
3363 5707 3481 5771 tibi,
3511 5703 3589 5773 pi~
