3998 6214
442 195 579 263 1499

1936 209 1999 272 8.
2031 207 2206 276 iNILi

3574 196 3715 259 11,00

434 325 578 381 rata,
618 316 948 375 maleﬁcium
981 323 1280 380 cst?Crux
1319 340 1484 397 quam
1548 306 1903 398 gubernatori
1953 328 2015 381 ﬁ-

2129 329 2216 398 τὴν
2252 324 2553 397 θεραπείαν
2590 322 2928 392 εὑρήκαμεν.
2966 316 3079 371 Ποῦ
3109 333 3220 382 σοι,
3252 313 3715 371 καταποντεστα,

436 407 585 474 xisti,
621 411 845 465 vertitur
874 422 1086 470 naturae
1119 417 1397 489 naufraga:
1435 420 1486 473 in
1516 420 1728 475 clavum
1758 421 1933 485 navis,
1960 430 2014 475 et

2129 422 2174 475 εδ
2216 418 2624 488 κακούργημας
2686 417 2783 467 "Ov
2814 410 3024 481 ἔπηξας
3053 408 3135 478 τῷ
3176 406 3488 475 κυδερνήτη
3542 418 3719 455 σταυ-

437 502 502 556 ad
529 502 807 558 cmlestem
830 520 927 561 nos
953 517 1171 577 portum
1197 513 1527 567 ﬂuctuantes
1558 512 1733 575 ducit,
1752 527 1817 567 ac
1845 513 2009 567 sistit.

437 593 905 658 Quemadmodum
937 601 1308 668 apostolorum
1342 603 1484 659 oculi
1519 612 1722 658 eterra
1772 603 1838 657 ad
1902 617 2014 657 cm-

436 680 549 735 lum
583 684 973 753 sublatierant,
1000 705 1165 746 carne
1186 693 1445 762 paulatim
1475 709 1695 749 sursum
1721 694 2009 757 translata,

439 772 520 826 sic
544 781 598 827 et
626 775 881 832 cmlestes
912 782 1141 850 spiritus
1174 784 1485 854 incorporei
1517 786 1584 839 de
1612 785 1753 838 caelo
1795 784 1847 838 in
1900 799 2016 838 coe-

439 864 523 920 los
556 868 893 937 aspiciebant
928 886 1022 927 ore
1052 875 1260 941 hiante,
1294 878 1546 947 corporis
1597 887 1793 931 natura
1849 892 2011 945 supra

441 956 588 1026 ipsos
621 962 974 1026 ascendente,
1031 966 1205 1023 donec
1238 969 1292 1022 in
1325 970 1506 1024 sinum
1542 968 1720 1025 Patris
1760 977 2014 1038 suscepta

439 1062 544 1104 est.
576 1050 621 1106 Ο
657 1069 850 1109 secura
878 1057 1163 1114 hominum
1196 1076 1345 1130 spes,
1374 1063 1429 1117 in
1462 1064 1586 1118 caeli
1620 1078 1799 1133 regem
1861 1061 2015 1131 ejus-

441 1139 562 1194 dem
600 1152 809 1199 natum
837 1148 1141 1213 possidens,
1176 1151 1491 1221 quiiterum
1524 1154 1713 1209 eadem
1746 1168 1872 1209 cum
1897 1165 2020 1206 car-

442 1247 511 1284 ne
536 1236 791 1291 omnibus
822 1241 1135 1307 apparebit!

2118 512 2231 581 ρὸν,
2264 510 2456 577 γέγονε
2480 509 2547 577 τῇ
2578 502 2888 571 ναυαγούσῃ
2921 500 3084 570 φύσει
3117 496 3377 565 πηδάλιον
3403 511 3415 522 ·
3442 495 3540 547 καὶ
3573 490 3717 560 πρὸς

2115 599 2403 670 οὐρανίους
2441 595 2676 659 οἱακίζει
2706 593 2936 662 λιμένας
2986 586 3427 658 κυμαινομένους
3471 581 3719 655 [κυϐερα

2117 691 2394 759 νωμένους
2455 689 2526 741 Η.
2574 684 2683 755 SL]
2728 685 2879 754 ἡμᾶς
2921 681 3016 735 καὶ
3064 677 3521 742 ἀποκαθίστησιν.
3576 674 3717 724 ’Ὡσ-

2116 798 2222 850 περ
2255 780 2311 832 αί
2341 778 2450 831 τῶν
2479 775 2737 846 μαθητῶν
2765 776 2831 826 ὲκ
2856 773 2957 841 τῆς
2981 774 3083 840 γῆς
3114 770 3250 838 πρὸς
3280 767 3504 837 οὐρανὸν
3543 765 3721 831 ἀνήρο

2116 871 2289 940 Θησαν
2335 868 2506 938 δψεις,
2539 868 2640 936 τῆς
2686 864 2890 935 σαρκὸς
2923 861 3065 916 κατὰ
3104 860 3302 930 μικρὸν
3344 854 3715 923 ὑψουμένης·

2116 963 2257 1017 οὕτω
2286 961 2381 1015 καὶ
2420 960 2531 1013 τῶν
2557 961 2614 1011 ὲν
2643 958 2893 1027 οὐρανοῖς
2924 954 3234 1023 ἀσωμάτων
3263 953 3290 1002 ὁ
3320 950 3491 1018 δῆμος
3526 946 3597 1010 ἐξ
3625 948 3717 996 οὐ-

2122 1053 2284 1127 ρανοῦ
2316 1053 2452 1124 πρὸς
2482 1050 2711 1119 οὐρανὸν
2741 1049 3011 1117 ἐκεχήνει,
3046 1044 3146 1112 τῆς
3182 1041 3277 1095 τοῦ
3314 1040 3579 1109 σώματος
3618 1036 3720 1103 φύς

2121 1163 2258 1209 σεως
2303 1147 2562 1198 ἐπέκεινα
2594 1142 2687 1196 καὶ
2722 1139 2904 1194 αὐτῶν
2942 1136 3219 1204 ἀνιούσης,
3248 1135 3352 1193 ἕως
3391 1133 3454 1183 ἐν
3480 1131 3719 1188 κόλποις

2128 1238 2228 1311 [αι.
2271 1233 2481 1307 κόλπῳ]
2526 1233 2621 1287 τοῦ
2674 1231 2891 1302 Πατρδς
2956 1228 3249 1298 ὑπεδέχθη,
3302 1222 3610 1290 ’Λσφαλεῖς
3662 1220 3717 1271 al

442 1326 538 1379 τοῦ
594 1329 789 1397 γένους
859 1332 1112 1402 ὲλπίδιες,
1185 1340 1243 1392 ὲν
1287 1340 1505 1412 οὐρανῷ
1558 1339 1783 1411 βασιλέα
1833 1336 2069 1409 συγγενῆ
2110 1336 2469 1405 κεκτημέναι,
2505 1330 2563 1393 ὃς
2609 1327 2705 1383 καὶ
2748 1328 2914 1381 πάλιν
2962 1324 3101 1397 μετὰ
3148 1323 3248 1391 τῆς
3278 1320 3450 1389 αὐτῆς
3506 1316 3719 1385 σαρκὸς

446 1421 611 1474 πᾶσιν
646 1423 963 1492 ὀφθήσεται.

583 1558 837 1628 Ejusdem
877 1564 1096 1617 humilia
1128 1567 1357 1619 secunda
1386 1568 1448 1621 de
1476 1568 1654 1621 eodem
1685 1567 1841 1637 festo.

515 1736 561 1793 Ο
589 1739 904 1808 religionem
927 1747 1185 1803 omnibus
1202 1750 1422 1819 regibus
1437 1752 1609 1821 magis
1631 1752 1833 1822 regiam
1857 1754 1870 1806 !
1892 1751 2023 1820 Qua:

444 1830 589 1883 enim
607 1831 778 1885 armis
791 1849 943 1904 reges
958 1838 1388 1906 acquisiverunt.
1405 1842 1495 1896 illa
1511 1843 1630 1898 sine
1653 1845 1818 1898 armis
1835 1853 2023 1899 osten-

444 1917 523 1971 dit
544 1934 602 1973 se
626 1929 887 1977 evertere.
910 1923 1042 1990 Quae
1068 1937 1369 1985 mactantcs
1386 1930 1665 1996 vetabant,
1687 1933 1801 1988 ba'c
1825 1941 2023 1987 macta-

443 2018 494 2063 ta
516 2011 775 2080 applausu
803 2016 1031 2085 excepit,
1046 2026 1099 2071 et
1114 2020 1351 2076 caedibus
1381 2030 1569 2077 contra
1589 2032 1886 2077 mactantes
1912 2032 2024 2078 tro-

445 2116 557 2169 p:ea
589 2105 798 2159 statuit.
825 2105 1083 2163 Ecclesia:
1115 2110 1367 2179 palmites
1400 2113 1600 2168 succisi
1627 2122 1803 2177 erant,
1838 2122 1892 2167 et
1910 2112 2021 2167 fru-

442 2199 567 2247 ctus
583 2191 702 2249 lidei
723 2196 896 2265 magis
927 2202 1361 2269 progressus‘est,
1378 2212 1431 2256 et
1457 2202 1639 2257 [iorem
1653 2202 2022 2258 immarcesci-

445 2283 605 2337 bilem
622 2284 946 2356 proferebat.
974 2288 1013 2342 E
1042 2291 1226 2347 radice
1268 2294 1411 2347 enim
1434 2295 1683 2363 palmites
1704 2296 1847 2348 enati
1870 2302 2016 2358 sunt,

443 2389 564 2442 qua:
578 2391 702 2431 vere
722 2377 861 2432 dixit
886 2379 1030 2449 :Ego
1054 2383 1151 2436 vici
1176 2386 1429 2439 mundum
1446 2388 1489 2452 7;
1520 2403 1611 2457 ego
1633 2403 1746 2439 sum
1770 2387 1915 2451 ritis,
1933 2402 2019 2439 vos

444 2480 565 2517 vero
600 2466 848 2532 palmites
881 2469 921 2522 ⁸.
955 2472 1261 2541 Stephanus
1295 2484 1550 2544 tanquam
1595 2492 1779 2530 ramus
1812 2476 1880 2530 ab
1918 2476 2021 2529 Ec-

442 2555 606 2609 clesia
640 2560 860 2614 excisus
886 2570 990 2625 est,
1022 2572 1075 2615 et
1103 2564 1245 2617 alius
1272 2567 1479 2634 palmes
1511 2575 1809 2636 martyrum
1838 2567 2020 2636 pullu-

443 2645 592 2700 iaril.
649 2646 884 2704 Iacobus
910 2660 964 2704 et
996 2652 1189 2708 Petrus
1219 2657 1481 2723 ampulati
1515 2665 1645 2711 sunt
1679 2675 1692 2711 :
1723 2658 1864 2711 alius
1893 2674 2019 2713 rur-

445 2754 565 2793 sum
596 2750 804 2811 martyr
833 2746 1153 2800 enascitur:
1188 2763 1297 2817 quo
1354 2749 1558 2813 exciso,
1628 2751 1794 2803 alium
1828 2767 2019 2808 rursus

446 2832 667 2887 uberem
702 2835 978 2903 palmitem
1014 2839 1168 2891 radix
1200 2840 1446 2908 protulit.
1490 2839 1777 2896 Vindemia
1827 2843 2013 2897 decer-

444 2935 570 2993 ptus
592 2934 676 2981 est
706 2925 928 2990 Paulus,
960 2941 1013 2983 et
1036 2930 1176 2983 alius
1215 2947 1463 2986 racemus
1514 2934 1772 3003 martyrio
1838 2944 2016 2987 matu-

444 3030 664 3071 rescens
692 3016 931 3073 Thomas
959 3020 1232 3088 apparuit,
1286 3028 1339 3074 et
1368 3020 1609 3090 undique
1646 3022 1793 3075 radix
1830 3021 2019 3076 vinde-

446 3108 611 3161 miala
653 3107 889 3163 fructum
920 3111 1043 3164 tulit
1079 3111 1413 3173 uberiorem,
1449 3123 1502 3166 et
1528 3128 1747 3179 germen
1787 3113 2018 3166 durabi-

446 3195 572 3260 lius.
605 3214 767 3267 quam
795 3202 886 3269 qui
920 3202 1347 3256 vindemiarum.
1400 3202 1610 3256 Etenim
1664 3204 1756 3271 qui
1804 3202 2020 3257 exscin-

444 3288 647 3343 debant
675 3291 932 3358 paulatim
964 3304 1272 3349 arescentes
1302 3295 1555 3350 exstincti
1596 3303 1745 3349 sunt.
1774 3293 2018 3348 Ecclesia

446 3395 576 3435 vero
628 3380 898 3440 fructibus
928 3386 1079 3439 omni
1125 3396 1371 3455 tempore
1408 3396 1629 3451 onusta,
1684 3388 1821 3442 lines
1864 3395 2022 3440 terra:

446 3474 563 3530 suis
593 3474 792 3543 plantis
827 3479 1261 3547 comprehendit.

2044 1559 2087 1614 Β
2117 1557 2228 1613 Τοῦ
2262 1554 2471 1619 αὐτοῦ,
2522 1554 2590 1607 ἐκ
2630 1551 2737 1604 τοῦ
2774 1553 2860 1614 εὶς
2906 1547 3022 1613 τὴν
3050 1545 3247 1611 αὐτὴν
3281 1528 3503 1610 ἑορτὴν
3560 1538 3711 1592 δευο

2700 1621 2873 1687 τέρου
2914 1621 3125 1686 λόγου.

2195 1743 2259 1794 Ὢ
2298 1738 2560 1811 βασιλέων
2616 1738 2836 1791 πάντων
2876 1731 3307 1804 βασιλικωτέρας
3353 1725 3714 1796 θρησκεία.ςέ

2129 1833 2198 1886 Ἀ
2234 1832 2345 1902 γὰρ
2373 1832 2560 1893 ὅπλοις
2608 1828 2852 1898 βασιλεῖς
2902 1823 3295 1891 συνεκρότουν,
3334 1820 3480 1888 αὐτη
3535 1818 3715 1886 χωρὶς

2121 1926 2301 1981 ὅπλων
2330 1924 2607 1977 ἐδείκνυτο
2639 1920 3005 1975 καταλύουσα.
3047 1916 3114 1967 "A
3148 1915 3481 1982 σφάττοντες
3510 1909 3711 1962 διεκώ-

2122 2017 2270 2079 λυον,
2302 2016 2443 2085 αὐτὴ
2493 2013 2838 2083 σφαττομὲνη
2873 2008 3224 2079 συνεκρότειο
3255 2007 3349 2057 καὶ
3393 2005 3523 2064 ταῖς
3574 2018 3711 2068 seu-

2121 2110 2247 2175 γαϊς
2277 2106 2419 2160 κατά
2450 2106 2559 2159 τῶν
2596 2104 2947 2173 σφαττόντων
2978 2101 3171 2170 ἀνίστη
3206 2098 3271 2151 τὰ
3309 2097 3579 2167 τρόπαια.
3628 2092 3712 2143 Τά

2120 2199 2219 2268 τῆς
2258 2196 2586 2268 Ἑκκλησίας
2616 2194 2985 2249 κατεκόπτετο
3014 2193 3287 2262 κλήματα,
3318 2188 3414 2240 καὶ
3437 2189 3468 2239 ὁ
3490 2186 3592 2255 τῆς
3616 2185 3713 2235 πίε

2123 2305 2292 2351 στεως
2342 2287 2547 2359 μᾶλλον
2598 2286 2849 2340 ἀπεδίδου
2904 2284 3174 2356 [ἐπεδίδου
3226 2281 3431 2351 μᾶλλον
3486 2276 3560 2329 ΙΙ.

2120 2381 2369 2451 καρπὸς,
2424 2379 2620 2434 καὶτὸ
2667 2378 2827 2441 ἄνθος
2878 2377 3198 2445 ἀμάραντον
3258 2370 3443 2438 ἔφερε.
3519 2366 3716 2434 Ῥίζης

2123 2473 2221 2545 [οι.
2253 2472 2399 2543 ῥίζα]
2447 2471 2557 2541 γὰρ
2589 2470 2892 2538 ὲκπεφύκει
2917 2467 2987 2521 τὰ
3014 2467 3287 2535 κλήματα,
3317 2462 3420 2531 τῆς
3456 2458 3716 2528 accusa;

2121 2565 2405 2633 εἰπούσης·
2457 2562 2606 2631 Ἐγὼ
2634 2562 2742 2615 τὸν
2789 2561 3025 2625 κόσμον
3054 2558 3378 2621 νενίκηκαο
3420 2550 3541 2620 ἐγώ
3594 2551 3713 2615 ειμι

2121 2659 2159 2725 ’ἡ
2208 2652 2513 2726 ἄμπελος,
2554 2654 2724 2723 ὑμεῖς
2755 2653 2826 2707 τὰ
2868 2651 3164 2720 κλήματα.
3219 2646 3500 2714 Στέφανος
3548 2641 3712 2694 ἐκλα-

2121 2752 2333 2814 δεύετο,
2392 2752 2488 2804 καὶ
2548 2751 2676 2804 ἄλλο
2730 2748 2919 2816 κλῆμα
2984 2743 3281 2814 μαρτύρων
3341 2738 3707 2791 ὲὸλάστανεν.

2136 2844 2390 2906 Ἰάκωϐος
2446 2842 2815 2912 ἀπετέμνετο,
2875 2839 2972 2892 καὶ
3028 2838 3268 2905 Πέτρος·
3323 2832 3486 2885 ἄλλος
3548 2829 3715 2879 πάλιν

2126 2936 2336 3004 μάρτυς
2391 2930 2677 2999 ἀνεφύετο.
2735 2923 2903 2992 Οὗτος
2956 2926 3317 2993 ὲξεκόπτετο,
3361 2920 3454 2972 καὶ
3494 2918 3713 2971 Παῦλον

2125 3026 2225 3096 lat.
2282 3022 2465 3091 πάλιν]
2504 3023 2632 3077 ἄλλο
2672 3023 2859 3091 κλῆμα
2890 3018 3246 3087 πολύκαρπον
3280 3016 3313 3082 ἡ
3357 3010 3481 3081 ῥίζα
3530 3010 3704 3077 προύο

2124 3117 2368 3173 ϐάλλετο.
2438 3115 2799 3186 Ἐτετρύγητο
2857 3112 3099 3174 Παῦλος·
3146 3109 3245 3162 καὶ
3310 3105 3503 3175 βότρυς
3548 3099 3709 3160 ἄλλος

2128 3210 2427 3279 μαρτυρίου
2488 3205 2818 3277 περκάζων,
2865 3209 2894 3258 ὁ
2941 3204 3167 3273 Θωμᾶς,
3218 3197 3564 3265 ἀνεφαίνετο,
3609 3190 3715 3243 καὶ

2126 3298 2465 3371 πανταχόθεν
2533 3301 2567 3369 ἠ
2625 3298 2750 3370 ῥίζα
2815 3295 3150 3367 τρυγωμένη
3212 3291 3315 3344 τῶν
3369 3284 3711 3354 τρυγώντων

2130 3391 2294 3461 ἔφερε
2341 3391 2440 3461 τὴν
2495 3389 2668 3459 φορὰν
2721 3386 3139 3456 ἀπληστοτέραν
3168 3383 3252 3436 καὶ
3307 3375 3703 3451 μονιμωτέραν

2126 3484 2227 3554 τὴν
2260 3482 2574 3552 βλάστησιν.
2618 3483 2724 3533 Καὶ
2762 3482 2811 3532 οἱ
2850 3479 2948 3549 μὲν
2979 3478 3297 3537 κόπτοντες,
3330 3470 3462 3523 κατα
3488 3463 3694 3534 μικρὸν

445 3565 826 3636 ἠφανίσθησαν
903 3567 1329 3651 μαραινόμενον
1386 3569 1418 3638 ἡ
1471 3569 1527 3621 δὲ
1583 3569 1664 3639 τῷ
1703 3567 1906 3640 καρπῷ
1945 3568 2033 3623 διὰ
2098 3572 2297 3636 παντὸς
2349 3571 2645 3642 βρίθουσα,
2701 3570 2767 3622 τὰ
2849 3569 3067 3639 πέρατα
3114 3567 3214 3635 τῆς
3263 3564 3358 3631 γῆς
3409 3554 3709 3626 περιέιαεε

445 3657 559 3718 τοῖς
592 3656 990 3727 βλαστήμασιν.

642 3766 895 3835 Ejusdem
921 3766 1142 3821 [tantilla
1168 3767 1326 3821 tertia
1351 3767 1403 3820 in
1432 3767 1567 3821 idem
1598 3767 1813 3836 festum.

1062 3946 1405 4000 Prooemium.

519 4059 728 4113 Ditinaz
756 4059 1015 4113 bonitatis
1044 4059 1218 4114 imber
1257 4058 1525 4127 incipiens
1572 4058 1891 4113 hominibus
1940 4060 2021 4113 ef-
2056 4068 2097 4122 D

451 4152 626 4215 fitttdi.
681 4152 842 4206 hodic
872 4168 1036 4220 supra
1068 4152 1289 4206 modum
1330 4162 1524 4206 auctus
1572 4160 1674 4216 est,
1733 4161 1786 4205 et
1828 4168 2023 4219 magna

449 4245 579 4297 olim
623 4242 911 4314 [exhibita]
935 4244 1195 4297 beneticia
1232 4243 1534 4312 majoribus
1574 4242 1731 4297 hodie
1756 4243 2023 4297 obscura-

450 4336 547 4388 vit.
578 4333 709 4387 Nam
742 4342 898 4387 erant
944 4333 1161 4403 quidem
1229 4342 1353 4387 ante
1387 4334 1491 4388 hoc
1538 4333 1861 4387 beneficium
1900 4334 2023 4387 illu-

451 4423 608 4487 stria,
645 4430 698 4477 et
728 4423 928 4476 summi
980 4422 1186 4475 amoris
1218 4422 1414 4492 signa:
1468 4422 1640 4475 Adam
1691 4438 1721 4476 e
1778 4423 2023 4491 virgineo

452 4514 718 4585 sanguine
746 4529 920 4569 novus
949 4513 1144 4579 factus,
1179 4528 1470 4584 corporum
1511 4513 1685 4568 morbi
1725 4513 1919 4583 fugati,
1973 4525 2028 4569 et

451 4622 517 4661 ex
544 4608 836 4663 animabus
865 4608 1133 4662 daemonia
1161 4607 1352 4677 ejecta.
1408 4605 1671 4663 Latrones
1722 4609 2026 4679 principem

452 4699 725 4754 latronum
765 4702 1013 4762 vincunt,
1039 4709 1093 4754 et
1116 4700 1183 4753 de
1226 4716 1292 4754 c0
1351 4699 1726 4770 triumphant:
1785 4717 2030 4754 resurre-

453 4789 563 4847 ctio
593 4790 755 4845 morti
796 4790 1061 4845 succedit.
1095 4788 1199 4843 Sed
1234 4790 1504 4845 hactenus
1537 4791 1652 4844 htec
1704 4791 1861 4859 plena
1901 4800 2030 4843 sunt

453 4882 681 4939 honoris
709 4892 764 4938 et
793 4881 1122 4953 splendoris,
1154 4883 1247 4937 sed
1284 4883 1487 4937 donum
1542 4883 1687 4951 quod
1732 4900 1875 4937 llllllc
1933 4899 2024 4937 ce-

452 4977 749 5042 lebramus,
788 4993 895 5030 non
954 4976 1192 5029 admittit
1224 4977 1711 5045 comparationem.
1752 4976 1817 5030 Et
1875 4993 2029 5031 amor

452 5069 733 5125 Creatoris
764 5084 892 5139 erga
932 5084 1035 5123 nos
1070 5068 1239 5122 vincit
1278 5068 1541 5135 scipsuni,
1572 5075 1626 5121 et
1658 5083 1763 5128 una
1795 5083 1919 5121 cum
1948 5069 2027 5123 vi-

454 5163 625 5217 ctoria
681 5172 959 5215 ornatur:
1018 5171 1070 5215 et
1100 5176 1219 5230 quae
1277 5161 1423 5213 illam
1460 5160 1611 5224 vicit,
1670 5160 2029 5216 nihilominus

453 5270 618 5323 quam
646 5254 692 5308 si
722 5254 916 5307 horum
959 5253 1174 5321 singula
1208 5252 1449 5306 victoria:
1476 5267 1735 5304 coronam
1785 5263 2027 5322 reporta-

456 5341 905 5411 rcnl.Tcrrigena
940 5351 1129 5395 natura
1151 5351 1348 5395 terram
1390 5343 1731 5409 relinquens,
1767 5344 1896 5411 quin
1935 5361 2030 5413 pn-

458 5433 564 5488 tius
598 5433 800 5496 ferens,
831 5435 883 5487 iu
914 5435 1114 5489 coelum
1154 5432 1499 5487 transfertur.
1532 5432 1593 5486 Et
1627 5434 1727 5487 hoc
1762 5437 1907 5503 qttml
1945 5437 2026 5489 di-

535 5617 554 5649 ⁷
584 5625 742 5683 Joan.
788 5632 1015 5698 xrt,53.
1094 5634 1113 5661 "
1146 5630 1273 5687 ioan
1338 5651 1425 5697 sv,
1470 5635 1523 5688 ii.

2132 3770 2243 3825 Τοῦ
2292 3769 2519 3832 αὐτοῦ,
2567 3768 2636 3823 ἐκ
2692 3767 2797 3821 τοῦ
2817 3769 2940 3891 ἅς
2994 3765 3110 3832 τὴν
3157 3762 3355 3829 αὐτὴν
3397 3754 3616 3824 ἑορτὴν
3660 3748 3710 3821 τ’

2899 3854 3025 3891 rov.

2899 3854 3025 3905 γου.

2708 3953 2778 4007 Τὸ
2816 3953 3147 4020 προοίμιον.

2208 4070 2267 4122 ’0
2297 4068 2439 4131 Θεῖος
2485 4067 2582 4135 τῆς
2610 4063 2948 4133 ἀγαθότητος
2991 4059 3199 4130 ὄμϐρος
3248 4056 3554 4125 ἀρξάμενος
3594 4054 3712 4112 τοῖς

2132 4158 2442 4227 ἀνθρώποις
2472 4155 2755 4227 ὲκχείσθαι
2776 4195 2792 4219 ,
2826 4153 2963 4224 πρὸς
3005 4152 3291 4221 ἀμήχανον
3327 4148 3569 4215 σήμερον
3602 4142 3709 4194 δωο

2133 4251 2271 4322 ρεῶν
2316 4248 2601 4321 ὑπερήρθη
2650 4246 2988 4317 πλημμύραν
3009 4284 3024 4307 ,
3057 4244 3154 4296 καὶ
3179 4242 3248 4293 τὰ
3296 4239 3511 4311 μεγάλα
3543 4233 3711 4287 κατέ-

2132 4346 2309 4413 κρυψε
2340 4341 2601 4411 μείζοσιν.
2629 4336 2737 4392 Ἦν
2765 4339 2861 4410 μὲν
2890 4338 2999 4407 γὰρ
3028 4337 3123 4390 καὶ
3152 4334 3222 4387 τὰ
3256 4333 3361 4403 πρὸ
3386 4331 3484 4399 τῆς
3506 4325 3705 4397 παροῦ-

2135 4452 2235 4504 σης
2279 4434 2604 4504 εὐεργεσίας
2637 4430 2887 4502 λαμπρὰ,
2924 4430 3018 4482 καὶ
3057 4429 3153 4498 τῆς
3183 4427 3358 4495 ἄκρας
3396 4421 3712 4492 φιλοτιμίας

2132 4527 2436 4593 ἀπόδειξις·
2482 4523 2655 4592 ’Λδὰμ
2693 4524 2758 4576 ὲκ
2786 4520 3135 4592 παρθενικῶν
3171 4518 3421 4585 αἱμάτων
3456 4528 3710 4578 καινουρ·

2130 4618 2429 4688 γούμενος,
2491 4616 2761 4685 σωμάτων
2801 4615 2857 4667 αἱ
2892 4615 3037 4665 νόσοι
3085 4607 3558 4679 φυγαδευόμεναι,
3614 4604 3715 4653 καὶ

2128 4708 2320 4779 ψυχῶν
2345 4705 2681 4775 ἐλαυνόμενα
2713 4703 2784 4757 τὰ
2830 4702 3087 4772 δαιμόνια
3114 4718 3125 4731 ·
3156 4697 3357 4769 λῃσταὶ
3399 4697 3489 4749 τὸν
3539 4696 3713 4762 ἀρχι-

2130 4801 2334 4871 λῃστὴν
2360 4796 2650 4859 νικῶντες,
2681 4796 2780 4849 καὶ
2820 4794 3277 4865 θριαμϐεύοντες·
3310 4790 3540 4849 θάνατος
3572 4787 3715 4853 λαμ-

2131 4889 2309 4943 ϐάνων
2354 4888 2603 4957 διάδοχον
2643 4887 2742 4954 τὴν
2784 4886 3104 4939 ἀνάστασιν.
3151 4883 3291 4936 ‘AD.’
3338 4882 3444 4943 ἕως
3476 4881 3573 4949 μὲν
3611 4877 3715 4928 νῦν

2134 4981 2310 5033 ταῦτα
2342 4980 2504 5050 γέμει
2532 4978 2630 5031 καὶ
2650 4976 2964 5047 φιλοτιμίας
2991 4976 3085 5028 καὶ
3115 4974 3500 5044 λαμπρότητος
3521 4988 3532 4998 ·
3562 4970 3618 5021 τὸ
3650 4969 3711 5020 δὲ

2130 5071 2226 5125 νῦν
2267 5070 2664 5141 ὲορταζόμενον
2711 5070 2879 5138 δῶρον
2921 5068 3023 5120 οὐκ
3056 5066 3310 5135 ἀνέχεται
3363 5062 3711 5131 συγκρίσεως

2131 5160 2379 5226 ἐξέτασιν
2421 5158 2798 5224 ἐπιδέξασθαι.
2848 5159 2957 5211 Καὶ
2992 5159 3119 5227 νικᾷ
3149 5158 3247 5225 μὲν
3281 5155 3480 5221 ἑαυτὴν
3511 5153 3542 5218 ἡ
3581 5151 3713 5217 περὶ

2131 5256 2280 5324 ἡμᾶς
2315 5252 2410 5307 τοῦ
2443 5253 2692 5306 Πλάστου
2740 5251 3054 5320 φιλοτιμία,
3093 5244 3603 5317 συγκαλλωπίζεται
3652 5243 3713 5294 δὲ

2129 5350 2196 5416 τῇ
2228 5347 2386 5415 νίκη⁸
2437 5345 2531 5397 καὶ
2576 5344 2612 5397 ἀ
2653 5343 2753 5413 τὴν
2807 5343 2946 5414 πρδις
2983 5342 3199 5411 ἐκείνην
3233 5336 3403 5411 ἧτταν
3442 5340 3710 5407 ἤνεγκεν,

2133 5438 2285 5491 οὐδὲν
2332 5438 2553 5490 ἔλαττον
2574 5477 2585 5498 ,
2616 5436 2645 5506 ἦ
2680 5437 2837 5507 εἴπερ
2870 5436 3070 5489 τούτων
3102 5436 3336 5487 ἕκαστον
3367 5433 3461 5484 τὸν
3490 5429 3585 5499 τῆς
3627 5427 3709 5479 vi-
