3998 6214
316 243 447 310 1501

1111 247 1564 309 ORATIONUM
1602 250 1696 309 ET
1738 249 2237 311 IIOMILIARUM
2282 250 2767 311 FRAGMENTA.

3429 243 3566 305 1502

310 378 413 431 κης
441 359 744 430 ἀνεδήσατο
770 360 1052 430 στέφανον.
1095 362 1159 413 'll
1192 362 1430 433 γηγενής
1459 363 1619 432 φύσις
1655 364 1753 433 τὴν
1785 365 1889 434 γῆν

1992 372 2136 418 ctum
2165 375 2287 418 est:
2331 362 2622 417 Faciamus
2662 364 2923 417 hominem
2959 363 3027 416 ad
3086 362 3368 431 imaginem
3413 371 3461 413 et
3492 362 3558 413 si-

310 448 543 520 ἀφεῖσα,
579 453 779 523 μᾶλλον
819 452 877 505 δὲ
913 454 1185 524 φέρουσα,
1223 457 1303 519 εἰς
1336 457 1600 526 οὐρανοὺς
1643 459 1885 526 μετοικίο

311 541 487 604 ζεται.
521 545 632 597 Καὶ
661 544 741 608 τό,
772 543 1123 611 Ποιήσωμεν
1163 544 1477 614 ἄνθρωπον
1517 547 1645 600 κατ’
1678 550 1886 602 εἰκόνα

312 634 609 701 ἡμετέραν
667 636 766 688 καὶ
812 636 941 688 καθ’
1000 638 1318 704 ὁμοίωσιν,
1372 640 1474 708 τῆς
1525 640 1884 706 ἀναπλάσεως

316 725 516 794 μᾶλλον
548 726 732 796 ἔργον,
783 728 815 797 ἧ
862 724 963 796 τῆς
1010 727 1264 793 πλάσεως
1308 730 1699 784 ἐπιδείκνυται.
1761 734 1885 803 ’Λρ-

313 834 548 888 χετυπον
599 818 697 887 τῆς
758 819 1060 883 ἀθανασίας
1109 824 1141 891 ή
1213 823 1455 893 σήμερον
1511 824 1886 892 ἀναληφθεῖσα

315 913 496 981 μορφή
525 927 538 939 ·
596 912 939 981 σκιαγραφία
979 913 1036 965 δὲ
1066 914 1163 965 καὶ
1193 916 1547 983 προτύπωσις
1580 917 1773 970 τούτου
1796 957 1811 979 ,
1851 920 1884 987 ἡ

314 1000 447 1070 πρὸς
477 1003 572 1069 τὴν
609 1001 760 1056 θείαν
795 1003 980 1055 εἰκόνα
1014 1002 1113 1071 τῆς
1150 1004 1290 1074 ὲμῆς
1320 1005 1680 1077 δημιουργίας
1718 1024 1886 1060 κατα-

313 1092 463 1162 ϐολή.
517 1093 783 1163 Ἐμελλεν
828 1093 947 1156 ὄνος
992 1095 1175 1148 λαλεῖν
1203 1115 1215 1128 ·
1273 1098 1357 1149 ῖνα
1410 1098 1600 1167 μηδεὶς
1642 1100 1882 1170 ἀπιστῇ,

310 1183 685 1254 προελάλησεν
713 1184 857 1252 ὄφις.
894 1186 1169 1258 Παρθένος
1198 1186 1372 1242 τίκτει
1399 1206 1413 1219 ο
1459 1191 1545 1243 ἵνα
1579 1192 1652 1261 μή
1688 1209 1769 1244 σοι
1801 1192 1885 1257 ξέ-

311 1292 401 1329 νον
439 1276 655 1348 δειχθῇ,
708 1280 884 1332 τίκτει
940 1281 1304 1351 προφθάσασα
1362 1287 1573 1353 στεῖρα.
1618 1285 1885 1352 Ἐμελλεν

324 1368 493 1439 Ἀδὰμ
541 1369 774 1424 θανάτου
822 1372 1104 1426 τίκτεσθαι
1156 1376 1457 1444 κρείττων*
1508 1376 1594 1429 ἴνα
1649 1376 1725 1446 μὴ
1788 1376 1887 1429 κά-

316 1476 427 1532 μῃς
458 1461 730 1531 ἐπιζητῶν
760 1464 1072 1528 πιστεῦσαι,
1103 1467 1131 1517 ὁ
1162 1466 1382 1537 πρῶτος
1432 1467 1605 1536 Ἀδὰμ
1640 1468 1741 1531 τὰς
1796 1469 1883 1520 ἐπ’

308 1552 581 1625 ἀθανασίᾳ
613 1554 828 1624 δέχεται
853 1556 1093 1627 ψήφους·
1131 1561 1224 1611 καὶ
1255 1559 1346 1611 τὸν
1392 1558 1563 1628 Ἑνὼχ
1596 1558 1760 1628 ἔχεις,
1797 1561 1886 1614 ναὶ

302 1647 370 1717 δὴ
393 1649 490 1701 καὶ
528 1649 618 1702 τὸν
661 1650 870 1714 Ἠλίαν,
900 1651 963 1704 τὸ
1003 1652 1100 1719 τῆς
1128 1653 1432 1715 ἀθανασίας
1479 1655 1887 1723 σκιαγραφούν-

1987 456 2344 509 militudiuem
2378 465 2617 508 nostram
2652 458 2707 521 ⁸,
2754 454 2925 524 magis
2967 453 3373 508 reformationis
3400 468 3565 520 quant

1987 547 2336 602 formationis
2360 562 2485 602 esse
2516 546 2753 601 videtur.
2786 546 3078 615 Exemplar
3133 545 3566 599 immortalitatis

1985 648 2068 693 est
2097 638 2271 691 forma
2301 638 2461 692 hodie
2495 648 2797 708 assumpta,
2833 638 3181 702 adumbratio
3202 636 3364 704 hujus
3396 645 3449 689 et
3483 644 3564 704 ty-

1986 744 2089 797 pus
2120 740 2202 783 est
2232 728 2445 782 initium
2477 730 2772 782 ereationis
2800 738 3001 783 nostra:
3034 729 3099 781 ad
3124 727 3412 797 imaginem
3451 724 3565 779 Dei.

1960 815 2157 884 ’Luqui
2186 817 2346 871 debet
2374 819 2583 884 asinus,
2618 834 2683 872 ne
2717 818 2842 887 quis
2877 819 2947 873 sit
2991 819 3306 872 incredulus
3336 819 3401 881 ¹⁰,
3442 828 3567 871 ante

1988 906 2205 961 loeutus
2237 918 2321 962 est
2345 923 2571 977 serpens
2613 910 2678 973 “,
2707 907 2875 978 Virgo
2899 910 3041 978 parit
3072 910 3138 961 ¹².
3181 906 3259 961 Ne
3312 908 3408 961 tibi
3471 924 3566 961 no-

1987 1013 2114 1051 vum
2146 998 2411 1065 videatur,
2441 1001 2580 1068 parit
2601 1016 2721 1070 quae
2751 1009 2909 1061 antea
2951 1000 3156 1055 sterilis
3191 1001 3311 1065 fuit,
3350 1000 3567 1069 parien—

1987 1089 2090 1144 dus
2122 1100 2240 1144 erat
2269 1090 2512 1153 Adamus
2551 1102 2727 1147 morte
2758 1094 3029 1162 superior,
3061 1109 3125 1147 ne
3163 1095 3457 1162 quaerendo
3508 1102 3568 1147 ut

1986 1185 2177 1237 credas
2215 1183 2547 1251 defatigeris.
2610 1184 2824 1239 Primus
2880 1187 3050 1239 Adam
3104 1186 3301 1254 accipit
3348 1195 3568 1239 sentcn-

1989 1276 2117 1328 tiam
2153 1276 2220 1330 de
2250 1276 2658 1332 immortalitate
2685 1296 2697 1344 ;
2724 1288 2779 1333 et
2810 1278 2993 1332 Enoeh
3023 1279 3188 1333 habes
3217 1280 3261 1310 ⁸³
3304 1288 3357 1331 et
3393 1278 3563 1330 [ilium

1987 1371 2081 1440 qui
2124 1370 2558 1427 immortalitatis
2591 1372 2909 1443 mysterium
2942 1372 3272 1426 adumbrant
3305 1372 3368 1425 “.
3398 1372 3565 1425 Crea-

1989 1473 2074 1517 tor
2102 1464 2249 1517 enim
2296 1466 2396 1519 hos
2428 1465 2608 1520 adhuc
2640 1473 2784 1520 tenet
2820 1466 2873 1519 in
2903 1480 3151 1535 corpore,
3184 1475 3434 1518 naturam
3473 1480 3568 1518 ex-

1987 1555 2257 1609 sulantem
2285 1558 2602 1619 consolans,
2625 1558 2718 1626 qui
2743 1559 2907 1610 etiam
2934 1569 3055 1626 post
3077 1558 3331 1612 exsilium
3363 1558 3562 1611 iterum

1987 1648 2385 1702 immortalitati
2420 1650 2491 1704 sit
2535 1650 2683 1702 illaut
2710 1652 3085 1703 restituturus.
3118 1648 3278 1718 ιιιρεί
3313 1654 3559 1718 parentis

300 1754 406 1801 τας
444 1743 765 1811 μυστήριον.
803 1742 1041 1812 Κατέχει
1086 1743 1196 1814 γὰρ
1224 1743 1448 1807 τούτους
1474 1747 1502 1797 ὁ
1539 1744 1792 1811 Πλάστης
1828 1747 1884 1798 ὲν

1988 1756 2109 1808 quae
2149 1741 2372 1808 irrepsit
2414 1741 2740 1804 mortalitas,
2776 1756 2882 1794 non
2916 1742 3194 1809 peccantis
3230 1741 3322 1794 ﬁlii
3372 1742 3424 1794 in
3476 1756 3566 1795 so-

303 1830 556 1899 σώματι,
607 1832 953 1901 ψυχαγωγῶν
995 1834 1095 1903 τὴν
1136 1836 1414 1905 ἐξόριστον
1468 1835 1629 1905 φύσιν
1667 1837 1740 1899 ὡς
1790 1839 1882 1890 καὶ

304 1925 446 1992 μετά
476 1925 577 1995 τὴν
626 1926 917 1996 ὑπερόριον
966 1928 1146 1997 φυγὴν
1177 1928 1339 1981 πάλιν
1369 1931 1449 1992 είς
1485 1930 1584 1999 τὴν
1610 1929 1880 1983 ἀθάνατον

299 2015 643 2083 ὲπαναγάγοι
703 2017 1002 2072 πολιτείαν.
1076 2018 1137 2071 'll
1199 2020 1620 2085 διαπταίσαντος
1673 2024 1879 2094 πατρὸς

299 2103 701 2159 ἐπεισελθοῦσα
753 2108 1051 2176 θνητότης,
1116 2110 1505 2180 ἀναμαρτήτου
1569 2113 1757 2175 παιδὸς
1801 2116 1881 2176 είς

298 2195 545 2250 διάλυσιν
579 2198 753 2250 ὲδείτο
788 2200 887 2268 τῆς
917 2200 1214 2269 τιμωρίας,
1248 2200 1306 2253 ὃν
1334 2203 1627 2271 ἀναμένειν
1657 2207 1689 2273 ἡ
1723 2206 1885 2273 φύσις

300 2287 395 2341 διά
422 2305 483 2341 τε
529 2288 699 2359 Ἑνὼχ
737 2292 832 2343 καὶ
888 2292 1068 2344 Ἡλίου
1103 2292 1467 2364 διδασκομένη
1518 2297 1882 2363 προειθίζετο.

302 2387 431 2438 Ὅτι
483 2383 575 2437 σοῦ
638 2384 1026 2455 βουληθέντος,
1089 2389 1190 2441 οὐκ
1251 2388 1590 2459 ἀποθνήσκει
1649 2389 1881 2461 θνητος,

314 2474 486 2543 Ἑνὼχ
517 2474 585 2542 μὲ
617 2474 708 2527 καὶ
762 2474 945 2538 Ἠλίας
976 2474 1322 2529 διδάσκουσιο
1356 2478 1448 2530 καὶ
1476 2478 1673 2545 γένοιτ’
1702 2479 1768 2532 ἂν
1814 2480 1881 2532 δι’

299 2566 484 2619 αὐτῶν
521 2566 822 2629 ἀθανασίας
859 2567 1037 2630 ἐλπὶς,
1070 2571 1183 2630 τοῖς
1233 2568 1387 2622 οὔπω
1415 2572 1630 2641 θανάτῳ
1680 2589 1880 2640 προσσ-

303 2659 622 2730 μιλήσασιν.
662 2662 896 2731 Νεκροίς
926 2662 982 2715 δὲ
1019 2663 1142 2715 τίνα
1177 2664 1243 2717 ἂν
1282 2664 1617 2735 παράσχοιεν
1642 2667 1690 2718 οἱ
1716 2669 1883 2736 μήπω

300 2750 561 2815 θανόντες
616 2754 945 2823 προσδοκίαν
1007 2756 1396 2824 ἁνα6ιώσεως;
1461 2758 1601 2810 Ἀλλ’
1662 2760 1756 2812 ὲάν
1803 2776 1886 2819 τις

299 2844 368 2894 ἐκ
410 2843 621 2912 νεκρῶν
663 2846 903 2907 ἀναστὰς
935 2846 992 2898 ὲν
1039 2847 1258 2917 οὐρανῷ
1287 2847 1550 2921 βασιλεύῃ
1572 2886 1586 2909 ,
1627 2843 1784 2913 οὗτος
1810 2850 1885 2919 τῷ

298 2933 422 3005 ἐμῷ
460 2937 624 2988 παντὶ
660 2936 806 3003 γένει
841 2937 903 2990 τὸ
925 2940 1022 3009 τῆς
1051 2940 1355 3007 ἀθανασίας
1391 2942 1762 3010 ἀναμφίὸολον
1788 2942 1889 2995 δῶ-

1992 1831 2252 1885 lutionem
2283 1834 2487 1903 indiget
2518 1833 2807 1902 supplicio,
2829 1850 2990 1903 quem
3025 1844 3341 1903 exspectare
3371 1844 3563 1887 natura

1992 1937 2087 1991 per
2120 1921 2304 1977 Enoeh
2346 1932 2399 1977 et
2449 1924 2621 1977 Eliam
2659 1934 2814 1977 antea
2856 1926 3164 1979 consuevit.
3223 1924 3299 1979 Te
3349 1926 3565 1979 volente

1993 2028 2099 2065 non
2151 2014 2385 2068 moritur
2416 2016 2662 2069 mortalis
2688 2055 2701 2077 ,
2736 2025 2795 2069 ut
2838 2015 3022 2071 Enoch
3053 2026 3105 2069 et
3140 2016 3286 2069 Elias
3334 2031 3420 2070 me
3462 2017 3562 2069 do-

1991 2109 2137 2162 cent,
2173 2111 2226 2155 et
2265 2118 2361 2170 per
2391 2103 2515 2156 illos
2563 2103 3016 2157 resurrectionem
3072 2118 3379 2172 speramus,
3436 2105 3563 2173 quia

1988 2192 2233 2261 nondum
2264 2194 2466 2246 mortui
2517 2204 2664 2248 sunt.
2696 2191 2894 2247 Mortui
2947 2209 3096 2258 vero,
3131 2210 3316 2263 quam,
3353 2210 3560 2264 quaeso,

1987 2285 2264 2353 pra-beant
2299 2288 2759 2355 exspectationem
2803 2289 3224 2343 resurrectionis
3251 2290 3284 2342 ii
3308 2290 3399 2357 qui
3422 2306 3562 2343 non-

1989 2379 2117 2430 dum
2157 2380 2357 2431 mortui
2407 2380 2578 2433 sunt?
2609 2377 2712 2434 Sed
2739 2381 2786 2435 si
2823 2380 2949 2449 quis
3003 2397 3033 2435 a
3081 2382 3313 2435 mortuis
3357 2381 3561 2435 excita-

1991 2478 2079 2524 tus
2112 2472 2161 2524 in
2207 2472 2350 2526 ccelo
2402 2480 2609 2542 regnat,
2648 2473 2736 2526 ille
2771 2472 3027 2526 omnibus
3064 2473 3380 2527 hominibus
3439 2490 3562 2527 cer—

1991 2570 2104 2615 tum
2137 2564 2565 2619 immortalitatis
2614 2565 2939 2621 beneﬁcium
2988 2567 3099 2620 dat.
3164 2565 3289 2621 Ideo
3348 2577 3561 2622 natura:

1990 2653 2190 2709 format
2226 2654 2369 2711 Deus
2405 2657 2839 2715 immortalitatis
2888 2674 2919 2713 e
2976 2671 3171 2714 natura
3229 2659 3447 2725 faciem,
3508 2670 3562 2715 et

1989 2748 2228 2803 ostendit
2282 2764 2447 2818 supra
2490 2760 2745 2805 naturam
2794 2767 2823 2806 e
2854 2762 3045 2806 natura
3098 2760 3305 2806 natura:
3340 2751 3557 2809 ducem.

1988 2838 2091 2905 Qui
2119 2852 2350 2895 mortem
2370 2844 2628 2910 gustavit,
2660 2844 2712 2896 in
2734 2845 2874 2899 cado
2905 2861 2934 2898 a
2967 2846 3200 2900 mortuis
3234 2847 3553 2911 collocatur,

1990 2943 2050 2985 ut
2081 2949 2110 2986 e
2137 2934 2297 2987 terris
2327 2942 2516 2987 natura
2566 2934 2633 2987 ad
2679 2951 2802 2989 eum
2836 2936 2928 3005 qui
2970 2937 3021 2989 in
3067 2938 3219 2992 caelis
3251 2948 3335 2992 est
3386 2940 3560 3008 respi-

300 3044 400 3096 ρον
451 3028 771 3098 παρέχεται.
827 3030 925 3083 Διά
967 3030 1128 3084 τοῦτο
1173 3034 1399 3086 πλάττει
1448 3037 1512 3104 τῇ
1548 3034 1709 3102 φύσει
1750 3035 1881 3097 Θεὸς

1991 3027 2165 3087 ciens,
2203 3023 2338 3077 nihil
2370 3025 2436 3078 de
2468 3025 2882 3081 immortalitate
2927 3028 3229 3092 addubitet,
3259 3030 3448 3085 videns
3476 3046 3561 3084 re—

297 3118 609 3184 ἁθανασίας
644 3122 707 3173 ὲκ
741 3123 840 3192 τῆς
874 3122 1089 3190 φύσεως
1134 3126 1445 3195 πρόσωπον,
1476 3127 1573 3178 καὶ
1611 3127 1882 3180 δείκνυσιν

299 3210 445 3281 ὑπὲρ
479 3213 641 3281 φύσιν
670 3217 736 3267 ὲκ
770 3215 870 3282 τῆς
911 3215 1126 3284 φύσεως
1159 3220 1475 3287 προστάτην
1507 3220 1608 3289 τῆς
1642 3220 1879 3288 φύσεως.

310 3303 375 3359 Ὀ
404 3302 636 3357 θανάτου
679 3309 1019 3376 γευσάμενος
1057 3310 1115 3360 ὲν
1142 3310 1392 3380 οὐρανοῖς
1442 3312 1506 3363 ἐκ
1545 3312 1756 3381 νεκρῶν
1793 3313 1882 3364 ὲν-

298 3398 647 3468 θρονίζεται·
697 3400 773 3462 ὡς
814 3400 879 3453 ἂν
924 3402 1171 3455 κάτωθεν
1215 3405 1247 3470 ὴ
1301 3403 1465 3468 φύσις
1506 3403 1645 3471 πρὸς
1686 3403 1773 3454 τὸν
1826 3404 1884 3454 ὲν

297 3490 555 3557 οὐρανοῖς
622 3490 983 3554 ἀτενίζουσα,
1051 3491 1218 3560 μηδὲν
1289 3492 1611 3561 ὲπιδιστάξη
1690 3491 1886 3563 tamen-

302 3580 515 3649 στάζῃ,
548 3581 622 3634 Μ.
658 3580 759 3651 Μ.]
792 3584 855 3651 τῇ
903 3582 1206 3653 ἀθανασίᾳ,
1242 3584 1334 3635 τὸν
1378 3584 1437 3646 ἑξ
1480 3585 1651 3653 αὐτῆς
1699 3585 1885 3647 ἀϊδίως

297 3672 361 3722 ὲν
393 3670 646 3740 οὐρανοῖς
686 3668 959 3740 βλέπουσα
994 3670 1372 3739 βασιλεύοντα.
1404 3674 1499 3735 Τίς
1532 3673 1757 3744 λαλήσει
1788 3674 1886 3736 τὰς

234 3754 243 3759 ’
298 3761 629 3824 δυναστείας
672 3763 916 3831 κυρίους
949 3763 1345 3833 Συμϐασιλεύει
1379 3765 1608 3835 Θεότητι
1638 3767 1819 3834 φύσις,
1852 3768 1883 3836 ή

299 3853 436 3922 πρὶν
462 3853 521 3903 ὲν
552 3852 869 3923 παραδείσῳ
902 3855 1039 3924 μηδὲ
1067 3856 1167 3924 τῆς
1198 3855 1347 3918 θείας
1374 3856 1560 3926 φωνῆς
1589 3857 1684 3927 τὴν
1713 3858 1884 3925 ἀκοὴν

299 3944 597 4011 στέγουσα,
630 3943 765 3995 ἀλλά
794 3943 872 4012 τῷ
905 3944 1056 4014 φόϐῳ
1090 3945 1499 4014 δραπετεύουσα
1530 3947 1623 3998 καὶ
1651 3963 1887 4015 κρυπτο-

301 4037 466 4106 μένη.
504 4036 568 4087 Ὢ
594 4036 693 4103 τῆς
728 4036 858 4106 περὶ
886 4037 986 4106 ἐμὲ
1018 4038 1404 4108 χρηστότητος.
1440 4039 1516 4090 Οὐ
1558 4038 1886 4108 μνημονεύει

295 4128 398 4197 τῆς
430 4128 833 4196 παραϐάσεως,
879 4129 940 4180 οὐ
978 4133 1312 4198 μνησικακεῖ
1340 4129 1435 4182 τοῦ
1478 4131 1613 4199 πρὸς
1642 4132 1734 4183 τὸν
1765 4131 1886 4199 ὅφιν

300 4218 677 4287 συνθήματος,
734 4217 827 4269 τοῦ
859 4219 1055 4285 γένους
1090 4218 1188 4288 τὴν
1216 4219 1611 4288 ἀγνωμοσύνην
1651 4220 1711 4272 οὐ
1740 4220 1888 4287 λογί-

298 4309 481 4372 ζεται,
512 4307 610 4376 τὴν
644 4307 850 4359 πτῶσιν
884 4308 984 4360 οὐκ
1011 4307 1328 4379 ὲπῃσχύνθη
1359 4309 1457 4377 τῆς
1489 4309 1734 4377 φύσεως·
1769 4310 1886 4363 ἀλλ’

297 4401 356 4451 ὲν
387 4400 579 4459 αὐτοῖς
614 4401 727 4461 τοῖς
768 4398 861 4451 τοῦ
894 4399 1124 4452 θανάτου
1161 4401 1433 4469 κειμένοις
1463 4399 1781 4471 βαράθροις,
1826 4404 1883 4454 ἐν

1986 3130 2106 3185 gem
2150 3116 2201 3168 in
2229 3126 2489 3170 aeternum
2526 3117 2577 3170 in
2606 3118 2761 3172 malis
2789 3135 2818 3172 e
2849 3129 3114 3173 senatum
3146 3137 3394 3189 regnare.
3425 3120 3559 3186 Quis

1985 3206 2258 3274 potentias
2291 3205 2505 3261 Domini
2534 3210 2851 3262 enarrabit?
2875 3210 3083 3280 Regnat
3119 3226 3245 3265 cum
3278 3212 3559 3266 divinitate

1985 3308 2203 3357 natura,
2237 3312 2359 3365 qua‘.
2384 3297 2535 3365 prius
2580 3298 2633 3352 in
2660 3299 2919 3369 paradiso
2948 3317 3047 3354 nec
3074 3302 3313 3355 divinam
3367 3318 3556 3357 vocem

1986 3390 2179 3443 audire
2209 3392 2492 3455 sustinuit,
2536 3393 2631 3445 Sed
2655 3409 2763 3460 prze
2793 3395 2989 3447 timore
3030 3394 3185 3463 fugit,
3211 3409 3263 3449 et
3302 3412 3421 3450 sese
3460 3413 3558 3450 oc-

1986 3480 2233 3534 cultavit.
2263 3478 2307 3533 Ο
2356 3480 2451 3535 Dei
2482 3498 2610 3552 erga
2662 3499 2747 3536 me
2782 3484 3077 3537 bonitatem
3109 3487 3121 3538 !
3152 3486 3267 3538 Non
3313 3488 3561 3540 meminit

1988 3573 2477 3640 transgressionis,
2528 3589 2635 3626 non
2673 3574 2995 3628 recordatur
3044 3576 3186 3643 pacti
3235 3579 3379 3646 quod
3434 3593 3557 3631 eum

1988 3674 2242 3734 serpente
2271 3666 2470 3719 malum
2508 3667 2834 3737 pepigimus,
2871 3667 3318 3738 ingratitudinem
3383 3669 3559 3722 homi-

1989 3774 2116 3811 num
2144 3774 2251 3811 non
2287 3769 2520 3825 reputat,
2549 3760 2763 3827 lapsum
2826 3768 3035 3813 naturae
3098 3776 3203 3812 non
3264 3762 3555 3823 erubesrit,

1989 3851 2081 3903 sed
2127 3850 2178 3902 in
2211 3850 2468 3904 barathro
2497 3852 2687 3905 mortis
2714 3852 3009 3920 jacentem,
3050 3853 3101 3905 in
3139 3853 3271 3921 ipsis
3309 3854 3559 3922 impieta-

1990 3942 2058 3995 tis
2090 3942 2267 4012 adytis
2297 3943 2685 4011 complectitur
2734 3944 3191 3998 inenarrahilihus
3242 3946 3447 4000 amoris
3480 3947 3560 3997 di-

1989 4034 2156 4101 vitiis,
2206 4046 2259 4090 et
2298 4035 2445 4087 illam
2499 4051 2565 4088 ex
2606 4034 2924 4088 -inferorum
2973 4037 3340 4103 penetralibus
3396 4046 3561 4090 retra-

1991 4127 2146 4188 hens,
2197 4143 2304 4179 una
2357 4142 2480 4179 eum
2508 4128 2792 4181 divinitate
2827 4143 2924 4181 sua
2963 4128 3191 4183 Creator
3245 4139 3557 4183 creaturam

1987 4220 2227 4280 elevans,
2254 4228 2479 4286 paterno
2508 4219 2651 4271 siuui
2683 4220 2966 4287 imposuit.
3003 4221 3125 4273 Ideo
3187 4221 3391 4275 Paulus
3445 4222 3560 4275 cla-

1990 4322 2101 4363 mat
2131 4330 2142 4364 :
2178 4309 2650 4376 Conrcsuscitavit,
2684 4322 2732 4365 et
2761 4314 3038 4366 consedere
3062 4328 3153 4365 nos
3184 4313 3302 4381 fecit
3336 4312 3559 4365 incale-

1991 4404 2157 4455 stibus
2197 4403 2259 4455 ".

296 4492 487 4554 αὐτοῖς
515 4492 628 4553 τοῖς
656 4491 757 4559 τῆς
786 4490 1046 4554 ἀσεϋείας
1106 4492 1319 4554 ἀδύτοις
1371 4492 1793 4564 περιδράττεται
1850 4495 2056 4563 ταύτης
2100 4497 2323 4566 ἀρρήτῳ
2355 4496 2766 4566 φιλανθρωπίας
2828 4497 3065 4567 πλούτῳ,
3100 4498 3193 4549 καὶ
3220 4497 3327 4548 τῶν
3376 4497 3565 4565 μυχῶν

296 4587 513 4656 ταύτην
535 4586 860 4649 ἀνασπάσας
887 4585 979 4638 τοῦ
1044 4586 1193 4656 ᾅδου,
1234 4587 1622 4656 συνανυψώσας
1691 4590 1855 4641 αὐτοῦ
1889 4593 1953 4661 τῇ
1997 4590 2211 4661 θεότητι
2266 4593 2292 4643 ὁ
2352 4591 2735 4660 Πλαστουργὸς
2798 4592 2859 4644 τὸ
2924 4592 3397 4661 πλαστούργημα,
3461 4592 3560 4653 toi;

300 4681 596 4747 πατρικοῖς
642 4678 867 4741 κόλποις
912 4678 1180 4748 ἐνίδρυσε.
1215 4678 1315 4731 Διά
1362 4679 1519 4733 τοῦτο
1562 4682 1658 4733 καὶ
1714 4681 1927 4745 Παῦλος
1966 4683 2093 4736 ἐϐόα
2126 4700 2139 4716 ο
2184 4684 2505 4753 Συνιξγείρε
2557 4684 2656 4738 καί
2702 4684 3106 4739 συνεκάθισεν
3139 4683 3297 4754 ἡμᾶς
3344 4685 3563 4751 ἐντοῖς

304 4768 704 4837 ἐπουρανίοις.

376 4924 399 4957 ⁸
434 4922 593 4993 Gen._
619 4938 655 4984 I,
697 4920 789 4980 26.
886 4923 929 4955 ¹⁰
962 4923 1126 4981 Num.
1170 4940 1306 4993 χχιι,
1340 4925 1430 4980 28.

311 4994 396 5049 Η.
480 4992 522 5024 ³⁵
553 4991 753 5062 Ephes.
796 5010 855 5059 ιι,
892 4994 945 5050 6.

1513 4926 1553 4957 ¹¹
1592 4924 1726 4990 Gen,
1804 4942 1884 4993 Ill,
1939 4928 1989 4982 ί.

2101 4926 2143 4957 ¹²
2177 4924 2311 4980 Luc.
2354 4942 2394 4991 ι,
2430 4927 2518 4981 56.
2632 4926 2674 4959 “
2709 4926 2847 4982 Gen.
2876 4942 2929 4991 ν,
2952 4926 3045 4980 24.
3125 4925 3166 4956 ⁸³
3207 4923 3269 4978 ιν
3300 4924 3433 4996 Reg.
3495 4939 3558 4991 tt,
