3822 6216
1726 261 2553 397 ELENCHUS

640 593 1146 662 AUCTORUM
1179 591 1301 654 nr
1342 585 1735 651 omnum
1769 583 1926 662 om
1969 582 2070 642 IN
2111 579 2296 641 Hoc
2330 575 2588 639 τοΜο
2621 547 2916 633 Lxxrx
2957 565 3640 630 conamen-run.

1147 838 1266 900 Qua
1291 836 1485 890 stellula
1505 837 1857 899 prwno‘tantur,
1887 829 2012 882 inter
2038 842 2189 893 opera
2221 830 2277 882 S.
2305 825 2416 878 Nili
2444 837 2567 879 nunc
2589 824 2802 887 primum
2830 825 3124 884 comparent.

1897 1079 2389 1107 ἥθ’-

1806 1309 1868 1370 S.
1908 1303 2139 1365 NILUS
2188 1300 2465 1363 ABBAS.

663 1452 1111 1512 EPISTOLARUM
1157 1439 1301 1503 libri
1354 1439 1628 1517 quatuor
1663 1449 1740 1495 ex
1785 1427 2063 1492 editione
2114 1423 2345 1486 Leonis
2389 1420 2592 1483 Allatii
2645 1437 2791 1482 cum
2839 1417 3006 1480 Petri
3053 1418 3299 1481 Possini

408 1547 411 1549 ’
508 1551 880 1614 recensione
913 1543 1161 1608 collata.

3493 1521 3612 1582 col.
3707 1520 3773 1582 58

666 1652 729 1711 S.
784 1647 904 1708 Nili
959 1645 1411 1706 NARRATIONES
1455 1651 1535 1697 ae
1579 1632 1754 1696 caede
1802 1626 2259 1692 monachorum
2299 1622 2366 1684 in
2401 1627 2617 1683 monte
2664 1619 2847 1696 Sina,
2897 1635 2975 1680 ex
3021 1617 3299 1682 editione

507 1753 673 1814 Petri
717 1745 982 1810 Possini.
1399 1810 1404 1815 ,
1810 1798 1822 1814 ο

3707 1724 3775 1785 83

506 1855 717 1917 Oratio
745 1853 812 1914 in
848 1849 1208 1917 Albianum,
1241 1859 1318 1904 ex
1347 1839 1628 1920 ejusdem
1659 1836 1963 1899 editione.
3667 1829 3778 1890 695

666 1958 997 2017 OPUSCULA
1026 1951 1088 2011 S.
1124 1947 1246 2010 Nili
1281 1964 1317 2007 a
1352 1941 1633 2022 Josepho
1680 1940 1872 2000 Maria
1907 1935 2218 2010 Suaresio,
2261 1935 2564 2015 episcopo
2606 1931 2989 2006 Vasmnensi,
3024 1948 3294 2012 prlmum

507 2059 700 2122 edita.

507 2159 691 2220 Liber
720 2157 800 2219 de
833 2153 1182 2218 monastica
1215 2146 1687 2212 exercitatione.
3662 2134 3776 2195 719

508 2258 842 2321 Peristeria
873 2274 986 2318 seu
1015 2257 1340 2315 Tractatus
1367 2251 1445 2312 de
1475 2249 1808 2310 virtutibus
1845 2247 2210 2310 excolendis
2251 2253 2312 2306 et
2340 2243 2500 2305 vitiis
2529 2239 2863 2318 fugiendis.
3666 2237 3770 2296 811

506 2360 832 2421 Tractatus
869 2355 948 2417 de
982 2357 1357 2434 paupertate
1385 2349 1753 2410 voluntaria.
3665 2337 3771 2398 967

508 2460 595 2519 De
628 2455 1083 2519 monachorum
1121 2450 1501 2532 praestantia.
3626 2441 3774 2502 1052

507 2561 830 2621 Tractatus
871 2556 950 2618 ad
978 2553 1309 2631 Eulogium
1345 2548 1750 2612 monachum.
3627 2543 3777 2605 1094

511 2659 597 2722 De
627 2659 790 2720 vitiis
821 2675 963 2737 qum
1000 2655 1293 2736 opposita
1325 2658 1471 2713 sunt
1514 2650 1869 2712 virtutibus.
3631 2643 3775 2706 1139

510 2764 595 2825 De
633 2769 777 2824 octo
806 2759 1129 2841 spiritibus
1160 2758 1434 2820 malitiae.
3629 2751 3775 2812 1146

510 2866 596 2928 De
641 2863 951 2928 oratione.

3627 2851 3772 2914 1166

509 2969 596 3030 De
633 2965 924 3044 malignis
956 2962 1468 3042 cogitationibus.
3631 2953 3775 3015 1199

507 3069 826 3132 Institutio
854 3068 934 3130 ad
965 3064 1337 3129 monachos.
3630 3058 3775 3120 1235

510 3175 871 3237 Sententiae.

3629 3161 3773 3224 1239

511 3277 545 3310 "
576 3278 788 3356 Capita
818 3274 1199 3355 parmnetica
1230 3272 1342 3353 (Ex
1377 3270 1683 3332 Aucta-rio
1716 3270 2051 3332 Frontonis
2083 3270 2342 3348 Ducaai).
3633 3267 3775 3328 1250

509 3383 728 3442 Sermo
782 3378 851 3440 in
904 3378 1062 3440 illud
1116 3373 1438 3454 Evangelii
1483 3394 1495 3437 :
1546 3397 1574 3430 ‹‹
1615 3374 1792 3436 Nunc
1844 3374 1955 3453 qui
2002 3373 2191 3436 habet
2247 3370 2598 3446 sacculum,
2665 3369 2874 3446 tollat,
2920 3368 3203 3433 similiter
3239 3375 3300 3432 et

589 3497 833 3562 peram,
884 3505 914 3540 »
948 3489 1068 3544 etc.

3634 3472 3774 3532 1263

671 3587 903 3646 SPUBIA
915 3633 926 3645 .

511 3686 835 3748 Tractatus
872 3684 1148 3746 moralis.
3634 3675 3776 3738 1279

512 3786 599 3847 De
631 3787 979 3848 tentatione
1017 3785 1315 3849 monachi
1345 3785 1625 3850 Pachon.
3631 3777 3777 3839 1283

511 3888 781 3966 Epicteti
810 3887 1120 3949 Manuale.

3633 3879 3775 3942 1286

509 3993 643 4052 Jos.
683 3991 908 4053 Maria:
944 3991 1231 4052 Suaresii
1267 3990 1642 4050 Dissertatio
1696 3987 1768 4048 de
1808 3984 2100 4064 operibus
2155 3983 2222 4044 S.
2263 3984 2418 4045 Nili.
3632 3981 3777 4046 1318

513 4093 810 4172 Ejusdem
855 4089 1015 4152 liber
1062 4091 1538 4169 chronologic-us
1575 4090 1649 4150 de
1694 4092 1826 4150 vita
1869 4091 1936 4150 S.
1981 4087 2136 4150 Nili.
2342 4090 2349 4098 '
3634 4089 3772 4150 1367

659 4197 1168 4256 SUPPLEMENTUM
1197 4195 1274 4255 ad
1305 4195 1537 4274 scripta
1564 4193 1838 4272 genuina
1878 4193 1938 4252 S.
1975 4190 2121 4252 Nili.

515 4299 546 4333 “
580 4300 661 4360 De
703 4304 848 4360 octo
878 4298 1113 4360 vitiosis
1143 4299 1654 4376 cogitationibus,
1691 4317 1769 4360 ex
1815 4299 2097 4360 editione
2125 4299 2295 4359 J.-B.
2324 4300 2640 4362 Cotelerii.
3631 4294 3777 4360 1435

513 4402 548 4436 ³⁸
577 4405 955 4464 Sermonum
994 4410 1056 4463 et
1089 4402 1490 4464 homiliarum
1526 4402 1879 4480 fragmenta
1908 4421 1987 4465 ex
2018 4401 2272 4464 Photio.
3633 4404 3771 4466 1491

515 4513 861 4570 APPENDIX.
897 4508 928 4541 “
958 4508 1344 4588 Hyperechii
1375 4509 1617 4571 abbatis
1646 4509 1922 4589 capitula
1949 4509 2376 4574 adhortatoria
2408 4511 2485 4572 ad
2517 4511 2889 4586 monachos,
2922 4530 3000 4576 ex
3028 4511 3304 4575 editione

599 4611 909 4673 Francisci
941 4610 1298 4672 Combeﬁsii
1328 4611 1438 4692 (a).
3637 4611 3772 4674 1471

589 4819 671 4892 (a)
703 4819 854 4886 Haec,
893 4820 1356 4892 typographorum
1386 4821 1697 4889 oscitantia,
1729 4821 1907 4879 locum
1932 4837 2044 4879 non
2079 4839 2240 4880 suum
2275 4824 2540 4880 obtinent.

1464 5007 1802 5164 ‘L‘H.

2508 5671 2751 5726 Parisiis.
2785 5703 2852 5713 —-
2884 5671 2963 5726 Ex
2997 5670 3138 5741 typis
3175 5668 3231 5722 L.
3267 5668 3496 5723 MiGNE.
