3822 6216
109 254 173 317 25

1173 570 1681 660 NOTITIA

1323 262 1631 323 ΝΟΤΙΤΙΑ
1662 264 1714 323 Π

1818 265 1846 326 ἱ.
1882 266 2150 327 NILUM.
3291 266 3362 331 26

1811 573 2313 661 ALTERA.

801 765 926 827 (Leo
955 764 1212 826 Acutius,
1244 762 1465 815 Diatriba
1486 764 1547 817 de
1572 761 1721 823 Nilis,
1739 765 1798 814 ad
1817 766 2006 815 calcem
2030 763 2357 828 Epistolarum
2379 762 2500 827 Nili,
2522 780 2570 829 p.
2594 767 2668 829 7.)

420 1060 579 1115 Nilus
600 1064 860 1128 eparchus
888 1063 1527 1131 Constantinopolitanus,
1551 1079 1616 1118 ex
1644 1062 1870 1131 eparcha
1890 1060 2178 1115 monachus
2210 1070 2256 1114 et
2281 1069 2459 1113 asceta
2480 1075 2597 1113 cum
2633 1057 2899 1115 Theodulo
2924 1061 3057 1129 ﬁlio.

180 1197 283 1253 Sed
314 1200 476 1254 adest
521 1200 634 1268 jam
670 1199 828 1255 Nilus
881 1208 1071 1256 noster
1109 1204 1307 1256 Asceta
1330 1242 1345 1265 ,
1386 1202 1548 1270 cujus
1581 1217 1697 1256 me-

116 1293 271 1345 minit
336 1289 686 1361 Nicephorus
750 1291 1022 1347 Callixtus
1086 1290 1230 1346 Hist.
1303 1293 1672 1347 ecclesiastica:

118 1384 153 1435 l.
180 1399 302 1449 xiv,
343 1398 397 1439 c.
438 1383 527 1444 54.
561 1383 803 1449 virtute,
853 1382 1107 1439 doctrina
1130 1422 1145 1446 ,
1182 1393 1348 1453 atque
1383 1384 1697 1453 eloquentia

120 1475 591 1543 pnestantissimi,
626 1491 792 1545 quem
828 1474 1060 1531 Michael
1103 1474 1356 1531 Neander
1385 1477 1544 1546 quasi
1575 1475 1698 1531 nul-

120 1569 222 1621 lius
249 1568 415 1636 pretii
452 1567 734 1621 hominem
775 1567 1056 1637 quemdam
1092 1575 1275 1622 vocat.
1328 1566 1697 1637 Menologium

120 1656 455 1712 Basilianum
520 1657 872 1712 bibliothecae
931 1656 1212 1713 Vaticana:
1276 1657 1347 1712 14
1404 1655 1696 1712 Januarii:

123 1750 383 1820 ’Δθλησις
431 1748 544 1804 τῶν
596 1749 762 1803 ὁσίων
799 1750 1061 1820 Πατέρων
1093 1749 1252 1821 ἡμῶν
1294 1748 1407 1804 τῶν
1460 1749 1520 1801 ὲν
1565 1747 1701 1819 Σινᾷ

120 1841 231 1912 δρει
252 1840 684 1897 τελειωθέντων.
731 1842 867 1895 Ἀπὸ
911 1840 1188 1913 διαφόρων
1225 1841 1411 1895 τόπων
1454 1839 1551 1895 καὶ
1592 1858 1701 1910 χω-

124 1933 250 2002 ρίων
284 1935 338 1986 οἱ
366 1934 518 2002 ἆγιοι
540 1927 687 1987 οὗτοι
712 1932 1053 2003 ὑπάρχοντες
1092 1934 1313 2003 ἀφῆκαν
1343 1933 1436 1986 τὸν
1471 1932 1700 2002 κόσμον,

124 2024 213 2078 καὶ
239 2026 553 2093 συγγενεῖς,
582 2024 679 2077 καὶ
710 2023 957 2090 πλοῦτον,
981 2024 1079 2079 καὶ
1102 2024 1349 2090 ἀπῆλθον
1390 2026 1448 2078 ὲν
1475 2022 1555 2094 τῷ
1583 2023 1702 2094 δρει

122 2114 196 2183 τῷ
232 2114 406 2185 Σινᾷ,
442 2115 539 2169 καὶ
582 2114 832 2183 ἐγένοντο
864 2115 1125 2185 μοναχοὶ,
1174 2114 1519 2178 δουλεύοντες
1553 2115 1701 2184 μόνῳ

122 2205 197 2276 τῷ
218 2206 364 2277 Θεῷ,
397 2207 494 2260 καὶ
512 2207 840 2277 τρεφόμενοι
868 2206 975 2260 ὑπὸ
1004 2207 1244 2278 βοτανῶν
1270 2208 1500 2279 ἀγρίων.
1548 2208 1703 2261 Μετὰ

123 2295 329 2350 τούτων
355 2296 419 2351 δὲ
447 2297 621 2365 ἁγίων
646 2293 715 2367 ἦν
738 2297 834 2352 καὶ
864 2298 894 2351 6
927 2298 1082 2365 ἅγιος
1112 2297 1324 2363 Νεῖλος,
1351 2301 1380 2352 ό
1412 2299 1704 2370 γενόμενος

128 2386 369 2458 ἔπαρχος
420 2389 1050 2453 Κωνσταντινουπόλεως
1076 2428 1093 2455 ,
1148 2390 1287 2462 ἀνὴρ
1354 2391 1516 2460 σοφὸς
1535 2431 1551 2455 ,
1607 2391 1703 2444 καὶ

129 2479 362 2552 εὐλαϐής
383 2496 401 2511 ο
444 2480 585 2536 ἀλλὰ
626 2481 725 2535 καὶ
766 2480 931 2545 αὐτὸς
976 2481 1067 2536 διὰ
1105 2483 1196 2535 τὴν
1243 2482 1479 2553 Χριστὸν
1527 2483 1708 2553 ἀφῆκε

130 2571 220 2625 καὶ
247 2572 352 2643 τὴν
396 2572 588 2638 δόξαν,
626 2573 724 2626 καὶ
766 2572 863 2626 τὸν
897 2572 1129 2627 πλοῦτον
1151 2614 1165 2635 ,
1216 2575 1309 2627 καὶ
1356 2575 1575 2642 ἐγένετο
1628 2569 1709 2637 εἷς

132 2663 233 2715 τῶν
266 2662 509 2733 πτωχῶν
556 2661 829 2734 μοναχῶν.
888 2661 1029 2717 Ἀλλ’
1068 2665 1098 2716 6
1142 2662 1391 2727 διάϐολος
1438 2664 1709 2734 φθονήσας

132 2752 373 2825 διήγειρε
416 2752 478 2806 τὸ
521 2752 715 2824 ἄγριον
748 2751 901 2816 ἔθνος
938 2752 1050 2807 τῶν
1088 2753 1397 2825 Βλεμμύων
1430 2754 1574 2808 κατὰ
1600 2756 1713 2812 τῶν

136 2843 299 2912 ἁγίων
348 2843 618 2916 Πατέρων
643 2860 659 2875 ο
706 2838 855 2898 οὗτοι
903 2844 960 2898 δέ
1006 2846 1146 2899 εἰσιν
1204 2847 1255 2898 oi
1302 2845 1411 2900 ἀπὸ
1454 2846 1714 2916 Ἀραϐίας

134 2935 233 3000 ἓως
250 2935 541 3005 Αἰγύπτου
567 2936 951 3000 κατοικοῦντες
972 2936 1075 3007 τὴν
1108 2936 1387 2991 θάλασσαν
1419 2928 1712 3009 Ἐρυθρὰν,

137 3029 224 3082 καὶ
266 3027 587 3093 ἐλπίζοντες
628 3028 814 3099 εὑρεῖν
869 3027 1099 3081 πλοῦτον
1150 3024 1316 3097 ἦλθον
1380 3028 1714 3098 κουρσεῦσαι

137 3116 253 3179 τοὺς
293 3116 607 3186 Μοναχούς.
654 3116 745 3177 Ὡς
790 3115 849 3169 δὲ
899 3114 1053 3170 οὐδὲν
1088 3109 1283 3188 εὗρον,
1332 3120 1382 3171 εἰ
1415 3120 1492 3189 μὴ
1520 3118 1715 3188 ψιάθια

143 3207 293 3273 μόνα,
321 3206 425 3260 καὶ
454 3207 585 3269 τοὺς
610 3205 803 3274 ἁγίους
830 3207 1047 3278 τρίχινα
1072 3208 1394 3279 φοροῦντας,
1424 3210 1517 3263 καὶ
1543 3210 1716 3275 οὕτως

139 3298 548 3368 ἐτελειώθησαν.
566 3296 849 3353 Certamen
896 3310 1208 3354 sanctarum
1240 3300 1469 3354 Patrum
1506 3312 1718 3356 nostro—

140 3406 275 3454 rem,
305 3389 405 3459 qui
430 3389 489 3443 in
519 3397 696 3443 mante
719 3388 855 3443 Sina
882 3390 1043 3459 ﬁnem
1077 3407 1187 3445 sua:
1214 3392 1332 3445 vita:
1362 3392 1540 3444 sortiti
1571 3401 1715 3447 sunt.

141 3486 219 3535 Ea:
238 3482 470 3536 diversis
496 3482 720 3535 urbibus
747 3490 800 3534 et
825 3482 1034 3551 oppidis
1061 3498 1181 3536 cum
1202 3491 1374 3538 essent
1397 3484 1475 3549 hi,
1497 3484 1715 3550 mundo,

141 3574 472 3640 parentibus,
526 3582 578 3626 et
603 3571 810 3627 diuitiis
840 3573 1184 3639 renuntiatis,
1215 3589 1337 3627 cum
1363 3575 1721 3641 pervenissent

145 3664 207 3717 ad
233 3675 471 3719 montem
516 3661 694 3729 Sinai,
725 3664 973 3717 monachi
1009 3664 1181 3733 eﬂ'ecti
1202 3675 1351 3728 sunt,
1387 3674 1436 3720 et
1475 3665 1578 3719 soli
1610 3665 1718 3721 Dea

146 3756 499 3811 inserviebant
520 3795 539 3820 ,
590 3754 764 3811 herbis
795 3756 1129 3810 silvestribus
1175 3758 1340 3811 vitam
1375 3760 1717 3812 sustinentes.

148 3849 270 3904 Cum
300 3850 391 3904 his
421 3849 626 3903 sanctis
651 3849 818 3903 vitam
848 3849 1071 3903 ducebat
1098 3848 1281 3903 beatus
1317 3847 1480 3903 Nilus
1509 3850 1563 3903 in
1594 3849 1722 3904 urbe

150 3937 741 4008 Constantinopolitano
766 3938 1035 4011 quondam
1081 3938 1362 4006 eparchus,
1399 3939 1478 3993 vir
1508 3940 1718 4006 doctus,

150 4034 267 4086 etin
294 4032 471 4088 Deum
500 4030 798 4101 piissimus.
831 4029 966 4095 Quin
991 4040 1039 4084 et
1063 4030 1171 4100 ipse
1191 4041 1403 4098 propter
1424 4030 1719 4097 Christum,

151 4135 195 4177 et
224 4126 422 4196 gloria,
459 4134 512 4180 et
545 4124 752 4178 divitiis
787 4123 1029 4178 dimissis
1057 4125 1505 4194 pauperculam»:
1535 4142 1722 4181 mana-

153 4217 359 4271 chorum
379 4216 626 4271 habitum
654 4215 852 4271 induit.
897 4214 1270 4271 Verumtamen
1314 4217 1562 4273 diabolus
1590 4219 1725 4273 invi-

154 4306 325 4363 dentia
375 4316 550 4363 tortus
577 4308 866 4361 immanem
904 4306 1274 4378 Blemmgdum
1304 4318 1511 4378 gentem
1538 4310 1722 4363 conci-

158 4400 275 4453 tavit
317 4410 510 4453 contra
563 4407 777 4454 sanctas
821 4397 1035 4453 Patres.
1094 4398 1433 4470 Blemmydes
1481 4409 1605 4455 sunt
1658 4402 1724 4455 ab

156 4492 349 4546 Arabia
383 4507 548 4561 usque
584 4490 879 4562 zEgyptum
908 4491 1080 4544 maris
1126 4489 1293 4545 Rubri
1348 4491 1544 4545 accolae
1571 4530 1588 4557 ,
1636 4493 1728 4562 qui

157 4584 462 4641 divitiarum
513 4585 904 4652 exspectatione
944 4584 1107 4639 erecti
1158 4589 1227 4637 ad
1256 4582 1584 4653 diripiendas
1613 4601 1728 4638 ma-

159 4677 343 4732 nachas
372 4675 804 4746 pragressisunt.
843 4674 979 4731 Cum
1012 4691 1132 4729 vero
1160 4674 1293 4728 nihil
1316 4677 1545 4745 amplius
1579 4692 1727 4730 cam-

159 4769 428 4832 perissent,
445 4784 607 4836 quam
633 4767 916 4837 tegeticula
941 4781 1007 4820 ea:
1025 4766 1214 4834 junco,
1244 4778 1560 4837 sanctosque
1584 4768 1726 4836 ipsos

158 4873 220 4911 ex
265 4859 390 4926 pilis
442 4856 704 4925 confectis
765 4855 1089 4910 indumentis
1166 4856 1618 4922 circumvestitas,
1672 4858 1729 4911 in

161 4950 355 5006 rabiem
398 4951 538 5004 versi
569 4964 658 5003 eos
689 4948 859 5017 culpa:
903 4958 1140 5004 exsortes
1166 4949 1628 5005 contrucidarunt.
1657 4948 1726 5003 Et

161 5049 229 5099 sic
273 5046 398 5102 siue
439 5044 601 5114 ﬁnem
644 5058 883 5112 posuere.
932 5041 1114 5114 Supra
1162 5042 1419 5098 laudatus
1456 5042 1726 5100 Callistus

163 5140 272 5195 loco
310 5138 504 5194 dicto:
544 5134 636 5207 Τῷ
664 5134 725 5188 δὲ
763 5133 1039 5206 θεσπεσίῳ
1088 5134 1269 5206 Νείλῳ
1301 5136 1500 5206 πατρὶς
1547 5136 1583 5207 ὴ
1626 5137 1728 5206 τῆς

165 5226 569 5284 κωνσταντίνου
602 5224 865 5295 ἐτύγχανε
893 5224 1050 5288 πόλις
1074 5264 1090 5288 ,
1137 5219 1207 5297 ἦς
1241 5225 1321 5297 τῷ
1358 5227 1601 5298 περιόντι
1630 5229 1729 5298 τῆς

164 5320 476 5390 εὐγενείας,
539 5319 636 5372 καὶ
697 5316 935 5387 ἔπαρχος
998 5317 1359 5388 ἐχρημάτισε.
1399 5317 1623 5389 Πλούτῳ
1672 5319 1730 5373 δὲ

168 5414 312 5483 βαθεῖ
328 5453 344 5474 ,
377 5413 476 5465 καὶ
504 5408 796 5481 δυναστείᾳ
822 5408 1244 5480 περιρρεόμενος
1261 5408 1572 5481 ἁσκητικὴν
1596 5411 1726 5464 ἀντ.

172 5507 448 5575 qnam-co
495 5503 745 5570 ἀγωγήν.
794 5499 1129 5555 Admiranda
1184 5500 1313 5555 Nilo
1350 5504 1530 5571 patria
1581 5500 1730 5558 Can-

171 5594 533 5664 stantinopolis
577 5592 724 5663 fuit,
783 5591 934 5660 cujus
985 5592 1147 5646 etiam
1192 5602 1403 5661 propter
1458 5594 1726 5665 egregiam

174 5690 359 5751 ameris
393 5684 727 5743 nobilitatem
750 5682 1029 5754 prtefectus
1059 5682 1182 5754 fuit.
1220 5684 1491 5753 Potentia,
1521 5693 1572 5740 et
1605 5686 1720 5755 cpi-

1798 1200 1893 1254 bus
1922 1200 2159 1270 afﬂuens,
2189 1199 2475 1252 asceticam
2498 1198 2608 1251 illis
2629 1198 2865 1268 prwtulit
2894 1198 3082 1252 vitam.
3114 1198 3181 1253 Et
3217 1196 3369 1252 Grae—

1796 1307 1986 1348 corum
2031 1290 2429 1361 Menologium:
2478 1282 2648 1352 Οὗτος
2680 1288 2849 1351 πολὺς
2876 1284 2947 1360 ἦν
2976 1290 3035 1341 ὲν
3065 1288 3243 1357 λόγοις
3273 1288 3369 1341 ἐπὶ

1803 1385 1904 1455 τῆς
1950 1383 2228 1453 βασιλείας
2279 1381 2590 1453 Μαυρικίου
2659 1381 2900 1452 ἔπαρχος
2952 1380 3369 1434 Κωνσταντίνου

1797 1476 2006 1538 πόλεως
2038 1474 2462 1547 γνωριζόμενος,
2491 1475 2663 1544 σεμνῇ
2687 1471 2745 1525 δὲ
2780 1471 3002 1539 γυναικὶ
3032 1470 3370 1541 συζευχθεὶς,

1797 1567 2013 1623 καὶδύο
2044 1567 2233 1633 τέκνα,
2280 1566 2449 1637 άρῤεν
2492 1581 2554 1618 τε
2601 1564 2696 1618 καὶ
2741 1564 2897 1634 θῆλυ,
2929 1562 3235 1627 ἁποτεκὼν,
3266 1563 3370 1634 τὴν

1800 1659 1994 1714 ἑαυτοῦ
2042 1659 2275 1712 πέπεικε
2325 1657 2559 1727 σύζυγον
2602 1656 2703 1728 τὴν
2755 1655 3165 1708 Κωνσταντίνου
3212 1655 3375 1709 πόλιν

1800 1747 2149 1812 καταλιπεῖν,
2203 1747 2300 1802 καὶ
2345 1748 2462 1811 τοῖς
2510 1747 2612 1816 τῆς
2663 1744 2942 1814 Αἰγύπτου
2984 1745 3369 1817 μοναστηρίοις

1800 1838 2263 1910 κατασκηνῶσαι,
2308 1835 2635 1909 μερίσασθαι
2678 1853 2739 1889 τε
2785 1835 2856 1888 τὰ
2897 1835 3061 1889 τέκνα
3085 1873 3102 1898 ,
3142 1835 3238 1887 καὶ
3277 1836 3372 1889 τὸν

1806 1930 1906 2001 μὲν
1934 1930 2269 2002 παραλαϐεῖν
2293 1930 2387 1982 τὸν
2418 1929 2534 1981 υίὸν
2563 1926 2874 1989 Θεόδουλον,
2898 1925 2998 1997 τὴν
3026 1926 3083 1979 δὲ
3114 1925 3212 1997 τὴν
3240 1926 3370 1978 ἑαυ-

1801 2022 1901 2092 τῆς
1938 2020 2218 2091 θυγατέρα
2241 2059 2256 2083 ,
2290 2021 2382 2074 καὶ
2429 2018 2572 2073 οὕτω
2608 2018 2914 2089 ποήσαντες
2956 2016 3247 2085 διέστησαν
3279 2017 3375 2070 ἀπ’

1805 2112 2072 2183 ἀλλήλων,
2117 2113 2211 2165 καὶ
2240 2112 2366 2165 ἐπεὶ
2391 2112 2421 2163 6
2452 2108 2724 2181 μακαρίος
2761 2109 2952 2171 Νεῖλος
2979 2107 3042 2160 τὸ
3071 2106 3199 2178 ὅρος
3237 2107 3377 2177 μετὰ

1802 2203 1900 2258 τοῦ
1950 2201 2069 2257 υίοῦ
2108 2201 2451 2273 κατειληφὼς
2478 2202 2642 2271 συνῆν
2692 2202 2805 2264 τοίς
2850 2199 3150 2270 Πατράσιν,
3181 2198 3278 2253 καὶ
3308 2198 3379 2250 τὰ

1807 2294 1952 2367 ἑξῆς.
1980 2296 2197 2352 Celeber
2225 2295 2310 2349 hic
2342 2294 2445 2364 fuit
2475 2294 2747 2348 hominum
2789 2289 3116 2345 sermonibus
3145 2328 3161 2354 ,
3213 2291 3379 2359 impe-

1806 2400 1960 2445 rante
2014 2389 2296 2451 Mauritio,
2347 2387 2495 2441 urbis
2542 2384 3149 2451 Constantinopolitano:
3196 2383 3381 2451 prtvfe-

1808 2491 1964 2538 ctura
1998 2483 2199 2537 clarus.
2263 2480 2371 2547 Qui
2416 2478 2803 2533 honestissima:
2850 2485 3112 2529 matrona:
3160 2474 3380 2543 junctus

1809 2575 2176 2637 niatrimonia,
2204 2572 2410 2625 duabus
2449 2585 2514 2624 ea:
2566 2570 2666 2623 illa
2704 2567 2964 2636 susceptis
3005 2565 3187 2620 liberis
3234 2580 3382 2618 mare

1809 2677 1858 2722 et
1885 2666 2085 2736 femina
2105 2707 2120 2728 ,
2170 2664 2328 2718 uxori
2360 2663 2662 2731 persuasit,
2702 2668 2762 2714 ut
2803 2657 3268 2725 Constantinopoli
3299 2672 3381 2709 re-

1811 2757 1940 2811 licta
1974 2757 2029 2809 in
2058 2753 2281 2825 ngypti
2327 2751 2653 2806 monasteria
2685 2749 3016 2819 immigraret
3048 2764 3067 2801 :
3097 2747 3382 2816 partitique

1811 2848 1949 2902 inter
1974 2863 2030 2900 se
2082 2846 2310 2909 liberos,
2370 2844 2482 2912 ipse
2534 2840 2744 2912 quidem
2795 2837 3124 2893 Theodulum
3186 2836 3381 2905 ﬁlium,

1810 2942 1910 2996 illa
1955 2940 2122 3009 ﬁliam
2163 2954 2315 2992 suam
2343 2934 2686 2989 abducerent.
2721 2932 2840 2998 Quo
2884 2931 3026 3000 {acta
3062 2929 3126 2982 ab
3162 2928 3383 2982 invicem

1812 3048 1925 3087 sese
1967 3031 2364 3099 disiunxerant.
2399 3024 2540 3079 Hinc
2575 3041 2694 3078 cum
2723 3023 2906 3076 beatus
2938 3021 3095 3075 Nilus
3126 3026 3382 3083 occupato

1812 3131 1988 3178 monte
2025 3137 2144 3175 cum
2194 3119 2308 3188 ﬁlio
2363 3126 2670 3171 sanctarum
2734 3113 2957 3167 Patrum
3009 3109 3384 3164 consuetudine

1815 3216 2122 3286 frueretur.
2170 3211 2391 3283 quidam
2442 3210 2677 3279 ferarum
2728 3207 2902 3259 instar
2953 3212 3186 3272 repentes
3230 3210 3386 3270 atque

1813 3309 2072 3362 irruentes
2103 3302 2352 3367 Barbari,
2383 3301 2495 3369 ejus
2520 3298 2690 3368 ﬁlium
2713 3294 3040 3350 Theadulum
3068 3310 3187 3347 cum
3205 3293 3386 3345 multis

1817 3399 1941 3452 aliis
1969 3396 2235 3465 captivum
2282 3396 2638 3445 abduxerunt.
2680 3387 2746 3441 Et
2794 3386 3241 3457 Martyrologium
3278 3382 3386 3436 Βο-

1815 3504 2085 3545 manum:
2136 3485 2320 3539 Pridie
2369 3482 2498 3537 ldus
2555 3479 2890 3544 Novembris,
2927 3474 3388 3543 Constantinopoli

1819 3579 1879 3636 S.
1919 3578 2037 3633 Nili
2064 3577 2294 3639 abbatis,
2333 3575 2424 3645 qui
2450 3588 2518 3627 ex
2543 3573 2789 3641 praefecto
2827 3569 2972 3623 urbis
2996 3568 3171 3637 factus
3207 3583 3380 3620 mona-

1822 3672 1949 3726 chus
1998 3670 2094 3725 sub
2137 3667 2428 3723 Theodosia
2452 3662 2678 3717 Juniare
2706 3661 2977 3723 doctrina,
3021 3669 3071 3713 et
3110 3660 3389 3713 sanctitate

1820 3762 2024 3833 ﬂoruit.
2065 3758 2133 3813 Et
2158 3758 2378 3813 tandem
2424 3753 2791 3824 Menologium
2837 3750 3022 3805 Sirleti
3051 3748 3143 3804 die
3180 3764 3253 3802 xu
3282 3748 3390 3803 No-

1819 3852 2269 3911 vemb.:Natalis
2317 3849 2377 3904 S.
2425 3847 2607 3902 Patris
2639 3844 2808 3900 nostri
2846 3841 2983 3897 Nili.
3020 3841 3123 3895 Hic
3166 3841 3268 3909 fuit
3297 3839 3393 3893 sub

1821 3948 2140 4015 imperatore
2181 3943 2442 3999 llauritio
2483 3947 2792 3995 sanctarum
2836 3936 3163 3991 Litterarum
3219 3933 3390 3988 erudi-

1824 4040 1965 4093 tione
1992 4046 2043 4092 et
2090 4036 2381 4092 sanctitate
2415 4048 2623 4087 marum
2652 4030 2898 4100 insignis,
2931 4029 3020 4099 qui
3044 4042 3161 4080 cum
3189 4026 3392 4080 aratio-

1825 4131 1909 4186 nis
1970 4129 2231 4199 facultate
2259 4136 2310 4182 et
2349 4135 2507 4180 recta:
2556 4124 2678 4178 vita:
2730 4120 2963 4186 exemplo
3020 4118 3276 4187 plurimos
3320 4117 3396 4185 ad

1823 4222 2040 4279 virtutis
2075 4219 2313 4275 studium
2340 4217 2653 4278 excitasset,
2686 4214 2742 4267 in
2771 4228 2898 4280 pace
2930 4210 3147 4281 quievit.

1894 4311 1997 4367 Hic
2043 4320 2102 4365 nt
2148 4310 2303 4364 virus
2350 4322 2535 4378 pravae
2581 4303 2895 4375 religionis,
2948 4309 3003 4356 et
3034 4298 3396 4371 petulantiam

1825 4406 2189 4464 scutariorum
2222 4401 2277 4457 in
2319 4414 2457 4471 pura
2491 4399 2750 4468 claraque
2778 4391 3147 4452 exulceranda
3170 4392 3396 4446 veritate

1829 4499 2101 4557 catholica
2148 4496 2392 4551 animum
2424 4492 2694 4550 infrenem
2724 4488 3055 4562 prospicias,
3104 4493 3159 4539 et
3190 4483 3245 4538 in
3273 4482 3395 4538 Cal-

1826 4590 2069 4646 lixtianae
2115 4585 2368 4642 Historia:
2415 4584 2599 4640 verbis
2628 4580 2887 4652 superius
2934 4575 3192 4632 adductis
3228 4573 3375 4627 inter

1826 4680 2110 4754 pretandis
2147 4678 2434 4743 malitiam,
2468 4691 2593 4731 cum
2628 4675 2697 4731 de
2721 4681 2911 4729 nostro
2935 4668 3058 4725 Nilo
3086 4680 3399 4723 sermonem

1828 4773 2018 4833 habet,
2063 4776 2253 4841 repeto
2292 4768 2392 4823 tibi
2423 4767 2590 4823 verba
2624 4763 2919 4836 Nicephori
2960 4779 2976 4816 :
3008 4760 3101 4832 Τῷ
3120 4758 3178 4814 δὲ
3205 4756 3393 4811 θεσπε-

1829 4862 1930 4934 σίῳ
1962 4858 2142 4931 Νείλῳ
2168 4858 2368 4930 πατρὶς
2396 4858 2430 4930 ἡ
2463 4856 2877 4912 Κωνσταντίνου
2904 4853 3203 4922 ἐτύγχανεν
3225 4846 3399 4912 πόλις,

1827 4948 1898 5026 ἧς
1929 4951 2010 5023 τῷ
2033 4951 2277 5022 περιόντι
2314 4951 2413 5019 τῆς
2452 4949 2731 5019 εὐγενείας
2755 4948 2851 5002 καὶ
2872 4946 3117 5016 ἔπαρχος
3150 4938 3388 5011 ἐχρημά-

1828 5064 1972 5110 τισε,
2001 5044 2218 5115 πλούτῳ
2243 5044 2301 5097 δὲ
2333 5044 2511 5115 βαθεῖ,
2542 5041 2640 5096 καὶ
2662 5037 2953 5109 δυναστείᾳ
2977 5030 3399 5105 περιρῤεόμενος

1830 5138 1931 5208 τὴν
1973 5135 2280 5207 ἁσκητικὴν
2327 5133 2718 5205 άντηλλάττετο
2775 5130 3021 5199 ἀγωγήν.
3068 5120 3399 5179 Admiranda

1846 5230 1977 5286 Nilo
2030 5231 2208 5301 patria
2271 5222 2763 5293 Constantinopolis
2822 5222 2969 5290 fuit,
3026 5217 3179 5285 cujus
3239 5216 3400 5269 etiam

1836 5333 2053 5395 propter
2084 5321 2346 5393 egregiam
2377 5318 2548 5389 gentis
2587 5314 2921 5371 nobilitatem
2965 5309 3247 5379 prtefectus
3279 5306 3400 5374 fuit.

1838 5412 2091 5472 Potentia
2126 5424 2177 5469 et
2218 5413 2401 5482 opibus
2434 5410 2685 5480 afﬂuens.
2717 5405 2999 5461 asceticam
3028 5402 3139 5456 illis
3172 5397 3406 5468 prtetitlit

1837 5506 2020 5561 vitam.
2052 5504 2296 5571 Quorum
2326 5502 2418 5556 illa
2456 5497 2729 5555 sententia
2770 5502 2887 5559 est;
2931 5493 3061 5547 licet
3091 5488 3402 5545 nobilitate.

1833 5596 2120 5667 dignitate;
2161 5592 2364 5663 opibus
2393 5598 2448 5645 et
2476 5588 2647 5645 rebus
2695 5584 2820 5642 aliis
2850 5582 3228 5641 clarissimus.
3260 5584 3315 5631 et
3345 5577 3401 5630 in

1855 5686 1989 5743 urbe
2004 5685 2243 5742 omnium
2260 5682 2552 5755 praecipua,
2570 5678 2775 5737 viribus
2798 5674 3193 5751 praemineret,
3216 5669 3412 5725 nihilo-
