3822 6216
415 215 484 281 27
1617 217 1921 280 NOTITIA
1964 215 1996 274 Ι

2097 215 2144 275 3.
2185 217 2452 277 ΝΙΗῘΜ.
3590 206 3672 272 28

419 331 600 383 n.'nus
671 342 857 382 amore
933 325 1138 382 Christi
1191 326 1450 382 omnibus
1497 327 1871 388 renuntiavit,
1922 331 1977 378 et

421 507 729 563 collocavit.
771 506 927 572 Quod
974 507 1029 560 in
1082 507 1217 559 tanti
1250 507 1354 560 viri
1387 506 1577 561 laudes
1608 504 1983 574 reponendum

421 607 526 663 est,
549 614 752 667 easque
781 599 1033 662 eximias,
1061 606 1334 652 assertore
1359 597 1612 651 Callixto.
1631 595 1771 662 Quid
1803 605 1985 647 autem

421 692 516 762 qui
551 693 702 745 carni
726 699 779 744 et
804 692 1007 744 mundo
1041 692 1384 753 deserviunt,
1402 697 1456 744 et
1486 691 1681 744 bonam
1716 686 1985 741 Christia-

423 778 1093 842 norum-educationem,
1148 787 1203 834 et
1259 779 1443 832 carnis
1520 777 1985 831 excruciationetn

424 874 713 943 dissipant,
743 888 811 926 ex
841 873 1021 926 verbis
1067 873 1186 926 istis
1219 871 1442 926 Callixti
1491 869 1988 938 Magdeburgenses

423 967 791 1022 convertunt?
835 964 993 1018 Nilus
1042 965 1120 1018 vir
1150 964 1354 1033 generis
1387 962 1664 1017 nobilitate
1688 1001 1702 1025 ,
1737 969 1787 1013 et
1821 961 1989 1014 virtu-

425 1066 537 1109 tum
589 1062 896 1108 ornamento
950 1054 1239 1122 prwclarus
1287 1053 1604 1116 monachus,
1664 1053 1807 1104 urbis
1847 1049 1989 1103 Con-

426 1145 920 1212 stantinopolitano:
967 1141 1246 1211 indigena,
1303 1150 1353 1195 et
1401 1142 1681 1211 praefectus
1715 1141 1989 1210 postremis

425 1234 668 1288 Juuioris
715 1233 990 1286 Theodosii
1022 1234 1359 1300 temporibus.
1408 1232 1639 1301 Cumque
1672 1235 1908 1300 potentia
1939 1238 1994 1285 et

427 1326 613 1396 opibus
647 1327 898 1395 afﬂueret,
930 1334 1085 1394 atque
1117 1326 1278 1378 etiam
1313 1325 1419 1378 alio
1470 1323 1624 1378 modo
1661 1324 1914 1378 Ecclesia:
1941 1331 1993 1376 et

429 1417 730 1486 reipublicte
783 1427 922 1471 recte
977 1426 1028 1470 et
1084 1419 1310 1470 multum
1367 1417 1596 1479 servire,
1649 1418 1993 1485 prodesseque

427 1509 703 1578 potuisset,
735 1519 908 1563 tamen
935 1524 999 1561 ea:
1031 1510 1254 1562 sinistro
1271 1506 1670 1576 Scripturarum
1699 1507 1991 1570 intellectu,

428 1611 477 1655 et
510 1617 749 1669 perversa
787 1600 1000 1654 illorum
1055 1609 1344 1667 temporum
1381 1600 1773 1669 superstitione,
1809 1600 1995 1652 relicta

432 1692 666 1761 legitima
707 1708 804 1744 sua
854 1707 977 1759 erga
1023 1692 1283 1759 prteclara
1324 1693 1629 1755 vocatione,
1669 1692 1995 1744 monastic-en

428 1793 505 1836 est
545 1781 835 1848 amplexus.
874 1784 939 1837 Et
973 1783 1090 1837 haac
1128 1784 1352 1854 quidem
1387 1788 1434 1838 si
1463 1786 1546 1837 uti
1586 1799 1684 1838 sua
1718 1790 1995 1837 testaren-

426 1881 557 1937 tur,
602 1874 882 1928 moderate
931 1873 1156 1928 ferenda
1202 1888 1234 1926 a
1264 1874 1574 1928 Catholicis-
1619 1883 1842 1937 essent,
1902 1872 1992 1942 q-ui

431 1960 814 2015 haereticorum
859 1962 1217 2031 petulantiam
1252 1972 1594 2033 perspectam
1628 1964 1829 2018 habent
1859 1982 1873 2017 :
1905 1979 1998 2018 ve-

429 2068 551 2107 rum
603 2069 729 2107 cum
777 2053 984 2108 addunt
1049 2071 1113 2108 ea
1164 2055 1358 2123 referre
1397 2065 1612 2109 auctore
1668 2054 1992 2124 Nicephoro,

431 2143 529 2197 lib.
563 2159 676 2208 xw,
717 2158 840 2214 cap.
883 2144 970 2207 54,
1004 2145 1129 2214 quis
1168 2146 1303 2200 bene
1341 2145 1699 2200 toleraverit?
1730 2147 1996 2217 Scriptori

431 2234 651 2290 crimini
679 2235 824 2290 haud
857 2236 1094 2290 obnoxio
1118 2236 1326 2291 crimen
1360 2246 1467 2290 tam
1497 2245 1652 2291 atrox
1686 2239 1847 2292 etiam
1871 2255 1997 2292 cum

429 2321 754 2387 mendacio,
790 2331 851 2376 ut
892 2324 1202 2379 obcaecatos
1231 2333 1445 2387 mente,
1491 2335 1545 2380 et
1595 2328 1761 2382 rudes
1811 2328 1999 2384 fallere

430 2413 665 2480 possint,
707 2414 1027 2483 appingere,
1071 2416 1198 2484 quis
1227 2416 1586 2471 tolerabiliter
1633 2418 1998 2475 tulerit?Sed

432 2504 536 2557 hoc
557 2503 799 2557 dandum
824 2511 910 2559 est
938 2505 1236 2571 haereticis,
1266 2509 1358 2577 qui
1391 2523 1457 2561 ex
1503 2524 1561 2564 se
1601 2511 1768 2564 veluti
1815 2516 1998 2569 aranei

429 2594 538 2648 tela
567 2594 801 2663 ﬁngunt.

498 2684 580 2738 Ad
610 2685 726 2739 haec
753 2684 1241 2754 adjiciunt-eadem
1271 2690 1520 2744 centuria
1578 2707 1697 2762 cap.
1754 2693 1841 2758 10,
1875 2702 1999 2764 post

430 2774 522 2827 illa
553 2774 763 2828 insulsa
799 2775 866 2829 de
897 2774 1017 2830 Nilo
1039 2778 1296 2847 episcopo
1324 2788 1378 2833 et
1404 2788 1658 2852 martyre,
1683 2798 1802 2852 qua!
1821 2794 2001 2854 poste-

431 2865 548 2919 rius
573 2865 897 2930 videbimus,
929 2866 996 2922 de
1048 2869 1303 2936 capitulis
1343 2872 1515 2924 sancti
1551 2871 1656 2925 Nili
1695 2888 1712 2924 :
1744 2873 1821 2928 De
1851 2875 1999 2930 bonis

429 2955 668 3022 operibus
687 2968 943 3027 pra’cepta
977 2962 1218 3024 exposita
1257 2963 1544 3016 secundum
1597 2968 1783 3018 seriem
1830 2968 2000 3022 Deca-

429 3047 555 3116 logi,
587 3048 772 3116 quibus
805 3049 1018 3102 inserta:
1043 3061 1166 3103 sunt
1197 3054 1470 3107 sententia:
1499 3055 1562 3109 de
1577 3058 1807 3124 prtemiis
1836 3059 2000 3114 bono-

429 3153 546 3190 rum
570 3153 802 3204 operum,
834 3149 883 3193 et
913 3141 1075 3208 poenis
1098 3143 1384 3196 malorum.
1419 3147 1550 3212 Quae
1577 3149 1737 3202 etiam
1769 3151 1825 3203 in
1871 3169 2002 3219 gno-

429 3227 726 3295 mographis
759 3228 1070 3297 quibusdam
1099 3228 1296 3286 Graecis
1341 3236 1693 3290 continentur.
1739 3238 2001 3294 Caeterum

426 3319 493 3372 de
514 3318 636 3387 ﬁde,
669 3331 760 3371 aut
794 3319 918 3373 aliis
947 3320 1203 3376 doctrina:
1238 3325 1478 3391 partibus
1521 3329 1652 3381 nihil
1688 3331 1836 3384 dicit.
1893 3333 1996 3387 Sed

429 3409 752 3464 incommode
784 3410 1042 3481 loquitur,
1063 3424 1191 3482 potu
1240 3432 1392 3485 aqua:
1449 3419 1658 3488 frigida:
1703 3422 2000 3493 justi/icari

429 3501 841 3556 misericordem.
882 3503 1019 3568 Quis
1053 3520 1204 3576 nunc
1243 3523 1378 3563 voce
1438 3526 1544 3565 non
1606 3517 2002 3571 contenderet?

428 3596 473 3647 0
499 3595 747 3649 homines
779 3595 987 3654 feneos.
1033 3597 1307 3663 infelices,
1349 3609 1404 3654 et.-
1437 3600 1586 3657 fricti
1635 3605 1833 3659 ciceris
1885 3622 2002 3660 em-

434 3690 636 3751 ptores,
666 3686 758 3753 qui
793 3701 891 3740 nec
923 3687 1126 3755 scripta
1155 3688 1354 3757 legere,
1385 3707 1484 3745 nec
1514 3693 1653 3748 lecta
1680 3696 1996 3768 intelligere,

432 3788 609 3842 neque
653 3776 969 3830 discernere
1004 3778 1217 3833 valetis.
1254 3780 1510 3836 Destituti
1563 3788 1763 3852 ventis,
1821 3805 2000 3847 remos

429 3864 619 3919 saltem
669 3866 929 3922 adhibere
980 3869 1103 3936 quis
1161 3872 1355 3924 vetat?
1411 3872 1546 3939 Quis
1606 3885 2002 3936 asseveraverit

428 3954 605 4010 Nilum
653 3956 720 4013 de
773 3958 898 4022 ﬁde,
963 3969 1018 4014 et
1067 3959 1190 4016 aliis
1245 3962 1507 4020 doctrinae
1568 3969 1815 4036 partibus
1866 3974 2002 4028 nihil

429 4049 656 4102 dicere?
681 4047 813 4114 Quis
840 4047 961 4103 Nilo
987 4051 1123 4106 vitio
1157 4051 1389 4121 dederit,
1449 4058 1595 4126 quod
1651 4059 1717 4113 de
1765 4065 2001 4130 prastniis

430 4141 696 4195 bonorum
750 4157 974 4212 operum
1019 4153 1074 4199 et
1137 4149 1319 4216 poenis
1357 4152 1626 4206 malorum
1674 4157 2002 4225 scripserit?

431 4233 566 4298 Quis
601 4233 718 4286 Nilo
737 4234 1348 4308 Constantinopolitano
1367 4245 1679 4299 attribuerit
1700 4247 1917 4302 dictum
1934 4252 2001 4307 de

432 4333 562 4393 potu
600 4339 753 4394 aqum
784 4326 1036 4397 frigidae?
1069 4331 1240 4384 Adeat
1277 4336 1503 4402 scripta.
1550 4337 1607 4390 ln
1644 4339 1748 4393 illis
1777 4343 2002 4410 praecla-

431 4415 650 4469 rissima
688 4425 741 4470 et
765 4422 1219 4486 praestantissima
1255 4423 1323 4478 de
1375 4425 1499 4489 ﬁde,
1547 4436 1601 4482 et
1647 4430 1714 4484 de
1749 4431 2001 4488 doctrina

433 4507 726 4572 catholica,
755 4511 801 4563 si
842 4525 1019 4565 caecus
1050 4528 1158 4566 non
1203 4523 1308 4580 est,
1377 4521 1654 4587 reperiet:
1699 4538 1802 4577 nec
1849 4524 2000 4580 illum

433 4602 772 4656 aversabitur
820 4603 1046 4672 judicio,
1110 4608 1254 4676 quod
1318 4608 1386 4663 de
1444 4613 1684 4679 prmmiis
1730 4614 2000 4671 bonorum

432 4707 770 4763 operum,et
819 4696 887 4750 de
937 4701 1116 4766 pinnis
1183 4701 1449 4755 malorum
1520 4703 1826 4760 dictaverit.
1895 4707 2002 4763 Sed

433 4788 554 4840 istis
578 4789 945 4856 opertissimis
967 4790 1188 4844 infamia
1220 4793 1422 4847 criticis
1450 4798 1842 4861 concedamus,
1871 4799 2001 4854 dum

434 4881 538 4932 alia
570 4887 733 4948 atque
780 4881 886 4933 alia
946 4883 1210 4937 scriberet
1264 4883 1440 4951 Nilus,
1509 4887 1564 4940 in
1609 4891 1886 4946 nonnullis
1935 4892 2003 4947 de

433 4970 684 5038 dogmate
707 4972 945 5026 siluisse.
987 4971 1125 5027 Tum
1157 4972 1552 5030 advertendum
1575 4986 1656 5031 est
1712 4995 1834 5032 eum
1859 4998 2003 5052 sche

436 5062 634 5129 saepius
669 5079 790 5116 cum
823 5063 1087 5132 plumbeis
1143 5065 1453 5121 hominibus
1482 5069 1681 5136 egisse,
1711 5078 1767 5124 et
1808 5073 1872 5126 ad
1898 5074 1993 5128 do-

436 5155 615 5215 gmata
670 5149 1020 5219 intelligenda
1079 5151 1562 5220 ineptissimis,et
1624 5161 2001 5214 tantummodo

437 5239 685 5307 corporis
706 5243 1204 5299 exercitationibus
1225 5252 1284 5297 ut
1311 5244 1480 5299 Deum
1508 5245 1615 5300 sibi
1641 5249 2002 5305 conciliarent

435 5328 846 5388 deditissimis:
891 5350 1065 5403 quare
1108 5336 1396 5405 superiora
1445 5344 1500 5391 et
1554 5338 1853 5394 elevatiora
1909 5342 2001 5396 illa

437 5421 697 5489 mysteria
747 5424 1046 5479 evolvenda
1100 5442 1208 5481 non
1263 5436 1438 5484 erant.
1498 5428 1635 5484 Dum
1691 5446 1820 5485 vero
1878 5449 2000 5488 cum

439 5513 825 5580 praestantibus
883 5515 1100 5587 ingenio
1153 5520 1476 5585 tractabat,
1524 5528 1637 5574 tum
1688 5525 2000 5595 expurgatis

438 5602 704 5671 dissidiis,
736 5612 791 5661 et
827 5606 1095 5664 discussis
1133 5610 1450 5668 nebularum
1496 5613 1678 5671 dubiis
1737 5617 1994 5674 secundis

421 331 600 383 n.'nus
671 342 857 382 amore
933 325 1138 382 Christi
1191 326 1450 382 omnibus
1497 327 1871 388 renuntiavit,
1922 331 1977 378 et
2034 377 2042 382 _
2088 325 2265 379 ventis
2295 325 2350 376 in
2395 323 2595 376 aethera
2651 323 2828 376 elatus
2876 319 3134 391 mysteria
3186 320 3312 374 ﬁdei
3369 318 3663 375 fundebat.

421 421 713 473 asceticam
747 417 1111 487 amplexatus,
1153 418 1207 471 in
1241 419 1349 472 Deo
1377 433 1478 472 suo
1506 426 1560 471 et
1590 415 1805 470 Christo
1832 428 1980 483 spem
2027 394 2047 457 ῗῖ
2084 413 2200 467 Νοιι
2231 414 2447 469 credis?
2477 414 2742 468 Percurre
2771 415 2961 474 libros,
3018 423 3072 466 et
3113 413 3472 466 admiraberis
3513 414 3663 481 genii

1097 458 1111 480 ι
1153 448 1207 471 ιιι
1241 448 1349 472 υῠυ
1377 448 1478 472 auu
1506 448 1560 471 Cl.
1591 448 1805 470 υιιιιδιυ
1832 448 1980 480 aputu
2029 448 2045 457 '-

2084 413 2200 467 Non
2231 414 2447 469 credis?
2477 414 2742 468 Percurre
2771 415 2961 474 libros,
3018 423 3072 466 et
3113 413 3472 466 admiraberis
3513 414 3664 481 genii

2085 506 2461 561 dexteritatem
2490 506 2542 558 in
2579 505 2739 559 rebus
2770 503 3090 559 tractandis.
3124 502 3188 556 Et
3221 513 3280 556 ut
3314 505 3483 556 ﬁnem
3533 519 3667 557 ora-

2088 597 2220 650 tioni
2304 597 2617 665 imponam,
2675 596 2766 650 cui
2852 595 3060 662 ﬁdens,
3136 609 3255 663 quae
3320 592 3667 648 Rossanensi

2088 687 2207 741 Nilo
2229 688 2455 741 historia
2515 686 2709 749 defert,
2758 693 2816 739 tu
2870 686 2935 739 ad
2982 685 3667 754 Constantinopolitanum

2089 778 2464 849 Chrysostomi
2493 778 2824 846 discipulum
2851 778 3094 832 detrahis
3123 777 3145 828 ?
3176 776 3389 830 Dictum
3421 777 3492 830 de
3520 791 3669 845 aqua

2090 869 2308 938 frigida,
2364 869 2732 924 Rossanensis
2798 869 3101 938 discipulus
3153 867 3488 924 Rossanensi
3555 885 3672 922 non

2094 962 2280 1017 invitis
2307 961 2561 1015 manibus
2595 960 2708 1014 dat.
2744 958 2824 1012 Tu
2865 960 3178 1029 quingentis
3231 960 3388 1014 annis
3429 960 3673 1012 millesi-

2091 1068 2236 1106 mum
2262 1053 2498 1116 mutilas,
2520 1067 2621 1106 nec
2643 1058 2722 1105 tot
2752 1065 3020 1104 annorum
3045 1050 3284 1120 spatium
3312 1051 3669 1105 decurtatum

2090 1142 2435 1197 exhorrescis
2462 1142 2485 1193 ?
2509 1140 2828 1195 Audi-illius
2864 1139 3215 1208 discipulum,
3250 1154 3318 1193 ex
3349 1155 3458 1209 quo
3497 1138 3672 1190 Baro-

2093 1232 2216 1289 nius
2248 1247 2349 1286 sua
2393 1233 2579 1287 habet.
2632 1231 2774 1286 Dicit
2825 1231 2958 1285 Nilo
3015 1231 3337 1286 Rossanensi
3396 1227 3678 1283 Nicotaus-

2091 1324 2569 1394 protospatharius.
2608 1324 2771 1378 Pater
2799 1340 2962 1394 quare
2982 1323 3110 1378 dicit
3126 1324 3496 1394 Evangelium,
3521 1323 3668 1392 quod

2093 1417 2382 1484 quicunque
2406 1433 2624 1484 parvum
2678 1416 2895 1469 calicem
2960 1433 3108 1486 aqua:
3161 1416 3372 1485 frigidm
3428 1416 3666 1480 dederit,

2093 1523 2198 1561 non
2230 1509 2434 1561 amittet
2483 1508 2769 1562 mercedem
2797 1511 2996 1564 suam?
3028 1508 3311 1574 Respondit
3347 1507 3438 1560 ille
3460 1523 3480 1560 :
3527 1505 3672 1559 Pro-

2093 1606 2207 1666 pter
2239 1597 2333 1650 hoc
2359 1598 2554 1651 dictum
2586 1607 2663 1651 est
2698 1598 2832 1663 illis,
2861 1600 2950 1668 qui
2981 1598 3113 1651 nihil
3145 1597 3355 1661 habent,
3387 1607 3445 1650 ut
3475 1597 3668 1650 nullus

2093 1701 2389 1755 excusetur,
2436 1692 2662 1762 qui‘nec
2709 1690 2864 1744 habet
2902 1691 3067 1760 ligna,
3129 1692 3315 1758 quibus
3375 1688 3670 1756 calefaciat

2095 1797 2307 1850 aquam.
2336 1781 2476 1847 Quid
2506 1796 2624 1834 vero
2646 1779 2850 1848 facietis
2901 1796 3012 1843 vos,
3053 1778 3144 1846 qui
3195 1776 3509 1846 pauperibus
3564 1777 3671 1844 [ri-

2094 1871 2278 1942 gidam
2306 1887 2499 1940 aquam
2534 1870 2800 1939 aufertis?
2827 1869 3076 1924 Christus
3097 1869 3286 1923 eadem
3320 1870 3666 1938 pronuntiat,

2095 1963 2509 2021 utostenderet,
2541 1963 2622 2016 sic
2677 1961 2826 2016 enim
2885 1960 3164 2021 doctores,
3229 1959 3376 2028 iique
3431 1959 3668 2013 maximi

2097 2052 2362 2118 tradunt,
2413 2053 2669 2122 exiguum
2727 2060 2782 2105 et
2833 2049 2992 2104 facile
3043 2049 3388 2113 beneﬁcium,
3441 2059 3495 2104 et
3555 2051 3672 2105 fere

2095 2146 2300 2200 nullius
2333 2145 2706 2198 aastimationis
2737 2146 2876 2214 apud
2911 2144 3180 2206 homines,
3228 2151 3406 2196 tamen
3461 2143 3671 2197 habere

2096 2238 2447 2292 constitutam
2467 2236 2770 2292 mercedem
2793 2252 2823 2290 a
2851 2236 2981 2300 Deo,
2997 2251 3224 2304 eamque
3240 2251 3347 2289 non
3369 2236 3625 2306 exiguam
3653 2253 3669 2302 ;

2097 2346 2218 2401 qua:
2248 2331 2392 2385 enim
2420 2329 2563 2384 Deus
2596 2329 2868 2399 promisit,
2901 2343 3070 2398 parva
3098 2344 3218 2383 esse
3240 2344 3348 2382 non
3380 2335 3619 2397 possunt
3652 2343 3668 2391 ;

2095 2421 2302 2490 majora
2335 2429 2486 2485 sunt,
2515 2436 2679 2490 quam
2715 2421 2978 2474 aestimari
3027 2429 3256 2489 possent
3309 2419 3377 2472 ab
3438 2419 3507 2472 iis
3577 2419 3670 2486 qui

2097 2513 2363 2580 recepturi
2391 2521 2535 2564 sunt.
2570 2511 2730 2580 Aqua.
2756 2509 2959 2579 frigitla-
2999 2509 3134 2563 satis
3170 2509 3374 2563 indicat
3419 2506 3670 2562 studium

2095 2612 2149 2659 et
2205 2601 2539 2673 diligentiam
2609 2602 2662 2655 in
2720 2602 2984 2656 beneficio
3032 2600 3357 2665 exhibendo,
3411 2599 3672 2670 quamvis

2096 2696 2313 2766 exiguo.
2346 2694 2759 2748 Estimatenim
2789 2692 2932 2748 Deus
2956 2709 3121 2763 opera
3151 2695 3321 2764 magis
3349 2709 3413 2747 ex
3459 2693 3668 2756 studio,-

2097 2795 2150 2843 et
2183 2785 2368 2841 divina
2396 2785 2593 2839 mentis
2624 2784 2962 2851 incitatione,
3001 2799 3162 2854 quam
3192 2799 3258 2838 ex
3286 2785 3363 2838 rei
3391 2785 3672 2854 magnitu-

2097 2879 2243 2934 dine.
2269 2875 2846 2938 llaacdicitChristus;
2881 2882 2934 2928 et
2961 2873 3114 2928 Nilus
3136 2874 3426 2928 identidem
3475 2874 3669 2928 eadem

2098 2966 2409 3023 revocando
2433 2966 2770 3037 pronuntiat.
2805 2965 2887 3020 An
2921 2965 3087 3019 videri
3130 2965 3670 3035 potestcommodius

2097 3065 2152 3112 et
2189 3057 2415 3124 aptius?
2447 3055 2696 3111 Christus
2733 3056 2992 3125 loquitur,
3028 3055 3122 3124 qui
3152 3055 3312 3123 pleno
3369 3065 3597 3124 pectore
3623 3066 3673 3108 et

2097 3162 2271 3217 perse
2300 3147 2463 3215 sapit.
2501 3145 2682 3199 Dicito.
2704 3153 2761 3198 tu
2824 3144 3188 3207 commodius,
3255 3145 3349 3213 qui
3409 3145 3679 3198 diviniori-

2098 3247 2299 3298 mente,
2330 3249 2380 3291 et
2399 3237 2627 3292 consilio
2659 3237 2824 3306 sapis.
2851 3236 3006 3292 Nilus
3026 3236 3230 3291 Christi
3252 3236 3417 3291 verba
3448 3239 3668 3305 repetit;

2098 3339 2150 3386 et
2174 3339 2230 3385 tu
2262 3330 2439 3384 Nilum
2468 3329 2813 3384 incommode
2834 3329 2980 3398 loqui
3020 3343 3129 3381 non
3155 3327 3360 3383 vereris
3391 3343 3669 3391 asserere,

2098 3421 2227 3475 dum
2271 3421 2346 3474 ait
2382 3428 2567 3490 potum
2603 3435 2755 3489 aqua:
2787 3419 2994 3489 frigidm
3029 3419 3332 3488 j-ustiﬁcare
3357 3420 3672 3473 misericor-

2098 3512 2219 3567 dem
2259 3520 2355 3567 :et
2404 3511 2546 3581 vulgi
2579 3511 3060 3581 reprehensionem
3115 3524 3227 3562 non
3281 3507 3609 3563 reformidas
3645 3508 3672 3561 Ὺ

2097 3603 2173 3657 lta
2205 3602 2419 3657 tandem
2441 3613 2498 3656 et
2523 3603 2896 3671 Evangelium,
2929 3609 2983 3655 et
3013 3599 3216 3654 Christi
3241 3600 3404 3654 verba
3433 3599 3502 3652 ad
3537 3601 3668 3654 libi-

2099 3704 2212 3747 tum
2232 3702 2382 3746 tuum
2404 3692 2721 3763 conﬁngito,
2749 3692 3069 3761 redditoque
3092 3691 3285 3745 incudi
3302 3693 3668 3746 versus-male

2099 3794 2362 3849 tornatos,
2403 3793 2462 3838 ut
2499 3785 2883 3849 incommodis,
2919 3799 3040 3855 qua:
3069 3792 3300 3836 mentem
3348 3792 3495 3836 tuam
3531 3783 3668 3838 dila-

2097 3884 2307 3940 cerant,
2347 3877 2550 3930 mederi
2582 3879 2783 3931 valeas.

2171 3969 2528 4024 Doctissitnus
2561 3967 2822 4022 Possinus
2850 3969 2905 4023 in
2923 3969 3210 4042 Menologii
3257 3971 3429 4026 (ἔτωοὶ
3483 3972 3665 4028 verbis

2097 4061 2414 4116 Mauritium
2469 4061 2521 4115 in
2585 4059 2922 4115 Marcianum
2981 4063 3274 4129 demutat;
3336 4064 3483 4135 quod
3544 4073 3666 4134 apte

2097 4155 2244 4209 cadit
2268 4155 2321 4208 in
2346 4169 2480 4208 rem.
2510 4154 2613 4218 Qui
2672 4155 2817 4209 enim
2862 4156 3039 4225 potuit
3083 4157 3188 4212 sub
3232 4157 3507 4221 Mauritio,
3563 4160 3664 4226 qui

2098 4245 2389 4314 imperium
2425 4246 2547 4299 iniit
2569 4261 2714 4300 anno
2743 4245 2954 4301 Domini
2993 4249 3098 4303 585
3142 4251 3417 4304 comnmni
3467 4250 3664 4320 spiritu

2097 4335 2225 4400 frui,
2257 4337 2349 4406 qui
2370 4335 2596 4391 Joannis
2619 4336 2990 4406 Chrysostomi
3016 4337 3334 4408 discipulus,
3368 4348 3421 4394 et
3440 4342 3663 4409 aqualis

2098 4426 2269 4482 fuisse
2296 4429 2580 4493 asseritur,
2613 4429 2770 4496 cujus
2804 4428 2988 4490 obitus
3006 4443 3148 4484 anno
3173 4431 3276 4485 407
3299 4431 3368 4485 ab
3389 4431 3663 4485 historicis

2098 4518 2347 4588 ponitur?
2369 4516 2606 4572 Vixisset
2633 4519 2818 4586 utique
2838 4517 3124 4571 minimum
3150 4533 3324 4572 annos
3351 4518 3474 4582 175,
3509 4519 3663 4573 dem-

2100 4610 2209 4679 ptis
2237 4609 2400 4664 etiam
2433 4609 2612 4672 annis,
2645 4609 2851 4678 quibus
2883 4607 3299 4664 ad'obtinendas
3333 4610 3654 4679 disciplinas

2099 4702 2492 4772 Chrysostomo
2522 4701 2819 4756 adhaesisse
2846 4701 3148 4771 negandum
3189 4710 3414 4756 nonest.
3450 4702 3516 4754 Et
3540 4705 3662 4771 quis

2100 4794 2347 4848 crederet
2376 4791 2606 4847 Nilianaa
2627 4795 2802 4848 :etatis
2829 4793 2962 4848 adeo
2984 4792 3259 4847 diuturna
3314 4793 3536 4861 spatia?
3567 4794 3662 4848 Hie

2099 4883 2244 4938 idem
2269 4883 2531 4938 Possinus
2557 4884 2608 4937 in
2630 4884 2947 4953 praefatione
2994 4898 3093 4938 sua
3141 4884 3197 4937 in
3240 4883 3510 4953 Epistolas
3557 4883 3658 4938 Nili

2100 4975 2165 5029 ad
2186 4974 2688 5029 Eminentissimum
2729 4974 3084 5030 Barberinum
3113 4976 3272 5029 aliam
3291 4984 3443 5030 notat
3462 4976 3529 5030 de.
3555 4977 3659 5030 Nili

2099 5072 2256 5118 actate
2285 5063 2590 5134 CaryOphili
2622 5064 3102 5120 hallucinationem
3125 5084 3138 5118 :
3162 5067 3400 5131 Quarum
3429 5069 3652 5132 primum

2101 5158 2389 5226 antiquitas
2419 5175 2479 5209 ea
2513 5167 2610 5218 est,
2644 5159 2728 5209 cui
2764 5158 2852 5227 qui
2881 5157 3023 5210 mille
3050 5175 3214 5211 annos
3247 5159 3504 5227 imputare
3529 5161 3657 5212 satis

2099 5247 2357 5313 habuerit,
2385 5247 2678 5301 detraxisse
2729 5246 2792 5300 de
2824 5263 2947 5300 vera
3000 5263 3207 5301 summa
3266 5248 3659 5315 deprehenditur

2102 5355 2266 5391 annos
2281 5339 2680 5406 feretrecentos,
2707 5346 2873 5391 totum
2902 5338 3155 5391 nimirum
3184 5338 3655 5408 intervallum,quo

2101 5432 2318 5484 Arcadii
2346 5432 2695 5498 principatus,
2727 5447 2848 5483 vera
2872 5439 2922 5484 et
2951 5441 3094 5484 certa
3145 5440 3275 5483 tetas
3331 5429 3447 5482 Nili
3496 5431 3657 5483 nostri

2101 5523 2363 5576 antecedit
2384 5522 2698 5576 M-auritium
2725 5522 3041 5593 Augustum,
3064 5539 3165 5593 quo
3184 5531 3354 5575 tamen
3379 5523 3658 5590 imperante

2105 5617 2347 5686 ﬂoruisse
2402 5616 2772 5686 scripsisseque
2830 5613 3014 5670 Nilum
3065 5616 3146 5670 uir
3187 5615 3420 5686 alioquin
3477 5620 3654 5670 doctus
