3822 6216
174 278 254 339 23

176 392 590 446 tiellucmatus
637 402 738 446 est.
801 391 870 444 Et
922 391 1070 445 addit
1122 392 1176 444 in
1237 394 1526 463 margine:
1570 392 1806 447 Joannes

178 478 517 535 Matthaeus
549 481 902 549 Caryophilus
945 479 1268 548 Prtefatione
1312 482 1366 533 in
1421 481 1592 533 Vitam
1635 483 1810 536 sancti

179 569 318 623 Nili
351 571 628 626 Junioris.
667 571 842 624 Verba
895 571 1200 640 Caryophili
1229 574 1339 625 hinc
1369 581 1521 624 sunt:
1540 570 1606 624 Ut
1635 583 1808 624 autem

183 662 378 718 Nilus
424 667 506 717 hic
530 675 713 717 noster
735 662 1125 716 Italo-Griecus
1160 663 1529 725 Rossanensis,
1561 661 1807 716 Junioris

182 755 438 806 titulum
472 754 744 817 habuerit,
780 754 1025 821 paralleli
1064 755 1305 822 qua-dam
1340 755 1442 821 fuit
1468 752 1804 805 admirabilis

178 846 588 898 conuenientia
649 861 768 897 cum
826 844 1110 911 antiquiori
1174 843 1325 908 Nilo,
1383 860 1531 910 quem
1593 844 1804 910 pietatis

187 940 544 991 monastica'
572 937 843 1007 splendor,
871 946 918 990 et
943 936 1205 1004 prtrclara
1229 938 1424 1005 ingenii
1469 943 1805 988 monumenta

182 1029 257 1083 de
285 1033 431 1085 eitce
461 1032 729 1085 solitariae
758 1031 1004 1084 instituto
1031 1029 1384 1081 immortalem
1438 1029 1800 1081 reddiderunt.

198 1117 368 1172 Vixit
409 1122 456 1174 is
491 1123 781 1187 imperante
829 1119 1104 1182 Mauritio,
1138 1131 1187 1172 et
1218 1127 1496 1187 praetorem
1521 1119 1794 1172 Constan-

185 1211 449 1279 tinopoli
479 1215 608 1282 egit,
639 1211 824 1265 deinde
848 1211 1065 1279 paribus
1101 1227 1219 1264 cum
1247 1226 1414 1264 uxore
1466 1212 1622 1274 votis,
1651 1225 1804 1278 regu-

189 1302 322 1354 lam
355 1304 473 1369 ipse
487 1304 698 1371 quidem
720 1303 1068 1355 monasticam
1092 1301 1359 1369 professus
1386 1309 1464 1354 est
1493 1302 1549 1354 in
1574 1299 1804 1369 Egi/pta

189 1409 319 1446 una
355 1411 484 1446 cum
511 1394 622 1456 ﬁlio
662 1393 943 1455 Theodulo,
965 1401 1016 1444 et
1053 1391 1296 1444 sacerdos
1341 1390 1463 1459 fuit,
1498 1406 1631 1442 uxor
1683 1404 1804 1442 vero

190 1499 336 1536 cum
368 1484 492 1553 ﬁlia
541 1485 756 1538 recessit
818 1485 872 1538 in
918 1483 1239 1552 feminarum
1305 1483 1703 1546 monasterium,
1753 1489 1804 1534 et

191 1586 443 1646 uterque
517 1577 820 1630 sanctitatis
871 1575 1111 1628 lauream
1161 1575 1377 1641 adeptus
1434 1582 1532 1628 est.
1569 1573 1633 1624 At
1685 1587 1804 1625 vero

197 1665 263 1718 Ν
269 1667 393 1720 ilus
416 1665 617 1719 Junior
647 1666 767 1728 licet
795 1663 1040 1718 sacerdos
1071 1678 1338 1732 nunquam
1392 1661 1575 1730 fuerit,
1632 1669 1802 1712 tamen

196 1757 413 1810 relicta
509 1772 672 1811 uxore
731 1764 906 1808 tantos
985 1755 1041 1807 in
1123 1752 1421 1806 monastica
1476 1749 1805 1819 professione

196 1847 350 1915 fecit
393 1863 729 1917 progressus,
780 1856 838 1899 ut
861 1846 1019 1915 plane
1049 1843 1424 1898 monachorum
1465 1842 1803 1895 eremitarum

199 1941 504 1992 institutor
554 1939 799 2001 evaserit,
864 1949 912 1992 et
970 1937 1162 1991 Basilii
1219 1934 1402 2006 Magni
1455 1935 1692 1988 ordinem
1746 1933 1800 1986 in

205 2029 398 2085 Italia
419 2033 642 2101 miriﬁce
657 2031 964 2085 illustrarit.
986 2027 1197 2095 Scripta
1221 2043 1340 2080 vero
1366 2025 1502 2093 ejus,
1535 2025 1632 2078 etsi
1652 2023 1802 2076 nulla

203 2132 458 2184 exstant,
486 2123 684 2175 multas
715 2137 888 2174 tamen
924 2130 974 2174 et
995 2119 1227 2189 egregias
1257 2117 1320 2170 ab
1346 2133 1404 2170 eo
1430 2117 1592 2182 fuisse
1622 2115 1800 2169 elucu—

207 2212 410 2266 bratas
449 2212 727 2280 epistolas,
767 2220 988 2264 testatur
1028 2209 1118 2275 qui
1177 2206 1492 2276 praeclaram
1513 2204 1646 2257 hanc
1667 2200 1802 2257 Vita:

205 2303 340 2372 ejus
369 2304 652 2357 historiam
675 2302 973 2371 posteritati
1003 2299 1293 2352 mandavit.

293 2396 365 2450 Et
393 2395 773 2466 Chrysostomi
809 2394 979 2448 fuisse
996 2391 1326 2461 discipulum
1359 2389 1533 2443 habeo
1561 2403 1627 2442 ex
1677 2385 1802 2441 Cal-

210 2486 343 2540 lixti
371 2485 636 2547 Historia,
663 2485 754 2537 lib.
787 2499 901 2545 xw,
959 2497 1078 2550 cap.
1110 2481 1178 2535 ὅθ
1207 2479 1435 2543 τΝείλός
1468 2495 1525 2530 τε
1547 2478 1576 2530 ὁ
1606 2476 1802 2529 θεσπέ-

217 2594 337 2640 σιος
366 2576 636 2646 ἀσκητὴς,
667 2577 694 2628 ὃ
722 2593 780 2626 τε
813 2574 906 2626 τοῦ
946 2573 1244 2642 Πηλουσίου
1280 2569 1570 2641 Ἰσίδωρος,
1624 2568 1718 2622 καί⁵
1771 2568 1802 2620 ὁ

216 2669 664 2739 τοο).υθρύλ).ητος
694 2666 937 2738 ἀσκητὴς
992 2668 1239 2733 Μάρκος,
1282 2664 1505 2735 Ἰωάννῃ
1553 2660 1630 2732 τῷ
1660 2660 1802 2714 πάνυ

225 2758 683 2830 μαθητευθέντες,
711 2755 935 2824 Insuper
977 2754 1137 2808 Nilus
1189 2763 1385 2808 ascetes
1453 2750 1800 2816 venerandus,

227 2849 483 2904 Isidorus
515 2849 807 2908 Pelusiota.
839 2858 888 2900 et
918 2848 1228 2900 decantatus
1253 2844 1540 2898 monachus
1561 2841 1799 2907 Marcus,

221 2941 455 2997 Joannis
495 2941 679 3010 Magni
710 2940 976 3008 discipuli.
1005 2939 1370 2992 Bellarminus
1404 2939 1474 2991 de
1505 2935 1804 3005 Scriptori-

223 3032 328 3087 bus
362 3052 376 3087 :
404 3032 463 3086 S.
501 3031 660 3084 Nilus
683 3031 909 3083 Joannis
953 3029 1320 3100 Chrysostomi
1352 3028 1641 3096 discipulus
1673 3026 1802 3079 vixit

226 3135 458 3192 tempore
491 3124 773 3178 Theodosii
814 3123 1078 3176 Junioris.
1126 3121 1438 3184 Gretserus,
1496 3120 1574 3173 De
1629 3135 1801 3184 cruce,

227 3219 324 3272 lib.
362 3217 407 3276 l.
444 3232 570 3285 cap.
633 3217 722 3270 35.
785 3215 1049 3270 Labbaeus
1087 3215 1142 3267 in
1199 3229 1299 3268 sua
1356 3211 1705 3278 Bibliotheca,
1749 3217 1804 3265 et

222 3307 468 3363 Joannes
501 3307 750 3360 Andreas
782 3306 1069 3372 Questadt.

297 3396 406 3450 Sed
455 3396 587 3464 quid
620 3394 674 3447 in
729 3393 1032 3462 indaganda
1077 3388 1183 3444 Nili
1248 3397 1408 3445 aetate
1447 3399 1802 3444 externorum

224 3487 544 3544 testimonia
577 3485 881 3554 conquiro?
902 3483 1024 3552 ipse
1053 3484 1155 3539 sibi
1187 3482 1344 3537 Nilus
1382 3481 1542 3537 testis
1562 3480 1802 3550 locuples

225 3592 334 3642 est,
369 3587 424 3633 et
452 3587 667 3633 aetatem
709 3592 864 3631 suam
897 3575 1208 3638 ﬁrmissime
1265 3583 1565 3635 asseverat,
1601 3578 1656 3627 et
1702 3571 1804 3626 sub

226 3688 338 3739 quo
360 3671 617 3740 spiritum
637 3667 870 3722 ducebat
897 3666 1226 3734 imperatore
1249 3664 1470 3718 indicat.
1508 3661 1802 3730 Legantur,

227 3767 275 3819 si
308 3765 508 3833 volupe
540 3769 646 3824 est,
701 3760 875 3829 ipsius
930 3758 997 3812 ad
1069 3757 1362 3810 Arcadium
1423 3755 1803 3824 imperatorem

226 3857 447 3918 litterae,
474 3869 614 3922 quas
633 3853 722 3906 hic
741 3866 865 3905 cum
899 3850 1021 3904 aliis
1050 3849 1284 3912 edimus,
1311 3846 1594 3915 ediditque
1623 3842 1807 3899 Possi-

229 3965 358 4012 nus,
386 3950 547 4017 cujus
576 3945 644 3999 de
697 3943 890 3999 exsilio
923 3939 1149 3994 Joannis
1193 3940 1251 3993 in
1304 3939 1421 4006 ipsa
1481 3936 1806 3992 sententiam

231 4039 384 4107 ponit
416 4039 473 4091 in
505 4034 776 4090 crimine:
803 4031 1058 4100 Ἰωάννην
1088 4028 1188 4082 οὐκ
1221 4027 1456 4095 εὐλόγως
1489 4027 1568 4088 εἰς
1593 4024 1807 4094 ἐξορίαν

232 4129 550 4199 ἐξέπεμψας
598 4130 661 4179 ὲκ
715 4124 914 4192 πολλῆς
948 4121 1356 4190 ἐλαφρίας-τοῖς
1387 4119 1460 4188 μὴ
1508 4117 1807 4185 ὑγιαίνουσι

229 4225 289 4276 τὸ
319 4223 538 4290 φρονεῖν
588 4218 908 4277 ἐπισκόποις
952 4211 1378 4283 παραπεισθείς·
1407 4209 1664 4262 Joannem
1702 4223 1808 4260 non

230 4329 361 4370 recte
423 4316 478 4367 in
533 4312 780 4366 exsilium
835 4307 1136 4361 amandasti
1191 4319 1301 4371 prce
1373 4301 1542 4354 multa
1601 4301 1806 4354 levitate

231 4417 295 4464 ab
361 4405 572 4461 insanis
626 4400 941 4470 quibusdam
1004 4397 1261 4467 episcopis
1310 4397 1449 4448 male
1502 4408 1804 4461 persuasus.

233 4503 298 4555 Et
342 4521 358 4556 :
409 4500 537 4560 Πῶς
583 4494 868 4563 ἐπιθυμεῖς
928 4491 1026 4562 τὴν
1072 4485 1643 4549 Κωνσταντινοὺπολιν
1698 4483 1808 4536 τῶν

237 4591 580 4663 curiamisz
615 4584 873 4654 σεισμῶν,
909 4584 1005 4635 καὶ
1033 4582 1132 4650 τῆς
1170 4577 1504 4639 ὲπελεύσεως
1535 4575 1630 4628 τοῦ
1662 4575 1809 4628 αἰθε-

236 4685 350 4756 ρίου
383 4678 555 4748 πυρὸς
579 4672 1000 4741 ἀπηλλαγμένην
1039 4669 1185 4731 ἰδεῖν,
1204 4667 1412 4737 μυρίων
1444 4665 1810 4734 ἀτοπημάτων

235 4772 422 4826 αὐτόθι
477 4767 782 4836 γενομένων
811 4805 825 4828 ,
852 4763 944 4815 καὶ
999 4759 1423 4831 νομιτευομένης
1463 4758 1564 4825 τῆς
1613 4758 1810 4819 κακίας

235 4866 333 4918 σὺν
382 4857 668 4931 παρρησία
720 4854 912 4923 πολλῇ,
944 4850 1310 4922 ὲξορισθέντος
1353 4848 1449 4902 τοῦ
1493 4847 1682 4902 στόλου
1711 4847 1810 4917 τῆς

233 4949 587 5019 Ἐκκλησία-ς,
613 4944 708 4999 τοῦ
742 4944 917 5012 φωτὸς
947 4943 1044 5012 τῆς
1075 4940 1353 5011 ἀληθείας,
1377 4939 1477 5009 τῆς
1511 4939 1810 5006 σάλπιγγος

235 5043 327 5096 τοῦ
350 5036 610 5110 Χριστοῦ,
628 5034 891 5088 Ἰωάννου.
912 5030 1183 5097 Quomodo
1199 5029 1344 5098 cupis
1371 5026 1811 5093 Constantinopo-

237 5135 329 5187 lim
375 5129 706 5183 creberrimis
769 5136 924 5178 terrte
962 5122 1208 5185 motibus,
1251 5131 1300 5175 et
1334 5121 1660 5174 immissione
1701 5120 1810 5188 fre-

238 5222 416 5292 quenti
443 5223 784 5274 cethereorum
817 5217 1017 5285 ignium
1073 5215 1353 5268 liberatam
1398 5228 1627 5273 cernere,
1690 5227 1809 5263 cum

239 5312 648 5369 innumerabilia
676 5310 793 5363 istic
817 5307 1029 5377 piacula
1059 5307 1478 5369 committantur,
1550 5313 1598 5356 et
1628 5309 1810 5354 aucto-

244 5409 456 5459 ritatem
478 5404 579 5456 sibi
600 5402 810 5471 plenam
839 5400 1035 5469 ﬁducia
1061 5399 1328 5451 liberrima
1377 5395 1593 5457 invidia,
1630 5402 1676 5444 et
1712 5393 1811 5460 fit—

247 5515 332 5552 ror
372 5504 667 5558 exerceant,
697 5494 1047 5547 exterminata
1077 5489 1330 5542 Ecclesia:
1380 5489 1644 5550 columna,
1700 5486 1813 5539 luce

249 5589 504 5647 reritalis,
527 5597 575 5640 et
604 5584 730 5638 tuba
759 5583 958 5638 Christi
987 5581 1214 5644 Joanne,
1237 5589 1346 5635 etc.
1379 5577 1515 5630 Hinc
1543 5578 1587 5630 si
1621 5575 1814 5628 Mauri-

249 5684 378 5733 tium
402 5677 826 5740 intrudcrcmus,
861 5690 969 5730 non
993 5674 1111 5731 sine
1132 5687 1328 5746 magno
1353 5677 1550 5727 conatu
1584 5683 1808 5741 magnas

1445 286 1756 346 NOTlTlA
1795 288 1878 349 IN
1916 290 1976 349 S.
2016 289 2283 352 NILUM.

3406 289 3478 353 3η

1910 411 2086 465 nugas
2115 396 2438 460 diceremus,
2470 404 2524 449 et
2553 395 2730 450 Nilum
2761 395 2908 450 hunc
2937 405 3213 462 nostrum,
3253 408 3472 454 centum

1911 492 1965 536 et
2019 485 2298 553 octoginta
2352 484 2512 538 annis
2578 485 2837 553 majorem
2890 486 3173 554 pinguiorc
3228 487 3472 542 minerva

1908 574 2332 639 alﬁrmaremus,
2394 590 2567 644 eoque
2630 577 2919 646 praecipue,
2949 577 2992 630 si
3049 585 3160 629 tum
3221 586 3470 632 sanctum

1905 662 2180 717 hominem
2212 671 2267 718 et
2295 663 2535 718 adultum
2558 666 2784 729 artibus,
2803 675 2983 720 etnon
3016 667 3067 719 in
3094 668 3212 736 ipso
3234 669 3315 722 sui
3344 675 3470 722 ortu

1904 755 2004 811 has
2034 756 2267 810 Arcadio
2299 756 2513 812 dedisse
2533 758 2791 827 epistolas
2817 773 2915 828 pro
2977 768 3256 828 comperto
3304 776 3471 830 pone—

1904 863 2107 902 remus.
3432 897 3448 924 κ

1974 937 2282 1008 Caryophili
2339 938 2688 993 oscitantiam
2745 939 2960 993 videtur
2992 953 3285 994 extenuare
3339 941 3472 996 Gul-

1902 1029 2114 1083 lielmus
2143 1029 2374 1084 Sirletus
2423 1029 2475 1081 in
2508 1029 2808 1099 Menologio
2840 1031 3152 1085 Graecorum
3209 1030 3400 1086 Latine
3438 1048 3469 1085 a

1903 1135 1962 1174 se
1995 1121 2227 1178 reddito.
2260 1120 2403 1190 quod
2423 1120 2594 1174 oculis
2612 1136 2829 1189 quoque
2871 1121 3026 1188 sequi
3081 1123 3286 1190 poteris
3326 1141 3339 1176 :
3371 1121 3471 1176 Die

1904 1210 1972 1263 12
1994 1210 2301 1266 Novembris
2333 1227 2352 1264 :
2380 1212 2596 1266 Natalis
2620 1214 2796 1265 sancti
2859 1211 3042 1268 Patris
3100 1215 3271 1268 nostri
3328 1212 3466 1270 Nili.

1907 1304 2010 1356 Hic
2033 1304 2136 1372 fuit
2170 1306 2262 1356 sub
2289 1305 2602 1370 imperatore
2623 1303 2901 1368 Mauritio,
2933 1313 3041 1360 etc.
3071 1305 3327 1370 Quinimo
3353 1305 3472 1375 ipse

1901 1394 2265 1464 Caryophilus
2287 1405 2440 1449 extra
2464 1410 2679 1450 omnem
2705 1397 2919 1465 culpam
2947 1411 3006 1451 se
3031 1404 3216 1466 ponet,
3245 1397 3291 1451 si
3315 1397 3470 1452 testi-

1902 1487 2144 1539 monium
2179 1486 2354 1556 ipsius
2405 1486 2510 1540 Nili
2559 1502 2684 1542 cera
2721 1488 2943 1542 miniata
2999 1505 3106 1542 non
3169 1491 3466 1544 notabitur.

1903 1575 1963 1630 Et
1991 1579 2117 1648 quis
2139 1579 2192 1632 in
2222 1594 2388 1634 causa
2422 1577 2527 1632 Nili
2559 1581 2762 1649 scripta
2797 1581 2970 1649 ipsius
2993 1580 3096 1635 Nili
3126 1581 3470 1652 improbave-

1900 1669 1991 1730 rit,
2022 1669 2100 1722 vel
2141 1669 2467 1722 sententiam
2498 1671 2793 1737 exploserit
2823 1670 2844 1722 τί
2901 1670 2981 1724 Sit
3011 1686 3139 1740 ergo
3173 1673 3224 1726 in
3269 1672 3469 1734 medio,

1899 1760 2044 1814 etde
2091 1775 2192 1814 sua
2245 1767 2405 1814 aetate
2459 1760 2606 1814 litem
2660 1761 2948 1828 przeliniat,
2999 1776 3063 1814 ex
3120 1763 3346 1831 epistola
3399 1762 3467 1816 ad

1900 1850 2184 1905 Zosarium
2233 1851 2548 1914 tribunum,
2575 1850 2665 1904 lib.
2709 1849 2748 1912 Ι,
2781 1851 2941 1919 epist.
2985 1851 3056 1905 55
3089 1868 3104 1904 :
3140 1852 3288 1921 Μηδὲ
3327 1853 3471 1906 ἁπαν

1896 1943 2045 1996 τάτω
2106 1941 2354 2004 Ἰουδαῖος
2401 1941 2575 2009 λέγων
2609 1980 2625 2004 ,
2695 1941 2764 1993 δι’
2815 1941 3005 2011 ἐτέρας
3049 1943 3318 2012 ἁμαρτίας
3361 1943 3468 1995 ἀπ-

1896 2032 2305 2104 ηλλωτριῶσθαι
2350 2033 2447 2100 τῆς
2488 2032 2890 2102 Παλαιστίνης·
2931 2033 2992 2085 οὐ
3032 2033 3143 2101 γὰρ
3191 2033 3258 2084 δι’
3303 2032 3472 2097 ἄλλας

1897 2121 2194 2190 ἁμαρτίας,
2228 2119 2316 2173 διὰ
2371 2119 2429 2171 δὲ
2474 2120 2572 2188 τὴν
2619 2119 2994 2188 κυριοκτονίαν
3049 2120 3347 2173 πεπόνθασι
3399 2120 3467 2172 τὰ

1897 2213 2189 2281 ἀνήκεστα.
2250 2211 2444 2280 Πρώην
2493 2211 2590 2280 μὲν
2637 2210 2745 2281 γὰρ
2797 2209 3342 2281 είδωλολατροῦντες,
3372 2211 3470 2264 καὶ

1896 2305 2024 2366 τοὺς
2087 2305 2372 2374 προφήτας
2421 2301 2755 2371 φονεύοντες,
2801 2303 2895 2355 καὶ
2946 2305 3058 2365 τοῖς
3107 2302 3324 2371 δαίμοσι
3369 2300 3470 2363 τὰς

1899 2393 2224 2463 θυγατέρας,
2255 2391 2348 2444 καὶ
2389 2392 2514 2454 τοὺς
2548 2393 2699 2454 υἱοὺς
2749 2390 2966 2453 θύοντες
3006 2395 3120 2454 τοῖς
3153 2389 3470 2460 ἀλλοφύλοις

1898 2485 1977 2545 είς
2030 2482 2405 2553 αἰχμαλωσίαν
2439 2481 2543 2534 ὑπὸ
2590 2479 2725 2534 Θεοῦ
2777 2481 3168 2553 παρεδίδοντο,
3197 2482 3291 2534 καὶ
3350 2481 3468 2551 μετ’

1897 2575 2056 2644 ὀλίγα
2084 2575 2178 2644 ἐτη
2214 2574 2290 2645 τῷ
2339 2574 2468 2645 θείῳ
2499 2573 2800 2644 βουλήματι
2840 2573 3004 2626 πάλιν
3026 2575 3360 2644 ἐπανήγοντο
3388 2575 3472 2637 εἰς

1897 2665 1998 2735 τὴν
2034 2665 2139 2735 γῆν
2163 2663 2263 2734 τῆς
2288 2664 2638 2731 ἐπαγγελίας.
2687 2663 2804 2731 Ἀφ’
2839 2657 2899 2717 οῦ
2931 2662 2986 2716 δὲ
3017 2663 3076 2716 τὸ
3119 2664 3336 2717 ἀνίατον
3376 2679 3467 2714 τε-

1897 2757 2200 2828 τολμήκασι
2243 2758 2472 2826 πρᾶγμα
2498 2757 2576 2818 είς
2599 2755 2690 2807 τὸν
2713 2755 2828 2807 υἱὸν
2849 2754 2942 2807 τοῦ
2981 2754 3115 2807 Θεοῦ
3149 2756 3249 2815 τὰς
3276 2756 3470 2824 χεῖρας

1899 2849 2174 2903 ἐπιϐαλεῖν
2217 2847 2471 2900 παντελεῖ
2514 2846 2776 2917 πορθήσει
2823 2847 3144 2902 ἐκδέδονται.
3189 2845 3320 2898 Ἰδοὺ
3363 2845 3473 2897 λοι-

1900 2938 2001 2993 πδν
2041 2937 2492 2991 πεντακοσιοστὺν
2515 2937 2653 3000 ἔτος,
2681 2937 2776 2990 καὶ
2815 2936 3050 3007 οὐδαμοῦ
3086 2936 3207 2990 θεία
3235 2953 3318 3000 τις
3351 2937 3473 2988 ἑπι-

1901 3029 2099 3099 σκοπὴ,
2139 3026 2238 3080 οὐκ
2289 3026 2592 3096 ἀντίληψις,
2619 3026 2678 3079 οὺ
2715 3028 3048 3098 παρηγορία,
3074 3027 3135 3080 οὐ
3180 3028 3472 3098 προφήτης
3572 3103 3577 3109 Ι

1899 3116 2188 3180 νουθετῶν,
2213 3117 2309 3169 καὶ
2346 3117 2638 3186 στηρίζων,
2668 3115 2857 3188 ὥσπερ
2896 3119 2953 3170 ὲν
2989 3117 3270 3170 Βαϐυλῶνι
3299 3117 3471 3179 Ἰεζε-

1899 3207 2026 3279 κιήλ
2052 3224 2112 3261 τε
2152 3208 2245 3261 καὶ
2267 3207 2595 3276 Δανιὴλ,καὶ
2622 3209 2671 3260 οι
2697 3208 2846 3261 ἄλλοι
2865 3225 2882 3240 ο
2916 3208 3099 3262 οὐκέτι
3138 3209 3248 3279 γὰρ
3285 3209 3471 3272 αὐτοῖς

1902 3297 2047 3350 θέλει
2094 3298 2448 3370 προσομιλεῖν
2491 3301 2520 3351 ὁ
2552 3298 2686 3361 Θεὸς
2742 3299 3155 3370 βδελυττόμενος
3211 3299 3469 3362 τούτους’

1902 3385 1986 3440 Ne
2009 3397 2056 3441 te
2093 3388 2308 3440 seducat
2336 3387 2558 3441 Iudaeus
2589 3404 2845 3453 asserens,
2861 3399 3074 3457 propter
3097 3389 3210 3442 alia
3257 3397 3473 3457 peccata

1899 3478 2182 3545 spoliatum
2210 3494 2265 3530 se
2277 3493 2388 3531 esse
2415 3477 2708 3531 Palwstina
2729 3495 2748 3542 ;
2771 3493 2931 3548 neque
2954 3479 3093 3532 enim
3113 3480 3174 3531 ob
3212 3478 3322 3531 alia
3350 3493 3472 3545 pec-

1899 3577 2042 3630 cata,
2077 3568 2167 3620 sed
2188 3577 2398 3635 propter
2432 3565 2644 3619 Domini
2671 3582 2867 3633 necem,
2892 3569 3060 3620 multa
3110 3569 3316 3637 gravia,
3355 3569 3475 3636 qui-

1902 3657 1996 3710 bus
2032 3657 2180 3710 nulla
2243 3657 2502 3711 medicina
2531 3665 2630 3722 est,
2663 3659 2893 3725 perpessi
2922 3667 3065 3713 sunt.
3103 3659 3316 3713 Etenim
3349 3668 3474 3714 ante

1901 3744 2257 3825 illatempora
2303 3743 2450 3797 idola
2497 3745 2747 3807 colentes,
2790 3747 3077 3815 prophetas
3130 3747 3470 3812 trucidantes,

1901 3834 2224 3888 daemonibus
2249 3835 2391 3903 ﬁlias
2432 3835 2672 3905 filiosque
2726 3839 3114 3907 sacriﬁcantes,
3164 3839 3473 3909 alienigenis

1903 3929 1957 3981 in
1989 3928 2406 3994 captioitatema
2435 3927 2544 3981 Deo
2597 3929 2963 3994 tradebantur,
3011 3939 3058 3984 et
3109 3947 3304 3999 paucos
3355 3939 3474 4000 post

1905 4033 2095 4080 annos,
2145 4016 2226 4069 ita
2268 4015 2371 4068 Deo
2421 4025 2701 4082 annuente,
2751 4018 2804 4070 in
2864 4026 3059 4070 terram
3112 4019 3471 4086 promissionis

1845 4130 1856 4142 -
1905 4108 2303 4161 reducebantur.
2341 4105 2424 4159 Ex
2444 4124 2543 4176 quo
2565 4124 2681 4161 vero
2710 4107 3092 4162 immedicabile
3129 4110 3360 4178 facinus,
3414 4112 3471 4164 in

1905 4197 1955 4250 F
1957 4198 2109 4251 ilium
2139 4197 2238 4251 Dei
2270 4214 2457 4250 manus
2488 4206 2818 4264 apponentes,
2848 4207 3236 4267 perpetrarunt.
3291 4215 3471 4269 perpe—

1907 4300 1996 4344 tuo
2025 4289 2227 4344 excidio
2263 4289 2446 4342 traditi
2466 4298 2609 4344 sunt.
2654 4288 2737 4341 En
2786 4289 2962 4358 itaque
3019 4291 3464 4359 qningentesimus

1907 4399 2099 4447 annus,
2129 4389 2450 4449 etnusquam
2468 4381 2699 4432 divinum
2723 4379 3036 4440 subsidium,
3063 4396 3166 4433 non
3189 4381 3470 4444 auxilium,

1906 4491 2010 4529 non
2039 4471 2348 4536 consolatio,
2370 4489 2470 4524 non
2491 4473 2740 4541 propheta
2765 4473 3048 4536 instruens,
3068 4481 3116 4526 et
3133 4473 3472 4542 conﬁrmans,

1907 4560 2344 4633 quemadmodum
2376 4561 2430 4613 in
2451 4560 2575 4613 urbe
2607 4559 2873 4630 Babylone
2896 4558 3140 4613 Ezechiel
3171 4570 3220 4613 et
3255 4557 3470 4622 Daniel,

1907 4665 1957 4710 et
1991 4654 2128 4710 alii:
2158 4668 2260 4705 non
2283 4652 2422 4706 enim
2447 4669 2564 4705 cum
2588 4652 2718 4714 illis,
2759 4651 2822 4704 ab
2860 4652 2936 4705 eis
2972 4651 3274 4713 abhorrens,
3337 4649 3473 4703 Deus

1909 4743 2135 4816 colloqui
2164 4744 2292 4797 vult.
2325 4741 2599 4812 Integrum
2625 4757 2823 4811 corpus
2849 4742 3092 4811 epistola:
3115 4749 3476 4795 sacrosanctae

1911 4836 2218 4907 appositum
2243 4844 2348 4894 est.
2385 4833 2468 4888 Ab
2497 4850 2561 4889 eo
2592 4844 2854 4903 tempore,
2877 4850 2987 4903 quo
3011 4832 3183 4887 Judrei
3219 4832 3474 4902 praesenti

1911 4930 2094 4982 animo
2128 4929 2182 4981 in
2211 4925 2305 4981 Dei
2330 4925 2526 4980 Filium
2573 4941 2766 4981 manus
2797 4933 3247 4994 superponentes,
3299 4925 3367 4978 de
3410 4938 3475 4979 eo

1910 5021 2196 5092 capitalem
2233 5020 2430 5075 cedem
2467 5018 2733 5084 fecerunt,
2777 5018 3004 5085 ideoque
3042 5023 3304 5085 perpetuo
3329 5015 3473 5069 exci-

1911 5115 2000 5169 dio
2031 5113 2220 5167 traditi
2241 5121 2388 5178 sunt,
2410 5123 2494 5167 est
2523 5127 2700 5164 annus
2724 5109 3186 5179 quingentesimus,
3216 5123 3322 5160 non
3343 5121 3473 5161 con-

1911 5205 2103 5258 tractis
2137 5203 2359 5268 litteris,
2414 5208 2506 5254 aut
2569 5199 2824 5253 brevibus
2889 5210 3246 5250 numerorum
3300 5193 3472 5256 notis,

1913 5295 2011 5350 sed
2064 5294 2306 5349 extensis
2336 5300 2390 5348 et
2449 5292 2630 5346 illaesis
2679 5287 3093 5343 characteribus
3138 5285 3474 5355 designatus,

1914 5402 1982 5441 ne
2031 5385 2318 5453 scriptoris
2367 5381 2671 5437 oscitantis:
2736 5379 2992 5434 mendum
3044 5378 3336 5433 tribuatur.
3394 5377 3479 5431 Ab

1914 5491 2059 5531 anno
2083 5473 2391 5529 Nativitatis
2417 5471 2629 5526 Domini
2661 5471 3152 5540 quingentesimus,
3192 5476 3276 5523 est
3298 5467 3477 5525 .Atlia-

1914 5568 2056 5623 nasii
2087 5564 2433 5634 imperatoris
2466 5562 2736 5626 decimus,
2772 5560 3082 5632 Symmachi
3112 5575 3262 5630 papae
3282 5574 3477 5614 secun-

1919 5661 2043 5717 dus.
2075 5661 2266 5716 Annus
2298 5671 2408 5729 quo
2448 5653 2715 5711 exsulavit
2762 5649 3000 5716 Joannes
3054 5650 3477 5719 Chrysostomus
