3822 6216
340 264 406 328 31
591 254 594 256 ⁷
1528 260 1835 324 NOTITIA
1888 258 1970 317 IN
2019 258 2078 317 S.
2116 256 2364 318 NILUM

343 384 422 426 est
485 369 697 424 Domini
753 366 1327 438 qttadringenlcsimtts
1385 375 1636 435 quartus,
1692 363 1911 418 Arcadii

346 463 695 534 imperatoris
754 461 1044 523 decimus,
1111 457 1407 511 Innocentii
1487 472 1639 526 papa:
1700 456 1915 509 tertius.

346 556 491 625 Ergo
525 555 569 610 si
598 552 876 608 scribebat
918 551 1006 605 hic
1057 548 1214 603 Nilus
1263 547 1473 602 Joanne
1531 549 1922 618 Chrysostonto

350 646 590 700 nondum
624 651 858 708 mortuo,
899 652 956 696 ut
981 641 1235 712 superius
1273 639 1531 701 vidimus,
1591 645 1732 702 erat,
1796 653 1925 691 cum

350 737 467 791 haec
497 734 803 805 posteriora
829 734 1097 788 scriberet
1113 747 1382 786 annorum
1411 729 1708 799 nonaginta
1730 728 1920 788 trium,

351 827 553 897 quibus
576 827 620 880 si
652 826 914 896 appingas
944 840 1119 878 annos
1147 824 1431 877 tninimutn
1456 823 1696 893 triginta,
1727 821 1925 890 quibus

354 919 459 973 sub
499 919 761 988 magistro
826 913 1241 986 Chrysostomo,
1297 931 1476 970 mores
1531 913 1598 967 ad
1649 913 1925 967 mollitiem

355 1008 582 1061 idoneos
606 1007 774 1069 exuit,
806 1015 861 1059 et
888 1005 1096 1059 artibus
1127 1005 1378 1073 ingenuis
1408 1004 1710 1059 instructus
1741 1013 1928 1055 aucto-

357 1098 599 1159 ritatem,
626 1105 679 1151 et
705 1096 921 1150 dicendi
955 1095 1260 1150 libertatem
1291 1102 1645 1159 consecutus,
1691 1094 1928 1162 impera-

359 1198 538 1242 torum
581 1189 728 1242 labes
776 1195 830 1241 et
883 1187 1128 1241 maculas
1163 1201 1267 1241 non
1325 1188 1602 1241 communi
1656 1186 1932 1254 vitupera-

362 1280 538 1343 tione,
571 1279 667 1332 Sed
715 1277 1048 1348 ingenuitate
1100 1278 1266 1332 libera
1305 1279 1697 1348 reprehendere
1726 1283 1929 1346 posset,

362 1385 536 1424 annos
567 1381 678 1422 tum
701 1379 918 1424 centum
949 1369 1138 1439 viginti
1196 1376 1310 1424 tres
1345 1371 1700 1423 numerabat:
1748 1369 1929 1421 forsan

365 1463 469 1516 hoc
499 1477 606 1515 non
632 1460 905 1514 videbitur
930 1460 1254 1513 absurdum.
1304 1459 1463 1512 Forte
1495 1459 1639 1513 enim
1689 1459 1760 1510 ita
1810 1457 1936 1509 tttlit

365 1561 560 1606 natura
595 1553 865 1617 locorum,
898 1551 1256 1616 continentia,
1284 1560 1338 1605 ct
1360 1549 1574 1605 affectio
1601 1549 1789 1615 animi,
1819 1563 1939 1620 quae

365 1643 584 1697 sanitati
611 1641 858 1711 corporis
889 1655 1236 1709 nequaquam
1278 1645 1496 1692 nocent.

440 1732 549 1801 Ego
573 1746 698 1784 cum
729 1731 781 1783 in
809 1729 951 1783 Bene
983 1737 1109 1782 nata
1147 1729 1294 1797 regni
1340 1725 1678 1796 Neapolitani
1716 1724 1942 1796 provin-

365 1820 474 1887 cia,
519 1820 808 1875 Basilicata
849 1820 1089 1888 sequiori
1137 1821 1358 1872 nomine
1401 1819 1566 1881 dicta,
1600 1817 1941 1880 immorarer,

366 1913 595 1981 cognovi
623 1912 689 1967 de
721 1911 925 1981 plebeia
953 1911 1099 1973 faece,
1121 1919 1308 1963 auctos
1340 1919 1517 1962 tamen
1545 1907 1751 1961 divitiis
1779 1905 1939 1968 duos,

365 2010 422 2056 et
454 2017 578 2057 cum
610 2003 678 2057 iis
723 2003 929 2072 pariter
971 2000 1231 2054 habitavi.
1285 2000 1451 2052 Erant
1497 1998 1571 2052 illi
1619 1998 1944 2051 duramento

366 2089 612 2160 corporis
661 2088 972 2158 praevalidi,
1027 2088 1328 2157 compactis
1389 2086 1570 2139 nervis
1622 2083 1940 2145 firmissimi,

365 2179 625 2232 dentibus
666 2178 777 2232 fere
805 2177 1060 2231 omnibus
1093 2174 1408 2244 constipati,
1443 2182 1519 2237 et,
1558 2180 1618 2226 ttt
1645 2174 1812 2226 verbo
1845 2186 1944 2225 ex-

368 2269 605 2338 pediam,
641 2268 858 2323 athletis
894 2269 1031 2337 ipsis
1063 2268 1425 2320 robustiores.
1453 2265 1519 2319 Hi
1553 2272 1681 2318 ante
1712 2263 1945 2332 primam

369 2360 546 2414 lucem
587 2366 700 2414 tres
729 2359 815 2413 vel
859 2366 1096 2427 quatuor
1139 2357 1324 2421 horas,
1364 2356 1594 2408 hiberno
1626 2353 1788 2407 etiam
1822 2361 1950 2406 tem-

370 2465 524 2520 pore,
565 2465 689 2504 cum
723 2457 1005 2502 ventorum
1053 2447 1348 2516 algoribus,
1381 2454 1434 2499 et
1474 2445 1677 2498 nivium
1723 2442 1949 2496 tumulis

370 2541 554 2592 omnia
594 2539 1009 2608 congelascunt,
1045 2537 1370 2606 experrecti,
1421 2536 1604 2589 subito
1649 2535 1816 2588 cubili
1851 2550 1949 2588 ex-

373 2632 643 2685 sultantes
671 2646 785 2700 prae
814 2629 1002 2684 laetitia
1041 2628 1465 2697 egrediebantur
1497 2645 1511 2680 :
1543 2634 1598 2680 et
1623 2633 1744 2695 post
1777 2626 1951 2695 agita-

375 2731 555 2776 torum
599 2722 955 2776 brachiorum
991 2721 1234 2775 motibus
1282 2731 1474 2788 pectus
1529 2727 1584 2773 et
1617 2719 1784 2771 latera
1835 2726 1954 2770 tun-

375 2812 578 2866 debant
625 2812 678 2866 in
719 2811 906 2867 orbem
953 2819 1224 2876 contusa;
1275 2818 1329 2865 et
1362 2809 1570 2862 ductim
1615 2809 1667 2862 in
1713 2823 1774 2862 se
1816 2808 1951 2872 vini,

375 2901 524 2970 quod
568 2901 625 2956 in
658 2899 750 2955 illa
796 2902 1020 2971 regione
1063 2909 1119 2956 et
1154 2901 1442 2965 suavitate,
1497 2908 1552 2955 et
1603 2899 1870 2963 labentia,
1900 2906 1955 2954 et

379 2994 553 3058 gratia
581 2992 813 3047 aliorum
845 2994 1092 3048 omnium
1126 2994 1284 3063 longe
1309 2993 1822 3062 praestantissimum
1847 3002 1952 3058 est,

380 3086 591 3154 liquore
626 3085 866 3146 lnverso,
890 3093 1108 3154 arrepta
1149 3085 1341 3154 perula
1382 3100 1443 3138 ea
1480 3100 1676 3154 panem
1709 3085 1952 3148 nivettm,

379 3175 706 3244 quandoque
737 3175 903 3230 etiam
945 3176 1246 3241 sordidum,
1282 3177 1368 3231 vel
1407 3177 1689 3240 rubidum,
1734 3185 1795 3231 ut
1832 3192 1955 3232 sors

383 3267 602 3330 tulerat,
627 3280 805 3335 neque
832 3265 974 3320 enim
1024 3266 1292 3320 lenocinia
1327 3267 1643 3335 quaerebant
1682 3267 1957 3334 cupidita-

381 3366 524 3420 tum,
557 3356 887 3413 inferebant.
939 3356 1183 3412 Tandem
1237 3357 1376 3413 falce
1420 3359 1828 3424 stramentaria,
1871 3359 1957 3412 vel

383 3448 562 3518 ligone
588 3449 832 3502 humeris
859 3451 1228 3518 superposita,
1261 3450 1469 3504 :edilms
1501 3452 1860 3513 facescentes,
1901 3451 1955 3504 in

383 3552 572 3606 agrum
599 3539 926 3593 devolabant
964 3557 978 3593 :
1023 3548 1186 3609 atque
1224 3556 1319 3609 per
1364 3548 1536 3593 totum
1567 3541 1676 3595 diei
1712 3543 1950 3610 spatium

384 3627 839 3681 consummabant
867 3628 1096 3681 multum
1128 3643 1326 3697 Operae.
1357 3643 1778 3700 exercentesque
1808 3629 1960 3685 fran-

385 3718 586 3786 gebant
625 3733 684 3773 se
736 3718 1047 3783 laboribus,
1101 3719 1320 3788 dempta
1369 3721 1748 3776 tantummodo
1797 3721 1956 3786 hora,

384 3821 494 3876 qua
531 3808 706 3876 epulis
737 3808 900 3862 domo
944 3809 1196 3863 abductis
1232 3810 1310 3864 uti
1355 3810 1523 3865 lautis
1580 3811 1852 3866 conviviis
1907 3820 1961 3866 et

387 3899 1069 3966 sumptuosisvacabant,
1127 3899 1301 3954 donec
1357 3901 1626 3954 inclinato
1682 3902 1798 3956 sole
1858 3903 1961 3957 sub

387 3998 602 4042 noctem
642 3988 862 4042 domum
892 3991 1151 4060 regressi,
1189 4001 1244 4046 et
1273 3993 1496 4054 cceuati,
1525 4002 1577 4046 et
1610 3992 1724 4060 jam
1754 3993 1930 4048 dormi

390 4089 571 4136 tantes
598 4097 762 4150 super
789 4082 990 4136 lectum
1023 4086 1478 4154 procumbebant,
1519 4087 1586 4140 de
1621 4088 1779 4141 novis
1809 4087 1933 4141 labo

392 4172 545 4226 ribus
575 4173 815 4228 solliciti.
850 4173 916 4227 Et
960 4176 1155 4229 horum
1192 4178 1330 4231 alter
1354 4187 1574 4232 centum
1609 4179 1958 4247 quindecim;

395 4263 534 4318 alter
560 4271 780 4319 centum
809 4275 863 4320 et
890 4267 1084 4336 viginti
1113 4269 1238 4322 vita:
1281 4284 1393 4323 suae
1433 4285 1607 4324 annos
1655 4271 1966 4339 compleve-

394 4364 540 4408 rant.
590 4356 734 4420 Quot
775 4365 957 4411 autem
1006 4362 1133 4413 anni
1187 4369 1312 4430 post
1370 4377 1548 4416 meum
1598 4377 1628 4416 e
1669 4361 1964 4416 Basilicata

396 4448 714 4502 abscessum
750 4448 873 4503 vita:
907 4450 1014 4505 illis
1063 4452 1281 4506 adaucti
1333 4453 1475 4517 sint,
1524 4453 1766 4508 nondum
1816 4469 1968 4508 com-

398 4537 514 4607 peri
544 4556 557 4593 :
587 4539 738 4593 nulla
767 4539 1017 4609 equidem
1067 4557 1152 4596 me
1182 4543 1346 4610 hujus
1375 4545 1647 4613 cupiditas
1682 4544 1874 4598 tenuit.
1905 4545 1965 4599 Id

398 4643 550 4691 vero,
576 4630 724 4698 quod
751 4642 1079 4686 narraturus
1108 4647 1252 4698 sum,
1282 4649 1367 4688 me
1402 4635 1530 4688 mihi
1574 4651 1712 4706 pene
1743 4635 1968 4704 eripuit.

399 4718 668 4777 Puerulus
696 4737 763 4775 ex
785 4723 965 4778 insula
993 4724 1131 4779 Chio
1154 4724 1380 4780 Romam
1419 4742 1546 4780 cuin
1588 4734 1836 4781 materno
1869 4741 1971 4781 avo

400 4809 661 4869 Michaele
693 4812 931 4868 Neurida
959 4815 1320 4882 contendens,
1355 4832 1478 4871 cum
1509 4818 1582 4872 ob
1608 4817 1804 4872 exilem
1839 4826 1973 4871 aeta-

401 4909 510 4956 tem
537 4901 725 4958 Romae
757 4904 815 4958 in
845 4905 1140 4975 collegium
1167 4906 1480 4960 Grtecorum
1508 4906 1693 4960 aditus
1724 4920 1972 4960 remora-

402 5003 572 5061 retur,
594 4997 972 5053 sanctionibus
995 4997 1050 5052 id
1081 4999 1296 5069 collegii
1320 4997 1766 5068 pernegantibus,
1791 4997 1974 5051 Paulae

401 5085 671 5141 Calabria
707 5087 852 5156 apud
898 5088 1331 5145 illustrissimum
1386 5090 1620 5143 Marium
1674 5089 1974 5158 Spinellum

404 5178 651 5243 constiti,
680 5179 774 5248 qui
804 5195 893 5235 me
934 5180 1133 5236 eximia
1173 5181 1442 5235 charitate
1473 5183 1813 5249 complexus,
1843 5197 1976 5235 ocu-

406 5268 540 5323 litus
565 5271 791 5336 amavit,
820 5279 874 5327 et
904 5273 1332 5342 praeceptoribus
1378 5274 1796 5327 humanioribus
1840 5272 1977 5325 arti-

409 5359 514 5414 bus
545 5360 752 5426 tinctis,
786 5371 847 5416 ut
895 5364 1103 5420 ferebat
1134 5365 1227 5419 illa
1267 5373 1421 5430 aetas,
1458 5363 1839 5420 instruendum
1865 5372 1978 5417 tra-

413 5451 572 5505 didit.
596 5449 734 5507 Dum
765 5455 910 5508 circa
937 5456 1100 5509 trivia
1133 5457 1300 5510 animi
1326 5454 1608 5510 relaxandi
1646 5455 1818 5524 gratia
1853 5469 1977 5508 cum

419 5542 588 5596 sociis
603 5542 830 5598 annexis
856 5559 1102 5613 pererro,
1125 5547 1368 5601 occurrit
1388 5545 1707 5618 properanti
1737 5546 1982 5600 anilitate

413 5648 557 5692 cana
578 5632 856 5707 desipiens
881 5650 1072 5699 senex,
1109 5637 1441 5694 cadaverosa
1487 5637 1655 5696 facies
1675 5678 1692 5707 ,
1734 5645 1789 5695 et
1819 5637 1978 5708 plane

2027 363 2416 417 morticinium.
2461 360 2611 417 Illius
2635 361 2700 415 ad
2726 361 2869 416 latus
2904 361 3081 431 pueri,
3113 376 3272 416 senes
3296 404 3310 427 ,
3340 363 3624 430 jtlvmwso

2022 463 2076 506 ct
2106 467 2172 506 ex
2201 452 2295 505 vili
2344 450 2475 505 faece
2517 451 2804 505 hominum
2853 452 3058 519 plures,
3109 455 3202 522 qui
3244 456 3627 524 perridiculis

2026 543 2170 598 illius
2196 543 2386 613 gestis,
2431 542 2704 612 dictisque
2752 543 3005 598 oblectati
3053 546 3621 601 concomitabantur.

2025 634 2246 705 Inquiro
2277 633 2408 705 quid
2435 633 2541 688 hoc
2583 634 2661 689 rei
2690 643 2855 690 esset.
2898 635 3100 690 Omnes
3126 644 3180 690 et
3204 637 3443 692 maxime
3476 654 3626 708 pru—

2026 728 2300 782 dentiores
2351 724 2684 795 respondent
2735 725 2885 779 illum
2966 727 3387 781 Acheronticum
3481 743 3628 783 esse

2029 830 2234 881 senem,
2264 816 2494 885 ideoque
2523 825 2797 876 truncum,
2823 825 2878 870 et
2899 816 3081 871 album
3107 818 3345 872 colorem
3377 818 3450 872 ab
3484 830 3627 872 atro

2031 923 2136 960 non
2181 908 2320 960 ultra
2358 904 2694 960 discernere.
2724 904 3131 976 Proptereaque
3163 924 3230 962 ex
3269 909 3424 962 malis
3451 909 3629 963 illius

2031 1005 2272 1052 astantes
2305 997 2464 1051 ludos
2495 996 2600 1052 sibi
2641 995 2821 1051 facere
2860 1018 2871 1052 :
2905 997 3017 1065 jatn
3053 999 3194 1052 enim
3224 1003 3627 1069 compleverat

2033 1105 2204 1143 annos
2232 1098 2449 1144 centum
2492 1097 2548 1143 et
2577 1088 2821 1157 triginta.
2870 1088 2983 1159 Ego
3018 1093 3280 1160 puerulus
3307 1093 3445 1147 nihil
3479 1109 3624 1147 cum

2034 1182 2216 1235 animo
2248 1191 2359 1234 tum
2392 1181 2613 1251 agitavi.
2645 1181 2714 1233 At
2752 1180 3092 1252 subgrandes
3127 1193 3182 1238 et
3220 1191 3400 1238 mente
3437 1200 3628 1239 senes

2035 1272 2281 1333 aderant,
2309 1272 2363 1325 in
2393 1271 2548 1338 jocos
2580 1271 2847 1328 transfusi
2887 1289 2900 1325 :
2940 1271 3084 1327 Bene
3128 1288 3253 1328 sese
3281 1289 3370 1328 res
3411 1275 3625 1336 habet,

2036 1363 2335 1416 clamitant.
2369 1363 2435 1416 Et
2479 1365 2604 1433 quis
2650 1371 2788 1418 teste
2822 1365 3041 1419 oeulato
3087 1366 3190 1418 hoc
3226 1365 3305 1418 ita
3339 1382 3467 1421 esse
3501 1383 3627 1420 non

2037 1450 2372 1505 couvicerit?
2401 1452 2527 1516 Alii,
2562 1451 2680 1505 Non
2716 1452 2780 1506 ad
2822 1460 3012 1515 testes,
3035 1455 3128 1522 qui
3163 1454 3294 1508 nulli
3322 1463 3479 1518 sunt,
3517 1457 3627 1510 sed

2040 1541 2108 1595 ad
2161 1550 2515 1596 monumenta
2551 1543 2924 1598 ecclesiastica
2971 1559 3352 1612 provocamus.
3406 1546 3634 1600 Arrisit

2049 1631 2247 1686 lictum
2283 1635 2562 1697 omnibus,
2619 1635 2992 1704 continuoque
3038 1635 3106 1689 ad
3146 1637 3432 1690 ecclesiam
3485 1653 3630 1706 pro-

2042 1725 2232 1794 gressi,
2265 1726 2530 1780 advocato
2558 1729 2820 1795 parocho,
2854 1727 3072 1791 librum,
3106 1727 3159 1782 in
3199 1744 3307 1798 quo
3341 1744 3508 1784 sacro
3537 1731 3631 1782 la-

2042 1831 2206 1871 vacro
2251 1816 2606 1872 intinctorum
2657 1819 2879 1873 nomina
2925 1819 3337 1889 consignantur,
3391 1821 3632 1874 curiose

2043 1909 2374 1972 examinant,
2405 1917 2461 1962 et
2496 1924 2640 1963 anno
2676 1909 2816 1964 “6'2
2853 1925 3050 1964 nomen
3090 1925 3470 1979 agnomenque
3520 1910 3633 1963 lto-

2045 1998 2231 2064 miuis,
2260 2000 2328 2054 de
2365 2000 2523 2069 cujus
2558 2007 2719 2056 aetate
2764 2000 3147 2070 ambigebatur
3172 2040 3187 2063 ,
3220 2000 3461 2055 dilucide
3523 2017 3633 2054 ex-

2047 2103 2349 2160 presseque
2409 2091 2710 2160 reperiunt,
2765 2090 3001 2161 indeque
3047 2092 3413 2162 colligebatur
3468 2106 3639 2144 anno

2050 2178 2222 2244 1520,
2288 2178 2375 2234 vel
2428 2180 2614 2244 circa,
2666 2189 2864 2236 sancto
2923 2177 3221 2235 Francisco
3293 2180 3625 2235 familiaris-

2049 2271 2186 2326 sime
2220 2287 2402 2338 usum,
2450 2273 2764 2343 multasque
2809 2289 2900 2330 res
2949 2274 3297 2329 sermonibus
3331 2289 3438 2328 una
3476 2276 3631 2327 inter

2050 2379 2110 2417 se
2161 2363 2420 2433 agitasse.
2477 2362 2544 2416 Et
2596 2364 2643 2418 is
2697 2364 2914 2419 tandem
2967 2379 3134 2420 senex
3199 2365 3405 2418 delirus
3451 2364 3632 2418 celeri

2052 2451 2220 2520 gradu
2255 2469 2351 2523 per
2379 2454 2557 2509 scalas
2586 2453 2786 2509 aedium
2817 2470 3138 2525 properans,
3187 2464 3476 2524 antequam
3519 2470 3631 2524 ego

2052 2539 2218 2594 Paula
2243 2542 2616 2604 abscederem,
2655 2559 2896 2614 praeceps
2927 2547 2980 2598 in
3017 2553 3182 2613 caput
3210 2545 3454 2613 dcjectus
3497 2546 3630 2597 ani-

2053 2645 2193 2683 mam
2224 2630 2440 2685 effudit.
2468 2631 2532 2685 Et
2565 2633 2678 2687 hrec
2707 2633 2776 2687 de
2806 2632 3106 2686 macrobiis
3135 2649 3235 2686 usu
3267 2649 3387 2687 meo
3429 2634 3630 2702 explo-

2055 2721 2186 2777 ratis
2209 2721 2430 2785 adduxi,
2458 2730 2520 2776 ut
2546 2723 3013 2793 quingentesimum
3041 2735 3398 2776 memoratum
3435 2737 3465 2774 a
3499 2721 3634 2774 Nilo

2055 2814 2107 2867 in
2140 2807 2244 2868 hac
2266 2814 2499 2883 epistola
2531 2814 2850 2883 conjectura
2891 2814 3029 2869 satis
3061 2814 3352 2884 probabili,
3386 2823 3442 2868 et
3469 2813 3628 2867 dein-

2054 2917 2185 2972 ceps
2204 2903 2370 2957 vitam
2391 2903 2634 2972 ejusdem
2667 2901 3092 2963 diuturniorem,
3124 2900 3190 2954 de
3219 2900 3377 2967 cujus
3408 2899 3630 2966 longin-

2055 2996 2265 3063 quitate
2293 2993 2432 3048 nihil
2470 3003 2678 3048 certum
2726 2990 2986 3055 refertur,
3040 2991 3286 3060 proxime
3317 2989 3383 3042 ad
3433 3003 3626 3042 verum

2056 3087 2317 3142 accedere
2364 3087 2766 3157 colligeremus.
2820 3084 2979 3151 Quod
3026 3087 3074 3140 si
3125 3082 3471 3138 commodum
3514 3096 3632 3135 non

2055 3179 2350 3246 videbitur,
2377 3179 2619 3235 dicemus
2660 3180 2716 3233 in
2757 3193 2821 3233 ea
2853 3177 3084 3248 epistola
3115 3175 3295 3231 Nilum
3331 3190 3626 3228 numerum

2058 3269 2329 3339 integrum
2382 3280 2438 3323 et
2492 3269 2823 3338 completum
2883 3282 2983 3336 pro
3052 3265 3382 3334 incompleto
3451 3271 3621 3333 atqtte

2057 3370 2312 3415 truncato
2341 3375 2659 3429 usurpasse,
2705 3367 2766 3413 ut
2812 3357 3166 3427 adjunctione
3216 3354 3381 3411 simili
3441 3353 3627 3409 incre-

2059 3461 2302 3506 mentum
2329 3466 2442 3504 suae
2471 3447 2926 3503 detuonstrationi
2955 3454 3149 3501 contra
3179 3442 3400 3499 Judteos
3431 3445 3622 3497 conci-

2059 3544 2253 3609 liaret;
2280 3542 2438 3612 cujus
2463 3541 2710 3610 exempla
2733 3540 2787 3593 in
2811 3539 2986 3595 sacris
3017 3553 3235 3608 quoque
3262 3535 3487 3592 Litteris
3518 3534 3627 3591 fre-

2059 3636 2286 3706 quentia
2325 3640 2456 3689 sunt
2498 3652 2516 3688 :
2557 3632 2649 3687 sed
2699 3648 2906 3686 summa
2940 3645 3130 3699 sequor
3168 3629 3386 3698 fastigia
3428 3643 3630 3680 rerum.

2062 3727 2167 3782 Sed
2197 3725 2436 3781 Mauritii
2462 3725 2590 3779 anni
2619 3739 2880 3794 perquam
2904 3722 3220 3793 longissime
3254 3722 3446 3774 remoti
3473 3730 3620 3775 sunt.

2061 3818 2198 3874 Tum
2249 3818 2393 3874 enim
2454 3816 2610 3872 Nilus
2665 3823 3016 3886 prorogasset
3071 3815 3336 3869 terminos
3389 3813 3513 3867 vitae
3547 3813 3612 3865 ad

2062 3927 2266 3966 annum
2300 3910 2422 3964 176.
2465 3908 2576 3980 Ego
2610 3907 2831 3979 quidem
2865 3908 2970 3963 hoc
3022 3906 3258 3960 formido
3299 3904 3540 3968 credere,
3571 3915 3625 3958 et

2061 4001 2222 4071 cujus
2273 3999 2379 4054 fide
2427 3999 2690 4054 credam?
2730 3997 2908 4052 Credo
2939 3995 3109 4051 Deum-
3164 3995 3268 4049 hoc
3321 4010 3485 4064 posse
3515 4012 3528 4048 :
3556 4010 3620 4048 au

2065 4093 2282 4158 fecerit,
2325 4108 2393 4148 ex
2424 4091 2644 4163 ingenio
2686 4089 2918 4160 quisque
2968 4103 3070 4143 suo
3115 4086 3282 4142 addat
3336 4086 3421 4141 vel
3449 4085 3623 4142 demat

2066 4182 2250 4237 fidem.

2136 4271 2244 4326 Sed
2271 4269 2640 4326 hallucinatus
2668 4276 2751 4322 est
2771 4266 3154 4339 Caryophilus.
3186 4267 3341 4323 Esto.
3379 4261 3486 4320 Sed
3507 4279 3620 4319 cum

2067 4365 2272 4421 Graecis
2299 4364 2354 4418 in
2405 4361 2704 4431 Menologio
2725 4358 3059 4421 Graecorum,
3083 4374 3231 4414 nunc
3257 4371 3468 4428 quoque
3498 4357 3626 4412 adde

2071 4456 2544 4512 accuratissimum
2567 4452 2846 4514 Sirletum,
2872 4451 2989 4522 qui,
3005 4449 3389 4505 utverosimile
3405 4456 3505 4514 est,
3523 4464 3621 4503 non

2069 4561 2134 4600 ex
2164 4544 2422 4616 propriis,
2460 4542 2554 4598 sed
2585 4558 2650 4596 ex
2677 4541 2957 4596 codicibus
2987 4539 3212 4602 Grecis,
3252 4540 3469 4608 illisque
3495 4539 3622 4593 forte

2072 4636 2491 4706 antiquissimis,
2527 4649 2651 4688 cum
2695 4633 2898 4703 quibus
2948 4630 3274 4685 ltallucinari
3339 4629 3526 4682 maluit
3571 4629 3620 4680 iu

2073 4740 2173 4781 sua
2200 4723 2668 4794 lnterpretatione,
2704 4737 2869 4792 quam
2924 4720 3197 4775 demendo
3239 4734 3438 4773 nomen
3487 4717 3621 4771 Matr-

2074 4817 2207 4877 ritii,
2238 4815 2308 4870 de
2337 4814 2478 4869 mala
2512 4814 2616 4869 fide
2648 4829 2761 4868 sua:
2808 4811 3279 4881 lnterpretationis
3331 4811 3385 4865 in
3430 4810 3618 4864 crimen

2074 4909 2282 4972 vocari,
2301 4915 2357 4961 et
2386 4907 2683 4961 accersitus
2706 4904 2914 4974 judicio
2937 4903 3004 4959 de
3031 4904 3117 4959 sui
3149 4903 3472 4975 purgatione
3488 4918 3621 4958 com-

2077 4998 2350 5053 mentaria
2377 4997 2637 5052 scribere.
2671 4996 2814 5061 Quid
2847 4996 2894 5051 si
2921 4996 3130 5051 diceret
3156 4995 3321 5049 alimn
3346 5009 3468 5049 esse
3489 4994 3619 5049 hunc

2076 5090 2276 5156 Nilum,
2302 5098 2357 5147 et
2381 5106 2489 5144 non
2517 5089 3228 5161 Coustantinopolitanum?
3267 5086 3324 5142 Id
3367 5103 3535 5158 neque
3560 5105 3615 5143 ex

2079 5181 2395 5237 Graecorum
2436 5180 2763 5253 Menologio,
2809 5196 2987 5252 neque
3015 5197 3084 5236 ex
3113 5179 3313 5235 Sirleto
3346 5179 3616 5244 evincitur,

2079 5290 2203 5329 cum
2231 5273 2821 5342 Constantinopolitani
2865 5273 3069 5344 scripta
3102 5281 3157 5328 et
3190 5288 3279 5328 res
3332 5282 3489 5341 gestae
3518 5289 3616 5325 nta-

2077 5367 2184 5436 jori
2210 5380 2308 5420 sua
2335 5374 2488 5435 parte
2517 5365 2792 5434 descripta
2821 5363 3013 5421 eodem
3037 5364 3125 5421 die
3153 5365 3372 5434 utrique
3392 5363 3617 5418 tribuan-

2083 5465 2191 5508 llll'.

2159 5544 2401 5600 Fuerunt
2428 5545 2521 5600 alii
2559 5560 2778 5615 quoque
2816 5545 2869 5600 in
2899 5543 3064 5613 hujus
3094 5543 3198 5599 Nili
3229 5542 3481 5599 laudibus
3507 5541 3609 5596 cffu-

2095 5637 2290 5694 siores.
2338 5635 2666 5694 Franciscus
2698 5635 2869 5694 Zinus
2912 5635 3147 5709 epistola
3178 5636 3246 5692 ad
3281 5635 3613 5698 Augustinum
