3822 6216
126 211 182 272 33
1295 205 1607 268 NOTITIA
1662 204 1745 267 IN
1798 206 1857 267 S.
1892 204 2162 266 NII.UM.
3288 212 3358 275 34

127 325 385 380 Valerium
432 323 760 394 episcopum
791 321 1163 379 Vcronensem
1203 323 1272 379 de
1315 323 1374 378 S.
1411 324 1683 394 Ephrazm,

123 419 246 481 Nilo,
280 417 469 471 Marco
502 427 558 470 et
598 417 744 470 Isaia
783 436 796 472 :
836 415 1015 485 Neque
1075 417 1181 485 ipsi
1236 418 1564 485 episcopatui
1597 429 1686 469 tuo

122 519 272 565 essent
320 510 612 562 indecores.
651 509 788 562 Sunt
836 511 976 562 enim
1021 509 1257 562 homines
1302 509 1466 579 frugi.
1510 510 1686 578 exigui

123 611 368 668 sumptus,
407 608 456 653 et
503 616 712 668 magum
743 598 1020 651 utilitatis.
1050 597 1244 652 Tacere
1268 601 1440 652 sciunt
1469 602 1518 651 in
1550 602 1685 660 loco,

123 705 185 750 et.
219 709 332 744 cum
367 707 498 758 opus
529 701 631 755 est,
670 691 834 760 loqui.
875 690 1060 744 Valent
1093 692 1320 762 ingenio.
1349 691 1546 760 Magno
1565 700 1686 744 sunt

124 798 280 834 rerum
313 798 438 843 usu,
474 779 726 832 doctrina
757 789 805 832 et
839 780 1125 848 prudentia
1159 781 1374 848 praediti
1404 782 1686 850 singulari,

124 874 243 929 Cum
269 872 580 926 domesticis
607 873 710 924 tuis
737 883 950 940 propter
976 881 1188 926 sanctos
1217 888 1502 943 suavesque
1520 889 1686 925 mores

119 963 328 1032 jucunde
359 963 738 1016 versabantur.
779 962 838 1017 Si
861 962 1159 1018 'invisenda:
1189 965 1284 1017 tibi
1320 975 1476 1018 erunt
1514 963 1692 1018 Eccle-

124 1058 206 1109 siae
246 1067 370 1115 iure.
429 1055 508 1108 vel
563 1056 619 1107 in
657 1055 890 1118 civitate,
936 1054 1015 1108 vel
1060 1056 1116 1108 in
1159 1064 1272 1110 tota
1321 1056 1552 1120 dioecesi,
1588 1070 1690 1124 quo

123 1148 309 1219 quidem
340 1149 674 1201 uisitationis
727 1164 941 1202 munere
989 1148 1226 1200 ontnium
1271 1149 1604 1218 gravissimo,
1640 1156 1689 1202 et

124 1241 534 1295 laboriosissimo
580 1240 982 1310 diligentissime
1025 1240 1261 1311 [ungeris
1290 1256 1309 1294 :
1345 1241 1391 1294 si
1424 1249 1690 1294 monaste-

122 1335 194 1386 ria
219 1333 486 1402 virginum
517 1341 606 1384 ant
639 1333 1037 1396 monachorum,
1076 1334 1122 1387 si
1151 1334 1440 1387 seminaria
1480 1342 1590 1394 tua,
1609 1330 1688 1385 vel

125 1425 384 1493 antiquum
422 1423 788 1492 acolythorum
812 1424 877 1476 ab
912 1423 1146 1493 Eugenio
1175 1424 1281 1489 IV,
1314 1442 1518 1478 summo
1547 1423 1691 1477 Pon-

126 1514 250 1580 uﬁce
291 1513 621 1575 institutum,
653 1521 701 1564 et
736 1529 769 1564 a
809 1514 1165 1581 superioribus
1199 1514 1477 1582 episcopis,
1518 1524 1566 1568 et
1599 1530 1691 1566 ca-

124 1604 420 1655 nonicorum
451 1601 688 1671 capitulo
714 1603 838 1656 bene
863 1620 1067 1672 semper
1099 1603 1563 1668 administratum,
1583 1622 1613 1658 α
1644 1613 1692 1658 te

124 1708 229 1744 vero
265 1692 490 1759 miriﬁce
531 1701 769 1757 auctum,
806 1701 962 1761 atque
999 1703 1337 1758 exornatum,
1381 1695 1460 1747 vel
1499 1709 1692 1747 novum

123 1780 410 1834 incredibili
467 1781 670 1845 studio,
697 1798 850 1844 cura,
875 1792 926 1836 et
956 1782 1233 1853 diligentia
1262 1794 1354 1837 tua
1391 1798 1456 1837 ea:
1485 1783 1692 1838 decreto

123 1882 166 1924 et
198 1873 459 1925 institutis
489 1874 663 1925 sancti
694 1872 992 1928 Tridentini
1018 1875 1232 1929 concilii
1263 1885 1493 1930 erectum
1529 1885 1579 1930 et
1611 1877 1692 1930 lo-

124 1965 442 2031 cupletatum
485 1977 503 2013 .'
543 1965 590 2017 si
624 1963 1018 2031 da'elictorum,
1052 1977 1102 2021 et
1139 1968 1516 2023 derelictarurn
1553 1969 1692 2036 loca,

126 2058 172 2107 in
197 2071 310 2124 qua:
343 2071 557 2108 summa
593 2072 713 2108 cum
747 2057 846 2112 Dei
891 2057 1111 2121 honore,
1148 2070 1199 2113 et
1248 2061 1415 2114 totius
1461 2061 1693 2115 civitatis

126 2147 413 2205 commodo,
437 2159 483 2198 et
521 2147 713 2201 lietitia
737 2164 915 2202 omnes
945 2151 1219 2220 utriusque
1237 2167 1394 2205 sexus
1418 2165 1695 2219 pauperes,

124 2236 315 2302 passim
373 2247 533 2288 antea
595 2247 849 2306 vagantes
900 2239 978 2291 ita
1029 2239 1359 2310 congessisti,
1415 2248 1471 2292 ut
1516 2241 1695 2293 nullus

126 2327 346 2394 amplius
381 2329 534 2394 inops
565 2337 616 2382 et
643 2330 918 2404 mendicus
951 2332 1004 2384 in
1029 2332 1157 2386 urbe
1187 2333 1372 2402 vagari
1405 2333 1698 2400 comperia-

129 2429 224 2479 tur;
248 2419 294 2472 si
314 2419 635 2486 hospitalia,
658 2436 880 2489 quorum
908 2424 1231 2491 pracipuam
1258 2432 1314 2476 tu
1333 2439 1515 2477 curam
1537 2425 1698 2494 geris;

125 2511 167 2562 si
208 2511 347 2572 lites,
391 2511 700 2576 discordia,
753 2513 1054 2568 inimicitia:
1093 2514 1442 2580 dirimendw;
1498 2517 1544 2569 si
1590 2531 1698 2583 pax

129 2603 253 2654 inter
280 2603 420 2656 cives
450 2603 790 2657 concilianda
821 2606 1032 2675 ubique,
1065 2623 1269 2676 semper
1297 2607 1444 2660 dulci
1467 2607 1698 2675 quadam

127 2696 382 2746 suavitate
426 2705 475 2747 et
512 2696 814 2763 eloquentia
864 2697 964 2750 illa
997 2696 1327 2764 Christiana,
1360 2715 1521 2768 quam
1556 2709 1610 2752 tu
1644 2700 1700 2752 in

127 2787 380 2849 νηπίω-ιι
399 2785 500 2837 illa
531 2795 621 2838 tua
640 2785 901 2840 rhetorica
923 2788 1287 2842 ecclesiastica
1305 2798 1414 2842 tam
1436 2789 1702 2859 eleganter

127 2881 366 2945 docteque
404 2876 600 2942 tradis,
629 2886 736 2932 etc.
767 2877 832 2932 Bt
862 2879 1092 2948 epistola
1125 2880 1195 2934 ad
1223 2881 1505 2952 Aloysium
1537 2881 1702 2951 Lipo-

130 2980 340 3019 manum
378 2965 681 3035 Opusculis
709 2965 814 3021 Nili
849 2978 903 3022 et
931 2968 1097 3023 Marci
1121 2969 1342 3039 prazlixa
1375 2989 1389 3025 :
1421 2970 1552 3023 Sunt
1580 2986 1704 3040 pro-

129 3054 248 3120 festo
277 3055 497 3109 abbates
529 3056 623 3110 isti
646 3058 970 3113 auctoritate
1011 3077 1218 3130 graves,
1247 3061 1482 3130 plurimo
1523 3078 1701 3116 rerum

127 3159 251 3208 usu,
307 3156 358 3199 et
405 3148 668 3202 doctrinis
716 3150 1012 3205 caelestibus
1064 3152 1279 3208 eruditi.
1336 3154 1702 3208 Admiraberis

128 3253 292 3289 acrem
314 3254 498 3292 eorum
514 3240 569 3293 in
586 3242 910 3319 corrigendis
930 3243 1069 3297 vitiis
1095 3245 1429 3314 gravitatem,
1448 3246 1701 3298 eximiam

125 3328 172 3380 in
201 3331 455 3384 docendis
478 3333 790 3396 virtutibus,
825 3342 874 3387 et
905 3336 1052 3389 bonis
1094 3336 1328 3391 moribus
1350 3337 1697 3407 diligentiam,

126 3420 446 3491 singularem
496 3423 555 3477 in
599 3424 925 3492 exponendis
981 3425 1272 3495 Scripturis
1328 3428 1698 3484 eruditionem.

132 3513 407 3567 Perversas
433 3515 591 3583 hujus
618 3517 795 3569 atatis
824 3516 879 3570 in
908 3518 1157 3586 religione
1179 3519 1243 3572 de
1276 3520 1401 3588 ﬁde,
1424 3530 1474 3573 et
1503 3521 1698 3590 gratia,

127 3615 169 3656 et
199 3607 444 3673 operibus
466 3607 758 3675 opiniones,
782 3619 938 3678 atque
960 3609 1095 3663 alios
1116 3627 1341 3675 errores,
1359 3622 1409 3666 et
1433 3613 1702 3666 hominum

128 3695 333 3763 ﬂagitia
366 3695 444 3748 ita
471 3704 686 3760 norunt,
718 3697 795 3750 sic
822 3699 1171 3765 insectantur,
1205 3710 1362 3772 atque
1407 3712 1702 3770 coarguunt

128 3796 178 3834 ut
207 3802 316 3836 non
347 3786 530 3838 multis
560 3787 772 3840 steculis
794 3790 984 3857 procul
1014 3790 1081 3842 ab
1122 3791 1394 3845 hominum
1419 3803 1700 3846 consuetu-

128 3875 240 3926 dine
269 3875 324 3926 in
351 3874 578 3928 tenebris
607 3892 766 3945 prope
791 3877 986 3942 sepulti
1017 3879 1280 3948 jacuisse,
1311 3881 1402 3935 sed
1429 3881 1703 3934 nobiscum

131 3966 339 4018 assidue
371 3968 567 4019 versati
594 3984 707 4021 esse
748 3969 1050 4024 videantur.
1105 3971 1336 4026 Photius
1383 3972 1438 4026 in
1496 3972 1702 4027 Biblio-

132 4057 298 4122 theca,
323 4057 446 4111 cod.
467 4058 595 4125 201,
625 4069 680 4114 et
713 4060 828 4124 alii,
849 4077 988 4130 quos
1022 4062 1165 4116 infra
1193 4064 1521 4119 videbimus.
1547 4064 1705 4119 Nunc

132 4164 256 4202 vero
280 4166 385 4203 non
426 4151 529 4204 abs
565 4167 625 4206 re
651 4151 815 4208 fuerit
844 4155 957 4208 duo
992 4154 1047 4208 in
1079 4154 1225 4210 hunc
1251 4166 1507 4211 sanctum
1539 4156 1705 4213 Disti-

130 4243 228 4290 cha
269 4255 332 4292 ex
367 4239 533 4294 codd.
575 4256 678 4296 ms.
715 4244 1071 4312 praamittere.

132 4347 479 4422 ._\'_ei..to¢°jte‘r
506 4348 671 4422 ἄρδει
700 4349 810 4422 τῆς
835 4352 1100 4419 ἀνύδρου
1142 4354 1244 4420 τὰς
1269 4353 1488 4422 νάπας,

133 4418 335 4490 δεῖλος
373 4418 442 4490 δὲ
468 4418 698 4472 πιστῶν
721 4418 1013 4490 ἐκπιαίνέι
1045 4418 1316 4490 καρδίας.

133 4488 344 4559 ᾦξείλου
374 4489 520 4559 μὲν*
541 4489 823 4556 ποταμοῖο
847 4492 994 4558 ,ρόος
1031 4488 1220 4559 χθὸνα
1252 4488 1374 4548 εἶδε
1423 4495 1700 4556 ποτίζειν.

131 4558 345 4608 Νείλου
367 4553 419 4609 6“
443 4553 522 4610 αὖ
543 4553 833 4626 μονᾱχοῐο
847 4553 1268 4630 ξλόγὸςῇρένας
1288 4562 1448 4619 εἶδεν
1470 4553 1701 4621 ίαίιλειν.

132 4665 348 4722 Necnon
381 4677 433 4722 et
469 4670 560 4723 illa
597 4685 663 4725 ex
704 4670 1008 4743 Menologio
1045 4672 1360 4731 Gmcorum
1393 4693 1409 4730 :

196 4781 506 4846 Αἴγυπτον
542 4781 704 4848 ἄρδει
735 4784 971 4850 Νεῖλος,
1001 4785 1163 4839 ἀλλὰ
1200 4787 1299 4840 καί
1324 4789 1527 4842 κτίσιν

199 4852 367 4918 Λόγῳ
400 4851 679 4918 κατάρδει
706 4855 803 4906 καί
833 4856 1031 4908 θανὼν
1073 4855 1289 4924 Νεῖλος
1314 4859 1523 4928 μέγας.

133 4957 532 5032 lnterpretatns
562 4973 646 5018 est
688 4963 1042 5022 doctissimus
1079 4966 1388 5025 Posslnus:

202 5053 362 5128 Nilus
400 5055 695 5122 Canopum,
722 5057 894 5122 maior
913 5058 996 5111 hic
1026 5059 1169 5128 [ante
1201 5061 1381 5128 ingens

197 5123 387 5178 Orbem
426 5128 726 5179 universum
760 5137 807 5179 et
840 5123 1079 5181 mortuus
1109 5123 1275 5183 Nilus
1298 5134 1460 5202 rigat.

135 5235 542 5294 llonestissimze
597 5252 860 5294 matronae
912 5243 1262 5298 matrimonio
1301 5257 1528 5314 junctus
1560 5246 1698 5304 duos

132 5343 194 5380 ex
247 5330 336 5383 illa
379 5331 626 5399 suscepit
677 5331 854 5396 ﬁlios,
913 5349 1120 5388 marem
1150 5343 1204 5390 et
1233 5334 1512 5392 feminam.
1547 5337 1699 5394 Uxor

133 5414 196 5463 ab
222 5417 407 5469 eodem
449 5417 674 5472 inducta
715 5433 819 5471 una
853 5435 973 5472 cum
1006 5421 1115 5474 lilia
1158 5421 1214 5477 in
1239 5422 1460 5495 [Egypti
1501 5442 1694 5482 mona-

136 5505 293 5557 steria
340 5506 642 5577 immigrat.
686 5507 808 5578 Ipse
830 5525 954 5564 cum
990 5509 1275 5568 Theodulo
1311 5514 1425 5569 ﬁlio
1457 5515 1692 5574 Sinrcnm

138 5609 362 5653 montem
389 5608 660 5670 occupat,
700 5609 757 5656 ut
788 5611 1105 5659 εειηυιοτυιιι
1145 5605 1366 5662 Patrum
1393 5622 1693 5665 COIISllt'lll-

1785 323 1917 378 dine
1974 323 2271 378 frueretur.
2329 319 2648 377 Tbeodulus
2713 337 2743 376 a
2799 321 3053 380 Barbaris
3108 327 3362 395 captivus

1786 408 1965 464 factus
1993 419 2116 478 post
2143 410 2312 463 multa
2344 411 2466 463 vita:
2496 411 2737 481 pericula
2764 425 2828 465 ac
2849 412 3108 475 laniatus,
3139 415 3360 469 tandem

1791 500 1860 554 ab
1894 501 2155 570 episcopo
2185 501 2492 570 redimitur,
2529 511 2584 556 et
2630 510 2821 557 sancta
2861 511 2916 558 et
2955 504 3208 573 religiosa
3251 507 3362 560 vita

1785 591 2107 661 perfunctus
2137 594 2376 647 animam
2410 592 2525 648 Deo
2557 593 2810 650 reddidit.
2854 593 3011 650 Hunc
3064 594 3234 650 Graeci
3286 598 3364 652 uti
3430 578 3439 590 λ

1787 683 2028 752 reliquos
2067 684 2362 739 sanctitate
2415 685 2648 740 eximios
2684 686 2835 740 viros
2861 727 2876 750 ,
2927 695 3265 741 venerantur
3309 695 3365 740 ct

1789 774 1980 828 colunt
2009 775 2100 831 die
2156 775 2365 831 decima
2414 787 2610 847 quarta
2654 775 2928 834 Januarii.
2991 778 3362 848 Menologium

1788 863 2123 920 Basilianum
2150 884 2163 920 :
2199 867 2276 938 Τῇ
2308 867 2448 938 αὐτῇ
2480 869 2662 939 ἡμέρᾳ
2698 871 2886 939 μνήμη
2928 869 3023 923 τοῦ
3053 870 3202 923 ὁσίου
3243 871 3363 922 Πα-

1788 955 1916 1026 τρὸς
1958 956 2120 1026 ἡμῶν
2166 955 2477 1012 Θεοδοὺλου.
2509 950 2684 1020 Οὗτος
2724 958 2971 1028 ὑπῆρχεν
3009 959 3127 1024 υίὸς
3165 961 3363 1014 Νείλου

1787 1045 1884 1101 τοῦ
1927 1047 2091 1115 σοφοῦ
2126 1047 2221 1100 τοῦ
2259 1049 2547 1117 γεγονότος
2583 1051 2682 1120 μὲν
2722 1051 2964 1121 ἐπάρχου
3011 1054 3362 1106 Κωνσταντι-

1787 1138 2093 1202 νουπόλεως
2124 1156 2140 1171 ·
2174 1140 2565 1205 καταλιπόντος
2601 1141 2658 1195 δὲ
2681 1141 2781 1213 τὴν
2813 1141 2970 1206 δόξαν
3003 1142 3098 1196 τοῦ
3129 1143 3362 1214 κόσμου,

1789 1229 1886 1283 καὶ
1935 1228 2261 1294 ἀπελθόντος
2305 1231 2364 1284 ἐν
2400 1230 2475 1301 τῷ
2513 1231 2628 1303 ὄρει
2671 1232 2801 1304 Σινᾷ
2825 1273 2841 1298 ,
2883 1233 2978 1287 καὶ
3027 1235 3364 1304 μονάσαντος

1793 1317 1934 1390 μετὰ
1979 1319 2074 1373 τοῦ
2110 1319 2266 1374 υίοῦο
2300 1323 2410 1375 τῶν
2450 1322 2546 1375 δύο
2577 1323 2634 1376 δέ
2673 1324 3030 1396 ὑπαρχόντων
3067 1328 3185 1379 ἐκεῖ
3207 1368 3221 1391 ,
3270 1331 3367 1383 καὶ

1787 1411 1888 1482 τὴν
1927 1412 2234 1484 ἀσκητικὴν
2273 1413 2549 1467 πολιτείαν
2577 1405 2921 1482 διανυόντων,
2962 1417 3226 1487 ἐξαίφνης
3250 1421 3368 1473 ἐπι-

1788 1501 2065 1557 πεσόντων
2119 1503 2229 1557 τῶν
2267 1504 2603 1575 Βαρϐάρων,
2666 1508 2762 1560 καὶ
2817 1509 3144 1579 ἀρξαμένων
3202 1528 3368 1565 κατα-

1791 1592 2018 1662 σφάξειν
2040 1595 2167 1658 τοὺς
2187 1595 2374 1663 ἁγίους
2402 1596 2672 1666 Πατέρας.
2709 1598 2769 1650 Ὀ
2793 1601 2891 1669 μὲν
2910 1599 3101 1662 Νεῖλος
3127 1600 3364 1675 ἠδυνήθη

1792 1687 2007 1754 φυγεῖν,
2032 1686 2062 1738 6
2094 1685 2150 1739 δὲ
2189 1685 2303 1749 υίὸς
2332 1685 2497 1739 αὑτοῦ
2530 1687 2819 1752 Θεόδουλος
2859 1691 3138 1763 ἐκρατήθη
3164 1695 3366 1763 αἰχμά-

1789 1773 1960 1838 λωτος
1996 1775 2134 1845 μετά
2173 1774 2333 1829 ἄλλου
2371 1775 2490 1839 ἐνὸς
2519 1778 2665 1844 νέου,
2698 1780 2792 1833 καὶ
2815 1780 3058 1846 δεθέντες
3084 1784 3364 1856 ἐσύροντο.

1804 1867 2186 1938 Ἦπλήκευσαν
2214 1867 2271 1921 δὲ
2309 1869 2360 1921 0i
2390 1869 2685 1940 Βάρϐαροι,
2723 1872 2816 1925 καὶ
2844 1871 3127 1927 ἐϐούλοντο
3167 1876 3368 1944 σφάξαι

1790 1956 1918 2022 τοὺς
1959 1958 2154 2026 νέους,
2205 1958 2303 2012 καὶ
2347 1958 2507 2012 θῦσαι
2545 1959 2622 2030 τῷ
2659 1960 2768 2032 πρὸ
2807 1960 2900 2015 τοῦ
2949 1963 3101 2035 ἡλίου
3142 1966 3368 2019 ἀνατέλ-

1791 2047 1934 2102 λοντι
1969 2049 2155 2120 ἄστρῳ
2173 2063 2190 2079 ⁶
2225 2049 2318 2103 καὶ
2355 2051 2385 2104 6
2413 2051 2511 2120 μὲν
2539 2044 2621 2114 εἷς
2648 2052 2847 2122 ἔφυγεν
2865 2071 2880 2086 ο
2920 2054 2971 2106 0i
2998 2054 3056 2108 δέ
3084 2055 3363 2127 Βὰρσαροι

1791 2141 2170 2211 κοιμηθέντες,
2197 2139 2290 2194 τοῦ
2315 2141 2470 2212 ἡλίου
2496 2143 2899 2208 ἀνατείλαντος,
2925 2146 3021 2199 καὶ
3045 2146 3141 2200 τοῦ
3167 2147 3368 2217 ἄστρου

1793 2230 2119 2302 κρυόἐντος,
2170 2231 2272 2284 οὐκ
2313 2231 2552 2301 ἔσφαξαν
2578 2233 2670 2286 τὸν
2702 2234 3012 2290 Θεόδουλον.
3045 2236 3369 2308 Βουλόμενοι

1792 2320 1851 2374 δὲ
1881 2320 2167 2391 πωλῆσαι,
2216 2320 2310 2374 δύο
2353 2321 2549 2391 μόνους
2581 2323 2870 2394 χρυσίνους
2901 2324 3238 2395 ἐλάμϐανον,
3274 2327 3370 2379 καὶ

1794 2411 2092 2482 γυμνώσας
2127 2414 2156 2466 6
2184 2407 2266 2475 εἷς
2303 2413 2365 2466 τὸ
2411 2413 2581 2480 ξίφος,
2614 2414 2776 2485 ἠθελε
2808 2417 3008 2483 σφάξαι
3029 2430 3049 2449 ο
3079 2416 3200 2471 τότε
3239 2418 3372 2486 ἠγό-

1801 2521 1964 2575 ρασεν
1997 2504 2161 2557 αὑτὸν
2193 2506 2221 2558 6
2253 2505 2573 2571 ἐπίσκοπος,
2614 2507 2710 2560 καὶ
2741 2507 3004 2574 ἀπέλυσε,
3055 2508 3150 2562 καὶ
3187 2509 3371 2571 καλῶς

1799 2593 2002 2664 βιώσας
2047 2595 2341 2666 ἐκοιμήθη.
2402 2595 2519 2650 Hoc
2565 2596 2746 2651 eodem
2801 2599 2886 2654 die
2941 2603 3369 2655 commemoratio

1797 2684 1858 2740 S.
1897 2684 2080 2739 Patris
2106 2688 2275 2740 nostri
2315 2685 2592 2740 Theoduli.
2620 2688 2720 2742 Hic
2761 2700 2875 2743 erat
2925 2691 3070 2759 ﬁlius
3117 2692 3368 2760 sapientis

1800 2776 1918 2832 Nili
1945 2777 2162 2845 eparchi
2192 2777 2790 2849 Constantinopolitani,
2816 2784 2927 2852 qui,
2955 2783 3226 2837 mundana
3251 2784 3371 2854 gle-

1797 2869 1938 2923 riola
1988 2872 2337 2936 renuntiata,
2384 2872 2439 2925 in
2491 2881 2719 2926 montem
2767 2872 3002 2929 Simeum
3037 2891 3368 2946 progressus,

1799 2977 1907 3014 una
1937 2979 2056 3016 cum
2095 2963 2212 3032 ﬁlio
2243 2963 2562 3017 monachum
2608 2965 2802 3019 induit.
2845 2965 2983 3019 Dum
3010 2969 3081 3021 ibi
3113 2969 3374 3022 immora-

1798 3061 1984 3106 rentur
2011 3055 2065 3107 in
2094 3055 2325 3107 ascetica
2366 3054 2652 3122 disciplina
2686 3056 3042 3120 elaborantes,
3098 3056 3372 3126 derepente

1798 3145 2056 3200 Barbaris
2081 3147 2426 3210 irruentibus,
2459 3155 2512 3201 et
2547 3158 2762 3202 sanctos
2785 3148 2909 3201 illos
2937 3147 3129 3202 Patres
3151 3158 3371 3202 contru-

1798 3239 2124 3303 cidantibus,
2158 3239 2319 3293 Nilus
2364 3241 2418 3294 in
2451 3240 2633 3310 fugam
2667 3257 2723 3294 se
2760 3240 2927 3304 dedit,
2956 3241 3103 3309 ﬁlius
3133 3241 3374 3296 Theodu—

1799 3333 1902 3396 lus,
1934 3341 1983 3387 et
2012 3333 2155 3386 alius
2172 3331 2407 3400 ejusdem
2425 3349 2544 3385 cum
2565 3331 2660 3386 illo
2683 3334 2859 3386 (etatis
2887 3332 3057 3396 ducti,
3083 3334 3373 3402 evinctique

1797 3424 2164 3489 ducebantur;
2212 3423 2303 3477 sed
2331 3440 2451 3478 cum
2491 3433 2690 3477 certum
2743 3424 2798 3476 in
2849 3422 3022 3476 locum
3071 3439 3136 3477 ea:
3183 3425 3374 3478 itinere

1798 3517 2032 3571 Barbari
2087 3516 2458 3582 divertissent,
2506 3525 2804 3569 statuerunt
2863 3516 3079 3585 juvenes
3115 3528 3369 3582 mactare,

1798 3623 1987 3678 eosque
2044 3607 2215 3662 stella:
2261 3617 2384 3661 ante
2419 3608 2584 3661 solem
2626 3609 2883 3662 exorienti
2929 3609 3133 3662 hostias
3183 3611 3375 3663 immo-

1799 3701 1913 3755 lare
1935 3719 1955 3756 :
1987 3701 2078 3754 sed
2106 3717 2243 3754 unus
2277 3700 2488 3770 quidem
2531 3717 2597 3756 ea:
2628 3703 2709 3756 his
2756 3702 2883 3770 fuga
2922 3702 3150 3757 salutem
3199 3704 3369 3772 petiit.

1800 3794 2034 3849 Barbari
2075 3809 2192 3846 vero
2221 3794 2368 3862 gravi
2418 3809 2604 3863 sopore
2652 3796 2864 3863 sepulti,
2899 3809 3016 3849 cum
3045 3806 3229 3849 exorto
3264 3796 3375 3850 sole

1803 3883 1960 3938 stella
1997 3883 2316 3950 evanuisset,
2346 3885 2408 3936 ab
2440 3885 2720 3938 occidendo
2753 3885 2795 3939 Τ
2796 3885 3017 3940 heodulo
3041 3901 3228 3939 manus
3247 3886 3371 3940 abs-

1803 3979 2114 4040 tinuerunt;
2153 3990 2272 4030 cum
2335 3975 2671 4042 postmodum
2705 3976 2770 4030 de
2796 3993 2855 4032 eo
2889 3979 3110 4045 pecunia
3141 3993 3377 4030 commu-

1806 4069 1966 4122 tando
1997 4068 2366 4130 decrevissent,
2386 4085 2477 4122 nec
2511 4067 2656 4121 ultra
2681 4067 2787 4120 duo
2820 4069 3019 4137 solique
3036 4069 3184 4122 aurei
3213 4069 3374 4137 offer-

1804 4168 2009 4222 rentur,
2055 4173 2190 4210 unus
2232 4173 2297 4211 es:
2335 4159 2446 4211 illis
2492 4157 2692 4212 nudato
2733 4158 2911 4229 gladio
2947 4175 3065 4213 eum
3118 4162 3376 4229 conﬁcere

1807 4249 2043 4304 tentabat
2067 4266 2086 4304 :
2129 4258 2239 4300 tum
2273 4250 2546 4319 episcopus
2590 4267 2709 4303 eum
2747 4267 2779 4303 a
2816 4250 3062 4305 Barbara
3086 4263 3372 4319 mercatus,

1804 4341 1862 4395 in
1893 4339 2184 4392 libertatem
2212 4341 2424 4403 exemit,
2453 4341 2544 4411 qui
2574 4357 2692 4393 cum
2713 4357 2963 4411 perquam
2995 4343 3190 4411 aptime
3213 4346 3374 4398 vitam

1803 4429 2078 4495 duxisset,
2121 4428 2435 4483 obdormivit
2495 4431 2552 4484 in
2593 4431 2842 4486 Domino.
2909 4432 2974 4487 Et
3030 4434 3267 4490 Sirletus
3318 4437 3371 4490 in

1802 4522 2108 4589 Menologio
2183 4521 2498 4576 Grascorum
2561 4537 2577 4575 :
2627 4521 2825 4576 Eodem
2872 4525 2956 4578 die
3006 4526 3073 4580 M
3121 4525 3374 4581 Januarii

1804 4612 1864 4668 S.
1903 4613 2180 4668 Theoduli.
2211 4613 2316 4667 Hic
2358 4614 2459 4683 fuit
2509 4615 2654 4685 filius
2695 4615 2814 4669 Nili
2846 4619 2945 4671 viri
2978 4620 3249 4687 sapientis,
3286 4623 3376 4690 qui

1803 4705 1988 4758 relicto
2040 4703 2255 4766 satculo,
2307 4705 2361 4757 in
2392 4713 2624 4758 montem
2664 4702 2850 4760 Sinam
2890 4723 2944 4760 se
2992 4707 3236 4771 contulit,
3285 4708 3375 4761 ubi

1804 4812 1926 4850 cum
1985 4795 2100 4865 ﬁlio
2139 4795 2300 4848 vitam
2360 4795 2606 4848 ntonachi
2652 4798 2908 4852 exercuit.
2945 4795 3111 4850 Multa
3171 4799 3374 4868 ingenii

1804 4887 1889 4942 sui
1935 4893 2291 4940 monumenta
2341 4885 2579 4955 posteris
2618 4886 2906 4958 reliquisse
2953 4895 3162 4942 certum
3213 4899 3376 4959 atque

1802 4975 2167 5030 indubitatum
2193 4985 2295 5040 est,
2328 4991 2564 5046 quorum
2598 4991 2726 5046 pars
2759 4992 2870 5032 non
2898 4978 3092 5048 exigua
3121 4986 3373 5048 typornm

1803 5067 2060 5137 prazsidio
2090 5067 2264 5122 lucem
2300 5067 2490 5132 videt,
2542 5083 2670 5138 pars
2709 5068 2763 5123 in
2795 5071 3184 5138 manuscriptis
3230 5072 3373 5140 apud

1803 5159 2277 5215 decantatissimas
2348 5159 2706 5215 bibliothecas
2783 5161 3159 5230 manuscripta
3218 5162 3369 5227 latet,

1801 5263 1931 5318 pars
1958 5250 2122 5304 etiam
2153 5259 2466 5319 temporum
2492 5249 2712 5319 injuriis
2741 5249 3016 5320 deperdita
3048 5258 3153 5306 est.
3184 5250 3374 5321 Neque

1799 5341 1944 5395 enim
1981 5341 2060 5394 illi
2095 5341 2319 5412 copiose
2362 5342 2590 5410 loquens
2620 5342 2924 5411 sapientia,
2966 5358 3145 5413 neque
3184 5358 3368 5398 rerum

1800 5433 1858 5487 in
1891 5430 2194 5500 Scripturis
2224 5433 2582 5488 obscurarum
2623 5435 2957 5503 explanatio,
2992 5450 3170 5504 neque
3198 5436 3370 5490 bonas

1797 5536 1943 5579 artes
1971 5538 2266 5593 moresque
2303 5523 2628 5578 subserendi
2677 5524 2957 5588 studium,
2992 5525 3238 5597 illudque
3271 5541 3365 5580 sn-

1797 5629 2043 5688 premum
2065 5613 2261 5674 defuit.
2284 5613 2625 5686 Nicephorus
2646 5613 2906 5674 Callistus
2928 5617 3028 5675 lib.
3048 5631 3138 5672 stv
3161 5617 3362 5686 εΛόγου
