3822 6216
427 177 438 188 ’
488 200 559 262 3a
1694 197 2006 256 NOTITIA
2046 197 2124 255 IN
2162 197 2221 254 s.
2254 197 2523 257 NILL'M.
3655 197 3714 258 36

490 315 545 366 ὅὲ
586 312 812 380 δυνάμει
838 314 1078 382 κρατῶν,
1108 315 1202 366 καὶ
1227 316 1292 384 τῇ
1334 314 1456 385 θείᾳ
1485 315 1844 384 πυρούμενος
1874 315 2056 384 χάριτι

489 404 901 472 συγγράμματα
959 404 1190 472 adeo“
1266 404 1581 456 καταλείπει
1639 406 1774 474 πρὸς
1831 407 2060 473 ἄσκησιν

489 498 890 565 ὑπαλείξοντα,
943 496 1085 548 οἱτω
1136 498 1386 565 ᾳρὰτεως
1434 498 1525 547 καὶ
1594 497 1880 564 νοημάτων
1930 513 2059 565 μετ·

486 592 680 660 έχοντα
705 631 720 654 ,
785 591 859 652 ὡς
907 592 996 642 τὸν
1058 588 1499 654 ἀναγινώςκοντα
1529 589 1745 657 χάριτος
1778 589 2057 658 asapia-too

485 684 708 752 ἔμπλεοι
740 682 1076 734 καθιστάναι.
1113 680 1179 732 Et
1222 697 1340 732 cum
1383 682 1694 748 eloquentiae
1725 682 1772 733 ri
1816 681 2054 748 polleret,

484 777 778 844 dit-ianne
808 777 999 844 gratia
1033 775 1203 827 nerris
1236 774 1441 826 ralidus
1470 786 1625 836 esset,
1655 775 1854 841 scripta
1882 778 2053 837 raria,

481 886 601 937 qua:
636 873 758 922 rita:
804 870 1110 920 monasticte
1145 868 1458 920 exercitium
1487 868 1779 927 instruunt,
1821 867 2052 936 reliquit,

480 961 649 1014 verbis
672 971 720 1012 et
750 960 1021 1012 sententiis
1043 960 1120 1010 ita
1150 959 1465 1024 composita,
1491 967 1547 1009 ut
1576 958 1788 1010 lectoris
1819 957 2053 1009 animum

481 1056 658 1122 gratia
717 1052 1018 1105 incredibili
1075 1062 1329 1106 recreent.
1382 1051 1439 1105 in
1480 1053 1625 1104 omni
1668 1059 1815 1104 recto
1866 1050 2053 1104 studio

480 1157 535 1200 et
553 1146 894 1200 humanitate
929 1155 1178 1199 versatus
1209 1143 1496 1214 Philippus
1523 1143 1791 1198 Labhxus
1819 1145 1871 1197 in
1899 1142 2052 1196 Nora

481 1237 808 1292 Bibliotheca
856 1256 873 1290 :
929 1236 1048 1290 Nili
1099 1237 1679 1303 Constantinopolitani
1727 1237 1785 1291 8.
1819 1235 2049 1290 Joannis

479 1329 846 1395 Chrysostomi
902 1329 1152 1397 discipuli
1207 1331 1374 1382 multa
1432 1331 1618 1398 jacent
1681 1330 1938 1397 opuscula
1996 1330 2050 1381 in

479 1418 875 1472 Parisiensibus
932 1420 1156 1487 aliisque
1211 1420 1570 1484 bibliothecis,
1634 1437 1750 1488 qua:
1787 1429 1844 1472 ut
1888 1420 2048 1472 audio

476 1520 737 1576 parantur
766 1511 992 1578 publicce
1031 1511 1255 1562 utilitati
1302 1510 1365 1562 ab
1403 1511 1614 1564 erudito
1643 1513 1947 1579 interprete.
1987 1510 2050 1563 Et

480 1617 605 1671 pag.
639 1602 705 1656 95
732 1622 744 1656 :
784 1601 899 1655 Nili
922 1602 1245 1670 patriarcha:
1277 1601 1860 1671 Constantinopolitani
1889 1621 2048 1673 opera

478 1695 629 1746 varia
657 1695 710 1746 in
745 1695 896 1747 codd.
930 1695 1105 1763 regiis.
1132 1694 1258 1757 578,
1291 1695 1420 1757 498,
1456 1696 1578 1759 615,
1608 1697 1734 1760 952,
1760 1697 1888 1760 944,
1918 1697 2044 1760 729.,

485 1785 830 1850 1067,1662,
862 1786 1022 1848 tss't,
1059 1786 1216 1848 1588,
1246 1785 1408 1848 2005,
1446 1786 1606 1840 2218.
1639 1787 1816 1840 Multa
1848 1805 2048 1857 quoque

474 1879 709 1947 ejusdem
742 1879 801 1932 8.
838 1877 955 1930 Nili
985 1878 1240 1947 opuscula
1288 1889 1441 1932 erant
1485 1880 1538 1931 in
1580 1879 1892 1934 bibliotheca
1923 1882 2047 1936 Sir-

473 1970 696 2033 letiana,
724 1985 838 2038 qua:
864 1969 987 2021 aliis
1018 1968 1358 2021 memoranda
1390 1969 1645 2038 relinquo.
1681 1970 1757 2022 Ita
1781 1968 2047 2027 Lahbcus

475 2062 563 2114 hic
596 2071 650 2116 et
689 2060 817 2114 alibi
857 2077 870 2113 :
906 2057 1086 2114 Josias
1140 2059 1407 2114 Simlerus
1442 2061 1495 2114 in
1547 2059 1795 2130 Epitome
1830 2060 2042 2118 Gesne-

473 2154 641 2206 risnte
660 2150 1027 2216 Bibliotheca,
1045 2149 1312 2221 Georgius
1330 2149 1602 2207 Draudius
1625 2151 1678 2206 in
1709 2151 2043 2207 Bibliotheca

470 2244 725 2299 classica.

540 2333 697 2387 Hunc
724 2341 976 2388 sanctum
1007 2331 1187 2386 Nilum
1225 2339 1473 2386 nostrum
1495 2338 1732 2385 aseetam
1761 2330 1854 2385 alii
1881 2339 2044 2401 atque

470 2427 561 2480 alii
599 2432 919 2495 nuncupant
973 2424 1422 2492 archiepiscopum
1467 2432 1526 2477 et
1571 2425 1866 2491 episcopum
1897 2422 2040 2478 Con-

468 2518 1028 2584 stantinopolitanum,
1060 2515 1362 2584 perinsigni
1413 2516 1912 2584 manuscriptorum
1943 2529 2041 2568 co-

467 2610 654 2663 dicum
691 2607 960 2678 pravitate
994 2606 1227 2674 decepti.
1278 2603 1522 2660 Joannes
1556 2605 1804 2661 Andreas
1853 2605 2040 2672 Quen-

467 2703 657 2757 stadt:
703 2699 1164 2766 Constantinopoli
1215 2708 1371 2751 natus
1411 2709 1488 2752 est
1535 2696 1694 2752 Nilus
1731 2699 2036 2765 monachus,

463 2790 692 2845 Joannis
723 2789 1093 2859 Chrysostomi
1143 2789 1458 2855 discipulus,
1505 2789 1596 2858 qui
1623 2790 1795 2842 multa
1826 2790 2039 2857 scripsit

464 2884 530 2936 de
562 2883 896 2936 institutione
927 2881 1329 2943 monachorum,
1357 2889 1484 2934 teste
1508 2879 1806 2949 Nicephoro
1831 2880 2034 2936 Histor.

465 2976 559 3030 lib.
583 2992 690 3035 ιιν.
721 2991 840 3039 cap.
867 2975 954 3030 55.
987 2973 1246 3040 Quadam
1266 2974 1380 3042 ejus
1403 2983 1612 3028 exstant
1634 2974 1686 3026 in
1709 2972 2037 3026 Bibliotheca

463 3067 726 3128 Patrum,
761 3075 900 3118 tomo
943 3065 1003 3129 V,
1057 3066 1185 3120 edit.
1241 3066 1295 3119 2.
1338 3065 1639 3133 Separatim
1689 3081 1806 3119 vero
1860 3075 2035 3118 exstat

464 3157 596 3210 liber
623 3155 684 3212 S.
714 3155 832 3209 Nili
861 3155 933 3210 De
963 3156 1274 3211 Christiana
1305 3156 1670 3226 philosophia,
1702 3173 1804 3226 quo
1828 3157 2035 3211 nomine

462 3249 814 3302 monasticam
846 3250 1130 3318 signiﬁcat.
1173 3249 1402 3304 Photius
1433 3251 1486 3303 in
1519 3249 1873 3312 Bibliotheca,
1907 3247 2030 3303 cod.

459 3338 560 3395 201
606 3354 622 3393 :
663 3339 844 3393 Lectus
902 3348 978 3393 est
1037 3339 1149 3395 Nili
1216 3342 1457 3394 monachi
1512 3340 1670 3406 liber,
1733 3341 1880 3412 τρισὶ
1939 3341 2033 3392 καὶ

460 3431 799 3499 πεντήκοντα
854 3431 950 3484 καὶ
1002 3431 1196 3484 ἑκατὸν
1244 3431 1561 3500 κεφαλαίοις
1627 3431 2025 3502 διαιρούμενος,

458 3521 550 3574 τὸν
577 3520 676 3590 τῆς
699 3522 1008 3591 προσευχῆς
1061 3521 1118 3574 δὲ
1149 3522 1208 3573 ὲν
1244 3519 1456 3584 τούτοις
1488 3523 1516 3574 ὁ
1545 3520 1686 3584 Θεϊος
1723 3521 1864 3592 ἀνὴρ
1897 3522 2030 3574 ἀνα-

457 3611 687 3664 πτύσσει
720 3613 909 3665 τύπον.
945 3612 1121 3666 Πολλὰ
1150 3613 1208 3666 δὲ
1256 3614 1350 3668 καὶ
1379 3612 1515 3666 ἄλλα
1557 3612 1723 3666 αὑτοῦ
1752 3612 2027 3682 ἀξιόλογα,

456 3701 710 3765 ποικίλας
753 3701 1036 3767 ὑποθέσεις
1066 3703 1483 3774 ὐποδαλλόμενα
1505 3741 1522 3768 ,
1568 3704 1647 3768 εἷς
1684 3721 1744 3758 τε
1773 3705 1866 3758 τὸν
1911 3705 2030 3758 ἑπι-

459 3792 765 3862 στολιμαῖον
793 3794 1014 3863 τρόπον,
1040 3796 1135 3848 καὶ
1157 3796 1237 3858 εἰς
1259 3794 1319 3848 τὸ
1344 3795 1718 3865 συγγραφικὸν
1745 3796 2028 3866 ἀνηγμένα

458 3884 866 3953 συγγράμματα
893 3885 1141 3956 φέρεται,
1173 3887 1272 3958 τήν
1296 3904 1355 3940 τε
1387 3888 1530 3941 κατὰ
1560 3887 1628 3940 τὰ
1657 3887 1794 3958 ἔργα
1825 3887 2027 3940 τελειό-

453 3993 622 4047 τητα,
674 3978 766 4030 καὶ
807 3979 906 4049 τὴν
959 3979 1017 4031 ὲν
1055 3979 1235 4047 λόγοις
1276 3980 1696 4051 μαρτυρούμενα
1748 3979 1976 4051 δύναμιν
2008 3995 2022 4010 ⁸

454 4067 509 4118 in
533 4076 740 4119 centum
771 4077 818 4120 et
855 4069 1244 4138 quinquaginta
1291 4071 1396 4122 tria
1429 4072 1608 4138 capita
1651 4071 1874 4135 divisus,
1904 4073 2022 4140 qui-

455 4156 550 4208 bus
607 4157 857 4224 precandi
915 4159 1145 4226 formam
1206 4161 1287 4213 vir
1335 4161 1428 4214 ille
1496 4162 1708 4215 divinus
1759 4163 2020 4229 exposuit.

456 4243 725 4299 Feruntur
752 4247 989 4316 ejusdem
1036 4260 1086 4303 et
1122 4250 1233 4304 alia
1262 4255 1420 4319 plura
1455 4252 1591 4306 lectu
1638 4254 1800 4323 digna
1831 4252 2024 4306 diversi

453 4338 753 4404 argumenti
787 4338 1038 4406 opuscula
1062 4375 1079 4401 ,
1131 4341 1328 4406 partim
1363 4339 1653 4407 Epistolas,
1685 4343 1880 4410 partim
1921 4343 2024 4394 Ιιὶ·

452 4429 638 4481 storia:
669 4429 844 4497 forma
881 4433 1216 4498 conscripta,
1251 4447 1366 4500 qua:
1412 4449 1516 4486 non
1556 4449 1770 4502 operum
1819 4443 2023 4486 tantum

453 4521 832 4588 perfectionem
854 4521 1132 4589 insignem,
1167 4523 1256 4574 sed
1289 4523 1583 4576 indicendo
1610 4540 1809 4594 quoque
1846 4524 2022 4593 facul-

455 4620 616 4664 tatem
647 4609 762 4678 ejus
798 4619 1088 4664 testantur.
1121 4612 1323 4665 lbidem
1364 4613 1468 4666 alia
1496 4614 1736 4682 ejusdem
1771 4615 1870 4668 Nili
1908 4616 2023 4670 An-

453 4703 616 4758 dreas
658 4703 882 4756 Scottus
919 4711 1168 4756 recenset
1213 4705 1476 4772 opuscula
1505 4745 1521 4772 ,
1573 4723 1688 4774 qua:
1739 4708 1791 4759 in
1832 4705 2018 4772 Italia,

453 4795 767 4849 bibliotheca
804 4793 983 4865 Regia,
1035 4809 1081 4848 et
1134 4798 1444 4864 Augustam:
1494 4797 1743 4851 dicuntur
1787 4811 2016 4856 exstare.

454 4886 675 4943 Dubitat
721 4887 1123 4950 nihilominus,
1184 4903 1252 4941 an
1301 4889 1468 4942 unius
1518 4887 1625 4943 Nili
1667 4891 1774 4943 sint
1814 4892 2018 4946 omnia.

452 4979 720 5050 Excerpta
751 4995 818 5034 ex
845 4980 1092 5048 ejusdem
1117 4977 1474 5035 Orationibus
1499 4981 1550 5034 in
1579 4981 1788 5036 Pascha
1821 4983 2017 5052 prima,

451 5081 506 5125 et
531 5072 793 5133 secunda,
815 5071 1253 5125 ittAscettsionem
1281 5071 1492 5124 Domini
1525 5074 1722 5143 prima,
1777 5077 2018 5130 secunda

454 5170 509 5216 et
539 5164 697 5217 tertia
729 5165 863 5218 satis
896 5163 1104 5233 prolixa
1133 5165 1357 5218 totidem
1381 5165 1564 5220 verbis
1588 5169 1851 5222 exscribit
1875 5170 2016 5224 idem

452 5255 676 5310 Photius
728 5257 781 5310 in
836 5255 1025 5311 eadem
1078 5255 1427 5310 Bibliotheca.
1483 5257 1584 5313 llic
1634 5275 1743 5314 non
1805 5262 2015 5331 absque

449 5346 754 5400 oscitantiae
821 5357 949 5400 nota
1013 5346 1386 5416 designandos
1446 5356 1531 5403 est
1561 5352 1791 5420 supinus
1858 5368 2016 5408 error

448 5437 677 5492 Gesneri
723 5446 776 5490 et
819 5438 1068 5504 Sinileri,
1104 5440 1154 5492 in
1196 5439 1563 5507 Bibliotheca,
1605 5444 1699 5513 qui
1748 5447 2014 5515 opuscula

449 5529 782 5599 Theologica
830 5527 936 5583 Nili
988 5545 1112 5584 cum
1155 5533 1427 5602 capitibus
1469 5532 1729 5591 Diadochi
1782 5539 2015 5594 coniun-

447 5622 628 5679 dunt:
666 5623 852 5679 Sancti
892 5621 1007 5677 Nili
1057 5623 1337 5680 Orationes
1392 5630 1700 5685 monastica:
1758 5633 1810 5686 in
1855 5631 2010 5688 Vati-

2167 330 2325 378 cana,
2357 313 2628 381 Opuscula
2657 313 2896 381 qua'dam
2926 312 3259 383 Theologica,
3281 322 3331 366 et
3353 311 3542 380 Capita
3570 331 3715 382 φωτι-

2165 407 2288 476 κῆς.
2326 406 2393 459 Et
2435 407 2580 475 quod
2619 409 2792 475 magis
2837 415 2943 469 est,
2988 404 3475 476 Magdeburgenses
3507 415 3642 458 cent.
3667 405 3715 468 5,

2164 513 2285 566 cap.
2331 499 2398 552 10
2435 516 2448 551 :
2485 497 2604 550 Nili
2640 502 2964 552 monasticas
3003 497 3286 551 Orationes
3350 509 3558 551 exstare
3589 497 3716 552 Crte-

2163 605 2254 641 cas
2297 588 2476 644 Rome
2508 592 2563 643 in
2613 590 2892 644 Vaticana.
2944 589 3080 644 Item
3127 590 3394 658 Opuscula
3433 590 3716 659 quindecim

2167 679 2507 750 Theologica,
2557 691 2607 735 et
2657 699 2775 750 cap.
2812 685 3075 753 φωτικῆς.
3114 681 3247 735 Item
3290 681 3482 734 librum
3525 682 3591 734 ad
3628 681 3718 734 Ba-

2165 772 2350 824 riclern
2392 775 2716 841 episcopum.
2763 775 2826 828 Et
2859 775 3002 828 infra
3039 793 3050 828 :
3087 774 3294 828 Pra'bet
3337 785 3506 827 tamen
3543 790 3718 841 prope-

2162 866 2374 918 modum
2403 867 2783 933 conjecturam,
2813 867 2952 936 quod
2978 870 3229 934 scriptum
3260 867 3522 936 quoddam
3550 869 3718 933 capita

2161 957 2405 1024 φωτικῆς
2459 970 2923 1010 commemoratur.
2983 957 3051 1010 Et
3101 957 3460 1024 Nicephorus,
3509 967 3618 1010 etc.
3669 956 3717 1009 Si

2163 1048 2308 1101 ullus
2338 1048 2500 1111 alius,
2537 1051 2700 1118 plane
2731 1050 2959 1104 lelius
3007 1050 3144 1119 ipse,
3194 1065 3262 1103 ne
3302 1049 3391 1102 hic
3429 1049 3718 1102 multorum

2161 1136 2494 1191 testimoniis
2540 1155 2653 1192 rem
2687 1140 2921 1202 traham,
2963 1140 3196 1194 similem
3232 1155 3492 1204 errorem,
3537 1150 3719 1210 aperte

2161 1228 2433 1298 proﬂigat.
2465 1230 2715 1301 Namque
2755 1233 2830 1285 ait
2864 1251 2876 1285 :
2915 1232 3132 1302 Πατέρα
3162 1232 3218 1284 δὲ
3265 1231 3358 1285 τοῦ
3408 1231 3565 1300 λόγου
3599 1233 3720 1285 Διά.

2157 1321 2312 1390 δοχον
2353 1325 2384 1391 ἡ
2414 1323 2697 1394 ἐπιγραφὴ
2732 1325 2899 1392 λέγει,
2939 1325 3185 1395 Φωτιχῆς
3210 1325 3310 1396 τῆς
3337 1327 3394 1377 ὲν
3423 1328 3485 1394 τῇ
3519 1325 3719 1394 παλαιᾷ

2170 1414 2410 1485 Ἠπείρῳ
2454 1417 2749 1469 ἐπίσκοπον
2775 1434 2788 1446 ·
2833 1417 3114 1471 Auctorem
3145 1418 3257 1486 ejus
3293 1419 3564 1482 inscriptio
3607 1419 3718 1482 ipsa

2157 1504 2289 1571 facit
2319 1504 2653 1559 Diadochum
2699 1505 2942 1562 Photices
2990 1509 3170 1572 illius,
3221 1524 3335 1578 qua
3362 1521 3437 1562 est
3473 1510 3529 1560 in
3560 1518 3718 1561 vetere

2156 1595 2342 1664 Epiro,
2374 1599 2691 1665 episcopum.
2735 1598 2802 1652 Et
2833 1599 2974 1652 infra
3014 1600 3144 1653 dum
3188 1602 3296 1672 agit
3327 1600 3394 1654 de
3421 1599 3715 1669 Sophronii

2157 1687 2639 1760 llierosolymitani
2664 1691 2991 1761 patriarcha:
3006 1691 3248 1761 Epistula
3280 1693 3543 1763 synodica
3572 1708 3583 1743 :
3613 1693 3718 1744 Καὶ

2152 1781 2182 1831 ὁ
2208 1781 2307 1850 τῆς
2337 1780 2585 1851 Φωτικῆς
2619 1784 2914 1844 ἑπισκοπος
2945 1783 3116 1852 ὄνομα
3147 1783 3400 1854 Διάδοχος
3427 1804 3445 1816 δ
3487 1783 3558 1836 Et
3586 1781 3717 1836 Pho-

2156 1872 2275 1925 ticte
2295 1873 2567 1941 episcopus
2607 1874 2819 1928 nomine
2845 1873 3172 1930 Diadochus.

2222 1983 2416 2040 Omnia
2445 1987 2609 2042 istius
2643 1987 2933 2058 opuscula.
2961 2003 3082 2059 qua:
3106 1988 3365 2059 pleraque
3390 1997 3543 2052 sunt,
3583 2004 3717 2042 non-

2151 2073 2281 2129 dum
2331 2078 2622 2146 quisquam
2661 2079 2871 2148 justum
2925 2079 2979 2132 in
3021 2080 3274 2133 volumen
3318 2078 3547 2146 redegit.
3580 2078 3717 2130 Sunt

2150 2167 2505 2222 nihilominus
2533 2170 2725 2237 partim
2750 2169 2940 2225 Latine
2965 2170 3200 2232 reddita,
3225 2169 3495 2239 editaque.
3529 2167 3716 2223 Oratio

2150 2259 2219 2312 ad
2258 2258 2426 2315 Deum
2471 2270 2662 2316 contra
2685 2262 3045 2317 Barbarorum
3072 2263 3436 2327 incursiones,
3457 2262 3598 2317 bella
3632 2264 3710 2315 in-

2149 2351 2369 2414 testina,
2399 2363 2629 2421 pestem,
2663 2352 2886 2418 famem,
2930 2363 2986 2408 et
3017 2353 3214 2408 mortis
3241 2354 3346 2406 vim
3390 2361 3712 2423 praesentem

2147 2441 2357 2498 Joanne
2383 2443 2659 2500 Sambuco
2691 2445 2977 2500 Pannonio
3006 2446 3306 2516 interprete
3330 2463 3344 2502 :
3374 2443 3435 2501 P.
3461 2445 3712 2514 Omnipo-

2149 2544 2258 2588 tens
2282 2533 2504 2589 Domine
2529 2535 2692 2600 Deus,
2725 2535 2891 2590 Pater
2919 2538 3135 2606 ingeniti
3164 2535 3319 2592 Filii.
3337 2537 3494 2592 Edita
3527 2538 3712 2594 Latine

2147 2634 2361 2680 tantum
2415 2624 2646 2686 Batavii.
2677 2642 2823 2681 anno
2863 2628 3030 2693 1555;
3062 2635 3346 2699 exstatque
3388 2645 3492 2685 ms.
3531 2630 3590 2684 in
3636 2631 3712 2685 bi-

2146 2718 2338 2773 blioth.
2365 2719 2735 2788 Imperatoris,
2764 2717 3006 2774 Viennae.

2213 2828 2408 2886 Petrus
2437 2829 2769 2885 Franciseus
2811 2829 2981 2884 Zinus
3009 2828 3342 2886 Veronensis
3374 2829 3426 2883 in
3457 2828 3708 2883 Latinum

2142 2923 2435 2987 convertit,
2469 2931 2523 2977 et
2554 2921 2854 2992 publicavit
2885 2919 3150 2986 Vcnetiis,
3187 2937 3329 2974 anno
3368 2920 3526 2981 1557,
3572 2921 3707 2974 iii-8.

2211 3033 2436 3088 Librum
2481 3032 2597 3086 Nili
2627 3032 2960 3097 Asceticum,
2991 3033 3097 3086 sive
3140 3032 3202 3085 de
3237 3034 3344 3086 rita
3383 3042 3432 3085 et
3477 3032 3707 3084 inor-ibus

2141 3128 2539 3181 monachorum.
2575 3123 2637 3180 P.
2679 3125 2841 3179 Multi
2882 3140 2946 3178 ex
2993 3123 3218 3187 ercis,
3268 3135 3315 3177 et
3361 3123 3569 3177 Iuda-is
3612 3142 3707 3176 ttott

2138 3219 2313 3286 pauci

2209 3310 2292 3363 Ad
2314 3310 2592 3363 monachos
2624 3310 3028 3364 institutionem.
3052 3307 3113 3362 P.
3153 3308 3328 3362 l'ictus
3353 3311 3705 3379 intemperan-

2139 3403 2270 3456 liant
2303 3403 2554 3471 jejunium
2594 3402 2755 3454 tollit.

2207 3491 2472 3542 Adversus
2507 3490 2638 3542 vitia
2675 3488 2958 3543 Orationes
2990 3498 3202 3555 septem.

2209 3581 2285 3635 De
2326 3583 2476 3652 gula,
2516 3590 2658 3636 orat.
2703 3582 2751 3635 1.
2796 3580 2857 3635 1⁵.
2901 3579 3238 3650 Principium
3283 3584 3381 3652 ﬂos
3420 3596 3499 3638 est
3539 3589 3703 3655 pro/i-

2134 3674 2322 3727 ciendi.

2205 3767 2282 3820 De
2320 3767 2560 3832 luxuria,
2599 3775 2742 3819 orat.
2774 3763 2829 3818 2.
2863 3763 2923 3817 Ρ.
2963 3763 3290 3818 Pudicitiam
3329 3771 3472 3836 parit
3514 3781 3705 3840 tempe-

2133 3860 2333 3913 rantia.

2201 3952 2280 4007 De
2319 3955 2583 4018 avaritia,
2631 3964 2772 4010 orat.
2816 3957 2869 4012 5.
2913 3956 2974 4014 Ρ.
3022 3960 3269 4016 Avaritia
3316 3963 3580 4015 malorum
3627 3973 3702 4016 est

2131 4048 2365 4100 omnium
2391 4046 2566 4101 radix.

2204 4138 2278 4192 De
2317 4141 2423 4204 ira,
2461 4147 2601 4193 orat.
2637 4139 2691 4193 4.
2743 4138 2842 4195 Ira
2876 4142 3049 4212 furori
3090 4156 3245 4215 atque
3279 4147 3501 4198 insania:
3536 4147 3704 4214 afﬁnis

2128 4239 2227 4284 881.

2201 4319 2278 4374 De
2308 4323 2553 4387 tristitia,
2587 4333 2727 4378 orat.
2760 4326 2813 4378 5.
2840 4324 2898 4378 Ρ.
2942 4325 3176 4392 Spiritus
3211 4329 3520 4396 voluptatem
3557 4329 3704 4397 igno-

2131 4422 2214 4464 rat
2241 4414 2550 4470 monachus.

2201 4503 2280 4557 De
2298 4507 2506 4570 acedia,
2543 4515 2684 4561 orat.
2721 4507 2774 4561 6.
2806 4506 2867 4560 P.
2899 4507 3075 4562 Animi
3111 4509 3355 4564 debilitas
3390 4523 3465 4565 est
3498 4514 3699 4564 acedia.

2199 4596 2277 4650 De
2303 4599 2447 4651 inani
2476 4600 2669 4668 gloria,
2702 4611 2842 4655 orat.
2884 4602 2938 4658 7.
2970 4603 3029 4656 P.
3063 4602 3247 4657 Inanis
3272 4606 3445 4674 gloria
3475 4619 3549 4657 est
3583 4609 3701 4658 ani-

2129 4689 2202 4741 mi
2237 4691 2566 4755 perturbatio
2607 4693 2806 4746 rationi
2839 4696 3130 4748 contraria.

2199 4799 2276 4853 De
2305 4801 2570 4869 superbia,
2597 4813 2738 4857 orat.
2766 4806 2823 4858 8.
2851 4803 2910 4858 P.
2933 4803 3191 4876 Superbia
3213 4816 3288 4859 est
3313 4808 3475 4859 animi
3498 4817 3695 4872 tumor,

2127 4894 2273 4946 sanie
2298 4895 2472 4960 plena.

2196 4983 2420 5039 Diversa
2490 4989 2687 5055 capita.
2751 4988 2812 5044 Ρ.
2855 4989 2952 5044 Dei
3017 4993 3255 5045 timorem
3325 5009 3387 5044 ac
3458 4996 3697 5044 studium

2125 5079 2312 5131 retine.

2199 5170 2272 5223 De
2307 5172 2564 5239 oratione,
2593 5188 2715 5244 cap.
2749 5175 2874 5231 155.
2903 5176 3010 5242 Qui
3043 5176 3368 5246 odoriferum
3395 5179 3537 5243 cupit
3577 5180 3696 5247 thy-

2124 5267 2343 5321 miama.

2192 5357 2275 5409 Ad
2307 5358 2548 5426 juniores
2587 5363 2872 5413 monachos
2924 5361 3333 5414 institutionem.
3382 5358 3443 5412 P.
3475 5361 3692 5412 .tttvenis

2122 5448 2262 5502 colat
2290 5451 2512 5518 quietem
2540 5452 2594 5503 in
2625 5467 2860 5520 corpore.

2193 5540 2273 5593 Ad
2303 5544 2649 5596 Anastasium
2683 5545 2984 5614 episcopum
3016 5544 3317 5613 epistolam.
3356 5541 3419 5598 P.
3454 5541 3690 5596 Joannes

2123 5634 2367 5687 sacerdos
2411 5635 2760 5693 admirandus
2790 5637 3042 5693 Ecclesia:
3064 5635 3667 5705 Constantinopolitano:
