  <div class='ocr_page' id='page_1' title='image "/cluster/home/n/w/nwhite01/storage/ocr_20150623/79/nnc1.0038021404/028.png"; bbox 0 0 3822 6216; ppageno 0'>
   <div class='ocr_carea' id='block_1_1' title="bbox 159 164 3489 267">
    <p class='ocr_par' dir='ltr' id='par_1_1' title="bbox 159 164 3489 267">
     <span class='ocr_line' id='line_1_1' title="bbox 159 164 3489 267; baseline 0.008 -24"><span class='ocrx_word' id='word_1_1' title='bbox 159 182 232 243; x_wconf 58' lang='grc' dir='ltr'>π</span> <span class='ocrx_word' id='word_1_2' title='bbox 1382 188 1693 252; x_wconf 74' lang='lat' dir='ltr'><strong><em>NOTITIA</em></strong></span> <span class='ocrx_word' id='word_1_3' title='bbox 1731 188 1813 249; x_wconf 89' lang='lat' dir='ltr'><strong><em>IN</em></strong></span> <span class='ocrx_word' id='word_1_4' title='bbox 1854 188 1913 249; x_wconf 88' lang='lat' dir='ltr'><strong><em>s.</em></strong></span> <span class='ocrx_word' id='word_1_5' title='bbox 1954 192 2201 255; x_wconf 84' lang='lat' dir='ltr'><strong><em>NILUM</em></strong></span> <span class='ocrx_word' id='word_1_6' title='bbox 3349 203 3422 267; x_wconf 79' lang='lat' dir='ltr'><strong><em>as</em></strong></span> <span class='ocrx_word' id='word_1_7' title='bbox 3480 164 3489 173; x_wconf 55' lang='grc'><em>”</em></span> 
     </span>
    </p>
   </div>
   <div class='ocr_carea' id='block_1_2' title="bbox 237 293 1745 364">
    <p class='ocr_par' dir='ltr' id='par_1_2' title="bbox 237 293 1745 364">
     <span class='ocr_line' id='line_1_2' title="bbox 237 293 1745 364; baseline 0.005 -17"><span class='ocrx_word' id='word_1_8' title='bbox 237 293 323 347; x_wconf 82' lang='lat' dir='ltr'><strong><em>De</em></strong></span> <span class='ocrx_word' id='word_1_9' title='bbox 351 294 508 348; x_wconf 87' lang='lat' dir='ltr'><strong><em>nimis</em></strong></span> <span class='ocrx_word' id='word_1_10' title='bbox 528 295 788 347; x_wconf 79' lang='lat' dir='ltr'><strong><em>diuturna</em></strong></span> <span class='ocrx_word' id='word_1_11' title='bbox 813 294 1175 364; x_wconf 75' lang='lat' dir='ltr'><strong><em>prwfectura..</em></strong></span> <span class='ocrx_word' id='word_1_12' title='bbox 1203 295 1264 353; x_wconf 80' lang='grc' dir='ltr'><strong>Ρ.</strong></span> <span class='ocrx_word' id='word_1_13' title='bbox 1302 300 1546 355; x_wconf 87' lang='lat' dir='ltr'><strong><em>Tradunt</em></strong></span> <span class='ocrx_word' id='word_1_14' title='bbox 1569 317 1745 355; x_wconf 87' lang='lat' dir='ltr'><strong><em>rerum</em></strong></span> 
     </span>
    </p>
   </div>
   <div class='ocr_carea' id='block_1_3' title="bbox 156 386 919 441">
    <p class='ocr_par' dir='ltr' id='par_1_3' title="bbox 156 386 919 441">
     <span class='ocr_line' id='line_1_3' title="bbox 156 386 919 441; baseline 0.003 -2"><span class='ocrx_word' id='word_1_15' title='bbox 156 386 502 439; x_wconf 70' lang='lat' dir='ltr'><strong><em>naturalium</em></strong></span> <span class='ocrx_word' id='word_1_16' title='bbox 530 386 919 441; x_wconf 73' lang='lat' dir='ltr'><strong><em>observatores.</em></strong></span> 
     </span>
    </p>
   </div>
   <div class='ocr_carea' id='block_1_4' title="bbox 230 477 1741 547">
    <p class='ocr_par' dir='ltr' id='par_1_4' title="bbox 230 477 1741 547">
     <span class='ocr_line' id='line_1_4' title="bbox 230 477 1741 547; baseline 0.006 -15"><span class='ocrx_word' id='word_1_17' title='bbox 230 477 301 533; x_wconf 82' lang='lat' dir='ltr'><strong><em>In</em></strong></span> <span class='ocrx_word' id='word_1_18' title='bbox 341 478 679 532; x_wconf 69' lang='lat' dir='ltr'><strong><em>Bibliotheca</em></strong></span> <span class='ocrx_word' id='word_1_19' title='bbox 716 478 941 533; x_wconf 84' lang='lat' dir='ltr'><strong><em>Patrum</em></strong></span> <span class='ocrx_word' id='word_1_20' title='bbox 966 478 1245 547; x_wconf 80' lang='lat' dir='ltr'><strong><em>Veterum,</em></strong></span> <span class='ocrx_word' id='word_1_21' title='bbox 1289 483 1531 538; x_wconf 61' lang='lat' dir='ltr'><strong><em>Colonia:</em></strong></span> <span class='ocrx_word' id='word_1_22' title='bbox 1559 486 1741 541; x_wconf 88' lang='lat' dir='ltr'><strong><em>edita:</em></strong></span> 
     </span>
    </p>
   </div>
   <div class='ocr_carea' id='block_1_5' title="bbox 236 568 1742 644">
    <p class='ocr_par' dir='ltr' id='par_1_5' title="bbox 236 568 1742 644">
     <span class='ocr_line' id='line_1_5' title="bbox 236 568 1742 644; baseline 0.006 -23"><span class='ocrx_word' id='word_1_23' title='bbox 236 569 322 621; x_wconf 78' lang='lat' dir='ltr'><strong><em>Ex</em></strong></span> <span class='ocrx_word' id='word_1_24' title='bbox 375 568 614 637; x_wconf 83' lang='lat' dir='ltr'><strong><em>quodam</em></strong></span> <span class='ocrx_word' id='word_1_25' title='bbox 677 568 1009 624; x_wconf 75' lang='lat' dir='ltr'><strong><em>Parwnett&#39;co</em></strong></span> <span class='ocrx_word' id='word_1_26' title='bbox 1056 571 1191 625; x_wconf 88' lang='lat' dir='ltr'><strong><em>libro</em></strong></span> <span class='ocrx_word' id='word_1_27' title='bbox 1238 572 1626 644; x_wconf 79' lang='lat' dir='ltr'><strong><em>fragmentum.</em></strong></span> <span class='ocrx_word' id='word_1_28' title='bbox 1681 575 1742 631; x_wconf 84' lang='lat' dir='ltr'><strong><em>P.</em></strong></span> 
     </span>
    </p>
   </div>
   <div class='ocr_carea' id='block_1_6' title="bbox 156 657 1487 729">
    <p class='ocr_par' dir='ltr' id='par_1_6' title="bbox 156 657 1487 729">
     <span class='ocr_line' id='line_1_6' title="bbox 156 657 1487 729; baseline 0.008 -18"><span class='ocrx_word' id='word_1_29' title='bbox 156 657 425 729; x_wconf 64' lang='lat' dir='ltr'><strong><em>Nunquid</em></strong></span> <span class='ocrx_word' id='word_1_30' title='bbox 453 662 698 729; x_wconf 82' lang='lat' dir='ltr'><strong><em>angelos,</em></strong></span> <span class='ocrx_word' id='word_1_31' title='bbox 734 662 808 714; x_wconf 78' lang='lat' dir='ltr'><strong><em>vel</em></strong></span> <span class='ocrx_word' id='word_1_32' title='bbox 836 672 1139 727; x_wconf 70' lang='lat' dir='ltr'><strong><em>potestates,</em></strong></span> <span class='ocrx_word' id='word_1_33' title='bbox 1167 673 1272 720; x_wconf 80' lang='lat' dir='ltr'><strong><em>etc.</em></strong></span> <span class='ocrx_word' id='word_1_34' title='bbox 1486 664 1487 667; x_wconf 40' lang='grc'><em>“</em></span> 
     </span>
    </p>
   </div>
   <div class='ocr_carea' id='block_1_7' title="bbox 236 752 1145 823">
    <p class='ocr_par' dir='ltr' id='par_1_7' title="bbox 236 752 1145 823">
     <span class='ocr_line' id='line_1_7' title="bbox 236 752 1145 823; baseline 0.004 -18"><span class='ocrx_word' id='word_1_35' title='bbox 236 752 448 805; x_wconf 79' lang='lat' dir='ltr'><strong><em>Deocto</em></strong></span> <span class='ocrx_word' id='word_1_36' title='bbox 477 754 686 807; x_wconf 81' lang='lat' dir='ltr'><strong><em>uitiosis</em></strong></span> <span class='ocrx_word' id='word_1_37' title='bbox 716 755 1145 823; x_wconf 68' lang='lat' dir='ltr'><strong><em>cogitationibus.</em></strong></span> 
     </span>
    </p>
   </div>
   <div class='ocr_carea' id='block_1_8' title="bbox 237 843 1741 917">
    <p class='ocr_par' dir='ltr' id='par_1_8' title="bbox 237 843 1741 917">
     <span class='ocr_line' id='line_1_8' title="bbox 237 843 1741 917; baseline 0.006 -21"><span class='ocrx_word' id='word_1_38' title='bbox 237 843 318 897; x_wconf 85' lang='lat' dir='ltr'><strong><em>De</em></strong></span> <span class='ocrx_word' id='word_1_39' title='bbox 344 844 493 913; x_wconf 89' lang='lat' dir='ltr'><strong><em>gula.</em></strong></span> <span class='ocrx_word' id='word_1_40' title='bbox 532 843 597 900; x_wconf 91' lang='lat' dir='ltr'><strong><em>P.</em></strong></span> <span class='ocrx_word' id='word_1_41' title='bbox 642 844 720 899; x_wconf 89' lang='lat' dir='ltr'><strong><em>De</em></strong></span> <span class='ocrx_word' id='word_1_42' title='bbox 758 856 874 899; x_wconf 80' lang='lat' dir='ltr'><strong><em>octo</em></strong></span> <span class='ocrx_word' id='word_1_43' title='bbox 911 847 1113 899; x_wconf 76' lang='lat' dir='ltr'><strong><em>vitiosis</em></strong></span> <span class='ocrx_word' id='word_1_44' title='bbox 1148 848 1590 917; x_wconf 75' lang='lat' dir='ltr'><strong><em>cogitationibus,</em></strong></span> <span class='ocrx_word' id='word_1_45' title='bbox 1649 868 1741 905; x_wconf 85' lang='lat' dir='ltr'><strong><em>seu</em></strong></span> 
     </span>
    </p>
   </div>
   <div class='ocr_carea' id='block_1_9' title="bbox 154 936 460 1005">
    <p class='ocr_par' dir='ltr' id='par_1_9' title="bbox 154 936 460 1005">
     <span class='ocr_line' id='line_1_9' title="bbox 154 936 460 1005; baseline -0.003 -17"><span class='ocrx_word' id='word_1_46' title='bbox 154 936 460 1005; x_wconf 59' lang='lat' dir='ltr'><strong><em>eiectibus.</em></strong></span> 
     </span>
    </p>
   </div>
   <div class='ocr_carea' id='block_1_10' title="bbox 226 1025 1739 1101">
    <p class='ocr_par' dir='ltr' id='par_1_10' title="bbox 226 1025 1739 1101">
     <span class='ocr_line' id='line_1_10' title="bbox 226 1025 1739 1101; baseline 0.004 -19"><span class='ocrx_word' id='word_1_47' title='bbox 226 1027 310 1082; x_wconf 82' lang='lat' dir='ltr'><strong><em>De</em></strong></span> <span class='ocrx_word' id='word_1_48' title='bbox 327 1028 701 1097; x_wconf 66' lang='lat' dir='ltr'><strong><em>fornicatione.</em></strong></span> <span class='ocrx_word' id='word_1_49' title='bbox 715 1025 1181 1082; x_wconf 82' lang='lat' dir='ltr'><strong><em>P.Fornicationis</em></strong></span> <span class='ocrx_word' id='word_1_50' title='bbox 1198 1031 1418 1099; x_wconf 77' lang='lat' dir='ltr'><strong><em>spiritus</em></strong></span> <span class='ocrx_word' id='word_1_51' title='bbox 1436 1049 1528 1101; x_wconf 84' lang='lat' dir='ltr'><strong><em>per</em></strong></span> <span class='ocrx_word' id='word_1_52' title='bbox 1541 1050 1739 1088; x_wconf 79' lang='lat' dir='ltr'><strong><em>carnis.</em></strong></span> 
     </span>
    </p>
   </div>
   <div class='ocr_carea' id='block_1_11' title="bbox 228 1119 1666 1180">
    <p class='ocr_par' dir='ltr' id='par_1_11' title="bbox 228 1119 1666 1180">
     <span class='ocr_line' id='line_1_11' title="bbox 228 1119 1666 1180; baseline 0.004 -8"><span class='ocrx_word' id='word_1_53' title='bbox 228 1119 311 1173; x_wconf 86' lang='lat' dir='ltr'><strong><em>De</em></strong></span> <span class='ocrx_word' id='word_1_54' title='bbox 337 1122 612 1173; x_wconf 75' lang='lat' dir='ltr'><strong><em>Avaritia.</em></strong></span> <span class='ocrx_word' id='word_1_55' title='bbox 646 1119 703 1172; x_wconf 89' lang='lat' dir='ltr'><strong><em>P.</em></strong></span> <span class='ocrx_word' id='word_1_56' title='bbox 749 1119 1037 1173; x_wconf 69' lang='lat' dir='ltr'><strong><em>Externum</em></strong></span> <span class='ocrx_word' id='word_1_57' title='bbox 1067 1132 1145 1174; x_wconf 81' lang='lat' dir='ltr'><strong><em>est</em></strong></span> <span class='ocrx_word' id='word_1_58' title='bbox 1179 1125 1418 1176; x_wconf 78' lang='lat' dir='ltr'><strong><em>avaritiw</em></strong></span> <span class='ocrx_word' id='word_1_59' title='bbox 1454 1124 1666 1180; x_wconf 81' lang='lat' dir='ltr'><strong><em>bellant.</em></strong></span> 
     </span>
    </p>
   </div>
   <div class='ocr_carea' id='block_1_12' title="bbox 226 1210 1539 1279">
    <p class='ocr_par' dir='ltr' id='par_1_12' title="bbox 226 1210 1539 1279">
     <span class='ocr_line' id='line_1_12' title="bbox 226 1210 1539 1279; baseline 0.004 -16"><span class='ocrx_word' id='word_1_60' title='bbox 226 1210 307 1263; x_wconf 85' lang='lat' dir='ltr'><strong><em>De</em></strong></span> <span class='ocrx_word' id='word_1_61' title='bbox 335 1213 443 1263; x_wconf 89' lang='lat' dir='ltr'><strong><em>ira.</em></strong></span> <span class='ocrx_word' id='word_1_62' title='bbox 475 1210 534 1265; x_wconf 89' lang='lat' dir='ltr'><strong><em>P.</em></strong></span> <span class='ocrx_word' id='word_1_63' title='bbox 581 1210 678 1263; x_wconf 90' lang='lat' dir='ltr'><strong><em>Ira</em></strong></span> <span class='ocrx_word' id='word_1_64' title='bbox 712 1227 828 1264; x_wconf 89' lang='lat' dir='ltr'><strong><em>cum</em></strong></span> <span class='ocrx_word' id='word_1_65' title='bbox 862 1214 1020 1266; x_wconf 79' lang='lat' dir='ltr'><strong><em>semel</em></strong></span> <span class='ocrx_word' id='word_1_66' title='bbox 1050 1223 1226 1279; x_wconf 81' lang='lat' dir='ltr'><strong><em>pectus</em></strong></span> <span class='ocrx_word' id='word_1_67' title='bbox 1259 1213 1539 1268; x_wconf 75' lang='lat' dir='ltr'><strong><em>obsederit.</em></strong></span> 
     </span>
    </p>
   </div>
   <div class='ocr_carea' id='block_1_13' title="bbox 224 1300 1664 1375">
    <p class='ocr_par' dir='ltr' id='par_1_13' title="bbox 224 1300 1664 1375">
     <span class='ocr_line' id='line_1_13' title="bbox 224 1300 1664 1375; baseline 0.006 -20"><span class='ocrx_word' id='word_1_68' title='bbox 224 1300 308 1355; x_wconf 85' lang='lat' dir='ltr'><strong><em>De</em></strong></span> <span class='ocrx_word' id='word_1_69' title='bbox 339 1304 588 1356; x_wconf 77' lang='lat' dir='ltr'><strong><em>tristitia.</em></strong></span> <span class='ocrx_word' id='word_1_70' title='bbox 625 1302 684 1356; x_wconf 89' lang='lat' dir='ltr'><strong><em>P.</em></strong></span> <span class='ocrx_word' id='word_1_71' title='bbox 718 1302 851 1357; x_wconf 85' lang='lat' dir='ltr'><strong><em>Cum</em></strong></span> <span class='ocrx_word' id='word_1_72' title='bbox 876 1304 1140 1370; x_wconf 79' lang='lat' dir='ltr'><strong><em>improbus</em></strong></span> <span class='ocrx_word' id='word_1_73' title='bbox 1170 1306 1401 1359; x_wconf 80' lang='lat' dir='ltr'><strong><em>tristitia:</em></strong></span> <span class='ocrx_word' id='word_1_74' title='bbox 1425 1309 1664 1375; x_wconf 78' lang='lat' dir='ltr'><strong><em>spiritus.</em></strong></span> 
     </span>
    </p>
   </div>
   <div class='ocr_carea' id='block_1_14' title="bbox 226 1395 1735 1466">
    <p class='ocr_par' dir='ltr' id='par_1_14' title="bbox 226 1395 1735 1466">
     <span class='ocr_line' id='line_1_14' title="bbox 226 1395 1735 1466; baseline 0.003 -17"><span class='ocrx_word' id='word_1_75' title='bbox 226 1395 309 1449; x_wconf 87' lang='lat' dir='ltr'><strong><em>De</em></strong></span> <span class='ocrx_word' id='word_1_76' title='bbox 337 1397 554 1449; x_wconf 86' lang='lat' dir='ltr'><strong><em>acedia.</em></strong></span> <span class='ocrx_word' id='word_1_77' title='bbox 593 1395 655 1448; x_wconf 84' lang='lat' dir='ltr'><strong><em>P.</em></strong></span> <span class='ocrx_word' id='word_1_78' title='bbox 695 1395 1150 1464; x_wconf 70' lang='lat' dir='ltr'><strong><em>Acediaa-spiritus</em></strong></span> <span class='ocrx_word' id='word_1_79' title='bbox 1192 1400 1430 1450; x_wconf 81' lang='lat' dir='ltr'><strong><em>nueroris</em></strong></span> <span class='ocrx_word' id='word_1_80' title='bbox 1468 1402 1735 1466; x_wconf 85' lang='lat' dir='ltr'><strong><em>spiritum.</em></strong></span> 
     </span>
    </p>
   </div>
   <div class='ocr_carea' id='block_1_15' title="bbox 226 1487 1738 1560">
    <p class='ocr_par' dir='ltr' id='par_1_15' title="bbox 226 1487 1738 1560">
     <span class='ocr_line' id='line_1_15' title="bbox 226 1487 1738 1560; baseline 0.004 -20"><span class='ocrx_word' id='word_1_81' title='bbox 226 1488 307 1540; x_wconf 84' lang='lat' dir='ltr'><strong><em>De</em></strong></span> <span class='ocrx_word' id='word_1_82' title='bbox 345 1489 502 1541; x_wconf 87' lang='lat' dir='ltr'><strong><em>inani</em></strong></span> <span class='ocrx_word' id='word_1_83' title='bbox 530 1488 727 1558; x_wconf 85' lang='lat' dir='ltr'><strong><em>gloria.</em></strong></span> <span class='ocrx_word' id='word_1_84' title='bbox 753 1487 815 1541; x_wconf 88' lang='lat' dir='ltr'><strong><em>P.</em></strong></span> <span class='ocrx_word' id='word_1_85' title='bbox 852 1487 1041 1542; x_wconf 85' lang='lat' dir='ltr'><strong><em>Inanis</em></strong></span> <span class='ocrx_word' id='word_1_86' title='bbox 1073 1490 1259 1560; x_wconf 66' lang='lat' dir='ltr'><strong><em>gloria!</em></strong></span> <span class='ocrx_word' id='word_1_87' title='bbox 1293 1490 1515 1559; x_wconf 73' lang='lat' dir='ltr'><strong><em>affectus</em></strong></span> <span class='ocrx_word' id='word_1_88' title='bbox 1553 1494 1738 1546; x_wconf 88' lang='lat' dir='ltr'><strong><em>multi-</em></strong></span> 
     </span>
    </p>
   </div>
   <div class='ocr_carea' id='block_1_16' title="bbox 150 1578 415 1643">
    <p class='ocr_par' dir='ltr' id='par_1_16' title="bbox 150 1578 415 1643">
     <span class='ocr_line' id='line_1_16' title="bbox 150 1578 415 1643; baseline 0.004 -14"><span class='ocrx_word' id='word_1_89' title='bbox 150 1578 280 1643; x_wconf 72' lang='lat' dir='ltr'><strong><em>plex</em></strong></span> <span class='ocrx_word' id='word_1_90' title='bbox 302 1587 415 1637; x_wconf 52' lang='lat' dir='ltr'><strong><em>est,</em></strong></span> 
     </span>
    </p>
   </div>
   <div class='ocr_carea' id='block_1_17' title="bbox 225 1667 1735 1739">
    <p class='ocr_par' dir='ltr' id='par_1_17' title="bbox 225 1667 1735 1739">
     <span class='ocr_line' id='line_1_17' title="bbox 225 1667 1735 1739; baseline 0.002 -17"><span class='ocrx_word' id='word_1_91' title='bbox 225 1669 303 1722; x_wconf 86' lang='lat' dir='ltr'><strong><em>De</em></strong></span> <span class='ocrx_word' id='word_1_92' title='bbox 330 1669 607 1733; x_wconf 72' lang='lat' dir='ltr'><strong><em>superbia.</em></strong></span> <span class='ocrx_word' id='word_1_93' title='bbox 640 1667 702 1722; x_wconf 79' lang='grc' dir='ltr'><strong><em>Ρ.</em></strong></span> <span class='ocrx_word' id='word_1_94' title='bbox 732 1667 1113 1735; x_wconf 83' lang='lat' dir='ltr'><strong><em>Gravissimus,</em></strong></span> <span class='ocrx_word' id='word_1_95' title='bbox 1163 1680 1317 1739; x_wconf 86' lang='lat' dir='ltr'><strong><em>atque</em></strong></span> <span class='ocrx_word' id='word_1_96' title='bbox 1351 1672 1585 1724; x_wconf 87' lang='lat' dir='ltr'><strong><em>omnium</em></strong></span> <span class='ocrx_word' id='word_1_97' title='bbox 1622 1681 1735 1725; x_wconf 82' lang='lat' dir='ltr'><strong><em>tru-</em></strong></span> 
     </span>
    </p>
   </div>
   <div class='ocr_carea' id='block_1_18' title="bbox 152 1756 619 1814">
    <p class='ocr_par' dir='ltr' id='par_1_18' title="bbox 152 1756 619 1814">
     <span class='ocr_line' id='line_1_18' title="bbox 152 1756 619 1814; baseline -0.004 -1"><span class='ocrx_word' id='word_1_98' title='bbox 152 1761 584 1814; x_wconf 84' lang='lat' dir='ltr'><strong><em>culentissimus.</em></strong></span> <span class='ocrx_word' id='word_1_99' title='bbox 616 1756 619 1759; x_wconf 77' lang='grc'><em>’</em></span> 
     </span>
    </p>
   </div>
   <div class='ocr_carea' id='block_1_19' title="bbox 225 1850 1731 1918">
    <p class='ocr_par' dir='ltr' id='par_1_19' title="bbox 225 1850 1731 1918">
     <span class='ocr_line' id='line_1_19' title="bbox 225 1850 1731 1918; baseline 0.004 -15"><span class='ocrx_word' id='word_1_100' title='bbox 225 1851 302 1905; x_wconf 88' lang='lat' dir='ltr'><strong><em>De</em></strong></span> <span class='ocrx_word' id='word_1_101' title='bbox 327 1853 578 1905; x_wconf 84' lang='lat' dir='ltr'><strong><em>oratione</em></strong></span> <span class='ocrx_word' id='word_1_102' title='bbox 608 1852 783 1918; x_wconf 84' lang='lat' dir='ltr'><strong><em>capita</em></strong></span> <span class='ocrx_word' id='word_1_103' title='bbox 818 1850 936 1915; x_wconf 85' lang='lat' dir='ltr'><strong><em>l50,</em></strong></span> <span class='ocrx_word' id='word_1_104' title='bbox 972 1863 1107 1907; x_wconf 85' lang='lat' dir='ltr'><strong><em>sect.</em></strong></span> <span class='ocrx_word' id='word_1_105' title='bbox 1144 1853 1267 1907; x_wconf 76' lang='grc'><strong><em>147.</em></strong></span> <span class='ocrx_word' id='word_1_106' title='bbox 1299 1852 1488 1907; x_wconf 84' lang='lat' dir='ltr'><strong><em>Latine</em></strong></span> <span class='ocrx_word' id='word_1_107' title='bbox 1520 1862 1731 1909; x_wconf 82' lang='lat' dir='ltr'><strong><em>tantum</em></strong></span> 
     </span>
    </p>
   </div>
   <div class='ocr_carea' id='block_1_20' title="bbox 152 1942 1731 2015">
    <p class='ocr_par' dir='ltr' id='par_1_20' title="bbox 152 1942 1731 2015">
     <span class='ocr_line' id='line_1_20' title="bbox 152 1942 1731 2015; baseline 0.003 -18"><span class='ocrx_word' id='word_1_108' title='bbox 152 1943 461 2014; x_wconf 83' lang='lat' dir='ltr'><strong><em>interprete</em></strong></span> <span class='ocrx_word' id='word_1_109' title='bbox 492 1942 797 1999; x_wconf 82' lang='lat' dir='ltr'><strong><em>Francisco</em></strong></span> <span class='ocrx_word' id='word_1_110' title='bbox 825 1943 1119 2005; x_wconf 84' lang='lat' dir='ltr'><strong><em>Turriano,</em></strong></span> <span class='ocrx_word' id='word_1_111' title='bbox 1160 1947 1251 2015; x_wconf 88' lang='lat' dir='ltr'><strong><em>qui</em></strong></span> <span class='ocrx_word' id='word_1_112' title='bbox 1297 1962 1421 1999; x_wconf 88' lang='lat' dir='ltr'><strong><em>cum</em></strong></span> <span class='ocrx_word' id='word_1_113' title='bbox 1472 1947 1731 2002; x_wconf 71' lang='lat' dir='ltr'><strong><em>liiadochi</em></strong></span> 
     </span>
    </p>
   </div>
   <div class='ocr_carea' id='block_1_21' title="bbox 150 2034 1733 2108">
    <p class='ocr_par' dir='ltr' id='par_1_21' title="bbox 150 2034 1733 2108">
     <span class='ocr_line' id='line_1_21' title="bbox 150 2034 1733 2108; baseline 0.003 -20"><span class='ocrx_word' id='word_1_114' title='bbox 150 2034 418 2090; x_wconf 83' lang='lat' dir='ltr'><strong><em>Photices</em></strong></span> <span class='ocrx_word' id='word_1_115' title='bbox 451 2037 695 2106; x_wconf 80' lang='lat' dir='ltr'><strong><em>episcopi</em></strong></span> <span class='ocrx_word' id='word_1_116' title='bbox 732 2036 1004 2108; x_wconf 79' lang='lat' dir='ltr'><strong><em>capitibus</em></strong></span> <span class='ocrx_word' id='word_1_117' title='bbox 1030 2036 1104 2090; x_wconf 88' lang='lat' dir='ltr'><strong><em>De</em></strong></span> <span class='ocrx_word' id='word_1_118' title='bbox 1126 2037 1442 2104; x_wconf 78' lang='lat' dir='ltr'><strong><em>perfectione</em></strong></span> <span class='ocrx_word' id='word_1_119' title='bbox 1464 2039 1733 2107; x_wconf 87' lang='lat' dir='ltr'><strong><em>spirituali</em></strong></span> 
     </span>
    </p>
   </div>
   <div class='ocr_carea' id='block_1_22' title="bbox 150 2128 1732 2198">
    <p class='ocr_par' dir='ltr' id='par_1_22' title="bbox 150 2128 1732 2198">
     <span class='ocr_line' id='line_1_22' title="bbox 150 2128 1732 2198; baseline 0.001 -15"><span class='ocrx_word' id='word_1_120' title='bbox 150 2129 360 2183; x_wconf 82' lang='lat' dir='ltr'><strong><em>edenda</em></strong></span> <span class='ocrx_word' id='word_1_121' title='bbox 402 2132 621 2184; x_wconf 73' lang='lat' dir='ltr'><strong><em>curavit</em></strong></span> <span class='ocrx_word' id='word_1_122' title='bbox 664 2130 981 2198; x_wconf 74' lang='lat' dir='ltr'><strong><em>Antuerpize</em></strong></span> <span class='ocrx_word' id='word_1_123' title='bbox 1020 2130 1165 2198; x_wconf 84' lang='lat' dir='ltr'><strong><em>typis</em></strong></span> <span class='ocrx_word' id='word_1_124' title='bbox 1210 2128 1597 2193; x_wconf 83' lang='lat' dir='ltr'><strong><em>Plaminianis,</em></strong></span> <span class='ocrx_word' id='word_1_125' title='bbox 1632 2146 1732 2185; x_wconf 89' lang='lat' dir='ltr'><strong><em>an-</em></strong></span> 
     </span>
    </p>
   </div>
   <div class='ocr_carea' id='block_1_23' title="bbox 150 2219 1732 2284">
    <p class='ocr_par' dir='ltr' id='par_1_23' title="bbox 150 2219 1732 2284">
     <span class='ocr_line' id='line_1_23' title="bbox 150 2219 1732 2284; baseline 0.001 -9"><span class='ocrx_word' id='word_1_126' title='bbox 150 2237 223 2275; x_wconf 90' lang='lat' dir='ltr'><strong><em>no</em></strong></span> <span class='ocrx_word' id='word_1_127' title='bbox 258 2222 421 2284; x_wconf 74' lang='lat'><strong><em>1575,</em></strong></span> <span class='ocrx_word' id='word_1_128' title='bbox 458 2222 639 2277; x_wconf 70' lang='grc' dir='ltr'><strong><em>ἱππ-12.</em></strong></span> <span class='ocrx_word' id='word_1_129' title='bbox 674 2223 829 2278; x_wconf 76' lang='lat' dir='ltr'><strong><em>Unde</em></strong></span> <span class='ocrx_word' id='word_1_130' title='bbox 872 2223 923 2275; x_wconf 92' lang='lat' dir='ltr'><strong><em>in</em></strong></span> <span class='ocrx_word' id='word_1_131' title='bbox 957 2219 1312 2275; x_wconf 84' lang='lat' dir='ltr'><strong><em>Bibliotltecis</em></strong></span> <span class='ocrx_word' id='word_1_132' title='bbox 1338 2220 1589 2276; x_wconf 82' lang='lat' dir='ltr'><strong><em>Veterum</em></strong></span> <span class='ocrx_word' id='word_1_133' title='bbox 1626 2222 1732 2278; x_wconf 86' lang='lat' dir='ltr'><strong><em>Pa-</em></strong></span> 
     </span>
    </p>
   </div>
   <div class='ocr_carea' id='block_1_24' title="bbox 150 2311 1240 2386">
    <p class='ocr_par' dir='ltr' id='par_1_24' title="bbox 150 2311 1240 2386">
     <span class='ocr_line' id='line_1_24' title="bbox 150 2311 1240 2386; baseline -0.003 -18"><span class='ocrx_word' id='word_1_134' title='bbox 150 2322 295 2368; x_wconf 85' lang='lat' dir='ltr'><strong><em>trum</em></strong></span> <span class='ocrx_word' id='word_1_135' title='bbox 322 2332 351 2368; x_wconf 87' lang='lat' dir='ltr'><strong><em>a</em></strong></span> <span class='ocrx_word' id='word_1_136' title='bbox 385 2315 701 2386; x_wconf 78' lang='lat' dir='ltr'><strong><em>Margarino</em></strong></span> <span class='ocrx_word' id='word_1_137' title='bbox 730 2315 951 2386; x_wconf 73' lang='lat' dir='ltr'><strong><em>Bigan</em></strong></span> <span class='ocrx_word' id='word_1_138' title='bbox 983 2311 1240 2367; x_wconf 84' lang='lat' dir='ltr'><strong><em>deducta.</em></strong></span> 
     </span>
    </p>
   </div>
   <div class='ocr_carea' id='block_1_25' title="bbox 219 2409 693 2465">
    <p class='ocr_par' dir='ltr' id='par_1_25' title="bbox 219 2409 693 2465">
     <span class='ocr_line' id='line_1_25' title="bbox 219 2409 693 2465; baseline -0.004 -2"><span class='ocrx_word' id='word_1_139' title='bbox 219 2409 378 2463; x_wconf 86' lang='lat' dir='ltr'><strong><em>Liber</em></strong></span> <span class='ocrx_word' id='word_1_140' title='bbox 406 2412 693 2465; x_wconf 83' lang='lat' dir='ltr'><strong><em>asceticus.</em></strong></span> 
     </span>
    </p>
   </div>
   <div class='ocr_carea' id='block_1_26' title="bbox 220 2500 964 2562">
    <p class='ocr_par' dir='ltr' id='par_1_26' title="bbox 220 2500 964 2562">
     <span class='ocr_line' id='line_1_26' title="bbox 220 2500 964 2562; baseline 0.011 -8"><span class='ocrx_word' id='word_1_141' title='bbox 220 2500 511 2556; x_wconf 85' lang='lat' dir='ltr'><strong><em>Institutio</em></strong></span> <span class='ocrx_word' id='word_1_142' title='bbox 549 2502 619 2555; x_wconf 86' lang='lat' dir='ltr'><strong><em>ad</em></strong></span> <span class='ocrx_word' id='word_1_143' title='bbox 657 2505 964 2562; x_wconf 80' lang='lat' dir='ltr'><strong><em>monachos.</em></strong></span> 
     </span>
    </p>
   </div>
   <div class='ocr_carea' id='block_1_27' title="bbox 223 2593 1421 2667">
    <p class='ocr_par' dir='ltr' id='par_1_27' title="bbox 223 2593 1421 2667">
     <span class='ocr_line' id='line_1_27' title="bbox 223 2593 1421 2667; baseline 0.004 -20"><span class='ocrx_word' id='word_1_144' title='bbox 223 2593 517 2647; x_wconf 81' lang='lat' dir='ltr'><strong><em>Orationes</em></strong></span> <span class='ocrx_word' id='word_1_145' title='bbox 553 2603 673 2649; x_wconf 90' lang='lat' dir='ltr'><strong><em>octo</em></strong></span> <span class='ocrx_word' id='word_1_146' title='bbox 707 2596 958 2653; x_wconf 82' lang='lat' dir='ltr'><strong><em>adversus</em></strong></span> <span class='ocrx_word' id='word_1_147' title='bbox 983 2599 1246 2667; x_wconf 89' lang='lat' dir='ltr'><strong><em>primaria</em></strong></span> <span class='ocrx_word' id='word_1_148' title='bbox 1273 2598 1421 2652; x_wconf 78' lang='lat' dir='ltr'><strong><em>vitia.</em></strong></span> 
     </span>
    </p>
   </div>
   <div class='ocr_carea' id='block_1_28' title="bbox 219 2683 1401 2756">
    <p class='ocr_par' dir='ltr' id='par_1_28' title="bbox 219 2683 1401 2756">
     <span class='ocr_line' id='line_1_28' title="bbox 219 2683 1401 2756; baseline 0.003 -22"><span class='ocrx_word' id='word_1_149' title='bbox 219 2683 404 2736; x_wconf 82' lang='lat' dir='ltr'><strong><em>Brevis</em></strong></span> <span class='ocrx_word' id='word_1_150' title='bbox 434 2683 705 2738; x_wconf 84' lang='lat' dir='ltr'><strong><em>institutio</em></strong></span> <span class='ocrx_word' id='word_1_151' title='bbox 739 2687 807 2738; x_wconf 91' lang='lat' dir='ltr'><strong><em>ad</em></strong></span> <span class='ocrx_word' id='word_1_152' title='bbox 824 2688 1066 2756; x_wconf 88' lang='lat' dir='ltr'><strong><em>juniores</em></strong></span> <span class='ocrx_word' id='word_1_153' title='bbox 1099 2688 1401 2741; x_wconf 83' lang='lat' dir='ltr'><strong><em>monachos.</em></strong></span> 
     </span>
    </p>
   </div>
   <div class='ocr_carea' id='block_1_29' title="bbox 218 2774 1729 2850">
    <p class='ocr_par' dir='ltr' id='par_1_29' title="bbox 218 2774 1729 2850">
     <span class='ocr_line' id='line_1_29' title="bbox 218 2774 1729 2850; baseline 0.001 -23"><span class='ocrx_word' id='word_1_154' title='bbox 218 2774 469 2842; x_wconf 79' lang='lat' dir='ltr'><strong><em>Epistula</em></strong></span> <span class='ocrx_word' id='word_1_155' title='bbox 501 2776 573 2829; x_wconf 89' lang='lat' dir='ltr'><strong><em>ad</em></strong></span> <span class='ocrx_word' id='word_1_156' title='bbox 605 2776 955 2832; x_wconf 82' lang='lat' dir='ltr'><strong><em>Anastasium</em></strong></span> <span class='ocrx_word' id='word_1_157' title='bbox 981 2782 1345 2850; x_wconf 83' lang='lat' dir='ltr'><strong><em>presbyterum</em></strong></span> <span class='ocrx_word' id='word_1_158' title='bbox 1374 2794 1492 2831; x_wconf 88' lang='lat' dir='ltr'><strong><em>cum</em></strong></span> <span class='ocrx_word' id='word_1_159' title='bbox 1528 2776 1729 2829; x_wconf 86' lang='lat' dir='ltr'><strong><em>duobus</em></strong></span> 
     </span>
    </p>
   </div>
   <div class='ocr_carea' id='block_1_30' title="bbox 102 2868 490 2938">
    <p class='ocr_par' dir='ltr' id='par_1_30' title="bbox 102 2868 490 2938">
     <span class='ocr_line' id='line_1_30' title="bbox 102 2868 490 2938; baseline 0.01 -17"><span class='ocrx_word' id='word_1_160' title='bbox 102 2894 113 2899; x_wconf 88' lang='lat'><em>-</em></span> <span class='ocrx_word' id='word_1_161' title='bbox 152 2868 490 2938; x_wconf 78' lang='lat' dir='ltr'><strong><em>fragmentis.</em></strong></span> 
     </span>
    </p>
   </div>
   <div class='ocr_carea' id='block_1_31' title="bbox 221 2959 1729 3034">
    <p class='ocr_par' dir='ltr' id='par_1_31' title="bbox 221 2959 1729 3034">
     <span class='ocr_line' id='line_1_31' title="bbox 221 2959 1729 3034; baseline 0.001 -20"><span class='ocrx_word' id='word_1_162' title='bbox 221 2959 513 3014; x_wconf 75' lang='lat' dir='ltr'><strong><em>Tractatus</em></strong></span> <span class='ocrx_word' id='word_1_163' title='bbox 563 2961 628 3016; x_wconf 85' lang='lat' dir='ltr'><strong><em>de</em></strong></span> <span class='ocrx_word' id='word_1_164' title='bbox 667 2971 784 3018; x_wconf 89' lang='lat' dir='ltr'><strong><em>octo</em></strong></span> <span class='ocrx_word' id='word_1_165' title='bbox 822 2964 1028 3019; x_wconf 82' lang='lat' dir='ltr'><strong><em>vitiosis</em></strong></span> <span class='ocrx_word' id='word_1_166' title='bbox 1065 2962 1495 3034; x_wconf 84' lang='lat' dir='ltr'><strong><em>cogitationibus,</em></strong></span> <span class='ocrx_word' id='word_1_167' title='bbox 1537 2961 1729 3016; x_wconf 80' lang='lat' dir='ltr'><strong><em>Latine</em></strong></span> 
     </span>
    </p>
   </div>
   <div class='ocr_carea' id='block_1_32' title="bbox 156 3051 1727 3122">
    <p class='ocr_par' dir='ltr' id='par_1_32' title="bbox 156 3051 1727 3122">
     <span class='ocr_line' id='line_1_32' title="bbox 156 3051 1727 3122; baseline 0.004 -19"><span class='ocrx_word' id='word_1_168' title='bbox 156 3061 454 3122; x_wconf 86' lang='lat' dir='ltr'><strong><em>interprete</em></strong></span> <span class='ocrx_word' id='word_1_169' title='bbox 504 3051 711 3109; x_wconf 85' lang='lat' dir='ltr'><strong><em>Jacobo</em></strong></span> <span class='ocrx_word' id='word_1_170' title='bbox 755 3055 914 3110; x_wconf 87' lang='lat' dir='ltr'><strong><em>Billio</em></strong></span> <span class='ocrx_word' id='word_1_171' title='bbox 946 3054 1183 3110; x_wconf 71' lang='lat' dir='ltr'><strong><em>Prunato</em></strong></span> <span class='ocrx_word' id='word_1_172' title='bbox 1234 3055 1291 3110; x_wconf 93' lang='lat' dir='ltr'><strong><em>S.</em></strong></span> <span class='ocrx_word' id='word_1_173' title='bbox 1344 3054 1629 3109; x_wconf 70' lang='lat' dir='ltr'><strong><em>Michaelis</em></strong></span> <span class='ocrx_word' id='word_1_174' title='bbox 1672 3056 1727 3109; x_wconf 92' lang='lat' dir='ltr'><strong><em>in</em></strong></span> 
     </span>
    </p>
   </div>
   <div class='ocr_carea' id='block_1_33' title="bbox 155 3144 1726 3215">
    <p class='ocr_par' dir='ltr' id='par_1_33' title="bbox 155 3144 1726 3215">
     <span class='ocr_line' id='line_1_33' title="bbox 155 3144 1726 3215; baseline 0.001 -19"><span class='ocrx_word' id='word_1_175' title='bbox 155 3156 337 3197; x_wconf 85' lang='lat' dir='ltr'><strong><em>eremo</em></strong></span> <span class='ocrx_word' id='word_1_176' title='bbox 370 3145 787 3211; x_wconf 72' lang='lat' dir='ltr'><strong><em>cmnobiarcha,</em></strong></span> <span class='ocrx_word' id='word_1_177' title='bbox 810 3146 906 3215; x_wconf 88' lang='lat' dir='ltr'><strong><em>qui</em></strong></span> <span class='ocrx_word' id='word_1_178' title='bbox 930 3146 1083 3200; x_wconf 89' lang='lat' dir='ltr'><strong><em>illum</em></strong></span> <span class='ocrx_word' id='word_1_179' title='bbox 1122 3162 1247 3201; x_wconf 87' lang='lat' dir='ltr'><strong><em>cum</em></strong></span> <span class='ocrx_word' id='word_1_180' title='bbox 1276 3145 1503 3201; x_wconf 76' lang='lat' dir='ltr'><strong><em>Joannis</em></strong></span> <span class='ocrx_word' id='word_1_181' title='bbox 1529 3144 1726 3198; x_wconf 77' lang='lat' dir='ltr'><strong><em>Dama-</em></strong></span> 
     </span>
    </p>
   </div>
   <div class='ocr_carea' id='block_1_34' title="bbox 153 3233 1728 3305">
    <p class='ocr_par' dir='ltr' id='par_1_34' title="bbox 153 3233 1728 3305">
     <span class='ocr_line' id='line_1_34' title="bbox 153 3233 1728 3305; baseline -0.001 -16"><span class='ocrx_word' id='word_1_182' title='bbox 153 3235 304 3289; x_wconf 84' lang='lat' dir='ltr'><strong><em>sceui</em></strong></span> <span class='ocrx_word' id='word_1_183' title='bbox 324 3236 590 3304; x_wconf 85' lang='lat' dir='ltr'><strong><em>operibus</em></strong></span> <span class='ocrx_word' id='word_1_184' title='bbox 615 3236 785 3291; x_wconf 85' lang='lat' dir='ltr'><strong><em>edidit</em></strong></span> <span class='ocrx_word' id='word_1_185' title='bbox 816 3234 1061 3301; x_wconf 84' lang='lat' dir='ltr'><strong><em>Parisiis,</em></strong></span> <span class='ocrx_word' id='word_1_186' title='bbox 1090 3251 1236 3290; x_wconf 84' lang='lat' dir='ltr'><strong><em>anno</em></strong></span> <span class='ocrx_word' id='word_1_187' title='bbox 1264 3235 1421 3290; x_wconf 85' lang='grc'><strong><em>1577.</em></strong></span> <span class='ocrx_word' id='word_1_188' title='bbox 1454 3233 1728 3305; x_wconf 82' lang='lat' dir='ltr'><strong><em>Subjecit-</em></strong></span> 
     </span>
    </p>
   </div>
   <div class='ocr_carea' id='block_1_35' title="bbox 154 3324 1528 3397">
    <p class='ocr_par' dir='ltr' id='par_1_35' title="bbox 154 3324 1528 3397">
     <span class='ocr_line' id='line_1_35' title="bbox 154 3324 1528 3397; baseline 0.001 -17"><span class='ocrx_word' id='word_1_189' title='bbox 154 3340 257 3396; x_wconf 84' lang='lat' dir='ltr'><strong><em>que</em></strong></span> <span class='ocrx_word' id='word_1_190' title='bbox 287 3324 521 3397; x_wconf 77' lang='lat' dir='ltr'><strong><em>Eugenii</em></strong></span> <span class='ocrx_word' id='word_1_191' title='bbox 548 3329 837 3395; x_wconf 85' lang='lat' dir='ltr'><strong><em>Opuscula,</em></strong></span> <span class='ocrx_word' id='word_1_192' title='bbox 874 3327 938 3381; x_wconf 89' lang='lat' dir='ltr'><strong><em>de</em></strong></span> <span class='ocrx_word' id='word_1_193' title='bbox 964 3326 1143 3380; x_wconf 87' lang='lat' dir='ltr'><strong><em>eodem</em></strong></span> <span class='ocrx_word' id='word_1_194' title='bbox 1170 3335 1480 3397; x_wconf 89' lang='lat' dir='ltr'><strong><em>argumento</em></strong></span> <span class='ocrx_word' id='word_1_195' title='bbox 1510 3342 1528 3381; x_wconf 90' lang='lat'><strong><em>:</em></strong></span> 
     </span>
    </p>
   </div>
   <div class='ocr_carea' id='block_1_36' title="bbox 213 3419 1728 3487">
    <p class='ocr_par' dir='ltr' id='par_1_36' title="bbox 213 3419 1728 3487">
     <span class='ocr_line' id='line_1_36' title="bbox 213 3419 1728 3487; baseline -0.001 -12"><span class='ocrx_word' id='word_1_196' title='bbox 213 3420 407 3476; x_wconf 68' lang='lat' dir='ltr'><strong><em>Graece</em></strong></span> <span class='ocrx_word' id='word_1_197' title='bbox 442 3435 576 3476; x_wconf 76' lang='lat' dir='ltr'><strong><em>vero</em></strong></span> <span class='ocrx_word' id='word_1_198' title='bbox 603 3427 658 3475; x_wconf 86' lang='lat' dir='ltr'><strong><em>et</em></strong></span> <span class='ocrx_word' id='word_1_199' title='bbox 687 3419 880 3475; x_wconf 87' lang='lat' dir='ltr'><strong><em>Latine</em></strong></span> <span class='ocrx_word' id='word_1_200' title='bbox 924 3420 1071 3475; x_wconf 77' lang='lat' dir='ltr'><strong><em>edita</em></strong></span> <span class='ocrx_word' id='word_1_201' title='bbox 1117 3429 1268 3475; x_wconf 83' lang='lat' dir='ltr'><strong><em>sunt.</em></strong></span> <span class='ocrx_word' id='word_1_202' title='bbox 1318 3419 1574 3487; x_wconf 82' lang='lat' dir='ltr'><strong><em>Ejusdem</em></strong></span> <span class='ocrx_word' id='word_1_203' title='bbox 1616 3420 1728 3473; x_wconf 86' lang='grc' dir='ltr'><strong><em>Κε-</em></strong></span> 
     </span>
    </p>
   </div>
   <div class='ocr_carea' id='block_1_37' title="bbox 155 3510 1727 3582">
    <p class='ocr_par' dir='ltr' id='par_1_37' title="bbox 155 3510 1727 3582">
     <span class='ocr_line' id='line_1_37' title="bbox 155 3510 1727 3582; baseline 0.001 -19"><span class='ocrx_word' id='word_1_204' title='bbox 155 3511 377 3577; x_wconf 77' lang='grc' dir='ltr'><strong><em>φάλαια,</em></strong></span> <span class='ocrx_word' id='word_1_205' title='bbox 404 3510 450 3581; x_wconf 78' lang='grc' dir='ltr'><strong><em>τῆ</em></strong></span> <span class='ocrx_word' id='word_1_206' title='bbox 501 3512 871 3582; x_wconf 77' lang='grc' dir='ltr'><strong><em>παραινέσεις,</em></strong></span> <span class='ocrx_word' id='word_1_207' title='bbox 925 3510 1150 3580; x_wconf 85' lang='lat' dir='ltr'><strong><em>Capita,</em></strong></span> <span class='ocrx_word' id='word_1_208' title='bbox 1202 3527 1298 3567; x_wconf 86' lang='lat' dir='ltr'><strong><em>seu</em></strong></span> <span class='ocrx_word' id='word_1_209' title='bbox 1343 3511 1727 3579; x_wconf 78' lang='lat' dir='ltr'><strong><em>Prceceptiones</em></strong></span> 
     </span>
    </p>
   </div>
   <div class='ocr_carea' id='block_1_38' title="bbox 154 3599 1729 3672">
    <p class='ocr_par' dir='ltr' id='par_1_38' title="bbox 154 3599 1729 3672">
     <span class='ocr_line' id='line_1_38' title="bbox 154 3599 1729 3672; baseline 0.001 -17"><span class='ocrx_word' id='word_1_210' title='bbox 154 3604 513 3667; x_wconf 73' lang='lat' dir='ltr'><strong><em>unlentiosa&#39;,</em></strong></span> <span class='ocrx_word' id='word_1_211' title='bbox 584 3601 884 3657; x_wconf 84' lang='lat' dir='ltr'><strong><em>Francisco</em></strong></span> <span class='ocrx_word' id='word_1_212' title='bbox 938 3599 1218 3656; x_wconf 89' lang='lat' dir='ltr'><strong><em>Turriano</em></strong></span> <span class='ocrx_word' id='word_1_213' title='bbox 1281 3604 1612 3672; x_wconf 83' lang='lat' dir='ltr'><strong><em>interprete,</em></strong></span> <span class='ocrx_word' id='word_1_214' title='bbox 1673 3612 1729 3658; x_wconf 91' lang='lat' dir='ltr'><strong><em>et</em></strong></span> 
     </span>
    </p>
   </div>
   <div class='ocr_carea' id='block_1_39' title="bbox 155 3696 1727 3766">
    <p class='ocr_par' dir='ltr' id='par_1_39' title="bbox 155 3696 1727 3766">
     <span class='ocr_line' id='line_1_39' title="bbox 155 3696 1727 3766; baseline 0.001 -18"><span class='ocrx_word' id='word_1_215' title='bbox 155 3697 355 3764; x_wconf 67' lang='lat' dir='ltr'><strong><em>prioris</em></strong></span> <span class='ocrx_word' id='word_1_216' title='bbox 401 3696 878 3766; x_wconf 82' lang='lat' dir='ltr'><strong><em>interpretationis</em></strong></span> <span class='ocrx_word' id='word_1_217' title='bbox 916 3706 1252 3761; x_wconf 86' lang='lat' dir='ltr'><strong><em>correctore,</em></strong></span> <span class='ocrx_word' id='word_1_218' title='bbox 1299 3697 1513 3751; x_wconf 86' lang='lat' dir='ltr'><strong><em>collatis</em></strong></span> <span class='ocrx_word' id='word_1_219' title='bbox 1551 3697 1727 3751; x_wconf 91' lang='lat' dir='ltr'><strong><em>tribus</em></strong></span> 
     </span>
    </p>
   </div>
   <div class='ocr_carea' id='block_1_40' title="bbox 156 3787 1724 3858">
    <p class='ocr_par' dir='ltr' id='par_1_40' title="bbox 156 3787 1724 3858">
     <span class='ocr_line' id='line_1_40' title="bbox 156 3787 1724 3858; baseline 0.004 -21"><span class='ocrx_word' id='word_1_220' title='bbox 156 3788 493 3855; x_wconf 61' lang='lat' dir='ltr'><strong><em>pervetustis</em></strong></span> <span class='ocrx_word' id='word_1_221' title='bbox 550 3787 979 3857; x_wconf 74' lang='lat' dir='ltr'><strong><em>exemplaribus,</em></strong></span> <span class='ocrx_word' id='word_1_222' title='bbox 1030 3794 1087 3841; x_wconf 88' lang='lat' dir='ltr'><strong><em>et</em></strong></span> <span class='ocrx_word' id='word_1_223' title='bbox 1141 3788 1371 3843; x_wconf 82' lang='lat' dir='ltr'><strong><em>scholiis</em></strong></span> <span class='ocrx_word' id='word_1_224' title='bbox 1435 3789 1724 3858; x_wconf 89' lang='lat' dir='ltr'><strong><em>appositis.</em></strong></span> 
     </span>
    </p>
   </div>
   <div class='ocr_carea' id='block_1_41' title="bbox 157 3876 1724 3947">
    <p class='ocr_par' dir='ltr' id='par_1_41' title="bbox 157 3876 1724 3947">
     <span class='ocr_line' id='line_1_41' title="bbox 157 3876 1724 3947; baseline 0.002 -17"><span class='ocrx_word' id='word_1_225' title='bbox 157 3876 445 3933; x_wconf 66' lang='lat' dir='ltr'><strong><em>Florentiae</em></strong></span> <span class='ocrx_word' id='word_1_226' title='bbox 513 3877 658 3947; x_wconf 88' lang='lat' dir='ltr'><strong><em>apud</em></strong></span> <span class='ocrx_word' id='word_1_227' title='bbox 732 3877 1191 3933; x_wconf 75' lang='lat' dir='ltr'><strong><em>Bartholomteum</em></strong></span> <span class='ocrx_word' id='word_1_228' title='bbox 1257 3876 1724 3934; x_wconf 82' lang='lat' dir='ltr'><strong><em>Sermaretellium</em></strong></span> 
     </span>
    </p>
   </div>
   <div class='ocr_carea' id='block_1_42' title="bbox 160 3969 1722 4041">
    <p class='ocr_par' dir='ltr' id='par_1_42' title="bbox 160 3969 1722 4041">
     <span class='ocr_line' id='line_1_42' title="bbox 160 3969 1722 4041; baseline 0 -16"><span class='ocrx_word' id='word_1_229' title='bbox 160 3973 309 4034; x_wconf 80' lang='grc'><strong><em>1578,</em></strong></span> <span class='ocrx_word' id='word_1_230' title='bbox 343 3973 490 4025; x_wconf 74' lang='lat' dir='ltr'><strong><em>iri-8.</em></strong></span> <span class='ocrx_word' id='word_1_231' title='bbox 525 3969 645 4025; x_wconf 91' lang='lat' dir='ltr'><strong><em>Una</em></strong></span> <span class='ocrx_word' id='word_1_232' title='bbox 670 3985 798 4024; x_wconf 91' lang='lat' dir='ltr'><strong><em>cum</em></strong></span> <span class='ocrx_word' id='word_1_233' title='bbox 826 3969 1091 4024; x_wconf 82' lang='lat' dir='ltr'><strong><em>Diadoclii</em></strong></span> <span class='ocrx_word' id='word_1_234' title='bbox 1113 3970 1362 4041; x_wconf 87' lang='lat' dir='ltr'><strong><em>episcopi</em></strong></span> <span class='ocrx_word' id='word_1_235' title='bbox 1392 3971 1636 4026; x_wconf 88' lang='lat' dir='ltr'><strong><em>Photices</em></strong></span> <span class='ocrx_word' id='word_1_236' title='bbox 1666 3973 1722 4025; x_wconf 91' lang='lat' dir='ltr'><strong><em>in</em></strong></span> 
     </span>
    </p>
   </div>
   <div class='ocr_carea' id='block_1_43' title="bbox 157 4062 1726 4133">
    <p class='ocr_par' dir='ltr' id='par_1_43' title="bbox 157 4062 1726 4133">
     <span class='ocr_line' id='line_1_43' title="bbox 157 4062 1726 4133; baseline 0 -15"><span class='ocrx_word' id='word_1_237' title='bbox 157 4077 314 4120; x_wconf 75' lang='lat' dir='ltr'><strong><em>retere</em></strong></span> <span class='ocrx_word' id='word_1_238' title='bbox 352 4065 516 4132; x_wconf 84' lang='lat' dir='ltr'><strong><em>Epiro</em></strong></span> <span class='ocrx_word' id='word_1_239' title='bbox 544 4064 751 4133; x_wconf 83' lang='lat' dir='ltr'><strong><em>Illyrici</em></strong></span> <span class='ocrx_word' id='word_1_240' title='bbox 775 4063 1038 4131; x_wconf 83' lang='lat' dir='ltr'><strong><em>capitibus</em></strong></span> <span class='ocrx_word' id='word_1_241' title='bbox 1066 4073 1273 4116; x_wconf 88' lang='lat' dir='ltr'><strong><em>centum</em></strong></span> <span class='ocrx_word' id='word_1_242' title='bbox 1315 4062 1380 4116; x_wconf 89' lang='lat' dir='ltr'><strong><em>de</em></strong></span> <span class='ocrx_word' id='word_1_243' title='bbox 1404 4065 1726 4132; x_wconf 80' lang='lat' dir='ltr'><strong><em>perfectione</em></strong></span> 
     </span>
    </p>
   </div>
   <div class='ocr_carea' id='block_1_44' title="bbox 158 4154 1721 4226">
    <p class='ocr_par' dir='ltr' id='par_1_44' title="bbox 158 4154 1721 4226">
     <span class='ocr_line' id='line_1_44' title="bbox 158 4154 1721 4226; baseline -0.002 -14"><span class='ocrx_word' id='word_1_244' title='bbox 158 4159 441 4226; x_wconf 81' lang='lat' dir='ltr'><strong><em>spirituali.</em></strong></span> <span class='ocrx_word' id='word_1_245' title='bbox 475 4156 541 4210; x_wconf 88' lang='lat' dir='ltr'><strong><em>Et</em></strong></span> <span class='ocrx_word' id='word_1_246' title='bbox 573 4160 687 4209; x_wconf 70' lang='lat' dir='ltr'><strong><em>haec</em></strong></span> <span class='ocrx_word' id='word_1_247' title='bbox 717 4155 925 4210; x_wconf 67' lang='lat' dir='ltr'><strong><em>Graece.</em></strong></span> <span class='ocrx_word' id='word_1_248' title='bbox 959 4154 1155 4210; x_wconf 87' lang='lat' dir='ltr'><strong><em>Latine</em></strong></span> <span class='ocrx_word' id='word_1_249' title='bbox 1184 4171 1314 4209; x_wconf 85' lang='lat' dir='ltr'><strong><em>vero</em></strong></span> <span class='ocrx_word' id='word_1_250' title='bbox 1340 4155 1588 4225; x_wconf 79' lang='lat' dir='ltr'><strong><em>Lugduni</em></strong></span> <span class='ocrx_word' id='word_1_251' title='bbox 1614 4156 1721 4209; x_wconf 86' lang='lat' dir='ltr'><strong><em>Ba-</em></strong></span> 
     </span>
    </p>
   </div>
   <div class='ocr_carea' id='block_1_45' title="bbox 160 4246 1723 4315">
    <p class='ocr_par' dir='ltr' id='par_1_45' title="bbox 160 4246 1723 4315">
     <span class='ocr_line' id='line_1_45' title="bbox 160 4246 1723 4315; baseline -0.003 -9"><span class='ocrx_word' id='word_1_252' title='bbox 160 4261 400 4306; x_wconf 75' lang='lat' dir='ltr'><strong><em>tavorum</em></strong></span> <span class='ocrx_word' id='word_1_253' title='bbox 434 4266 504 4305; x_wconf 75' lang='lat' dir='ltr'><strong><em>ex</em></strong></span> <span class='ocrx_word' id='word_1_254' title='bbox 536 4248 750 4303; x_wconf 83' lang='lat' dir='ltr'><strong><em>oﬂicina</em></strong></span> <span class='ocrx_word' id='word_1_255' title='bbox 775 4246 1147 4312; x_wconf 88' lang='lat' dir='ltr'><strong><em>Plantiniana,</em></strong></span> <span class='ocrx_word' id='word_1_256' title='bbox 1176 4247 1334 4313; x_wconf 68' lang='lat'><strong><em>1590,</em></strong></span> <span class='ocrx_word' id='word_1_257' title='bbox 1360 4248 1510 4315; x_wconf 87' lang='lat' dir='ltr'><strong><em>in-8;</em></strong></span> <span class='ocrx_word' id='word_1_258' title='bbox 1540 4257 1595 4304; x_wconf 91' lang='lat' dir='ltr'><strong><em>et</em></strong></span> <span class='ocrx_word' id='word_1_259' title='bbox 1617 4248 1723 4303; x_wconf 87' lang='lat' dir='ltr'><strong><em>Ba-</em></strong></span> 
     </span>
    </p>
   </div>
   <div class='ocr_carea' id='block_1_46' title="bbox 160 4339 1724 4413">
    <p class='ocr_par' dir='ltr' id='par_1_46' title="bbox 160 4339 1724 4413">
     <span class='ocr_line' id='line_1_46' title="bbox 160 4339 1724 4413; baseline -0.001 -16"><span class='ocrx_word' id='word_1_260' title='bbox 160 4344 297 4399; x_wconf 72' lang='lat' dir='ltr'><strong><em>silete</em></strong></span> <span class='ocrx_word' id='word_1_261' title='bbox 327 4342 481 4413; x_wconf 87' lang='lat' dir='ltr'><strong><em>apud</em></strong></span> <span class='ocrx_word' id='word_1_262' title='bbox 520 4339 818 4395; x_wconf 82' lang='lat' dir='ltr'><strong><em>Robertum</em></strong></span> <span class='ocrx_word' id='word_1_263' title='bbox 867 4340 1120 4406; x_wconf 87' lang='lat' dir='ltr'><strong><em>Winter;</em></strong></span> <span class='ocrx_word' id='word_1_264' title='bbox 1174 4349 1230 4395; x_wconf 90' lang='lat' dir='ltr'><strong><em>et</em></strong></span> <span class='ocrx_word' id='word_1_265' title='bbox 1272 4340 1514 4395; x_wconf 66' lang='lat' dir='ltr'><strong><em>Colonia:</em></strong></span> <span class='ocrx_word' id='word_1_266' title='bbox 1580 4341 1724 4411; x_wconf 86' lang='lat' dir='ltr'><strong><em>apud</em></strong></span> 
     </span>
    </p>
   </div>
   <div class='ocr_carea' id='block_1_47' title="bbox 159 4431 1723 4506">
    <p class='ocr_par' dir='ltr' id='par_1_47' title="bbox 159 4431 1723 4506">
     <span class='ocr_line' id='line_1_47' title="bbox 159 4431 1723 4506; baseline -0.003 -17"><span class='ocrx_word' id='word_1_267' title='bbox 159 4434 503 4506; x_wconf 82' lang='lat' dir='ltr'><strong><em>Gymnicum.</em></strong></span> <span class='ocrx_word' id='word_1_268' title='bbox 541 4432 676 4487; x_wconf 86' lang='lat' dir='ltr'><strong><em>Item</em></strong></span> <span class='ocrx_word' id='word_1_269' title='bbox 708 4431 897 4488; x_wconf 68' lang='lat' dir='ltr'><strong><em>Graece</em></strong></span> <span class='ocrx_word' id='word_1_270' title='bbox 934 4440 987 4487; x_wconf 89' lang='lat' dir='ltr'><strong><em>et</em></strong></span> <span class='ocrx_word' id='word_1_271' title='bbox 1026 4432 1220 4487; x_wconf 90' lang='lat' dir='ltr'><strong><em>Latine</em></strong></span> <span class='ocrx_word' id='word_1_272' title='bbox 1266 4431 1321 4485; x_wconf 90' lang='lat' dir='ltr'><strong><em>in</em></strong></span> <span class='ocrx_word' id='word_1_273' title='bbox 1350 4432 1593 4502; x_wconf 78' lang='lat' dir='ltr'><strong><em>linguam</em></strong></span> <span class='ocrx_word' id='word_1_274' title='bbox 1623 4431 1723 4486; x_wconf 85' lang='lat' dir='ltr'><strong><em>La-</em></strong></span> 
     </span>
    </p>
   </div>
   <div class='ocr_carea' id='block_1_48' title="bbox 157 4525 1721 4591">
    <p class='ocr_par' dir='ltr' id='par_1_48' title="bbox 157 4525 1721 4591">
     <span class='ocr_line' id='line_1_48' title="bbox 157 4525 1721 4591; baseline 0 -12"><span class='ocrx_word' id='word_1_275' title='bbox 157 4528 316 4582; x_wconf 81' lang='lat' dir='ltr'><strong><em>tinam</em></strong></span> <span class='ocrx_word' id='word_1_276' title='bbox 371 4528 678 4591; x_wconf 75' lang='lat' dir='ltr'><strong><em>traductte,</em></strong></span> <span class='ocrx_word' id='word_1_277' title='bbox 718 4535 773 4580; x_wconf 90' lang='lat' dir='ltr'><strong><em>et</em></strong></span> <span class='ocrx_word' id='word_1_278' title='bbox 819 4525 1152 4580; x_wconf 87' lang='lat' dir='ltr'><strong><em>testimoniis</em></strong></span> <span class='ocrx_word' id='word_1_279' title='bbox 1204 4535 1320 4578; x_wconf 88' lang='lat' dir='ltr'><strong><em>tum</em></strong></span> <span class='ocrx_word' id='word_1_280' title='bbox 1378 4525 1553 4581; x_wconf 86' lang='lat' dir='ltr'><strong><em>sacris</em></strong></span> <span class='ocrx_word' id='word_1_281' title='bbox 1605 4532 1721 4579; x_wconf 84' lang='lat' dir='ltr'><strong><em>tum</em></strong></span> 
     </span>
    </p>
   </div>
   <div class='ocr_carea' id='block_1_49' title="bbox 159 4615 1724 4689">
    <p class='ocr_par' dir='ltr' id='par_1_49' title="bbox 159 4615 1724 4689">
     <span class='ocr_line' id='line_1_49' title="bbox 159 4615 1724 4689; baseline -0.002 -17"><span class='ocrx_word' id='word_1_282' title='bbox 159 4620 394 4689; x_wconf 80' lang='lat' dir='ltr'><strong><em>profanis</em></strong></span> <span class='ocrx_word' id='word_1_283' title='bbox 427 4618 743 4682; x_wconf 72' lang='lat' dir='ltr'><strong><em>illustratae,</em></strong></span> <span class='ocrx_word' id='word_1_284' title='bbox 775 4632 938 4686; x_wconf 84' lang='lat' dir='ltr'><strong><em>opera</em></strong></span> <span class='ocrx_word' id='word_1_285' title='bbox 959 4625 1012 4671; x_wconf 86' lang='lat' dir='ltr'><strong><em>et</em></strong></span> <span class='ocrx_word' id='word_1_286' title='bbox 1036 4617 1225 4671; x_wconf 84' lang='lat' dir='ltr'><strong><em>labore</em></strong></span> <span class='ocrx_word' id='word_1_287' title='bbox 1254 4615 1517 4685; x_wconf 84' lang='lat' dir='ltr'><strong><em>Stephani</em></strong></span> <span class='ocrx_word' id='word_1_288' title='bbox 1548 4616 1724 4671; x_wconf 84' lang='lat' dir='ltr'><strong><em>Scho-</em></strong></span> 
     </span>
    </p>
   </div>
   <div class='ocr_carea' id='block_1_50' title="bbox 161 4706 1721 4779">
    <p class='ocr_par' dir='ltr' id='par_1_50' title="bbox 161 4706 1721 4779">
     <span class='ocr_line' id='line_1_50' title="bbox 161 4706 1721 4779; baseline -0.001 -16"><span class='ocrx_word' id='word_1_289' title='bbox 161 4711 372 4779; x_wconf 76' lang='lat' dir='ltr'><strong><em>ningii:</em></strong></span> <span class='ocrx_word' id='word_1_290' title='bbox 425 4706 760 4762; x_wconf 71' lang='lat' dir='ltr'><strong><em>Franclierat</em></strong></span> <span class='ocrx_word' id='word_1_291' title='bbox 818 4708 1127 4763; x_wconf 77' lang='lat' dir='ltr'><strong><em>excudebat</em></strong></span> <span class='ocrx_word' id='word_1_292' title='bbox 1182 4706 1431 4777; x_wconf 67' lang='lat' dir='ltr'><strong><em>Egidius</em></strong></span> <span class='ocrx_word' id='word_1_293' title='bbox 1487 4708 1721 4762; x_wconf 68' lang='lat' dir='ltr'><strong><em>Radaaus</em></strong></span> 
     </span>
    </p>
   </div>
   <div class='ocr_carea' id='block_1_51' title="bbox 158 4798 1720 4869">
    <p class='ocr_par' dir='ltr' id='par_1_51' title="bbox 158 4798 1720 4869">
     <span class='ocr_line' id='line_1_51' title="bbox 158 4798 1720 4869; baseline 0.001 -17"><span class='ocrx_word' id='word_1_294' title='bbox 158 4801 402 4856; x_wconf 86' lang='lat' dir='ltr'><strong><em>ordinum</em></strong></span> <span class='ocrx_word' id='word_1_295' title='bbox 462 4798 655 4852; x_wconf 67' lang='lat' dir='ltr'><strong><em>Frisite</em></strong></span> <span class='ocrx_word' id='word_1_296' title='bbox 709 4800 1085 4869; x_wconf 77' lang='lat' dir='ltr'><strong><em>typographus</em></strong></span> <span class='ocrx_word' id='word_1_297' title='bbox 1139 4799 1277 4853; x_wconf 81' lang='grc'>1608</span> <span class='ocrx_word' id='word_1_298' title='bbox 1334 4798 1476 4854; x_wconf 82' lang='lat' dir='ltr'><strong><em>in-8.</em></strong></span> <span class='ocrx_word' id='word_1_299' title='bbox 1524 4800 1720 4854; x_wconf 81' lang='lat' dir='ltr'><strong><em>Addita</em></strong></span> 
     </span>
    </p>
   </div>
   <div class='ocr_carea' id='block_1_52' title="bbox 160 4889 1723 4963">
    <p class='ocr_par' dir='ltr' id='par_1_52' title="bbox 160 4889 1723 4963">
     <span class='ocr_line' id='line_1_52' title="bbox 160 4889 1723 4963; baseline -0.001 -16"><span class='ocrx_word' id='word_1_300' title='bbox 160 4903 274 4948; x_wconf 88' lang='lat' dir='ltr'><strong><em>sunt</em></strong></span> <span class='ocrx_word' id='word_1_301' title='bbox 302 4892 535 4963; x_wconf 79' lang='lat' dir='ltr'><strong><em>Agapeti</em></strong></span> <span class='ocrx_word' id='word_1_302' title='bbox 562 4889 750 4959; x_wconf 88' lang='lat' dir='ltr'><strong><em>Capita</em></strong></span> <span class='ocrx_word' id='word_1_303' title='bbox 771 4893 1109 4958; x_wconf 77' lang='lat' dir='ltr'><strong><em>parwnetica,</em></strong></span> <span class='ocrx_word' id='word_1_304' title='bbox 1148 4899 1203 4944; x_wconf 90' lang='lat' dir='ltr'><strong><em>et</em></strong></span> <span class='ocrx_word' id='word_1_305' title='bbox 1237 4890 1549 4946; x_wconf 84' lang='lat' dir='ltr'><strong><em>Aristotelis</em></strong></span> <span class='ocrx_word' id='word_1_306' title='bbox 1581 4891 1723 4946; x_wconf 90' lang='lat' dir='ltr'><strong><em>liber</em></strong></span> 
     </span>
    </p>
   </div>
   <div class='ocr_carea' id='block_1_53' title="bbox 160 4980 1722 5052">
    <p class='ocr_par' dir='ltr' id='par_1_53' title="bbox 160 4980 1722 5052">
     <span class='ocr_line' id='line_1_53' title="bbox 160 4980 1722 5052; baseline 0.001 -17"><span class='ocrx_word' id='word_1_307' title='bbox 160 4982 222 5038; x_wconf 87' lang='lat' dir='ltr'><strong><em>De</em></strong></span> <span class='ocrx_word' id='word_1_308' title='bbox 248 4984 537 5038; x_wconf 83' lang='lat' dir='ltr'><strong><em>virtutibus</em></strong></span> <span class='ocrx_word' id='word_1_309' title='bbox 574 4991 624 5034; x_wconf 90' lang='lat' dir='ltr'><strong><em>et</em></strong></span> <span class='ocrx_word' id='word_1_310' title='bbox 660 4982 822 5042; x_wconf 86' lang='lat' dir='ltr'><strong><em>vitiis.</em></strong></span> <span class='ocrx_word' id='word_1_311' title='bbox 872 4981 1064 5035; x_wconf 88' lang='lat' dir='ltr'><strong><em>eodem</em></strong></span> <span class='ocrx_word' id='word_1_312' title='bbox 1104 4980 1382 5051; x_wconf 87' lang='lat' dir='ltr'><strong><em>Stephano</em></strong></span> <span class='ocrx_word' id='word_1_313' title='bbox 1422 4983 1722 5052; x_wconf 86' lang='lat' dir='ltr'><strong><em>interprete</em></strong></span> 
     </span>
    </p>
   </div>
   <div class='ocr_carea' id='block_1_54' title="bbox 160 5071 1722 5149">
    <p class='ocr_par' dir='ltr' id='par_1_54' title="bbox 160 5071 1722 5149">
     <span class='ocr_line' id='line_1_54' title="bbox 160 5071 1722 5149; baseline 0 -21"><span class='ocrx_word' id='word_1_314' title='bbox 160 5084 201 5128; x_wconf 85' lang='lat' dir='ltr'><strong><em>et</em></strong></span> <span class='ocrx_word' id='word_1_315' title='bbox 227 5076 570 5145; x_wconf 76' lang='lat' dir='ltr'><strong><em>expositore.</em></strong></span> <span class='ocrx_word' id='word_1_316' title='bbox 612 5071 825 5125; x_wconf 71' lang='lat' dir='ltr'><strong><em>Eaedem</em></strong></span> <span class='ocrx_word' id='word_1_317' title='bbox 859 5087 889 5124; x_wconf 89' lang='lat' dir='ltr'><strong><em>a</em></strong></span> <span class='ocrx_word' id='word_1_318' title='bbox 919 5071 1184 5127; x_wconf 81' lang='lat' dir='ltr'><strong><em>Michaele</em></strong></span> <span class='ocrx_word' id='word_1_319' title='bbox 1234 5071 1430 5127; x_wconf 81' lang='lat' dir='ltr'><strong><em>Toxita</em></strong></span> <span class='ocrx_word' id='word_1_320' title='bbox 1477 5075 1722 5149; x_wconf 82' lang='lat' dir='ltr'><strong><em>carmine</em></strong></span> 
     </span>
    </p>
   </div>
   <div class='ocr_carea' id='block_1_55' title="bbox 161 5162 1717 5235">
    <p class='ocr_par' dir='ltr' id='par_1_55' title="bbox 161 5162 1717 5235">
     <span class='ocr_line' id='line_1_55' title="bbox 161 5162 1717 5235; baseline 0.001 -18"><span class='ocrx_word' id='word_1_321' title='bbox 161 5167 370 5221; x_wconf 73' lang='lat' dir='ltr'><strong><em>reddita:</em></strong></span> <span class='ocrx_word' id='word_1_322' title='bbox 395 5179 618 5220; x_wconf 56' lang='lat' dir='ltr'><strong><em>excusse</em></strong></span> <span class='ocrx_word' id='word_1_323' title='bbox 658 5171 787 5218; x_wconf 92' lang='lat' dir='ltr'><strong><em>sunt</em></strong></span> <span class='ocrx_word' id='word_1_324' title='bbox 824 5164 1174 5233; x_wconf 76' lang='lat' dir='ltr'><strong><em>Argentorati</em></strong></span> <span class='ocrx_word' id='word_1_325' title='bbox 1205 5181 1232 5216; x_wconf 73' lang='grc' dir='ltr'><strong><em>ιι</em></strong></span> <span class='ocrx_word' id='word_1_326' title='bbox 1259 5162 1498 5218; x_wconf 85' lang='lat' dir='ltr'><strong><em>Cratone</em></strong></span> <span class='ocrx_word' id='word_1_327' title='bbox 1536 5164 1717 5235; x_wconf 84' lang='lat' dir='ltr'><strong><em>Mylio.</em></strong></span> 
     </span>
    </p>
   </div>
   <div class='ocr_carea' id='block_1_56' title="bbox 162 5253 1722 5327">
    <p class='ocr_par' dir='ltr' id='par_1_56' title="bbox 162 5253 1722 5327">
     <span class='ocr_line' id='line_1_56' title="bbox 162 5253 1722 5327; baseline 0.001 -18"><span class='ocrx_word' id='word_1_328' title='bbox 162 5256 490 5327; x_wconf 82' lang='lat' dir='ltr'><strong><em>Epitomator</em></strong></span> <span class='ocrx_word' id='word_1_329' title='bbox 539 5253 909 5310; x_wconf 88' lang='lat' dir='ltr'><strong><em>Gesnerianus</em></strong></span> <span class='ocrx_word' id='word_1_330' title='bbox 947 5272 962 5308; x_wconf 89' lang='lat'><strong>:</strong></span> <span class='ocrx_word' id='word_1_331' title='bbox 1010 5256 1105 5324; x_wconf 85' lang='lat' dir='ltr'><strong><em>qui</em></strong></span> <span class='ocrx_word' id='word_1_332' title='bbox 1152 5262 1335 5309; x_wconf 88' lang='lat' dir='ltr'><strong><em>tamen</em></strong></span> <span class='ocrx_word' id='word_1_333' title='bbox 1376 5256 1433 5310; x_wconf 89' lang='lat' dir='ltr'><strong><em>in</em></strong></span> <span class='ocrx_word' id='word_1_334' title='bbox 1486 5256 1722 5326; x_wconf 88' lang='lat' dir='ltr'><strong><em>epitome</em></strong></span> 
     </span>
    </p>
   </div>
   <div class='ocr_carea' id='block_1_57' title="bbox 162 5343 1720 5414">
    <p class='ocr_par' dir='ltr' id='par_1_57' title="bbox 162 5343 1720 5414">
     <span class='ocr_line' id='line_1_57' title="bbox 162 5343 1720 5414; baseline 0.001 -16"><span class='ocrx_word' id='word_1_335' title='bbox 162 5348 351 5400; x_wconf 88' lang='lat' dir='ltr'><strong><em>nullam</em></strong></span> <span class='ocrx_word' id='word_1_336' title='bbox 392 5346 562 5414; x_wconf 85' lang='lat' dir='ltr'><strong><em>hujus</em></strong></span> <span class='ocrx_word' id='word_1_337' title='bbox 591 5344 865 5398; x_wconf 80' lang='lat' dir='ltr'><strong><em>versionis</em></strong></span> <span class='ocrx_word' id='word_1_338' title='bbox 888 5344 1222 5399; x_wconf 89' lang='lat' dir='ltr'><strong><em>mentionem</em></strong></span> <span class='ocrx_word' id='word_1_339' title='bbox 1251 5343 1401 5412; x_wconf 80' lang='lat' dir='ltr'><strong><em>facit,</em></strong></span> <span class='ocrx_word' id='word_1_340' title='bbox 1428 5344 1592 5400; x_wconf 91' lang='lat' dir='ltr'><strong><em>sicuti</em></strong></span> <span class='ocrx_word' id='word_1_341' title='bbox 1619 5359 1720 5400; x_wconf 92' lang='lat' dir='ltr'><strong><em>nec</em></strong></span> 
     </span>
    </p>
   </div>
   <div class='ocr_carea' id='block_1_58' title="bbox 164 5434 766 5492">
    <p class='ocr_par' dir='ltr' id='par_1_58' title="bbox 164 5434 766 5492">
     <span class='ocr_line' id='line_1_58' title="bbox 164 5434 766 5492; baseline 0 -4"><span class='ocrx_word' id='word_1_342' title='bbox 164 5434 423 5492; x_wconf 81' lang='lat' dir='ltr'><strong><em>Gesnerus</em></strong></span> <span class='ocrx_word' id='word_1_343' title='bbox 455 5437 511 5489; x_wconf 91' lang='lat' dir='ltr'><strong><em>in</em></strong></span> <span class='ocrx_word' id='word_1_344' title='bbox 545 5435 766 5489; x_wconf 80' lang='lat' dir='ltr'><strong><em>Toxita.</em></strong></span> 
     </span>
    </p>
   </div>
   <div class='ocr_carea' id='block_1_59' title="bbox 218 5525 1695 5599">
    <p class='ocr_par' dir='ltr' id='par_1_59' title="bbox 218 5525 1695 5599">
     <span class='ocr_line' id='line_1_59' title="bbox 218 5525 1695 5599; baseline 0.001 -17"><span class='ocrx_word' id='word_1_345' title='bbox 218 5529 408 5599; x_wconf 82' lang='grc' dir='ltr'><strong><em>Χρυσᾶ</em></strong></span> <span class='ocrx_word' id='word_1_346' title='bbox 440 5526 637 5579; x_wconf 78' lang='grc' dir='ltr'><strong><em>Νείλου</em></strong></span> <span class='ocrx_word' id='word_1_347' title='bbox 679 5526 975 5580; x_wconf 73' lang='grc' dir='ltr'><strong><em>ἐπισκόπου</em></strong></span> <span class='ocrx_word' id='word_1_348' title='bbox 1011 5525 1105 5581; x_wconf 77' lang='grc' dir='ltr'><strong><em>καὶ</em></strong></span> <span class='ocrx_word' id='word_1_349' title='bbox 1147 5528 1455 5599; x_wconf 79' lang='grc' dir='ltr'><strong><em>μάρτυρος·</em></strong></span> <span class='ocrx_word' id='word_1_350' title='bbox 1505 5528 1695 5599; x_wconf 88' lang='lat' dir='ltr'><strong><em>Capita</em></strong></span> 
     </span>
    </p>
   </div>
   <div class='ocr_carea' id='block_1_60' title="bbox 168 5616 1685 5696">
    <p class='ocr_par' dir='ltr' id='par_1_60' title="bbox 168 5616 1685 5696">
     <span class='ocr_line' id='line_1_60' title="bbox 168 5616 1685 5696; baseline 0 -19"><span class='ocrx_word' id='word_1_351' title='bbox 168 5637 238 5677; x_wconf 75' lang='lat' dir='ltr'><strong><em>uti</em></strong></span> <span class='ocrx_word' id='word_1_352' title='bbox 269 5621 651 5690; x_wconf 77' lang='lat' dir='ltr'><strong><em>Prteceptiones</em></strong></span> <span class='ocrx_word' id='word_1_353' title='bbox 683 5622 1030 5677; x_wconf 68' lang='lat' dir='ltr'><strong><em>sententious.</em></strong></span> <span class='ocrx_word' id='word_1_354' title='bbox 1072 5616 1414 5694; x_wconf 69' lang='grc' dir='ltr'>κεφάλαια,ἤ</span> <span class='ocrx_word' id='word_1_355' title='bbox 1455 5624 1685 5696; x_wconf 73' lang='grc' dir='ltr'>παραινέ</span> 
     </span>
    </p>
   </div>
   <div class='ocr_carea' id='block_1_61' title="bbox 1852 271 3418 377">
    <p class='ocr_par' dir='ltr' id='par_1_61' title="bbox 1852 271 3418 377">
     <span class='ocr_line' id='line_1_61' title="bbox 1852 271 3418 377; baseline 0.011 -22"><span class='ocrx_word' id='word_1_356' title='bbox 1852 319 1970 369; x_wconf 83' lang='grc' dir='ltr'>σεις</span> <span class='ocrx_word' id='word_1_357' title='bbox 2002 271 2254 377; x_wconf 47' lang='lat' dir='ltr'><strong><em>Lugduni</em></strong></span> <span class='ocrx_word' id='word_1_358' title='bbox 2302 308 2634 365; x_wconf 82' lang='lat' dir='ltr'><strong><em>Batavorum</em></strong></span> <span class='ocrx_word' id='word_1_359' title='bbox 2683 325 2750 364; x_wconf 80' lang='lat' dir='ltr'><strong><em>ex</em></strong></span> <span class='ocrx_word' id='word_1_360' title='bbox 2803 308 3021 366; x_wconf 75' lang='lat' dir='ltr'><strong><em>ofﬁcina</em></strong></span> <span class='ocrx_word' id='word_1_361' title='bbox 3066 313 3418 373; x_wconf 82' lang='lat' dir='ltr'><strong><em>Plautiniana</em></strong></span> 
     </span>
    </p>
   </div>
   <div class='ocr_carea' id='block_1_62' title="bbox 1848 400 3417 474">
    <p class='ocr_par' dir='ltr' id='par_1_62' title="bbox 1848 400 3417 474">
     <span class='ocr_line' id='line_1_62' title="bbox 1848 400 3417 474; baseline 0.006 -23"><span class='ocrx_word' id='word_1_362' title='bbox 1848 401 1991 468; x_wconf 86' lang='lat' dir='ltr'><strong><em>apud</em></strong></span> <span class='ocrx_word' id='word_1_363' title='bbox 2024 400 2381 456; x_wconf 88' lang='lat' dir='ltr'><strong><em>Franciscum</em></strong></span> <span class='ocrx_word' id='word_1_364' title='bbox 2404 401 2837 474; x_wconf 82' lang='lat' dir='ltr'><strong><em>Raphelengium</em></strong></span> <span class='ocrx_word' id='word_1_365' title='bbox 2869 404 3029 471; x_wconf 74' lang='lat' dir='ltr'><strong><em>i590,</em></strong></span> <span class='ocrx_word' id='word_1_366' title='bbox 3055 406 3192 462; x_wconf 82' lang='lat' dir='ltr'><strong><em>in-8.</em></strong></span> <span class='ocrx_word' id='word_1_367' title='bbox 3214 407 3417 463; x_wconf 78' lang='lat' dir='ltr'><strong><em>Eadem</em></strong></span> 
     </span>
    </p>
   </div>
   <div class='ocr_carea' id='block_1_63' title="bbox 1846 489 3420 567">
    <p class='ocr_par' dir='ltr' id='par_1_63' title="bbox 1846 489 3420 567">
     <span class='ocr_line' id='line_1_63' title="bbox 1846 489 3420 567; baseline 0.004 -22"><span class='ocrx_word' id='word_1_368' title='bbox 1846 489 1951 545; x_wconf 86' lang='lat' dir='ltr'><strong><em>sub</em></strong></span> <span class='ocrx_word' id='word_1_369' title='bbox 1979 491 2142 546; x_wconf 91' lang='lat' dir='ltr'><strong><em>titulo</em></strong></span> <span class='ocrx_word' id='word_1_370' title='bbox 2171 509 2184 545; x_wconf 92' lang='lat'><strong>:</strong></span> <span class='ocrx_word' id='word_1_371' title='bbox 2221 491 2396 546; x_wconf 79' lang='lat' dir='ltr'><strong><em>Aurea</em></strong></span> <span class='ocrx_word' id='word_1_372' title='bbox 2426 492 2551 546; x_wconf 80' lang='lat' dir='ltr'><strong><em>Nili</em></strong></span> <span class='ocrx_word' id='word_1_373' title='bbox 2585 494 2813 563; x_wconf 85' lang='lat' dir='ltr'><strong><em>episcopi</em></strong></span> <span class='ocrx_word' id='word_1_374' title='bbox 2864 504 2915 549; x_wconf 89' lang='lat' dir='ltr'><strong><em>et</em></strong></span> <span class='ocrx_word' id='word_1_375' title='bbox 2950 498 3200 567; x_wconf 80' lang='lat' dir='ltr'><strong><em>martyris</em></strong></span> <span class='ocrx_word' id='word_1_376' title='bbox 3229 497 3420 553; x_wconf 66' lang='lat' dir='ltr'><strong><em>Parc-o</em></strong></span> 
     </span>
    </p>
   </div>
   <div class='ocr_carea' id='block_1_64' title="bbox 1846 582 3418 660">
    <p class='ocr_par' dir='ltr' id='par_1_64' title="bbox 1846 582 3418 660">
     <span class='ocr_line' id='line_1_64' title="bbox 1846 582 3418 660; baseline 0.007 -26"><span class='ocrx_word' id='word_1_377' title='bbox 1846 582 2039 647; x_wconf 87' lang='lat' dir='ltr'><strong><em>netica,</em></strong></span> <span class='ocrx_word' id='word_1_378' title='bbox 2066 583 2366 653; x_wconf 87' lang='lat' dir='ltr'><strong><em>interprete</em></strong></span> <span class='ocrx_word' id='word_1_379' title='bbox 2402 582 2627 639; x_wconf 79' lang='lat' dir='ltr'><strong><em>Nicolao</em></strong></span> <span class='ocrx_word' id='word_1_380' title='bbox 2655 584 2934 650; x_wconf 88' lang='lat' dir='ltr'><strong><em>Glassero,</em></strong></span> <span class='ocrx_word' id='word_1_381' title='bbox 2984 586 3281 660; x_wconf 73' lang='lat' dir='ltr'><strong><em>Hamburgi</em></strong></span> <span class='ocrx_word' id='word_1_382' title='bbox 3319 604 3418 644; x_wconf 80' lang='lat' dir='ltr'><strong><em>ex-</em></strong></span> 
     </span>
    </p>
   </div>
   <div class='ocr_carea' id='block_1_65' title="bbox 1845 671 3417 750">
    <p class='ocr_par' dir='ltr' id='par_1_65' title="bbox 1845 671 3417 750">
     <span class='ocr_line' id='line_1_65' title="bbox 1845 671 3417 750; baseline 0.003 -24"><span class='ocrx_word' id='word_1_383' title='bbox 1845 671 2079 726; x_wconf 86' lang='lat' dir='ltr'><strong><em>cudebat</em></strong></span> <span class='ocrx_word' id='word_1_384' title='bbox 2125 673 2324 728; x_wconf 83' lang='lat' dir='ltr'><strong><em>Paulus</em></strong></span> <span class='ocrx_word' id='word_1_385' title='bbox 2367 673 2626 744; x_wconf 81' lang='lat' dir='ltr'><strong><em>Langius.</em></strong></span> <span class='ocrx_word' id='word_1_386' title='bbox 2675 677 2834 729; x_wconf 78' lang='lat' dir='ltr'><strong><em>Anno</em></strong></span> <span class='ocrx_word' id='word_1_387' title='bbox 2875 676 3038 741; x_wconf 71' lang='lat' dir='ltr'><strong><em>16H,</em></strong></span> <span class='ocrx_word' id='word_1_388' title='bbox 3080 678 3221 733; x_wconf 88' lang='lat' dir='ltr'><strong><em>in-8.</em></strong></span> <span class='ocrx_word' id='word_1_389' title='bbox 3248 678 3417 750; x_wconf 82' lang='grc' dir='ltr'><strong><em>Ἀρχὴ</em></strong></span> 
     </span>
    </p>
   </div>
   <div class='ocr_carea' id='block_1_66' title="bbox 1846 763 3419 839">
    <p class='ocr_par' dir='ltr' id='par_1_66' title="bbox 1846 763 3419 839">
     <span class='ocr_line' id='line_1_66' title="bbox 1846 763 3419 839; baseline 0.005 -25"><span class='ocrx_word' id='word_1_390' title='bbox 1846 763 2114 833; x_wconf 76' lang='grc' dir='ltr'><strong><em>σωτηρίαι,</em></strong></span> <span class='ocrx_word' id='word_1_391' title='bbox 2135 765 2167 834; x_wconf 77' lang='grc' dir='ltr'>ἡ</span> <span class='ocrx_word' id='word_1_392' title='bbox 2192 764 2357 817; x_wconf 81' lang='grc' dir='ltr'><strong><em>αὐτοῦ</em></strong></span> <span class='ocrx_word' id='word_1_393' title='bbox 2376 765 2735 834; x_wconf 83' lang='grc' dir='ltr'><strong><em>κατάγνωσις.</em></strong></span> <span class='ocrx_word' id='word_1_394' title='bbox 2766 766 2838 821; x_wconf 88' lang='lat' dir='ltr'><strong><em>[)e</em></strong></span> <span class='ocrx_word' id='word_1_395' title='bbox 2865 766 2931 821; x_wconf 86' lang='lat' dir='ltr'><strong><em>iis</em></strong></span> <span class='ocrx_word' id='word_1_396' title='bbox 2954 769 3224 839; x_wconf 79' lang='lat' dir='ltr'><strong><em>interpres</em></strong></span> <span class='ocrx_word' id='word_1_397' title='bbox 3249 787 3262 823; x_wconf 89' lang='lat'><strong>:</strong></span> <span class='ocrx_word' id='word_1_398' title='bbox 3292 768 3419 824; x_wconf 81' lang='lat' dir='ltr'><strong><em>Cla-</em></strong></span> 
     </span>
    </p>
   </div>
   <div class='ocr_carea' id='block_1_67' title="bbox 1843 854 3414 932">
    <p class='ocr_par' dir='ltr' id='par_1_67' title="bbox 1843 854 3414 932">
     <span class='ocr_line' id='line_1_67' title="bbox 1843 854 3414 932; baseline 0.006 -27"><span class='ocrx_word' id='word_1_399' title='bbox 1843 869 1962 906; x_wconf 88' lang='lat' dir='ltr'><strong><em>rum</em></strong></span> <span class='ocrx_word' id='word_1_400' title='bbox 1987 864 2064 907; x_wconf 87' lang='lat' dir='ltr'><strong><em>est</em></strong></span> <span class='ocrx_word' id='word_1_401' title='bbox 2095 854 2229 907; x_wconf 88' lang='lat' dir='ltr'><strong><em>illud</em></strong></span> <span class='ocrx_word' id='word_1_402' title='bbox 2262 855 2597 926; x_wconf 80' lang='lat' dir='ltr'><strong><em>Phocylidis,</em></strong></span> <span class='ocrx_word' id='word_1_403' title='bbox 2651 859 2799 910; x_wconf 85' lang='grc' dir='ltr'>παῖδ’</span> <span class='ocrx_word' id='word_1_404' title='bbox 2827 859 2909 912; x_wconf 78' lang='grc' dir='ltr'><strong><em>ἔτι</em></strong></span> <span class='ocrx_word' id='word_1_405' title='bbox 2946 860 3103 913; x_wconf 79' lang='grc' dir='ltr'><strong><em>ἐόντα</em></strong></span> <span class='ocrx_word' id='word_1_406' title='bbox 3136 861 3312 931; x_wconf 85' lang='grc' dir='ltr'>χρεὼν</span> <span class='ocrx_word' id='word_1_407' title='bbox 3350 862 3414 932; x_wconf 77' lang='grc' dir='ltr'><strong><em>δὴ</em></strong></span> 
     </span>
    </p>
   </div>
   <div class='ocr_carea' id='block_1_68' title="bbox 1842 944 3416 1019">
    <p class='ocr_par' dir='ltr' id='par_1_68' title="bbox 1842 944 3416 1019">
     <span class='ocr_line' id='line_1_68' title="bbox 1842 944 3416 1019; baseline 0.005 -22"><span class='ocrx_word' id='word_1_408' title='bbox 1842 944 1983 999; x_wconf 78' lang='grc' dir='ltr'><strong><em>καλὰ</em></strong></span> <span class='ocrx_word' id='word_1_409' title='bbox 2009 946 2331 1017; x_wconf 79' lang='grc' dir='ltr'><strong><em>διδασκέμεν</em></strong></span> <span class='ocrx_word' id='word_1_410' title='bbox 2356 948 2512 1019; x_wconf 75' lang='grc' dir='ltr'><strong><em>ἔργα.</em></strong></span> <span class='ocrx_word' id='word_1_411' title='bbox 2538 947 2677 1002; x_wconf 84' lang='lat' dir='ltr'><strong><em>Hinc</em></strong></span> <span class='ocrx_word' id='word_1_412' title='bbox 2700 960 2750 1003; x_wconf 87' lang='lat' dir='ltr'><strong><em>et</em></strong></span> <span class='ocrx_word' id='word_1_413' title='bbox 2773 950 3054 1019; x_wconf 82' lang='lat' dir='ltr'><strong><em>Agesilaus</em></strong></span> <span class='ocrx_word' id='word_1_414' title='bbox 3079 968 3142 1005; x_wconf 88' lang='lat' dir='ltr'><strong><em>ea</em></strong></span> <span class='ocrx_word' id='word_1_415' title='bbox 3165 951 3416 1006; x_wconf 87' lang='lat' dir='ltr'><strong><em>discenda</em></strong></span> 
     </span>
    </p>
   </div>
   <div class='ocr_carea' id='block_1_69' title="bbox 1840 1039 3416 1114">
    <p class='ocr_par' dir='ltr' id='par_1_69' title="bbox 1840 1039 3416 1114">
     <span class='ocr_line' id='line_1_69' title="bbox 1840 1039 3416 1114; baseline 0.005 -23"><span class='ocrx_word' id='word_1_416' title='bbox 1840 1054 1953 1092; x_wconf 86' lang='lat' dir='ltr'><strong><em>esse</em></strong></span> <span class='ocrx_word' id='word_1_417' title='bbox 1990 1039 2165 1107; x_wconf 89' lang='lat' dir='ltr'><strong><em>pueris</em></strong></span> <span class='ocrx_word' id='word_1_418' title='bbox 2207 1040 2365 1107; x_wconf 75' lang='lat' dir='ltr'><strong><em>dixit,</em></strong></span> <span class='ocrx_word' id='word_1_419' title='bbox 2413 1042 2599 1111; x_wconf 84' lang='lat' dir='ltr'><strong><em>quibus</em></strong></span> <span class='ocrx_word' id='word_1_420' title='bbox 2639 1044 2950 1112; x_wconf 87' lang='lat' dir='ltr'><strong><em>grandiores</em></strong></span> <span class='ocrx_word' id='word_1_421' title='bbox 2990 1044 3123 1113; x_wconf 89' lang='lat' dir='ltr'><strong><em>facti</em></strong></span> <span class='ocrx_word' id='word_1_422' title='bbox 3171 1047 3251 1098; x_wconf 90' lang='lat' dir='ltr'><strong><em>uti</em></strong></span> <span class='ocrx_word' id='word_1_423' title='bbox 3291 1061 3416 1114; x_wconf 90' lang='lat' dir='ltr'><strong><em>pos-</em></strong></span> 
     </span>
    </p>
   </div>
   <div class='ocr_carea' id='block_1_70' title="bbox 1841 1129 3414 1207">
    <p class='ocr_par' dir='ltr' id='par_1_70' title="bbox 1841 1129 3414 1207">
     <span class='ocr_line' id='line_1_70' title="bbox 1841 1129 3414 1207; baseline 0.005 -24"><span class='ocrx_word' id='word_1_424' title='bbox 1841 1134 1968 1184; x_wconf 90' lang='lat' dir='ltr'><strong><em>sint.</em></strong></span> <span class='ocrx_word' id='word_1_425' title='bbox 1998 1129 2133 1184; x_wconf 88' lang='lat' dir='ltr'><strong><em>Sunt</em></strong></span> <span class='ocrx_word' id='word_1_426' title='bbox 2192 1130 2354 1201; x_wconf 88' lang='lat' dir='ltr'><strong><em>igitur</em></strong></span> <span class='ocrx_word' id='word_1_427' title='bbox 2388 1132 2485 1185; x_wconf 91' lang='lat' dir='ltr'><strong><em>illa</em></strong></span> <span class='ocrx_word' id='word_1_428' title='bbox 2519 1134 2851 1201; x_wconf 88' lang='lat' dir='ltr'><strong><em>potissimum</em></strong></span> <span class='ocrx_word' id='word_1_429' title='bbox 2912 1134 3173 1206; x_wconf 87' lang='lat' dir='ltr'><strong><em>eligenda,</em></strong></span> <span class='ocrx_word' id='word_1_430' title='bbox 3225 1138 3414 1207; x_wconf 86' lang='lat' dir='ltr'><strong><em>quibus</em></strong></span> 
     </span>
    </p>
   </div>
   <div class='ocr_carea' id='block_1_71' title="bbox 1836 1220 3414 1296">
    <p class='ocr_par' dir='ltr' id='par_1_71' title="bbox 1836 1220 3414 1296">
     <span class='ocr_line' id='line_1_71' title="bbox 1836 1220 3414 1296; baseline 0.006 -24"><span class='ocrx_word' id='word_1_431' title='bbox 1836 1220 2082 1290; x_wconf 80' lang='lat' dir='ltr'><strong><em>juventus</em></strong></span> <span class='ocrx_word' id='word_1_432' title='bbox 2106 1220 2231 1275; x_wconf 88' lang='lat' dir='ltr'><strong><em>etin</em></strong></span> <span class='ocrx_word' id='word_1_433' title='bbox 2273 1221 2463 1276; x_wconf 88' lang='lat' dir='ltr'><strong><em>litteris</em></strong></span> <span class='ocrx_word' id='word_1_434' title='bbox 2499 1226 2729 1293; x_wconf 82' lang='lat' dir='ltr'><strong><em>proﬁcit,</em></strong></span> <span class='ocrx_word' id='word_1_435' title='bbox 2771 1235 2819 1279; x_wconf 90' lang='lat' dir='ltr'><strong><em>et</em></strong></span> <span class='ocrx_word' id='word_1_436' title='bbox 2859 1243 3028 1281; x_wconf 87' lang='lat' dir='ltr'><strong><em>mores</em></strong></span> <span class='ocrx_word' id='word_1_437' title='bbox 3054 1229 3246 1296; x_wconf 87' lang='lat' dir='ltr'><strong><em>pietate</em></strong></span> <span class='ocrx_word' id='word_1_438' title='bbox 3290 1245 3414 1281; x_wconf 90' lang='lat' dir='ltr'><strong><em>con-</em></strong></span> 
     </span>
    </p>
   </div>
   <div class='ocr_carea' id='block_1_72' title="bbox 1838 1310 3409 1388">
    <p class='ocr_par' dir='ltr' id='par_1_72' title="bbox 1838 1310 3409 1388">
     <span class='ocr_line' id='line_1_72' title="bbox 1838 1310 3409 1388; baseline 0.006 -26"><span class='ocrx_word' id='word_1_439' title='bbox 1838 1310 2081 1364; x_wconf 89' lang='lat' dir='ltr'><strong><em>diuntur.</em></strong></span> <span class='ocrx_word' id='word_1_440' title='bbox 2118 1310 2196 1365; x_wconf 89' lang='lat' dir='ltr'><strong><em>De</em></strong></span> <span class='ocrx_word' id='word_1_441' title='bbox 2241 1310 2361 1368; x_wconf 86' lang='lat' dir='ltr'><strong><em>Nili</em></strong></span> <span class='ocrx_word' id='word_1_442' title='bbox 2413 1313 2590 1368; x_wconf 88' lang='lat' dir='ltr'><strong><em>libello</em></strong></span> <span class='ocrx_word' id='word_1_443' title='bbox 2646 1332 2750 1370; x_wconf 90' lang='lat' dir='ltr'><strong><em>non</em></strong></span> <span class='ocrx_word' id='word_1_444' title='bbox 2776 1325 2855 1369; x_wconf 90' lang='lat' dir='ltr'><strong><em>est</em></strong></span> <span class='ocrx_word' id='word_1_445' title='bbox 2894 1318 3034 1388; x_wconf 87' lang='lat' dir='ltr'><strong><em>quod</em></strong></span> <span class='ocrx_word' id='word_1_446' title='bbox 3074 1319 3409 1383; x_wconf 87' lang='lat' dir='ltr'><strong><em>dubitemus,</em></strong></span> 
     </span>
    </p>
   </div>
   <div class='ocr_carea' id='block_1_73' title="bbox 1838 1402 3408 1475">
    <p class='ocr_par' dir='ltr' id='par_1_73' title="bbox 1838 1402 3408 1475">
     <span class='ocr_line' id='line_1_73' title="bbox 1838 1402 3408 1475; baseline 0.003 -19"><span class='ocrx_word' id='word_1_447' title='bbox 1838 1420 1996 1474; x_wconf 83' lang='lat' dir='ltr'><strong><em>quant</em></strong></span> <span class='ocrx_word' id='word_1_448' title='bbox 2017 1402 2087 1457; x_wconf 89' lang='lat' dir='ltr'><strong><em>ad</em></strong></span> <span class='ocrx_word' id='word_1_449' title='bbox 2124 1405 2303 1459; x_wconf 88' lang='lat' dir='ltr'><strong><em>omnia</em></strong></span> <span class='ocrx_word' id='word_1_450' title='bbox 2333 1406 2443 1459; x_wconf 66' lang='lat' dir='ltr'><strong><em>hinc</em></strong></span> <span class='ocrx_word' id='word_1_451' title='bbox 2463 1408 2629 1473; x_wconf 89' lang='lat' dir='ltr'><strong><em>possit</em></strong></span> <span class='ocrx_word' id='word_1_452' title='bbox 2664 1408 2976 1475; x_wconf 89' lang='lat' dir='ltr'><strong><em>plurimum.</em></strong></span> <span class='ocrx_word' id='word_1_453' title='bbox 3011 1406 3105 1463; x_wconf 77' lang='lat' dir='ltr'><strong><em>Est</em></strong></span> <span class='ocrx_word' id='word_1_454' title='bbox 3134 1413 3271 1463; x_wconf 88' lang='lat' dir='ltr'><strong><em>enim</em></strong></span> <span class='ocrx_word' id='word_1_455' title='bbox 3301 1411 3408 1463; x_wconf 86' lang='lat' dir='ltr'><strong><em>ele-</em></strong></span> 
     </span>
    </p>
   </div>
   <div class='ocr_carea' id='block_1_74' title="bbox 1836 1496 3413 1572">
    <p class='ocr_par' dir='ltr' id='par_1_74' title="bbox 1836 1496 3413 1572">
     <span class='ocr_line' id='line_1_74' title="bbox 1836 1496 3413 1572; baseline 0.005 -25"><span class='ocrx_word' id='word_1_456' title='bbox 1836 1496 2049 1565; x_wconf 87' lang='lat' dir='ltr'><strong><em>gantius</em></strong></span> <span class='ocrx_word' id='word_1_457' title='bbox 2085 1497 2308 1563; x_wconf 90' lang='lat' dir='ltr'><strong><em>politus,</em></strong></span> <span class='ocrx_word' id='word_1_458' title='bbox 2336 1499 2599 1551; x_wconf 89' lang='lat' dir='ltr'><strong><em>virtutum</em></strong></span> <span class='ocrx_word' id='word_1_459' title='bbox 2642 1503 2914 1569; x_wconf 53' lang='lat' dir='ltr'><strong><em>praeceptis</em></strong></span> <span class='ocrx_word' id='word_1_460' title='bbox 2948 1504 3146 1571; x_wconf 85' lang='lat' dir='ltr'><strong><em>gravis,</em></strong></span> <span class='ocrx_word' id='word_1_461' title='bbox 3179 1504 3413 1572; x_wconf 86' lang='lat' dir='ltr'><strong><em>antiqui-</em></strong></span> 
     </span>
    </p>
   </div>
   <div class='ocr_carea' id='block_1_75' title="bbox 1839 1586 3412 1663">
    <p class='ocr_par' dir='ltr' id='par_1_75' title="bbox 1839 1586 3412 1663">
     <span class='ocr_line' id='line_1_75' title="bbox 1839 1586 3412 1663; baseline 0.005 -25"><span class='ocrx_word' id='word_1_462' title='bbox 1839 1586 1965 1640; x_wconf 89' lang='lat' dir='ltr'><strong><em>tatis</em></strong></span> <span class='ocrx_word' id='word_1_463' title='bbox 2003 1588 2321 1641; x_wconf 83' lang='lat' dir='ltr'><strong><em>auctoritate</em></strong></span> <span class='ocrx_word' id='word_1_464' title='bbox 2364 1590 2484 1658; x_wconf 89' lang='lat' dir='ltr'><strong><em>pius</em></strong></span> <span class='ocrx_word' id='word_1_465' title='bbox 2510 1631 2525 1657; x_wconf 92' lang='lat'><strong><em>,</em></strong></span> <span class='ocrx_word' id='word_1_466' title='bbox 2571 1608 2892 1663; x_wconf 89' lang='lat' dir='ltr'><strong><em>prorsusque</em></strong></span> <span class='ocrx_word' id='word_1_467' title='bbox 2930 1610 3143 1647; x_wconf 89' lang='lat' dir='ltr'><strong><em>aureus.</em></strong></span> <span class='ocrx_word' id='word_1_468' title='bbox 3189 1594 3412 1648; x_wconf 82' lang='lat' dir='ltr'><strong><em>Constat</em></strong></span> 
     </span>
    </p>
   </div>
   <div class='ocr_carea' id='block_1_76' title="bbox 1837 1681 3410 1753">
    <p class='ocr_par' dir='ltr' id='par_1_76' title="bbox 1837 1681 3410 1753">
     <span class='ocr_line' id='line_1_76' title="bbox 1837 1681 3410 1753; baseline 0.004 -22"><span class='ocrx_word' id='word_1_469' title='bbox 1837 1695 1957 1733; x_wconf 88' lang='lat' dir='ltr'><strong><em>vero</em></strong></span> <span class='ocrx_word' id='word_1_470' title='bbox 2016 1696 2134 1734; x_wconf 88' lang='lat' dir='ltr'><strong><em>eum</em></strong></span> <span class='ocrx_word' id='word_1_471' title='bbox 2191 1681 2247 1734; x_wconf 88' lang='lat' dir='ltr'><strong><em>in</em></strong></span> <span class='ocrx_word' id='word_1_472' title='bbox 2294 1684 2652 1737; x_wconf 88' lang='lat' dir='ltr'><strong><em>vetustissima</em></strong></span> <span class='ocrx_word' id='word_1_473' title='bbox 2698 1687 2930 1753; x_wconf 90' lang='lat' dir='ltr'><strong><em>quadam</em></strong></span> <span class='ocrx_word' id='word_1_474' title='bbox 2986 1686 3298 1740; x_wconf 82' lang='lat' dir='ltr'><strong><em>bibliotheca</em></strong></span> <span class='ocrx_word' id='word_1_475' title='bbox 3356 1688 3410 1738; x_wconf 88' lang='lat' dir='ltr'><strong><em>in</em></strong></span> 
     </span>
    </p>
   </div>
   <div class='ocr_carea' id='block_1_77' title="bbox 1835 1768 3410 1842">
    <p class='ocr_par' dir='ltr' id='par_1_77' title="bbox 1835 1768 3410 1842">
     <span class='ocr_line' id='line_1_77' title="bbox 1835 1768 3410 1842; baseline 0.004 -19"><span class='ocrx_word' id='word_1_476' title='bbox 1835 1768 2117 1824; x_wconf 86' lang='lat' dir='ltr'><strong><em>Walachia</em></strong></span> <span class='ocrx_word' id='word_1_477' title='bbox 2151 1770 2552 1841; x_wconf 77' lang='lat' dir='ltr'><strong><em>Transylvania:</em></strong></span> <span class='ocrx_word' id='word_1_478' title='bbox 2596 1774 2828 1842; x_wconf 80' lang='lat' dir='ltr'><strong><em>finitima</em></strong></span> <span class='ocrx_word' id='word_1_479' title='bbox 2871 1792 2903 1827; x_wconf 91' lang='lat' dir='ltr'><strong><em>a</em></strong></span> <span class='ocrx_word' id='word_1_480' title='bbox 2939 1776 3244 1830; x_wconf 79' lang='lat' dir='ltr'><strong><em>doctissimo</em></strong></span> <span class='ocrx_word' id='word_1_481' title='bbox 3300 1780 3410 1830; x_wconf 83' lang='lat' dir='ltr'><strong><em>viro</em></strong></span> 
     </span>
    </p>
   </div>
   <div class='ocr_carea' id='block_1_78' title="bbox 1834 1859 3408 1930">
    <p class='ocr_par' dir='ltr' id='par_1_78' title="bbox 1834 1859 3408 1930">
     <span class='ocr_line' id='line_1_78' title="bbox 1834 1859 3408 1930; baseline 0.004 -16"><span class='ocrx_word' id='word_1_482' title='bbox 1834 1859 2042 1916; x_wconf 75' lang='lat' dir='ltr'><strong><em>Joanne</em></strong></span> <span class='ocrx_word' id='word_1_483' title='bbox 2066 1860 2303 1916; x_wconf 83' lang='lat' dir='ltr'><strong><em>Hontero</em></strong></span> <span class='ocrx_word' id='word_1_484' title='bbox 2330 1863 2619 1917; x_wconf 87' lang='lat' dir='ltr'><strong><em>Coronensi</em></strong></span> <span class='ocrx_word' id='word_1_485' title='bbox 2648 1865 2934 1930; x_wconf 85' lang='lat' dir='ltr'><strong><em>inventum,</em></strong></span> <span class='ocrx_word' id='word_1_486' title='bbox 2961 1877 3009 1920; x_wconf 89' lang='lat' dir='ltr'><strong><em>et</em></strong></span> <span class='ocrx_word' id='word_1_487' title='bbox 3058 1867 3126 1919; x_wconf 89' lang='lat' dir='ltr'><strong><em>ad</em></strong></span> <span class='ocrx_word' id='word_1_488' title='bbox 3162 1866 3408 1920; x_wconf 84' lang='lat' dir='ltr'><strong><em>clarissi-</em></strong></span> 
     </span>
    </p>
   </div>
   <div class='ocr_carea' id='block_1_79' title="bbox 1836 1951 3408 2027">
    <p class='ocr_par' dir='ltr' id='par_1_79' title="bbox 1836 1951 3408 2027">
     <span class='ocr_line' id='line_1_79' title="bbox 1836 1951 3408 2027; baseline 0.003 -22"><span class='ocrx_word' id='word_1_489' title='bbox 1836 1969 1980 2005; x_wconf 85' lang='lat' dir='ltr'><strong><em>mum</em></strong></span> <span class='ocrx_word' id='word_1_490' title='bbox 2030 1951 2320 2006; x_wconf 86' lang='lat' dir='ltr'><strong><em>Nicolaum</em></strong></span> <span class='ocrx_word' id='word_1_491' title='bbox 2373 1952 2690 2008; x_wconf 88' lang='lat' dir='ltr'><strong><em>Neandrum</em></strong></span> <span class='ocrx_word' id='word_1_492' title='bbox 2732 1955 2796 2009; x_wconf 90' lang='lat' dir='ltr'><strong><em>de</em></strong></span> <span class='ocrx_word' id='word_1_493' title='bbox 2834 1957 3169 2027; x_wconf 87' lang='lat' dir='ltr'><strong><em>antiquitatis</em></strong></span> <span class='ocrx_word' id='word_1_494' title='bbox 3216 1956 3408 2010; x_wconf 87' lang='lat' dir='ltr'><strong><em>studiis</em></strong></span> 
     </span>
    </p>
   </div>
   <div class='ocr_carea' id='block_1_80' title="bbox 1836 2044 3406 2117">
    <p class='ocr_par' dir='ltr' id='par_1_80' title="bbox 1836 2044 3406 2117">
     <span class='ocr_line' id='line_1_80' title="bbox 1836 2044 3406 2117; baseline 0.003 -21"><span class='ocrx_word' id='word_1_495' title='bbox 1836 2044 2028 2112; x_wconf 86' lang='lat' dir='ltr'><strong><em>optime</em></strong></span> <span class='ocrx_word' id='word_1_496' title='bbox 2048 2044 2315 2110; x_wconf 88' lang='lat' dir='ltr'><strong><em>meritum,</em></strong></span> <span class='ocrx_word' id='word_1_497' title='bbox 2343 2055 2401 2097; x_wconf 88' lang='lat' dir='ltr'><strong><em>ut</em></strong></span> <span class='ocrx_word' id='word_1_498' title='bbox 2419 2047 2474 2098; x_wconf 87' lang='lat' dir='ltr'><strong><em>in</em></strong></span> <span class='ocrx_word' id='word_1_499' title='bbox 2497 2046 2663 2099; x_wconf 84' lang='lat' dir='ltr'><strong><em>lucem</em></strong></span> <span class='ocrx_word' id='word_1_500' title='bbox 2692 2047 2949 2115; x_wconf 85' lang='lat' dir='ltr'><strong><em>prodiret,</em></strong></span> <span class='ocrx_word' id='word_1_501' title='bbox 2977 2049 3197 2102; x_wconf 88' lang='lat' dir='ltr'><strong><em>missum</em></strong></span> <span class='ocrx_word' id='word_1_502' title='bbox 3220 2049 3406 2117; x_wconf 84' lang='lat' dir='ltr'><strong><em>fuisse,</em></strong></span> 
     </span>
    </p>
   </div>
   <div class='ocr_carea' id='block_1_81' title="bbox 1834 2137 3408 2210">
    <p class='ocr_par' dir='ltr' id='par_1_81' title="bbox 1834 2137 3408 2210">
     <span class='ocr_line' id='line_1_81' title="bbox 1834 2137 3408 2210; baseline 0.003 -22"><span class='ocrx_word' id='word_1_503' title='bbox 1834 2153 1865 2188; x_wconf 93' lang='lat' dir='ltr'><strong><em>a</em></strong></span> <span class='ocrx_word' id='word_1_504' title='bbox 1899 2153 2001 2206; x_wconf 91' lang='lat' dir='ltr'><strong><em>quo</em></strong></span> <span class='ocrx_word' id='word_1_505' title='bbox 2046 2137 2353 2191; x_wconf 84' lang='lat' dir='ltr'><strong><em>emendatus</em></strong></span> <span class='ocrx_word' id='word_1_506' title='bbox 2392 2140 2685 2209; x_wconf 89' lang='lat' dir='ltr'><strong><em>integritati</em></strong></span> <span class='ocrx_word' id='word_1_507' title='bbox 2716 2150 2765 2193; x_wconf 89' lang='lat' dir='ltr'><strong><em>et</em></strong></span> <span class='ocrx_word' id='word_1_508' title='bbox 2790 2142 2950 2193; x_wconf 89' lang='lat' dir='ltr'><strong><em>nitori</em></strong></span> <span class='ocrx_word' id='word_1_509' title='bbox 2973 2142 3269 2205; x_wconf 89' lang='lat' dir='ltr'><strong><em>restitutus,</em></strong></span> <span class='ocrx_word' id='word_1_510' title='bbox 3298 2142 3408 2210; x_wconf 88' lang='lat' dir='ltr'><strong><em>pri-</em></strong></span> 
     </span>
    </p>
   </div>
   <div class='ocr_carea' id='block_1_82' title="bbox 1835 2228 3407 2300">
    <p class='ocr_par' dir='ltr' id='par_1_82' title="bbox 1835 2228 3407 2300">
     <span class='ocr_line' id='line_1_82' title="bbox 1835 2228 3407 2300; baseline 0.003 -20"><span class='ocrx_word' id='word_1_511' title='bbox 1835 2244 2079 2298; x_wconf 85' lang='lat' dir='ltr'><strong><em>mumque</em></strong></span> <span class='ocrx_word' id='word_1_512' title='bbox 2109 2244 2229 2281; x_wconf 87' lang='lat' dir='ltr'><strong><em>cum</em></strong></span> <span class='ocrx_word' id='word_1_513' title='bbox 2268 2228 2393 2283; x_wconf 89' lang='lat' dir='ltr'><strong><em>aliis</em></strong></span> <span class='ocrx_word' id='word_1_514' title='bbox 2432 2235 2604 2284; x_wconf 80' lang='lat' dir='ltr'><strong><em>editus</em></strong></span> <span class='ocrx_word' id='word_1_515' title='bbox 2636 2232 2741 2299; x_wconf 88' lang='lat' dir='ltr'><strong><em>fuit</em></strong></span> <span class='ocrx_word' id='word_1_516' title='bbox 2773 2230 3075 2300; x_wconf 87' lang='lat' dir='ltr'><strong><em>Opusculis.</em></strong></span> <span class='ocrx_word' id='word_1_517' title='bbox 3114 2231 3246 2297; x_wconf 83' lang='lat' dir='ltr'><strong><em>Quis</em></strong></span> <span class='ocrx_word' id='word_1_518' title='bbox 3285 2248 3407 2286; x_wconf 79' lang='lat' dir='ltr'><strong><em>vero</em></strong></span> 
     </span>
    </p>
   </div>
   <div class='ocr_carea' id='block_1_83' title="bbox 1833 2314 3408 2393">
    <p class='ocr_par' dir='ltr' id='par_1_83' title="bbox 1833 2314 3408 2393">
     <span class='ocr_line' id='line_1_83' title="bbox 1833 2314 3408 2393; baseline 0.005 -25"><span class='ocrx_word' id='word_1_519' title='bbox 1833 2318 1989 2385; x_wconf 82' lang='lat' dir='ltr'><strong><em>hujus</em></strong></span> <span class='ocrx_word' id='word_1_520' title='bbox 2016 2314 2182 2373; x_wconf 87' lang='lat' dir='ltr'><strong><em>libelli</em></strong></span> <span class='ocrx_word' id='word_1_521' title='bbox 2201 2321 2270 2373; x_wconf 90' lang='lat' dir='ltr'><strong><em>sit</em></strong></span> <span class='ocrx_word' id='word_1_522' title='bbox 2304 2331 2515 2385; x_wconf 87' lang='lat' dir='ltr'><strong><em>auctor,</em></strong></span> <span class='ocrx_word' id='word_1_523' title='bbox 2558 2339 2676 2375; x_wconf 89' lang='lat' dir='ltr'><strong><em>cum</em></strong></span> <span class='ocrx_word' id='word_1_524' title='bbox 2704 2323 2941 2391; x_wconf 88' lang='lat' dir='ltr'><strong><em>plurium</em></strong></span> <span class='ocrx_word' id='word_1_525' title='bbox 2970 2322 3205 2393; x_wconf 85' lang='lat' dir='ltr'><strong><em>ejusdem</em></strong></span> <span class='ocrx_word' id='word_1_526' title='bbox 3234 2325 3408 2376; x_wconf 83' lang='lat' dir='ltr'><strong><em>nomi-</em></strong></span> 
     </span>
    </p>
   </div>
   <div class='ocr_carea' id='block_1_84' title="bbox 1831 2412 3404 2486">
    <p class='ocr_par' dir='ltr' id='par_1_84' title="bbox 1831 2412 3404 2486">
     <span class='ocr_line' id='line_1_84' title="bbox 1831 2412 3404 2486; baseline 0.002 -20"><span class='ocrx_word' id='word_1_527' title='bbox 1831 2412 1912 2466; x_wconf 85' lang='lat' dir='ltr'><strong><em>nis</em></strong></span> <span class='ocrx_word' id='word_1_528' title='bbox 1949 2412 2336 2481; x_wconf 89' lang='lat' dir='ltr'><strong><em>episcoporum,</em></strong></span> <span class='ocrx_word' id='word_1_529' title='bbox 2373 2425 2692 2484; x_wconf 85' lang='lat' dir='ltr'><strong><em>martyrum,</em></strong></span> <span class='ocrx_word' id='word_1_530' title='bbox 2737 2415 3085 2486; x_wconf 87' lang='lat' dir='ltr'><strong><em>doctrinaque</em></strong></span> <span class='ocrx_word' id='word_1_531' title='bbox 3133 2426 3404 2485; x_wconf 65' lang='lat' dir='ltr'><strong><em>pra&#39;stan-</em></strong></span> 
     </span>
    </p>
   </div>
   <div class='ocr_carea' id='block_1_85' title="bbox 1832 2502 3405 2576">
    <p class='ocr_par' dir='ltr' id='par_1_85' title="bbox 1832 2502 3405 2576">
     <span class='ocr_line' id='line_1_85' title="bbox 1832 2502 3405 2576; baseline 0.004 -22"><span class='ocrx_word' id='word_1_532' title='bbox 1832 2502 1965 2555; x_wconf 88' lang='lat' dir='ltr'><strong><em>tium</em></strong></span> <span class='ocrx_word' id='word_1_533' title='bbox 1984 2504 2217 2558; x_wconf 81' lang='lat' dir='ltr'><strong><em>virorum</em></strong></span> <span class='ocrx_word' id='word_1_534' title='bbox 2244 2506 2299 2558; x_wconf 90' lang='lat' dir='ltr'><strong><em>in</em></strong></span> <span class='ocrx_word' id='word_1_535' title='bbox 2334 2505 2561 2560; x_wconf 84' lang='lat' dir='ltr'><strong><em>historia</em></strong></span> <span class='ocrx_word' id='word_1_536' title='bbox 2578 2508 2770 2561; x_wconf 89' lang='lat' dir='ltr'><strong><em>mentio</em></strong></span> <span class='ocrx_word' id='word_1_537' title='bbox 2783 2508 2880 2576; x_wconf 82' lang='lat' dir='ltr'><strong><em>fiat</em></strong></span> <span class='ocrx_word' id='word_1_538' title='bbox 2899 2507 3279 2572; x_wconf 89' lang='lat' dir='ltr'><strong><em>ecclesiastica,</em></strong></span> <span class='ocrx_word' id='word_1_539' title='bbox 3302 2524 3405 2561; x_wconf 88' lang='lat' dir='ltr'><strong><em>non</em></strong></span> 
     </span>
    </p>
   </div>
   <div class='ocr_carea' id='block_1_86' title="bbox 1829 2596 3405 2668">
    <p class='ocr_par' dir='ltr' id='par_1_86' title="bbox 1829 2596 3405 2668">
     <span class='ocr_line' id='line_1_86' title="bbox 1829 2596 3405 2668; baseline 0.004 -19"><span class='ocrx_word' id='word_1_540' title='bbox 1829 2597 2034 2668; x_wconf 86' lang='lat' dir='ltr'><strong><em>liquido</em></strong></span> <span class='ocrx_word' id='word_1_541' title='bbox 2064 2608 2304 2667; x_wconf 88' lang='lat' dir='ltr'><strong><em>apparet.</em></strong></span> <span class='ocrx_word' id='word_1_542' title='bbox 2349 2599 2462 2653; x_wconf 86' lang='lat' dir='ltr'><strong><em>Duo</em></strong></span> <span class='ocrx_word' id='word_1_543' title='bbox 2492 2599 2629 2653; x_wconf 89' lang='lat' dir='ltr'><strong><em>enim</em></strong></span> <span class='ocrx_word' id='word_1_544' title='bbox 2678 2596 2796 2651; x_wconf 84' lang='lat' dir='ltr'><strong><em>Nili</em></strong></span> <span class='ocrx_word' id='word_1_545' title='bbox 2843 2610 3064 2653; x_wconf 88' lang='lat' dir='ltr'><strong><em>auctore</em></strong></span> <span class='ocrx_word' id='word_1_546' title='bbox 3104 2597 3405 2668; x_wconf 87' lang='lat' dir='ltr'><strong><em>Nicephoro</em></strong></span> 
     </span>
    </p>
   </div>
   <div class='ocr_carea' id='block_1_87' title="bbox 1829 2688 3405 2760">
    <p class='ocr_par' dir='ltr' id='par_1_87' title="bbox 1829 2688 3405 2760">
     <span class='ocr_line' id='line_1_87' title="bbox 1829 2688 3405 2760; baseline 0.003 -19"><span class='ocrx_word' id='word_1_547' title='bbox 1829 2690 2044 2757; x_wconf 82' lang='lat' dir='ltr'><strong><em>fuerunt</em></strong></span> <span class='ocrx_word' id='word_1_548' title='bbox 2088 2689 2349 2759; x_wconf 61' lang='lat' dir='ltr'><strong><em>JEgyptii.</em></strong></span> <span class='ocrx_word' id='word_1_549' title='bbox 2399 2690 2552 2743; x_wconf 81' lang='lat' dir='ltr'><strong><em>Alius</em></strong></span> <span class='ocrx_word' id='word_1_550' title='bbox 2594 2688 3111 2755; x_wconf 84' lang='lat' dir='ltr'><strong><em>Thessalonicensis,</em></strong></span> <span class='ocrx_word' id='word_1_551' title='bbox 3156 2692 3246 2760; x_wconf 89' lang='lat' dir='ltr'><strong><em>qui</em></strong></span> <span class='ocrx_word' id='word_1_552' title='bbox 3288 2705 3405 2760; x_wconf 89' lang='lat' dir='ltr'><strong><em>post</em></strong></span> 
     </span>
    </p>
   </div>
   <div class='ocr_carea' id='block_1_88' title="bbox 1831 2779 3402 2852">
    <p class='ocr_par' dir='ltr' id='par_1_88' title="bbox 1831 2779 3402 2852">
     <span class='ocr_line' id='line_1_88' title="bbox 1831 2779 3402 2852; baseline -0.001 -17"><span class='ocrx_word' id='word_1_553' title='bbox 1831 2781 2014 2835; x_wconf 87' lang='lat' dir='ltr'><strong><em>Caroli</em></strong></span> <span class='ocrx_word' id='word_1_554' title='bbox 2050 2780 2234 2852; x_wconf 78' lang='lat' dir='ltr'><strong><em>Magni</em></strong></span> <span class='ocrx_word' id='word_1_555' title='bbox 2269 2782 2398 2835; x_wconf 74' lang='lat' dir='ltr'><strong><em>vixit</em></strong></span> <span class='ocrx_word' id='word_1_556' title='bbox 2432 2792 2690 2850; x_wconf 85' lang='lat' dir='ltr'><strong><em>tempora.</em></strong></span> <span class='ocrx_word' id='word_1_557' title='bbox 2720 2779 2852 2835; x_wconf 84' lang='lat' dir='ltr'><strong><em>Fuit</em></strong></span> <span class='ocrx_word' id='word_1_558' title='bbox 2889 2793 2940 2835; x_wconf 93' lang='lat' dir='ltr'><strong><em>et</em></strong></span> <span class='ocrx_word' id='word_1_559' title='bbox 2980 2780 3143 2837; x_wconf 84' lang='lat' dir='ltr'><strong><em>Nilus</em></strong></span> <span class='ocrx_word' id='word_1_560' title='bbox 3186 2783 3402 2852; x_wconf 89' lang='lat' dir='ltr'><strong><em>quidam</em></strong></span> 
     </span>
    </p>
   </div>
   <div class='ocr_carea' id='block_1_89' title="bbox 1830 2867 3406 2938">
    <p class='ocr_par' dir='ltr' id='par_1_89' title="bbox 1830 2867 3406 2938">
     <span class='ocr_line' id='line_1_89' title="bbox 1830 2867 3406 2938; baseline -0.001 -13"><span class='ocrx_word' id='word_1_561' title='bbox 1830 2870 2198 2925; x_wconf 87' lang='lat' dir='ltr'><strong><em>scholasticus.</em></strong></span> <span class='ocrx_word' id='word_1_562' title='bbox 2227 2867 2391 2923; x_wconf 84' lang='lat' dir='ltr'><strong><em>Istius</em></strong></span> <span class='ocrx_word' id='word_1_563' title='bbox 2414 2886 2553 2932; x_wconf 86' lang='lat' dir='ltr'><strong><em>vero,</em></strong></span> <span class='ocrx_word' id='word_1_564' title='bbox 2576 2869 2663 2921; x_wconf 88' lang='lat' dir='ltr'><strong><em>cui</em></strong></span> <span class='ocrx_word' id='word_1_565' title='bbox 2690 2869 3005 2938; x_wconf 87' lang='lat' dir='ltr'><strong><em>opusculum</em></strong></span> <span class='ocrx_word' id='word_1_566' title='bbox 3031 2871 3128 2923; x_wconf 90' lang='lat' dir='ltr'><strong><em>hoc</em></strong></span> <span class='ocrx_word' id='word_1_567' title='bbox 3155 2868 3406 2924; x_wconf 86' lang='lat' dir='ltr'><strong><em>Neander</em></strong></span> 
     </span>
    </p>
   </div>
   <div class='ocr_carea' id='block_1_90' title="bbox 1831 2959 3401 3029">
    <p class='ocr_par' dir='ltr' id='par_1_90' title="bbox 1831 2959 3401 3029">
     <span class='ocr_line' id='line_1_90' title="bbox 1831 2959 3401 3029; baseline -0.001 -14"><span class='ocrx_word' id='word_1_568' title='bbox 1831 2960 2197 3015; x_wconf 88' lang='lat' dir='ltr'><strong><em>ascribendum</em></strong></span> <span class='ocrx_word' id='word_1_569' title='bbox 2260 2969 2462 3027; x_wconf 89' lang='lat' dir='ltr'><strong><em>putat,</em></strong></span> <span class='ocrx_word' id='word_1_570' title='bbox 2535 2962 2847 3014; x_wconf 89' lang='lat' dir='ltr'><strong><em>mentionem</em></strong></span> <span class='ocrx_word' id='word_1_571' title='bbox 2896 2960 3026 3028; x_wconf 90' lang='lat' dir='ltr'><strong><em>facit</em></strong></span> <span class='ocrx_word' id='word_1_572' title='bbox 3072 2959 3401 3029; x_wconf 86' lang='lat' dir='ltr'><strong><em>Nicephorus</em></strong></span> 
     </span>
    </p>
   </div>
   <div class='ocr_carea' id='block_1_91' title="bbox 1829 3052 3402 3124">
    <p class='ocr_par' dir='ltr' id='par_1_91' title="bbox 1829 3052 3402 3124">
     <span class='ocr_line' id='line_1_91' title="bbox 1829 3052 3402 3124; baseline -0.001 -15"><span class='ocrx_word' id='word_1_573' title='bbox 1829 3057 1921 3111; x_wconf 83' lang='lat' dir='ltr'><strong><em>lib.</em></strong></span> <span class='ocrx_word' id='word_1_574' title='bbox 1962 3071 2035 3119; x_wconf 74' lang='lat' dir='ltr'><strong><em>iv,</em></strong></span> <span class='ocrx_word' id='word_1_575' title='bbox 2070 3072 2189 3124; x_wconf 91' lang='lat' dir='ltr'><strong><em>cap.</em></strong></span> <span class='ocrx_word' id='word_1_576' title='bbox 2223 3054 2406 3108; x_wconf 60' lang='lat'><strong><em>54.163:</em></strong></span> <span class='ocrx_word' id='word_1_577' title='bbox 2436 3070 2537 3124; x_wconf 84' lang='lat' dir='ltr'><strong><em>quo</em></strong></span> <span class='ocrx_word' id='word_1_578' title='bbox 2571 3063 2778 3107; x_wconf 88' lang='lat' dir='ltr'><strong><em>constat</em></strong></span> <span class='ocrx_word' id='word_1_579' title='bbox 2802 3054 3120 3107; x_wconf 81' lang='lat' dir='ltr'><strong><em>admirando</em></strong></span> <span class='ocrx_word' id='word_1_580' title='bbox 3138 3055 3231 3107; x_wconf 92' lang='lat' dir='ltr'><strong><em>isti</em></strong></span> <span class='ocrx_word' id='word_1_581' title='bbox 3268 3052 3402 3107; x_wconf 84' lang='lat' dir='ltr'><strong><em>Nilo</em></strong></span> 
     </span>
    </p>
   </div>
   <div class='ocr_carea' id='block_1_92' title="bbox 1828 3143 3403 3216">
    <p class='ocr_par' dir='ltr' id='par_1_92' title="bbox 1828 3143 3403 3216">
     <span class='ocr_line' id='line_1_92' title="bbox 1828 3143 3403 3216; baseline -0.002 -16"><span class='ocrx_word' id='word_1_582' title='bbox 1828 3148 2055 3216; x_wconf 89' lang='lat' dir='ltr'><strong><em>patriam</em></strong></span> <span class='ocrx_word' id='word_1_583' title='bbox 2079 3145 2244 3215; x_wconf 82' lang='lat' dir='ltr'><strong><em>fuisse</em></strong></span> <span class='ocrx_word' id='word_1_584' title='bbox 2266 3144 2807 3213; x_wconf 87' lang='lat' dir='ltr'><strong><em>Constantinopolim,</em></strong></span> <span class='ocrx_word' id='word_1_585' title='bbox 2835 3143 2989 3213; x_wconf 87' lang='lat' dir='ltr'><strong><em>cujus</em></strong></span> <span class='ocrx_word' id='word_1_586' title='bbox 3008 3146 3169 3198; x_wconf 89' lang='lat' dir='ltr'><strong><em>etiam</em></strong></span> <span class='ocrx_word' id='word_1_587' title='bbox 3193 3157 3403 3213; x_wconf 83' lang='lat' dir='ltr'><strong><em>propter</em></strong></span> 
     </span>
    </p>
   </div>
   <div class='ocr_carea' id='block_1_93' title="bbox 1828 3236 3401 3309">
    <p class='ocr_par' dir='ltr' id='par_1_93' title="bbox 1828 3236 3401 3309">
     <span class='ocr_line' id='line_1_93' title="bbox 1828 3236 3401 3309; baseline -0.003 -16"><span class='ocrx_word' id='word_1_588' title='bbox 1828 3240 2090 3309; x_wconf 86' lang='lat' dir='ltr'><strong><em>egregiam</em></strong></span> <span class='ocrx_word' id='word_1_589' title='bbox 2141 3238 2371 3292; x_wconf 88' lang='lat' dir='ltr'><strong><em>nominis</em></strong></span> <span class='ocrx_word' id='word_1_590' title='bbox 2424 3236 2755 3290; x_wconf 89' lang='lat' dir='ltr'><strong><em>nobilitatem</em></strong></span> <span class='ocrx_word' id='word_1_591' title='bbox 2794 3237 3078 3305; x_wconf 65' lang='lat' dir='ltr'><strong><em>praefectus</em></strong></span> <span class='ocrx_word' id='word_1_592' title='bbox 3120 3236 3242 3305; x_wconf 89' lang='lat' dir='ltr'><strong><em>fuit.</em></strong></span> <span class='ocrx_word' id='word_1_593' title='bbox 3295 3236 3401 3292; x_wconf 78' lang='lat' dir='ltr'><strong><em>Sed</em></strong></span> 
     </span>
    </p>
   </div>
   <div class='ocr_carea' id='block_1_94' title="bbox 1829 3328 3397 3386">
    <p class='ocr_par' dir='ltr' id='par_1_94' title="bbox 1829 3328 3397 3386">
     <span class='ocr_line' id='line_1_94' title="bbox 1829 3328 3397 3386; baseline -0.002 0"><span class='ocrx_word' id='word_1_594' title='bbox 1829 3333 2012 3386; x_wconf 82' lang='lat' dir='ltr'><strong><em>relicto</em></strong></span> <span class='ocrx_word' id='word_1_595' title='bbox 2044 3331 2143 3384; x_wconf 89' lang='lat' dir='ltr'><strong><em>tali</em></strong></span> <span class='ocrx_word' id='word_1_596' title='bbox 2171 3339 2316 3383; x_wconf 89' lang='lat' dir='ltr'><strong><em>statu</em></strong></span> <span class='ocrx_word' id='word_1_597' title='bbox 2345 3328 2413 3380; x_wconf 92' lang='lat' dir='ltr'><strong><em>ad</em></strong></span> <span class='ocrx_word' id='word_1_598' title='bbox 2450 3332 2613 3382; x_wconf 91' lang='lat' dir='ltr'><strong><em>vitam</em></strong></span> <span class='ocrx_word' id='word_1_599' title='bbox 2657 3345 2713 3382; x_wconf 90' lang='lat' dir='ltr'><strong><em>se</em></strong></span> <span class='ocrx_word' id='word_1_600' title='bbox 2761 3330 2986 3382; x_wconf 88' lang='lat' dir='ltr'><strong><em>contulit</em></strong></span> <span class='ocrx_word' id='word_1_601' title='bbox 3024 3330 3397 3384; x_wconf 87' lang='lat' dir='ltr'><strong><em>monasticam.</em></strong></span> 
     </span>
    </p>
   </div>
   <div class='ocr_carea' id='block_1_95' title="bbox 1829 3420 3403 3494">
    <p class='ocr_par' dir='ltr' id='par_1_95' title="bbox 1829 3420 3403 3494">
     <span class='ocr_line' id='line_1_95' title="bbox 1829 3420 3403 3494; baseline -0.005 -15"><span class='ocrx_word' id='word_1_602' title='bbox 1829 3424 2052 3479; x_wconf 79' lang='lat' dir='ltr'><strong><em>Dicendi</em></strong></span> <span class='ocrx_word' id='word_1_603' title='bbox 2113 3438 2315 3494; x_wconf 88' lang='lat' dir='ltr'><strong><em>quoque</em></strong></span> <span class='ocrx_word' id='word_1_604' title='bbox 2361 3421 2652 3491; x_wconf 81' lang='lat' dir='ltr'><strong><em>facultate,</em></strong></span> <span class='ocrx_word' id='word_1_605' title='bbox 2705 3420 3082 3489; x_wconf 66' lang='lat' dir='ltr'><strong><em>praeclarisque</em></strong></span> <span class='ocrx_word' id='word_1_606' title='bbox 3148 3421 3403 3473; x_wconf 71' lang='lat' dir='ltr'><strong><em>doctrina:</em></strong></span> 
     </span>
    </p>
   </div>
   <div class='ocr_carea' id='block_1_96' title="bbox 1828 3511 3404 3580">
    <p class='ocr_par' dir='ltr' id='par_1_96' title="bbox 1828 3511 3404 3580">
     <span class='ocr_line' id='line_1_96' title="bbox 1828 3511 3404 3580; baseline -0.004 -10"><span class='ocrx_word' id='word_1_607' title='bbox 1828 3516 2039 3570; x_wconf 90' lang='lat' dir='ltr'><strong><em>dotibus</em></strong></span> <span class='ocrx_word' id='word_1_608' title='bbox 2115 3516 2407 3568; x_wconf 86' lang='lat' dir='ltr'><strong><em>instructus</em></strong></span> <span class='ocrx_word' id='word_1_609' title='bbox 2496 3528 2615 3564; x_wconf 88' lang='lat' dir='ltr'><strong><em>cum</em></strong></span> <span class='ocrx_word' id='word_1_610' title='bbox 2690 3511 2889 3580; x_wconf 88' lang='lat' dir='ltr'><strong><em>fuerit,</em></strong></span> <span class='ocrx_word' id='word_1_611' title='bbox 2967 3511 3131 3564; x_wconf 86' lang='lat' dir='ltr'><strong><em>variis</em></strong></span> <span class='ocrx_word' id='word_1_612' title='bbox 3202 3512 3404 3580; x_wconf 87' lang='lat' dir='ltr'><strong><em>ingenii</em></strong></span> 
     </span>
    </p>
   </div>
   <div class='ocr_carea' id='block_1_97' title="bbox 1828 3601 3401 3669">
    <p class='ocr_par' dir='ltr' id='par_1_97' title="bbox 1828 3601 3401 3669">
     <span class='ocr_line' id='line_1_97' title="bbox 1828 3601 3401 3669; baseline -0.006 -7"><span class='ocrx_word' id='word_1_613' title='bbox 1828 3607 2183 3663; x_wconf 87' lang='lat' dir='ltr'><strong><em>monumentis</em></strong></span> <span class='ocrx_word' id='word_1_614' title='bbox 2226 3604 2454 3659; x_wconf 88' lang='lat' dir='ltr'><strong><em>nominis</em></strong></span> <span class='ocrx_word' id='word_1_615' title='bbox 2514 3604 2600 3656; x_wconf 91' lang='lat' dir='ltr'><strong><em>sui</em></strong></span> <span class='ocrx_word' id='word_1_616' title='bbox 2643 3602 2953 3656; x_wconf 85' lang='lat' dir='ltr'><strong><em>memoriam</em></strong></span> <span class='ocrx_word' id='word_1_617' title='bbox 3012 3601 3081 3654; x_wconf 90' lang='lat' dir='ltr'><strong><em>ad</em></strong></span> <span class='ocrx_word' id='word_1_618' title='bbox 3118 3602 3401 3669; x_wconf 89' lang='lat' dir='ltr'><strong><em>posterita-</em></strong></span> 
     </span>
    </p>
   </div>
   <div class='ocr_carea' id='block_1_98' title="bbox 1830 3691 3401 3770">
    <p class='ocr_par' dir='ltr' id='par_1_98' title="bbox 1830 3691 3401 3770">
     <span class='ocr_line' id='line_1_98' title="bbox 1830 3691 3401 3770; baseline -0.004 -17"><span class='ocrx_word' id='word_1_619' title='bbox 1830 3711 1931 3754; x_wconf 90' lang='lat' dir='ltr'><strong><em>tem</em></strong></span> <span class='ocrx_word' id='word_1_620' title='bbox 1957 3698 2288 3770; x_wconf 88' lang='lat' dir='ltr'><strong><em>propagavit.</em></strong></span> <span class='ocrx_word' id='word_1_621' title='bbox 2322 3695 2421 3749; x_wconf 85' lang='lat' dir='ltr'><strong><em>Hic</em></strong></span> <span class='ocrx_word' id='word_1_622' title='bbox 2459 3695 2693 3749; x_wconf 82' lang='lat' dir='ltr'><strong><em>observa</em></strong></span> <span class='ocrx_word' id='word_1_623' title='bbox 2739 3693 2929 3758; x_wconf 85' lang='lat' dir='ltr'><strong><em>verba,</em></strong></span> <span class='ocrx_word' id='word_1_624' title='bbox 2972 3692 3093 3746; x_wconf 88' lang='lat' dir='ltr'><strong><em>Duo</em></strong></span> <span class='ocrx_word' id='word_1_625' title='bbox 3143 3691 3259 3746; x_wconf 83' lang='lat' dir='ltr'><strong><em>Nili</em></strong></span> <span class='ocrx_word' id='word_1_626' title='bbox 3304 3710 3401 3746; x_wconf 82' lang='lat' dir='ltr'><strong><em>au-</em></strong></span> 
     </span>
    </p>
   </div>
   <div class='ocr_carea' id='block_1_99' title="bbox 1830 3783 3398 3859">
    <p class='ocr_par' dir='ltr' id='par_1_99' title="bbox 1830 3783 3398 3859">
     <span class='ocr_line' id='line_1_99' title="bbox 1830 3783 3398 3859; baseline -0.006 -12"><span class='ocrx_word' id='word_1_627' title='bbox 1830 3803 1973 3847; x_wconf 86' lang='lat' dir='ltr'><strong><em>clore</em></strong></span> <span class='ocrx_word' id='word_1_628' title='bbox 2034 3790 2333 3859; x_wconf 89' lang='lat' dir='ltr'><strong><em>Nicephoro</em></strong></span> <span class='ocrx_word' id='word_1_629' title='bbox 2393 3787 2606 3857; x_wconf 90' lang='lat' dir='ltr'><strong><em>fuerunt</em></strong></span> <span class='ocrx_word' id='word_1_630' title='bbox 2652 3783 2918 3856; x_wconf 67' lang='lat' dir='ltr'><strong><em>nggptii.</em></strong></span> <span class='ocrx_word' id='word_1_631' title='bbox 2980 3783 3138 3840; x_wconf 85' lang='lat' dir='ltr'><strong><em>Unus</em></strong></span> <span class='ocrx_word' id='word_1_632' title='bbox 3184 3792 3398 3840; x_wconf 86' lang='lat' dir='ltr'><strong><em>tantum</em></strong></span> 
     </span>
    </p>
   </div>
   <div class='ocr_carea' id='block_1_100' title="bbox 1829 3882 2602 3955">
    <p class='ocr_par' dir='ltr' id='par_1_100' title="bbox 1829 3882 2602 3955">
     <span class='ocr_line' id='line_1_100' title="bbox 1829 3882 2602 3955; baseline -0.009 -16"><span class='ocrx_word' id='word_1_633' title='bbox 1829 3884 2139 3955; x_wconf 85' lang='lat' dir='ltr'><strong><em>Nicephoro</em></strong></span> <span class='ocrx_word' id='word_1_634' title='bbox 2171 3882 2465 3953; x_wconf 63' lang='lat' dir='ltr'><strong><em>Egyptius</em></strong></span> <span class='ocrx_word' id='word_1_635' title='bbox 2495 3885 2602 3935; x_wconf 88' lang='lat' dir='ltr'><strong><em>est.</em></strong></span> 
     </span>
    </p>
   </div>
   <div class='ocr_carea' id='block_1_101' title="bbox 1898 3966 3402 4030">
    <p class='ocr_par' dir='ltr' id='par_1_101' title="bbox 1898 3966 3402 4030">
     <span class='ocr_line' id='line_1_101' title="bbox 1898 3966 3402 4030; baseline -0.001 -1"><span class='ocrx_word' id='word_1_636' title='bbox 1898 3976 2009 4030; x_wconf 82' lang='lat' dir='ltr'><strong><em>llas</em></strong></span> <span class='ocrx_word' id='word_1_637' title='bbox 2047 3974 2267 4030; x_wconf 86' lang='lat' dir='ltr'><strong><em>easdem</em></strong></span> <span class='ocrx_word' id='word_1_638' title='bbox 2320 3972 2636 4026; x_wconf 82' lang='lat' dir='ltr'><strong><em>Paraeneses</em></strong></span> <span class='ocrx_word' id='word_1_639' title='bbox 2681 3968 2860 4024; x_wconf 85' lang='lat' dir='ltr'><strong><em>edidit</em></strong></span> <span class='ocrx_word' id='word_1_640' title='bbox 2899 3966 3089 4024; x_wconf 68' lang='lat' dir='ltr'><strong><em>Graece</em></strong></span> <span class='ocrx_word' id='word_1_641' title='bbox 3121 3977 3175 4024; x_wconf 90' lang='lat' dir='ltr'><strong><em>et</em></strong></span> <span class='ocrx_word' id='word_1_642' title='bbox 3206 3968 3402 4027; x_wconf 88' lang='lat' dir='ltr'><strong><em>Latine</em></strong></span> 
     </span>
    </p>
   </div>
   <div class='ocr_carea' id='block_1_102' title="bbox 1829 4056 3398 4121">
    <p class='ocr_par' dir='ltr' id='par_1_102' title="bbox 1829 4056 3398 4121">
     <span class='ocr_line' id='line_1_102' title="bbox 1829 4056 3398 4121; baseline -0.004 0"><span class='ocrx_word' id='word_1_643' title='bbox 1829 4066 2038 4121; x_wconf 88' lang='lat' dir='ltr'><strong><em>Paulus</em></strong></span> <span class='ocrx_word' id='word_1_644' title='bbox 2066 4063 2309 4117; x_wconf 79' lang='lat' dir='ltr'><strong><em>Minerva</em></strong></span> <span class='ocrx_word' id='word_1_645' title='bbox 2330 4060 2585 4115; x_wconf 87' lang='lat' dir='ltr'><strong><em>Barensis</em></strong></span> <span class='ocrx_word' id='word_1_646' title='bbox 2610 4056 3029 4120; x_wconf 87' lang='lat' dir='ltr'><strong><em>Dominicanus,</em></strong></span> <span class='ocrx_word' id='word_1_647' title='bbox 3065 4073 3189 4111; x_wconf 90' lang='lat' dir='ltr'><strong><em>cum</em></strong></span> <span class='ocrx_word' id='word_1_648' title='bbox 3226 4059 3398 4114; x_wconf 81' lang='lat' dir='ltr'><strong><em>Scho-</em></strong></span> 
     </span>
    </p>
   </div>
   <div class='ocr_carea' id='block_1_103' title="bbox 1829 4148 3398 4220">
    <p class='ocr_par' dir='ltr' id='par_1_103' title="bbox 1829 4148 3398 4220">
     <span class='ocr_line' id='line_1_103' title="bbox 1829 4148 3398 4220; baseline -0.006 -6"><span class='ocrx_word' id='word_1_649' title='bbox 1829 4159 1916 4214; x_wconf 92' lang='lat' dir='ltr'><strong><em>liis</em></strong></span> <span class='ocrx_word' id='word_1_650' title='bbox 1942 4172 2039 4214; x_wconf 87' lang='lat' dir='ltr'><strong><em>seu</em></strong></span> <span class='ocrx_word' id='word_1_651' title='bbox 2075 4151 2527 4217; x_wconf 86' lang='lat' dir='ltr'><strong><em>Commentariis;</em></strong></span> <span class='ocrx_word' id='word_1_652' title='bbox 2553 4148 2782 4220; x_wconf 89' lang='lat' dir='ltr'><strong><em>Neapoli</em></strong></span> <span class='ocrx_word' id='word_1_653' title='bbox 2809 4148 2953 4219; x_wconf 88' lang='lat' dir='ltr'><strong><em>apud</em></strong></span> <span class='ocrx_word' id='word_1_654' title='bbox 2980 4150 3398 4205; x_wconf 85' lang='lat' dir='ltr'><strong><em>Constantinum</em></strong></span> 
     </span>
    </p>
   </div>
   <div class='ocr_carea' id='block_1_104' title="bbox 1826 4240 3399 4312">
    <p class='ocr_par' dir='ltr' id='par_1_104' title="bbox 1826 4240 3399 4312">
     <span class='ocr_line' id='line_1_104' title="bbox 1826 4240 3399 4312; baseline -0.004 -10"><span class='ocrx_word' id='word_1_655' title='bbox 1826 4248 2063 4303; x_wconf 78' lang='lat' dir='ltr'><strong><em>Vitalem</em></strong></span> <span class='ocrx_word' id='word_1_656' title='bbox 2098 4245 2262 4309; x_wconf 73' lang='grc'><strong><em>1604,</em></strong></span> <span class='ocrx_word' id='word_1_657' title='bbox 2294 4243 2439 4297; x_wconf 69' lang='grc' dir='ltr'><strong><em>ίη-ι.</em></strong></span> <span class='ocrx_word' id='word_1_658' title='bbox 2471 4240 2710 4308; x_wconf 50' lang='grc' dir='ltr'><strong><em>Ουίίιηὶη</em></strong></span> <span class='ocrx_word' id='word_1_659' title='bbox 2754 4241 2867 4296; x_wconf 87' lang='lat' dir='ltr'><strong><em>illis</em></strong></span> <span class='ocrx_word' id='word_1_660' title='bbox 2900 4240 3248 4296; x_wconf 87' lang='lat' dir='ltr'><strong><em>illustrandis</em></strong></span> <span class='ocrx_word' id='word_1_661' title='bbox 3275 4259 3399 4312; x_wconf 81' lang='lat' dir='ltr'><strong><em>ege-</em></strong></span> 
     </span>
    </p>
   </div>
   <div class='ocr_carea' id='block_1_105' title="bbox 1827 4333 3397 4411">
    <p class='ocr_par' dir='ltr' id='par_1_105' title="bbox 1827 4333 3397 4411">
     <span class='ocr_line' id='line_1_105' title="bbox 1827 4333 3397 4411; baseline -0.004 -15"><span class='ocrx_word' id='word_1_662' title='bbox 1827 4344 1921 4405; x_wconf 91' lang='lat' dir='ltr'><strong><em>rit,</em></strong></span> <span class='ocrx_word' id='word_1_663' title='bbox 1956 4342 2075 4411; x_wconf 90' lang='lat' dir='ltr'><strong><em>ipse</em></strong></span> <span class='ocrx_word' id='word_1_664' title='bbox 2117 4344 2341 4394; x_wconf 86' lang='lat' dir='ltr'><strong><em>enarrat</em></strong></span> <span class='ocrx_word' id='word_1_665' title='bbox 2379 4336 2445 4389; x_wconf 87' lang='lat' dir='ltr'><strong><em>ad</em></strong></span> <span class='ocrx_word' id='word_1_666' title='bbox 2485 4336 2788 4390; x_wconf 87' lang='lat' dir='ltr'><strong><em>lectorem:</em></strong></span> <span class='ocrx_word' id='word_1_667' title='bbox 2831 4333 3101 4404; x_wconf 80' lang='lat' dir='ltr'><strong><em>Quidquid</em></strong></span> <span class='ocrx_word' id='word_1_668' title='bbox 3153 4335 3315 4405; x_wconf 81' lang='lat' dir='ltr'><strong><em>igitur</em></strong></span> <span class='ocrx_word' id='word_1_669' title='bbox 3342 4337 3397 4390; x_wconf 85' lang='lat' dir='ltr'><strong><em>in</em></strong></span> 
     </span>
    </p>
   </div>
   <div class='ocr_carea' id='block_1_106' title="bbox 1827 4424 3397 4499">
    <p class='ocr_par' dir='ltr' id='par_1_106' title="bbox 1827 4424 3397 4499">
     <span class='ocr_line' id='line_1_106' title="bbox 1827 4424 3397 4499; baseline -0.003 -13"><span class='ocrx_word' id='word_1_670' title='bbox 1827 4432 1937 4486; x_wconf 92' lang='lat' dir='ltr'><strong><em>illis</em></strong></span> <span class='ocrx_word' id='word_1_671' title='bbox 1960 4429 2207 4499; x_wconf 88' lang='lat' dir='ltr'><strong><em>reperies,</em></strong></span> <span class='ocrx_word' id='word_1_672' title='bbox 2238 4442 2303 4481; x_wconf 79' lang='lat' dir='ltr'><strong><em>ex</em></strong></span> <span class='ocrx_word' id='word_1_673' title='bbox 2333 4434 2640 4480; x_wconf 90' lang='lat' dir='ltr'><strong><em>sanctorum</em></strong></span> <span class='ocrx_word' id='word_1_674' title='bbox 2679 4424 2910 4480; x_wconf 89' lang='lat' dir='ltr'><strong><em>Patrum</em></strong></span> <span class='ocrx_word' id='word_1_675' title='bbox 2928 4426 3173 4482; x_wconf 87' lang='lat' dir='ltr'><strong><em>doctrina</em></strong></span> <span class='ocrx_word' id='word_1_676' title='bbox 3200 4429 3397 4482; x_wconf 72' lang='lat' dir='ltr'><strong><em>exhau-</em></strong></span> 
     </span>
    </p>
   </div>
   <div class='ocr_carea' id='block_1_107' title="bbox 1826 4518 3398 4590">
    <p class='ocr_par' dir='ltr' id='par_1_107' title="bbox 1826 4518 3398 4590">
     <span class='ocr_line' id='line_1_107' title="bbox 1826 4518 3398 4590; baseline -0.004 -11"><span class='ocrx_word' id='word_1_677' title='bbox 1826 4535 1969 4580; x_wconf 91' lang='lat' dir='ltr'><strong><em>stum</em></strong></span> <span class='ocrx_word' id='word_1_678' title='bbox 2011 4537 2122 4576; x_wconf 87' lang='lat' dir='ltr'><strong><em>esse</em></strong></span> <span class='ocrx_word' id='word_1_679' title='bbox 2160 4520 2406 4590; x_wconf 78' lang='lat' dir='ltr'><strong><em>judices;</em></strong></span> <span class='ocrx_word' id='word_1_680' title='bbox 2432 4518 2548 4571; x_wconf 91' lang='lat' dir='ltr'><strong><em>ideo</em></strong></span> <span class='ocrx_word' id='word_1_681' title='bbox 2579 4525 2627 4572; x_wconf 89' lang='lat' dir='ltr'><strong><em>et</em></strong></span> <span class='ocrx_word' id='word_1_682' title='bbox 2657 4526 2872 4572; x_wconf 89' lang='lat' dir='ltr'><strong><em>cunctos</em></strong></span> <span class='ocrx_word' id='word_1_683' title='bbox 2895 4520 3172 4574; x_wconf 88' lang='lat' dir='ltr'><strong><em>citavimus</em></strong></span> <span class='ocrx_word' id='word_1_684' title='bbox 3203 4536 3221 4573; x_wconf 93' lang='lat'><em>:</em></span> <span class='ocrx_word' id='word_1_685' title='bbox 3252 4532 3398 4573; x_wconf 47' lang='lat' dir='ltr'><strong><em>cum;</em></strong></span> 
     </span>
    </p>
   </div>
   <div class='ocr_carea' id='block_1_108' title="bbox 1824 4609 3399 4686">
    <p class='ocr_par' dir='ltr' id='par_1_108' title="bbox 1824 4609 3399 4686">
     <span class='ocr_line' id='line_1_108' title="bbox 1824 4609 3399 4686; baseline -0.003 -17"><span class='ocrx_word' id='word_1_686' title='bbox 1824 4632 1922 4686; x_wconf 89' lang='lat' dir='ltr'><strong><em>que</em></strong></span> <span class='ocrx_word' id='word_1_687' title='bbox 1945 4614 2013 4667; x_wconf 90' lang='lat' dir='ltr'><strong><em>ad</em></strong></span> <span class='ocrx_word' id='word_1_688' title='bbox 2039 4613 2313 4684; x_wconf 88' lang='lat' dir='ltr'><strong><em>politicam</em></strong></span> <span class='ocrx_word' id='word_1_689' title='bbox 2344 4620 2391 4663; x_wconf 86' lang='lat' dir='ltr'><strong><em>et</em></strong></span> <span class='ocrx_word' id='word_1_690' title='bbox 2418 4609 2675 4663; x_wconf 91' lang='lat' dir='ltr'><strong><em>moralem</em></strong></span> <span class='ocrx_word' id='word_1_691' title='bbox 2708 4610 2870 4663; x_wconf 87' lang='lat' dir='ltr'><strong><em>vitam</em></strong></span> <span class='ocrx_word' id='word_1_692' title='bbox 2894 4627 3145 4680; x_wconf 87' lang='lat' dir='ltr'><strong><em>perquam</em></strong></span> <span class='ocrx_word' id='word_1_693' title='bbox 3170 4614 3399 4665; x_wconf 73' lang='lat' dir='ltr'><strong><em>maxime</em></strong></span> 
     </span>
    </p>
   </div>
   <div class='ocr_carea' id='block_1_109' title="bbox 1826 4702 3392 4774">
    <p class='ocr_par' dir='ltr' id='par_1_109' title="bbox 1826 4702 3392 4774">
     <span class='ocr_line' id='line_1_109' title="bbox 1826 4702 3392 4774; baseline -0.004 -10"><span class='ocrx_word' id='word_1_694' title='bbox 1826 4710 2242 4769; x_wconf 87' lang='lat' dir='ltr'><strong><em>ordinarentur;</em></strong></span> <span class='ocrx_word' id='word_1_695' title='bbox 2297 4704 2365 4758; x_wconf 91' lang='lat' dir='ltr'><strong><em>ad</em></strong></span> <span class='ocrx_word' id='word_1_696' title='bbox 2407 4703 2530 4758; x_wconf 74' lang='lat' dir='ltr'><strong><em>illa:</em></strong></span> <span class='ocrx_word' id='word_1_697' title='bbox 2566 4702 2930 4769; x_wconf 76' lang='lat' dir='ltr'><strong><em>roborandus,</em></strong></span> <span class='ocrx_word' id='word_1_698' title='bbox 2976 4704 3392 4774; x_wconf 82' lang='lat' dir='ltr'><strong><em>firmandasque,</em></strong></span> 
     </span>
    </p>
   </div>
   <div class='ocr_carea' id='block_1_110' title="bbox 1824 4796 3396 4870">
    <p class='ocr_par' dir='ltr' id='par_1_110' title="bbox 1824 4796 3396 4870">
     <span class='ocr_line' id='line_1_110' title="bbox 1824 4796 3396 4870; baseline -0.006 -13"><span class='ocrx_word' id='word_1_699' title='bbox 1824 4804 2155 4857; x_wconf 85' lang='lat' dir='ltr'><strong><em>ethnicorum</em></strong></span> <span class='ocrx_word' id='word_1_700' title='bbox 2214 4815 2417 4870; x_wconf 87' lang='lat' dir='ltr'><strong><em>quoque</em></strong></span> <span class='ocrx_word' id='word_1_701' title='bbox 2468 4796 2900 4865; x_wconf 90' lang='lat' dir='ltr'><strong><em>philosophorum</em></strong></span> <span class='ocrx_word' id='word_1_702' title='bbox 2957 4798 3230 4849; x_wconf 71' lang='lat' dir='ltr'><strong><em>axiomata</em></strong></span> <span class='ocrx_word' id='word_1_703' title='bbox 3279 4812 3396 4865; x_wconf 91' lang='lat' dir='ltr'><strong><em>per-</em></strong></span> 
     </span>
    </p>
   </div>
   <div class='ocr_carea' id='block_1_111' title="bbox 1824 4886 3392 4955">
    <p class='ocr_par' dir='ltr' id='par_1_111' title="bbox 1824 4886 3392 4955">
     <span class='ocr_line' id='line_1_111' title="bbox 1824 4886 3392 4955; baseline -0.003 -13"><span class='ocrx_word' id='word_1_704' title='bbox 1824 4889 2162 4949; x_wconf 70' lang='lat' dir='ltr'><strong><em>strinximus,</em></strong></span> <span class='ocrx_word' id='word_1_705' title='bbox 2202 4897 2258 4938; x_wconf 88' lang='lat' dir='ltr'><strong><em>ut</em></strong></span> <span class='ocrx_word' id='word_1_706' title='bbox 2293 4887 2485 4949; x_wconf 85' lang='lat' dir='ltr'><strong><em>sciant,</em></strong></span> <span class='ocrx_word' id='word_1_707' title='bbox 2512 4887 2599 4955; x_wconf 89' lang='lat' dir='ltr'><strong><em>qui</em></strong></span> <span class='ocrx_word' id='word_1_708' title='bbox 2634 4886 2828 4938; x_wconf 71' lang='lat' dir='ltr'><strong><em>laxatis</em></strong></span> <span class='ocrx_word' id='word_1_709' title='bbox 2856 4887 2975 4938; x_wconf 66' lang='lat' dir='ltr'><strong><em>vita?</em></strong></span> <span class='ocrx_word' id='word_1_710' title='bbox 3006 4886 3220 4938; x_wconf 87' lang='lat' dir='ltr'><strong><em>habenis</em></strong></span> <span class='ocrx_word' id='word_1_711' title='bbox 3243 4886 3392 4937; x_wconf 87' lang='lat' dir='ltr'><strong><em>illam</em></strong></span> 
     </span>
    </p>
   </div>
   <div class='ocr_carea' id='block_1_112' title="bbox 1822 4977 3397 5052">
    <p class='ocr_par' dir='ltr' id='par_1_112' title="bbox 1822 4977 3397 5052">
     <span class='ocr_line' id='line_1_112' title="bbox 1822 4977 3397 5052; baseline -0.004 -18"><span class='ocrx_word' id='word_1_712' title='bbox 1822 4982 2152 5052; x_wconf 84' lang='lat' dir='ltr'><strong><em>provinciam</em></strong></span> <span class='ocrx_word' id='word_1_713' title='bbox 2186 4980 2405 5041; x_wconf 88' lang='lat' dir='ltr'><strong><em>ducunt,</em></strong></span> <span class='ocrx_word' id='word_1_714' title='bbox 2457 4981 2617 5049; x_wconf 91' lang='lat' dir='ltr'><strong><em>legem</em></strong></span> <span class='ocrx_word' id='word_1_715' title='bbox 2651 4977 3051 5038; x_wconf 88' lang='lat' dir='ltr'><strong><em>Christianam,</em></strong></span> <span class='ocrx_word' id='word_1_716' title='bbox 3084 4977 3245 5046; x_wconf 91' lang='lat' dir='ltr'><strong><em>legem</em></strong></span> <span class='ocrx_word' id='word_1_717' title='bbox 3284 4994 3397 5031; x_wconf 73' lang='lat' dir='ltr'><strong><em>esse</em></strong></span> 
     </span>
    </p>
   </div>
   <div class='ocr_carea' id='block_1_113' title="bbox 1824 5069 3395 5140">
    <p class='ocr_par' dir='ltr' id='par_1_113' title="bbox 1824 5069 3395 5140">
     <span class='ocr_line' id='line_1_113' title="bbox 1824 5069 3395 5140; baseline -0.003 -13"><span class='ocrx_word' id='word_1_718' title='bbox 1824 5075 2096 5134; x_wconf 86' lang='lat' dir='ltr'><strong><em>virtutum,</em></strong></span> <span class='ocrx_word' id='word_1_719' title='bbox 2147 5087 2305 5140; x_wconf 90' lang='lat' dir='ltr'><strong><em>quam</em></strong></span> <span class='ocrx_word' id='word_1_720' title='bbox 2335 5086 2399 5123; x_wconf 79' lang='lat' dir='ltr'><strong><em>ea:</em></strong></span> <span class='ocrx_word' id='word_1_721' title='bbox 2443 5070 2662 5123; x_wconf 88' lang='lat' dir='ltr'><strong><em>etlmicis</em></strong></span> <span class='ocrx_word' id='word_1_722' title='bbox 2700 5070 2933 5139; x_wconf 88' lang='lat' dir='ltr'><strong><em>plerique</em></strong></span> <span class='ocrx_word' id='word_1_723' title='bbox 2975 5069 3215 5122; x_wconf 88' lang='lat' dir='ltr'><strong><em>naturali</em></strong></span> <span class='ocrx_word' id='word_1_724' title='bbox 3268 5070 3395 5123; x_wconf 89' lang='lat' dir='ltr'><strong><em>illu-</em></strong></span> 
     </span>
    </p>
   </div>
   <div class='ocr_carea' id='block_1_114' title="bbox 1823 5160 3388 5231">
    <p class='ocr_par' dir='ltr' id='par_1_114' title="bbox 1823 5160 3388 5231">
     <span class='ocr_line' id='line_1_114' title="bbox 1823 5160 3388 5231; baseline -0.003 -12"><span class='ocrx_word' id='word_1_725' title='bbox 1823 5165 1983 5219; x_wconf 88' lang='lat' dir='ltr'><strong><em>strati</em></strong></span> <span class='ocrx_word' id='word_1_726' title='bbox 2021 5163 2215 5216; x_wconf 88' lang='lat' dir='ltr'><strong><em>lumine</em></strong></span> <span class='ocrx_word' id='word_1_727' title='bbox 2257 5163 2541 5231; x_wconf 89' lang='lat' dir='ltr'><strong><em>prosecuti,</em></strong></span> <span class='ocrx_word' id='word_1_728' title='bbox 2570 5162 2722 5215; x_wconf 88' lang='lat' dir='ltr'><strong><em>ntiris</em></strong></span> <span class='ocrx_word' id='word_1_729' title='bbox 2765 5160 3063 5215; x_wconf 78' lang='lat' dir='ltr'><strong><em>extulerunt</em></strong></span> <span class='ocrx_word' id='word_1_730' title='bbox 3117 5163 3388 5215; x_wconf 83' lang='lat' dir='ltr'><strong><em>encomiis.</em></strong></span> 
     </span>
    </p>
   </div>
   <div class='ocr_carea' id='block_1_115' title="bbox 1827 5249 3390 5323">
    <p class='ocr_par' dir='ltr' id='par_1_115' title="bbox 1827 5249 3390 5323">
     <span class='ocr_line' id='line_1_115' title="bbox 1827 5249 3390 5323; baseline -0.003 -14"><span class='ocrx_word' id='word_1_731' title='bbox 1827 5255 1969 5323; x_wconf 82' lang='lat' dir='ltr'><strong><em>Quid</em></strong></span> <span class='ocrx_word' id='word_1_732' title='bbox 2002 5254 2049 5309; x_wconf 88' lang='lat' dir='ltr'><strong><em>si</em></strong></span> <span class='ocrx_word' id='word_1_733' title='bbox 2078 5253 2372 5309; x_wconf 88' lang='lat' dir='ltr'><strong><em>Christiani</em></strong></span> <span class='ocrx_word' id='word_1_734' title='bbox 2397 5253 2509 5306; x_wconf 90' lang='lat' dir='ltr'><strong><em>nati</em></strong></span> <span class='ocrx_word' id='word_1_735' title='bbox 2546 5251 2811 5319; x_wconf 80' lang='lat' dir='ltr'><strong><em>fuissent?</em></strong></span> <span class='ocrx_word' id='word_1_736' title='bbox 2849 5249 3142 5305; x_wconf 89' lang='lat' dir='ltr'><strong><em>Sanctitate</em></strong></span> <span class='ocrx_word' id='word_1_737' title='bbox 3181 5250 3390 5320; x_wconf 85' lang='lat' dir='ltr'><strong><em>quidem</em></strong></span> 
     </span>
    </p>
   </div>
   <div class='ocr_carea' id='block_1_116' title="bbox 1824 5341 3392 5416">
    <p class='ocr_par' dir='ltr' id='par_1_116' title="bbox 1824 5341 3392 5416">
     <span class='ocr_line' id='line_1_116' title="bbox 1824 5341 3392 5416; baseline -0.004 -13"><span class='ocrx_word' id='word_1_738' title='bbox 1824 5349 1990 5403; x_wconf 89' lang='lat' dir='ltr'><strong><em>nimia</em></strong></span> <span class='ocrx_word' id='word_1_739' title='bbox 2034 5345 2308 5416; x_wconf 88' lang='lat' dir='ltr'><strong><em>pollerent.</em></strong></span> <span class='ocrx_word' id='word_1_740' title='bbox 2362 5343 2461 5397; x_wconf 82' lang='lat' dir='ltr'><strong><em>liic</em></strong></span> <span class='ocrx_word' id='word_1_741' title='bbox 2506 5352 2687 5397; x_wconf 88' lang='lat' dir='ltr'><strong><em>tamen</em></strong></span> <span class='ocrx_word' id='word_1_742' title='bbox 2716 5341 2842 5395; x_wconf 91' lang='lat' dir='ltr'><strong><em>talis</em></strong></span> <span class='ocrx_word' id='word_1_743' title='bbox 2876 5348 3173 5410; x_wconf 83' lang='lat' dir='ltr'><strong><em>tantusque</em></strong></span> <span class='ocrx_word' id='word_1_744' title='bbox 3210 5342 3292 5395; x_wconf 80' lang='lat' dir='ltr'><strong><em>vir</em></strong></span> <span class='ocrx_word' id='word_1_745' title='bbox 3323 5341 3392 5396; x_wconf 87' lang='lat' dir='ltr'><strong><em>de</em></strong></span> 
     </span>
    </p>
   </div>
   <div class='ocr_carea' id='block_1_117' title="bbox 1826 5431 3387 5502">
    <p class='ocr_par' dir='ltr' id='par_1_117' title="bbox 1826 5431 3387 5502">
     <span class='ocr_line' id='line_1_117' title="bbox 1826 5431 3387 5502; baseline -0.004 -10"><span class='ocrx_word' id='word_1_746' title='bbox 1826 5436 2019 5493; x_wconf 82' lang='lat' dir='ltr'><strong><em>harum</em></strong></span> <span class='ocrx_word' id='word_1_747' title='bbox 2051 5435 2411 5489; x_wconf 72' lang='lat' dir='ltr'><strong><em>Paratneseon</em></strong></span> <span class='ocrx_word' id='word_1_748' title='bbox 2444 5442 2671 5488; x_wconf 85' lang='lat' dir='ltr'><strong><em>auctore</em></strong></span> <span class='ocrx_word' id='word_1_749' title='bbox 2705 5432 3016 5502; x_wconf 88' lang='lat' dir='ltr'><strong><em>disputans,</em></strong></span> <span class='ocrx_word' id='word_1_750' title='bbox 3061 5432 3173 5487; x_wconf 90' lang='lat' dir='ltr'><strong><em>illis</em></strong></span> <span class='ocrx_word' id='word_1_751' title='bbox 3205 5431 3387 5486; x_wconf 76' lang='lat' dir='ltr'><strong><em>Nilne.</em></strong></span> 
     </span>
    </p>
   </div>
   <div class='ocr_carea' id='block_1_118' title="bbox 1826 5524 3391 5595">
    <p class='ocr_par' dir='ltr' id='par_1_118' title="bbox 1826 5524 3391 5595">
     <span class='ocr_line' id='line_1_118' title="bbox 1826 5524 3391 5595; baseline -0.003 -11"><span class='ocrx_word' id='word_1_752' title='bbox 1826 5538 2068 5584; x_wconf 88' lang='lat' dir='ltr'><strong><em>ascetam</em></strong></span> <span class='ocrx_word' id='word_1_753' title='bbox 2094 5569 2107 5593; x_wconf 90' lang='lat'><strong><em>,</em></strong></span> <span class='ocrx_word' id='word_1_754' title='bbox 2143 5535 2196 5582; x_wconf 91' lang='lat' dir='ltr'><strong><em>et</em></strong></span> <span class='ocrx_word' id='word_1_755' title='bbox 2221 5524 2888 5595; x_wconf 85' lang='lat' dir='ltr'><strong><em>Constantinopolitanum</em></strong></span> <span class='ocrx_word' id='word_1_756' title='bbox 2923 5524 3096 5589; x_wconf 79' lang='lat' dir='ltr'><strong><em>exuit,</em></strong></span> <span class='ocrx_word' id='word_1_757' title='bbox 3138 5533 3391 5594; x_wconf 76' lang='lat' dir='ltr'><strong><em>acceptas</em></strong></span> 
     </span>
    </p>
   </div>
   <div class='ocr_carea' id='block_1_119' title="bbox 1827 5615 3388 5692">
    <p class='ocr_par' dir='ltr' id='par_1_119' title="bbox 1827 5615 3388 5692">
     <span class='ocr_line' id='line_1_119' title="bbox 1827 5615 3388 5692; baseline -0.004 -14"><span class='ocrx_word' id='word_1_758' title='bbox 1827 5620 2002 5679; x_wconf 79' lang='lat' dir='ltr'><strong><em>defert</em></strong></span> <span class='ocrx_word' id='word_1_759' title='bbox 2024 5619 2148 5678; x_wconf 84' lang='lat' dir='ltr'><strong><em>Nilo</em></strong></span> <span class='ocrx_word' id='word_1_760' title='bbox 2179 5618 2438 5692; x_wconf 88' lang='lat' dir='ltr'><strong><em>episcopo</em></strong></span> <span class='ocrx_word' id='word_1_761' title='bbox 2465 5626 2521 5675; x_wconf 90' lang='lat' dir='ltr'><strong><em>et</em></strong></span> <span class='ocrx_word' id='word_1_762' title='bbox 2542 5616 2789 5689; x_wconf 78' lang='lat' dir='ltr'><strong><em>martyri.</em></strong></span> <span class='ocrx_word' id='word_1_763' title='bbox 2819 5617 3092 5674; x_wconf 84' lang='lat' dir='ltr'><strong><em>Incertum</em></strong></span> <span class='ocrx_word' id='word_1_764' title='bbox 3120 5615 3388 5687; x_wconf 74' lang='lat' dir='ltr'><strong><em>siquidem</em></strong></span> 
     </span>
    </p>
   </div>
  </div>
