3822 6216
382 219 452 280 30
1564 205 1868 268 ΝΟΤΙΤΙΛ
1918 202 1977 260 Ii‘

2095 249 2105 257 .
2151 199 2417 260 NILUM.
3583 188 3653 249 ΔΓ

382 338 488 387 t'sl,
523 333 579 378 ut
612 333 836 378 notatur
903 323 958 380 in
992 322 1330 378 Bibliotheca;
1381 330 1688 374 sanctorum
1729 317 1952 370 Patrum

385 426 532 470 tumo
563 416 653 478 ΙΙΙ,
679 416 907 470 Basilea:
931 415 1231 484 impresso,
1268 430 1336 466 an
1368 413 1458 466 hic
1483 411 1635 465 Nilus
1662 409 1959 478 episcopus

383 503 672 572 Aigyptius
706 504 888 568 fuerit,
927 503 1090 570 cujus
1117 502 1369 556 meminit
1397 499 1672 554 Eusebius
1709 497 1803 554 lib.
1835 510 1955 557 vni,

385 607 510 661 cap.
543 594 629 647 M.
667 593 732 646 Et
797 610 920 649 esse
969 595 1119 648 illum
1173 593 1487 663 IEgyptium
1534 599 1680 661 patet
1725 605 1788 643 ex
1840 588 1960 658 ipsa

386 684 788 755 inscriptione:
824 687 1016 739 Νείλου
1054 686 1373 750 ἐπισκόπου,
1412 684 1508 736 καὶ
1553 683 1828 754 μάρτυρος
1867 697 1961 733 κε-

388 777 610 845 φάλαια,
635 777 666 844 ἢ
701 780 1068 847 παραινέσεις·
1107 776 1224 830 Nili
1249 777 1480 844 episcopi
1507 784 1558 830 et
1587 773 1844 843 martyris
1876 787 1963 825 ca-

389 870 537 936 pita,
570 868 674 921 sive
715 867 1048 922 Parwneses.
1092 865 1247 921 Licet
1284 865 1626 935 Margarinus
1683 862 1751 917 de
1783 862 1835 916 la
1868 861 1961 915 Bi-

388 974 492 1027 gne
539 957 722 1012 Nilum
779 959 1098 1029 episcopum
1164 956 1466 1021 abraserit,
1513 955 1696 1009 Nilum
1763 967 1961 1008 mona—

388 1048 620 1103 chorum
677 1055 884 1116 patrem
936 1046 1324 1116 inscripserit,
1361 1059 1526 1115 quem
1563 1043 1960 1099 sententiarum

391 1141 585 1193 harum
619 1148 896 1194 auctorem
927 1138 1079 1202 facit,
1107 1138 1225 1194 solo
1252 1136 1543 1206 Nieephori
1571 1135 1784 1191 Callisti
1805 1135 1962 1190 testi-

389 1228 577 1282 monio
605 1227 796 1293 fultus,
838 1229 942 1282 hoc
975 1228 1060 1282 vel
1090 1228 1210 1283 solo
1244 1233 1586 1295 argumento.
1623 1225 1828 1280 Scribit
1864 1223 1962 1279 Ni-

389 1319 686 1389 cephorus,
747 1317 934 1371 Nilum
962 1317 1281 1372 monachum
1318 1314 1513 1382 Capita
1541 1313 1835 1383 collegisse,
1861 1314 1964 1368 ali-

389 1427 492 1479 qua
557 1411 764 1479 quidem
825 1411 1021 1479 fusius,
1081 1409 1252 1462 multa
1309 1415 1488 1459 autem
1546 1407 1964 1476 compendiosius

388 1509 640 1553 tractata.
700 1500 844 1570 Ergo
887 1500 982 1568 qui
1029 1498 1146 1553 haec
1194 1496 1389 1566 Capita
1429 1496 1672 1565 scripsit,
1724 1495 1966 1550 nonfuit

390 1590 544 1645 Nilus
577 1591 868 1663 Egyptitts
894 1591 1212 1661 episcOpus.
1242 1591 1356 1644 Non
1385 1597 1570 1644 tamen
1593 1589 1722 1644 inde
1749 1587 1966 1658 pervin-

388 1683 485 1745 cit,
520 1682 712 1753 Capita
774 1684 890 1736 hzec
947 1698 1058 1737 non
1111 1698 1236 1738 esse
1286 1683 1535 1754 episcopi
1584 1689 1640 1737 et
1685 1678 1964 1750 martyris.

391 1771 536 1828 Fieri
572 1773 718 1828 enim
752 1780 931 1843 potest
986 1781 1046 1827 ut
1079 1782 1314 1843 uterque
1354 1774 1550 1844 Capita
1596 1768 1966 1832 concinnarit,

388 1879 565 1934 eaque
596 1864 845 1928 diverse;
882 1863 1027 1932 quod
1065 1870 1119 1916 et
1159 1864 1284 1919 aliis
1315 1863 1450 1918 viris
1495 1859 1888 1923 sanctissimis,
1915 1866 1972 1913 et

390 1955 596 2011 Graecis
627 1956 992 2025 scriptoribus
1023 1954 1127 2009 fuit
1161 1955 1431 2010 solemne.
1467 1955 1532 2009 Et
1555 1953 1828 2009 Antonius
1854 1964 1972 2005 mo-

391 2048 600 2103 nachus
632 2047 690 2101 in
711 2048 926 2102 Melissa
947 2047 1134 2117 plures
1156 2062 1224 2102 ex
1246 2045 1372 2102 Nilo
1392 2047 1602 2116 absque
1629 2045 1738 2100 alio
1770 2057 1972 2115 cogno-

391 2140 536 2194 mine
563 2142 885 2202 sententias,
903 2138 1043 2193 alias
1072 2153 1140 2193 ex
1166 2136 1290 2192 Nilo
1321 2137 1581 2206 episcopo
1613 2134 1815 2204 signat.
1831 2131 1973 2201 Ergo

390 2239 553 2284 erunt
589 2231 708 2285 ista:
737 2228 845 2284 Nili
880 2229 1124 2299 episcopi
1163 2236 1217 2283 et
1257 2227 1536 2297 martyris,
1572 2241 1684 2280 non
1705 2221 1971 2278 alterius:

392 2321 830 2391 quandoquidem
897 2319 1006 2374 Nili
1077 2318 1321 2388 episcopi
1363 2317 1648 2372 sententiae
1712 2314 1976 2370 ordinatae

392 2420 713 2475 cernuntur,
735 2419 796 2464 ut
827 2410 882 2463 in
900 2411 1215 2464 earumdem
1243 2407 1659 2478 paraphrastica
1679 2406 1884 2460 Catena
1908 2404 1975 2459 ab

392 2500 581 2555 eodem
606 2499 773 2552 Paulo
792 2499 1003 2568 digesta
1029 2497 1358 2552 ostenditur.
1377 2495 1535 2562 Quod
1557 2502 1740 2549 autem
1771 2493 1978 2563 absque

393 2592 554 2645 titulo
569 2589 687 2644 Nilo
705 2589 982 2643 attributae
1000 2598 1150 2656 sunt,
1172 2588 1226 2642 id
1247 2601 1437 2643 errore
1460 2595 1747 2641 auctorum
1771 2585 1978 2639 factum

394 2698 538 2745 esse,
563 2680 658 2751 qui
687 2679 793 2733 Nili
818 2695 927 2733 non
954 2679 1196 2749 episcopi
1219 2694 1314 2733 eas
1340 2693 1461 2733 esse
1486 2676 1855 2732 crediderunt.
1889 2674 1981 2731 Sic

394 2789 526 2844 ergo
559 2782 612 2827 et
633 2773 794 2827 titulo
819 2773 1062 2842 episcopi
1092 2781 1145 2826 et
1167 2771 1422 2840 martyris
1474 2786 1538 2824 ex
1565 2769 1754 2823 Graeca
1785 2767 1984 2824 inscri-

395 2862 796 2934 ptione,Nilum
835 2863 1092 2933 Capitum
1117 2863 1440 2933 scriptorem
1465 2875 1587 2916 esse
1613 2858 1982 2924 Nilum,eum-

397 2972 504 3026 que
530 2956 849 3026 episcopum
900 2962 954 3010 et
988 2961 1307 3024 martyrem.
1346 2953 1535 3023 Neque
1566 2950 1858 3006 dicendum
1896 2957 1983 3004 est

398 3046 816 3116 inscriptionem
848 3059 969 3100 esse
1008 3045 1300 3099 conﬁctam
1328 3053 1479 3097 :tum
1508 3041 1656 3096 enim
1685 3040 1822 3095 nulli
1855 3039 1983 3094 libri

400 3137 559 3191 titulo
605 3135 938 3191 credendum
989 3144 1155 3191 esset.
1214 3134 1366 3190 Adde
1407 3133 1621 3188 Sixtum
1661 3130 1980 3196 Senenscm,

399 3229 492 3298 qui
520 3229 731 3283 nullum
764 3229 830 3284 de
855 3229 1169 3298 hujusmodi
1199 3227 1490 3283 sententiis
1519 3225 1743 3280 verbum
1774 3223 1831 3278 in
1859 3223 1984 3278 Nilo

401 3319 612 3385 iecerit,
647 3333 772 3373 cum
813 3320 960 3373 illius
988 3320 1044 3374 in
1070 3317 1174 3373 Job
1202 3318 1746 3373 Commentariorum
1790 3315 1983 3369 memi—

402 3413 567 3478 uerit;
598 3413 725 3467 lieet
747 3413 862 3467 llatae
890 3413 1028 3468 ratio
1045 3427 1154 3467 non
1177 3413 1428 3466 videatur
1462 3413 1603 3465 tanti
1632 3409 1914 3474 momenti,
1936 3407 1984 3463 si

403 3506 528 3574 quis
559 3503 903 3574 responderit
943 3504 1158 3559 Sixtum
1197 3503 1495 3558 Senensem
1555 3518 1665 3557 non
1714 3516 1836 3556 eam
1871 3499 1978 3556 sibi

405 3596 709 3665 sumpsisse
746 3594 1086 3664 provinciam
1130 3594 1314 3650 omnia
1346 3594 1553 3664 scripta
1581 3590 1692 3646 Nili
1738 3603 1983 3646 comme-

407 3689 678 3752 morandi,
698 3687 795 3742 sed
815 3702 877 3742 ea
902 3686 1304 3749 tantummodo,
1329 3702 1451 3756 quae
1477 3699 1759 3742 sacrorum
1789 3683 1984 3737 Libro-

408 3794 530 3832 rum
562 3777 988 3848 explicationem
1015 3777 1386 3848 continerent.
1419 3774 1616 3829 Petrus
1653 3776 1820 3829 etiam
1851 3771 1984 3826 Ric-

409 3867 666 3921 cordatus
694 3867 750 3920 in
781 3882 880 3919 sua
912 3866 1157 3919 Historia
1184 3865 1505 3918 scholastica
1553 3865 1620 3918 de
1647 3863 1772 3917 Nilo
1800 3873 1986 3919 asceta

410 3967 464 4010 et
482 3959 602 4027 ejus
633 3957 860 4026 scriptis
881 3971 1192 4012 sermonem
1223 3956 1455 4018 habens,
1482 3954 1551 4009 de
1585 3955 1706 4008 istis
1733 3954 1986 4009 Paraene-

412 4050 567 4103 sibus
589 4063 656 4102 ne
681 4048 908 4101 verbum
936 4046 1179 4116 quidem.
1203 4044 1445 4098 Tandem
1471 4045 1549 4098 uti
1589 4042 1984 4098 validissimam

413 4139 680 4194 rationem
714 4153 783 4191 ex
812 4136 962 4190 Mutii
989 4136 1442 4205 Justinopolitani
1473 4135 1716 4205 episcopi
1747 4134 1988 4188 Historia

415 4231 789 4285 testimonium
822 4229 1062 4295 adducit,
1088 4231 1181 4298 qui
1209 4227 1387 4281 Nilum
1415 4227 1738 4296 episcopum
1767 4234 1823 4278 et
1847 4241 1987 4279 mar-

416 4330 588 4390 tyrem
619 4320 810 4374 barum
839 4319 1198 4374 Paraeneseon
1229 4318 1360 4372 facit
1403 4325 1706 4383 auctorem,
1731 4333 1856 4371 cum
1885 4317 1987 4371 sub

418 4411 638 4466 nomine
667 4409 772 4464 Nili
807 4411 882 4464 uti
913 4411 1144 4481 legitimi
1189 4409 1434 4464 auctoris
1482 4409 1778 4463 nonnullas
1819 4410 1988 4477 parti-

418 4503 570 4558 culas
595 4517 661 4556 ex
689 4502 794 4556 hoc
817 4515 980 4571 Opere
1008 4501 1361 4570 depromptas
1387 4499 1601 4552 recitat.
1635 4497 1771 4552 llinc
1787 4496 1989 4552 Paulus

419 4609 592 4648 ovans
616 4591 866 4648 ascendit
899 4592 950 4645 in
982 4591 1318 4661 Capitolium
1344 4609 1356 4644 :
1394 4589 1526 4655 Quis
1557 4598 1735 4642 autem
1766 4589 1988 4642 alterius

425 4685 565 4752 Nili,
603 4702 707 4739 non
766 4693 942 4738 autem
991 4683 1221 4752 episcopi
1269 4691 1318 4736 et
1371 4683 1624 4751 martyris
1673 4681 1988 4750 aﬂirmabit,

421 4795 540 4832 cum
567 4778 924 4832 testimonium
959 4777 1058 4829 hoc
1103 4777 1172 4830 sit
1211 4774 1755 4845 prwstautissimum?
1783 4782 1876 4826 aut
1904 4773 1990 4825 di-

423 4888 506 4925 ces
528 4871 756 4925 Matium
794 4869 1091 4923 inconsulto
1126 4868 1438 4937 scripsisse?
1467 4875 1560 4920 aut
1593 4864 1721 4919 Nilo
1750 4866 1991 4934 episcopo

427 4960 750 5024 attribuisse,
780 4955 909 5010 Nilo
928 4965 1102 5010 autem
1127 4971 1229 5010 non
1260 4959 1502 5024 episcopo
1530 4953 1840 5008 abstulisse?
1869 4952 1994 5008 Nisi

426 5053 562 5103 enim
603 5049 696 5103 sub
764 5048 883 5102 Nili
932 5047 1162 5118 episcopi
1193 5056 1241 5102 et
1286 5047 1537 5116 martyris
1576 5046 1729 5099 titulo
1761 5045 1990 5115 legisset,

429 5143 605 5210 Hique
646 5157 747 5194 non
783 5141 1067 5210 afﬁrmaret
1102 5155 1216 5193 esse
1258 5138 1376 5192 Nili
1404 5139 1655 5207 episcopi.
1687 5135 1825 5202 Quid
1855 5137 1995 5190 enim

427 5231 624 5283 eratin
650 5246 836 5292 causa,
879 5240 934 5284 ut
975 5229 1178 5282 Mutius
1226 5227 1354 5282 Nilo
1390 5229 1628 5297 episcopo
1659 5226 1991 5291 attribueret,

433 5311 560 5374 Nilo
591 5330 766 5373 autem
796 5338 896 5374 non
918 5322 1154 5389 episcopo
1185 5318 1463 5389 auferret?
1487 5316 1594 5374 Sed
1615 5316 1993 5387 postmodum,

433 5410 720 5464 remissius
759 5413 1042 5474 enuntiat,
1085 5411 1252 5480 objiei
1290 5425 1474 5481 posse,
1527 5408 1835 5464 sententias
1882 5422 1995 5462 non

430 5516 552 5554 esse
579 5496 686 5551 Nili
714 5499 953 5570 episcopi
986 5511 1039 5554 et
1066 5503 1348 5572 martyris,
1380 5501 1540 5556 sicuti
1573 5500 1676 5556 sibi
1705 5515 1734 5555 a
1760 5499 1997 5554 nonnul-

432 5590 500 5644 lis
557 5589 832 5659 objectuui
889 5591 1060 5646 fuisse
1111 5601 1394 5646 testatur:
1433 5593 1534 5647 sub
1603 5592 1992 5660 persecutione

2069 313 2245 381 posito
2272 325 2531 381 episcopo
2559 317 2776 379 tempus
2810 322 2917 361 non
2959 303 3205 360 adfuisse
3233 302 3435 358 edendi
3477 301 3656 355 libri:

2063 403 2114 456 in
2142 403 2261 473 ejus
2283 403 2421 457 actis
2451 403 2654 456 nullam
2680 400 2876 454 harum
2906 397 3265 453 Paraeneseou
3296 395 3660 449 mentionem

2062 493 2284 550 factam.
2346 492 2661 564 Respondet
2724 491 3047 562 martyrium
3093 496 3147 544 et
3191 486 3659 558 persecutionem

2062 602 2172 641 non
2200 586 2564 656 interpolasse
2613 584 2965 653 scriptionem
3000 581 3264 636 librorum
3289 619 3305 644 ,
3340 577 3659 645 exemplis-

2062 695 2171 748 que
2210 679 2461 748 pluribus
2484 676 2742 732 ostendit.
2769 674 2907 729 llinc
2929 673 3213 729 concludit
3258 670 3658 742 Margarinum

2063 769 2133 825 de
2166 770 2215 823 la
2259 769 2428 840 Bigne
2466 784 2576 824 non
2617 778 2769 824 recte
2819 766 2942 822 Nilo
2988 768 3249 838 episcopo
3297 775 3352 821 et
3399 765 3660 835 martyri

2064 854 2208 926 quod
2235 870 2394 910 suum
2434 866 2551 910 erat
2579 855 2897 918 abstulisse,
2925 855 3048 910 Nilo
3078 870 3208 910 vero
3232 870 3344 909 non
3371 854 3662 925 episcopo

2065 945 2348 1001 tribuisse.
2386 943 2540 1011 Quod
2562 945 2610 999 si
2640 944 2878 998 attulerit
2909 954 3250 1012 postremum,
3283 960 3472 1013 nempe
3500 944 3658 1013 quod

2064 1037 2295 1107 plerique
2319 1037 2417 1090 viri
2449 1036 2547 1090 hac
2578 1045 2885 1106 tempestate
2910 1035 3210 1090 doctissimi
3243 1044 3414 1090 tenent
3479 1052 3661 1105 oppo-

2066 1127 2246 1190 situm,
2271 1128 2470 1181 scilicet
2485 1127 2618 1196 quod
2641 1144 2746 1182 non
2769 1128 2874 1182 sint
2903 1125 3018 1180 Nili
3039 1128 3268 1196 episcopi
3285 1135 3333 1180 et
3358 1127 3656 1197 martyris,

2067 1219 2156 1272 sed
2195 1219 2414 1273 alterius
2463 1217 2604 1284 Nili,
2642 1218 3018 1286 respondemus
3072 1218 3212 1288 quod
3250 1234 3316 1272 ea:
3348 1218 3463 1271 alia
3491 1228 3660 1287 parte

2068 1308 2264 1363 adsunt
2303 1321 2510 1363 centum
2554 1310 2651 1363 alii
2681 1311 2779 1363 viri
2811 1311 3244 1378 praestantissimi
3271 1319 3657 1375 autumantes,

2072 1401 2256 1456 Nilum
2297 1404 2595 1472 episcopum
2622 1411 2670 1456 et
2699 1412 2986 1472 martyrem
3014 1403 3205 1455 harum
3249 1403 3656 1456 sententiarum

2071 1492 2524 1548 Parwneticarum
2555 1505 2846 1547 auctorem.

2142 1587 2246 1640 Sed
2276 1596 2333 1639 ut
2367 1587 2509 1640 unde
2538 1584 2740 1641 Paulus
2775 1586 2954 1657 exegit
2992 1586 3332 1657 Apologiam,
3382 1587 3518 1641 inde
3545 1603 3656 1658 ego

2070 1678 2346 1743 exordiar,
2388 1695 2495 1733 non
2528 1693 2650 1734 esse
2687 1677 2794 1732 Nili
2839 1678 3106 1748 episcOpi,
3135 1678 3227 1734 sed
3257 1679 3519 1739 alterius,
3566 1686 3657 1734 te-

2071 1781 2200 1822 nere
2234 1766 2586 1822 doctissimos
2628 1767 2800 1832 viros,
2839 1765 3163 1836 respondet,
3205 1782 3273 1822 ex
3321 1767 3429 1820 alia
3487 1777 3658 1836 parte

2071 1866 2293 1913 centum
2340 1858 2480 1912 alios
2530 1858 3020 1927 praestantissimos
3064 1858 3214 1914 viros
3242 1867 3428 1915 tenere
3455 1858 3656 1914 Nilum

2073 1947 2392 2016 episc0pum
2450 1961 2591 2002 esse.
2629 1949 2697 2002 Et
2738 1956 2922 2001 tamen
2976 1963 3086 2002 non
3126 1949 3297 2003 multo
3347 1960 3474 2005 ante
3519 1965 3653 2004 cum

2074 2037 2370 2092 illustrium
2411 2035 2755 2108 Scriptorum
2780 2039 3098 2093 testimonio
3123 2040 3176 2095 id
3215 2041 3382 2095 tutari
3409 2056 3657 2098 conare-

2074 2136 2186 2193 tur,
2223 2144 2331 2182 non
2358 2129 2499 2182 ultra
2535 2137 2647 2184 tres
2674 2130 2954 2200 produxit,
2986 2131 3280 2186 Antonium
3313 2134 3653 2188 monachum

2076 2219 2130 2272 in
2170 2216 2416 2282 Melissa,
2442 2216 2665 2273 Petrum
2702 2219 3116 2289 Riecordatum,
3151 2231 3207 2276 et
3253 2221 3484 2277 Mutium
3552 2222 3654 2278 Ju-

2081 2308 2577 2379 stin0politanum,
2615 2312 2707 2382 qui
2773 2312 2843 2368 de
2903 2315 3221 2385 episcopatu
3284 2313 3390 2369 Nili
3449 2317 3653 2370 harum

2077 2397 2438 2454 Parameseon
2491 2400 2779 2471 scriptoris
2827 2417 2898 2456 ne
2932 2404 3160 2456 verbum
3209 2404 3429 2473 quidem
3471 2404 3656 2458 obdu-

2080 2499 2231 2545 cunt.
2265 2491 2332 2544 Et
2356 2491 2471 2560 jam
2530 2491 2822 2561 derepente
2861 2494 2918 2548 in
2957 2497 3298 2550 contrarium
3334 2496 3656 2566 perducun-

2080 2594 2194 2642 tur.
2228 2585 2334 2640 Sed
2375 2593 2514 2650 esto,
2561 2599 2658 2640 eas
2687 2583 2813 2640 Nilo
2844 2589 3102 2657 episcopo
3132 2591 3538 2644 concesserint.
3570 2591 3655 2646 An

2080 2686 2372 2749 propterea
2403 2675 2528 2732 Nilo
2578 2685 2781 2732 ascetae
2820 2678 2908 2733 vel
2964 2680 3234 2736 monacho
3267 2682 3657 2752 denegarunt?

2082 2768 2227 2823 Nihil
2287 2769 2493 2824 minus.
2538 2769 2735 2824 Asceta
2781 2770 2886 2826 sub
2926 2772 3052 2828 aliis
3095 2780 3260 2843 atque
3296 2775 3418 2830 aliis
3472 2775 3656 2830 titulis

2085 2863 2342 2927 innotuit,
2396 2862 2598 2931 quibus
2638 2863 2706 2917 ab
2753 2863 3188 2933 exscriptoribus
3241 2867 3447 2936 scripta
3501 2868 3655 2923 illius

2084 2958 2440 3010 colionestata
2466 2965 2615 3009 sunt.
2667 2953 2808 3008 llinc
2836 2955 2892 3008 in
2930 2957 3119 3010 multis
3152 2958 3255 3012 sub
3292 2959 3517 3014 nomine
3546 2959 3654 3015 Nili

2086 3046 2307 3115 praeﬁxo
2331 3046 2654 3118 designatur
2691 3046 2879 3101 nullus
2925 3047 3090 3110 alius,
3125 3064 3288 3118 quam
3336 3048 3657 3106 Constanti-

2085 3138 2441 3208 nopolitanus
2493 3139 2618 3203 iste,
2670 3139 2749 3193 uti
2799 3138 2906 3194 hoc
2943 3140 3166 3195 nomine
3202 3142 3492 3212 inSIgnior.
3517 3144 3656 3199 Aliis

2085 3229 2394 3284 monachus
2441 3237 2547 3292 est,
2590 3228 2715 3283 aliis
2758 3237 2964 3292 asceta,
2993 3230 3115 3285 aliis
3151 3231 3346 3296 abbas,
3371 3233 3492 3288 aliis
3539 3236 3656 3306 epi-

2087 3331 2307 3388 scopus,
2336 3318 2460 3374 aliis
2494 3318 2971 3389 archiepiscopus,
3005 3329 3062 3374 et
3096 3321 3242 3390 quod
3275 3323 3654 3379 admirabilius

2085 3418 2192 3473 est,
2233 3409 2899 3480 Constantinopolitanus,
2939 3411 3062 3467 aliis
3117 3422 3342 3484 martyr.
3385 3414 3568 3481 Quare
3607 3419 3652 3472 si

2086 3513 2155 3554 ex
2189 3499 2614 3570 inscriptionum
2641 3503 2824 3556 titulis
2864 3501 2948 3557 fas
2982 3510 3066 3557 est
3094 3503 3256 3560 nobis
3287 3506 3466 3562 varios
3515 3523 3653 3578 quo-

2088 3606 2196 3661 que
2241 3599 2496 3648 auctores
2544 3592 2772 3664 lingere,
2814 3603 2949 3665 quot
2975 3595 3135 3652 nobis
3169 3596 3278 3650 Nili
3325 3600 3650 3668 assurgentl

2088 3682 2186 3738 Vel
2226 3683 2282 3738 in
2334 3692 2471 3754 quot
2517 3684 2667 3742 Nilos
2717 3702 2864 3744 unus
2909 3696 3100 3743 noster
3145 3687 3300 3744 Nilus
3338 3691 3535 3747 misere
3564 3693 3651 3748 di-

2091 3785 2343 3844 scerptus
2391 3778 2807 3845 congemiscet!
2848 3777 2925 3832 Ex
2975 3779 3149 3834 variis
3178 3780 3393 3846 olliciis,
3421 3781 3652 3853 dignita—

2091 3866 2262 3933 tibus,
2310 3867 2772 3937 prol‘essionibus,
2817 3869 2990 3934 curis,
3045 3871 3288 3927 sortibus
3316 3872 3486 3927 variae
3511 3890 3650 3944 quo-

2090 3974 2198 4028 quc
2224 3975 2473 4028 personae
2501 3960 2596 4014 uni
2625 3960 2916 4032 eidemque
2951 3963 3159 4017 homini
3193 3964 3565 4034 imponuntur,
3596 3975 3648 4021 et

2091 4050 2261 4104 variis
2307 4050 2555 4107 inductis
2609 4053 2946 4119 rationibus,
2979 4055 3132 4109 varie
3165 4071 3383 4125 quoque
3423 4059 3649 4126 perscri-

2093 4139 2297 4195 buntur
2335 4141 2390 4195 in
2420 4143 2818 4210 monumentis,
2844 4159 3024 4214 neque
3055 4155 3339 4214 propterea
3367 4163 3396 4200 a
3431 4163 3489 4202 se
3521 4149 3648 4218 ipsis

2092 4229 2322 4296 distant,
2350 4235 2434 4286 vel
2465 4234 2752 4288 minimum
2787 4243 3085 4290 mutantur.
3111 4235 3175 4290 Et
3199 4236 3377 4292 Nilum
3406 4248 3646 4297 nostrum

2094 4318 2266 4374 fuisse
2319 4330 2564 4376 ascetam
2621 4338 2712 4378 res
2759 4323 2879 4393 ipsa
2924 4325 3123 4391 docet;
3155 4328 3495 4383 sacerdotem
3527 4346 3645 4385 eum

2093 4407 2374 4461 Tbeodulo
2405 4407 2538 4476 lilio,
2590 4409 2643 4463 in
2676 4410 2780 4464 hoc
2814 4411 2884 4466 de
2931 4410 3071 4468 Nilis
3122 4415 3412 4470 tractatulo
3462 4417 3650 4486 proba-

2094 4518 2256 4568 mus;
2301 4509 2357 4558 et
2391 4511 2687 4574 martyrem
2735 4520 2974 4574 quoque,
3017 4515 3074 4561 et
3113 4507 3433 4578 episcopum
3464 4508 3646 4576 fuisse,

2093 4602 2147 4648 et
2192 4595 2236 4648 si
2271 4593 2354 4648 vis
2395 4593 2561 4646 etiam
2588 4594 3089 4665 archiepiscopum,
3139 4597 3272 4667 quid
3319 4600 3506 4654 vetat?
3547 4600 3647 4656 Sed

2096 4683 2200 4738 hoc
2243 4699 2352 4738 non
2387 4692 2472 4738 est
2504 4683 2728 4755 scriptis
2753 4681 3011 4742 relatum.
3046 4688 3185 4752 Quid
3217 4690 3376 4743 tum?
3409 4690 3533 4756 Qua:
3565 4692 3647 4745 lit-

2097 4776 2231 4831 teris
2288 4774 2544 4829 mandata
2586 4791 2696 4829 non
2752 4787 2902 4844 sunt,
2948 4789 3002 4832 et
3052 4786 3234 4833 tamen
3277 4781 3564 4846 credimus,
3597 4791 3647 4837 et

2096 4866 2220 4921 sine
2269 4865 2381 4919 ullo
2433 4864 2605 4921 dubio
2654 4877 2905 4923 tenemus
2930 4868 3004 4921 ita
3034 4868 3246 4924 fuisse?
3273 4869 3339 4923 Et
3374 4870 3508 4927 forte
3539 4873 3644 4927 haec

2097 4957 2283 5009 omnia
2331 4957 2384 5010 in
2421 4955 2545 5012 Nilo
2585 4968 2778 5014 nostro
2827 4961 3222 5030 reperiremus,
3264 4963 3311 5018 si
3354 4979 3442 5019 res
3479 4975 3645 5034 gestas

2099 5048 2246 5104 illius
2270 5057 2486 5118 tempus
2516 5048 2655 5104 edax
2687 5049 2850 5105 nobis
2881 5051 3125 5121 reliquas
3161 5051 3403 5110 fecisset.
3435 5053 3496 5109 Et
3521 5057 3645 5112 forte

2098 5142 2260 5195 etiam
2297 5139 2390 5209 qui
2443 5139 2613 5195 futuri
2665 5151 2797 5196 sunt
2831 5143 3180 5206 obtinebunt.
3227 5160 3353 5199 cum
3383 5146 3644 5203 videamus

2100 5232 2155 5286 in
2185 5232 2303 5286 dies
2327 5231 2574 5302 singulos
2607 5232 2809 5287 similia
2835 5249 2866 5289 e
2886 5235 3112 5290 latebris
3139 5235 3194 5289 in
3219 5235 3399 5292 lucem
3432 5241 3642 5310 suscipi,

2099 5332 2153 5378 et
2177 5323 2406 5393 publica:
2439 5325 2813 5380 commoditati
2845 5326 3354 5396 procrescere.Non
3387 5345 3451 5384 ex
3468 5331 3643 5388 alienis

2102 5414 2382 5469 advocabo
2424 5425 2761 5485 argumenta.
2804 5415 2881 5471 Ex
2917 5416 3040 5472 Vita
3080 5417 3139 5474 S.
3180 5417 3285 5473 Nili
3325 5420 3555 5490 episcopi
3595 5431 3643 5476 et

2102 5507 2400 5578 martyris,
2439 5524 2605 5578 quam
2649 5524 2716 5564 ex
2754 5508 2984 5566 Joannis
3027 5511 3457 5567 Christol‘orsoni
3485 5513 3640 5568 inter-

2102 5596 2408 5666 pretatione
2454 5599 2676 5664 recitas,
2709 5600 2776 5657 de
2809 5602 3029 5671 scriptis
3065 5601 3198 5657 dicti
3237 5603 3436 5666 sancti,
3481 5603 3638 5658 minus
