3822 6216
1160 210 1169 239 l

126 238 183 303 il
1160 236 1165 239 ⁷
1347 245 1657 309 ΝΟΤΙΤΙΑ
1704 246 1790 306 ΙΝ
1829 246 1891 305 S.
1929 244 2198 306 NILUM.
3324 236 3393 298 42

126 371 292 425 quam
330 356 471 410 nihil
504 365 612 418 est.
648 363 704 409 et
742 363 928 412 tamen
970 369 1062 412 tua
1110 358 1370 429 largitate
1402 366 1604 412 auctor
1636 365 1723 413 est

126 448 522 502 I’amneseon.
575 446 730 503 Unde
765 448 819 503 id
859 449 1169 519 espiscaris
1211 464 1336 504 eum
1394 450 1521 503 illas
1571 450 1718 505 scri-

130 539 355 607 psisse?
395 536 581 591 Potuit
633 537 904 592 scribere.
967 536 1254 608 Scripsere
1308 538 1403 593 alii
1472 538 1723 607 ejusdem

125 630 310 685 etatis
348 639 405 685 et
444 629 739 700 dignitatis
781 630 907 684 viri.
940 629 1199 686 Concedo
1242 647 1345 687 nec
1393 632 1621 688 invitus.
1651 634 1724 685 At

127 718 449 785 scripsisse,
501 717 611 772 nisi
657 717 886 773 meliora
930 718 1139 774 indicia
1183 720 1558 790 proferantur,
1606 736 1722 776 non

126 806 331 861 dicam.
359 807 430 861 Et
455 808 624 863 etiam
667 809 714 863 si
754 808 914 865 Nilus
942 812 1238 882 episcopus
1277 813 1568 883 scripserit
1601 830 1617 867 :
1651 829 1723 869 an

126 900 430 970 episcopus
459 910 515 955 et
543 909 755 972 martyr
776 902 867 957 hic
891 911 1022 959 tuus
1044 903 1136 960 ille
1160 905 1305 961 idem
1330 900 1416 961 est
1433 906 1456 959 τ
1476 904 1632 961 Nilus
1656 920 1724 961 eo

128 997 388 1057 tempore
426 990 619 1060 plures
666 990 859 1057 fuisse,
905 1001 963 1048 et
1008 994 1154 1049 inter
1202 1011 1300 1051 eos
1345 996 1638 1067 episcopos
1667 1004 1725 1051 et

128 1092 432 1152 martyres,
471 1090 529 1137 et
560 1082 856 1153 scripsisse
874 1085 1043 1140 etiam
1068 1086 1138 1140 ad
1164 1090 1543 1157 posteritatem
1567 1104 1723 1143 com-

128 1176 465 1239 mental-ius,
512 1190 680 1231 nemo
747 1177 998 1247 prudens
1044 1180 1348 1250 negaverit.
1395 1182 1595 1235 Annon
1636 1181 1723 1235 in-

128 1266 281 1321 sulse
340 1269 474 1338 quis
540 1270 897 1324 concluderet
950 1271 1045 1342 (sit
1106 1287 1207 1342 pro
1257 1275 1512 1343 exemplo
1563 1273 1722 1331 Nilus

128 1356 433 1414 Patrarum
475 1361 776 1432 episcOpus
806 1373 862 1417 et
898 1365 1152 1436 martyr).
1181 1364 1324 1420 Huic
1357 1366 1520 1436 Operi
1546 1368 1724 1438 praell-

128 1452 279 1521 gitur
303 1454 506 1508 titulus
542 1474 556 1508 :
589 1454 903 1511 Parteneses
936 1455 1056 1511 Nili
1080 1460 1314 1527 episcopi
1353 1468 1405 1514 et
1445 1463 1720 1531 martyris.

128 1542 277 1615 Ergo
324 1543 488 1601 Nilus
534 1547 625 1601 hic
656 1549 846 1603 nullus
882 1549 1024 1605 alius
1061 1560 1167 1616 est,
1220 1566 1385 1620 quam
1426 1554 1721 1607 Patrarutn

128 1638 456 1706 episcopus.
489 1636 633 1690 Nam
660 1639 707 1691 si
731 1637 850 1692 Nili
877 1649 1069 1694 ascette
1100 1652 1295 1705 essent,
1322 1659 1425 1695 non
1463 1650 1601 1695 esset
1627 1641 1723 1695 ad-

128 1727 287 1791 ditio,
310 1728 685 1795 expressioque
704 1729 1037 1796 episcopatus
1074 1740 1125 1784 et
1150 1734 1423 1803 martyrii.
1450 1731 1512 1786 Si
1540 1731 1726 1786 Greca

128 1818 509 1887 interpretatio
550 1818 749 1887 absque
790 1820 947 1873 titulo
999 1829 1050 1873 et
1080 1823 1727 1892 agneminationelegere-

131 1911 243 1964 tur,
281 1900 408 1954 Nili
438 1902 620 1970 utique
650 1918 756 1956 non
792 1903 1021 1972 episcopi
1064 1913 1237 1957 essent
1264 1906 1556 1959 sententiae.
1599 1904 1727 1959 Non

130 1994 273 2049 enim
299 2004 382 2048 est
416 1992 776 2063 intelligibile,
812 2005 870 2047 ut
904 1993 1021 2048 Nili
1058 2012 1161 2048 non
1203 1996 1437 2065 episcopi
1499 1996 1721 2065 fuerint,

132 2084 337 2154 Ecquis
395 2082 530 2138 Nilo
554 2087 795 2153 episcopo
817 2097 865 2138 et
891 2088 1117 2156 martyri
1139 2088 1436 2143 attribuat!
1458 2086 1524 2143 Et
1544 2095 1726 2143 tamen

131 2178 347 2231 similia
374 2178 433 2231 in
458 2177 567 2231 hoc
589 2178 782 2231 eodem
806 2176 932 2232 Nilo
950 2188 1135 2233 asceta
1161 2189 1290 2233 ante
1311 2181 1504 2235 oculos
1527 2180 1724 2235 obver-

132 2278 358 2326 santur.
404 2270 465 2324 ln
512 2269 800 2325 nonnullis
832 2268 1079 2338 ejusdem
1125 2273 1455 2326 tractatibus
1496 2271 1728 2342 praeﬁgi-

136 2374 253 2428 tur,
304 2361 430 2415 Nili
471 2362 854 2430 archiepiscopi
901 2361 1501 2431 Constantinopolitani.
1539 2364 1725 2435 Repu-

132 2454 381 2509 diandus
416 2455 605 2523 itaque
645 2463 730 2510 est
772 2453 927 2509 Nilus
973 2464 1181 2521 asceta,
1226 2463 1283 2511 et
1330 2456 1485 2510 Nilus
1543 2456 1726 2511 archi-

133 2548 438 2615 episcopus
489 2544 1138 2615 Constautinopolitanus
1185 2549 1621 2618 investigandus.
1666 2546 1726 2600 In

138 2636 448 2697 nonnullis,
468 2636 581 2690 Nili
603 2635 840 2700 abbatis,
866 2637 1199 2706 rejiciendus
1217 2639 1402 2708 itaque
1419 2646 1504 2692 est
1519 2648 1724 2703 asceta,

136 2737 191 2783 et
212 2728 376 2783 Nilus
405 2728 581 2782 abbas
610 2728 1061 2796 perscrutandus.
1098 2728 1205 2784 Sed
1235 2727 1393 2785 Nilus
1413 2739 1594 2783 asceta
1616 2742 1725 2781 non

138 2824 242 2881 luit
298 2836 491 2891 neque
540 2820 873 2890 epist-Opus,
934 2835 1113 2889 neque
1168 2828 1399 2890 martyr.
1460 2818 1621 2874 Unde
1670 2817 1725 2871 id

139 2914 348 2972 habes?
402 2914 519 2969 Nec
549 2914 716 2969 etiam
750 2914 853 2968 sub
886 2915 1109 2969 nomine
1155 2911 1460 2967 sacerdotis
1508 2910 1725 2965 innote-

141 3007 264 3068 scit,
290 3014 350 3060 et
372 3016 557 3059 tamen
589 3004 897 3059 sacerdotio
926 3004 1214 3074 praeditum
1239 3004 1411 3058 fuisse
1437 3018 1502 3058 ex
1532 3002 1722 3057 eodem

144 3100 423 3169 penlisco.
454 3096 562 3153 Sed
592 3096 780 3152 Sixtus
816 3095 1062 3151 Senensis
1091 3096 1297 3150 nullam
1327 3097 1391 3149 de
1417 3092 1725 3165 hujusmodi

144 3192 418 3246 sententiis
459 3190 777 3245 mentionem
822 3189 964 3257 fecit.
1015 3189 1168 3252 Esto,
1216 3203 1406 3241 verum
1450 3196 1556 3249 est,
1605 3200 1726 3239 cum

143 3298 232 3336 nec
269 3280 335 3335 de
367 3280 499 3333 aliis
534 3280 851 3333 tractatibus
893 3278 1097 3347 fecerit,
1149 3279 1240 3333 sed
1289 3276 1355 3331 de
1390 3278 1457 3331 iis
1492 3286 1724 3339 tantum,

144 3389 264 3441 quin
298 3374 357 3425 in
397 3387 678 3426 sacrorum
716 3369 992 3423 Librorum
1032 3370 1385 3437 explicatione
1424 3378 1724 3422 versantur.

145 3460 326 3528 Quare
363 3463 554 3530 itaque
592 3460 662 3515 de
706 3459 886 3529 ipsius
921 3460 977 3512 in
1008 3458 1235 3513 Cantica
1264 3457 1633 3519 canticorum,
1670 3453 1726 3507 in

145 3552 512 3622 Evangelinm
556 3550 739 3616 Lucae,
775 3553 829 3605 in
872 3550 1142 3613 Psalmos,
1171 3558 1227 3605 et
1268 3549 1323 3604 in
1370 3550 1507 3604 alios
1553 3561 1728 3603 sacrae

148 3644 458 3714 Scriptura:
496 3644 667 3696 libros
698 3642 1096 3711 explicationes
1119 3656 1227 3695 non
1255 3639 1728 3701 commemoravit,

147 3750 284 3802 quas
310 3734 385 3788 ad
411 3735 526 3788 haec
550 3743 800 3803 tempora
824 3733 1186 3801 manuscripti
1208 3731 1431 3786 codices
1460 3729 1732 3784 retinent?

148 3826 265 3881 Non
298 3827 415 3881 dici
442 3833 625 3896 potest
682 3824 791 3878 Nili
833 3825 887 3879 in
925 3822 1030 3879 Job
1068 3824 1478 3878 Commentaria
1516 3821 1732 3893 prolixa

149 3918 345 3982 fuisse,
385 3918 441 3971 in
473 3917 596 3972 aliis
627 3916 756 3970 hinc
783 3917 910 3972 inde
942 3931 1006 3970 ex
1038 3916 1217 3986 ipsius
1252 3915 1517 3986 Operibus
1557 3913 1734 3967 recol-

149 4008 326 4065 lectas
356 4007 735 4078 expositiones
783 4026 797 4061 :
834 4022 959 4061 cum
1003 4007 1057 4061 in
1094 4005 1199 4061 Job
1242 4006 1432 4061 eodem
1469 4004 1631 4058 modo
1673 4018 1734 4057 se

150 4099 375 4165 habeat,
408 4108 466 4155 et
510 4099 564 4153 in
600 4098 892 4154 Canticum
932 4100 1277 4154 canticorum
1329 4097 1401 4153 sit
1448 4110 1732 4151 commena

151 4193 330 4247 larius
355 4192 595 4261 integer.

220 4283 332 4340 Nili
366 4283 628 4337 monachi
649 4283 893 4337 eremita:
933 4282 1254 4347 Historians,
1287 4282 1405 4337 sive
1446 4280 1735 4336 Narratio-

153 4391 265 4438 nes,
314 4375 512 4445 quibus
564 4374 732 4427 cades
787 4374 1166 4428 monachorum
1219 4375 1414 4428 montis
1464 4372 1628 4440 Since,
1684 4384 1735 4428 et

152 4469 439 4537 captivitas
486 4466 737 4520 Theoduli
786 4466 900 4534 ejus
952 4465 1054 4534 ﬁlii
1099 4465 1461 4520 describitur:
1495 4464 1590 4528 Εἰς
1636 4465 1735 4536 τὴν

154 4561 439 4633 ἀναίρεσιν
478 4558 588 4611 τῶν
630 4559 688 4610 ὲν
740 4557 821 4627 τῷ
878 4556 993 4627 ὄρει
1031 4557 1160 4626 Σινᾷ
1193 4555 1479 4626 Μοναχῶν,
1521 4557 1616 4609 καὶ
1656 4558 1737 4620 εἰς

153 4654 253 4724 τὴν
338 4650 720 4722 αἰχμαλωσίαν
791 4649 885 4702 τοῦ
959 4649 1077 4701 υἱοῦ
1146 4647 1310 4702 αὑτοῦ
1393 4648 1682 4701 Θεοδούλου
1716 4689 1733 4711 ,

155 4755 466 4798 extractam
519 4757 585 4795 es
630 4742 823 4796 codice
854 4740 923 4795 74
972 4755 1075 4796 ms.
1128 4738 1310 4793 Caroli
1364 4738 1433 4794 de
1482 4739 1737 4793 Monchal

157 4835 570 4905 archiepiscopi
596 4832 878 4896 Tolosani,
910 4839 968 4887 et
1003 4832 1180 4887 eidem
1213 4842 1584 4900 nuncupatam
1610 4848 1734 4885 cum

158 4943 297 4981 nova
333 4942 438 4983 sua
468 4925 921 4995 interpretatione
954 4934 1010 4979 et
1042 4925 1211 4986 notis,
1246 4925 1352 4979 sub
1379 4923 1542 4977 titulo
1578 4943 1592 4978 :
1620 4923 1739 4977 Nili

156 5034 312 5085 opera
358 5016 608 5086 quaedam
654 5015 888 5068 nondum
944 5015 1109 5078 edita,
1160 5013 1390 5069 Parisiis
1438 5014 1737 5083 publicavit

156 5111 521 5165 doctissimus
580 5107 776 5162 Petrus
831 5107 1097 5163 Pessinus
1153 5106 1297 5177 apud
1351 5107 1738 5160 Sebastianum

157 5202 443 5272 Cremoysi
476 5202 873 5272 typographum
896 5200 1128 5271 regium,
1163 5199 1304 5254 in-l.
1339 5200 1564 5254 Addidit
1593 5201 1741 5268 ejus-

160 5295 277 5350 dem
308 5295 419 5349 Nili
478 5293 852 5347 laudationem
890 5292 943 5346 in
982 5292 1280 5347 Albianum
1319 5291 1507 5347 Graece
1542 5301 1597 5347 et
1636 5293 1739 5347 La-

164 5391 289 5445 tine.
317 5390 399 5444 De
435 5388 542 5442 bac
564 5388 791 5442 historia
817 5387 1181 5458 Menologium
1210 5386 1527 5442 Graecorum
1551 5386 1618 5440 12
1642 5386 1741 5440 Νο-

166 5483 402 5536 velabris
428 5498 443 5534 :
474 5480 587 5532 Καὶ
622 5480 747 5533 ἐπεὶ
778 5482 806 5534 ὁ
830 5480 1096 5551 μακάριος
1134 5479 1325 5542 Νεῖλος
1352 5480 1411 5532 τὸ
1449 5480 1574 5550 ὅρος
1599 5480 1738 5550 μετὰ

166 5571 252 5623 τοῦ
279 5572 398 5626 υἱοῦ
454 5571 799 5641 κατειληφὼς
832 5572 995 5639 συνῆν
1022 5573 1135 5635 τοῖς
1180 5569 1481 5641 Πατράσιν,
1524 5570 1733 5643 βάρϐα-

169 5662 245 5732 ροι
277 5680 428 5728 τινες
486 5662 751 5733 ἐξαίφνης
784 5662 1125 5727 ἐπελθόντες,
1149 5662 1224 5726 ὡς
1265 5662 1431 5749 θῆρες
1478 5662 1570 5716 τὸν
1604 5663 1735 5740 Δυἱὸν

484 5756 757 5819 Ρλτιιοι..
798 5757 916 5819 Gn.
958 5756 1216 5820 LXXIX.
1243 5753 1252 5759 ’
1276 5790 1283 5815 ι

1823 355 2110 411 Θεόδουλον
2149 358 2247 410 σὺν
2282 355 2462 419 ἄλλοις
2498 353 2773 417 πλείστοις
2801 352 3145 425 αἰχμάλωτον
3173 351 3392 405 ἔλαϐον’

1821 443 1883 497 ὃν
1916 444 1993 508 ὡς
2042 445 2388 515 αἰχμάλωτον
2439 444 2629 514 θρηνεί
2688 444 2852 498 πλέον
2890 442 2987 496 τοῦ
3034 441 3389 513 καθήκοντος,

1823 534 2006 599 καθὼς
2034 538 2092 589 ὲν
2124 536 2204 608 τῷ
2243 537 2376 608 παρ’
2413 536 2582 589 αὑτοῦ
2629 536 2939 590 συντιθέντι
3006 534 3402 606 συγγράμματι

1822 628 2142 699 ἐμφέρεται·
2186 627 2327 682 Hinc
2377 643 2496 682 cum
2524 628 2707 681 beatus
2740 624 2902 681 Nilus
2942 635 3199 694 occupato
3226 636 3403 680 monte

1821 736 1942 774 cum
1964 721 2080 788 ﬁlio
2101 731 2411 775 sanctorum
2440 719 2668 774 Patrum
2689 719 3072 774 consuetudine
3112 719 3401 788 frueretur,

1821 810 2039 881 quidam
2097 810 2337 879 ferarum
2385 813 2560 864 instar
2612 820 2821 878 repente
2872 812 3132 865 inuentes
3186 810 3406 864 barbari

1821 900 1936 968 ejus
1977 900 2151 970 ﬁlium
2203 899 2536 955 Theodulum
2573 917 2694 954 cum
2740 902 2925 956 multis
2974 902 3097 955 aliis
3139 903 3407 970 captivum

1821 993 2191 1058 abduxerunt;
2214 994 2368 1061 cujus
2385 1010 2565 1048 casum
2592 994 2918 1048 lamentatur
2936 1003 3109 1063 pater,
3126 992 3407 1064 plusquam

1822 1084 2028 1138 deceret
2057 1084 2218 1138 talem
2240 1087 2431 1149 virum,
2451 1085 2898 1152 quemadmodum
2927 1086 2988 1139 in
3010 1083 3405 1141 Commentario

1822 1179 1923 1231 hac
1955 1178 2018 1232 de
2048 1194 2103 1232 re
2140 1180 2340 1245 scripto
2379 1194 2591 1232 cernere
2634 1187 2734 1232 est.
2770 1175 3114 1247 Nicephorus
3139 1177 3407 1231 Callistus

1822 1268 1973 1324 dicto
1999 1270 2120 1323 loco
2159 1288 2173 1323 :
2206 1270 2342 1325 Μεθ’
2378 1262 2455 1324 ὧν
2482 1270 2578 1323 καὶ
2613 1270 2674 1322 τὸ
2703 1272 2761 1323 ὲν
2798 1269 2876 1339 τῷ
2908 1270 3104 1339 Σιναίῳ
3133 1269 3250 1339 lipsi
3292 1268 3404 1323 τῶν

1824 1361 1983 1417 (isle
2024 1360 2284 1434 Πατέρων
2328 1361 2628 1433 μαρτύριον
2662 1363 3036 1433 ἀναγράφεται
3087 1361 3234 1421 οὕτω
3264 1362 3408 1430 λαμ-

1822 1464 1978 1533 πρῶς
2004 1482 2063 1517 τε
2096 1464 2213 1535 ἅμα
2234 1465 2328 1519 καὶ¹
2348 1462 2690 1536 περιπαθῶς,
2720 1462 2797 1526 ὼς
2832 1463 3016 1517 ἱκανὸν
3044 1458 3182 1516 εῖναι
3219 1460 3392 1516 ἐντεῦ-

1836 1556 1930 1609 θεν
1958 1555 2217 1626 θηρᾶσαι,
2253 1549 2365 1619 οἶος
2391 1557 2486 1609 καὶ
2522 1555 2642 1608 κατ’
2671 1556 2838 1625 ἄμφω
2866 1554 3091 1622 γέγονεν
3118 1554 3147 1606 ὁ
3171 1554 3308 1624 ἀνὴρ
3348 1554 3408 1606 ἐν

1829 1665 1891 1701 τε
1919 1647 2094 1716 λόγων
2133 1649 2228 1702 καὶ
2257 1647 2463 1717 ἀρετῆς
2494 1646 2783 1719 περιουσίᾳ
2803 1663 2816 1675 ·
2840 1648 2957 1700 ἐκεῖ
2978 1646 3035 1700 δὲ
3062 1646 3157 1699 καὶ
3181 1646 3250 1699 τὰ
3282 1664 3387 1699 κατ
3422 1700 3423 1703 η

1829 1741 1990 1795 αὑτὸν
2023 1739 2119 1793 καὶ
2157 1739 2286 1801 τοὺς
2319 1740 2513 1802 παῖδας
2560 1738 2794 1809 μετρίως
2834 1738 3085 1802 διέξεισιν
3128 1738 3407 1808 ἐκτραγῳ-

1826 1831 1934 1885 δῶν
1974 1830 2095 1884 λίαν
2124 1831 2445 1900 περιπαθῶς
2476 1830 2574 1900 τὴν
2607 1829 2984 1899 αἰχμαλωσίαν
3025 1828 3240 1891 αὐτῶν,
3275 1828 3408 1899 βαρ-

1827 1922 2011 1993 6άρων
2039 1921 2519 1991 καταδραμόντων,
2555 1920 2605 1974 οἳ
2634 1920 2922 1991 Βλέμμυες
2954 1920 3243 1974 ἐκαλοῦντο
3263 1960 3279 1985 ,
3312 1921 3408 1974 καὶ

1828 2012 1991 2080 φόνον
2032 2012 2133 2066 οὐκ
2162 2012 2442 2082 ἐλάχιστον
2479 2012 2847 2083 δεδρακότων·
2880 2010 2909 2063 ὁ
2950 2013 3046 2066 καὶ
3087 2011 3308 2083 ἥδυσμά
3354 2029 3410 2066 τι

1829 2105 2193 2174 πνευματικὸν
2222 2107 2335 2167 τοῖς
2372 2103 2693 2173 φιλομαθέσι
2738 2102 3145 2158 καταλέλοιπεν.
3178 2102 3409 2177 Scripsit

1827 2211 2031 2264 quoque
2076 2194 2380 2249 divinorum
2412 2194 2644 2249 Patrum
2670 2194 2725 2248 in
2757 2204 2932 2249 monte
2958 2194 3092 2250 Sina
3121 2192 3323 2248 obitum
3356 2206 3408 2247 et

1828 2288 2145 2358 martyrium
2185 2286 2439 2348 facundia
2471 2294 2520 2339 et
2567 2286 2732 2355 effatu
2784 2295 2953 2349 tanto,
2999 2294 3059 2337 ut
3108 2285 3241 2338 satis
3287 2285 3409 2337 inde

1828 2381 2076 2451 colligere
2108 2382 2286 2446 liceat,
2317 2397 2478 2450 quam
2500 2380 2699 2434 eximia
2736 2379 2985 2432 doctrina
3013 2378 3177 2447 juxta
3213 2387 3263 2431 et
3300 2380 3410 2432 vir-

1830 2484 1939 2529 tute
1983 2477 2063 2530 vir
2120 2476 2165 2530 is
2204 2476 2391 2545 fuerit,
2442 2475 2534 2529 ubi
2580 2475 2742 2528 etiam
2777 2490 2905 2528 suas
2946 2482 2998 2528 et
3043 2474 3281 2542 ﬁliorum
3326 2490 3409 2528 res

1827 2568 2011 2637 paucis
2045 2575 2421 2622 commemorat
2466 2565 2866 2629 miserabiliter,
2920 2565 3081 2620 veluti
3124 2566 3180 2619 in
3217 2576 3411 2635 tragus.

1828 2660 1942 2726 dia,
1961 2662 2320 2730 captivitatem
2340 2661 2503 2715 etiam
2522 2659 2833 2729 deplorans,
2857 2675 2977 2712 cum
2998 2658 3215 2711 barbari
3236 2658 3411 2713 Blemr

1830 2770 2002 2823 meyes
2029 2753 2341 2807 excursione
2369 2768 2469 2805 sua
2497 2751 2696 2806 ctedem
2722 2753 2989 2819 ingentem
3028 2750 3196 2819 fecere
3229 2764 3247 2801 :
3271 2750 3408 2818 quod

1829 2844 2135 2911 apusculum
2168 2852 2423 2912 tanquam
2456 2842 2738 2911 spirituale
2765 2842 3035 2912 quoddam
3054 2842 3409 2895 oblectamen-

1827 2945 1939 2989 tum
1967 2934 2219 2988 studiosis
2252 2933 2484 3003 reliquit.
2512 2932 2651 2988 Cum
2694 2932 2882 2989 Graece
2923 2933 3199 3002 legeretur
3221 2931 3411 3001 διηγή-

1828 3044 1997 3098 ματα.
2030 3026 2383 3083 occasionem
2416 3025 2651 3096 arripuit
2680 3025 3097 3080 eruditissimus
3137 3023 3407 3078 Possinus

1825 3118 2202 3187 distinguendi
2256 3118 2456 3173 librum
2497 3118 2552 3175 in
2607 3127 2814 3187 septem
2859 3115 3236 3181 Narrationes,
3278 3130 3406 3169 cum

1827 3204 1933 3261 hoc
1976 3203 2347 3261 arbitraretur
2390 3205 2579 3275 aliquo
2618 3206 2845 3264 lectoris
2888 3205 3204 3269 commodo,
3246 3206 3403 3261 nullo

1826 3296 2075 3352 auctoris
2108 3304 2204 3349 aut
2233 3296 2418 3366 operis
2436 3295 2767 3353 detrimento
2798 3296 2915 3353 ﬁeri
2941 3313 3123 3367 posse.

1897 3387 1974 3446 De
2004 3405 2091 3455 ea,
2113 3403 2235 3460 quae
2264 3389 2407 3459 apud
2436 3388 2800 3459 Lipomanum
2831 3390 2979 3445 edita
2999 3384 3107 3453 est,
3136 3391 3409 3459 interpre-

1828 3481 2057 3547 tatione,
2100 3482 2233 3536 illud
2265 3489 2349 3536 est
2378 3482 2824 3550 pmstantissimi
2867 3480 3018 3536 Petri
3052 3481 3269 3538 Possini
3322 3482 3409 3536 in-

1830 3573 2246 3642 terpretationis
2302 3586 2418 3628 suae
2471 3571 2765 3625 arbitrium
2808 3590 2822 3626 :
2872 3570 2991 3625 Hoc
3038 3589 3201 3626 unum
3252 3574 3408 3626 modo

1830 3665 1980 3717 initio
2011 3679 2305 3731 receperam
2334 3680 2354 3718 :
2382 3664 2580 3732 hocque
2608 3662 2712 3727 illi,
2747 3679 2850 3733 quo
2880 3681 3068 3733 magno
3097 3666 3284 3718 merito
3321 3666 3409 3717 ni-

1830 3755 1908 3809 hil
1928 3771 2032 3809 non
2060 3756 2199 3824 apud
2240 3772 2323 3809 me
2348 3763 2593 3823 possunt,
2634 3772 2835 3809 mecum
2863 3755 3129 3809 duntaxat
3153 3768 3366 3826 egerant
3390 3775 3407 3810 :

1831 3857 1889 3900 ut
1910 3856 2150 3911 ueterem,
2175 3863 2291 3917 qua:
2318 3847 2519 3917 pridem
2545 3864 2578 3901 a
2606 3846 2899 3917 Lipomano
2927 3858 3005 3901 est
3044 3849 3210 3913 edita,
3250 3849 3409 3917 hujus

1833 3938 2072 4005 opusculi
2105 3940 2589 4006 interpretationem
2617 3954 2963 4003 recenserem,
2986 3948 3038 3992 et
3071 3956 3190 3993 cum
3219 3938 3409 3995 Graeca

1833 4046 2215 4098 compararem.
2248 4029 2353 4083 Sed
2386 4046 2506 4083 cum
2556 4030 2761 4097 aliquot
2797 4029 2914 4099 jam
2954 4032 3164 4099 paginis
3208 4033 3413 4100 passim

1834 4121 2234 4190 interpolatum,
2269 4139 2332 4175 ac
2365 4131 2699 4176 recantatam
2734 4139 2767 4176 a
2796 4139 2877 4175 me
2911 4122 3062 4175 illam
3094 4124 3412 4191 interpreta—

1837 4215 2027 4267 tionem
2063 4213 2250 4266 amicis
2278 4214 2335 4266 in
2361 4215 2623 4280 specimen
2642 4212 2975 4279 obtulissem,
3000 4214 3138 4283 quod
3161 4214 3415 4269 scribenti

1834 4307 1980 4375 prius
2010 4305 2159 4370 mihi,
2186 4306 2283 4358 hoc
2312 4304 2602 4373 legentibus
2634 4305 2773 4359 idem
2805 4307 2937 4375 ipsis
2970 4307 3141 4359 visum
3179 4306 3367 4372 (uisset
3391 4325 3411 4363 .'

1835 4414 1936 4459 me,
1956 4398 2004 4451 si
2024 4414 2286 4465 pergerem
2314 4407 2369 4449 ut
2393 4412 2669 4465 eruperant,
2690 4398 3063 4451 exhauriendis
3083 4398 3193 4451 illis
3216 4400 3416 4454 laboris

1836 4488 2241 4542 illiberalissimi
2287 4489 2550 4557 fastidiis.
2599 4506 2790 4558 magno
2832 4506 2945 4542 meo
2999 4489 3156 4542 twdio
3208 4490 3413 4545 nullam

1838 4580 2261 4633 tamenalienam
2288 4580 2517 4650 gratiam
2546 4580 2862 4633 relaturum.
2900 4579 2966 4632 Et
2989 4589 3147 4644 certe,
3171 4590 3229 4633 ut
3255 4598 3415 4650 quam

1837 4672 2078 4725 omittere
2110 4688 2214 4725 non
2241 4687 2481 4740 possum,
2532 4673 2804 4726 celerrime
2847 4672 3060 4742 saltem,
3092 4674 3232 4742 quod
3272 4689 3414 4727 uere-

1838 4760 2045 4815 cundia:
2083 4778 2247 4814 unum
2290 4771 2546 4828 superest,
2602 4741 2897 4831 transigam
2962 4763 3416 4830 reprehensionem

1841 4851 2039 4905 laboris
2069 4852 2253 4914 alieni,
2285 4852 2337 4903 id
2363 4868 2521 4921 quam
2563 4851 2805 4914 breviter,
2844 4861 2953 4904 tam
2978 4869 3093 4905 vere
3133 4853 3250 4905 licet
3276 4855 3413 4923 amr-

1838 4960 1984 4995 mare
2015 4942 2215 4995 nullum
2242 4944 2451 4995 omnino
2486 4942 2642 5007 labis,
2672 4945 2929 5014 ﬂagitiive
2967 4962 3149 5015 genus,
3177 4946 3318 5013 quod
3354 4948 3411 4998 in

1838 5051 1897 5087 eo
1926 5051 2108 5104 genere
2139 5024 2309 5088 caveri
2349 5034 2554 5094 debeat.
2582 5037 2637 5089 in
2682 5041 2789 5089 ista
2842 5053 2956 5090 esse
3001 5038 3255 5091 oersionis
3294 5054 3416 5105 per-

1838 5125 2153 5178 versissimw
2186 5124 2250 5177 de
2292 5126 2653 5193 properatione
2707 5128 3143 5193 praetermissum.
3190 5127 3334 5180 Nam
3365 5138 3416 5181 ct

1838 5214 2119 5267 obscurata
2150 5216 2349 5281 passim
2378 5224 2455 5269 est
2490 5218 2723 5269 auctoris
2757 5218 3039 5281 sententia,
3067 5226 3116 5270 et
3149 5234 3250 5271 non
3290 5234 3416 5271 raro

1841 5305 1910 5359 ad
1963 5304 2231 5359 libidinem
2284 5307 2588 5375 interpretis
2617 5309 2742 5376 [icta
2778 5319 2825 5362 et
2857 5308 3085 5362 detorta.
3122 5308 3247 5361 lam
3297 5327 3413 5364 om-

1841 5392 1992 5446 nibus
2032 5393 2139 5461 fere
2166 5394 2369 5462 paginis
2402 5394 2755 5446 miserrimum
2792 5396 2846 5448 in
2890 5396 3103 5448 modum
3142 5411 3235 5464 per
3262 5413 3413 5449 surn-

1841 5500 1985 5536 mam
2057 5485 2319 5537 licentiam
2372 5484 2608 5538 lacerata
2680 5485 2995 5554 ftcdissiine,
3064 5488 3413 5553 mutilataque

1838 5576 2011 5629 oratio
2040 5576 2313 5645 scriptoris
2346 5589 2364 5628 :
2400 5585 2511 5628 tum
2534 5593 2567 5629 a
2599 5577 2771 5648 capite
2796 5579 2865 5632 ad
2898 5578 3096 5632 calcem
3125 5578 3272 5632 nullo
3307 5593 3414 5631 non

1837 5668 1951 5725 loco
1993 5669 2070 5722 ita
2120 5677 2391 5738 comperta
2431 5671 2895 5731 contaminataaue
2922 5672 3144 5728 maculis
3172 5669 3415 5743 barbata:

3039 5765 3079 5822 2
