3822 6216
414 229 484 293 43
1638 233 1948 296 ΝΟΤΙΤΙΑ
1986 232 1999 290 ]

2111 233 2171 291 S.
2196 232 2463 292 NILUM.
3616 232 3683 295 44

415 338 697 411 cujusdam
732 340 1002 408 infantitr,
1042 351 1099 395 ut
1160 358 1289 412 opus
1344 355 1576 399 veterum
1614 346 1841 415 judiciis
1873 361 1995 398 arce

414 434 654 505 dignum,
685 449 777 486 rus
808 434 962 487 Itodie
996 450 1220 499 merum,
1252 452 1475 507 rureque
1507 438 1773 506 inficetius
1819 436 1996 490 videa-

415 539 521 583 tur.
557 527 691 594 Qum
719 528 764 580 si
790 529 908 598 quis
952 546 985 582 a
1012 546 1092 583 me
1128 530 1273 584 dicta
1321 532 1664 585 criminosius
1700 531 1992 593 existimet,

415 636 519 673 non
540 636 633 690 ego
664 629 839 674 tamen
866 622 1007 689 apud
1035 638 1154 676 eum
1182 623 1403 692 perdam
1430 640 1625 693 aquam
1653 624 1867 693 prolixa
1898 640 1997 691 ap-

412 712 723 780 probatione
750 729 927 767 causa:
961 730 1090 768 mete
1115 716 1272 770 certis
1306 733 1621 788 unaquaque
1656 716 1720 769 de
1758 732 1815 770 re
1850 716 2001 769 testi—

416 800 607 853 moniis
652 800 1001 870 proferendis.
1064 801 1169 858 Sed
1201 806 1249 857 si
1297 807 1433 859 tanti
1497 816 1642 875 putet
1687 822 1796 860 rem
1833 816 1999 859 totam

417 908 760 962 cognoscere,
813 903 863 947 et
918 893 1118 950 Latina
1161 897 1261 951 illa
1302 899 1490 953 veteris
1537 899 1840 967 interpretis
1878 914 2001 951 cum

418 980 605 1037 Graeca
635 986 871 1038 auctoris
896 986 1156 1054 conferre,
1181 999 1239 1041 ut
1264 989 1334 1042 ad
1360 988 1473 1042 alia
1510 990 1805 1051 conniveat,
1832 1004 1915 1042 me
1953 988 1998 1040 is

417 1086 612 1140 tamen,
653 1076 700 1128 si
728 1093 888 1146 quam
914 1078 1068 1132 habet
1113 1081 1437 1149 (equitatem,
1480 1097 1602 1133 cum
1646 1096 1749 1133 non
1786 1088 1999 1135 tantunt

415 1177 701 1233 commata,
749 1179 843 1223 aut
878 1173 1362 1240 comprehensiones
1392 1184 1554 1238 totas,
1610 1174 1699 1228 sed
1749 1174 1997 1244 paginas,

415 1268 571 1330 atque
600 1260 732 1315 adeo
757 1265 1103 1320 tractationes
1126 1266 1360 1337 integras
1385 1268 1595 1321 conscio
1623 1267 1833 1321 silentio
1860 1282 2002 1335 prte-

415 1350 601 1404 teritas
651 1360 761 1405 toto
806 1356 1014 1422 passim
1046 1356 1100 1409 in
1158 1374 1310 1427 opere
1356 1358 1665 1427 perspiciet,
1725 1368 1773 1413 et
1822 1359 1997 1423 illum,

412 1447 649 1518 quisquis
672 1458 772 1511 est,
804 1449 1138 1517 interpretem
1166 1451 1440 1520 scripsisse
1475 1454 1814 1524 festinanter,
1838 1460 1889 1504 et
1919 1466 2002 1504 me

414 1554 518 1592 non
550 1541 877 1596 calutnniose
907 1559 1188 1597 accusasse
1214 1545 1504 1614 judicabit.
1533 1550 1699 1616 Atque
1719 1546 1840 1599 hinc
1866 1545 2001 1597 satis

413 1631 689 1703 intelligis,
727 1635 888 1689 lector
937 1636 1155 1703 optime,
1209 1653 1370 1706 quam
1402 1655 1507 1692 non
1539 1638 1740 1701 leviter,
1783 1646 1877 1690 aut
1910 1652 2001 1689 cu.

412 1726 531 1793 pide
568 1728 852 1781 consilium
892 1729 1353 1798 interpretationis
1407 1731 1678 1786 ordiendte
1712 1746 1879 1792 novre,
1910 1728 2001 1783 sed

414 1818 709 1869 necessario
766 1821 1104 1887 susceperim.
1146 1820 1275 1873 Haac
1328 1836 1454 1875 cum
1515 1819 2002 1875 animadvertisset

414 1907 605 1961 nescio
630 1909 756 1977 quis
791 1911 845 1963 in
882 1910 1036 1965 calce
1066 1911 1276 1967 codicis
1306 1912 1443 1966 editi
1485 1911 1777 1967 Barberini
1810 1911 2003 1982 appin-

415 1999 538 2054 xil:
582 1999 710 2055 Tres
756 2004 849 2055 isti
896 2005 1249 2072 manuscripti
1300 2004 1503 2058 codices
1538 2005 1616 2058 ita
1644 2004 1993 2067 concordant,

414 2100 475 2144 ut
505 2107 571 2145 ea:
597 2110 701 2149 uno
735 2096 1027 2163 exemplari
1074 2097 1229 2164 quasi
1281 2095 1533 2165 descripti
1580 2112 1693 2151 esse
1725 2096 2004 2149 videantur

415 2204 615 2249 omnes.
648 2187 886 2258 alioquin
917 2188 981 2241 ab
1012 2188 1153 2242 edito
1199 2190 1348 2259 longe
1381 2188 1745 2259 discrepantes
1770 2206 1790 2242 :
1829 2189 2000 2242 multa

414 2281 554 2335 enim
588 2290 817 2343 mutant,
846 2282 1102 2334 nonnulla
1142 2281 1368 2343 addunt,
1400 2282 1633 2349 plurima
1658 2282 1918 2347 recidunt,
1947 2282 2001 2334 in

414 2371 604 2441 quibus
638 2370 906 2426 Simeonis
937 2370 1310 2441 Metapltrastw
1331 2374 1548 2427 manum
1570 2373 1730 2443 facile
1754 2389 2002 2443 agnosces

415 2464 508 2533 qui
545 2466 744 2533 scripta
786 2465 1051 2533 ejusmodi
1106 2466 1169 2519 de
1220 2467 1455 2520 virorum
1509 2478 1817 2521 sanctorum
1849 2467 2001 2520 rebus

416 2557 576 2622 gestis
606 2558 825 2626 antiqua
861 2567 909 2609 et
941 2558 1072 2610 satis
1118 2559 1279 2628 longa
1312 2559 1658 2627 interpolare,
1696 2573 1849 2630 atque
1883 2576 2000 2612 mu-

420 2658 533 2703 tare
570 2649 789 2702 amavit.
832 2648 1004 2704 Porro
1039 2651 1199 2703 istam
1226 2651 1341 2719 ejus
1379 2652 1684 2717 editionem,
1711 2670 1872 2723 quam
1912 2669 2002 2705 co-

416 2740 560 2795 dices
585 2740 669 2795 illi
691 2751 1092 2810 reprtesentant,
1122 2754 1305 2798 secuta
1330 2758 1407 2801 est
1458 2757 1604 2802 vetus
1636 2750 2003 2816 interpretatio

414 2831 608 2887 Latine
642 2850 675 2887 a
713 2833 1009 2903 Lipomano
1057 2837 1291 2904 primum
1336 2840 1603 2909 evulgato,
1644 2858 1803 2912 quant
1843 2841 2005 2894 Pater

417 2924 676 2981 Possinus
700 2927 757 2980 in
791 2925 1121 2996 Prwfatione
1147 2930 1224 2983 ita
1258 2933 1518 3001 exagitat,
1556 2934 1739 2986 mitius
1772 2934 2005 3003 fortasse

415 3016 681 3085 facturus,
711 3018 758 3072 si
800 3016 1214 3089 discrepantias,
1263 3031 1420 3090 atque
1445 3024 1606 3077 etiam
1656 3041 1861 3078 errores
1900 3040 2005 3078 non

417 3107 482 3155 ab
509 3105 812 3173 interprete,
843 3107 932 3161 sed
960 3124 993 3161 a
1022 3106 1264 3162 Simeone
1307 3109 1668 3178 Metaphraste
1703 3114 2002 3183 interpola-

417 3204 530 3248 tore
555 3195 844 3265 proﬁcisci,
869 3197 949 3250 uti
988 3197 1193 3266 factunt
1223 3202 1475 3268 oportuit,
1515 3204 2001 3259 animadvertisset.

416 3286 545 3344 Hac
576 3289 629 3343 in
663 3287 978 3356 Possinum,
1000 3290 1287 3362 Lipomani
1310 3293 1670 3360 additionem,
1703 3306 1757 3351 et
1790 3295 2004 3352 Simeo-

414 3381 503 3436 nis
547 3379 931 3451 Metaphrastaa
964 3398 1165 3439 nomen
1200 3400 1296 3455 per
1332 3401 1428 3439 ora
1459 3387 1745 3441 hominum
1792 3390 2005 3459 magni-

415 3473 519 3529 tice
570 3475 831 3531 incedens
884 3477 1202 3534 traduntur.
1266 3479 1374 3535 Sed
1432 3482 1866 3538 condonandum
1918 3494 2005 3539 est

416 3567 560 3634 viro,
588 3568 681 3637 qui
704 3577 977 3638 quantum
1000 3571 1180 3626 valeat
1219 3570 1437 3627 Possini
1471 3573 1769 3644 judicium,
1802 3584 1858 3631 et
1889 3576 2005 3632 Me-

418 3661 716 3731 taphrastaa
751 3662 996 3733 dignitas
1028 3664 1082 3718 in
1123 3665 1290 3720 rebus
1326 3667 1731 3724 ecclesiasticis
1778 3684 2003 3739 promo-

418 3754 611 3809 vendis
641 3771 706 3809 cx
776 3757 1128 3826 publicarum
1173 3760 1629 3830 privatarumque
1670 3778 1856 3818 rerum
1903 3764 2005 3817 ad-

415 3846 865 3911 ministratione,
917 3850 1227 3919 peritiaque
1275 3851 1458 3921 plena,
1507 3863 1562 3907 et
1602 3870 1672 3907 an
1732 3855 1891 3910 albus
1921 3857 2004 3912 vel

416 3946 535 3992 ater
565 3937 753 4001 fuerit,
787 3939 1028 4007 ignorat.
1059 3940 1198 4006 Quis
1254 3943 1425 4005 enim,
1489 3945 1598 3999 nisi
1648 3963 1822 4017 nugas
1852 3964 2005 4002 som-

416 4027 571 4083 niare
602 4029 860 4097 voluerit,
901 4033 1139 4102 aliisque
1177 4036 1390 4103 garrire
1422 4040 1743 4103 tentaverit,
1790 4039 2005 4095 Simeo-

415 4133 542 4173 nem
557 4118 979 4190 iletaphrastem
999 4125 1168 4179 nobili
1191 4128 1553 4198 equestrique
1570 4146 1771 4200 genere
1792 4141 2000 4200 natum,

414 4210 732 4267 ministrum
764 4214 909 4269 inter
948 4216 1242 4283 primarios
1273 4220 1486 4275 militiae
1533 4221 2002 4295 Constantinopo-

415 4302 620 4364 litanae.
650 4304 718 4358 ab
750 4304 1005 4374 epistolis
1025 4314 1081 4362 et
1103 4309 1337 4363 secretis
1359 4309 1735 4380 imperatoris,
1755 4314 2005 4369 oratione

416 4396 597 4452 soluta
625 4404 681 4452 et
714 4397 898 4453 vincta
926 4414 1034 4453 non
1062 4401 1270 4471 absque
1300 4402 1641 4473 eloquentia,
1674 4414 1729 4459 et
1761 4406 2006 4460 dexteri-

415 4496 529 4544 tate
550 4489 886 4559 pratcipuum
912 4490 1148 4559 jactahit
1182 4512 1194 4547 :
1246 4509 1468 4550 errores
1501 4504 1556 4549 et
1592 4497 2004 4567 discrepantias

417 4596 449 4634 a
491 4581 585 4635 tali
623 4588 892 4652 tantoque
920 4583 1042 4636 viro
1069 4583 1349 4652 profectas
1379 4585 1573 4653 fuisse,
1600 4596 1655 4642 et
1690 4589 1837 4644 vitas
1861 4591 2005 4644 anti-

414 4687 648 4741 quorum
693 4680 1013 4729 sanctorum
1079 4674 1449 4745 interpolasse
1498 4678 1897 4742 contendenti,
1950 4689 2005 4734 et

416 4774 633 4821 tantum
665 4779 867 4821 nomen
908 4767 1149 4832 laedenti,
1189 4769 1408 4823 veniam
1440 4770 1733 4833 concedet,
1765 4772 1859 4826 sed
1894 4788 2003 4825 non

417 4858 902 4927 prosperandam?
931 4857 1036 4914 Sed
1062 4874 1252 4928 parum
1280 4860 1477 4931 peritis
1515 4877 1639 4925 usu,
1677 4871 1731 4916 et
1764 4862 1831 4916 de
1856 4865 2001 4918 facili

418 4949 911 5020 pronuntiantibus
938 4950 1121 5004 omnia
1162 4967 1270 5005 non
1312 4951 1501 5005 invitis
1534 4952 1788 5007 manibus
1823 4955 2004 5009 danda

419 5050 549 5096 sunt

490 5132 734 5189 Dicimus
775 5149 929 5205 ergo,
982 5144 1038 5189 et
1088 5135 1321 5188 firmiter
1358 5149 1770 5199 asseveramus,
1832 5136 2003 5192 Meta-

419 5225 681 5295 phraslen
714 5227 865 5281 nullo
888 5226 1052 5281 modo
1086 5228 1226 5281 vitas
1254 5234 1578 5283 sanctorum
1612 5229 1998 5299 interpolasse,

420 5317 525 5381 sic,
553 5329 611 5371 ut
634 5317 804 5372 multa
839 5318 1237 5383 immutaverit,
1272 5320 1507 5390 plurima
1569 5319 1865 5387 addiderit,
1896 5323 2003 5376 alia

422 5408 705 5463 reciderit.
735 5408 841 5463 Sed
873 5410 1184 5465 immutavit
1214 5411 1435 5465 cautior
1474 5410 1679 5477 factus,
1708 5428 1829 5482 quae
1868 5414 2007 5468 alio-

420 5516 542 5555 rum
579 5501 913 5571 seriptorum
948 5503 1318 5558 monumentis
1350 5503 1459 5557 alio
1485 5519 1715 5572 prorsus
1758 5506 1918 5560 modo
1945 5523 2004 5561 se

332 5580 337 5587 ’
420 5592 703 5655 habuisse,
753 5602 807 5647 et
852 5604 1048 5649 contra
1099 5594 1193 5664 jus
1245 5595 1440 5665 fasque
1499 5595 1672 5651 fuisse
1728 5595 1997 5668 dignovit.

404 5683 644 5744 Addidit
679 5685 747 5741 ab
779 5686 902 5741 aliis
942 5686 1172 5743 edoctus
1198 5687 1366 5758 digna
1395 5687 1558 5754 scitu,
1604 5692 1883 5759 praeterita
1919 5700 2000 5746 ta-

2104 358 2226 397 men
2259 345 2328 399 ab
2359 343 2607 412 antiquis
2627 341 2873 396 Vitarum
2899 342 3292 412 scriptoribus.
3318 342 3685 400 Rcciditalio-

2106 451 2228 490 rum
2256 434 2483 505 scriptis
2509 435 2706 499 relata,
2752 433 2848 489 sed
2885 434 3078 499 nimia,
3121 436 3219 490 sed
3256 451 3683 507 supervacanea,

2105 527 2203 584 sed
2224 528 2497 592 fabulosa,
2517 527 2614 583 sed
2634 526 2891 591 ridicula,
2912 536 2968 580 et
2989 542 3379 596 perversorum
3399 528 3683 583 hominum

2105 621 2313 675 malitia
2360 621 2778 692 superindueta.
2813 620 2883 675 Et
2916 620 3044 684 hoc,
3087 621 3161 674 mi
3209 623 3318 687 vir,
3351 622 3686 690 interpolare

2110 713 2262 770 Vitas
2305 724 2627 770 sanctorum
2671 715 2795 769 est?
2842 713 2910 766 Et
2942 714 3047 768 hoc
3090 730 3157 769 ne
3201 716 3326 775 erit,
3360 712 3519 770 Vitas
3552 715 3687 769 locis

2107 805 2439 877 quibusdam
2477 806 2829 870 immutasse,
2864 803 3240 866 intercidisse,
3268 804 3486 873 illisque
3522 803 3689 857 addi-

2106 898 2292 953 disse?
2315 896 2716 967 Metaphrastes
2737 895 2897 951 Vltas
2933 905 3082 951 recte
3108 895 3499 965 sapienterque
3518 896 3690 949 dicta-

2108 998 2214 1055 tas,
2242 991 2479 1046 intactas
2502 990 2748 1061 reliquit,
2768 1006 2836 1045 ex
2858 989 3090 1043 aliorum
3109 987 3311 1042 studiis
3329 1003 3392 1043 ac
3406 988 3689 1042 laboribus

2108 1082 2312 1137 nullam
2357 1083 2463 1138 sibi
2512 1082 2715 1137 famam
2773 1083 3152 1146 emendicans,
3202 1081 3299 1137 sed
3340 1097 3369 1133 a
3408 1083 3589 1151 capite
3621 1080 3689 1134 ad

2107 1175 2314 1229 calcem
2341 1189 2524 1229 rerum
2547 1184 2850 1245 gestarum,
2883 1175 2961 1227 uti
2995 1184 3162 1245 gestae
3194 1182 3347 1237 sunt,
3388 1173 3691 1242 expositio-

2108 1283 2255 1333 nem,
2281 1268 2508 1338 proprio
2549 1267 2689 1339 stylo
2722 1282 3031 1337 genereque
3060 1265 3284 1320 dicendi
3320 1266 3396 1320 ita
3420 1264 3686 1334 expediit,

2108 1369 2170 1414 ut
2210 1361 2375 1416 nullis
2404 1359 2637 1414 aliorum
2679 1359 3011 1429 scriptorum
3064 1356 3330 1428 periodis,
3382 1357 3525 1411 addo
3570 1355 3689 1411 for-

2109 1453 2275 1508 mulis
2304 1462 2358 1507 et
2398 1454 2568 1515 notis,
2599 1468 2761 1507 usum
2791 1451 2962 1506 fuisse
2985 1450 3055 1505 ab
3087 1461 3202 1505 arte
3226 1450 3691 1504 oratoriainstru-

2108 1552 2231 1598 ctus
2260 1543 2581 1613 dignoscere
2601 1544 2793 1612 possit.
2828 1541 2905 1597 lla
2937 1551 3042 1597 est.
3073 1541 3333 1596 Prostant
3363 1551 3689 1597 sanctorum

2111 1636 2468 1706 antiquorum
2491 1636 2619 1690 vitae
2646 1636 2715 1690 ab
2751 1636 2875 1689 aliis
2908 1646 3034 1689 ante
3070 1628 3478 1704 Metaphrasten
3509 1634 3691 1705 publi-

2109 1738 2265 1795 catae,
2305 1745 2427 1799 qua:
2457 1729 2804 1800 postmodum
2840 1729 2909 1782 ab
2945 1728 3136 1783 eodem
3171 1726 3437 1783 facultate
3466 1727 3688 1783 dicendi

2109 1822 2375 1893 singulari
2408 1823 2463 1875 in
2505 1822 2788 1877 meliorem
2827 1830 2995 1889 atque
3015 1821 3416 1876 accuratiorem
3437 1828 3689 1875 tenorem

2110 1915 2270 1970 editae
2310 1925 2463 1981 sunt,
2500 1915 2692 1984 quales
2724 1915 2927 1969 multas
2977 1914 3031 1967 in
3068 1928 3188 1968 mea
3218 1913 3288 1969 de
3335 1912 3690 1969 Simeonibus

2109 2006 2354 2061 Diatriba
2415 2007 2728 2061 luculenter
2778 2005 3085 2075 designavi.
3129 2003 3300 2060 Sume
3353 2006 3409 2059 in
3465 2020 3687 2070 manus,

2110 2100 2374 2154 attentius
2404 2099 2611 2160 lectita,
2636 2113 2791 2167 aeque
2841 2098 3089 2167 beneque
3127 2098 3435 2167 judicatum
3468 2097 3688 2152 demum

2110 2192 2441 2247 sententiam
2478 2190 2684 2259 profer.
2720 2188 2927 2244 Planus
2964 2188 3158 2255 fueris,
3201 2189 3248 2244 si
3278 2187 3689 2258 Melaphrasten

2109 2285 2353 2339 virorum
2387 2293 2708 2337 sanctorum
2742 2298 2832 2337 res
2883 2290 3069 2352 gestas
3116 2281 3404 2350 antiquas,
3463 2292 3521 2336 et
3557 2283 3690 2337 satis

2110 2379 2303 2447 longas
2335 2377 2718 2445 interpolasse,
2748 2384 2913 2441 atque
2937 2376 3262 2430 immutasse
3283 2376 3689 2438 enuntiaveris.

2109 2484 2163 2528 et
2201 2471 2509 2527 doctissimi
2544 2469 2766 2524 Possini
2799 2469 2867 2523 de
2911 2469 3014 2521 hac
3054 2468 3290 2522 historia
3342 2467 3447 2522 Nili
3498 2468 3690 2526 Latine

2110 2565 2251 2633 apud
2284 2563 2651 2633 Lipomanum
2680 2570 2887 2615 rectum
2917 2577 3027 2614 non
3053 2577 3177 2616 esse
3202 2562 3534 2633 intelligens,
3557 2578 3691 2632 pru-

2108 2658 2357 2725 densque
2397 2654 2691 2724 judicium,
2739 2661 2833 2706 aut.
2880 2652 3085 2722 injuria
3121 2654 3269 2707 illam
3304 2670 3557 2709 vexasse.
3590 2654 3691 2708 Cui

2111 2747 2385 2820 siquidem
2425 2760 2535 2799 non
2561 2754 2667 2807 est,
2699 2745 2753 2797 in
2782 2744 3167 2799 exscribendis
3200 2745 3553 2814 antiquorum
3605 2761 3693 2800 vo-

2111 2840 2413 2896 luminibus
2431 2838 2832 2906 exscriptorum
2872 2836 3163 2899 incuriam,
3201 2852 3376 2906 neque
3405 2838 3457 2890 in
3480 2838 3691 2891 doctri-

2112 2948 2204 2996 na,
2237 2945 2414 3000 neque
2440 2930 2492 2982 in
2522 2927 2837 2982 eruditione
2857 2928 3263 2991 excellentiam,
3292 2936 3347 2981 et
3368 2930 3415 2984 si
3446 2930 3691 2997 codices,

2112 3024 2314 3093 quibus
2358 3020 2761 3083 innitebantur,
2815 3020 3096 3089 depravati
3149 3019 3401 3075 distortis
3462 3022 3691 3089 litteris,

2114 3117 2229 3172 sive
2256 3112 2529 3183 ambiguis
2566 3110 2809 3175 confusi,
2845 3112 3008 3165 verba
3041 3111 3410 3167 similitudine
3451 3113 3691 3183 syllaba-

2112 3224 2236 3263 rum
2268 3208 2487 3269 vitiosa,
2534 3205 2703 3258 multa
2740 3204 2906 3259 etiam
2948 3203 3032 3259 vel
3086 3204 3425 3273 malignitate
3481 3206 3690 3270 addita,

2111 3298 2197 3352 vel
2227 3296 2407 3366 spatio
2451 3296 2722 3363 temporis
2756 3294 3042 3362 fugientia,
3080 3293 3411 3348 intrusisse?
3440 3293 3692 3365 Iniquum

2111 3398 2195 3444 est
2246 3388 2445 3442 similia
2492 3386 2873 3454 Metaphrastae
2912 3385 3234 3439 attribuere.
3278 3385 3340 3438 Et
3376 3402 3444 3441 ne
3476 3388 3690 3441 nimius

2113 3483 2239 3541 sim,
2278 3480 2402 3532 vide
2434 3495 2556 3547 qua:
2584 3475 2651 3532 de
2693 3476 3067 3546 Metaphraste
3121 3477 3176 3530 in
3214 3477 3496 3542 dictando,
3529 3487 3695 3548 atque

2110 3575 2294 3629 verbis
2336 3572 2619 3627 struendis
2658 3569 2842 3625 studio
2893 3570 3143 3639 apposite
3188 3569 3244 3623 in
3290 3568 3484 3639 Elogio
3520 3570 3694 3639 ipsius

2111 3667 2388 3722 construit
2432 3664 2666 3727 Psellus,
2700 3662 2944 3716 Diatriba
2966 3671 3159 3716 nostra
3206 3661 3272 3717 de
3319 3661 3693 3726 Simeonibus,

2111 3767 2166 3815 et
2204 3774 2395 3813 eorum
2429 3757 2678 3825 scriptis,
2729 3755 2785 3808 in
2817 3770 2926 3824 qua
2958 3755 3126 3807 rmilta
3166 3753 3232 3809 de
3273 3753 3376 3808 hac
3413 3754 3606 3809 eadem
3639 3772 3695 3811 re

2112 3862 2181 3903 ex
2220 3848 2363 3910 aliis,
2410 3854 2578 3915 atque
2624 3842 2747 3899 aliis
2799 3842 3117 3897 auctoribus
3150 3843 3489 3912 collegimus.
3528 3845 3595 3897 Et
3634 3861 3698 3901 ne

2113 3957 2213 3997 nos
2250 3941 2452 3995 similia
2480 3950 2670 3993 nostra
2703 3936 3099 4006 imaginatione
3130 3937 3341 4007 agitare
3382 3935 3576 3990 belluli
3637 3953 3697 3991 ac

2114 4032 2295 4087 festivi
2343 4030 2588 4101 saperdas
2655 4028 3029 4097 suspicentur,
3085 4027 3283 4080 habeto
3336 4027 3460 4094 tibi,
3501 4028 3696 4091 lector,

2114 4137 2236 4193 qua:
2287 4136 2388 4191 pro
2437 4120 2627 4173 eodem
2678 4117 3046 4185 Metaphraste
3079 4113 3421 4184 Lipomanus
3473 4118 3699 4187 scriptis

2114 4213 2389 4269 memoria:
2416 4210 2678 4282 prodidit.
2704 4208 2782 4262 De
2805 4207 3168 4277 Metapltraste
3199 4217 3376 4261 autem
3403 4212 3697 4263 communis

2110 4308 2408 4375 priscorum
2462 4304 2697 4356 virorum
2752 4299 3008 4353 Ecclesia:
3066 4298 3361 4354 Orientalis
3410 4304 3695 4366 sententia,

2122 4398 2272 4452 Vitas
2304 4406 2610 4451 sanctorum
2639 4410 2704 4448 ea:
2735 4394 2956 4447 diversis
2993 4403 3271 4446 auctorum
3314 4393 3465 4446 libris
3492 4411 3614 4448 eum
3645 4396 3697 4448 in

2113 4506 2277 4543 unum
2302 4488 2544 4541 volumen
2574 4486 2854 4554 redegisse,
2893 4494 2942 4538 et
2976 4500 3094 4553 qua:
3139 4485 3369 4552 alicujus
3410 4486 3513 4538 viri
3545 4496 3698 4539 erant

2113 4582 2404 4648 inscriptae,
2428 4578 2523 4632 sub
2557 4577 2654 4631 hoc
2678 4575 2834 4629 titulo
2864 4576 3173 4646 reliquisse;
3202 4593 3318 4645 qua:
3339 4593 3457 4631 vero
3482 4578 3550 4630 ab
3579 4578 3699 4631 aliis

2113 4673 2391 4740 descripta:
2439 4679 2613 4734 erant,
2646 4670 2769 4721 rudi
2809 4679 3004 4733 tamen,
3041 4679 3092 4722 et
3144 4670 3349 4722 insulso
3397 4670 3564 4739 stylo,
3610 4688 3699 4725 eas

2113 4765 2285 4830 ipsum
2319 4763 2504 4815 multis
2546 4760 2842 4823 laboribus,
2880 4768 2931 4813 et
2976 4760 3263 4813 sudoribus
3301 4776 3615 4829 exornasse,
3651 4772 3697 4817 et

2112 4854 2407 4908 eruditione
2425 4869 2523 4906 sua
2538 4854 2865 4919 exposuisse,
2882 4863 3037 4919 prout
3053 4851 3358 4907 Theodorus
3379 4853 3697 4917 Balsamon,

2112 4957 2163 5001 et
2187 4945 2653 5015 Psellus,ideoque
2668 4955 2716 4998 et
2735 4942 3120 5012 Metaphrastw
3153 4962 3343 4999 nomen
3373 4947 3545 5015 fuisse
3570 4950 3700 5002 ade-

2113 5052 2293 5111 ptum,
2328 5039 2699 5112 μεταφράζειν
2729 5039 2867 5092 enim
2904 5037 3101 5099 Grazce,
3128 5037 3315 5094 Latine
3338 5050 3439 5106 est,
3470 5043 3702 5111 scriptu-

2113 5151 2232 5187 ram
2265 5133 2501 5202 aliquam
2543 5130 2953 5185 dilucidioribus
2995 5132 3171 5185 verbis
3193 5173 3208 5198 ,
3244 5149 3402 5187 sensu
3429 5142 3621 5188 tamen
3650 5143 3701 5189 et

2116 5229 2341 5281 materia
2388 5226 2607 5279 retentis
2651 5224 3018 5292 interpretari.
3065 5223 3198 5289 Qua:
3232 5234 3408 5277 autem
3434 5240 3467 5276 a
3493 5226 3701 5279 nemine

2114 5325 2286 5379 adhuc
2342 5322 2554 5389 scripta:
2609 5319 2859 5386 fuerant,
2919 5317 3010 5371 sed
3046 5318 3202 5387 quasi
3250 5332 3343 5385 per
3375 5327 3699 5389 manumtet

2115 5416 2455 5470 traditionem
2490 5430 2523 5467 a
2551 5410 2805 5465 Patribus
2836 5418 3084 5477 accepttt',
3117 5418 3166 5463 et
3190 5424 3284 5477 pro
3314 5410 3451 5463 veris
3476 5409 3695 5475 habitat,

2114 5511 2209 5563 lius
2238 5510 2344 5577 ipse
2364 5505 2590 5576 eleganti
2624 5512 2673 5557 et
2705 5501 2917 5557 condito
2954 5502 3093 5572 stylo
3117 5503 3413 5570 descripsit,
3439 5511 3489 5555 et
3521 5503 3696 5573 legen-

2113 5602 2210 5656 das
2251 5600 2503 5653 Ecclesia:
2542 5597 2841 5665 proposuit,
2900 5605 3153 5664 tantaque
3202 5594 3524 5649 auctoritate
3564 5594 3698 5648 liber

2114 5694 2195 5747 hic
2219 5692 2275 5751 in
2312 5693 2477 5746 lucem
2500 5688 2720 5757 vrodiit,
2759 5696 2831 5771 ut.
2851 5686 2991 5757 apud
3025 5684 3349 5742 Orientalem
3373 5684 3695 5767 Ecclesium,
