3822 6216
160 227 227 289 45
1405 226 1718 285 ΝΟΤΙΤΙΑ

1876 222 1936 282 S.
1970 224 2241 283 NILUM.
3381 214 3459 280 46⁸

160 337 249 404 qui
278 345 592 389 sanctorum
636 334 786 389 Vitas
819 345 1014 403 pra’ter
1048 350 1211 387 unum
1243 333 1541 389 Simeonem
1578 333 1755 387 Meta-

159 430 434 495 phrastem
486 429 782 495 scripserit,
820 445 913 481 nec
947 439 1242 497 quaeratur,
1295 444 1387 481 nec
1440 428 1755 495 reperiatur.

162 520 415 585 Quinimo
446 524 500 574 in
529 523 641 574 suis
674 519 919 585 Henteis,
953 532 1002 575 et
1027 520 1208 575 Sacris
1234 529 1569 583 sanctorum,
1613 520 1759 572 Vitas

162 612 378 671 recitat,
400 628 507 664 non
536 612 677 664 alias
700 628 859 681 quam
889 627 955 665 ea:
982 612 1099 663 istis
1119 610 1428 677 desumptas
1454 608 1597 677 legit,
1628 608 1760 659 adeo

163 722 256 771 pro
306 704 496 765 certis.
535 706 674 758 veris
708 714 759 757 et
793 703 1136 765 authenticis,
1170 702 1235 755 ab
1268 701 1534 764 omnibus,
1572 709 1621 753 et
1648 716 1762 751 om-

164 798 309 849 nium
336 800 665 851 auctoritate
684 798 1033 866 conﬁrmatis.
1073 794 1190 849 Ima
1212 812 1303 848 nec
1323 794 1560 848 Ecclesia
1576 793 1763 847 Grarca

164 906 363 956 preces,
412 890 792 955 orationesque
833 887 1235 956 Metaphrastw,
1294 898 1412 956 post
1473 884 1668 939 Basilii
1712 891 1763 935 et

167 979 543 1051 Chrysostomi
572 982 984 1048 supplicationes
1017 982 1201 1034 statim
1228 982 1476 1039 locasset.
1501 981 1547 1032 si
1583 994 1765 1031 recen-

166 1072 230 1124 tis
267 1073 529 1138 tensporis
563 1072 800 1125 auctoris
829 1084 985 1125 esset.
1024 1070 1136 1125 Nec
1182 1089 1214 1124 a
1262 1070 1584 1124 Balsamone
1629 1069 1764 1121 alle-

162 1181 406 1234 garetur,
440 1166 539 1234 qui
583 1166 731 1219 ultra
764 1165 871 1219 400
912 1182 1085 1219 annos
1139 1165 1346 1232 ﬂoruit.
1378 1174 1428 1217 et
1460 1162 1642 1215 Psello
1676 1161 1767 1230 qui

166 1257 308 1309 ultra
345 1258 683 1326 quingentos.
718 1256 953 1326 Denique
988 1274 1079 1311 nec
1106 1258 1161 1310 in
1192 1258 1417 1310 concilio
1456 1253 1766 1309 Florentino

166 1346 234 1397 ad
252 1348 696 1415 confirmandum
719 1348 911 1418 dogma
930 1348 1059 1417 ﬁdei
1086 1350 1220 1403 inter
1244 1348 1486 1402 doctores
1513 1346 1769 1400 Ecclesia:

165 1439 445 1491 citaretur.
483 1437 616 1492 Ila’c
652 1440 865 1505 fuerant
898 1440 1121 1510 reliqua,
1157 1457 1276 1511 qua!
1304 1441 1369 1494 de
1410 1441 1505 1493 hoc
1535 1440 1646 1492 viro
1676 1455 1769 1491 no-

166 1533 332 1585 tanda
357 1543 541 1586 erant.
575 1532 641 1586 Et
667 1535 722 1586 in
757 1534 1081 1589 Praefatione
1110 1543 1243 1587 tom.
1270 1536 1313 1588 V
1346 1554 1361 1589 :
1392 1534 1538 1588 Illud
1556 1534 1769 1603 quidem

165 1624 398 1690 primum
417 1633 525 1687 est,
545 1640 724 1678 omnes
746 1625 844 1677 has
869 1623 1017 1678 Vitas
1031 1624 1095 1677 de
1116 1622 1300 1677 Graeco
1320 1626 1373 1676 in
1398 1623 1653 1677 Latinum
1670 1640 1767 1679 no-

167 1726 281 1767 stro
310 1715 560 1779 hortatu,
587 1717 887 1785 nostrisque
912 1718 1164 1782 suppetiis
1190 1734 1222 1769 a
1249 1716 1521 1785 Centiano,
1543 1717 1772 1770 llerveto

166 1806 326 1861 Gallo
382 1810 503 1861 viro
560 1809 719 1862 docto
773 1826 950 1863 recens
986 1810 1154 1878 fuisse
1203 1810 1529 1867 translatas.
1577 1824 1772 1878 easque

166 1916 307 1952 nunc
327 1901 567 1968 primum
595 1900 990 1956 Occidentalem
1020 1902 1317 1957 Ecclesium
1338 1904 1622 1970 suscipere,
1655 1919 1773 1971 qua:

168 1992 318 2059 quali
353 2001 665 2061 quantoque
705 1994 953 2048 thesauro
993 1995 1261 2066 hucusque
1296 1995 1359 2048 ob
1397 2011 1582 2048 earum
1626 1995 1773 2063 igno-

168 2085 439 2136 rationem
496 2084 711 2150 privata
754 2084 954 2153 fuerit,
996 2096 1279 2156 postquam
1335 2094 1501 2140 totum
1528 2085 1775 2139 volumen

169 2176 527 2242 percurreris,
572 2186 629 2228 tu
664 2178 773 2245 ipse
805 2178 975 2247 judex
1006 2180 1237 2247 optimus
1269 2196 1382 2232 esse
1409 2180 1630 2248 poteris.

241 2264 313 2319 Et
345 2267 452 2320 hoc
482 2266 708 2336 quidem
732 2267 1093 2338 Lipomanus,
1126 2269 1174 2323 si
1208 2271 1393 2338 priora
1417 2270 1612 2324 atteris
1642 2284 1777 2323 ocu-

170 2356 319 2411 latus
355 2374 387 2411 a
419 2357 609 2415 fronte
653 2363 850 2424 simul,
898 2371 952 2415 et
996 2362 1299 2432 occipitio,
1356 2364 1403 2417 si
1464 2364 1777 2434 posteriora

170 2451 355 2520 quinti
394 2453 559 2516 tomi,
602 2452 725 2522 plus
749 2453 999 2508 cimicem
1034 2454 1346 2535 sanguinis,
1380 2464 1441 2507 ut
1472 2454 1546 2506 ita
1567 2452 1774 2515 dicam,

172 2558 338 2611 quam
380 2545 540 2621 illum
564 2546 795 2601 rationis
828 2546 1091 2601 habuisse
1133 2548 1307 2601 dices.
1336 2547 1479 2613 Quid
1503 2548 1649 2601 enim
1691 2550 1776 2601 iu-

174 2636 619 2701 consideratius,
645 2646 741 2690 aut
786 2637 1162 2693 inconsultius
1207 2639 1322 2692 ﬁeri
1354 2640 1556 2709 potuit,
1612 2654 1777 2708 quam

173 2730 330 2785 Vitas
356 2739 691 2784 sanctorum
720 2732 1037 2794 universas,
1076 2746 1202 2799 qua:
1225 2732 1435 2784 nullum
1490 2742 1779 2786 auctorem

172 2824 338 2877 titulo
390 2822 799 2892 przet'erebant,
849 2824 1001 2876 nulla
1052 2824 1121 2877 ad
1178 2824 1446 2893 liquidum
1492 2824 1777 2893 explorata

173 2912 441 2974 Veritate,
502 2910 747 2965 Simeoni
802 2910 1187 2980 Metaphrastaa
1231 2913 1569 2982 appingere?
1618 2912 1778 2967 Unde

175 3005 542 3074 postmodum
596 3013 676 3059 tot
731 3004 889 3059 fatua:
939 3005 1194 3068 vulnera,
1248 3014 1303 3059 et
1345 3013 1509 3060 notas
1550 3005 1778 3058 innoxio

177 3098 416 3161 homini,
440 3106 499 3151 et
532 3098 603 3151 ab
636 3099 786 3151 omni
821 3098 980 3168 culpa
1013 3098 1407 3159 remotissima,
1440 3099 1778 3169 pravissinti,

175 3199 227 3242 et
250 3189 505 3259 pessime
536 3188 805 3243 dit‘lamati
838 3191 1105 3253 bteretici,
1138 3202 1194 3245 et
1223 3190 1443 3245 fabulas
1495 3190 1782 3245 fabuloso-

176 3298 298 3335 rutn
334 3298 652 3351 mangones
683 3283 1283 3359 concriminati‘sunt?
1334 3283 1408 3338 De
1444 3285 1647 3354 quibus
1680 3300 1782 3339 nos

176 3373 308 3426 alibi
358 3372 571 3428 fusius.
627 3372 785 3428 Nunc
837 3358 1218 3430 tantum-Villis
1266 3374 1463 3428 addam
1510 3376 1579 3429 de
1632 3376 1783 3432 illius

175 3474 371 3526 aetate,
402 3462 553 3533 quod
586 3462 816 3533 Nieeph.
842 3463 1117 3533 Gregoras
1141 3465 1194 3518 in
1220 3464 1342 3519 Vita
1375 3476 1581 3520 sancta:
1605 3464 1783 3520 Theo-

178 3556 468 3624 phanonis
505 3553 707 3609 Leonis
741 3556 834 3609 lilii
858 3554 1045 3610 Basilii
1079 3556 1397 3612 Macedonis
1430 3559 1784 3628 imperatoris

178 3646 794 3717 Constantinopolitani
840 3648 1055 3711 uxoris.
1118 3648 1187 3703 de
1251 3648 1454 3705 studiis
1511 3650 1785 3704 restitutis

188 3741 258 3794 ab
324 3740 533 3795 eodem
604 3737 790 3794 Leone
852 3740 909 3794 in
976 3740 1112 3794 urbe
1186 3742 1491 3811 Byzantina
1560 3757 1781 3810 agens:

182 3835 254 3887 Τό
283 3852 353 3902 γε
384 3834 495 3904 μὴν
528 3834 639 3887 τῶν
671 3834 845 3902 λόγων
876 3834 1098 3905 κράτος,
1122 3835 1283 3905 εἴπερ
1308 3835 1443 3905 δήτι
1469 3834 1579 3887 τῶν
1614 3835 1787 3887 ἁπάν-

178 3942 290 3978 των
332 3925 540 3983 ἄλλων.
592 3926 687 3977 καὶ
736 3925 860 3977 τότε
915 3924 1140 3994 μᾶλλον,
1183 3925 1343 3995 εῐπερ
1384 3923 1575 3979 ἄλλοτέ
1629 3942 1784 3986 ποτε,

185 4016 439 4086 μεγάλην
455 4014 585 4084 ἔσχε
621 4014 719 4085 τὴν
740 4014 946 4085 ἀκμὴν,
983 4017 1187 4084 ἀμφοῖν
1202 4018 1314 4068 τοῖν
1345 4014 1616 4084 βασιλέοιν
1641 4014 1786 4084 μάλα

180 4127 264 4161 τοι
293 4109 564 4176 πλείστην
600 4107 913 4160 δεδωκότων
932 4108 1114 4169 αὐτοῖς
1140 4107 1238 4176 τὴν
1262 4109 1456 4179 ῥοπὴν,
1486 4107 1582 4160 καὶ
1598 4109 1782 4178 τιμήν.

183 4204 296 4255 Καὶ
322 4198 397 4273 ἦν
430 4204 567 4272 ὸρᾷν
592 4202 757 4253 ὁσίων
814 4200 1025 4269 ἀνδρῶν
1061 4200 1424 4267 συναλλαγὰς.
1458 4201 1552 4253 καὶ
1607 4201 1788 4268 σοφῶν

186 4298 442 4368 ρητόρων
466 4296 697 4365 Οέατρα,
733 4295 828 4348 καὶ
862 4296 1045 4348 πᾶσαν
1064 4294 1240 4361 λόγων
1273 4294 1475 4364 ἀρετῆς
1503 4294 1785 4358 ἐπίδειξιν,

186 4387 603 4459 ἀθροιζομένων
635 4386 1011 4456 ἁπανταχόθεν
1054 4384 1287 4448 πολλῶν,
1342 4385 1438 4437 καὶ
1489 4385 1788 4439 ποιούντων

190 4483 367 4550 ἄλλην
406 4480 771 4550 Σωκρατικὴν
809 4496 868 4531 τε
930 4479 1025 4531 καὶ
1076 4478 1432 4545 Πλατωνικὴν
1484 4478 1653 4530 Στοὰν
1695 4479 1790 4531 καὶ

201 4576 550 4646 Ἀκαδημίαν
589 4577 685 4628 καὶ
716 4574 947 4628 Λύκειον
976 4575 1045 4627 τὰ
1082 4574 1349 4644 βασίλεια.
1385 4573 1486 4626 Διά
1517 4574 1581 4641 δὴ
1617 4572 1791 4625 ταῦτα

190 4670 287 4721 καὶ
310 4668 519 4738 πολλὴν
546 4668 645 4737 τὴν
708 4668 950 4720 ἐπίδοσιν
984 4668 1173 4737 εἴληφε
1225 4668 1345 4720 τότε
1384 4667 1535 4737 καὶὴ
1566 4666 1664 4735 τῆς
1694 4665 1789 4718 τοῦ

190 4761 331 4815 Θεοῦ
372 4761 707 4831 Ἐκκλησίας
737 4760 1059 4829 εὐπρέπεια.
1096 4760 1170 4811 Ob
1231 4761 1340 4830 γὰρ
1387 4759 1547 4829 μόνον
1577 4761 1604 4810 ὁ
1638 4757 1791 4827 βασι-

191 4854 321 4914 λεὺς
362 4851 572 4913 πολλὰς
608 4851 720 4902 τῶν
760 4852 993 4918 ἐτησίων
1046 4850 1253 4920 ἑορτῶν
1289 4851 1381 4902 καὶ
1423 4848 1790 4918 πανηγύρεων

189 4944 420 5006 οἰκείοις
455 4944 735 5013 ἐκόσμησε
767 4943 947 5009 λόγοις
998 4945 1092 4996 καὶ
1133 4943 1320 5012 ᾠδαῖς.
1355 4941 1491 4995 ἀλλὰ
1522 4943 1614 4994 καὶ
1662 4943 1791 4994 πολ-

190 5040 321 5102 λοὺς
355 5040 471 5091 τῶν
509 5038 632 5090 τότε
680 5037 983 5107 ἐλλογίμων
1038 5035 1105 5088 τὰ
1159 5037 1322 5103 ὅμοια
1370 5037 1632 5106 πράττειν
1662 5035 1790 5088 ἐκέ-

192 5133 408 5185 λενσεν.
444 5125 547 5182 Ὧν
582 5125 661 5191 εἷς
713 5125 782 5200 ἦν
833 5131 928 5182 καὶ
984 5129 1042 5191 ὃς
1089 5130 1207 5181 τότε
1274 5128 1411 5180 ἄλλα
1480 5130 1791 5199 μετέφρασε

195 5227 335 5297 πρὸς
360 5226 425 5277 τὸ
448 5223 884 5294 εὐφραδέστερον
902 5265 916 5285 ,
946 5223 1042 5275 καὶ
1077 5223 1204 5285 τοὺς
1238 5222 1455 5285 πλείους
1480 5222 1586 5274 τῶν
1610 5240 1669 5274 τε
1694 5224 1792 5291 τῆς

195 5317 399 5386 ἀρετῆς
442 5314 703 5383 ἀσκητῶν
750 5315 845 5367 καὶ
892 5312 1144 5383 ἀθλητῶν
1195 5311 1575 5383 συνεγράψατο
1619 5311 1785 5380 βίους.

199 5409 264 5462 Et
296 5410 556 5462 dictionis
580 5407 792 5476 quidem
823 5406 1093 5460 'oratariaz
1151 5405 1333 5467 robur,
1364 5414 1412 5457 et
1442 5403 1621 5457 eodem
1661 5414 1792 5457 tem—

200 5520 341 5565 pore,
372 5505 422 5556 si
449 5501 741 5569 quidquam
788 5500 950 5561 alias,
978 5510 1087 5552 tum
1125 5500 1294 5567 magis
1323 5514 1385 5549 ac
1412 5498 1579 5566 magis
1608 5497 1792 5564 ingen-

203 5606 305 5647 tem
360 5595 715 5648 accessionem
785 5592 1002 5660 fecerat,
1053 5608 1171 5644 cuin
1224 5588 1379 5643 ambo
1449 5590 1793 5657 imperatores

205 5690 498 5743 maximum
545 5689 625 5741 illi
680 5690 909 5757 rigorem
974 5687 1325 5745 honoremque
1398 5683 1790 5737 attribuissent.

1868 330 2047 397 Quare
2067 332 2185 400 jam
2208 330 2345 384 obvii
2366 330 2657 400 cuicunque
2670 338 2821 383 erant
2848 302 3153 383 sanctdrum
3183 329 3453 386 hominum

1864 438 2210 490 congressus,
2264 422 2739 475 scientissimorum
2792 432 3067 475 oratorum
3114 421 3345 489 theatra,
3402 433 3456 478 et

1864 517 2033 567 onmis
2064 515 2297 585 facultas
2346 513 2557 568 dicendi
2595 515 2906 585 singularis,
2949 526 2997 569 et
3030 516 3203 585 copia,
3238 533 3358 570 cum
3389 532 3458 571 ea:

1867 608 1995 661 locis
2020 610 2260 662 omnibus
2294 608 2529 678 plerique
2556 619 2915 674 occurrerent,
2946 619 2994 664 et
3029 626 3216 663 novam
3258 609 3459 664 Socra-

1866 700 2045 775 ticam,
2072 709 2226 770 atque
2263 700 2599 754 Platonicam
2627 700 2811 756 Stoam
2836 701 3159 767 exhiberem,
3191 712 3239 756 et
3258 702 3459 772 regiam

1864 793 2038 861 ipsam
2065 811 2252 849 novam
2284 794 2650 859 Academiam,
2691 805 2740 848 et
2770 792 3042 865 Lyctrum,
3089 795 3461 850 Pritanazum-

1867 903 1983 954 que.
2026 884 2161 941 Inde
2186 904 2305 941 vero
2370 888 2539 941 multo
2589 900 2701 940 tum
2738 897 3019 956 augmento
3073 897 3197 941 tunc
3234 888 3463 942 invaluit

1868 982 2064 1035 dit-inte
2098 980 2352 1036 Ecclesia:
2390 981 2611 1049 species,
2647 990 2696 1033 et
2748 980 2912 1032 nitor.
2954 977 3138 1048 Neque
3176 981 3316 1032 enim
3343 988 3466 1032 tan-

1870 1073 2139 1126 tummodo
2174 1075 2465 1142 imperator
2493 1073 2768 1141 plerosque
2814 1072 2869 1125 in
2900 1088 3066 1125 annos
3088 1071 3325 1141 singulos
3348 1072 3463 1126 dies

1870 1166 2033 1235 lestos
2083 1182 2147 1219 ac
2200 1166 2561 1220 solemnitates
2604 1166 2836 1235 propriis
2874 1166 3203 1218 orationibus
3235 1165 3464 1220 cohone-

1869 1258 2049 1324 stavit,
2076 1268 2123 1311 et
2152 1259 2398 1322 canticis,
2448 1259 2538 1312 sed
2599 1266 2648 1309 et
2692 1257 2848 1309 ntulti
2879 1256 2978 1310 alii
3029 1258 3119 1327 qui
3160 1269 3271 1310 tum
3300 1259 3466 1311 vitam

1872 1351 2093 1420 agebant
2127 1360 2463 1419 prwstantes,
2493 1352 2632 1404 viros
2658 1350 2859 1403 similia
2882 1366 3130 1420 peragere
3163 1351 3465 1421 imperpvit,

1870 1456 2095 1509 quorum
2122 1457 2255 1494 unus
2321 1450 2458 1505 erat,
2508 1442 2600 1510 qui
2630 1450 2679 1494 et
2722 1442 2833 1494 alia
2870 1442 3156 1508 facundius
3197 1443 3251 1495 in
3298 1442 3467 1497 aliam

1872 1532 2085 1586 dicendi
2118 1534 2324 1600 copiam
2340 1534 2675 1603 conscripsit,
2703 1545 2752 1587 et
2778 1550 2939 1603 quam
2964 1535 3225 1601 plurimas
3254 1536 3466 1589 virtutis

1875 1612 2174 1678 ascetarum
2224 1635 2273 1679 et
2307 1626 2628 1679 athletarum
2656 1628 2791 1680 vitas
2824 1628 3175 1682 monumentis
3204 1643 3469 1682 commen-

1877 1719 2049 1782 davit,
2072 1720 2212 1773 unde
2244 1729 2292 1773 et
2326 1717 2705 1787 Metaphrastte
2741 1736 2927 1773 nomen
2962 1721 3211 1773 obtinuit.
3263 1719 3468 1774 Eadem

1876 1811 1946 1864 ad
1982 1811 2212 1865 verbum
2254 1811 2530 1879 expressit
2572 1811 2714 1865 idem
2771 1810 3047 1881 Gregoras
3098 1812 3154 1864 in
3198 1811 3319 1865 Vita
3363 1810 3472 1865 Mi-

1876 1904 2089 1957 chaelis
2153 1903 2379 1957 Sincelli
2434 1904 2709 1971 exposita,
2752 1918 2874 1971 qua:
2940 1902 3087 1957 facili
3150 1904 3374 1974 negotio
3412 1904 3471 1959 in

1878 2007 2042 2046 manu
2074 1991 2279 2047 fuerint
2302 1993 2547 2046 eamdem
2581 1992 2747 2047 vitam
2782 1994 3152 2063 percurrenti,
3184 2011 3252 2050 ne
3300 1998 3472 2051 semel

1877 2099 1940 2138 ea
1965 2100 2156 2155 parum
2179 2093 2396 2151 cautus,
2432 2093 2486 2139 et
2513 2086 2619 2139 alia
2653 2087 2837 2139 animo
2864 2086 3169 2143 observans
3196 2088 3474 2145 excidisse

1879 2177 2155 2247 malignus
2215 2176 2602 2248 Metaphrastre
2685 2179 2908 2233 laudum
2972 2180 3356 2248 obtrectator,
3413 2182 3473 2236 in

1879 2269 2255 2337 suspicionem
2294 2270 2499 2323 veniat.
2560 2270 2624 2323 Et
2677 2267 3075 2325 Constantinus
3134 2271 3475 2327 Meliteniota

1881 2370 2022 2412 orat.
2050 2359 2106 2421 2,
2146 2358 2219 2414 De
2242 2360 2596 2428 proccssioue
2643 2358 2884 2429 Spiritus
2942 2363 3164 2416 sancti:
3210 2364 3475 2435 Ἐπείπερ

1880 2451 2001 2503 κατ’
2044 2452 2197 2503 οὐδὲν
2251 2451 2529 2505 λείπονται
2586 2452 2695 2504 τῶν
2756 2452 2954 2521 λογίων
3007 2454 3254 2524 ἀνδρῶν.
3309 2458 3362 2509 εἴ
3409 2475 3475 2524 γε

1883 2542 2116 2594 συνιδεῖν
2143 2540 2434 2611 ἠϐούλοντο
2468 2542 2660 2595 τούτου
2690 2544 2788 2612 τὴν
2814 2543 3040 2597 ἔννοιαν.
3080 2545 3191 2599 Καὶ
3212 2545 3388 2610 ἄλλως
3415 2550 3474 2600 δὲ

1883 2635 1987 2687 κᾶν
2022 2633 2239 2696 ῶκλαζέ
2270 2652 2320 2686 τι
2352 2635 2489 2704 πρὸς
2542 2634 2675 2687 αὐτὸ
2724 2635 2935 2699 τούτοις
2958 2639 2986 2689 ὀ
3014 2637 3294 2708 λογισμὸς.
3328 2637 3475 2711 εἶχον

1884 2728 2187 2797 σκέψασθαι
2252 2727 2471 2789 πάντως
2519 2728 2640 2781 καθ’
2673 2730 2900 2791 ἑαυτοὺς
2936 2731 3030 2783 καὶ
3056 2731 3148 2784 τὸν
3190 2734 3478 2802 συγραψά-

1886 2838 2069 2890 μενον,
2106 2821 2187 2872 ὅτι
2221 2820 2362 2873 κατὰ
2418 2819 2509 2871 τὸν
2546 2820 2739 2890 καιρὸν
2787 2820 2881 2873 τοῦ
2920 2839 2995 2892 πρ
3016 2822 3138 2874 ὔτου
3174 2825 3475 2894 σχίσματος

1885 2912 1982 2973 ῶν,
2022 2915 2115 2965 καὶ
2137 2913 2236 2982 τὴν
2276 2910 2585 2979 ἀντιλογίαν
2615 2911 2903 2979 γινώσκων
2938 2913 3032 2966 τοῦ
3069 2915 3477 2984 δόγματος,οὑκ

1885 3008 1951 3060 ἂν
1980 3005 2123 3059 οὕτω
2160 3004 2424 3057 συνετίθει
2469 3006 2562 3058 καὶ
2597 3006 2887 3057 συνέταττε
2918 3006 2979 3058 τὸ
3008 3009 3247 3061 τοιοῦτον
3279 3011 3466 3079 ῥητὸν,

1884 3102 1931 3152 εξ
1966 3098 2101 3169 πρὸς
2122 3100 2249 3160 τοὺς
2282 3098 2545 3159 Λατίνους
2573 3100 2666 3151 καὶ
2694 3099 2856 3160 αὐτὸς
2896 3100 3093 3170 ἐπίσης
3128 3102 3239 3163 τοῖς
3264 3101 3478 3165 πολλοῖς

1884 3191 2166 3262 διεφέρετο
2188 3206 2200 3218 ·
2245 3189 2379 3245 Cum
2406 3208 2507 3243 non
2543 3191 2766 3243 multum
2810 3192 2958 3261 longe
2982 3193 3046 3245 ab
3078 3195 3306 3249 eruditis
3349 3198 3477 3251 viris

1886 3285 2115 3349 abirent,
2149 3286 2196 3338 si
2226 3285 2385 3338 modo
2417 3285 2564 3338 illius
2596 3287 2907 3338 sententiam
2946 3304 3133 3355 capere
3159 3288 3372 3341 vellent.
3408 3290 3479 3342 [ξε

1887 3379 1999 3431 alia
2026 3394 2227 3447 quoque
2259 3378 2463 3431 ratione
2485 3378 2606 3431 licet
2661 3380 2909 3447 cogitatio
2950 3380 3189 3446 ipsorum
3211 3382 3352 3434 circa
3382 3384 3479 3435 hoc

1887 3473 1966 3525 vel
1992 3473 2273 3523 minimum
2312 3470 2665 3532 claudicaret,
2713 3482 2957 3539 poterunt
2989 3476 3044 3527 in
3076 3492 3131 3528 se
3160 3478 3480 3545 scriptorem

1887 3562 2245 3623 considerare,
2274 3563 2364 3631 qui
2395 3579 2513 3617 cum
2541 3563 2594 3615 in
2624 3565 2738 3629 ipso
2765 3564 2937 3632 primo
2965 3566 3269 3622 schismatis
3288 3580 3480 3624 exortu

1888 3656 2099 3717 viveret,
2145 3664 2195 3707 et
2237 3654 2502 3723 dogmatis
2548 3656 3019 3710 contradictionem
3073 3659 3310 3723 calleret,
3344 3678 3483 3715 nun-

1887 3764 2045 3816 quam
2066 3748 2163 3800 hoc
2185 3747 2338 3799 modo
2355 3749 2742 3804 concinnasset.
2762 3760 2835 3803 vet
2861 3750 3061 3803 dictum
3078 3756 3479 3820 composuisset,

1889 3842 1936 3895 si
1969 3856 2087 3892 cum
2108 3838 2314 3892 Latinis
2334 3849 2384 3893 et
2412 3841 2521 3907 ipse
2545 3856 2690 3909 mque
2712 3852 2868 3911 atque
2888 3844 2982 3896 alii
3006 3845 3304 3901 simultates
3331 3863 3484 3903 exer-

1890 3933 2061 3986 cebat.
2104 3932 2170 3985 Et
2211 3932 2298 3986 hic
2321 3933 2444 3987 vita:
2473 3932 2717 4003 Dionysii
2739 3937 3084 4006 Areopagitae
3111 3939 3353 4008 scriptor
3384 3956 3482 4011 per

1890 4026 2148 4083 eumdem
2188 4036 2477 4082 auctorem
2500 4026 2894 4082 Meliteniotam
2922 4038 3009 4083 est
3042 4028 3266 4086 Simeon
3312 4032 3485 4089 Meta-

1891 4117 2172 4186 phrastes.
2201 4117 2341 4170 Audi
2375 4134 2388 4169 :
2420 4116 2532 4171 Καὶ
2561 4120 2590 4171 ὁ
2627 4116 2728 4181 τὰς
2753 4118 2862 4170 τῶν
2906 4119 3078 4185 ἁγίων
3111 4121 3167 4174 δὲ
3207 4122 3484 4186 πολιτείας

1891 4206 2105 4268 καὶτὰς
2130 4206 2308 4261 αὐτῶν
2337 4205 2595 4276 ἀθλήσεις
2626 4209 3056 4278 ἀφηγησάμενος
3109 4228 3482 4284 μεταφραστι-

1894 4295 2027 4358 κῶς,
2059 4299 2141 4359 εἰς
2186 4297 2247 4348 τὸ
2288 4297 2382 4348 τοῦ
2420 4298 2811 4366 Ἀρεοπαγίτου
2844 4300 3145 4371 μαρτύριον
3181 4304 3483 4367 Διονυσίου,

1895 4388 2038 4457 φημὶ
2065 4387 2159 4440 τοῦ
2193 4388 2303 4439 τῶν
2328 4387 2662 4457 ἀπορρήτων
2695 4389 3031 4456 ὲκφάντορος
3050 4409 3063 4423 ·
3092 4391 3162 4445 Ει
3211 4396 3302 4463 qni
3348 4397 3485 4448 vitas

1892 4488 1944 4531 et
1974 4495 2054 4531 res
2087 4488 2261 4548 gestas
2322 4489 2653 4540 sanctorum,
2712 4494 2996 4550 eorumque
3046 4486 3343 4538 certamina
3395 4503 3487 4540 vu-

1894 4572 2035 4623 riato
2070 4571 2208 4639 ston
2225 4572 2491 4623 enarravit
2506 4572 2557 4624 in
2578 4569 2826 4640 Dionysii
2842 4573 2881 4624 Α
2898 4577 3180 4644 reopagitw
3200 4580 3483 4648 martyrio.

1893 4663 2012 4716 dico
2038 4673 2359 4716 secretorum
2396 4665 2724 4718 revelatoris.
2762 4667 2968 4737 Collige
2994 4671 3152 4738 longe
3189 4672 3379 4739 procul
3417 4673 3487 4724 ab

1894 4754 2045 4810 omni
2076 4754 2265 4809 dubio.
2298 4754 2695 4824 Metaphrastes
2722 4774 2787 4813 eo
2810 4767 3058 4829 tempore
3083 4762 3321 4830 vigebat,
3360 4778 3487 4817 cum

1894 4849 2133 4917 primum
2167 4848 2403 4903 sclnisma
2442 4851 2583 4905 inter
2650 4850 2869 4905 Grzecos
2900 4860 2955 4905 et
3004 4851 3227 4905 Latinos
3263 4853 3329 4907 de
3357 4870 3488 4922 pro-

1893 4941 2153 4995 eessione
2214 4940 2455 5011 Spiritus
2502 4944 2676 4998 sancti
2723 4960 2791 4998 ex
2850 4945 2968 4999 solo
3010 4943 3173 4998 Patre
3203 4961 3490 5016 emergens

1894 5033 2209 5088 Graecorum
2245 5048 2369 5086 cum
2400 5032 2610 5089 Latinis
2628 5037 2992 5090 arctissimam
3023 5037 3487 5094 necessitudinem

1897 5127 2237 5196 perturbat-it
2268 5146 2280 5180 :
2315 5126 2452 5180 adeo
2483 5136 2543 5181 ut
2574 5128 2642 5182 de
2669 5127 2861 5184 eadem
2893 5130 3245 5197 processione
3274 5146 3339 5185 ex
3368 5134 3490 5187 solo

1896 5219 2056 5273 Patre
2088 5219 2199 5274 Leo
2232 5219 2349 5289 ipse
2383 5220 2703 5289 imperator,
2742 5222 2809 5275 de
2843 5221 3031 5275 schola
3064 5221 3242 5276 Pbotii
3297 5223 3487 5287 homo,

1896 5312 1951 5365 in
1987 5315 2219 5381 gratiam
2262 5312 2347 5366 sui
2373 5312 2553 5366 Photii
2586 5313 2787 5383 stylum
2816 5315 3146 5369 exercuerit.
3180 5314 3243 5369 Et
3267 5324 3486 5372 aetatem

1898 5405 2281 5474 Metaphrasta:
2317 5406 2500 5465 anxie.
2537 5417 2591 5460 et
2636 5407 2874 5476 amplius
2920 5408 3242 5478 quatrimus,
3272 5418 3329 5465 et
3358 5426 3485 5464 eum

1898 5499 2364 5560 recentissimum,
2396 5506 2450 5552 et
2489 5499 2603 5553 ludi
2664 5500 3011 5569 magistrum,
3065 5512 3120 5557 et
3178 5502 3487 5558 fabularum

1900 5592 2127 5645 anilinm
2179 5592 2630 5648 concinnatorem
2676 5595 2864 5650 verbis
2924 5596 3252 5651 clarissimis
3311 5594 3488 5665 perbi-

1869 5753 1881 5763 _
1902 5684 2178 5738 bebimus.
