3822 6216
319 264 384 328 at
569 253 574 256 â€™
1506 260 1814 326 NOTITIA
1867 259 1949 318 IN
1997 258 2058 317 s.
2094 257 2343 318 NILUM

322 384 400 427 est
463 370 676 424 Domini
733 366 1306 438 quadringentesimum
1363 375 1615 435 quartus.
1671 364 1890 418 Arcadii

325 464 674 534 imperatoris
732 461 1022 524 decimus,
1091 458 1386 512 Innocentii
1466 472 1618 526 papa:
1679 456 1894 510 tertius.

325 556 470 625 Ergo
503 555 547 610 si
577 553 855 608 scribebat
897 551 984 605 hic
1035 549 1193 603 Nilus
1242 547 1452 602 Joanne
1510 549 1900 618 Cbrysostomo

329 646 568 700 nondum
602 651 836 708 mortuo,
877 652 935 696 ut
959 641 1214 712 superius
1253 639 1510 702 vidimus,
1570 646 1710 702 erat,
1775 653 1904 691 cum

329 737 446 791 haec
475 734 782 805 posteriora
808 735 1360 788 scriberetannorum
1390 729 1686 799 nonaginta
1709 728 1898 789 trium,

330 827 532 897 quibus
555 827 599 881 si
631 826 893 896 appingas
923 840 1098 878 annos
1125 824 1410 877 minimum
1434 823 1675 893 triginta,
1706 821 1904 890 quibus

333 919 437 973 sub
477 919 740 988 magistro
805 913 1220 986 Chrysostomo,
1277 931 1455 970 mores
1510 913 1576 967 ad
1627 913 1904 967 mollitiem

333 1008 560 1061 idoneos
585 1007 752 1070 exuit,
785 1015 839 1059 et
867 1006 1075 1058 artibus
1106 1005 1356 1073 ingenuis
1386 1004 1688 1059 instructus
1720 1014 1907 1055 aucto-

336 1098 577 1159 ritatem,
605 1105 658 1150 et
684 1096 899 1150 dicendi
934 1095 1238 1150 libertatem
1270 1102 1624 1159 consecutus,
1669 1095 1906 1163 impera-

337 1198 516 1242 torum
560 1190 706 1242 labes
755 1195 808 1241 et
862 1188 1106 1242 maculas
1141 1202 1246 1241 non
1303 1188 1580 1242 communi
1634 1186 1910 1254 vitupera-

341 1280 516 1343 tione,
549 1279 646 1332 sed
693 1278 1027 1349 ingenuitate
1078 1278 1245 1333 libera
1283 1279 1676 1348 reprehendere
1704 1284 1908 1346 posset,

341 1385 514 1424 annos
546 1381 657 1422 tmn
679 1378 896 1424 centum
927 1370 1116 1440 viginti
1174 1376 1288 1424 tres
1323 1371 1680 1423 numerabat:
1727 1369 1909 1422 forsan

343 1463 447 1515 hoc
477 1478 586 1514 non
610 1460 884 1515 videbitur
908 1459 1234 1513 absurdum.
1282 1459 1442 1512 Forte
1474 1459 1617 1513 enim
1667 1459 1739 1510 ita
1789 1457 1915 1510 tulit

344 1560 538 1606 natura
573 1553 842 1617 locorum,
876 1551 1234 1617 Continentia,
1263 1560 1316 1605 et
1339 1549 1552 1605 affectio
1580 1549 1768 1615 animi,
1798 1563 1918 1620 qua:

343 1643 562 1698 sanitati
589 1642 836 1711 corporis
868 1655 1214 1709 nequaquam
1256 1645 1474 1692 uocent.

418 1732 527 1801 Ego
551 1746 676 1784 cum
707 1731 759 1783 in
787 1729 929 1783 Bene
962 1737 1086 1782 nata
1126 1729 1273 1797 regni
1318 1725 1658 1796 Neapolitani
1695 1724 1920 1796 provin-

343 1820 452 1887 cia,
497 1820 786 1875 Basilicata
827 1820 1066 1889 sequiori
1115 1821 1336 1872 nomine
1379 1818 1544 1881 dicta,
1577 1818 1919 1880 immorarer,

344 1912 573 1981 cognovi
601 1912 668 1966 de
699 1911 904 1982 plebeia
931 1911 1078 1973 fzece,
1099 1919 1286 1962 auctos
1318 1918 1496 1962 tamen
1523 1907 1729 1961 divitiis
1758 1905 1918 1968 duos,

343 2010 401 2055 et
433 2017 557 2057 cum
589 2003 657 2057 iis
700 2002 908 2072 pariter
949 2000 1210 2054 habitavi.
1263 1999 1430 2052 Erant
1475 1997 1549 2052 illi
1598 1997 1922 2050 duramento

344 2089 590 2159 corporis
639 2088 950 2158 praevalidi,
1005 2087 1307 2156 compactis
1367 2085 1549 2139 nervis
1601 2083 1920 2144 firmissimi,

344 2179 604 2232 dentibus
645 2177 756 2231 fere
783 2176 1038 2230 omnibus
1072 2174 1387 2243 constipati,
1422 2181 1498 2237 et,
1537 2179 1596 2226 ut
1624 2174 1790 2226 verbo
1824 2186 1922 2225 ex-

345 2269 583 2338 pediam,
619 2268 836 2322 athletis
873 2268 1010 2336 ipsis
1041 2267 1403 2320 robustiores.
1431 2265 1498 2319 Hi
1531 2271 1660 2318 ante
1691 2262 1924 2333 primam

347 2360 524 2413 lucem
566 2365 678 2414 tres
707 2358 793 2412 vel
838 2365 1074 2426 quatuor
1116 2357 1302 2420 horas,
1343 2356 1574 2408 hiberno
1604 2353 1766 2407 etiam
1801 2361 1929 2405 tem-

348 2464 502 2520 pore,
543 2464 668 2504 cum
701 2457 983 2502 ventorum
1030 2447 1326 2516 algoribus,
1360 2454 1412 2499 et
1451 2445 1655 2498 nivium
1701 2442 1928 2496 tumulis

348 2541 531 2593 omnia
572 2539 986 2607 congelascunt,
1022 2536 1349 2605 experrecti,
1399 2536 1582 2589 subito
1627 2534 1794 2588 cubili
1829 2549 1928 2587 ex-

351 2632 621 2685 sultantes
649 2645 763 2699 prae
792 2629 979 2683 lmtitia
1019 2628 1443 2697 egrediebantur
1475 2645 1489 2680 :
1522 2634 1577 2680 et
1601 2633 1723 2695 post
1756 2626 1929 2695 agita-

353 2730 532 2776 torum
577 2722 933 2776 brachiorum
969 2720 1212 2774 motibus
1261 2731 1452 2788 pectus
1507 2726 1562 2772 et
1595 2719 1762 2771 latera
1813 2726 1933 2770 tun-

352 2812 555 2866 debant
603 2811 656 2865 in
697 2811 884 2866 orbem
930 2819 1202 2875 contusa;
1253 2818 1307 2865 et
1340 2809 1548 2862 ductim
1593 2808 1645 2861 in
1692 2823 1752 2862 se
1794 2807 1929 2871 vini,

353 2901 501 2971 quod
545 2901 603 2955 in
636 2899 728 2955 illa
774 2901 998 2971 regione
1041 2907 1097 2956 et
1132 2901 1420 2965 suavitate,
1475 2907 1530 2954 et
1581 2899 1847 2962 lubentia,
1878 2906 1933 2954 et

356 2994 530 3058 gratia
558 2991 791 3047 aliorum
823 2993 1070 3048 omnium
1104 2994 1262 3063 longe
1287 2992 1800 3062 prastantissimum
1825 3001 1930 3058 est,

358 3085 568 3154 liquore
603 3083 844 3146 inverso,
868 3093 1086 3154 arrepta
1128 3084 1320 3154 perula
1361 3099 1422 3138 ea
1459 3099 1654 3153 panem
1688 3085 1931 3148 niveum,

357 3175 684 3244 quandoque
715 3175 882 3230 etiam
924 3176 1225 3240 sordidum,
1261 3176 1347 3230 vel
1385 3176 1667 3239 rubidum,
1712 3185 1774 3230 ut
1810 3191 1934 3232 sors

360 3267 579 3330 tulerat,
605 3279 783 3335 neque
810 3265 952 3320 enim
1002 3265 1270 3319 lenocinia
1305 3266 1622 3334 quaerebant
1660 3266 1936 3334 cupidita-

359 3365 502 3419 tum,
535 3356 865 3412 inferebant.
918 3356 1161 3412 Tandem
1215 3357 1354 3412 falce
1399 3358 1807 3424 stramentaria,
1850 3358 1936 3412 vel

361 3448 540 3518 ligone
565 3449 810 3502 humeris
837 3450 1207 3518 superposita,
1239 3450 1448 3504 sedibus
1479 3451 1838 3512 l'aceseentes,
1880 3450 1934 3503 in

361 3552 550 3606 agrum
577 3539 905 3593 devolabant
942 3557 957 3593 :
1001 3547 1165 3608 atque
1203 3555 1298 3609 per
1343 3547 1516 3593 totmn
1546 3541 1655 3594 diei
1691 3542 1929 3610 spatium

362 3627 817 3680 consummabant
845 3628 1076 3680 multum
1107 3642 1305 3697 opera.
1335 3641 1758 3699 exercentesque
1787 3629 1938 3685 fran-

363 3717 564 3786 gebant
603 3732 662 3773 se
715 3719 1026 3782 laboribus,
1080 3718 1299 3787 dempta
1347 3721 1726 3775 tantummodo
1775 3721 1934 3786 liora,

362 3820 472 3876 qua
510 3808 685 3875 epulis
716 3808 879 3862 domo
923 3808 1175 3862 abductis
1210 3810 1288 3863 uti
1334 3809 1501 3864 lautis
1559 3811 1830 3866 conviviis
1885 3819 1940 3865 et

364 3899 1047 3966 sumptuosisvacabant,
1105 3898 1280 3954 donec
1335 3899 1604 3954 inclinato
1660 3901 1777 3956 sole
1837 3903 1940 3957 sub

365 3997 580 4042 noctem
620 3988 841 4042 domum
871 3990 1130 4060 regressi,
1167 4000 1222 4045 et
1251 3991 1475 4053 cceuati,
1504 4001 1556 4045 et
1589 3991 1703 4060 jam
1733 3992 1908 4046 dormi

367 4088 549 4136 tantes
576 4096 740 4150 super
767 4082 970 4135 lectum
1001 4085 1456 4153 procumbebant,
1499 4085 1565 4139 de
1599 4087 1758 4140 novis
1787 4087 1912 4140 labo

370 4173 522 4226 ribus
551 4173 793 4228 solliciti.
828 4173 895 4226 Et
938 4175 1133 4229 horum
1171 4177 1309 4230 alter
1333 4185 1552 4231 centum
1588 4178 1937 4246 quindecim;

372 4263 511 4318 alter
538 4271 756 4319 centum
787 4274 841 4319 et
868 4267 1062 4335 viginti
1091 4268 1217 4322 vitae
1259 4284 1372 4322 suae
1412 4284 1586 4324 annos
1633 4270 1946 4338 compleve-

372 4364 516 4409 rant.
567 4355 712 4420 Quot
753 4365 935 4411 autem
985 4361 1112 4413 anni
1166 4369 1291 4429 post
1348 4376 1527 4414 meum
1576 4376 1608 4414 e
1647 4361 1943 4414 Basilicata

373 4448 692 4502 abscessum
727 4448 851 4503 vitae
884 4450 992 4505 illis
1041 4451 1259 4505 adaucti
1311 4453 1454 4516 sint,
1503 4452 1745 4507 nondum
1795 4468 1947 4507 com-

375 4538 491 4608 peri
521 4557 535 4593 :
565 4540 715 4593 nulla
745 4540 996 4609 equidem
1045 4557 1130 4596 me
1160 4542 1324 4611 hujus
1353 4544 1626 4613 cupiditas
1661 4544 1853 4598 tenuit.
1885 4544 1943 4598 Id

375 4643 527 4691 vero,
554 4631 700 4698 quod
729 4642 1057 4686 narraturus
1086 4648 1230 4699 sum,
1260 4649 1345 4688 me
1380 4635 1508 4688 mihi
1552 4650 1690 4705 pene
1721 4635 1946 4704 eripuit.

377 4719 645 4778 Puerulus
673 4737 740 4776 ex
763 4724 943 4778 insula
971 4725 1108 4780 Chio
1132 4724 1358 4780 Romam
1397 4742 1524 4780 cum
1567 4734 1814 4781 materno
1847 4740 1950 4780 avo

377 4810 639 4869 llicbaele
670 4813 909 4869 Neurida
937 4815 1298 4882 contendens,
1333 4832 1456 4871 cum
1488 4817 1560 4871 ob
1586 4817 1783 4871 exilem
1817 4825 1951 4871 aeta-

378 4911 488 4957 tem
515 4902 703 4959 Romae
736 4905 794 4959 in
823 4905 1117 4975 collegium
1145 4906 1458 4960 Graecorum
1487 4905 1672 4960 aditus
1701 4920 1950 4960 remora-

379 5005 549 5062 retur,
572 4997 949 5053 sanctionibus
973 4997 1028 5052 id
1059 4999 1274 5069 collegii
1297 4998 1745 5068 pernegantibus,
1769 4997 1953 5051 Paulae

378 5086 649 5143 Calabriae
685 5088 830 5157 apud
877 5089 1310 5145 illustrissimum
1364 5090 1598 5143 Marium
1653 5089 1953 5157 Spincllum

381 5179 628 5244 constiti,
658 5179 752 5249 qui
783 5195 872 5236 me
913 5181 1112 5236 eximia
1151 5181 1420 5235 charitate
1451 5182 1792 5249 complexus,
1822 5196 1956 5234 ocu-

384 5269 518 5325 litus
542 5271 769 5336 amavit,
799 5280 852 5327 et
883 5273 1310 5342 praceptoribus
1357 5273 1774 5326 humanioribus
1819 5272 1956 5325 arti-

385 5360 492 5415 bus
523 5361 730 5426 tinctis,
764 5373 824 5417 ut
873 5364 1082 5420 ferebat
1114 5366 1206 5420 illa
1245 5373 1400 5430 aetas,
1437 5363 1818 5420 instruendum
1844 5371 1957 5416 tra-

390 5451 550 5507 didit.
573 5450 712 5508 Dum
742 5456 887 5508 circa
915 5456 1079 5509 trivia
1112 5457 1278 5510 animi
1305 5454 1586 5510 relaxandi
1625 5455 1798 5524 gratia
1832 5468 1956 5508 cum

397 5543 565 5598 sociis
581 5544 808 5599 annexis
833 5559 1080 5614 pererro,
1103 5547 1347 5602 occurrit
1367 5545 1686 5617 properanti
1716 5545 1961 5599 anilitate

391 5649 534 5692 eam
555 5633 833 5708 desipiens
858 5651 1050 5700 senex.
1087 5637 1419 5695 cadaverosa
1467 5637 1634 5696 facies
1654 5677 1671 5707 ,
1713 5645 1768 5694 et
1799 5637 1958 5708 plane

2006 363 2396 417 morticinium.
2439 360 2590 418 illius
2614 361 2678 416 ad
2705 361 2849 417 latus
2883 361 3060 431 pueri,
3092 376 3250 416 senes
3275 404 3289 426 ,
3318 363 3602 430 juvenes-

2001 463 2056 506 et
2085 467 2152 508 ex
2181 452 2274 506 vili
2323 451 2454 506 fcece
2497 451 2782 506 hominum
2832 452 3037 520 plures,
3088 454 3182 522 qui
3223 456 3606 524 perridiculis

2005 543 2150 598 illius
2175 543 2365 612 gestis,
2411 543 2682 613 dictisque
2730 544 2984 598 oblectati
3033 546 3598 601 concomitabantur.

2005 634 2225 704 Inquiro
2257 633 2387 705 quid
2414 634 2519 689 hoc
2563 635 2640 689 rei
2669 643 2834 690 esset.
2877 635 3079 690 Omnes
3105 644 3159 690 et
3183 637 3417 691 maxime
3444 653 3606 708 pruâ€”

2005 728 2279 782 dentiores
2330 725 2662 795 respondent
2713 726 2864 780 illum
2945 727 3366 782 Acheronticnm
3448 743 3606 783 esse

2007 831 2213 881 senem,
2243 816 2473 885 ideoque
2501 825 2776 878 truncum,
2803 826 2857 871 et
2878 817 3060 871 album
3085 818 3323 873 colorem
3355 818 3424 872 ab
3452 830 3604 872 atro

2009 923 2115 960 non
2160 909 2299 961 ultra
2337 905 2673 960 discernere.
2703 904 3110 977 Proptereaque
3142 923 3209 962 ex
3247 909 3606 963 malisillius

2010 1005 2251 1052 astantes
2284 997 2443 1051 ludos
2474 997 2579 1052 sibi
2620 995 2800 1052 facere
2839 1019 2850 1052 :
2883 997 2996 1066 jam
3031 1000 3173 1052 enim
3203 1003 3605 1069 compleverat

2012 1105 2184 1143 annos
2212 1098 2428 1144 centum
2471 1097 2527 1144 et
2556 1089 2800 1157 triginta.
2848 1089 2961 1160 Ego
2997 1094 3258 1160 puerulus
3285 1093 3422 1147 nihil
3450 1109 3600 1147 cum

2013 1182 2196 1236 animo
2227 1192 2337 1234 tum
2370 1181 2592 1251 agitavi.
2623 1182 2692 1233 At
2731 1181 3071 1253 subgrandes
3105 1193 3160 1238 et
3199 1191 3378 1239 mente
3417 1201 3607 1239 senes

2014 1272 2260 1333 aderant,
2288 1273 2342 1325 in
2372 1272 2527 1339 joeos
2558 1271 2826 1328 transfusi
2865 1290 2879 1326 :
2918 1272 3062 1327 Bene
3106 1289 3230 1329 sese
3259 1289 3348 1329 res
3389 1275 3602 1337 habet,

2015 1363 2314 1416 clamitant.
2348 1363 2414 1416 Et
2457 1365 2583 1433 quis
2629 1372 2767 1419 teste
2801 1365 3019 1419 oeulato
3065 1366 3169 1419 hoc
3204 1366 3284 1418 ita
3319 1382 3442 1422 esse
3470 1384 3605 1420 non

2016 1451 2351 1504 convicerit?
2380 1452 2505 1517 Alii,
2540 1451 2658 1505 Non
2694 1453 2758 1506 ad
2799 1460 2990 1515 testes,
3014 1454 3106 1523 qui
3141 1455 3273 1507 nulli
3301 1463 3454 1518 sunt,
3485 1457 3605 1510 sed

2019 1541 2088 1594 ad
2140 1551 2493 1596 monumenta
2530 1543 2902 1598 ecclesiastica
2949 1559 3331 1612 provocamus.
3385 1546 3612 1600 Arrisit

2028 1631 2226 1686 lictum
2262 1635 2541 1697 omnibus,
2598 1636 2970 1704 continuoque
3017 1635 3085 1690 ad
3125 1637 3410 1691 ecclesiam
3460 1653 3610 1707 proâ€”

2021 1724 2211 1794 gressi,
2244 1725 2509 1780 advocato
2536 1728 2798 1795 parocho,
2832 1728 3051 1791 librum,
3085 1728 3138 1782 in
3177 1744 3286 1798 quo
3320 1744 3480 1784 sacro
3506 1731 3640 1792 Î¹Î¹Î¹-,

2020 1831 2184 1871 vacro
2229 1816 2584 1872 intinctorum
2636 1819 2857 1873 nomina
2903 1820 3316 1890 consignantur.
3369 1820 3612 1874 curiose

2021 1908 2353 1973 examinant,
2383 1917 2441 1962 et
2475 1924 2619 1963 anno
2654 1909 2794 1964 1462
2832 1925 3030 1964 nomen
3069 1925 3448 1979 agnomenque
3492 1910 3612 1963 lto--

2023 1998 2210 2064 minis,
2239 1999 2307 2054 de
2343 1999 2502 2069 cujus
2536 2007 2697 2056 aetate
2743 2000 3125 2070 ambigebatur
3151 2041 3166 2064 ,
3199 2001 3438 2055 dilucide
3497 2017 3613 2054 ex-

2025 2103 2328 2159 presseque
2386 2091 2689 2160 reperiunt,
2743 2090 2980 2161 indeque
3025 2092 3392 2162 colligebatur
3445 2105 3620 2144 anno

2029 2178 2202 2244 159.0,
2267 2178 2354 2234 vel
2407 2180 2593 2244 circa,
2645 2189 2842 2236 sancto
2902 2177 3200 2236 Francisco
3273 2181 3605 2235 familiaris-

2027 2271 2164 2326 sime
2199 2287 2381 2338 usum,
2429 2273 2742 2343 multasque
2787 2289 2878 2330 res
2927 2274 3275 2329 sermonibus
3310 2289 3416 2328 una
3454 2276 3610 2328 inter

2029 2379 2089 2417 se
2139 2363 2398 2433 agitasse.
2455 2362 2523 2416 Et
2575 2364 2622 2418 is
2676 2364 2893 2419 tandem
2946 2379 3112 2420 senex
3178 2365 3384 2419 delirus
3428 2364 3612 2419 celeri

2030 2451 2199 2520 gradu
2234 2469 2330 2523 per
2357 2455 2536 2509 scalas
2565 2453 2764 2509 aedium
2795 2470 3116 2525 properans,
3166 2464 3454 2524 antequam
3496 2471 3610 2524 ego

2030 2539 2198 2594 Paula
2221 2542 2594 2605 abscederem,
2634 2560 2876 2614 praeceps
2906 2546 2959 2598 in
2996 2553 3161 2613 caput
3189 2545 3432 2613 dejectus
3474 2546 3607 2598 aui-

2032 2645 2172 2683 mam
2202 2631 2418 2685 effudit.
2447 2632 2511 2685 Et
2544 2633 2658 2687 lucc
2686 2633 2755 2687 de
2785 2632 3085 2687 macrobiis
3114 2649 3213 2686 usu
3245 2649 3366 2687 meo
3408 2633 3609 2702 explo-

2033 2722 2165 2777 ratis
2187 2720 2410 2785 adduxi,
2437 2730 2498 2776 ut
2525 2723 2992 2793 quingentesimum
3019 2733 3378 2777 memoratum
3414 2737 3443 2774 a
3479 2721 3614 2774 Nilo

2033 2813 2086 2867 in
2118 2813 2222 2868 hac
2245 2814 2478 2883 epistola
2509 2814 2829 2883 conjectura
2870 2815 3008 2869 satis
3039 2814 3332 2884 probabili,
3366 2823 3421 2868 et
3446 2813 3606 2866 dein-

2033 2917 2164 2971 ceps
2183 2903 2348 2956 vitam
2371 2902 2613 2972 ejusdem
2645 2901 3070 2964 diuturniorem,
3103 2900 3169 2954 de
3197 2900 3355 2967 cujus
3387 2899 3608 2966 longiu-

2034 2995 2244 3062 quitate
2272 2993 2411 3047 nihil
2449 3002 2657 3047 certum
2705 2990 2964 3054 refertur,
3019 2991 3265 3060 proxime
3295 2989 3362 3042 ad
3413 3003 3604 3042 verum

2035 3086 2296 3142 accedere
2343 3086 2744 3156 colligeremus.
2799 3084 2956 3151 Quod
3004 3086 3051 3139 si
3104 3082 3450 3138 commodum
3492 3096 3612 3135 non-

2033 3178 2329 3245 videbitur,
2356 3179 2598 3234 dicemus
2639 3179 2695 3232 in
2736 3192 2799 3232 ea
2831 3176 3062 3248 epistola
3093 3175 3274 3230 Nilum
3311 3190 3604 3228 numerum

2037 3268 2308 3338 integrum
2361 3279 2416 3322 et
2471 3268 2801 3337 completum
2861 3281 2962 3336 pro
3030 3265 3362 3334 incompleto
3430 3271 3600 3333 atque

2036 3369 2290 3414 truncato
2321 3374 2638 3429 usurpasse.
2684 3367 2744 3413 ut
2790 3357 3145 3426 adjunctione
3194 3354 3360 3411 simili
3420 3354 3605 3410 incre-

2038 3460 2280 3505 mentum
2308 3465 2421 3504 suae
2449 3447 2906 3503 demonstrationi
2934 3453 3127 3501 contra
3157 3442 3379 3499 Iudaeos
3410 3445 3602 3498 conci-

2037 3544 2231 3609 liaret;
2259 3541 2417 3612 cujus
2441 3541 2689 3610 exempla
2712 3539 2766 3593 in
2790 3539 2965 3594 sacris
2996 3552 3214 3608 quoque
3241 3535 3466 3592 Litteris
3498 3534 3605 3591 fre-

2038 3635 2265 3705 quentia
2304 3640 2436 3689 sunt
2476 3651 2493 3687 :
2536 3632 2628 3687 sed
2677 3647 2886 3686 summa
2919 3645 3110 3699 sequor
3147 3628 3365 3698 fastigia
3408 3643 3610 3680 rerum-

2041 3727 2145 3782 Sed
2175 3725 2414 3780 Mauritii
2441 3725 2569 3779 anni
2599 3738 2860 3794 perquam
2883 3722 3199 3792 longissime
3233 3722 3424 3775 remoti
3451 3730 3599 3774 sunt.

2040 3818 2178 3873 Tum
2227 3817 2372 3874 enim
2433 3816 2589 3872 Nilus
2644 3822 2995 3886 prorogasset
3049 3814 3315 3869 terminos
3368 3813 3492 3867 vitae
3528 3812 3591 3865 ad

2041 3926 2244 3966 annum
2279 3910 2400 3964 l76.
2445 3908 2555 3979 Ego
2589 3907 2810 3978 quidem
2843 3908 2948 3962 hoc
3000 3905 3236 3960 formido
3278 3905 3520 3968 credere,
3551 3915 3605 3958 et

2039 4001 2201 4070 cujus
2251 3998 2358 4054 fide
2406 3997 2669 4053 credam?
2709 3995 2886 4052 Credo
2917 3995 3084 4050 Deum
3143 3995 3246 4049 hoc
3299 4010 3464 4064 posse
3495 4011 3508 4047 :
3536 4010 3600 4048 an

2045 4092 2261 4158 fecerit,
2304 4107 2372 4148 ex
2403 4090 2623 4163 ingenio
2664 4089 2897 4160 quisque
2947 4103 3049 4142 suo
3093 4085 3260 4141 addat
3315 4087 3400 4141 vel
3429 4085 3602 4142 demat

2045 4182 2229 4236 ï¬dem.

2115 4270 2223 4326 Sed
2249 4269 2618 4325 hallucinatus
2647 4275 2729 4322 est
2749 4266 3133 4338 Caryophilus.
3164 4267 3320 4322 Esto.
3357 4262 3466 4320 Sed
3488 4279 3599 4319 cum

2046 4364 2251 4420 Graecis
2279 4363 2333 4417 in
2383 4361 2683 4431 Menologio
2704 4357 3038 4422 Graecorum,
3063 4373 3210 4414 nunc
3235 4372 3449 4428 quoque
3479 4357 3611 4412 adde

2049 4456 2524 4512 accuratissimum
2546 4451 2824 4514 Sirletum,
2850 4451 2966 4522 qui,
2983 4458 3041 4504 ut
3056 4449 3368 4505 verosimile
3385 4456 3487 4515 est,
3505 4464 3600 4502 non

2048 4561 2114 4600 ex
2143 4543 2401 4616 prepriis,
2439 4542 2534 4597 sed
2563 4558 2628 4596 ex
2656 4540 2936 4596 codicibus
2966 4539 3190 4601 Graecis.
3229 4540 3450 4609 illisque
3478 4539 3601 4593 forte

2051 4635 2470 4705 antiquissimis,
2506 4649 2630 4687 cum
2674 4632 2876 4702 quibus
2927 4630 3252 4684 hallucina-ri
3317 4629 3508 4682 maluit
3553 4629 3607 4680 in-

2051 4739 2151 4780 sua
2180 4722 2647 4792 lnterpretatione,
2683 4736 2848 4791 quam
2903 4720 3175 4774 demendo
3217 4734 3416 4773 nomen
3468 4717 3600 4771 Mau-

2052 4816 2186 4877 ritii.
2217 4814 2286 4869 de
2316 4814 2457 4868 mala
2491 4813 2595 4868 fide
2627 4828 2739 4867 sua:
2786 4809 3257 4880 lnterpretatiouis
3309 4811 3363 4864 in
3408 4810 3597 4864 crimen

2052 4907 2261 4971 vocari,
2280 4913 2336 4960 et
2364 4906 2662 4960 accersitus
2685 4903 2892 4972 judicio
2915 4902 2982 4958 de
3009 4903 3096 4958 sui
3127 4903 3453 4974 purgatione
3471 4917 3600 4958 com-

2055 4997 2328 5053 mentaria
2356 4996 2616 5052 scribere.
2649 4995 2793 5061 Quid
2825 4995 2873 5050 si
2899 4995 3108 5050 diceret
3134 4995 3300 5048 alimn
3325 5009 3449 5049 esse
3472 4994 3598 5048 hunc

2055 5089 2256 5155 Nilum,
2281 5097 2336 5146 et
2360 5105 2468 5144 non
2497 5088 3206 5160 Constantinopolitanum?
3246 5085 3302 5141 Id
3346 5103 3519 5158 neque
3543 5105 3594 5143 ex

2058 5181 2375 5236 Graecorum
2414 5180 2741 5252 Menologio,
2788 5196 2966 5250 neque
2994 5196 3062 5235 ex
3092 5178 3292 5234 Sirleto
3325 5179 3595 5243 evincitur,

2058 5290 2182 5328 cum
2210 5272 2800 5341 Constantinopolitani
2844 5272 3047 5343 scripta
3081 5280 3135 5328 et
3169 5287 3257 5328 res
3310 5282 3470 5341 gestae
3502 5289 3596 5325 ma-

2055 5367 2163 5434 jori
2189 5379 2288 5420 sua
2315 5373 2468 5434 parte
2496 5363 2770 5434 descripta
2800 5363 2991 5420 eodem
3016 5363 3104 5420 die
3131 5364 3349 5434 utrique
3370 5363 3596 5417 tribuan-

2063 5465 2170 5508 tur.

2139 5544 2381 5600 Fuerunt
2407 5543 2500 5599 alii
2539 5559 2756 5614 quoque
2794 5544 2849 5599 in
2877 5543 3043 5613 hujus
3073 5543 3176 5598 Nili
3208 5543 3461 5598 laudibus
3490 5541 3589 5595 ellu-

2074 5637 2270 5693 siorcs.
2317 5635 2645 5694 Franciscus
2677 5635 2848 5694 Zinus
2891 5635 3124 5708 epistola
3157 5635 3225 5691 ad
3259 5634 3593 5698 Augustinum
