3822 6216
126 227 186 288 33
1312 230 1624 292 ΝΟΤῙΤῙΑ
1678 231 1696 293 1

1814 233 1874 294 S.
1909 233 2178 296 NII.UM.
3305 248 3374 311 34

127 343 404 397 Valerium
451 343 776 414 episcopum
809 343 1180 402 Vcronensem
1219 346 1287 403 de
1330 348 1390 403 S.
1426 349 1698 419 Epltrazm.

122 434 256 498 Nilo,
296 435 488 490 Marco
521 447 574 490 et
615 437 760 491 Isaia
799 457 812 493 :
851 436 1031 507 Neque
1091 440 1197 508 ipsi
1251 442 1578 510 episcopatui
1613 455 1702 496 tuo

121 537 285 581 essent
336 529 630 582 indecores.
667 529 803 582 Sunt
851 533 990 583 enim
1035 531 1271 586 homines
1317 534 1480 604 frugi.
1525 536 1701 604 exigui

121 630 386 685 sumptus,
424 628 473 672 et
520 636 728 688 magna:
758 620 1033 673 utilitatis.
1064 620 1258 676 Tacere
1282 625 1454 677 sciunt
1482 627 1533 676 in
1564 628 1698 686 loco,

121 722 188 769 rt,
226 727 350 762 cum
384 726 515 778 opus
544 722 646 774 est,
684 711 847 780 loqui.
889 712 1073 766 Valent
1107 714 1333 784 ingenio.
1363 715 1560 786 Magno
1578 727 1700 770 sunt

121 816 294 850 rerum
331 816 453 862 usu,
491 800 740 852 doctrina
770 811 820 853 et
853 801 1138 869 prudentia
1172 805 1388 872 prtediti
1417 807 1698 875 singulari,

122 891 251 946 Cum
280 891 593 944 domesticis
621 893 724 945 tuis
751 903 961 961 propter
988 904 1200 949 sanctos
1229 913 1515 967 suavesque
1533 915 1698 952 mores

115 981 346 1048 jucunde
377 981 751 1036 rersabuntur.
792 983 850 1038 Si
873 985 1172 1041 'invisenda:
1200 988 1296 1041 tibi
1333 999 1488 1042 erunt
1526 989 1704 1044 Eccle-

120 1074 210 1125 siie
254 1084 386 1133 tute.
442 1075 521 1126 uel
575 1076 631 1127 in
669 1075 900 1139 civitate,
946 1077 1026 1131 vel
1071 1078 1127 1132 in
1171 1088 1284 1133 tota
1333 1081 1564 1146 ditecesi,
1600 1097 1701 1150 quo

120 1167 328 1235 quidem
358 1167 686 1221 uisitationis
739 1185 950 1223 munere
999 1172 1237 1224 omnium
1283 1174 1615 1242 gravissimo,
1650 1183 1700 1228 et

122 1261 545 1313 laboriosissimo
592 1260 992 1330 diligentissime
1035 1263 1271 1333 fungaris
1299 1280 1318 1318 :
1355 1265 1402 1318 si
1435 1276 1700 1320 monaste-

119 1352 199 1402 ria
225 1352 497 1421 virginum
527 1361 617 1404 ant
649 1355 1047 1418 monachorum,
1085 1357 1131 1410 si
1162 1358 1450 1411 seminaria
1491 1367 1600 1420 tua,
1620 1357 1698 1411 vel

121 1442 394 1510 antiquum
431 1443 798 1512 acolythorum
821 1446 885 1497 ab
920 1445 1156 1516 Eugenio
1184 1448 1290 1512 IV,
1322 1466 1528 1502 summo
1557 1449 1700 1503 Pon-

123 1531 258 1596 tiﬁce
304 1531 630 1595 institutum,
662 1541 710 1584 et
745 1550 778 1585 a
817 1536 1175 1602 superioribus
1208 1538 1486 1606 episcopis,
1527 1550 1576 1594 et
1608 1556 1700 1592 ca-

121 1623 429 1673 nonicorum
461 1621 697 1690 capitulo
723 1624 846 1677 bene
870 1641 1076 1694 semper
1108 1627 1571 1693 administratum,
1591 1649 1621 1683 a
1652 1639 1700 1685 te

122 1725 236 1760 vero
275 1711 499 1778 miriﬁce
538 1721 776 1777 auctum,
814 1723 969 1783 atque
1006 1727 1344 1782 exornatum,
1389 1719 1469 1772 vel
1507 1735 1700 1773 novum

120 1799 418 1852 incredibili
477 1801 678 1866 studio,
705 1818 856 1866 cura,
882 1814 932 1858 et
963 1805 1240 1876 diligentia
1268 1818 1361 1861 tua
1398 1824 1463 1862 ex
1492 1809 1700 1864 decreto

121 1899 167 1942 et
203 1890 467 1944 institutis
496 1894 670 1945 sancti
701 1892 999 1949 Tridentini
1025 1899 1238 1952 concilii
1268 1909 1500 1954 erectum
1535 1911 1586 1955 et
1618 1903 1698 1956 lo-

122 1982 449 2048 cupletatum
491 1997 510 2032 :
548 1985 595 2036 si
629 1983 1024 2053 derelictorum,
1059 1999 1108 2044 et
1145 1991 1522 2048 derelictarum
1559 1994 1698 2062 loca,

125 2073 174 2124 in
200 2089 318 2140 qua:
351 2091 562 2126 summa
599 2092 718 2128 cum
752 2077 851 2133 Dei
896 2079 1117 2144 honore.
1153 2093 1204 2136 et
1254 2084 1421 2138 totius
1467 2087 1698 2141 civitatis

124 2165 420 2223 commodo,
445 2179 490 2217 et
526 2167 718 2220 ltetitia
742 2185 920 2224 omnes
950 2173 1224 2243 utriusque
1243 2190 1398 2229 sexus
1422 2190 1699 2244 pauperes,

123 2254 322 2319 passim
379 2267 538 2307 antea
599 2268 854 2326 vagantes
905 2261 982 2313 ita
1034 2263 1362 2333 congessisti,
1420 2274 1475 2317 ut
1521 2266 1700 2319 nullus

125 2346 353 2411 amplius
388 2348 538 2413 inops
569 2357 620 2401 et
645 2351 924 2425 mendicus
955 2354 1008 2406 in
1033 2354 1162 2409 urbe
1191 2357 1377 2426 vagari
1409 2359 1702 2424 comperia-

128 2445 228 2497 tur;
255 2438 302 2489 si
322 2437 638 2506 hospitalia,
661 2457 884 2509 quarunt
912 2447 1234 2514 praecipuam
1261 2457 1317 2500 tu
1336 2465 1518 2502 curam
1539 2452 1701 2520 geris;

125 2528 168 2579 si
210 2528 354 2590 lites,
397 2531 702 2597 discordiis,
756 2535 1056 2591 inimicitite
1095 2537 1444 2605 dirimendw;
1500 2543 1546 2594 si
1593 2557 1701 2609 pax

128 2620 258 2672 inter
287 2621 424 2674 cives
456 2623 793 2678 concilianda
822 2628 1033 2697 ubique,
1067 2646 1271 2699 semper
1299 2632 1446 2685 dulci
1469 2633 1700 2701 quadam

128 2713 389 2764 suavitate
432 2724 480 2766 et
515 2716 815 2783 eloquentia
866 2719 966 2773 illa
999 2719 1328 2789 Christiana,
1363 2740 1522 2792 quant
1557 2735 1613 2777 tu
1646 2726 1702 2778 in

125 2805 386 2865 prmelara
404 2804 504 2856 illa
533 2815 624 2858 tua
643 2807 903 2862 rhetorica
924 2811 1287 2866 ecclesiastica
1306 2823 1415 2867 tam
1437 2815 1702 2885 eleganter

127 2898 371 2963 docteque
409 2896 601 2962 tradis,
631 2906 737 2953 etc.
768 2899 832 2954 Et
863 2902 1091 2970 epistola
1126 2904 1195 2958 ad
1224 2905 1506 2976 Aloysium
1538 2907 1702 2977 Ι.ιὶρο-

130 2997 346 3037 manum
383 2983 682 3054 Opusculis
710 2986 815 3043 Nili
849 2999 902 3044 et
931 2990 1096 3046 Marci
1121 2993 1342 3062 praeﬁxa
1375 3014 1390 3050 :
1421 2995 1552 3049 Sunt
1580 3013 1704 3066 pro-

128 3071 251 3137 fecto
280 3073 499 3128 abbates
531 3077 623 3130 isti
646 3080 969 3136 auctoritate
1011 3099 1218 3153 graves,
1247 3085 1481 3154 plurimo
1523 3103 1700 3142 rerum

127 3176 252 3226 usu,
312 3175 362 3217 et
408 3167 667 3223 doctrinis
716 3171 1010 3228 etzlestibus
1063 3176 1278 3232 eruditi.
1335 3179 1700 3235 Admiraberis

127 3269 297 3307 acrem
317 3272 500 3310 eorum
514 3260 569 3313 in
585 3263 908 3336 corrigendis
928 3265 1067 3321 vitiis
1093 3270 1427 3337 gravitatem,
1446 3272 1699 3325 eximiam

125 3346 171 3396 in
199 3349 457 3404 docendis
479 3353 788 3417 virtutibus,
817 3339 872 3409 et
903 3359 1050 3412 bonis
1091 3360 1326 3415 moribus
1348 3361 1695 3432 diligentiam,

124 3437 446 3510 singularem
494 3442 553 3496 in
597 3445 923 3513 exponendis
979 3448 1270 3518 Scripturis
1326 3453 1695 3510 eruditionem.

130 3530 406 3586 Pereersas
433 3534 588 3602 hujus
615 3538 791 3591 celatis
821 3537 876 3592 in
906 3541 1154 3609 religione
1175 3542 1240 3595 de
1273 3544 1397 3612 ﬁde,
1421 3555 1470 3599 et
1499 3548 1695 3616 gratia,

125 3633 166 3673 rt
196 3625 443 3691 operibus
464 3627 755 3695 opiniones,
779 3640 934 3700 atque
957 3632 1091 3686 alios
1113 3650 1337 3699 errores,
1355 3647 1406 3691 et
1429 3638 1697 3692 hominum

125 3711 331 3781 ﬂagitia
364 3714 442 3766 ita
469 3725 681 3780 norunt,
713 3718 791 3770 sic
820 3720 1167 3788 insectantur,
1201 3734 1358 3796 atque
1403 3738 1698 3796 coarguunt

126 3814 174 3851 ut
205 3820 314 3855 non
345 3805 526 3858 multis
556 3808 767 3861 ste-culis
789 3813 979 3877 procul
1009 3813 1076 3865 ab
1117 3815 1389 3869 hominum
1414 3830 1694 3872 consuetu-

126 3893 242 3944 dine
267 3893 321 3944 in
348 3893 572 3946 tenebris
601 3912 760 3965 prope
787 3899 982 3962 sepulti
1012 3901 1274 3970 jacuisse,
1307 3906 1396 3959 sed
1423 3907 1697 3960 nobiscum

127 3983 335 4036 assidue
368 3988 561 4038 versati
587 4004 700 4042 esse
743 3990 1044 4046 videantur.
1099 3993 1329 4051 Photius
1377 3997 1432 4051 in
1490 3997 1697 4053 Biblio-

129 4074 294 4139 theca,
319 4076 443 4129 cod.
463 4077 588 4145 20!,
618 4089 672 4134 et
706 4081 824 4145 alii,
845 4098 983 4152 quos
1015 4085 1159 4140 infra
1186 4088 1515 4144 videbimus.
1541 4089 1698 4146 Nunc

128 4181 251 4220 vero
275 4184 382 4221 non
423 4169 522 4223 abs
558 4187 618 4226 re
643 4171 810 4229 fuerit
839 4176 951 4229 duo
985 4176 1039 4230 in
1072 4177 1218 4233 hunc
1245 4191 1500 4236 sanctum
1531 4182 1697 4240 Disti-

129 4271 224 4308 cna
263 4273 329 4310 ex
362 4257 526 4312 codd.
567 4276 670 4316 ms.
708 4265 1064 4333 pratmittere.

129 4364 473 4447 ,δίεζζοςγίέςν
498 4367 662 4447 ἄρδει
690 4370 804 4447 τῇς
829 4373 1092 4447 ἁνςύδρου
1134 4377 1235 4444 τὰς
1261 4378 1480 4447 νάπας,

130 4435 329 4514 tisi-{oc
367 4436 437 4514 δέ
462 4438 689 4492 πιστῶν
712 4435 1004 4514 cumulum
1037 4435 1307 4514 καρδίίις.

130 4505 338 4582 tisi.th
368 4507 511 4582 μὲν-
533 4510 816 4582 ποταμοῖο
839 4514 986 4579 ῥόος
1024 4505 1212 4582 χθῦνα
1243 4505 1364 4572 side
1415 4520 1690 4582 ποτίζειν.

128 4575 338 4626 Νείλου
360 4573 413 4626 δ’
435 4573 513 4630 αὖ
533 4573 825 4647 μοι’άχοῖο
839 4573 1259 4653 ξὶόγοςξιρένας
1279 4586 1438 4642 εἶδεν

129 4682 340 4740 Necnon
373 4696 426 4740 et
461 4689 550 4742 illa
587 4705 653 4745 ex
693 4691 998 4765 Meuologio
1036 4694 1350 4755 Graecorum
1383 4718 1399 4755 :

187 4799 496 4871 Αἴγυπτον
531 4800 692 4871 ἄρδει
723 4805 961 4871 Νεῖλος,
991 4808 1153 4862 ἀλλὰ
1189 4811 1288 4864 καί
1314 4814 1516 4868 κτίσιν

191 4870 359 4936 Λόγῳ
391 4870 667 4938 κατάρδει
694 4875 792 4926 καὶ
822 4870 1020 4929 θανὼν
1062 4878 1277 4947 Νεῖλος
1303 4883 1512 4952 μέγας.

131 4974 521 5049 lnterpretatus
550 4992 634 5038 est
675 4984 1030 5044 doctissimus
1068 4988 1377 5050 Posslnus:

192 5071 351 5151 δίζω
389 5074 682 5151 Canopum,
709 5078 883 5143 major
902 5080 985 5132 hic
1015 5081 1157 5146 fonte
1189 5084 1369 5151 ingens

187 5142 376 5196 Orbem
414 5147 713 5198 universum
747 5142 802 5200 et
828 5142 1066 5204 mortuus
1097 5142 1266 5206 Nilus
1285 5158 1447 5226 rigat.

131 5251 529 5312 llonestissima:
584 5271 848 5315 matrona:
901 5264 1248 5321 matrimonio
1288 5281 1514 5338 Junctus
1547 5272 1686 5330 duos

127 5360 182 5397 ex
229 5347 322 5400 illa
365 5350 612 5418 suscepit
663 5351 840 5417 ﬁlios,
899 5369 1106 5410 marem
1137 5366 1191 5412 et
1220 5358 1499 5417 feminam.
1533 5362 1686 5419 Uxor

128 5431 184 5480 ab
205 5434 392 5486 eodem
435 5434 660 5492 inducta
701 5454 804 5492 una
840 5456 960 5494 cum
992 5443 1100 5497 lilia
1144 5444 1201 5499 in
1226 5445 1446 5519 Egypti
1487 5467 1680 5508 mona-

131 5523 277 5575 steria
323 5524 628 5595 immigrat.
670 5527 793 5598 Ipse
815 5545 941 5586 cum
976 5531 1261 5591 Theodulo
1297 5538 1410 5593 lilio
1443 5539 1677 5599 Sinamm

131 5626 347 5672 montem
372 5627 645 5689 occupat,
684 5629 742 5676 ut
773 5631 1089 5682 sanctorum
1129 5627 1351 5686 Patrum
1377 5646 1678 5690 consuetu-

1801 351 1933 405 dine
1990 351 2287 407 frueretur.
2345 351 2664 409 Theodulus
2729 369 2758 408 a
2815 354 3069 415 [turbaris
3124 363 3378 430 captiius

1801 436 1981 492 factus
2007 448 2131 507 post
2158 439 2327 492 multa
2361 442 2482 494 vitae
2512 443 2752 512 pericula
2779 459 2842 498 ac
2863 446 3123 511 laniatus,
3154 451 3374 505 tandem

1805 527 1874 582 ab
1909 529 2170 598 episcopo
2199 531 2507 601 redimitur,
2544 543 2599 588 et
2644 543 2836 590 sancta
2876 545 2930 590 et
2969 538 3224 607 religiosa
3266 543 3376 596 vita

1799 619 2121 688 perfunctus
2151 623 2390 678 animam
2424 623 2539 679 Deo
2572 625 2825 683 reddidit.
2868 627 3025 684 Hunc
3079 629 3248 686 Graeci
3299 635 3377 688 uti
3444 615 3452 627 ’

1800 710 2041 780 reliquos
2081 714 2376 770 sanctitate
2429 717 2661 772 eximios
2699 719 2849 773 viros
2875 760 2889 784 ,
2942 731 3278 776 venerantur
3322 731 3378 777 ct

1803 801 1992 856 colunt
2023 804 2114 860 die
2170 805 2378 861 decima
2427 818 2623 878 quarta
2667 808 2942 866 Januarii.
3005 813 3375 883 Men010gium

1800 891 2135 949 Basilianum
2163 914 2176 950 :
2211 897 2289 968 Τῇ
2321 897 2460 969 αὐτῇ
2493 900 2675 971 ἡμέρᾳ
2711 904 2899 972 μνήμη
2941 903 3036 956 τοῦ
3066 905 3216 958 ὁσίου
3255 906 3375 958 Πα-

1800 983 1928 1053 τρὺς
1971 985 2132 1054 ήμῶν
2178 985 2488 1043 Θεοδούλου.
2522 981 2696 1052 Οὗτος
2737 991 2984 1062 ὑπῆρχεν
3021 994 3139 1058 υίὸς
3178 997 3375 1049 Νείλου

1799 1073 1896 1128 τοῦ
1939 1076 2103 1143 σοφοῦ
2138 1077 2232 1130 τοῦ
2271 1080 2558 1147 γεγονότος
2595 1083 2694 1152 μὲν
2733 1085 2976 1154 ἐπάρχου
3023 1089 3374 1142 Κωνσταντι-

1798 1166 2104 1230 νουπόλεως
2135 1185 2150 1200 ·
2185 1170 2576 1236 καταλιπόντος
2612 1173 2669 1227 δὲ
2693 1175 2792 1246 τὴν
2824 1175 2981 1240 δόξαν
3014 1177 3109 1230 τοῦ
3140 1179 3372 1250 κόσμου,

1799 1257 1896 1310 καὶ
1945 1257 2272 1323 ἀπελθόντος
2315 1262 2374 1314 ὲν
2411 1261 2486 1332 τῷ
2524 1263 2638 1335 ὄρει
2682 1265 2811 1336 Σινᾷ
2836 1307 2851 1332 ,
2893 1267 2989 1321 καὶ
3037 1270 3374 1339 μονάσαντος

1803 1345 1944 1417 μετά
1989 1347 2083 1401 τοῦ
2119 1349 2276 1403 υίοῦ⁶
2310 1353 2420 1405 τῶν
2460 1353 2556 1407 δύο
2588 1355 2644 1408 δὲ
2683 1356 3040 1428 ὑπαρχόντων
3077 1362 3195 1414 ἐκεῖ
3217 1404 3230 1427 ,
3281 1366 3377 1420 καὶ

1797 1438 1898 1510 τὴν
1936 1441 2244 1513 άσκητικὴν
2282 1443 2558 1498 πολιτείαν
2587 1437 2931 1515 διανυόντων,
2972 1452 3235 1522 ἐξαίφνης
3259 1457 3378 1509 ἐπι-

1797 1529 2073 1585 πεσόντων
2128 1533 2237 1586 τῶν
2276 1535 2612 1606 Βαρϐάρων,
2675 1540 2771 1592 uad.
2827 1542 3152 1613 ἀρξαμένων
3210 1563 3377 1601 κατα-

1799 1620 2026 1689 σφάξειν
2048 1623 2175 1687 τοὺς
2195 1624 2382 1693 ἁγίους
2410 1627 2681 1698 Πατέρας.
2717 1630 2777 1682 '0
2801 1635 2899 1702 μὲν
2919 1632 3109 1697 Νεῖλος
3135 1635 3373 1710 ὴδδνήθη

1800 1715 2014 1781 φυγεῖν,
2040 1715 2069 1767 ὸ
2101 1714 2158 1768 δὲ
2197 1715 2311 1779 υίὸς
2339 1716 2504 1771 αὑτοῦ
2538 1719 2827 1784 Θεόδουλος
2866 1725 3146 1798 ἐκρατήθη
3172 1730 3373 1799 αἰχμά-

1797 1800 1967 1866 λωτος
2002 1803 2141 1873 μετὰ
2180 1804 2340 1859 ἄλλου
2378 1807 2497 1870 ἐνὸς
2526 1809 2672 1876 νέου,
2705 1813 2800 1865 καὶ
2823 1813 3066 1880 δεθέντες
3091 1819 3371 1891 ἐσύροντο.

1810 1893 2194 1966 Ἢπλήκευσαν
2221 1897 2277 1951 δὲ
2316 1899 2366 1952 οἱ
2396 1899 2692 1972 Βάρϐαροι,
2729 1905 2823 1958 καὶ
2851 1905 3134 1962 ἐϐούλοντο
3174 1912 3374 1979 σφάξαι

1796 1984 1924 2050 τοὺς
1964 1987 2120 2050 νέους
2143 2027 2160 2054 ,
2211 1988 2308 2042 καὶ
2353 1989 2514 2043 θῦσαι
2552 1991 2628 2061 τῷ
2666 1993 2773 2064 πρὸ
2812 1994 2906 2048 τοῦ
2955 1996 3107 2068 ⁴ἡλίου
3147 2001 3374 2054 ἀνατέλ-

1797 2075 1940 2130 λοντι
1975 2077 2160 2149 ἄστρῳ
2179 2092 2195 2109 ⁸
2231 2078 2324 2132 καὶ
2360 2082 2390 2134 ὁ
2418 2081 2516 2150 μὲν
2545 2075 2626 2146 εἷς
2654 2084 2852 2153 ἔφυγεν
2871 2103 2886 2118 ο
2926 2088 2976 2140 οἱ
3004 2088 3061 2142 δὲ
3090 2090 3368 2162 Βάρῦαροι

1797 2169 2174 2239 κοιμηθέντες,
2201 2170 2295 2223 τοῦ
2319 2171 2475 2242 ήλίου
2501 2174 2904 2242 ἀνατείλαντος,
2930 2179 3026 2234 καὶ
3050 2181 3146 2234 τοῦ
3172 2182 3373 2252 ἄστρου

1797 2258 2123 2329 κρυϐέντος,
2175 2260 2276 2314 οὐκ
2318 2261 2557 2332 ἔσφαξαν
2583 2265 2674 2318 τὸν
2707 2266 3016 2324 Θεόδουλον.
3049 2271 3374 2343 Βουλόμενοι

1796 2347 1854 2401 δὲ
1885 2348 2134 2419 πωλῆσαι
2154 2388 2170 2412 ,
2219 2350 2314 2403 δύο
2357 2351 2552 2422 μόνους
2586 2356 2874 2426 χρυσίνους
2905 2357 3242 2429 ιλάμϐανον,
3278 2364 3374 2415 καὶ

1797 2439 2095 2510 γυμνώσας
2131 2443 2158 2494 ὁ
2187 2437 2269 2505 εἷς
2307 2443 2368 2496 τὸ
2414 2443 2584 2512 ξίφος,
2617 2446 2779 2516 ἧθελε
2811 2450 3011 2516 σφάξαι
3033 2464 3052 2484 ο
3081 2451 3204 2506 τότε
3243 2455 3375 2522 ὴγόο

1803 2548 1967 2602 ρασεν
2000 2533 2164 2586 αὑτὸν
2196 2536 2224 2588 ὁ
2256 2536 2576 2602 ἐπίσκοπος,
2617 2539 2712 2592 καὶ
2743 2541 3007 2609 ἀπέλυσε,
3058 2543 3153 2596 καὶ
3190 2545 3373 2607 καλῶς

1801 2620 2004 2691 βιώσας
2049 2625 2344 2696 ἐκοιμήθη.
2403 2626 2521 2681 Hoc
2568 2628 2747 2683 eodem
2803 2632 2889 2687 die
2943 2639 3371 2691 commemoratio

1799 2711 1860 2767 S.
1899 2711 2082 2768 Patris
2108 2718 2277 2770 nostri
2317 2716 2594 2772 Theoduli.
2622 2720 2721 2774 llic
2763 2733 2877 2776 erat
2926 2725 3071 2793 filius
3118 2728 3370 2795 sapientis

1800 2803 1920 2859 Nili
1946 2806 2164 2874 eparchi
2193 2807 2790 2881 Constantinopolitani,
2817 2817 2928 2885 qui,
2955 2818 3226 2873 mundana
3252 2820 3372 2889 gle-

1798 2897 1939 2950 riola
1989 2902 2337 2966 renuntiata,
2384 2903 2438 2956 in
2492 2914 2720 2958 montem
2767 2905 3002 2963 Sinazum
3038 2926 3369 2980 progressus,

1798 3004 1907 3042 una
1937 3007 2055 3044 cum
2095 2993 2212 3061 ﬁlio
2243 2995 2562 3048 monachum
2607 2997 2802 3052 induit.
2845 2999 2983 3054 Dum
3010 3003 3081 3055 ibi
3113 3004 3373 3057 immora-

1797 3089 1983 3134 rentur
2011 3083 2064 3136 in
2093 3084 2324 3137 ascetica
2366 3085 2651 3154 disciplina
2685 3088 3042 3154 elaborantes,
3097 3091 3372 3162 derepente

1798 3172 2055 3228 Barbaris
2080 3175 2425 3241 irruentibus,
2458 3187 2510 3232 et
2547 3190 2760 3234 sanctos
2784 3181 2908 3235 illos
2936 3181 3128 3237 Patres
3150 3194 3370 3237 contru-

1797 3266 2123 3332 cidantibus,
2156 3268 2317 3323 Nilus
2362 3271 2416 3324 in
2449 3271 2632 3342 fugam
2666 3289 2721 3326 se
2759 3274 2926 3338 dedit,
2955 3275 3102 3344 ﬁlius
3130 3276 3372 3331 Theodu-

1797 3360 1901 3423 lus,
1931 3370 1980 3414 et
2010 3362 2153 3415 alius
2169 3362 2405 3430 ejusdem
2423 3380 2542 3416 cum
2563 3364 2658 3417 illo
2681 3367 2856 3419 celatis
2885 3367 3055 3431 ducti,
3081 3369 3371 3438 evinctique

1795 3450 2162 3518 ducebantur;
2209 3453 2300 3507 sed
2329 3471 2448 3509 cum
2488 3466 2688 3509 certum
2740 3457 2796 3509 in
2846 3457 3019 3510 locum
3068 3475 3133 3512 ea:
3181 3460 3372 3515 itinere

1795 3544 2029 3598 Barbari
2084 3545 2455 3613 divertissent,
2502 3557 2801 3602 statuerunt
2860 3550 3076 3618 juvenes
3111 3563 3366 3619 mactare,

1794 3650 1983 3706 eosque
2040 3636 2211 3690 stella:
2257 3648 2380 3692 ante
2415 3639 2580 3692 solem
2623 3641 2879 3694 exorienti
2925 3643 3130 3698 hostias
3180 3645 3371 3698 immo-

1795 3729 1908 3782 lare
1931 3746 1951 3784 :
1982 3730 2073 3782 sed
2102 3745 2239 3783 unus
2273 3731 2484 3800 quidem
2527 3749 2593 3787 ea:
2623 3735 2705 3788 his
2751 3734 2879 3803 fuga
2919 3736 3145 3792 salutem
3195 3741 3365 3807 petiit.

1795 3821 2029 3876 Barbari
2069 3838 2187 3875 vero
2215 3825 2362 3892 gravi
2413 3840 2600 3894 sopore
2647 3829 2859 3896 sepulti,
2893 3843 3011 3882 cum
3041 3841 3224 3884 exorto
3259 3833 3370 3887 sole

1797 3912 1954 3966 stella
1991 3913 2311 3980 evanuisset,
2340 3915 2403 3966 ab
2434 3916 2715 3970 occidendo
2748 3917 3012 3973 Theodulo
3036 3937 3223 3974 manus
3241 3922 3366 3976 abs-

1797 4006 2107 4068 tinuerunt;
2147 4020 2266 4059 cum
2329 4007 2664 4072 postmodum
2699 4009 2763 4063 de
2789 4027 2848 4065 eo
2883 4013 3103 4079 pecunia
3135 4028 3371 4066 commu-

1799 4097 1960 4149 tando
1991 4096 2359 4161 decrevissent,
2380 4116 2470 4153 nec
2504 4099 2650 4153 ultra
2675 4099 2780 4153 duo
2812 4103 3012 4170 solique
3029 4105 3178 4157 aurei
3207 4105 3367 4172 σπεν-

1797 4196 2002 4250 rentur,
2047 4202 2183 4240 unus
2225 4204 2290 4241 ea:
2329 4189 2439 4242 illis
2485 4189 2685 4244 nudato
2726 4191 2904 4261 gladio
2939 4210 3058 4246 eum
3111 4197 3369 4264 conﬁcere

1799 4277 2078 4333 tentabat:
2121 4286 2230 4330 tant
2265 4281 2539 4350 episcopus
2582 4298 2701 4335 eum
2739 4300 2771 4336 a
2808 4283 3054 4339 Barbara
3078 4298 3364 4356 mercatus,

1796 4369 1854 4422 in
1884 4367 2176 4422 libertatem
2203 4371 2416 4433 exemit,
2445 4373 2535 4442 qui
2565 4388 2684 4425 cum
2704 4391 2955 4444 perquam
2987 4378 3181 4446 optime
3205 4382 3366 4434 vitam

1794 4457 2069 4524 duxisset,
2111 4458 2426 4514 obdormivit
2486 4463 2542 4515 in
2585 4463 2834 4520 Domino.
2899 4467 2966 4521 Et
3021 4468 3258 4526 Sirletus
3309 4473 3362 4526 in

1793 4550 2098 4617 Menologio
2173 4550 2488 4607 ercorum
2551 4569 2567 4607 :
2617 4553 2815 4609 Eodem
2862 4559 2947 4613 die
2997 4561 3064 4614 14
3111 4561 3365 4617 Januarii

1794 4639 1855 4695 S.
1893 4642 2170 4696 Theodoti.
2201 4644 2305 4697 Hic
2348 4644 2449 4713 fuit
2499 4647 2645 4716 ﬁlius
2685 4647 2805 4703 Nili
2837 4652 2935 4704 viri
2968 4655 3239 4722 sapientis,
3275 4659 3366 4726 qui

1793 4731 1978 4786 relicto
2029 4733 2244 4796 saiculo,
2296 4735 2350 4787 in
2381 4745 2613 4789 montent
2653 4735 2839 4792 Sinam
2880 4756 2934 4793 se
2981 4742 3225 4806 contulit,
3274 4745 3364 4797 ubi

1793 4840 1914 4876 cum
1974 4824 2089 4893 ﬁlio
2128 4825 2290 4877 vitam
2349 4827 2596 4879 monachi
2641 4831 2896 4885 exercuit.
2934 4830 3099 4885 Multa
3160 4835 3362 4904 ingenii

1793 4915 1878 4970 sui
1924 4923 2278 4970 monumenta
2328 4917 2567 4985 posteris
2607 4919 2894 4990 reliquisse
2941 4930 3150 4976 certum
3201 4935 3364 4995 atque

1791 5003 2155 5059 indubitatum
2181 5014 2283 5070 est,
2315 5022 2552 5076 quorum
2586 5023 2714 5077 pars
2747 5025 2857 5064 non
2885 5012 3079 5081 exigua
3109 5021 3360 5083 typornm

1790 5095 2048 5163 praesidio
2077 5096 2251 5151 lucem
2287 5098 2477 5163 videt,
2529 5115 2657 5170 pars
2696 5101 2750 5155 in
2782 5105 3171 5173 manuscriptis
3217 5109 3360 5176 apud

1790 5185 2263 5245 decantatissimas
2335 5190 2693 5247 bibliothecas
2769 5195 3146 5264 manuscripts
3204 5197 3356 5263 latet,

1787 5290 1917 5345 pars
1944 5277 2108 5332 etiam
2139 5288 2451 5349 temporum
2478 5280 2698 5350 injuriis
2726 5282 3002 5352 deperdita
3033 5293 3138 5341 est.
3170 5285 3360 5356 Neque

1785 5368 1930 5422 enim
1967 5370 2046 5423 illi
2081 5370 2305 5441 copiose
2347 5372 2575 5442 loquens
2605 5375 2873 5443 sapientia
2895 5417 2910 5441 ,
2952 5392 3130 5447 neque
3170 5393 3354 5433 rerum

1786 5459 1843 5514 in
1877 5457 2180 5529 Scripturis
2210 5462 2567 5518 obscurarum
2607 5467 2942 5535 explanatio,
2977 5484 3155 5539 neque
3183 5471 3356 5526 bonas

1783 5564 1928 5606 artes
1956 5566 2251 5622 moresque
2288 5553 2612 5609 subserendi
2661 5557 2941 5621 studium,
2976 5559 3222 5632 illudque
3255 5577 3350 5615 su-

1781 5657 2027 5714 premum
2049 5641 2245 5703 defuit.
2268 5643 2609 5717 Nicephorus
2629 5645 2889 5708 Callistus
2912 5650 3011 5709 lib.
3032 5665 3122 5707 xw
3144 5651 3346 5721 εΛόγου
