3822 6216
375 175 387 189 ’
437 199 510 261 as
1645 184 1957 246 NOTITIA
1996 181 2075 241 IN
2113 180 2172 238 s.
2203 179 2473 239 NILUM.
3616 166 3680 228 36

441 313 499 365 δὲ
538 308 763 378 δυνάμει
789 307 1030 378 κρατῶν,
1060 306 1154 359 καὶ⁵
1178 307 1245 376 τῇ
1287 303 1408 376 Θείᾳ
1438 302 1797 373 νευρούμενος
1826 299 2007 372 χάριτι

441 400 854 470 συγγράμματα
911 397 1143 466 διάφορα
1219 393 1535 448 καταλείπει
1592 393 1728 463 πρὸς
1783 392 2012 460 ἄσκησιν

442 495 843 562 ὑπαλείφοντα,
896 488 1038 542 οὕτω
1089 488 1341 558 φράσεως
1388 486 1480 538 καὶ
1548 483 1834 552 νοημάτων
1884 498 2012 552 μετ-

439 589 634 659 έχοντα
658 627 673 651 ,
739 586 813 647 ὡς
861 584 950 636 τὸν
1013 579 1454 648 ἀναγινώσκοντα
1485 577 1700 647 χάριτος
1733 574 2011 644 ἁφράστου

439 680 662 750 ἔμπλεοι)
694 676 1032 730 καθιστάναι.
1067 672 1135 725 Et
1178 688 1295 724 cum
1339 669 1649 739 eloquentia:
1680 668 1729 721 vi
1772 666 2009 736 polleret,

439 773 734 842 divinteque
765 770 956 839 gratite
989 766 1159 821 nervis
1192 764 1398 818 validus
1427 773 1581 825 esset,
1612 761 1810 829 scripta
1838 763 2009 822 varia,

437 883 557 936 qua:
592 869 716 919 vita:
760 862 1067 915 monastica:
1103 857 1415 912 exercitium
1444 856 1736 915 instruunt,
1778 852 2009 922 reliquit,

437 957 606 1012 verbis
630 966 678 1009 et
708 953 980 1008 sententiis
1001 953 1079 1004 ita
1108 948 1423 1016 composita,
1448 955 1504 998 ut
1534 944 1746 998 lectoris
1777 942 2011 996 animum

438 1052 616 1121 gratia
675 1045 977 1101 incredibili
1033 1053 1289 1098 recreent.
1340 1041 1399 1095 ln
1439 1040 1585 1094 omni
1626 1045 1774 1091 recto
1824 1034 2012 1090 studio

439 1141 854 1198 ethumanitate
887 1146 1137 1192 versatus
1168 1135 1455 1204 Philippus
1483 1132 1751 1186 Labbaeus
1777 1130 1832 1183 in
1857 1127 2012 1181 Nova

439 1234 769 1289 Bibliotheca
815 1250 833 1286 :
889 1229 1008 1283 Nili
1059 1225 1640 1293 Constantinopolitani
1687 1223 1746 1278 S.
1780 1220 2010 1274 Ioannis

440 1324 807 1393 Chrysostomi
863 1321 1112 1390 discipuli
1167 1319 1336 1373 multa
1392 1320 1579 1387 jacent
1642 1315 1899 1384 opuscula
1957 1314 2012 1366 in

439 1415 836 1470 Parisiensibus
894 1413 1118 1480 aliisque
1172 1409 1533 1473 bibliothecis,
1596 1422 1712 1476 qua:
1748 1414 1806 1457 ut
1849 1404 2008 1457 audio

437 1516 699 1574 parantur
728 1504 954 1574 publica:
993 1501 1217 1554 utilitati
1265 1500 1327 1553 ab
1366 1499 1576 1553 erudito
1605 1500 1910 1565 interprete.
1948 1494 2012 1547 Et

442 1614 567 1670 pag.
601 1599 667 1652 95
693 1618 708 1653 :
745 1597 861 1650 Nili
884 1593 1208 1666 patriarcha:
1240 1591 1823 1659 Constantinopolitani
1852 1605 2010 1658 opera

441 1693 592 1744 varia
620 1692 674 1743 in
707 1689 860 1742 codd.
892 1687 1069 1757 regiis,
1095 1685 1222 1749 578,
1254 1685 1384 1747 498,
1419 1684 1542 1748 615,
1572 1683 1698 1748 952,
1724 1681 1852 1746 944,
1882 1680 2008 1744 729.,

448 1783 607 1838 1007.
635 1781 794 1846 1602,
825 1780 986 1842 1587,
1022 1778 1180 1840 1588,
1210 1775 1373 1838 2005,
1410 1775 1570 1828 2218.
1604 1773 1781 1827 Multa
1812 1788 2012 1842 quoque

439 1876 674 1944 ejusdem
707 1874 766 1928 S.
803 1872 920 1925 Nili
950 1869 1206 1940 opuscula
1253 1877 1407 1923 erant
1449 1868 1504 1920 in
1546 1866 1858 1920 bibliotheca
1889 1866 2012 1920 Sir-

438 1967 662 2030 lctiana,
690 1979 804 2034 qua:
830 1963 953 2015 aliis
983 1957 1324 2014 memoranda
1356 1957 1611 2026 relinquo.
1647 1956 1724 2008 Ita
1747 1953 2014 2010 Labbaatts

442 2060 530 2113 hic
563 2068 617 2113 ct
656 2055 784 2110 alibi
823 2071 837 2108 :
873 2051 1053 2107 Josias
1107 2050 1374 2105 Simlerus
1409 2049 1463 2102 in
1513 2047 1763 2117 Epitome
1797 2045 2009 2102 Gesne-

439 2151 608 2205 rianae
627 2144 995 2209 Bibliotheca,
1013 2141 1281 2212 Georgius
1299 2137 1570 2194 Draudius
1593 2137 1646 2192 in
1677 2136 2011 2191 Bibliotheca

437 2241 694 2297 classica.

509 2329 666 2384 Hunc
694 2334 946 2384 sanctum
975 2323 1157 2379 Nilum
1194 2328 1443 2377 nostrum
1464 2324 1701 2373 ascetam
1731 2314 1824 2370 alii
1851 2322 2014 2384 atque

439 2424 531 2479 alii
569 2426 889 2490 nuncupant
943 2415 1392 2483 archiepiscopum
1438 2419 1497 2465 et
1541 2410 1838 2477 episcopum
1867 2406 2010 2462 Con-

438 2513 998 2581 stantinopolitanum,
1030 2505 1333 2577 perinsigni
1382 2501 1883 2570 manuscriptorum
1914 2512 2012 2552 co-

438 2608 626 2661 dicum
662 2602 932 2674 pravitate
965 2599 1198 2666 decepti.
1250 2593 1494 2650 Joannes
1527 2592 1776 2647 Andreas
1825 2590 2012 2656 Quen-

439 2699 630 2756 stadt:
675 2691 1136 2759 Constantinopoli
1187 2697 1343 2742 natus
1383 2696 1461 2741 est
1507 2684 1666 2738 Nilus
1703 2683 2009 2748 monachus,

435 2788 665 2844 Joannis
697 2783 1066 2854 Chrysostomi
1117 2778 1430 2846 discipulus,
1479 2776 1569 2846 qui
1597 2775 1768 2828 multa
1800 2772 2013 2841 scripsit

438 2882 503 2934 de
535 2878 870 2934 institutione
899 2873 1303 2934 monachorum,
1331 2877 1458 2924 teste
1481 2867 1780 2935 Nicephoro
1805 2865 2008 2920 Histor.

440 2974 534 3029 lib.
557 2989 664 3032 xw,
695 2986 815 3035 cap.
842 2969 929 3024 55.
962 2966 1221 3033 ρυωάαιη
1241 2963 1354 3032 ejus
1379 2970 1587 3016 exstant
1609 2960 1661 3012 in
1685 2957 2013 3011 Bibliotheca

438 3065 702 3125 Patrum,
736 3070 876 3114 tomo
918 3059 979 3123 V,
1032 3057 1161 3112 edit.
1217 3056 1271 3110 2.
1314 3053 1615 3122 Separatim
1665 3066 1782 3105 vero
1836 3057 2011 3102 exstat

440 3154 572 3208 liber
599 3151 660 3209 S.
689 3151 809 3204 Nili
837 3149 909 3203 De
939 3148 1251 3202 Christiana
1280 3143 1647 3216 philosophia,
1679 3158 1780 3212 quo
1805 3141 2012 3194 nomine

439 3245 792 3300 monasticam
823 3243 1108 3313 significat.
1152 3240 1380 3294 Photius
1410 3239 1464 3291 in
1497 3235 1851 3298 Bibliotheca,
1886 3230 2007 3287 cod.

437 3337 538 3392 201
584 3351 599 3390 :
640 3335 823 3389 Lectus
880 3341 955 3387 est
1015 3331 1128 3387 Nili
1194 3330 1435 3385 monachi
1490 3327 1648 3393 liber,
1712 3325 1859 3397 τρισὶ
1917 3324 2012 3376 καὶ

438 3428 778 3496 πεντήκοντα
833 3424 930 3478 καὶ
981 3422 1175 3476 ἑκατὸν
1223 3419 1541 3490 κεφαλαίοις
1606 3415 2004 3487 διαιρούμενος,

438 3518 530 3572 τὸν
557 3517 656 3587 τῆς
679 3515 988 3586 προσευχῆς
1041 3513 1099 3566 δὲ
1130 3513 1188 3564 ὲν
1224 3509 1436 3572 τούτοις
1468 3511 1496 3563 ό
1526 3507 1666 3571 Θεῐος
1703 3506 1844 3577 ἀνὴρ
1877 3505 2010 3558 ἀνα-

437 3608 668 3662 πτύσσει
701 3608 890 3660 τύπον.
926 3604 1102 3659 Πολλὰ
1131 3604 1190 3658 δὲ
1237 3603 1331 3658 καὶ
1360 3599 1496 3654 ἄλλα
1539 3597 1704 3652 αὐτοῦ
1733 3597 2008 3665 ἀξιόλογα,

437 3699 692 3760 ποικίλας
735 3695 1019 3760 ὑποθέσεις
1047 3694 1465 3764 ὐποδαλλόμενα
1487 3729 1504 3756 ,
1550 3690 1629 3754 είς
1666 3706 1726 3742 τε
1755 3689 1847 3742 τὸν
1892 3689 2011 3741 ἑπι-

441 3789 748 3860 στολιμαῖον
776 3788 996 3858 τρόπον,
1023 3788 1118 3840 καὶ
1141 3786 1220 3849 εἰς
1241 3784 1302 3838 τὸ
1327 3781 1701 3853 συγγραφικὸν
1728 3779 2010 3850 ἀπιγμένα

441 3881 850 3950 συγγράμματα
876 3879 1125 3949 φέρεται,
1156 3878 1256 3948 τήν
1279 3894 1339 3930 τε
1370 3875 1513 3929 κατὰ
1545 3874 1612 3927 τὰ
1640 3873 1777 3943 ἔργα
1808 3871 2010 3924 τελειό-

437 3992 607 4046 τητα,
658 3974 751 4027 καὶ
791 3973 890 4044 τὴν
943 3973 1001 4025 ὲν
1038 3972 1220 4039 λόγοις
1261 3967 1681 4040 μαρτυρούμενα
1732 3963 1960 4036 δύναμιν
1991 3977 2006 3993 ·

438 4065 493 4118 in
518 4073 724 4117 centum
756 4073 802 4115 et
840 4062 1229 4132 quinquaginta
1276 4060 1381 4112 tria
1414 4059 1594 4126 capita
1636 4056 1859 4119 divisus,
1889 4055 2008 4124 qui-

439 4155 535 4206 bus
593 4152 842 4221 precandi
900 4152 1130 4220 formam
1192 4151 1272 4204 vir
1321 4151 1413 4203 ille
1482 4148 1694 4202 divinus
1745 4146 2006 4214 exposuit.

441 4242 711 4298 Feruntur
739 4242 975 4312 ejusdem
1022 4252 1072 4296 et
1108 4241 1219 4295 alia
1249 4245 1407 4310 plura
1441 4240 1578 4294 lectu
1625 4240 1787 4308 digna
1818 4237 2011 4289 diversi

439 4335 740 4403 argumenti
773 4332 1026 4402 opuscula
1049 4368 1066 4394 ,
1119 4331 1316 4398 partim
1350 4328 1641 4393 Epistolac,
1673 4327 1868 4396 partim
1908 4326 2011 4378 [Ii-

440 4427 625 4480 storia:
657 4426 832 4494 forma
869 4425 1204 4491 conscripta,
1239 4437 1354 4491 quae
1400 4437 1504 4474 non
1545 4435 1759 4488 operum
1807 4427 2012 4471 tantum

441 4517 821 4588 perfectionem
842 4516 1121 4583 insignem,
1155 4514 1245 4566 sed
1278 4514 1331 4564 in
1353 4511 1572 4564 dicendo
1599 4525 1798 4580 quoque
1835 4507 2012 4577 facul-

443 4618 605 4663 tatem
636 4607 751 4676 ejus
787 4614 1078 4658 testantur.
1109 4603 1313 4656 Ibidem
1353 4603 1458 4655 alia
1485 4601 1726 4670 ejusdem
1761 4600 1860 4652 Nili
1898 4599 2012 4653 An-

442 4702 605 4756 dreas
648 4700 872 4752 Scottus
908 4703 1159 4750 recenset
1203 4694 1467 4764 opuscula
1495 4733 1512 4760 ,
1563 4708 1680 4762 qua:
1729 4694 1782 4744 in
1823 4689 2009 4755 Italia,

443 4792 759 4847 bibliotheca
793 4789 974 4860 Regia,
1025 4802 1072 4841 et
1125 4791 1436 4857 Augustana
1485 4785 1734 4838 dicuntur
1779 4795 2009 4838 exstare.

444 4885 667 4942 Dubitat
712 4882 1115 4942 nihilominus,
1175 4895 1244 4933 an
1293 4879 1460 4931 unius
1511 4876 1618 4930 Nili
1659 4877 1767 4929 sint
1806 4876 2010 4929 omnia.

443 4978 712 5048 Excerpta
743 4992 811 5031 ex
837 4974 1085 5043 ejusdem
1109 4970 1468 5026 Orationibus
1491 4970 1543 5022 in
1572 4968 1782 5022 Pascha
1813 4967 2010 5037 prima,

443 5081 500 5125 et
524 5069 786 5130 secunda,
808 5066 1246 5120 ittAscensionem
1274 5063 1486 5116 Domini
1520 5061 1716 5131 prima,
1771 5061 2012 5114 secunda

448 5170 504 5215 et
532 5163 691 5216 tertia
723 5161 857 5215 satis
889 5158 1098 5228 prolixa
1127 5156 1351 5210 totidem
1376 5154 1558 5209 verbis
1583 5154 1846 5208 exscribit
1871 5154 2012 5207 idem

447 5255 671 5309 Photius
721 5254 776 5306 in
831 5251 1020 5306 eadem
1073 5248 1422 5302 Bibliotheca.
1479 5246 1579 5301 Hic
1629 5262 1740 5300 non
1801 5247 2011 5315 absque

445 5345 749 5399 oscitantize
817 5353 945 5396 nota
1009 5338 1383 5409 designandus
1442 5344 1527 5392 est
1557 5339 1788 5407 supinus
1855 5353 2012 5392 error

445 5436 673 5492 Gesneri
719 5443 773 5488 et
815 5433 1065 5498 Simleri,
1101 5434 1151 5486 in
1192 5431 1561 5495 Bibliotheca,
1602 5430 1697 5500 qui
1746 5431 2013 5500 opuscula

445 5528 780 5597 Theologica
827 5524 935 5579 Nili
985 5539 1110 5580 cum
1152 5523 1426 5594 capitibus
1467 5521 1727 5577 Diadochi
1781 5524 2014 5578 confun-

445 5623 626 5679 dunt:
664 5620 849 5677 Sancti
890 5617 1005 5673 Nili
1055 5616 1336 5674 Orationes
1391 5617 1699 5672 monastij
1757 5619 1810 5672 in
1854 5616 2009 5672 Vati-

2119 313 2277 362 cana,
2309 292 2579 364 Opuscula
2608 290 2848 361 quautam
2877 287 3212 358 Theologica,
3235 295 3285 341 et
3307 283 3498 353 Capita
3529 302 3682 354 φωτιο

2104 389 2240 460 .κῆς.
2278 388 2346 441 Ει
2387 387 2533 456 quod
2571 386 2743 454 magis
2789 391 2895 447 est,
2940 379 3433 451 Magdeburgenses
3464 385 3606 430 cent.
3632 374 3683 438 5,

2118 495 2239 549 cap.
2283 480 2350 534 10
2388 496 2401 532 :
2437 477 2556 531 Nili
2591 478 2917 531 monasticas
2956 472 3242 527 Orationes
3305 479 3518 524 exstare
3550 467 3684 523 Grie-

2117 588 2208 625 cas
2251 571 2430 625 Roma:
2461 571 2517 624 in
2565 569 2846 623 Vaticana.
2899 565 3036 620 Item
3082 563 3352 633 Opuscula
3392 561 3685 631 quindecim

2122 661 2462 732 Theologica,
2511 670 2561 714 et
2611 677 2730 729 cap.
2766 660 3031 729 φωτικῆς.
3069 655 3204 710 Item
3247 653 3443 708 librum
3485 652 3553 706 ad
3589 651 3686 705 Ba-

2121 754 2306 807 riclem
2347 754 2671 822 episcopum.
2718 752 2782 806 Et
2813 751 2958 805 infra
2994 768 3007 804 :
3043 747 3252 804 Praebet
3296 756 3467 800 tamen
3503 759 3687 812 prope-

2118 847 2331 899 modum
2359 846 2738 912 conjecturam,
2769 842 2908 915 quod
2935 845 3189 910 scriptum
3219 838 3482 910 quoddam
3512 838 3688 904 capita

2118 937 2362 1005 φωτικῆς
2416 945 2881 990 commemoratur.
2939 933 3008 986 Et
3058 931 3421 998 Nicephorus,
3473 938 3582 982 etc.
3635 926 3687 979 Si

2121 1029 2266 1083 ullus
2295 1029 2458 1092 alius,
2494 1029 2657 1098 plane
2688 1025 2917 1081 Photius
2965 1025 3104 1094 ipse,
3153 1038 3222 1077 ne
3261 1021 3352 1076 hic
3390 1021 3690 1074 multorum

2119 1118 2453 1172 testimoniis
2498 1133 2611 1171 rem
2645 1117 2880 1180 traham,
2922 1114 3156 1170 similem
3192 1127 3456 1177 errorem,
3499 1119 3691 1181 aperte

2119 1209 2393 1280 proﬂigat.
2425 1210 2674 1280 Namque
2714 1209 2790 1262 ait
2823 1227 2836 1262 :
2873 1206 3093 1277 Πατέρα
3123 1205 3180 1258 δὲ
3226 1204 3320 1258 τοῦ
3371 1203 3530 1272 λόγου
3565 1203 3693 1255 Διά-

2118 1303 2272 1373 δοχον
2313 1305 2344 1372 ὴ
2374 1300 2657 1373 ἐπιγραφὴ
2692 1301 2859 1369 λέγει,
2899 1299 3147 1370 Φωτικῆς
3171 1298 3272 1369 τῆς
3300 1299 3358 1350 ὲν
3386 1299 3450 1367 τῇ
3483 1296 3692 1365 παλαιᾷ

2131 1395 2371 1466 Ἠπείρῳ
2415 1395 2710 1447 ἐπίσκοπον
2735 1410 2749 1424 ο
2794 1393 3077 1446 Auctorem
3107 1392 3220 1461 ejus
3255 1391 3529 1455 inscriptio
3574 1390 3692 1454 ipsa

2120 1486 2252 1554 facit
2281 1484 2615 1538 Diadochum
2660 1483 2904 1540 Photices
2951 1483 3133 1547 illius,
3185 1497 3299 1552 quae
3326 1492 3403 1534 est
3440 1481 3494 1532 in
3526 1488 3693 1532 vetere

2118 1576 2305 1646 Epiro,
2337 1578 2653 1646 episcOpum.
2696 1575 2764 1628 Et
2796 1575 2937 1629 infra
2977 1574 3108 1628 dum
3153 1575 3262 1646 agit
3292 1573 3359 1627 de
3387 1570 3692 1642 Sophronii

2121 1668 2602 1740 llierosolymitani
2628 1667 2955 1738 patriarchae
2969 1666 3213 1735 Epistola
3246 1665 3509 1736 synodica
3539 1679 3551 1714 :
3581 1663 3694 1714 Καὶ

2117 1762 2146 1813 ό
2172 1762 2272 1831 τῆς
2302 1759 2550 1829 Φωτικῆς
2583 1761 2878 1820 ὲπισκοπος
2909 1757 3081 1828 ὄνομα
3113 1756 3368 1827 Διάδοχος
3395 1775 3413 1788 ο
3454 1754 3525 1808 Et
3555 1753 3694 1806 Pho-

2121 1853 2240 1906 ticaz
2260 1853 2532 1921 episcopus
2571 1851 2783 1906 nomine
2810 1849 3138 1904 Diadochus.

2188 1964 2383 2020 Omnia
2411 1965 2575 2021 istius
2609 1964 2900 2036 opuscula.
2927 1977 3050 2034 quae
3073 1962 3334 2032 pleraque
3359 1968 3511 2023 sunt,
3553 1974 3695 2012 non-

2119 2055 2248 2111 dum
2298 2057 2588 2126 quisquam
2627 2055 2839 2126 justum
2891 2054 2947 2107 in
2987 2053 3242 2106 volumen
3288 2050 3516 2118 redegit.
3551 2048 3696 2101 Sunt

2118 2147 2472 2202 nihilominus
2501 2147 2693 2216 partim
2717 2146 2908 2200 Latine
2933 2143 3169 2207 reddita,
3194 2142 3466 2211 editaque.
3499 2138 3696 2194 Oratio

2118 2239 2188 2294 ad
2227 2239 2394 2295 Deum
2440 2247 2632 2295 contra
2653 2238 3014 2293 Barbarorum
3041 2233 3570 2299 incursiones,bella
3605 2234 3691 2286 in-

2119 2332 2338 2396 testina,
2368 2341 2598 2401 pestem,
2633 2329 2855 2395 famem,
2899 2337 2956 2383 et
2987 2327 3183 2382 mortis
3211 2327 3318 2380 vim
3362 2332 3694 2395 prmsentem

2118 2423 2327 2479 Joanne
2353 2422 2629 2477 Sambuco
2661 2421 2947 2476 Pannonio
2976 2420 3278 2490 interprete
3303 2436 3316 2474 :
3346 2416 3408 2473 P.
3434 2416 3694 2484 Omnipo-

2121 2525 2230 2570 tens
2253 2513 2475 2569 Domine
2500 2513 2662 2578 Deus,
2696 2512 2862 2566 Pater
2889 2512 3106 2582 ingeniti
3135 2508 3292 2564 Filii.
3311 2509 3469 2564 Edita
3500 2509 3695 2564 Latine

2119 2615 2332 2660 tantum
2387 2603 2618 2664 Batavii,
2649 2618 2794 2657 anno
2835 2603 3002 2669 1555;
3034 2608 3320 2672 exstatque
3362 2617 3467 2656 ms.
3504 2601 3563 2655 in
3611 2601 3695 2655 bi-

2119 2699 2311 2754 blioth.
2338 2696 2707 2766 Imperatoris,
2735 2693 2979 2749 Vienna.

2187 2809 2382 2867 Petrus
2410 2807 2743 2864 Franciscus
2785 2805 2955 2859 Zinus
2981 2802 3318 2860 Veronensis
3349 2801 3403 2855 in
3432 2799 3692 2854 Latinum

2117 2902 2410 2966 convertit,
2443 2909 2498 2956 et
2528 2898 2828 2969 publicavit
2859 2894 3125 2960 Venetiis,
3162 2910 3306 2948 anno
3344 2891 3502 2952 1557,
3546 2891 3692 2944 in-8.

2186 3013 2412 3069 Librum
2456 3010 2572 3065 Nili
2603 3009 2935 3072 Asceticum,
2967 3007 3073 3060 sive
3115 3005 3178 3059 de
3213 3006 3321 3059 vita
3360 3014 3408 3056 et
3455 3003 3694 3056 moribus

2117 3107 2515 3162 monachorum.
2551 3101 2613 3157 P.
2656 3101 2817 3156 Multi
2858 3115 2922 3154 ea:
2970 3097 3194 3160 Grazcis,
3245 3107 3292 3150 et
3339 3095 3544 3148 Iudicis
3589 3112 3694 3147 ttott

2115 3199 2290 3268 paucL

2187 3290 2270 3344 Ad
2291 3289 2570 3342 monachos
2601 3285 3006 3340 institutionem.
3029 3281 3091 3336 P.
3131 3281 3307 3335 Victus
3332 3282 3693 3350 intemperan-

2119 3384 2250 3438 tiam
2281 3382 2534 3451 jejunium
2573 3379 2733 3432 tollit.

2187 3470 2451 3522 Adversus
2486 3468 2617 3520 vitia
2654 3465 2938 3520 Orationes
2970 3471 3182 3529 septem.

2189 3562 2265 3616 De
2307 3562 2457 3632 gula,
2497 3567 2638 3614 orat.
2682 3559 2732 3612 1.
2776 3556 2838 3610 1³.
2882 3555 3219 3624 Principium
3264 3556 3362 3625 flos
3401 3567 3479 3609 est
3520 3559 3692 3626 proﬁ-

2116 3655 2304 3708 ciendi.

2187 3747 2264 3800 De
2301 3746 2542 3811 luxuria,
2581 3751 2724 3796 orat.
2756 3739 2811 3795 2.
2844 3739 2904 3793 Ρ.
2945 3737 3272 3792 Pudicitiam
3313 3742 3455 3809 parit
3497 3751 3696 3810 tempe-

2116 3841 2316 3895 ranlia.

2139 3995 2141 3997 ι
2186 3932 2264 3987 De
2303 3933 2567 3996 avaritia,
2614 3940 2756 3986 orat.
2800 3933 2853 3987 5.
2897 3931 2957 3989 Ρ.
3005 3934 3253 3989 Avaritia
3300 3934 3564 3987 malorum
3615 3942 3693 3986 est

2116 4027 2350 4082 omnium
2375 4025 2551 4079 radix.

2189 4119 2264 4172 De
2302 4119 2408 4183 ira,
2447 4124 2586 4172 orat.
2623 4117 2676 4170 4.
2728 4114 2828 4172 Ira
2861 4117 3034 4186 furori
3075 4129 3229 4188 atque
3264 4119 3487 4171 insania:
3523 4117 3695 4184 affinis

2115 4220 2213 4265 est.

2187 4301 2265 4354 De
2295 4302 2540 4366 tristitia,
2574 4309 2714 4355 orat.
2747 4302 2800 4354 5.
2827 4300 2886 4354 P.
2929 4299 3162 4366 Spiritus
3197 4301 3510 4368 uoluptatem
3544 4300 3697 4367 igno-

2119 4403 2202 4446 rat
2228 4393 2538 4448 monachus.

2189 4484 2268 4537 De
2287 4485 2495 4549 acedia,
2531 4493 2673 4538 orat.
2710 4483 2763 4537 6.
2794 4482 2855 4536 P.
2887 4482 3063 4537 Animi
3099 4483 3345 4537 debilitas
3379 4494 3454 4536 est
3487 4483 3692 4535 accdia.

2189 4577 2266 4632 De
2292 4578 2436 4630 inani
2465 4577 2658 4646 gloria,
2691 4586 2832 4631 orat.
2873 4577 2928 4632 ’7.
2959 4577 3018 4630 Ρ.
3053 4575 3237 4630 Inanis
3262 4578 3435 4647 gloria
3465 4588 3538 4628 est
3573 4579 3695 4628 ani—

2119 4671 2193 4723 mi
2228 4670 2556 4736 perturbatio
2597 4669 2796 4722 rationi
2829 4670 3120 4722 contraria.

2193 4781 2267 4834 De
2296 4780 2561 4848 superbia,
2588 4789 2729 4835 orat.
2757 4782 2814 4834 8.
2841 4779 2902 4832 Ρ.
2924 4778 3182 4850 Superbia
3204 4789 3280 4832 est
3305 4780 3466 4832 animi
3490 4788 3690 4843 tumor,

2119 4875 2265 4928 sanie
2291 4875 2464 4940 plena.

2189 4964 2413 5018 Diversa
2483 4967 2680 5033 capita.
2744 4965 2804 5020 P.
2847 4964 2945 5019 Dei
3009 4967 3248 5018 timorem
3318 4981 3380 5016 ac
3451 4967 3692 5016 studmm

2119 5061 2306 5113 retine.

2193 5151 2267 5204 De
2301 5151 2558 5217 oratione,
2587 5166 2709 5222 cap.
2743 5151 2868 5206 155.
2898 5151 3004 5218 Qui
3038 5150 3364 5219 odoriferum
3390 5150 3532 5214 cupit
3572 5150 3693 5217 thy-

2119 5248 2338 5302 miama.

2189 5339 2271 5391 Ad
2304 5338 2545 5406 juniores
2583 5339 2868 5390 monachos
2920 5335 3329 5389 institutionem.
3377 5330 3440 5384 P.
3471 5331 3691 5383 Juvenis

2119 5430 2260 5485 colat
2288 5431 2510 5498 quietem
2537 5430 2591 5482 in
2622 5444 2857 5496 corpore.

2190 5522 2271 5575 Ad
2302 5523 2647 5575 Anastasium
2681 5522 2982 5590 episcopum
3013 5518 3316 5587 epistolam.
3353 5513 3417 5570 P.
3453 5512 3690 5568 Joannes

2121 5615 2366 5670 sacerdos
2410 5613 2758 5669 admirandus
2789 5613 3040 5669 Ecclesia:
3062 5607 3687 5677 Constantinopolitanw.
