3822 6216
123 285 179 347 37
1317 263 1629 332 NOTI'I‘IA
1666 261 1748 322 IN
1789 260 1848 321 s.
1888 262 2138 347 NILpM
3285 248 3358 312 38
3416 204 3423 217 |

185 395 257 447 De
286 391 445 446 nimis
466 390 726 442 diuturna
751 382 1113 454 prtcfectura..
1139 379 1202 436 P.
1238 380 1483 437 Tradunt
1506 391 1683 432 rerum

123 485 442 541 naturalium
470 481 858 535 observatores.

183 579 239 634 In
280 576 621 631 Bibliotheca
658 571 881 624 Patrum
906 566 1185 631 Veterum,
1229 564 1471 620 Colonia!
1500 562 1682 616 edita:

188 670 263 721 Ex
319 665 557 736 quodam
620 661 951 715 Partcnetiro
998 657 1132 709 libro
1179 655 1568 726 fragmentum.
1623 650 1685 706 P.

125 758 369 828 Nunquid
399 756 642 825 angelos,
679 753 752 806 vel
780 759 1083 818 potestates,
1110 756 1216 803 etc.
1428 740 1429 745 I

190 852 264 905 De
283 860 395 903 octo
424 849 631 903 vitiosis
663 843 1090 915 cogitationibus.

195 944 265 996 De
294 942 441 1013 gula.
480 939 545 995 P.
589 938 667 992 De
706 946 821 990 octo
858 934 1059 988 vitiosis
1095 928 1538 1001 cogitationibus,
1596 943 1688 980 seu

128 1036 411 1107 eiectibus.

187 1128 262 1183 De
280 1124 651 1196 fornicatione.
665 1115 1132 1173 P.Fornicationis
1148 1113 1369 1181 spiritus
1388 1127 1478 1181 per
1492 1126 1690 1163 carnis.

188 1220 264 1274 De
293 1217 564 1272 Avaritia.
598 1212 656 1265 P.
701 1211 990 1265 Externum
1020 1217 1099 1260 est
1131 1206 1370 1259 avaritia:
1406 1203 1619 1257 bellum.

188 1312 263 1365 De
292 1312 398 1363 ira.
429 1308 488 1361 P.
535 1305 631 1359 Ira
665 1320 783 1357 cum
815 1301 975 1355 semel
1004 1307 1181 1366 pectus
1214 1296 1493 1348 obsederit.

190 1402 265 1456 De
298 1400 543 1454 tristitia.
580 1396 639 1450 P.
673 1394 806 1450 Cum
832 1391 1096 1459 improbus
1126 1390 1357 1441 tristitia:
1381 1386 1620 1455 spiritus.

192 1497 267 1550 De
298 1494 511 1548 acedia.
550 1489 612 1543 P.
653 1486 863 1542 Acedia:
884 1485 1107 1552 spiritus
1150 1480 1387 1534 maeroris
1425 1479 1692 1545 spiritum.

196 1589 268 1642 De
308 1586 461 1639 inani
489 1582 685 1654 gloria.
712 1579 774 1634 P.
811 1577 1000 1632 Inanis
1034 1574 1219 1646 gloria:
1253 1572 1474 1641 affectus
1512 1570 1697 1622 multi-

129 1680 240 1746 plex
264 1686 377 1735 est.

195 1770 268 1823 De
296 1766 569 1832 superbia.
601 1762 665 1816 P.
694 1757 1075 1821 Cravissimus,
1125 1764 1280 1822 atque
1314 1751 1547 1805 omnium
1585 1757 1696 1801 tru-

132 1859 548 1916 culentissimus.
580 1850 581 1853 “

198 1952 270 2005 De
296 1950 544 2003 oratione
574 1945 749 2011 capita
784 1940 902 2004 150,
937 1950 1072 1995 sect.
1110 1936 1234 1990 M7.
1264 1934 1454 1989 Latine
1485 1939 1697 1985 tantum

135 2046 429 2113 interprete
460 2039 763 2094 Francisco
792 2034 1086 2091 Turriauo.
1128 2030 1218 2099 qui
1264 2044 1388 2081 cum
1439 2023 1698 2079 Diadochi

134 2136 388 2190 Photices
420 2130 665 2203 episcopi
702 2126 973 2199 capitibus
1000 2122 1073 2176 De
1095 2120 1411 2189 perfectione
1433 2114 1703 2186 spirituali

134 2231 333 2285 edenda
374 2227 593 2282 curavit
636 2218 951 2288 Antuerpiaa
990 2216 1136 2285 typis
1182 2211 1567 2270 Plantinianis,
1604 2222 1703 2259 an-

135 2339 201 2377 no
232 2321 394 2382 1575,
432 2317 612 2373 ἰπὶ-12.
646 2314 802 2370 Unde
844 2313 897 2365 in
930 2302 1285 2362 Bibliothecis
1310 2301 1561 2356 Veterum
1598 2298 1704 2353 Pa-

136 2425 273 2470 trum
298 2431 329 2467 a
360 2413 675 2482 Margarino
705 2407 924 2477 Bigan
958 2398 1214 2455 deducta.

200 2509 356 2564 Liber
384 2507 670 2560 asceticus.

203 2601 489 2655 Institutio
527 2597 596 2650 ad
636 2595 943 2650 monachos.

206 2693 497 2748 Orationes
533 2697 652 2744 octo
687 2688 937 2741 adversus
963 2683 1225 2754 primaria
1252 2679 1401 2734 ritia.

204 2783 387 2837 Brevis
416 2779 686 2833 institutio
720 2778 788 2829 ad
805 2777 1047 2846 juniores
1080 2770 1382 2826 monachos.

206 2874 453 2942 Epistola
485 2870 555 2925 ad
588 2871 937 2924 Anastasium
965 2867 1329 2937 presbyterum
1357 2874 1475 2912 cum
1511 2854 1712 2905 duobus

94 2996 105 3001 -
144 2968 475 3039 fragmentis.

209 3038 499 3115 Tractatus
550 3055 614 3110 de
653 3062 770 3110 octo
807 3053 1015 3108 vitiosis
1052 3043 1481 3119 cogitationibus,
1524 3038 1715 3093 Latine

147 3160 443 3222 mterprete
492 3148 699 3203 Iacobo
743 3146 902 3200 Billio
934 3142 1170 3196 Prunaso
1221 3137 1280 3192 S.
1333 3132 1617 3190 Michaelis
1660 3130 1715 3183 in

146 3257 326 3298 eremo
360 3239 776 3303 emnobiareba,
799 3235 895 3304 qui
920 3234 1073 3288 illum
1111 3245 1237 3286 cum
1266 3225 1492 3283 Joannis
1519 3221 1715 3274 Dama-

147 3335 292 3389 sceui
312 3332 581 3403 operibus
606 3328 776 3383 edidit
806 3324 1053 3387 Parisiis,
1082 3334 1227 3374 anno
1256 3315 1413 3371 l577.
1445 3310 1718 3382 Subjecit-

148 3442 248 3498 que
275 3422 515 3495 Eugenii
540 3420 829 3489 apuscula,
866 3415 931 3469 de
956 3412 1135 3468 eodem
1163 3414 1473 3479 argumento
1503 3420 1521 3459 :

210 3520 405 3575 Gneee
438 3530 571 3571 vero
598 3520 653 3568 et
680 3511 874 3566 Latine
918 3508 1065 3563 edita
1112 3512 1263 3559 sunt.
1312 3498 1569 3567 Ejusdem
1611 3497 1722 3549 Κε-

151 3611 375 3680 φάλαια,
403 3607 448 3679 τῆ
496 3604 867 3676 παραινέσεις,
920 3598 1147 3667 Capita,
1199 3609 1296 3649 seu
1340 3589 1723 3657 Prteceptiones

152 3701 511 3764 sententiam,
582 3694 881 3750 Francisco
935 3688 1217 3743 Turriano
1278 3685 1611 3752 interprete.
1671 3685 1727 3733 et

155 3797 355 3866 ιπιοι-ἰε
404 3786 877 3860 interpretationis
916 3790 1252 3844 correctore,
1299 3776 1513 3831 collatis
1550 3773 1727 3827 tribus

157 3864 494 3957 pervetustis
552 3876 981 3949 exemplaribus,
1031 3879 1088 3927 et
1143 3869 1372 3926 scholiis
1437 3864 1725 3937 appositis.

158 3956 449 4033 Florentiae
516 3970 660 4042 apud
733 3966 1195 4022 Bartholomasum
1260 3956 1729 4014 Sermaretellium

161 4074 317 4133 1578,
350 4069 494 4123 iri—8.
528 4064 649 4120 Una
674 4076 802 4116 cum
831 4057 1096 4112 Diadochi
1118 4052 1367 4125 episcopi
1397 4050 1641 4104 Photices
1671 4047 1727 4099 in

161 4177 322 4221 retere
360 4163 523 4230 Epiro
551 4156 756 4227 Illyrici
782 4150 1044 4220 capitibus
1072 4155 1281 4202 centum
1322 4143 1386 4197 de
1411 4141 1733 4211 perfectione

162 4257 450 4327 spirituali.
482 4251 549 4305 Et
581 4254 695 4303 haec
724 4247 934 4301 Graece.
967 4241 1164 4295 Latine
1192 4252 1323 4292 vero
1349 4234 1597 4304 Lugduni
1623 4231 1730 4284 Ba-

167 4324 412 4407 tavorum
445 4362 514 4401 ex
547 4342 760 4397 ollicina
784 4335 1157 4397 Plantiniana,
1186 4329 1344 4394 1590,
1370 4327 1520 4393 in-8;
1550 4332 1605 4380 et
1626 4324 1733 4378 Ba-

167 4444 311 4500 sileaa
341 4438 492 4510 apud
533 4434 831 4489 Robertum
878 4428 1132 4490 Winter;
1186 4432 1242 4479 et
1284 4420 1527 4474 Colonia:
1592 4415 1736 4487 apud

168 4507 516 4607 Gymnicum.
555 4527 689 4582 Item
722 4523 911 4579 Graece
947 4529 1001 4575 et
1038 4517 1234 4573 Latine
1279 4514 1334 4567 in
1362 4512 1606 4580 linguam
1636 4507 1737 4561 La-

167 4602 333 4683 tinam
387 4624 693 4685 traductae,
733 4625 789 4672 et
836 4611 1167 4669 testimoniis
1219 4618 1335 4661 tum
1393 4602 1568 4660 sacris
1620 4607 1737 4654 tum

172 4718 412 4791 profanis
446 4715 760 4774 illustratus,
792 4720 955 4776 opera
975 4712 1029 4759 et
1052 4702 1242 4755 labore
1271 4694 1535 4766 Stephani
1565 4692 1740 4747 Scho-

172 4784 391 4878 ningii:
443 4802 778 4858 Francherae
837 4795 1146 4852 excudebat
1202 4787 1450 4860 IEgidius
1507 4784 1739 4838 Radaaus

172 4875 423 4956 ordinum
482 4894 675 4947 Frisia:
729 4888 1105 4960 typographus
1159 4881 1297 4936 1608
1354 4876 1497 4933 ἰπὶ-8.
1545 4875 1740 4929 Addita

177 5002 299 5049 sunt
327 4986 558 5061 Agapeti
582 4983 771 5052 Capita
793 4979 1132 5050 parwnetica,
1171 4982 1226 5027 et
1259 4968 1571 5025 Aristotelis
1602 4967 1744 5020 liber

176 5084 248 5138 De
274 5080 560 5138 virtutibus
597 5084 647 5129 et
682 5073 845 5131 vitiis,
896 5068 1088 5124 eodem
1127 5064 1404 5133 Stephano
1445 5062 1745 5128 interprete

178 5185 229 5231 et
255 5173 595 5244 expositore.
638 5164 851 5218 Eaedem
885 5177 914 5213 a
945 5156 1209 5212 Michaele
1259 5151 1456 5208 Toxita
1502 5150 1747 5221 carmine

181 5241 398 5322 reddita:
423 5272 645 5317 excusa:
684 5262 814 5311 sunt
852 5247 1201 5321 Argentorati
1232 5264 1259 5299 a
1286 5244 1525 5299 Cratone
1563 5241 1744 5311 Mylio.

182 5358 518 5427 Epitomator
568 5346 938 5404 Gesnerianus
976 5359 991 5395 :
1038 5341 1134 5411 qui
1179 5346 1364 5392 tamen
1404 5336 1462 5390 in
1515 5332 1750 5403 epitome

186 5448 383 5500 nullam
423 5443 592 5509 hujus
622 5434 896 5491 versionis
919 5431 1253 5486 mentionem
1281 5424 1432 5491 faeit,
1459 5422 1623 5478 sicuti
1649 5433 1751 5475 nec

188 5536 456 5591 Gesnerus
488 5534 542 5585 in
576 5530 797 5584 Toxita.

252 5627 442 5698 Χρυσᾶ
474 5621 671 5676 Νείλου
712 5615 1009 5671 ἐπισκόπου
1045 5610 1139 5666 καὶ
1182 5611 1488 5682 μάρτυρος·
1538 5604 1728 5675 Capita

197 5738 276 5779 seu
306 5717 686 5787 Prxceptiones
718 5710 1065 5768 sententiose.
1106 5698 1450 5777 κεφάλαια,ἥ
1489 5699 1720 5772 παραινέ

2021 339 2048 363 ἢ

1790 392 1907 439 σεις
1940 361 2192 445 Lugduni
2239 372 2572 426 Batavorum
2621 382 2687 421 ex
2740 362 2959 419 oliicina
3004 361 3356 418 Plautiniana

1788 471 1931 539 apud
1963 466 2321 522 Franciscum
2344 459 2777 532 Raphelengium
2808 455 2968 522 1590,
2994 455 3131 510 in-8.
3154 454 3357 510 Eadem

1787 560 1892 617 sub
1920 559 2083 613 titulo
2112 575 2125 611 :
2162 558 2337 610 Aurea
2368 552 2491 608 Nili
2527 550 2753 620 episcopi
2805 557 2855 603 et
2890 547 3140 616 martyris
3170 543 3361 598 Pars»

1788 653 1982 715 netica,
2007 651 2309 719 interprete
2344 645 2570 699 Nicolao
2598 641 2877 703 Glassero,
2926 635 3225 706 Hamburgi
3262 650 3361 689 ex-

1789 742 2023 798 cudebat
2069 740 2269 793 Paulus
2312 735 2571 805 Langius.
2620 734 2778 785 Anno
2820 728 2983 792 l6“,
3025 726 3166 781 in-8.
3192 722 3361 795 Ἀρχὴ

1791 832 2113 903 σωτηρίαεὴ
2138 827 2303 882 αὐτοῦ
2322 826 2681 893 κατάγνωσις.
2713 822 2784 876 De
2811 821 2877 874 iis
2901 821 3170 888 interpres
3195 834 3208 869 :
3238 813 3365 870 Cla-

1790 941 1909 978 rum
1934 932 2012 976 est
2043 920 2177 974 illud
2210 918 2545 988 Phocylidis,
2598 914 2746 967 παῖδ’
2775 913 2857 965 ἔτι
2894 911 3051 964 ὲόντα
3084 907 3261 980 χρεὼν
3298 907 3363 975 δὴ

1790 1016 1933 1070 καλὰ
1958 1012 2281 1082 διδασκέμεν
2305 1010 2461 1081 ἔργα.
2487 1006 2626 1060 Hinc
2650 1016 2698 1059 et
2722 1003 3003 1074 Agesilaus
3029 1018 3091 1055 ea
3114 998 3366 1053 discenda

1791 1124 1904 1164 esse
1940 1106 2116 1177 pueris
2158 1105 2316 1170 dixit,
2364 1102 2550 1173 quibus
2591 1099 2900 1169 grandiores
2942 1096 3073 1164 facti
3121 1094 3201 1147 uti
3242 1107 3367 1160 pos-

1793 1206 1920 1256 sint.
1951 1198 2085 1253 Sunt
2145 1196 2307 1267 igitur
2341 1193 2438 1247 illa
2472 1191 2804 1261 potissimum
2864 1186 3126 1257 eligenda,
3178 1183 3367 1254 quibus

1790 1292 2035 1362 juventus
2060 1287 2186 1342 etin
2228 1286 2418 1338 litteris
2453 1283 2685 1352 proﬁcit,
2725 1289 2773 1334 et
2813 1295 2982 1333 mores
3009 1278 3201 1346 pietate
3245 1291 3367 1327 con-

1794 1382 2037 1435 diuntur.
2074 1378 2151 1432 De
2197 1374 2316 1431 Nili
2369 1374 2546 1428 libello
2602 1388 2706 1427 non
2732 1378 2810 1424 est
2850 1368 2989 1440 quod
3030 1368 3365 1427 dubitemus,

1796 1490 1953 1546 quam
1975 1470 2044 1526 ad
2082 1470 2261 1524 omnia
2291 1468 2401 1522 haec
2421 1467 2587 1535 possit
2622 1464 2934 1532 plurimum.
2969 1457 3063 1513 Est
3091 1460 3229 1512 enim
3259 1456 3366 1509 cle-

1795 1566 2008 1637 gantius
2044 1563 2268 1632 politus,
2295 1561 2558 1613 virtutum
2602 1556 2873 1625 pra'ceptis
2908 1553 3105 1624 gravis,
3139 1549 3373 1617 antiqui-

1800 1658 1926 1711 tatis
1964 1654 2282 1709 auctoritate
2325 1653 2444 1721 pius
2471 1691 2486 1717 ,
2532 1664 2853 1719 prorsusque
2891 1661 3104 1699 aureus.
3150 1640 3373 1696 Constat

1798 1767 1919 1805 vero
1979 1763 2096 1803 eum
2154 1747 2209 1799 in
2256 1744 2615 1798 vetustissima
2661 1741 2893 1809 quadam
2949 1735 3260 1789 bibliotheca
3318 1732 3373 1783 in

1798 1839 2081 1895 Walachia
2114 1834 2516 1905 Transylvania:
2561 1832 2792 1901 finitima
2836 1844 2868 1880 a
2903 1825 3208 1880 doctissimo
3264 1826 3374 1875 viro

1800 1932 2007 1986 Joanne
2032 1928 2269 1982 Hontero
2296 1924 2585 1981 Coranensi
2614 1923 2900 1983 inventum,
2927 1928 2975 1972 et
3024 1916 3092 1969 ad
3128 1913 3373 1967 clarissi-

1803 2040 1947 2077 mum
1998 2020 2287 2073 Nicolaum
2341 2014 2657 2069 Neandrum
2700 2010 2763 2064 de
2802 2007 3136 2078 antiquitatis
3185 2001 3375 2057 studiis

1805 2115 1997 2183 optime
2017 2111 2284 2173 meritum,
2312 2117 2369 2161 ut
2388 2108 2443 2159 in
2466 2107 2633 2158 lucem
2661 2101 2918 2172 prodiret,
2947 2099 3166 2151 missum
3190 2095 3376 2165 fuisse,

1805 2226 1835 2260 a
1870 2223 1972 2277 quo
2016 2202 2324 2259 emendatus
2362 2198 2655 2269 integritati
2687 2205 2735 2249 et
2761 2194 2921 2248 nitori
2944 2190 3241 2251 restitutus,
3270 2186 3379 2255 pri-

1808 2312 2052 2367 mumque
2082 2310 2203 2348 cum
2240 2292 2365 2346 aliis
2405 2295 2576 2344 editus
2610 2288 2715 2356 fuit
2745 2282 3048 2354 Opusculis.
3087 2280 3218 2345 Quis
3258 2293 3380 2330 vero

1806 2390 1964 2457 hujus
1991 2381 2244 2441 libelli'sit
2278 2394 2489 2445 auctor,
2532 2397 2651 2434 cum
2678 2377 2915 2448 plurium
2945 2374 3180 2444 ejusdem
3209 2369 3382 2423 nomi-

1807 2483 1888 2538 nis
1925 2482 2312 2550 episcoporum,
2348 2485 2669 2545 martyrum,
2713 2469 3061 2537 doctrinaque
3110 2471 3379 2533 prwstau-

1810 2575 1943 2627 tium
1961 2573 2195 2627 virorum
2220 2571 2276 2623 in
2311 2567 2537 2621 historia
2556 2563 2747 2618 mentio
2761 2562 2857 2631 ﬁat
2876 2556 3257 2618 ecclesiastica,
3280 2568 3383 2606 non

1809 2666 2013 2739 liquido
2044 2672 2283 2734 apparet.
2328 2661 2440 2715 Duo
2471 2658 2608 2713 enim
2658 2653 2775 2707 Nili
2823 2661 3043 2705 auctore
3083 2646 3384 2714 Nicephoro

1810 2762 2025 2829 fuerunt
2070 2753 2330 2825 tEgyptii.
2380 2750 2532 2804 Alius
2574 2740 3092 2804 Thessalonicensis,
3137 2739 3226 2807 qui
3269 2748 3386 2806 post

1813 2828 1996 2907 Caroli
2032 2847 2216 2918 Magni
2251 2845 2381 2899 vixit
2414 2852 2673 2910 tempora.
2702 2834 2834 2889 Fuit
2872 2844 2922 2887 et
2963 2831 3125 2885 Nilus
3169 2828 3384 2899 quidam

1814 2914 2182 2997 scholasticus.
2211 2931 2375 2987 Istius
2398 2946 2537 2991 vero,
2560 2927 2645 2980 cui
2674 2921 2990 2994 opusculum
3015 2921 3112 2972 hoc
3139 2914 3390 2970 Neander

1816 3027 2183 3086 ascribendum
2246 3030 2448 3092 putat,
2520 3017 2833 3073 mentionem
2883 3012 3012 3080 facit
3059 3007 3387 3077 Nicephorus

1817 3128 1909 3181 lib.
1949 3140 2023 3188 Iv,
2058 3138 2176 3190 cap.
2211 3116 2393 3173 5413a:
2423 3130 2524 3184 quo
2558 3118 2766 3165 constat
2790 3103 3108 3160 admirando
3125 3102 3218 3155 isti
3256 3098 3389 3152 Nilo

1818 3218 2045 3287 patriam
2068 3213 2233 3283 fuisse
2255 3201 2797 3270 Constantinopolim,
2824 3196 2978 3266 cujus
2997 3195 3158 3248 etiam
3183 3201 3393 3260 propter

1819 3280 2081 3380 egregiam
2132 3302 2361 3358 nominis
2414 3296 2746 3351 nobilitatem
2785 3288 3068 3359 prwfectus
3111 3284 3233 3354 fuit.
3286 3280 3392 3337 Sed

1823 3377 2004 3458 relicto
2037 3398 2135 3452 tali
2164 3403 2309 3448 statu
2337 3390 2405 3443 ad
2442 3392 2605 3443 vitam
2650 3401 2705 3439 se
2753 3381 2978 3436 contulit
3017 3377 3390 3432 monasticam.

1824 3493 2045 3551 Dicendi
2107 3502 2309 3560 quoque
2356 3480 2646 3553 facultate,
2700 3472 3076 3544 praeclarisque
3143 3466 3398 3520 doctrina:

1824 3586 2035 3642 dotibus
2111 3556 2403 3634 instructus
2492 3586 2611 3623 cum
2687 3566 2885 3636 fuerit,
2963 3560 3126 3616 variis
3196 3556 3399 3625 ingenii

1826 3673 2181 3735 monumentis
2223 3666 2451 3723 nominis
2512 3662 2598 3715 sui
2640 3655 2951 3713 memoriam
3009 3650 3078 3704 ad
3115 3647 3398 3718 posterita-

1830 3783 1931 3826 tem
1957 3746 2288 3840 propagavit.
2321 3758 2420 3812 llic
2458 3755 2693 3809 observa
2737 3747 2928 3810 verba,
2972 3743 3092 3797 Duo
3142 3739 3258 3793 Nili
3303 3754 3399 3791 au-

1832 3833 1974 3919 ctore
2035 3833 2333 3925 Nicephoro
2395 3849 2606 3919 fuerunt
2653 3838 2919 3911 Egyptii.
2981 3833 3138 3890 Unus
3185 3839 3399 3886 tantum

1833 3954 2142 4024 Nicephoro
2174 3944 2468 4018 Egyptius
2498 3944 2605 3994 est.

1904 4015 2014 4100 llas
2052 4015 2295 4097 easdem,
2323 4035 2640 4088 Paraeneses
2686 4022 2863 4079 edidit
2904 4018 3094 4075 Graece
3125 4026 3179 4073 et
3210 4015 3406 4070 Latine

1834 4136 2044 4192 Paulus
2071 4130 2314 4185 Minerva
2336 4119 2591 4176 Barensis
2615 4112 3035 4171 Dominicanus,
3070 4121 3195 4160 cum
3231 4105 3403 4159 Scho-

1837 4230 1924 4286 liis
1950 4240 2047 4283 seu
2083 4212 2535 4277 Commentariis;
2560 4204 2791 4277 Neapoli
2816 4200 2960 4272 apud
2988 4197 3405 4254 Constantinum

1836 4318 2073 4374 Vitalem
2108 4310 2271 4373 1604,
2304 4305 2449 4360 ἰπὶ-4.
2479 4299 2719 4367 Ουίὐὶιι
2763 4294 2876 4350 illis
2909 4289 3258 4346 illustrandis
3284 4304 3407 4357 ege-

1838 4414 1933 4475 rit,
1966 4411 2087 4479 ipse
2128 4406 2353 4460 enarrat
2390 4396 2457 4450 ad
2496 4395 2799 4449 lectorem:
2841 4383 3111 4454 Quidquid
3164 4383 3325 4452 igitur
3353 4381 3408 4433 in

1839 4474 1951 4557 illis
1973 4474 2220 4567 reperies,
2251 4505 2317 4545 ex
2346 4494 2653 4542 sanctorum
2692 4479 2922 4535 Patrum
2940 4477 3186 4531 doctrina
3213 4474 3410 4529 exhau—

1840 4606 1983 4651 stum
2026 4604 2137 4645 esse
2175 4583 2421 4655 judices;
2447 4578 2563 4631 ideo
2593 4582 2642 4629 et
2672 4580 2886 4627 cunctos
2909 4570 3186 4623 citavimus
3218 4582 3236 4620 :
3267 4582 3411 4619 cunt-

1840 4702 1938 4758 que
1961 4682 2029 4737 ad
2056 4678 2330 4751 politicam
2361 4681 2407 4726 et
2435 4666 2691 4723 moralem
2724 4665 2886 4719 vitam
2910 4676 3161 4731 perquam
3186 4659 3415 4712 maxime

1844 4752 2259 4836 ordinarentur;
2315 4766 2383 4820 ad
2424 4763 2548 4818 illas
2584 4755 2947 4821 roborandus,
2994 4752 3410 4823 ﬁrmandasque,

1844 4873 2175 4929 ethnicorum
2234 4876 2437 4934 quoque
2487 4852 2920 4925 philosophorum
2977 4848 3249 4899 axiomata
3298 4856 3415 4909 per-

1846 4957 2183 5015 strinximus,
2224 4931 2279 5003 ut
2315 4949 2507 5010 sciant,
2533 4944 2620 5013 qui
2656 4940 2849 4994 laxatis
2877 4939 2996 4990 vitae
3027 4934 3240 4986 habenis
3263 4931 3413 4982 illam

1846 5049 2175 5124 provinciam
2209 5044 2428 5102 ducunt,
2481 5039 2640 5107 legem
2674 5032 3036 5088 Christianam
3059 5065 3074 5087 ,
3106 5026 3268 5093 legem
3307 5038 3420 5075 esse

1848 5113 2121 5202 virtutum,
2172 5150 2330 5205 quam
2360 5146 2424 5185 ex
2468 5128 2687 5183 ethnicis
2726 5124 2958 5192 plerique
2999 5115 3238 5172 naturali
3291 5113 3420 5167 illu-

1850 5234 2009 5291 strati
2048 5228 2242 5283 lumine
2284 5222 2567 5294 prosecuti,
2596 5218 2748 5272 miris
2792 5213 3090 5269 extulerunt
3144 5207 3415 5261 encomiis.

1856 5324 1997 5394 Quid
2030 5322 2078 5377 si
2107 5315 2401 5375 Christiani
2425 5312 2537 5367 nati
2574 5307 2839 5377 fuissent?
2877 5300 3170 5357 Sanctitate
3208 5294 3419 5366 quidem

1853 5385 2020 5475 nimia
2064 5410 2338 5483 pollerent.
2392 5404 2492 5458 llic
2535 5411 2717 5455 tamen
2745 5394 2872 5451 talis
2905 5398 3203 5459 tantusque
3240 5388 3321 5441 vir
3352 5385 3421 5439 de

1857 5507 2051 5564 harum
2082 5502 2442 5556 Parameseon
2475 5500 2702 5547 auctore
2737 5487 3048 5556 disputans,
3093 5480 3205 5535 illis
3236 5476 3418 5531 Nilum

1860 5605 2101 5655 ascetam
2128 5635 2140 5657 ,
2175 5600 2230 5647 et
2254 5581 2921 5652 Constantinopolitanum
2956 5574 3129 5637 exuit,
3171 5577 3424 5639 acceptas

1862 5690 2038 5749 defert
2058 5685 2183 5745 Nilo
2214 5681 2473 5757 episcopo
2499 5684 2556 5734 et
2577 5671 2823 5744 martyri.
2853 5670 3127 5726 Incertum
3155 5660 3423 5733 siquidem
