3822 6216
371 217 440 278 30
1553 203 1857 266 NOTITIA
1907 199 1988 258 IN
2036 197 2094 256 S.
2140 196 2406 257 NlLUM.
3565 183 3642 244 ΑΓ

371 337 476 386 cst,
512 332 567 377 ut
601 332 824 377 notatur
892 322 946 378 in
981 321 1319 376 Bibliotheca!
1369 328 1677 372 sanctorum
1718 315 1942 368 Patrum

373 425 520 470 temo
552 415 642 477 ΙΙΙ,
669 415 896 468 llasilea:
920 414 1219 482 impresso,
1257 428 1324 465 an
1357 411 1446 464 hic
1472 408 1624 462 Nilus
1650 408 1948 476 episcopus

372 501 662 571 Aigyptius
696 503 877 566 fuerit,
917 502 1078 569 cujus
1106 500 1357 554 meminit
1386 497 1662 552 Eusebius
1697 495 1791 552 lib.
1824 508 1944 555 vnl,

375 605 499 660 cap.
532 593 618 646 M.
655 591 721 645 Et
786 609 909 648 esse
958 593 1108 646 illum
1163 591 1476 661 Egyptium
1523 597 1668 659 patet
1713 603 1777 641 ex
1829 586 1950 656 ipsa

375 684 776 754 inscriptione:
812 686 1005 738 Νείλου
1043 684 1363 748 ἐπισκόπου,
1401 682 1496 735 καὶ
1542 681 1817 752 μάρτυρος
1857 695 1950 731 κε-

377 777 600 844 φάλαια,
623 777 656 843 ἢ
691 778 1058 846 παραινέσεις·
1097 774 1213 829 Nili
1238 774 1470 842 episcopi
1497 782 1547 828 et
1577 772 1833 841 martyris
1865 785 1952 823 ca-

378 868 526 935 pita,
559 867 664 920 sive
704 866 1038 920 Para'neses.
1081 864 1236 919 Licet
1273 863 1615 934 Margarinus
1672 861 1741 915 de
1772 861 1824 914 la
1859 858 1950 913 Bi-

377 973 482 1026 gne
528 957 711 1011 Nilum
767 959 1087 1028 episcopum
1154 954 1456 1020 abraserit,
1503 952 1686 1007 Nilum
1752 965 1951 1006 mona-

377 1047 608 1102 chorum
666 1054 874 1115 patrem
925 1044 1274 1114 inseripserit
1298 1083 1313 1107 ,
1350 1057 1516 1114 quem
1552 1040 1950 1097 sententiarum

379 1139 574 1192 barum
607 1146 886 1193 auctorem
916 1137 1068 1201 facit,
1096 1137 1214 1192 solo
1241 1134 1533 1204 Nicephori
1561 1133 1774 1190 Callisti
1795 1134 1952 1188 testi-

377 1226 566 1280 monio
594 1225 786 1292 fultus,
827 1227 932 1280 hoc
963 1226 1049 1281 vel
1079 1226 1199 1282 solo
1233 1231 1576 1294 argumento.
1613 1223 1818 1278 Scribit
1855 1221 1952 1277 Ni-

378 1318 674 1388 cephorus,
736 1316 923 1370 Nilum
951 1315 1271 1370 monac/tum
1307 1313 1502 1380 Capita
1531 1311 1825 1382 collegisse,
1851 1311 1954 1365 ali-

378 1425 482 1478 qua
547 1409 754 1478 quidem
813 1409 1010 1478 fusius,
1071 1407 1242 1460 multa
1299 1414 1478 1458 autem
1535 1405 1953 1473 compendiosius

377 1508 630 1552 tractata.
689 1499 833 1568 Ergo
877 1498 971 1566 qui
1019 1497 1136 1551 haec
1184 1495 1378 1565 Capita
1419 1493 1661 1563 scripsit,
1714 1508 1824 1547 non
1852 1493 1957 1547 fuit

379 1589 534 1643 Nilus
567 1590 858 1661 Egyptius
884 1590 1202 1660 episcOpus.
1232 1589 1346 1642 Non
1375 1595 1560 1642 tamen
1583 1586 1711 1642 inde
1739 1585 1956 1655 pervin-

378 1682 476 1744 cit,
510 1681 702 1751 Capita
764 1683 879 1735 haec
937 1696 1048 1736 non
1100 1696 1227 1736 esse
1276 1680 1525 1752 episcopi
1575 1687 1630 1735 et
1675 1676 1954 1747 martyris.

380 1770 526 1826 Fieri
562 1772 708 1826 enim
743 1779 921 1841 potest
976 1779 1036 1825 ut
1069 1780 1304 1840 uterq'ie
1343 1772 1539 1841 Capita
1586 1766 1957 1830 concinnarit,

378 1877 555 1932 eaque
587 1862 835 1927 diverse;
872 1861 1017 1930 quod
1056 1869 1110 1915 et
1149 1862 1274 1917 aliis
1305 1861 1440 1916 viris
1485 1857 1878 1920 sanctissimis,
1905 1864 1962 1910 et

380 1954 586 2010 Graecis
618 1954 982 2024 scriptoribus
1013 1952 1117 2008 fuit
1151 1953 1421 2008 solemne.
1458 1953 1523 2007 Et
1545 1950 1819 2006 Antonius
1845 1961 1963 2003 mo-

381 2047 591 2102 nachus
622 2046 680 2100 in
700 2047 916 2101 Melissa
937 2046 1124 2116 plures
1146 2061 1214 2100 ex
1237 2043 1362 2100 Nilo
1383 2045 1593 2114 absque
1619 2042 1728 2098 alio
1761 2055 1962 2112 cogno-

380 2139 526 2193 mine
554 2140 876 2201 sententias,
894 2137 1034 2191 alias
1063 2152 1130 2191 ex
1156 2134 1280 2190 Nilo
1311 2135 1572 2205 episcopo
1604 2132 1806 2202 signat.
1821 2129 1963 2198 Ergo

380 2238 544 2283 erunt
579 2230 699 2284 ista:
728 2227 836 2282 Nili
870 2227 1115 2297 episcopi
1153 2234 1208 2281 et
1247 2225 1527 2295 martyris,
1563 2238 1674 2278 non
1697 2219 1962 2275 alterius:

382 2319 820 2390 quandoquidem
887 2317 996 2373 Nili
1067 2316 1312 2386 episcopi
1353 2314 1638 2370 sententiae
1702 2312 1966 2368 ordinatae

383 2418 704 2474 cernuntur,
726 2417 786 2463 ut
817 2409 872 2462 in
891 2409 1205 2462 earumdem
1234 2405 1649 2476 paraphrastica
1669 2404 1874 2458 Catena
1899 2402 1965 2456 ab

382 2500 571 2554 eodem
597 2497 764 2551 Paulo
783 2497 993 2566 digesta
1020 2495 1348 2550 ostenditur.
1367 2493 1525 2559 Quod
1548 2500 1730 2547 autem
1761 2491 1968 2560 absque

383 2591 544 2644 titulo
559 2588 678 2644 Nilo
695 2587 973 2642 attributae
991 2596 1141 2654 sunt,
1162 2586 1217 2641 id
1238 2600 1428 2641 errore
1450 2593 1737 2639 auctorum
1761 2583 1968 2637 factum

385 2697 528 2744 esse,
553 2679 649 2750 qui
678 2677 784 2732 Nili
809 2693 918 2732 non
945 2678 1187 2748 episcopi
1210 2692 1304 2731 eas
1330 2691 1453 2732 esse
1477 2674 1846 2730 crediderunt.
1880 2671 1972 2728 Sic

385 2789 516 2843 ergo
550 2781 603 2826 et
624 2771 785 2826 titulo
809 2771 1052 2840 episcopi
1083 2779 1136 2825 et
1157 2769 1413 2838 martyris
1465 2784 1528 2822 ex
1555 2767 1744 2821 Graeca
1776 2765 1974 2821 inscri-

386 2861 787 2933 ptione,Nilum
827 2862 1083 2932 Capitum
1109 2860 1430 2931 scriptorem
1456 2873 1577 2914 esse
1604 2856 1973 2922 Nilum,eum-

387 2971 495 3025 que
520 2955 840 3024 episcopum
891 2961 945 3008 et
979 2960 1298 3022 martyrem.
1336 2951 1526 3021 Neque
1557 2948 1848 3003 dicendum
1887 2955 1974 3002 est

390 3045 807 3115 inscriptionem
839 3057 960 3098 esse
999 3043 1292 3097 conlictam
1319 3051 1470 3095 :tum
1499 3039 1648 3094 enim
1676 3038 1812 3093 nulli
1847 3037 1974 3092 libri

391 3136 550 3190 titulo
596 3134 929 3190 credendum
980 3142 1146 3190 esset.
1205 3133 1357 3188 Adde
1397 3131 1613 3186 Sixtum
1652 3128 1972 3194 Senenscm,

391 3228 482 3298 qui
511 3228 723 3282 nullum
755 3227 822 3283 de
846 3227 1161 3296 bujusmodi
1189 3225 1480 3281 sententiis
1510 3223 1734 3277 verbum
1765 3220 1823 3275 in
1851 3220 1975 3275 Nilo

393 3318 603 3384 fecerit,
639 3332 764 3372 cum
805 3318 951 3372 illius
980 3318 1036 3372 in
1062 3315 1166 3372 Job
1194 3316 1738 3371 Commentariorum
1782 3313 1974 3367 memi-

394 3412 558 3478 nerit;
589 3411 717 3466 licet
739 3411 854 3466 haec
882 3411 1020 3466 ratio
1037 3426 1146 3465 non
1169 3411 1420 3464 videatur
1453 3411 1594 3462 tanti
1624 3407 1905 3471 momenti,
1927 3404 1975 3461 sl

395 3505 520 3573 quis
550 3502 895 3573 responderit
935 3503 1150 3557 Sixtum
1189 3502 1487 3557 Seneusem
1547 3516 1657 3555 non
1706 3513 1828 3554 eam
1863 3496 1970 3554 sibi

396 3594 701 3664 sumpsisse
738 3592 1078 3663 provinciam
1121 3593 1306 3648 omnia
1338 3592 1545 3661 scripta
1573 3588 1683 3644 Nili
1730 3601 1976 3643 comme-

399 3687 670 3750 morandi,
690 3685 787 3740 sed
807 3700 868 3740 ea
894 3683 1296 3747 tantummodo,
1321 3699 1442 3754 qua:
1469 3697 1751 3740 sacrorum
1781 3680 1976 3734 Libro-

401 3793 522 3831 rum
555 3776 980 3846 explicationem
1007 3775 1378 3845 continerent.
1411 3772 1608 3827 Petrus
1645 3773 1812 3826 etiam
1843 3768 1976 3824 Ric-

401 3866 659 3919 cordatus
687 3865 742 3918 in
773 3880 871 3918 sua
903 3864 1150 3918 Historia
1177 3863 1497 3916 scholastica
1544 3862 1612 3916 de
1638 3861 1764 3915 Nilo
1792 3870 1977 3916 asceta

402 3965 457 4010 et
473 3957 593 4026 ejus
625 3955 853 4024 scriptis
873 3969 1184 4011 sermonem
1215 3955 1447 4016 habens,
1474 3952 1543 4007 de
1578 3953 1698 4006 istis
1725 3951 1979 4006 Paraine-

404 4049 558 4102 sibus
581 4061 648 4101 ne
672 4047 900 4100 verbum
929 4044 1171 4114 quidem.
1195 4042 1437 4096 Tandem
1463 4043 1541 4096 uti
1582 4039 1976 4095 validissimam

405 4139 673 4193 rationem
707 4152 775 4190 ex
805 4135 954 4188 Mutii
981 4133 1434 4203 Justinmpolitaui
1465 4132 1708 4202 episcopi
1738 4132 1980 4186 Historia

407 4230 781 4284 testimonium
814 4227 1054 4293 adducit,
1081 4230 1174 4296 qui
1201 4225 1379 4279 Nilum
1407 4225 1730 4294 episcopum
1759 4231 1815 4276 et
1839 4238 1980 4277 mar-

408 4329 581 4390 tyrem
611 4319 802 4372 harum
831 4317 1190 4373 Parteneseon
1222 4316 1353 4370 facit
1395 4324 1698 4380 auctorem,
1723 4330 1848 4369 cum
1877 4315 1979 4369 sub

410 4410 631 4465 nomine
658 4407 764 4463 Nili
799 4411 874 4463 uti
906 4410 1136 4480 legitimi
1181 4407 1427 4462 auctoris
1474 4407 1770 4461 nonnullas
1811 4407 1981 4475 parti-

410 4503 562 4556 culas
587 4517 654 4555 ex
681 4501 786 4555 hoc
809 4515 973 4570 opere
1000 4500 1354 4568 depromptas
1379 4497 1593 4550 recitat.
1627 4495 1763 4550 llinc
1779 4494 1982 4550 Paulus

412 4609 584 4647 ovans
608 4590 858 4647 ascendit
891 4590 943 4644 in
975 4589 1309 4660 Capitolium
1336 4608 1348 4643 :
1386 4587 1519 4653 Quis
1549 4596 1727 4640 autem
1759 4586 1980 4640 alterius

417 4684 558 4751 Nili,
596 4702 700 4738 non
758 4692 934 4737 autem
984 4682 1214 4750 episcopi
1262 4690 1310 4735 et
1363 4680 1616 4749 martyris
1665 4679 1980 4748 aﬁirmabit,

413 4795 533 4832 cum
560 4778 917 4832 testimonium
952 4775 1050 4828 hoc
1095 4776 1165 4828 sit
1204 4772 1747 4844 prwstantissimum?
1775 4780 1869 4824 aut
1896 4770 1982 4823 di-

415 4888 498 4924 ces
521 4869 749 4924 Matium
787 4867 1083 4922 inconsulto
1119 4867 1430 4936 scripsisse?
1460 4874 1553 4919 aut
1585 4862 1714 4917 Nilo
1742 4864 1983 4932 episcopo

418 4959 742 5023 attribuisse,
773 4955 902 5009 Nilo
921 4964 1095 5009 autem
1119 4970 1221 5008 non
1253 4959 1495 5023 episcopo
1522 4952 1833 5006 abstulisse?
1862 4950 1986 5006 Nisi

418 5052 555 5103 enim
596 5049 689 5102 sub
757 5047 876 5101 Nili
925 5046 1154 5117 episcopi
1185 5055 1234 5100 ct
1278 5046 1529 5114 martyris
1569 5044 1722 5097 titulo
1754 5044 1983 5113 legisset,

422 5143 598 5210 tutique
639 5155 740 5193 non
776 5139 1061 5209 a/jirmaret
1095 5155 1208 5192 esse
1251 5137 1368 5191 Nili
1397 5137 1648 5205 episcopi.
1679 5133 1818 5200 Quid
1849 5135 1988 5188 enim

420 5242 535 5283 crat
561 5230 616 5282 in
643 5246 829 5290 causa,
871 5239 927 5282 ut
968 5227 1170 5282 Mutius
1219 5225 1347 5280 Nilo
1383 5227 1621 5295 episcopo
1652 5224 1985 5289 attribueret,

427 5311 553 5373 Nilo
583 5329 759 5372 autem
789 5337 889 5372 non
911 5321 1147 5388 episcopo
1179 5317 1456 5388 auferret?
1481 5315 1588 5372 Sed
1609 5314 1986 5385 postmodum,

426 5409 712 5464 remissius
753 5411 1035 5472 eiiuutiat,
1079 5410 1245 5478 objici
1282 5423 1468 5478 posse,
1521 5406 1829 5462 sententias
1876 5420 1988 5460 non

423 5516 545 5553 esse
572 5495 679 5550 Nili
707 5498 947 5568 episcopi
979 5509 1032 5553 et
1059 5500 1342 5570 martyris,
1374 5498 1534 5553 sicuti
1567 5497 1670 5552 sibi
1699 5513 1727 5552 a
1754 5496 1991 5550 nonnul-

425 5589 494 5644 lis
550 5588 824 5659 objectqu
883 5589 1053 5645 fuisse
1103 5599 1387 5644 testatur:
1427 5590 1528 5644 sub
1599 5590 1986 5658 persecutione

2057 311 2234 378 posito
2261 323 2520 379 episcopo
2548 314 2765 377 tempus
2799 319 2906 358 non
2948 300 3194 356 adfuisse
3221 298 3417 355 edendi
3459 298 3599 351 libri
3627 317 3642 351 :

2052 401 2104 454 in
2131 401 2250 470 ejus
2273 401 2410 455 actis
2439 400 2642 454 nullam
2669 397 2864 451 harum
2894 395 3252 450 Paraeneseon
3284 391 3645 446 mentionem

2051 491 2273 547 factam.
2335 489 2650 562 Respondet
2713 488 3036 558 martyrium
3082 492 3136 540 et
3179 482 3644 554 persecutionem

2051 599 2162 638 non
2189 584 2552 654 interpolasse
2602 581 2954 650 scriptionem
2989 578 3253 633 librorum
3278 616 3294 641 ,
3328 572 3644 641 exemplis-

2051 692 2160 746 que
2199 676 2450 746 pluribus
2473 673 2732 729 ostendit.
2758 671 2896 726 llinc
2919 669 3201 726 concludit
3248 667 3644 739 Margarinum

2053 767 2122 823 de
2155 768 2204 822 la
2249 766 2418 838 Bigne
2455 781 2565 820 non
2607 774 2758 822 recte
2807 764 2931 819 Nilo
2977 765 3238 834 episcopo
3286 771 3340 818 et
3387 760 3645 831 martyri

2053 852 2198 924 quod
2225 868 2383 908 suum
2423 864 2541 908 erat
2569 852 2886 915 abstulisse,
2915 851 3037 907 Nilo
3067 866 3197 907 vero
3221 867 3332 906 non
3360 851 3648 921 episcopo

2055 943 2337 998 tribuisse.
2376 941 2530 1008 Quod
2552 942 2598 996 si
2629 941 2867 996 attulerit
2898 951 3239 1010 postremum,
3271 956 3455 1009 nempe
3483 939 3644 1009 quod

2053 1034 2284 1104 plerique
2309 1034 2407 1087 viri
2438 1033 2537 1087 hac
2567 1042 2874 1102 tempestate
2899 1032 3200 1087 doctissimi
3232 1040 3404 1086 tenent
3462 1048 3646 1101 oppo-

2056 1125 2235 1187 situm,
2260 1125 2608 1193 scilicetquod
2631 1141 2736 1179 non
2759 1125 2864 1178 sint
2892 1122 3008 1176 Nili
3028 1124 3258 1193 episcopi
3273 1132 3322 1177 et
3346 1124 3643 1194 martyris,

2056 1217 2146 1270 sed
2184 1216 2404 1270 alterius
2453 1215 2594 1282 Nili,
2631 1215 3007 1283 respondemus
3061 1215 3201 1285 quod
3240 1231 3305 1269 ea:
3337 1215 3448 1268 alia
3474 1223 3648 1284 parte

2058 1305 2254 1360 adsunt
2293 1318 2500 1361 centum
2543 1307 2640 1361 alii
2670 1309 2768 1361 viri
2800 1307 3233 1375 praestantissimi
3260 1315 3645 1372 autumantes,

2062 1399 2246 1453 Nilum
2287 1401 2584 1469 episcopum
2612 1409 2660 1453 et
2689 1409 2975 1469 martyrem
3004 1399 3195 1452 harum
3239 1400 3644 1453 sententiarum

2062 1489 2512 1545 Para'neticarum
2545 1502 2834 1544 auctorem.

2132 1585 2236 1638 Sed
2266 1593 2324 1637 ut
2357 1585 2499 1638 unde
2527 1581 2730 1639 Paulus
2765 1583 2944 1654 exegit
2983 1583 3322 1653 Apologiam,
3370 1583 3503 1638 inde
3529 1599 3645 1654 ego

2059 1675 2336 1740 exordiar,
2378 1693 2485 1730 non
2517 1691 2640 1731 esse
2677 1674 2784 1729 Nili
2829 1675 3096 1745 episcopi,
3125 1675 3217 1731 sed
3247 1675 3504 1735 alterius.
3551 1683 3646 1730 te-

2061 1778 2190 1819 nere
2224 1763 2576 1819 doctissimos
2617 1763 2790 1829 viros,
2828 1762 3153 1833 respondet,
3195 1779 3263 1818 ex
3311 1764 3418 1817 alia
3472 1773 3648 1833 parte

2061 1863 2284 1910 centum
2330 1855 2471 1910 alios
2519 1855 3010 1925 praestantissimos
3053 1855 3204 1911 viros
3232 1863 3418 1912 tenere
3444 1855 3645 1911 Nilum

2063 1944 2383 2014 episc0pum
2440 1958 2582 1999 esse.
2620 1945 2687 1999 Et
2727 1953 2913 1999 tamen
2966 1960 3076 1999 non
3115 1946 3287 2000 multo
3337 1957 3462 2002 ante
3504 1961 3643 2001 cum

2064 2035 2360 2089 illustrium
2401 2032 2746 2106 Scriptorum
2770 2037 3087 2090 testimonio
3113 2037 3166 2091 id
3205 2038 3372 2092 tutari
3399 2053 3648 2094 conare-

2064 2134 2176 2191 tur,
2213 2141 2321 2180 non
2348 2126 2489 2180 ultra
2526 2135 2637 2181 tres
2665 2127 2945 2197 produxit,
2976 2128 3271 2183 Antonium
3304 2130 3643 2185 monachum

2067 2217 2121 2269 in
2160 2214 2407 2280 Melissa,
2432 2213 2655 2270 Petrum
2692 2216 3106 2285 Riccordatum,
3141 2228 3197 2274 et
3243 2218 3472 2274 Mutium
3537 2219 3644 2274 Ju-

2071 2305 2568 2377 stinopolitanum,
2605 2309 2697 2378 qui
2763 2309 2833 2364 de
2893 2311 3212 2382 episcOpatu
3275 2309 3380 2366 Nili
3439 2313 3644 2367 harum

2068 2394 2428 2451 Parteneseon
2482 2397 2769 2468 scriptoris
2818 2414 2888 2453 ne
2923 2401 3150 2453 verbum
3200 2400 3418 2470 quidem
3461 2400 3647 2455 obdu—

2071 2497 2222 2543 cunt.
2255 2489 2323 2542 Et
2346 2489 2462 2558 jam
2520 2488 2813 2558 derepente
2852 2491 2908 2544 in
2948 2494 3288 2546 contrarium
3325 2493 3648 2563 perducun-

2071 2591 2184 2640 tur.
2219 2582 2326 2638 Sed
2365 2591 2504 2648 esto,
2551 2596 2648 2636 eas
2678 2580 2804 2637 Nilo
2835 2586 3092 2654 episcopo
3123 2587 3524 2641 concesserint.
3556 2586 3646 2642 An

2071 2683 2362 2746 propterea
2393 2673 2519 2729 Nilo
2569 2682 2772 2730 asceta:
2810 2675 2898 2730 vel
2955 2677 3224 2732 monacho
3259 2679 3648 2749 denegarunt?

2073 2766 2218 2821 Nihil
2278 2766 2483 2821 minus.
2529 2767 2726 2822 Asceta
2771 2767 2876 2824 sub
2917 2769 3042 2824 aliis
3086 2776 3250 2840 atque
3287 2771 3409 2827 aliis
3462 2771 3648 2826 titulis

2075 2860 2333 2924 innotuit,
2387 2859 2588 2928 quibus
2629 2860 2698 2914 ab
2743 2860 3178 2930 exscriptoribus
3233 2864 3438 2933 scripta
3491 2864 3647 2920 illius

2075 2955 2430 3007 colionestata
2456 2963 2606 3006 sunt.
2658 2950 2798 3006 llinc
2827 2953 2882 3006 in
2921 2953 3109 3008 multis
3143 2955 3245 3009 sub
3283 2956 3507 3011 nomine
3533 2955 3646 3011 Nili

2077 3043 2298 3112 praeﬁxo
2322 3043 2645 3115 designatur
2682 3043 2871 3099 nullus
2917 3044 3081 3106 alius.
3115 3061 3279 3115 quam
3327 3045 3649 3102 Constanti-

2076 3136 2432 3206 nopolitanus
2485 3135 2609 3200 iste,
2661 3136 2740 3190 uti
2790 3135 2896 3190 hoc
2935 3137 3157 3192 nomine
3192 3138 3483 3209 insngnior.
3508 3140 3648 3196 Aliis

2076 3226 2385 3281 monachus
2432 3234 2538 3289 est,
2582 3225 2706 3280 aliis
2749 3235 2955 3289 asceta,
2983 3227 3106 3283 aliis
3142 3228 3337 3293 abbas,
3362 3231 3485 3285 aliis
3527 3232 3649 3302 epi-

2078 3329 2298 3385 scopus,
2327 3315 2452 3372 aliis
2485 3315 2963 3386 archiepiscopus,
2997 3326 3053 3371 et
3087 3318 3233 3388 quod
3267 3320 3647 3376 admirabilius

2077 3415 2184 3470 est,
2224 3406 2890 3478 Constantinopolitanus,
2930 3407 3054 3463 aliis
3108 3418 3333 3481 martyr.
3377 3410 3558 3478 Quare
3598 3415 3644 3469 si

2077 3510 2146 3551 ex
2181 3495 2605 3567 inscriptionum
2633 3499 2815 3553 titulis
2855 3498 2940 3554 fas
2973 3507 3057 3554 est
3087 3500 3248 3557 nobis
3279 3502 3457 3558 varios
3507 3519 3646 3574 quo-

2079 3603 2188 3658 que
2233 3597 2488 3645 auctores
2536 3589 2763 3661 ﬁngere,
2805 3601 2941 3662 quot
2966 3592 3126 3648 nobis
3161 3592 3269 3647 Nili
3317 3597 3642 3665 assurgentl

2080 3679 2178 3736 Vel
2217 3681 2273 3736 in
2325 3691 2462 3752 quot
2509 3682 2658 3739 Nilos
2710 3699 2855 3740 unus
2901 3693 3090 3740 noster
3136 3684 3292 3741 Nilus
3329 3688 3528 3743 misere
3555 3690 3644 3744 di-

2083 3782 2334 3841 scerptus
2383 3775 2798 3842 congemiscet!
2839 3774 2916 3828 Ex
2966 3776 3140 3831 variis
3169 3777 3384 3842 ciliciis,
3412 3778 3646 3849 dignita-

2083 3864 2254 3930 tibus,
2301 3864 2764 3934 professionibus,
2809 3866 2982 3931 curis,
3037 3868 3281 3924 sortibus
3308 3869 3478 3924 varia:
3505 3886 3643 3941 quo-

2082 3972 2190 4026 que
2215 3971 2465 4025 persona
2493 3957 2589 4011 uni
2617 3957 2908 4029 eidemque
2942 3959 3150 4014 homini
3185 3961 3558 4031 imponuntur,
3589 3970 3642 4017 et

2083 4048 2252 4101 variis
2299 4047 2547 4104 inductis
2601 4050 2937 4116 rationibus,
2970 4052 3124 4105 varie
3157 4067 3375 4122 quoque
3414 4056 3643 4123 perscri-

2085 4137 2289 4192 buntur
2328 4138 2382 4192 in
2412 4139 2811 4207 monumentis,
2837 4156 3016 4211 neque
3047 4152 3332 4211 propterea
3360 4159 3387 4197 a
3422 4159 3482 4199 se
3515 4145 3642 4215 ipsis

2084 4227 2314 4293 distant,
2342 4233 2426 4284 vel
2457 4231 2744 4285 minimum
2778 4240 3077 4287 mutantur.
3102 4232 3166 4286 Et
3192 4233 3369 4289 Nilum
3399 4244 3640 4293 nostrum

2086 4315 2258 4372 fuisse
2311 4327 2556 4372 ascetam
2613 4335 2704 4376 res
2751 4320 2872 4390 ipsa
2916 4322 3115 4388 docet;
3148 4324 3489 4380 sacerdotem
3522 4342 3640 4381 cum

2085 4405 2366 4458 Theodulo
2398 4405 2531 4473 ﬁlio,
2582 4406 2635 4460 in
2668 4407 2772 4461 hoc
2807 4407 2876 4463 de
2923 4407 3063 4464 Nilis
3114 4412 3404 4467 tractatulo
3455 4414 3645 4483 proba-

2087 4516 2249 4564 mus;
2293 4506 2349 4556 et
2383 4508 2679 4570 martyrem
2727 4517 2967 4572 quoque,
3009 4511 3066 4558 et
3105 4503 3426 4574 episc0pum
3457 4504 3642 4572 fuisse,

2085 4600 2140 4646 et
2184 4592 2228 4645 si
2263 4590 2346 4644 vis
2388 4589 2554 4644 etiam
2581 4591 3081 4662 archiepiscopum,
3131 4593 3264 4664 quid
3311 4597 3501 4650 vetat?
3544 4597 3642 4652 Sed

2089 4681 2193 4736 hoc
2235 4697 2345 4735 non
2379 4689 2465 4735 est
2497 4681 2720 4752 scriptis
2745 4678 3003 4738 relatum.
3038 4684 3178 4749 Quid
3209 4688 3368 4740 tum?
3401 4687 3529 4752 Quae
3562 4689 3644 4741 lit-

2090 4774 2223 4828 teris
2281 4771 2537 4826 mandata
2579 4789 2689 4827 non
2744 4784 2894 4840 sunt,
2940 4786 2994 4828 et
3045 4783 3227 4830 tamen
3269 4777 3561 4842 credimus,
3592 4787 3645 4833 et

2089 4863 2212 4918 sine
2263 4862 2374 4917 ullo
2426 4861 2598 4918 dubio
2647 4875 2898 4921 tenemus
2922 4865 2997 4918 ita
3026 4865 3239 4920 fuisse?
3265 4865 3332 4920 Et
3367 4867 3504 4923 forte
3535 4869 3642 4923 haec

2090 4954 2276 5008 omnia
2324 4954 2377 5007 in
2414 4952 2539 5009 Nilo
2577 4965 2770 5011 nostro
2819 4959 3215 5026 reperiremus,
3257 4960 3304 5015 si
3347 4976 3435 5015 res
3473 4971 3643 5030 gestas

2092 5045 2239 5101 illius
2263 5054 2479 5115 tempus
2509 5045 2648 5101 edax
2680 5047 2842 5102 nobis
2873 5049 3117 5118 reliquas
3153 5048 3396 5106 fecisset.
3428 5050 3491 5105 Et
3515 5052 3642 5109 forte

2091 5140 2254 5193 etiam
2290 5137 2383 5207 qui
2435 5136 2607 5192 futuri
2659 5147 2789 5193 sunt
2823 5139 3172 5202 obtinebunt,
3220 5156 3345 5196 cum
3375 5143 3642 5199 videamus

2093 5230 2148 5284 in
2178 5230 2296 5283 dies
2320 5229 2568 5299 singulos
2601 5229 2803 5284 similia
2828 5246 2859 5286 e
2879 5231 3105 5286 latebris
3132 5231 3186 5286 in
3212 5232 3392 5288 lucem
3425 5237 3640 5306 suscipi,

2093 5329 2146 5376 et
2171 5321 2400 5391 publica:
2432 5322 2806 5377 commoditati
2838 5323 3347 5393 procrescere.Non
3380 5341 3444 5380 ex
3462 5327 3642 5384 alienis

2095 5412 2375 5467 advocabo
2417 5422 2754 5482 argumenta.
2797 5412 2875 5467 Ex
2911 5413 3033 5469 Vita
3073 5413 3131 5471 S.
3172 5413 3278 5469 Nili
3318 5416 3553 5486 episcopi
3593 5426 3644 5472 et

2095 5504 2392 5575 martyris,
2433 5521 2599 5575 quam
2643 5521 2710 5562 ex
2747 5505 2977 5563 Joannis
3019 5507 3451 5564 Cbristoforsoni
3482 5509 3641 5563 inter-

2095 5594 2401 5665 pretatione
2447 5596 2669 5660 recitas,
2703 5597 2770 5653 de
2802 5599 3022 5668 scriptis
3059 5598 3190 5653 dicti
3231 5600 3429 5663 sancti,
3478 5598 3641 5655 minus
