3822 6216
125 256 183 318 il
1158 250 1161 253 ’
1345 261 1654 324 ΝΟἸἹΤΙΑ
1701 261 1729 322 Ι

1829 260 1888 321 S.
1925 259 2195 321 NILUM.
3321 250 3389 312 42

126 387 295 442 quam
329 372 469 426 nihil
501 380 609 433 est,
646 378 701 425 et
738 379 925 427 tamen
966 384 1059 427 tua
1107 373 1366 444 largitate
1399 381 1601 427 auctor
1632 380 1720 429 est

126 465 520 518 l’amneseon.
571 462 727 519 Unde
762 463 816 519 id
857 464 1165 535 espiscaris
1208 480 1333 520 eum
1390 465 1517 519 illas
1568 466 1715 520 scri-

130 554 352 623 psisse?
390 552 579 607 Potuit
630 553 901 608 scribere.
964 551 1251 624 Scripsere
1306 553 1399 608 alii
1469 553 1721 622 ejusdem

126 647 311 701 aetatis
347 654 402 701 et
443 645 736 716 dignitatis
777 645 905 699 viri.
937 644 1196 701 Concedo
1240 662 1341 702 nec
1389 647 1617 703 invitus.
1648 649 1721 700 At

128 733 447 801 scripsisse,
500 733 609 787 nisi
654 732 884 788 meliora
928 734 1136 789 indicia
1180 735 1555 806 proferantur,
1603 752 1719 792 non

128 823 331 877 dicam.
358 822 427 877 Et
454 824 622 878 etiam
665 825 712 879 si
751 823 912 881 Nilus
940 827 1235 898 episcopus
1274 828 1565 898 scripserit
1598 845 1614 882 :
1648 844 1721 883 an

129 917 428 986 episcopus
457 925 514 970 et
542 924 752 987 martyr
774 917 865 973 hic
888 926 1020 975 tuus
1042 919 1134 975 ille
1158 920 1302 976 idem
1327 914 1453 976 est?
1473 920 1629 976 Nilos
1653 935 1721 976 eo

130 1012 386 1073 tempore
424 1006 616 1076 plures
661 1006 857 1072 fuisse,
903 1017 959 1063 et
1005 1009 1151 1065 inter
1199 1026 1296 1067 eos
1342 1012 1635 1082 episcopos
1664 1020 1721 1067 et

132 1108 430 1169 martyres,
469 1106 528 1153 et
558 1098 854 1169 scripsisse
871 1101 1041 1156 etiam
1066 1102 1135 1155 ad
1160 1105 1541 1173 posteritatem
1563 1119 1720 1158 com-

131 1191 464 1254 mentarios,
511 1206 677 1247 nemo
744 1192 995 1263 prudens
1042 1195 1345 1265 negaverit.
1391 1197 1593 1250 Annon
1632 1196 1720 1249 in-

131 1281 283 1337 sulse
339 1285 473 1354 quis
538 1285 894 1340 concluderet
948 1286 1043 1358 (sit
1103 1302 1204 1357 pro
1255 1290 1509 1359 exemplo
1561 1288 1719 1347 Nilus

130 1372 433 1429 Patrarum
476 1377 774 1448 episcOpus
804 1388 860 1433 et
896 1380 1148 1452 martyr).
1178 1379 1322 1435 Huic
1355 1381 1517 1452 Operi
1543 1384 1722 1453 praell-

131 1468 282 1538 gitur
304 1469 505 1523 titulus
540 1490 555 1524 :
586 1470 900 1526 Parteneses
934 1471 1053 1527 Nili
1078 1475 1311 1543 episcopi
1351 1484 1402 1529 et
1442 1478 1717 1547 martyris.

131 1558 279 1632 Ergo
325 1559 487 1617 Nilus
533 1562 623 1617 hic
654 1564 843 1619 nullus
879 1565 1021 1620 alius
1059 1576 1165 1631 est,
1218 1582 1383 1636 quam
1424 1569 1719 1623 Patrarutn

132 1655 455 1722 episcopus.
488 1652 632 1706 Nam
658 1654 705 1707 si
728 1653 847 1708 Nili
874 1665 1067 1710 ascette
1098 1666 1292 1721 essent,
1320 1674 1423 1711 non
1461 1666 1598 1711 esset
1624 1656 1720 1710 ad-

133 1743 289 1807 ditio,
310 1743 682 1811 expressioque
702 1745 1036 1812 episcopatus
1072 1755 1123 1800 et
1147 1749 1421 1818 martyrii.
1448 1746 1509 1802 Si
1538 1746 1723 1801 Greece

133 1835 508 1904 interpretatio
549 1833 746 1902 absque
788 1835 944 1889 titulo
998 1845 1048 1889 et
1078 1838 1724 1907 agneminationelegere-

136 1926 247 1981 tur,
282 1915 409 1969 Nili
438 1918 618 1986 utique
647 1934 754 1971 non
790 1919 1019 1987 episcopi
1063 1928 1235 1972 essent
1262 1921 1553 1974 seutemiaz.
1596 1919 1725 1974 Non

135 2010 276 2065 enim
300 2020 382 2063 est
416 2008 773 2079 intelligibile,
810 2021 867 2062 ut
902 2009 1018 2064 Nili
1055 2027 1158 2064 non
1200 2012 1435 2080 episcopi
1497 2011 1718 2079 fuerint,

136 2100 339 2169 Ecquis
394 2098 528 2153 Nilo
552 2102 792 2169 episcopo
815 2112 862 2154 et
889 2103 1114 2171 martyri
1136 2102 1433 2158 attribuat!
1456 2101 1521 2157 Et
1541 2110 1723 2158 tamen

136 2194 347 2247 similia
375 2194 433 2247 in
457 2192 565 2247 hoc
587 2193 780 2247 eodem
804 2192 929 2247 Nilo
947 2204 1132 2248 asceta
1159 2204 1287 2249 ante
1310 2196 1502 2250 oculos
1525 2196 1722 2250 obver-

136 2294 359 2340 santur.
405 2285 465 2340 In
512 2285 797 2341 nonnullis
829 2284 1076 2354 ejusdem
1123 2288 1453 2341 tractatibus
1494 2286 1726 2356 praeﬁgi-

141 2390 257 2444 tur,
306 2376 431 2431 Nili
471 2377 851 2446 archiepiscopi
898 2377 1499 2446 Constantinopolitani.
1536 2379 1723 2450 Repu-

137 2470 382 2525 diandus
415 2470 604 2539 itaque
642 2478 727 2525 est
770 2469 925 2524 Nilus
971 2480 1178 2536 asceta,
1224 2478 1281 2527 et
1327 2472 1483 2526 Nilus
1541 2470 1723 2526 archi-

137 2564 438 2632 episcopus
489 2559 1136 2631 ConstantinOpolitauus
1182 2563 1618 2633 investigandus.
1664 2561 1724 2615 In

140 2651 449 2712 nonnullis,
468 2651 579 2706 Nili
602 2651 838 2716 abbatis,
863 2652 1122 2721 rejiciend
1133 2670 1196 2710 us
1214 2654 1400 2723 itaque
1417 2661 1502 2708 est
1518 2663 1722 2719 asceta,

139 2752 195 2799 et
215 2742 377 2798 Nilus
404 2743 579 2798 abbas
609 2743 1059 2811 perscrutandus.
1096 2744 1202 2798 Sed
1232 2742 1390 2799 Nilus
1410 2754 1592 2798 asceta
1614 2758 1723 2796 non

142 2839 245 2895 iuit
302 2852 491 2907 neque
540 2836 870 2905 episcopus,
932 2850 1111 2904 neque
1166 2843 1397 2906 martyr.
1459 2834 1619 2889 Unde
1668 2832 1722 2887 id

142 2929 349 2987 babes?
402 2930 518 2984 Nec
548 2929 713 2985 etiam
747 2930 850 2984 sub
883 2929 1107 2984 nomine
1154 2926 1458 2983 sacerdotis
1505 2926 1722 2980 innote-

144 3022 266 3083 snit,
292 3030 352 3075 et
372 3032 555 3074 tamen
587 3020 895 3074 sacerdotio
923 3020 1212 3090 praeditum
1236 3019 1409 3073 fuisse
1436 3034 1500 3074 ex
1530 3017 1720 3072 eodem

147 3115 425 3184 perdisco.
454 3112 561 3168 Sed
591 3111 777 3167 Sixtus
813 3110 1060 3166 Senensis
1089 3112 1294 3166 nullam
1324 3112 1389 3164 de
1415 3108 1723 3179 hujusmodi

147 3208 417 3261 sentetttiis
458 3205 775 3260 mentionem
819 3204 963 3272 fecit.
1012 3204 1165 3267 Esto,
1213 3218 1405 3257 verum
1448 3211 1554 3264 est,
1603 3216 1725 3253 cum

147 3313 235 3351 nec
273 3296 339 3350 de
368 3296 498 3349 aliis
532 3294 848 3349 tractatibus
890 3294 1095 3362 fecerit,
1147 3294 1239 3348 sed
1287 3293 1353 3345 de
1387 3293 1454 3347 iis
1489 3301 1722 3355 tantum,

148 3404 269 3456 qua
302 3388 359 3441 in
398 3402 676 3441 sacrorum
714 3384 991 3439 Librorum
1030 3386 1383 3453 explicatione
1423 3392 1722 3437 versantur.

149 3476 330 3543 Quare
364 3478 553 3545 itaque
591 3476 660 3531 de
706 3475 883 3544 ipsius
918 3476 975 3527 in
1006 3473 1234 3528 Cantica
1262 3473 1630 3533 canticorum,
1668 3468 1724 3522 in

148 3568 512 3637 Evangelium
555 3566 737 3631 Lucan
772 3569 827 3621 in
870 3566 1140 3628 Psalmos,
1170 3573 1225 3619 et
1267 3565 1322 3619 in
1368 3564 1505 3620 alios
1552 3576 1727 3618 sacrae

152 3659 459 3729 Scriptura:
495 3659 665 3712 libros
696 3658 1095 3727 explicationes
1118 3671 1226 3710 non
1253 3654 1726 3716 commemoravit,

150 3765 292 3817 quas
316 3749 383 3803 ad
410 3750 525 3803 haec
549 3759 798 3819 tempora
821 3748 1184 3817 manuscripti
1207 3746 1430 3801 codices
1459 3744 1730 3799 retinent?

150 3841 275 3895 Non
305 3842 415 3895 dici
442 3849 624 3912 potest
680 3839 789 3894 Nili
831 3841 885 3895 in
924 3838 1029 3894 Job
1066 3839 1476 3894 Commentaria
1515 3836 1730 3907 prolixa

152 3933 348 3996 fuisse,
384 3934 439 3987 in
472 3933 595 3987 aliis
625 3932 754 3986 hinc
781 3932 909 3988 inde
940 3946 1005 3986 ex
1036 3932 1216 4001 ipsius
1251 3930 1515 4001 operibus
1556 3928 1732 3982 recol-

152 4024 329 4079 lectas
356 4023 733 4095 expositiones
781 4040 795 4076 :
832 4037 957 4076 cum
1002 4022 1055 4077 in
1092 4020 1198 4076 Job
1241 4021 1431 4076 eodem
1467 4019 1629 4073 modo
1672 4033 1732 4073 se

154 4114 374 4180 habeat,
407 4124 465 4170 et
508 4115 562 4169 in
599 4113 890 4170 Canticum
930 4115 1275 4169 canticorum
1328 4113 1400 4168 sit
1447 4126 1730 4166 commen-

154 4208 332 4262 tarius
354 4208 593 4276 integer.

227 4298 332 4355 Nili
365 4298 626 4353 monachi
647 4298 891 4353 eremitas
931 4297 1253 4363 Historians,
1285 4297 1403 4352 sive
1445 4295 1733 4351 Narratio-

157 4406 269 4453 nes,
315 4391 510 4460 quibus
563 4389 730 4443 credes
786 4389 1166 4443 monachorum
1218 4390 1413 4443 montis
1463 4388 1627 4454 Since,
1682 4398 1733 4443 et

158 4485 437 4553 captivitas
484 4482 735 4536 Theoduli
785 4481 899 4549 ejus
950 4481 1053 4550 filii
1098 4480 1460 4534 describitur:
1494 4479 1589 4543 Εἰς
1635 4480 1734 4552 τὴν

160 4576 437 4647 ἀναίρεσιν
476 4574 585 4627 τῶν
628 4574 688 4626 ὲν
739 4572 820 4643 τῷ
876 4572 990 4642 ὄρει
1029 4572 1159 4642 Σινᾷ
1192 4570 1477 4641 Μοναχῶν,
1519 4572 1614 4624 καλ¹
1654 4573 1735 4634 εἰς

160 4669 257 4739 τὴν
337 4666 718 4737 αἰχμαλωσίαν
790 4664 884 4717 τοῦ
958 4664 1076 4717 υἱοῦ
1145 4663 1309 4717 αὑτοῦ
1392 4662 1681 4716 Θεοδούλου
1715 4704 1732 4726 ,

162 4769 463 4814 extractam
517 4773 583 4811 es
628 4756 823 4811 codice
853 4756 921 4811 74
970 4771 1075 4812 ms.
1126 4753 1309 4809 Caroli
1364 4753 1431 4809 de
1482 4754 1736 4808 Monchal

164 4851 567 4920 archiepiscopi
594 4848 877 4911 Tolosani,
910 4854 967 4902 et
1002 4847 1179 4902 eidem
1211 4857 1583 4914 nuncupatam
1609 4862 1733 4901 cum

164 4957 301 4997 nova
334 4958 436 4998 sua
466 4940 920 5011 interpretatione
954 4949 1009 4994 et
1041 4939 1210 5001 notis,
1245 4939 1351 4994 sub
1378 4939 1541 4993 titulo
1578 4958 1591 4994 :
1618 4938 1737 4992 Nili

163 5048 314 5100 opera
359 5031 606 5102 qucedam
653 5030 888 5083 nondum
943 5030 1108 5093 edita,
1158 5028 1389 5084 Parisiis
1436 5029 1737 5098 publicavit

164 5127 519 5180 doctissimus
578 5123 775 5177 Petrus
831 5122 1096 5178 Possinus
1152 5122 1296 5192 apud
1350 5122 1736 5176 Sebastianum

164 5217 441 5287 Cremoysi
474 5217 872 5287 typographum
896 5216 1127 5286 regium,
1161 5214 1303 5269 ἰπὶ-4.
1338 5214 1563 5269 Addidit
1592 5216 1739 5282 ejus-

167 5308 281 5364 dem
310 5310 419 5363 Nili
476 5308 851 5363 laudationem
888 5307 942 5361 in
981 5308 1279 5362 Albianum
1318 5306 1506 5362 Graece
1541 5316 1596 5362 et
1634 5307 1738 5361 La-

170 5405 293 5459 tine.
320 5404 399 5458 De
434 5403 541 5458 hac
562 5403 791 5457 historia
817 5403 1180 5473 Menologium
1209 5401 1526 5457 Graecorum
1550 5401 1617 5454 12
1640 5400 1739 5455 No-

174 5497 443 5550 vembris:
475 5495 585 5548 Καὶ
622 5495 748 5548 ἐπεὶ
778 5498 806 5549 ὁ
830 5494 1095 5565 μακάριος
1133 5494 1324 5556 Νεῖλος
1351 5495 1411 5548 τὸ
1448 5495 1573 5565 ὅρος
1598 5495 1737 5565 μετὰ

173 5585 259 5638 τοῦ
284 5587 401 5641 υἱοῦ
455 5586 799 5655 κατειληφὼς
832 5587 994 5655 συνῆν
1022 5589 1134 5650 τοῖς
1179 5585 1480 5655 Πατράσιν,
1524 5585 1732 5657 βάρϐα⁴

177 5676 252 5745 ραι
285 5694 430 5743 τινες
488 5677 751 5748 ἐξαίφνης
784 5678 1125 5741 ἐπελθόντες,
1148 5676 1224 5742 ὡς
1264 5677 1429 5765 θῆρες
1477 5676 1569 5731 τὸν
1605 5678 1733 5755 Δυἱὸν

486 5771 757 5835 ΡΑΤιιοι..
798 5772 915 5835 Gn.
957 5771 1216 5836 LXXIX,
1243 5768 1250 5773 ”
1275 5806 1283 5847 ,ι

1820 370 2107 426 Θεόδουλον
2146 373 2243 425 σὺν
2279 370 2459 433 ἄλλοις
2495 368 2769 432 πλείστοις
2798 368 3143 440 αἰχμάλωτον
3169 365 3389 420 ἐλαῶν

1818 458 1879 511 δν
1913 460 1990 523 ὡς
2039 460 2385 531 αἰχμάλωτον
2435 459 2625 529 θρηνεί
2684 458 2849 513 πλέον
2887 456 2984 510 τοῦ
3031 456 3386 528 καθήκοντος,

1820 550 2003 614 καθὼς
2031 553 2089 604 ἐν
2122 551 2201 623 τῷ
2240 552 2373 623 παρ’
2411 551 2578 605 αὑτοῦ
2626 551 2936 605 σνντεθέντι
3002 549 3399 620 συγγράμματι

1819 643 2138 714 ἐμφέρεται·
2184 641 2324 697 Hinc
2374 658 2493 696 cum
2522 642 2704 696 beatus
2736 639 2899 696 Nilus
2939 650 3196 709 occupato
3223 649 3401 694 monte

1819 752 1939 789 cum
1960 736 2077 802 ﬁlio
2098 746 2407 790 sanctorum
2437 734 2665 788 Patrum
2685 733 3069 789 consuetudine
3109 732 3398 802 frueretur,

1818 825 2035 895 quidam
2094 825 2333 894 ferarum
2382 827 2557 879 instar
2609 836 2818 892 repente
2869 826 3128 880 irruentes
3183 824 3403 878 barbari

1818 915 1934 984 ejus
1974 915 2148 985 [ilium
2200 914 2533 970 Theodulum
2570 932 2691 968 cum
2737 916 2922 970 multis
2971 916 3094 970 aliis
3136 917 3403 985 captivum

1818 1008 2189 1073 abduxerunt;
2211 1009 2365 1077 cujus
2382 1025 2562 1062 casum
2589 1008 2915 1063 lamentatur
2934 1018 3106 1077 pater,
3123 1008 3404 1079 plusquam

1819 1100 2025 1153 deceret
2054 1099 2215 1154 talem
2237 1102 2428 1165 virum,
2449 1099 2895 1166 quemadmodum
2924 1101 2985 1153 in
3007 1098 3403 1155 Commentario

1819 1194 1919 1247 Itac
1952 1193 2016 1248 de
2045 1208 2101 1247 re
2138 1194 2337 1260 scripto
2376 1208 2588 1247 cernere
2632 1202 2730 1247 est.
2767 1190 3111 1261 Nicephorus
3137 1192 3404 1247 Callistus

1820 1283 1970 1339 dicto
1997 1285 2117 1339 loco
2156 1303 2169 1338 :
2203 1285 2339 1339 Μεθ’
2375 1278 2452 1339 ὧν
2480 1285 2576 1338 καὶ
2610 1284 2671 1337 τὸ
2701 1287 2758 1337 ὲν
2795 1284 2873 1354 τῷ
2906 1284 3101 1354 Σιναίῳ
3130 1284 3247 1353 ligat
3289 1282 3401 1337 τῶν

1821 1376 1980 1431 θείων
2021 1375 2281 1449 Ηατέρων
2325 1376 2625 1448 μαρτύριον
2659 1378 3034 1448 ἁναγράφεται
3085 1375 3231 1435 οὕτω
3262 1377 3405 1445 λαμ-

1819 1479 1976 1549 πρῶς
2001 1496 2060 1533 τε
2093 1479 2211 1550 ἅμα
2231 1480 2326 1533 καὶ
2344 1478 2688 1550 περιπαθῶς,
2718 1478 2794 1541 ὡς
2829 1477 3013 1531 ἱκανὸν
3041 1473 3179 1530 εἶναι
3216 1475 3389 1530 ἐντεῦ-

1834 1571 1927 1625 θεν
1956 1570 2214 1641 θηρᾶσαι,
2250 1564 2362 1634 οἷος
2389 1572 2483 1624 καὶ
2519 1569 2639 1622 κατ’
2668 1570 2835 1639 ἄμφω
2864 1569 3089 1636 γέγονεν
3115 1569 3143 1620 ὁ
3168 1568 3305 1639 ἀνὴρ
3345 1568 3405 1620 ἐν

1826 1680 1888 1716 τε
1917 1662 2091 1731 λόγων
2130 1664 2225 1717 καὶ
2254 1662 2461 1732 ἀρετῆς
2492 1661 2781 1734 περιουσίᾳ
2801 1678 2813 1690 ·
2838 1663 2954 1714 ἐκεῖ
2976 1660 3032 1714 δὲ
3060 1660 3154 1714 καὶ
3177 1660 3247 1713 τὰ
3279 1678 3384 1713 κατ

1825 1756 1988 1810 αὐτὸν
2021 1754 2116 1808 καὶ
2154 1754 2283 1817 τοὺς
2316 1755 2510 1817 παῖδας
2557 1753 2791 1824 μετρίως
2832 1752 3082 1816 διέξεισιν
3126 1753 3405 1823 ἐκτραγῳ-

1823 1846 1931 1900 δῶν
1971 1845 2093 1899 λίαν
2121 1846 2442 1915 περιπαθῶς
2473 1845 2571 1915 τὴν
2604 1844 2981 1914 αἰχμαλωσίαν
3023 1843 3237 1907 αὐτῶν,
3272 1842 3405 1914 βαρ-

1824 1936 2009 2008 6άρων
2036 1936 2517 2007 καταδραμόντων,
2552 1936 2602 1989 οἶ
2632 1935 2920 2006 Βλέμμυες
2952 1934 3241 1989 ἐκαλοῦντο
3260 1975 3277 1999 ,
3309 1935 3405 1989 καὶ

1825 2027 1988 2095 φόνον
2029 2027 2130 2081 οὐκ
2159 2026 2440 2097 ἐλάχιστον
2476 2026 2845 2097 δεδρακότωνσ
2878 2024 2906 2078 ὃ
2948 2027 3044 2081 καὶ
3084 2026 3305 2097 ἥδυσμᾶ
3351 2044 3407 2080 τι

1827 2119 2190 2189 πνευματικὸν
2220 2122 2333 2182 τοῖς
2370 2118 2690 2188 φιλομαθέσι
2735 2117 3143 2172 καταλέλοιπεν.
3176 2116 3407 2191 Scripsit

1824 2226 2028 2279 quoque
2074 2210 2377 2263 divinorum
2410 2209 2641 2264 Patrum
2668 2209 2723 2262 in
2754 2219 2929 2264 monte
2956 2208 3089 2264 Sina
3119 2207 3320 2263 obitum
3354 2220 3405 2262 et

1826 2304 2143 2373 martyrium
2183 2300 2437 2363 facundia
2469 2309 2517 2354 et
2565 2301 2730 2370 effatu
2781 2310 2951 2363 tanto,
2997 2309 3056 2352 ut
3105 2300 3239 2353 satis
3284 2299 3407 2351 inde

1825 2396 2073 2467 colligere
2106 2397 2284 2461 liceat,
2315 2412 2476 2466 quam
2498 2395 2697 2449 eximia
2734 2394 2983 2447 doctrina
3010 2393 3174 2462 juxta
3211 2401 3261 2446 et
3297 2395 3408 2446 vir-

1828 2499 1937 2545 tute
1980 2492 2060 2545 vir
2117 2491 2163 2545 is
2202 2490 2389 2560 fuerit,
2440 2490 2532 2544 ubi
2578 2490 2739 2543 etiam
2775 2505 2902 2543 suas
2944 2498 2996 2543 et
3040 2489 3278 2557 ﬁliorum
3324 2504 3407 2542 res

1824 2583 2008 2652 paucis
2042 2590 2419 2638 commemorat
2464 2580 2864 2644 miserabiliter,
2918 2580 3079 2634 veluti
3122 2581 3178 2633 in
3215 2590 3409 2649 tragoe—

1826 2675 1940 2741 dia,
1958 2677 2318 2745 captivitatem
2338 2676 2501 2730 etiam
2520 2674 2830 2744 deplorans,
2855 2689 2974 2727 cum
2996 2672 3214 2726 barbari
3234 2672 3409 2727 Blem~

1827 2785 2000 2838 meyes
2027 2768 2339 2822 excursione
2366 2782 2467 2821 sua
2495 2766 2694 2821 credent
2720 2767 2987 2834 ingentem
3025 2764 3194 2833 fecere
3227 2779 3245 2816 :
3268 2764 3407 2833 quod

1827 2858 2134 2927 apusculurn
2166 2866 2421 2927 tanquam
2454 2856 2736 2926 spirituale
2762 2856 3033 2927 quoddam
3052 2857 3407 2910 oblectameno

1825 2961 1937 3005 tum
1965 2949 2217 3003 studiosis
2249 2948 2482 3018 reliquit.
2510 2948 2649 3004 Cum
2692 2947 2880 3003 Graece
2921 2948 3197 3017 legeretur
3220 2945 3408 3016 διηγή-

1826 3060 1995 3113 ματα.
2028 3042 2381 3097 occasionem
2414 3040 2648 3111 arripuit
2678 3039 3095 3095 eruditissimus
3135 3038 3405 3092 Possinus

1824 3133 2200 3203 distinguendi
2254 3132 2454 3188 librum
2496 3134 2550 3189 in
2605 3141 2811 3202 septem
2856 3129 3233 3196 Narrationes,
3277 3144 3404 3184 cum

1825 3219 1931 3278 hoc
1975 3219 2345 3275 arbitraretur
2388 3221 2576 3290 aliquo
2616 3221 2843 3279 lectoris
2885 3219 3202 3283 commodo,
3244 3220 3401 3275 nullo

1825 3311 2073 3367 auctoris
2106 3318 2203 3364 aut
2231 3311 2416 3380 operis
2434 3311 2765 3368 detrimento
2796 3311 2913 3367 ﬁeri
2938 3327 3121 3382 posse.

1896 3402 1973 3460 De
2002 3420 2089 3469 ea,
2111 3418 2233 3475 quas
2262 3404 2405 3473 apud
2434 3402 2798 3473 Lipomanum
2829 3405 2977 3459 edita
2998 3398 3105 3467 est,
3134 3405 3407 3474 interpre-

1827 3496 2056 3563 tatione,
2098 3496 2232 3551 illud
2264 3504 2348 3551 est
2375 3496 2822 3564 praestantissimi
2865 3494 3016 3550 Petri
3050 3495 3267 3552 Possini
3320 3496 3408 3552 in-

1827 3587 2244 3657 terpretationis
2300 3600 2416 3643 suae
2469 3586 2762 3640 arbitrium
2806 3604 2820 3640 :
2870 3585 2989 3640 Hoc
3036 3603 3199 3639 unum
3251 3589 3407 3640 modo

1828 3680 1978 3733 initio
2010 3694 2304 3746 receperam
2332 3695 2352 3732 :
2380 3679 2578 3747 hocque
2606 3677 2711 3740 illi,
2745 3693 2848 3748 quo
2877 3695 3067 3748 magno
3095 3680 3283 3732 merito
3319 3679 3407 3731 ni-

1828 3770 1906 3824 hil
1927 3787 2030 3824 non
2058 3770 2197 3838 apud
2239 3786 2321 3824 me
2347 3778 2591 3839 possunt,
2632 3786 2833 3823 mecum
2860 3769 3127 3823 duntaxat
3152 3782 3364 3840 egerant
3388 3789 3405 3824 :

1830 3872 1887 3915 ut
1909 3872 2148 3927 veterem,
2172 3878 2290 3932 qua:
2316 3862 2517 3931 pridem
2543 3878 2576 3915 a
2604 3860 2896 3931 Lipomano
2924 3872 3003 3916 est
3043 3864 3208 3927 edita,
3248 3863 3407 3931 hujus

1831 3953 2071 4020 opusculi
2103 3954 2587 4021 interpretationem
2616 3969 2961 4017 recenserem,
2985 3961 3036 4007 et
3070 3970 3188 4007 cum
3218 3952 3406 4009 erca

1832 4061 2213 4112 compararem.
2247 4044 2351 4099 Sed
2385 4061 2505 4097 cum
2554 4044 2761 4113 aliquot
2795 4045 2913 4114 jam
2952 4046 3162 4114 paginis
3207 4048 3412 4114 passim

1832 4136 2233 4205 interpolatam,
2267 4154 2330 4190 ac
2363 4146 2698 4190 recantatam
2732 4154 2765 4192 a
2794 4154 2875 4190 me
2909 4136 3060 4190 illam
3094 4139 3410 4205 interpreta-

1835 4230 2025 4282 tionem
2062 4228 2248 4281 amicis
2276 4229 2333 4281 in
2360 4229 2622 4295 specimen
2640 4227 2973 4294 obtulissem,
2998 4228 3137 4298 quod
3160 4229 3414 4283 scribenti

1833 4322 1979 4390 prius
2008 4320 2157 4384 mihi,
2185 4320 2281 4373 hoc
2310 4318 2600 4388 legentibus
2632 4320 2771 4374 idem
2803 4321 2935 4389 ipsis
2967 4321 3140 4373 visum
3177 4320 3410 4386 fuisset:

1833 4429 1935 4474 me,
1955 4413 2003 4465 si
2023 4428 2284 4481 pergerem
2312 4422 2368 4465 ut
2391 4427 2667 4480 cazperam,
2688 4412 3061 4466 exhauriendis
3081 4412 3192 4466 illis
3215 4413 3414 4467 laboris

1834 4503 2239 4557 illiberalissimi
2285 4503 2549 4572 fastidiis,
2598 4520 2788 4573 magno
2830 4520 2943 4557 meo
2997 4503 3155 4557 twdio
3206 4504 3412 4559 nullam

1837 4596 2259 4647 tamenalienam
2286 4595 2516 4664 gratiam
2545 4594 2861 4648 relaturum.
2896 4593 2965 4647 Et
2988 4604 3146 4657 certe,
3170 4604 3228 4647 ut
3254 4612 3415 4664 quam

1836 4687 2076 4740 omittere
2109 4703 2213 4740 non
2240 4702 2479 4754 possum,
2531 4687 2803 4741 celerrime
2845 4686 3060 4752 saltem,
3091 4688 3231 4756 quod
3270 4704 3413 4742 vere-

1837 4775 2044 4829 cundia:
2082 4793 2246 4828 unum
2289 4784 2544 4843 superest,
2601 4756 2896 4846 transigam
2960 4778 3415 4844 reprehensionem

1840 4866 2037 4920 laboris
2068 4867 2251 4930 alieni,
2284 4867 2337 4918 id
2361 4883 2520 4936 quam
2562 4866 2803 4929 breviter,
2843 4875 2952 4919 tam
2977 4883 3092 4920 vere
3132 4867 3249 4920 licet
3275 4869 3411 4938 afﬁr-

1838 4974 1983 5011 mare
2014 4958 2213 5011 nullum
2240 4959 2450 5010 omnino
2485 4957 2641 5023 labis,
2670 4959 2927 5028 ﬂagitiive
2966 4976 3148 5029 genus,
3176 4961 3317 5029 quod
3353 4962 3409 5012 in

1836 5066 1896 5103 eo
1925 5066 2106 5119 genere
2138 5040 2308 5101 caveri
2348 5049 2553 5109 debeat.
2581 5052 2635 5103 in
2681 5056 2787 5104 ista
2840 5068 2955 5104 esse
2999 5052 3254 5105 versionis
3293 5069 3415 5120 per-

1838 5141 2151 5193 versissima:
2185 5138 2249 5192 de
2291 5141 2652 5207 properatione
2706 5142 3142 5209 praetermissum.
3189 5141 3333 5195 Nam
3364 5151 3415 5195 et

1837 5229 2119 5283 obscurata
2148 5231 2348 5296 passim
2377 5238 2454 5283 est
2488 5232 2722 5284 auctoris
2755 5232 3038 5295 sententia,
3066 5241 3115 5285 et
3148 5249 3249 5285 non
3289 5248 3415 5286 raro

1840 5320 1910 5374 ad
1962 5319 2230 5374 libidinem
2283 5322 2587 5389 interpretis
2616 5324 2741 5391 ﬁcta
2776 5333 2825 5377 et
2856 5322 3083 5377 detorta.
3120 5322 3246 5376 lam
3296 5342 3412 5378 om-

1840 5408 1992 5461 nibus
2030 5408 2138 5477 fere
2164 5409 2368 5477 paginis
2401 5408 2753 5462 miserrimum
2790 5411 2844 5462 in
2889 5410 3103 5463 modum
3141 5426 3233 5479 per
3261 5427 3413 5463 sum-

1840 5515 1983 5552 mam
2056 5500 2317 5551 licentiam
2371 5499 2607 5575 lacerata
2679 5500 2995 5569 fmdissime,
3063 5503 3412 5567 mutilalaque

1837 5591 2010 5645 oratio
2040 5590 2312 5660 scriptoris
2345 5604 2363 5642 :
2399 5600 2510 5643 tum
2534 5607 2565 5644 a
2599 5593 2770 5662 capite
2795 5593 2864 5646 ad
2897 5593 3095 5647 calcem
3124 5592 3272 5647 nullo
3306 5608 3412 5645 non

1837 5683 1950 5740 loco
1992 5684 2069 5737 ita
2118 5691 2389 5753 comperta
2430 5686 2894 5745 contaminataaue
2920 5686 3143 5742 maculis
3171 5684 3413 5757 barbara:

3038 5779 3078 5837 2
