3822 6216
406 221 476 285 43
1631 224 1940 286 ΝΟΊἹΤΙΑ
1979 223 1993 280 ]

2105 223 2163 281 S.
2188 222 2456 281 NILUM.
3608 221 3679 284 u

407 330 689 403 cujusdam
724 332 994 400 infantia’,
1034 342 1091 385 ut
1152 350 1282 403 opus
1336 346 1568 390 veterum
1607 338 1833 405 judiciis
1866 351 1988 388 arce

406 426 647 496 dignum,
677 440 769 477 rus
801 425 955 479 hodie
989 442 1213 491 merum,
1244 443 1466 498 rareque
1500 428 1765 497 inﬁcetius
1811 427 1989 481 videa-

407 531 514 574 tur.
550 518 683 586 Quae
711 520 757 572 si
783 521 900 589 quis
944 537 977 573 a
1004 537 1085 574 me
1120 521 1265 574 dicta
1313 523 1657 575 criminosius
1693 522 1985 583 existimet,

408 628 512 665 non
533 628 626 682 ego
657 621 831 665 tamen
858 613 999 681 apud
1028 630 1147 667 eum
1174 614 1395 683 perdam
1422 631 1617 684 aquam
1645 614 1860 684 prolixa
1891 629 1991 682 ap-

406 704 715 772 probatione
742 720 920 758 causte
953 722 1082 759 mea:
1107 707 1265 761 certis
1298 724 1613 778 unaquaque
1648 707 1713 759 de
1750 723 1808 761 re
1842 706 1994 759 testi-

408 791 599 845 moniis
644 791 993 861 proferendis.
1056 792 1161 849 Sed
1193 797 1242 849 si
1289 798 1426 850 tanti
1489 806 1635 865 putet
1680 813 1789 851 rem
1826 806 1993 850 totam

410 900 752 953 cognoscere,
805 894 856 939 et
909 884 1110 941 Latina
1154 888 1253 942 illa
1294 891 1482 944 veteris
1529 890 1833 958 interpretis
1871 905 1993 941 cum

410 972 598 1029 Graeca
627 977 864 1030 auctoris
888 977 1149 1045 conferre,
1174 990 1231 1032 ut
1257 980 1326 1033 ad
1352 980 1466 1033 alia
1503 980 1799 1042 conniveat,
1825 995 1908 1033 na:
1946 978 1991 1031 is

410 1078 604 1132 tamen,
646 1068 692 1120 si
720 1084 881 1138 quam
906 1070 1060 1124 habet
1106 1072 1430 1141 (equitatem,
1473 1088 1595 1125 cum
1638 1087 1743 1124 non
1780 1079 1992 1125 tantunt

408 1169 693 1224 commata,
742 1170 835 1233 aut
871 1164 1355 1231 comprehensiones
1384 1175 1547 1229 totas,
1603 1165 1693 1219 sed
1742 1165 1990 1235 paginas,

408 1260 563 1322 atque
592 1252 725 1306 adeo
749 1256 1096 1311 tractationes
1119 1258 1353 1328 integras
1378 1259 1588 1312 conscio
1616 1258 1826 1312 silentio
1853 1272 1995 1326 pra:-

408 1342 594 1396 teritas
644 1351 754 1397 toto
800 1347 1007 1414 passim
1040 1348 1093 1400 in
1150 1364 1303 1418 opere
1350 1349 1658 1417 perspiciet,
1718 1360 1766 1403 et
1816 1349 1991 1414 illum,

405 1439 642 1510 quisquis
665 1449 765 1502 est,
797 1440 1132 1508 interpretem
1159 1442 1433 1511 scripsisse
1469 1445 1807 1515 festinanter,
1831 1451 1882 1496 et
1913 1457 1995 1494 me

408 1545 511 1584 non
544 1532 871 1587 calutnniose
900 1551 1181 1588 accusasse
1206 1535 1497 1605 judicabit.
1526 1541 1693 1606 Atque
1713 1537 1834 1589 hinc
1859 1536 1994 1588 satis

406 1622 682 1694 intelligis,
720 1626 881 1680 lector
931 1627 1149 1695 optime,
1202 1644 1363 1697 quam
1396 1646 1500 1683 non
1532 1629 1734 1693 leviter,
1777 1636 1871 1680 aut
1903 1642 1995 1680 cu-

406 1717 525 1784 pide
562 1719 845 1772 consilium
886 1720 1347 1789 interpretationis
1402 1721 1672 1776 ordienda:
1706 1736 1872 1782 novat,
1903 1719 1995 1773 sed

408 1809 703 1860 necessario
760 1812 1097 1878 susceperim.
1140 1812 1269 1865 Haec
1322 1826 1448 1866 cum
1508 1810 1996 1866 animadvertisset

409 1898 599 1951 nescio
625 1900 750 1968 quis
784 1902 838 1954 in
876 1902 1029 1956 calce
1060 1902 1270 1957 codicis
1301 1903 1437 1957 editi
1479 1902 1770 1958 Barberini
1804 1901 1997 1972 appin-

408 1991 532 2045 xit:
576 1991 704 2046 Tres
751 1994 843 2047 isti
890 1995 1243 2063 manuscripti
1295 1995 1497 2049 codices
1532 1996 1610 2048 ita
1638 1995 1987 2059 concordant,

408 2091 468 2136 ut
499 2098 564 2136 ea:
592 2102 696 2139 uno
729 2087 1021 2155 exemplari
1068 2088 1223 2155 quasi
1275 2086 1527 2156 descripti
1574 2102 1687 2141 esse
1719 2086 1998 2140 videantur

409 2196 610 2241 omnes,
642 2179 881 2249 alioquin
911 2179 976 2232 ab
1006 2179 1148 2233 edito
1194 2180 1342 2250 longe
1375 2179 1740 2250 discrepantes
1765 2196 1785 2233 :
1824 2179 1995 2232 multa

408 2272 549 2326 enim
582 2282 811 2335 mutant,
840 2272 1096 2325 nonnulla
1136 2272 1362 2335 addunt,
1394 2273 1628 2339 plurima
1653 2272 1913 2338 recidunt,
1942 2272 1995 2325 in

409 2363 598 2433 quibus
633 2362 901 2418 Simeonis
931 2361 980 2417 Μ
985 2364 1304 2432 etaplirastte
1324 2365 1542 2418 manum
1564 2364 1724 2433 facile
1748 2380 1996 2434 agnosces

409 2455 503 2525 qui
539 2458 739 2525 scripta
780 2456 1045 2525 ejusmodi
1100 2458 1163 2509 de
1215 2458 1449 2511 virorum
1503 2469 1811 2512 sanctorum
1843 2458 1995 2511 rebus

411 2548 570 2614 gestis
600 2550 819 2618 antiqua
855 2558 903 2600 et
935 2549 1068 2601 satis
1112 2550 1273 2618 longa
1306 2550 1652 2618 interpolare,
1690 2564 1842 2620 atque
1877 2567 1995 2603 mu-

414 2650 527 2695 tare
564 2641 784 2693 amavit.
826 2639 998 2694 Porro
1034 2642 1193 2694 istaut
1220 2642 1336 2711 ejus
1374 2643 1679 2707 editionem,
1705 2660 1865 2713 quam
1906 2660 1996 2696 co-

410 2732 554 2786 dices
579 2732 663 2786 illi
686 2742 1087 2801 reprtesentant,
1117 2746 1299 2789 secuta
1324 2748 1402 2791 est
1452 2748 1599 2793 vetus
1630 2740 1997 2807 interpretatio

409 2823 602 2879 Latine
636 2842 669 2878 a
709 2824 1003 2895 Lipomano
1051 2828 1285 2895 printum
1330 2831 1597 2900 evulgato,
1639 2848 1797 2902 quam
1838 2831 1999 2885 Pater

412 2915 671 2972 Possinus
695 2918 751 2971 in
785 2916 1115 2987 Prwfatione
1142 2920 1219 2973 ita
1253 2924 1513 2993 exagitat,
1550 2925 1733 2977 mitius
1766 2924 1999 2993 fortasse

410 3008 675 3077 facturas,
706 3009 753 3063 si
795 3008 1208 3080 discrepantias,
1257 3022 1415 3081 atque
1439 3015 1600 3067 etiam
1651 3032 1856 3069 errores
1895 3031 1999 3068 non

411 3098 477 3147 ab
504 3097 807 3165 interprete,
838 3098 927 3152 sed
956 3116 989 3151 a
1017 3097 1259 3154 Simeone
1303 3100 1663 3170 Metaphraste
1699 3104 1997 3174 interpola-

412 3195 525 3239 tore
549 3186 839 3256 proﬁcisci,
863 3188 943 3241 uti
983 3188 1189 3257 factunt
1218 3193 1471 3259 oportuit,
1510 3194 1996 3250 animadvertisset.

412 3278 539 3336 Haec
570 3280 624 3333 in
658 3279 973 3347 Possinum,
996 3281 1282 3353 Lipomani
1306 3284 1665 3351 additionem,
1699 3297 1753 3342 et
1785 3286 1999 3343 Simeo-

409 3372 498 3427 nis
541 3371 927 3443 Metaphrastae
959 3388 1161 3431 nomen
1196 3391 1291 3446 per
1326 3392 1423 3430 ora
1454 3378 1739 3433 hominum
1787 3380 2001 3450 magni-

410 3465 514 3520 ﬁce
564 3467 826 3522 incedens
879 3469 1197 3525 traduntur.
1262 3470 1369 3527 Sed
1428 3474 1861 3529 condonandum
1913 3484 2001 3530 est

410 3559 555 3625 viro,
583 3559 675 3628 qui
699 3568 971 3629 quantum
996 3562 1175 3617 valeat
1214 3561 1433 3618 Possini
1466 3564 1764 3635 judicium,
1798 3574 1855 3621 et
1884 3566 2000 3622 Me-

413 3652 711 3723 tapbrastae
748 3654 991 3724 dignitas
1024 3654 1078 3709 in
1118 3656 1286 3711 rebus
1322 3658 1726 3714 ecclesiasticis
1773 3675 1999 3730 promo-

413 3746 606 3801 vendis
636 3762 701 3801 ex
772 3749 1123 3817 publicarum
1168 3751 1626 3821 privatarumque
1666 3769 1851 3808 rerum
1898 3754 2001 3808 ad—

410 3837 860 3902 ministratione,
912 3840 1223 3910 peritiaque
1272 3842 1455 3912 plena,
1502 3854 1558 3897 et
1598 3860 1667 3898 an
1728 3846 1887 3901 albus
1918 3848 2000 3902 vel

412 3938 531 3983 ater
560 3928 749 3992 fuerit,
783 3930 1024 3998 ignorat.
1055 3931 1193 3997 Quis
1249 3934 1420 3995 enim,
1485 3936 1594 3990 nisi
1644 3952 1818 4008 nugas
1848 3954 2000 3993 som-

411 4019 567 4074 niare
600 4021 856 4086 voluerit,
898 4024 1134 4093 aliisque
1172 4026 1386 4094 garrire
1418 4031 1739 4093 tentaverit,
1786 4030 2001 4086 Simeoo

411 4124 538 4164 nem
553 4109 974 4181 sletaphrastem
995 4116 1163 4169 nobili
1187 4119 1549 4189 equestrique
1566 4136 1767 4191 genere
1789 4132 1996 4190 natum,

410 4201 728 4258 ministrum
759 4204 905 4260 inter
944 4206 1238 4274 primarios
1269 4210 1482 4265 militias
1529 4211 1998 4286 Constantinopo-

411 4294 616 4354 litanae.
646 4295 715 4349 ab
746 4296 1001 4366 epistolis
1021 4305 1077 4353 et
1100 4299 1333 4354 secretis
1355 4300 1731 4371 imperatoris,
1751 4304 2001 4360 oratione

412 4388 594 4443 soluta
621 4396 677 4443 et
710 4388 893 4444 vincta
923 4404 1031 4444 non
1057 4392 1266 4462 absque
1296 4392 1638 4464 eloquentia,
1670 4404 1725 4450 et
1758 4396 2001 4451 dexteri—

411 4487 526 4535 tate
546 4480 883 4550 prtecipuum
909 4481 1144 4550 jactabit
1178 4503 1190 4538 :
1242 4499 1464 4541 errores
1497 4494 1553 4539 et
1588 4487 2000 4557 discrepantias

414 4587 446 4625 a
487 4572 581 4626 tali
620 4580 888 4643 tantoque
916 4574 1038 4628 viro
1064 4574 1345 4643 prolectas
1375 4576 1569 4643 fuisse,
1597 4586 1652 4632 et
1686 4579 1833 4634 vitas
1857 4580 2002 4634 anti~

410 4678 645 4733 quorum
689 4670 1009 4721 sanctorum
1075 4665 1445 4736 interpolasse
1495 4669 1894 4733 contendenti,
1946 4679 2002 4724 et

413 4766 630 4812 tantum
663 4770 864 4813 nomen
903 4758 1146 4823 laedenti,
1185 4759 1404 4813 veniam
1438 4761 1729 4823 concedet,
1762 4762 1855 4816 sed
1890 4778 1999 4815 non

413 4848 898 4918 prosperandam?
928 4848 1032 4904 Sed
1057 4865 1248 4919 parum
1276 4851 1474 4921 peritis
1511 4867 1636 4915 usu,
1673 4861 1727 4906 et
1760 4852 1827 4906 de
1852 4854 1998 4908 facili

415 4940 907 5012 pronuntiantibus
934 4941 1118 4995 omnia
1158 4957 1267 4996 non
1308 4941 1497 4995 invitis
1531 4942 1785 4998 manibus
1820 4945 2000 4998 danda

416 5042 546 5087 sunt

487 5123 731 5181 Dicimus
771 5140 926 5195 ergo,
980 5134 1035 5179 et
1085 5126 1318 5178 ﬁrmiter
1355 5139 1767 5190 asseveramus,
1829 5126 1999 5181 Meta-

416 5216 677 5287 phrasten
710 5218 863 5272 nullo
885 5217 1049 5271 modo
1083 5218 1223 5272 vitas
1251 5224 1575 5273 sanctorum
1608 5218 1995 5289 interpolasse,

417 5308 522 5372 sic,
550 5320 608 5362 ut
631 5308 801 5363 multa
836 5309 1233 5373 immutaverit,
1268 5310 1504 5380 plurima
1566 5308 1863 5376 addiderit,
1893 5313 2001 5366 alia

418 5399 701 5455 reciderit.
731 5400 837 5454 Sed
870 5400 1181 5456 immutavit
1211 5401 1432 5455 cautior
1470 5400 1676 5466 factus,
1705 5418 1825 5472 quin
1865 5404 2004 5458 alio-

416 5508 539 5546 rum
576 5492 911 5563 scriptorum
945 5493 1314 5548 monumentis
1348 5494 1456 5547 alio
1481 5509 1713 5563 prorsus
1755 5495 1915 5549 modo
1942 5512 2001 5551 se

328 5572 333 5579 ’
416 5583 699 5646 habuisse.
750 5594 804 5639 et
849 5594 1045 5640 contra
1097 5584 1190 5654 jus
1243 5584 1437 5655 fasque
1496 5585 1669 5639 fuisse
1726 5585 1994 5658 dignovit.

400 5674 641 5735 Addidit
676 5676 744 5733 ab
776 5677 899 5731 aliis
939 5677 1169 5733 edoctus
1195 5677 1363 5748 digna
1393 5677 1555 5744 scitu,
1601 5682 1881 5748 praeterita
1916 5690 1997 5735 ta-

2097 348 2219 387 men
2252 335 2321 389 ab
2352 333 2599 402 antiquis
2619 331 2866 386 Vitarum
2892 331 3284 401 scriptoribus.
3310 331 3526 389 Recidit
3542 332 3681 388 alio-

2099 441 2221 480 rum
2249 425 2477 495 scriptis
2503 425 2698 489 relata,
2745 424 2841 479 sed
2879 424 3071 489 nimia,
3115 426 3211 479 sed
3248 440 3678 496 supervacanea,

2098 518 2195 573 sed
2217 518 2490 581 fabulosa,
2510 517 2607 573 sed
2626 517 2884 581 ridicula,
2904 526 2961 571 et
2982 532 3371 585 perversurum
3391 518 3680 572 hominum

2098 612 2306 665 malitia
2354 610 2771 682 superinducta.
2806 609 2876 665 Et
2910 610 3037 673 hoc,
3079 610 3154 664 mi
3203 612 3310 677 vir,
3344 610 3683 679 interpolare

2104 703 2256 760 Vitas
2298 714 2621 760 sanctorum
2664 704 2789 759 est?
2836 703 2902 756 Et
2934 704 3040 757 hoc
3083 720 3150 757 ne
3194 704 3319 766 erit,
3354 702 3510 760 Vitas
3545 704 3683 758 locis

2100 795 2432 867 quihusdam
2470 796 2822 859 immutasse,
2857 793 3233 855 intercidisse,
3261 793 3477 862 illisque
3513 792 3686 846 addi-

2099 888 2285 943 disse?
2308 887 2709 957 Metaphrastes
2730 886 2890 941 Vitas
2926 895 3075 940 recte
3101 884 3491 955 sapienterque
3509 884 3686 938 dicta-

2101 989 2207 1045 tas,
2236 982 2473 1036 intactas
2494 980 2741 1051 reliquit,
2761 995 2829 1035 ex
2851 979 3084 1033 aliorum
3103 977 3303 1032 studiis
3320 977 3685 1032 aclaboribus

2101 1073 2305 1127 nullam
2350 1073 2456 1128 sibi
2506 1072 2708 1127 famam
2766 1072 3145 1136 emendicans,
3196 1071 3291 1127 sed
3332 1086 3362 1123 a
3400 1072 3583 1140 capite
3615 1068 3685 1123 ad

2100 1165 2307 1219 calcem
2334 1180 2518 1219 rerum
2540 1174 2843 1235 gestarum,
2876 1164 2954 1217 uti
2988 1173 3156 1235 gestae
3187 1172 3339 1227 sunt,
3382 1161 3687 1231 expositio-

2102 1274 2248 1323 nem,
2273 1259 2501 1328 proprio
2543 1257 2682 1329 stylo
2715 1271 3024 1327 genereque
3053 1255 3277 1309 dicendi
3312 1255 3389 1309 ita
3412 1253 3682 1323 expediit,

2102 1359 2164 1404 ut
2203 1351 2369 1405 nullis
2397 1349 2631 1404 aliorum
2672 1349 3005 1419 scriptorum
3057 1346 3322 1417 periodis.
3376 1345 3516 1401 addo
3562 1343 3686 1399 for-

2103 1443 2269 1499 mulis
2298 1453 2352 1497 et
2392 1443 2561 1505 notis.
2593 1458 2754 1497 usum
2784 1441 2955 1496 fuisse
2978 1440 3048 1495 ab
3080 1450 3196 1494 arte
3219 1439 3689 1493 oratoriainstru-

2102 1542 2225 1589 ctus
2253 1534 2575 1604 dignoscere
2594 1534 2786 1602 possit.
2822 1531 2899 1586 Ita
2930 1541 3036 1587 est.
3068 1531 3325 1585 Prostant
3355 1540 3685 1586 sanctorum

2104 1626 2461 1696 antiquorum
2485 1625 2613 1679 vita:
2639 1625 2708 1680 ab
2744 1625 2868 1679 aliis
2902 1636 3027 1679 ante
3064 1618 3470 1693 Metaplniasten
3500 1622 3688 1694 publi-

2102 1729 2259 1785 catae,
2298 1735 2420 1789 qua:
2450 1718 2797 1789 postmodum
2834 1718 2902 1772 ab
2938 1717 3130 1773 eodem
3164 1716 3430 1773 facultate
3460 1717 3685 1772 dicendi

2103 1813 2369 1882 singulari
2402 1813 2457 1865 in
2498 1811 2781 1866 meliorem
2821 1820 2988 1879 atque
3009 1811 3409 1865 accuratiorem
3430 1816 3686 1865 tenorem

2104 1905 2264 1961 editte
2303 1916 2458 1970 sunt,
2494 1905 2685 1974 quales
2717 1904 2921 1958 multas
2970 1903 3025 1957 in
3061 1917 3182 1957 mea
3213 1902 3281 1958 de
3328 1902 3687 1959 Simeouibus

2103 1997 2348 2051 Diatriba
2408 1996 2721 2050 luculenter
2772 1994 3079 2064 designavi.
3124 1992 3293 2049 Sume
3346 1995 3402 2049 in
3459 2010 3683 2060 manus,

2104 2089 2369 2144 attentius
2399 2089 2605 2151 lectita,
2629 2102 2786 2157 aeque
2834 2088 3083 2157 beneque
3121 2087 3427 2156 judicatum
3462 2086 3685 2141 demum

2105 2182 2435 2237 sententiam
2472 2179 2679 2249 profer.
2715 2177 2921 2233 Planus
2958 2178 3152 2244 fueris,
3195 2177 3243 2233 si
3272 2176 3685 2247 Metapbrasten

2103 2275 2346 2329 virorum
2382 2282 2702 2327 sanctorum
2736 2288 2826 2327 res
2877 2278 3063 2342 gestas
3110 2270 3398 2340 antiquas,
3457 2280 3512 2325 et
3549 2272 3687 2327 satis

2104 2369 2297 2438 longas
2328 2366 2712 2435 interpolasse,
2742 2374 2907 2430 atque
2930 2365 3257 2419 immutasse
3278 2365 3686 2428 enuntiaveris,

2104 2475 2158 2519 et
2195 2461 2504 2517 doctissimi
2538 2459 2760 2513 Possini
2792 2458 2861 2512 de
2905 2458 3008 2511 hac
3048 2457 3285 2511 historia
3336 2456 3441 2512 Nili
3491 2456 3686 2515 Latine

2105 2554 2245 2624 apud
2278 2553 2644 2623 Lipomanum
2674 2560 2881 2604 rectum
2911 2566 3022 2603 non
3048 2566 3171 2606 esse
3197 2551 3525 2622 intelligens,
3550 2566 3688 2621 pru-

2103 2648 2351 2716 densqne
2391 2644 2686 2714 judicium,
2733 2651 2827 2696 aut
2874 2642 3078 2711 injuria
3116 2644 3264 2696 illam
3300 2659 3550 2698 vexasse.
3584 2643 3688 2698 Cui

2106 2738 2380 2809 siquidem
2420 2750 2529 2789 non
2555 2744 2662 2796 est,
2693 2735 2747 2787 in
2776 2734 3160 2789 exscribemlis
3194 2734 3546 2803 antiquorum
3598 2749 3690 2789 vo-

2106 2830 2407 2886 luminibus
2425 2827 2827 2896 exscriptorum
2866 2825 3158 2887 incuriam,
3196 2842 3371 2896 neque
3400 2828 3451 2879 in
3476 2827 3687 2880 doctri-

2106 2938 2198 2987 na,
2231 2935 2409 2990 neque
2434 2920 2486 2972 in
2516 2917 2832 2972 eruditione
2852 2916 3258 2981 excellentiam,
3287 2925 3342 2970 et
3363 2918 3409 2973 si
3440 2918 3687 2986 codices,

2107 3014 2309 3084 quibus
2353 3010 2756 3073 innitebantur,
2810 3010 3091 3078 depravati
3144 3009 3396 3064 distortis
3457 3011 3687 3079 litteris,

2109 3107 2225 3162 sive
2250 3102 2525 3173 ambiguis
2561 3100 2804 3165 confusi,
2840 3102 3003 3155 verba
3036 3100 3405 3156 similitudine
3445 3102 3689 3173 syllaba-

2107 3214 2231 3253 rum
2264 3198 2482 3259 vitiosa,
2530 3195 2698 3248 multa
2734 3194 2901 3248 etiam
2942 3193 3027 3249 vel
3081 3193 3419 3263 malignitate
3476 3194 3688 3262 addita,

2106 3288 2193 3342 vel
2222 3286 2402 3357 spatio
2446 3285 2717 3354 temporis
2750 3284 3037 3352 fugientia,
3075 3282 3407 3337 intrusisse?
3435 3282 3690 3353 Iniquum

2106 3388 2191 3435 est
2241 3378 2440 3432 similia
2486 3375 2868 3444 Metapln'astte
2907 3375 3230 3429 attribuere.
3274 3374 3335 3428 Et
3371 3391 3438 3429 ne
3472 3376 3687 3431 nimius

2108 3473 2234 3532 sim,
2273 3470 2397 3523 vide
2430 3484 2551 3537 qum
2579 3464 2647 3522 de
2688 3466 3063 3536 Metaphraste
3116 3466 3173 3519 in
3209 3466 3491 3531 dictando,
3520 3476 3693 3537 atque

2105 3564 2290 3619 verbis
2331 3562 2615 3617 struendis
2653 3558 2837 3614 studio
2889 3559 3138 3629 apposite
3182 3558 3240 3612 in
3286 3557 3480 3628 Elogio
3513 3559 3692 3627 ipsius

2107 3657 2383 3712 construit
2428 3653 2661 3716 Psellus,
2696 3652 2940 3705 Diatriba
2962 3660 3155 3706 nostra
3202 3650 3268 3706 de
3315 3650 3691 3716 Simeonibus,

2106 3758 2161 3805 et
2200 3763 2389 3803 eorum
2424 3746 2673 3815 scriptis,
2724 3745 2780 3798 in
2812 3760 2921 3814 qua
2954 3744 3122 3796 iniilta
3161 3742 3227 3798 de
3267 3743 3370 3797 hac
3408 3743 3601 3798 eadem
3633 3761 3694 3799 re

2108 3853 2176 3894 ex
2216 3838 2359 3900 aliis,
2406 3845 2574 3905 atque
2620 3833 2743 3889 aliis
2794 3832 3113 3887 auctoribus
3145 3832 3484 3901 collegimus.
3521 3834 3589 3887 Et
3627 3850 3696 3890 ne

2109 3947 2209 3987 nos
2245 3930 2447 3985 similia
2474 3939 2665 3982 nostra
2699 3926 3095 3995 imaginatione
3125 3926 3336 3995 agitare
3379 3924 3570 3979 belluli
3630 3942 3697 3981 ac

2109 4022 2291 4077 festivi
2338 4020 2583 4091 saperdae
2650 4018 3025 4086 suspicentur,
3080 4016 3278 4069 habeto
3331 4016 3455 4082 tibi,
3495 4016 3693 4080 lector,

2110 4127 2232 4182 quae
2282 4126 2384 4180 pro
2433 4110 2623 4163 eodem
2674 4106 3042 4174 Metapliraste
3074 4102 3417 4173 Lipomanus
3468 4107 3696 4176 scriptis

2110 4203 2385 4259 memoriae
2412 4199 2674 4271 prodidit.
2700 4198 2778 4251 De
2801 4197 3163 4266 Metapltraste
3194 4206 3372 4251 autem
3398 4201 3695 4252 communis

2106 4297 2404 4365 priscorum
2458 4294 2693 4345 virorum
2748 4288 3004 4343 Ecclesia:
3062 4287 3356 4343 Orientalis
3405 4292 3693 4357 sententia,

2118 4388 2269 4442 Vitas
2300 4396 2605 4441 sanctorum
2635 4399 2700 4438 ea:
2730 4383 2953 4437 diuersis
2989 4392 3268 4435 auctorum
3310 4382 3461 4435 libris
3487 4399 3607 4437 eum
3639 4384 3696 4438 in

2109 4495 2274 4533 unum
2298 4478 2540 4532 uolumen
2570 4476 2850 4543 redegisse,
2888 4484 2937 4527 et
2972 4490 3090 4542 qua:
3134 4474 3363 4542 alicujus
3405 4475 3507 4527 viri
3537 4485 3696 4528 erant

2110 4571 2400 4638 inscriptio,
2424 4568 2519 4623 sub
2553 4566 2649 4620 hoc
2674 4565 2829 4619 titulo
2860 4566 3169 4635 reliquisse;
3198 4582 3314 4634 qua:
3334 4582 3452 4619 vero
3477 4567 3542 4619 ab
3571 4568 3697 4621 aliis

2110 4663 2387 4730 descriptae
2435 4669 2609 4723 erant,
2642 4660 2764 4711 rudi
2805 4668 3000 4722 tamen,
3037 4669 3088 4710 et
3141 4660 3344 4711 insulso
3393 4659 3557 4728 stylo,
3605 4676 3695 4714 eas

2110 4755 2282 4820 ipsum
2315 4752 2500 4805 multis
2543 4749 2839 4811 laboribus,
2877 4758 2927 4803 et
2971 4750 3259 4802 sudoribus
3297 4765 3609 4817 exornasse,
3645 4761 3695 4805 et

2109 4844 2403 4898 eruditione
2421 4858 2520 4895 sua
2534 4843 2860 4909 exposuisse,
2878 4853 3033 4909 prout
3048 4840 3354 4895 Theodorus
3374 4842 3694 4906 Balsamon,

2109 4947 2159 4991 et
2183 4932 3117 5005 Psellus,ideoqueetMetaphrasta:
3150 4951 3339 4989 nomen
3369 4936 3538 5005 fuisse
3565 4938 3697 4991 ade-

2110 5041 2289 5101 ptum,
2325 5028 2696 5101 μεταφράζειν
2725 5029 2863 5082 enim
2900 5026 3097 5087 Grazce.
3125 5026 3311 5082 Latine
3333 5039 3434 5096 est,
3465 5031 3699 5099 scriptu-

2110 5140 2229 5177 ram
2262 5123 2497 5192 aliquam
2540 5119 2950 5174 dilucidioribus
2991 5120 3167 5174 verbis
3190 5162 3204 5187 ,
3241 5138 3398 5176 sensu
3425 5130 3604 5177 tamen
3645 5132 3697 5178 et

2114 5218 2337 5272 materia
2385 5215 2603 5268 retentis
2648 5213 3015 5281 interpretari.
3061 5212 3195 5278 Qua:
3228 5222 3405 5266 autem
3430 5229 3463 5265 a
3488 5214 3698 5268 nemine

2111 5315 2283 5369 adhuc
2338 5312 2550 5380 scriptte
2606 5308 2855 5375 fuerant,
2915 5306 3007 5360 sed
3042 5308 3199 5376 quasi
3246 5321 3338 5374 per
3371 5316 3696 5381 manumget

2113 5406 2452 5460 traditionem
2487 5420 2520 5455 a
2547 5399 2801 5454 Patribus
2832 5407 3081 5467 accepta',
3113 5407 3163 5452 et
3186 5413 3280 5465 pro
3310 5398 3445 5451 ueris
3471 5398 3691 5465 habitat,

2110 5501 2206 5553 llas
2235 5499 2341 5566 ipse
2361 5495 2587 5565 eleganti
2621 5502 2669 5546 et
2702 5490 2913 5546 condito
2951 5492 3089 5561 stylo
3114 5492 3409 5559 descripsit,
3435 5500 3487 5544 et
3516 5491 3693 5562 legen-

2110 5592 2207 5645 das
2249 5589 2500 5642 Ecclesiae
2539 5586 2837 5655 proposuit,
2896 5594 3149 5653 tantaque
3198 5583 3519 5638 auctoritate
3560 5582 3695 5637 liber

2111 5683 2193 5736 hic
2216 5682 2273 5741 in
2309 5682 2473 5734 lucem
2496 5677 2717 5745 orodiit,
2756 5684 2814 5729 ut
2848 5675 2988 5747 apud
3022 5674 3346 5731 Orientalem
3370 5672 3691 5745 Ecclesium,
