3822 6216
155 233 221 296 45
1398 230 1711 289 ΝΟΤΙΤΙΑ
1750 229 1766 288 l

1871 227 1930 286 S.
1964 229 2234 288 NILUM.
3374 217 3453 284 46'

156 343 243 410 qui
271 350 588 395 sanctorum
630 340 781 395 Vitas
812 350 1008 409 prwter
1041 355 1205 392 unum
1237 338 1534 393 Simeonem
1572 337 1748 391 Meta-

155 436 429 502 phrastem
480 435 776 501 scripserit,
814 449 908 487 nec
941 444 1235 502 quaeratur,
1288 448 1380 486 nec
1433 432 1749 500 reperiatur.

159 526 408 591 Quinimo
440 528 495 580 in
524 528 635 579 suis
668 524 913 589 Mentiris,
948 536 996 580 et
1021 525 1201 580 Sacris
1228 534 1563 588 sanctorum,
1607 524 1753 577 Vitas

159 618 370 677 recitat,
393 634 502 669 non
531 618 672 669 alias
694 634 853 687 quant
883 632 949 669 ex
977 616 1093 668 istis
1113 615 1422 682 desumptas
1448 613 1590 682 legit,
1621 612 1754 664 adeo

160 727 251 777 pro
300 710 491 771 certis,
530 710 668 763 veris
702 719 752 763 et
788 707 1130 770 authenticis,
1163 707 1229 759 ab
1262 706 1528 769 omnibus,
1565 714 1615 758 et
1642 720 1756 756 om-

162 804 302 855 nium
328 804 659 857 auctoritate
678 802 1027 870 confirmatis.
1067 799 1185 854 Imo
1206 816 1297 853 nec
1318 799 1553 852 Ecclesia
1569 797 1758 851 Crtcca

162 911 354 960 preces,
406 895 785 960 orationesque
829 892 1229 960 Metaphrasta',
1288 902 1407 961 post
1467 889 1663 943 Basilii
1706 895 1758 940 et

165 984 537 1056 Chrysostomi
566 987 979 1053 supplicationes
1011 987 1195 1039 statim
1222 986 1469 1044 locasset.
1496 985 1541 1037 si
1577 999 1760 1035 recen—

166 1078 226 1129 tis
263 1078 523 1144 temporis
556 1077 794 1130 auctoris
823 1089 979 1129 esset.
1017 1075 1130 1130 Nec
1176 1094 1208 1129 a
1256 1075 1578 1129 Balsamone
1624 1073 1759 1125 alle-

161 1186 398 1240 garetur,
433 1172 533 1239 qui
577 1171 724 1225 ultra
758 1170 865 1224 400
908 1187 1079 1223 annos
1133 1170 1341 1237 floruit.
1373 1178 1422 1221 et
1456 1166 1636 1221 Psello
1670 1166 1762 1235 qui

164 1262 303 1314 ultra
339 1263 677 1331 quingentos.
711 1261 948 1331 Denique
982 1279 1073 1316 nec
1100 1263 1155 1315 in
1186 1262 1412 1315 concilio
1451 1258 1761 1313 Florentino

165 1351 230 1403 ad
249 1354 689 1420 conﬁrmandum
713 1354 907 1423 dogma
924 1354 1052 1422 ﬁdei
1080 1355 1215 1407 inter
1238 1353 1480 1407 doctores
1507 1351 1763 1405 Ecclesia:

164 1444 438 1496 citaretur.
476 1442 610 1497 lla'c
646 1444 860 1510 fuerant
892 1445 1116 1515 reliqua,
1152 1462 1271 1515 qua.-
1299 1446 1364 1498 de
1405 1446 1500 1497 hoc
1530 1444 1641 1497 viro
1671 1460 1763 1496 no-

166 1538 328 1590 tanda
350 1548 536 1592 erant.
568 1537 636 1591 Et
662 1539 717 1591 in
750 1538 1076 1594 Praefatione
1104 1548 1238 1592 tom.
1265 1540 1308 1594 V
1341 1558 1356 1594 :
1386 1538 1533 1593 Illud
1551 1538 1764 1608 quidem

165 1630 392 1695 primum
412 1638 520 1693 est,
539 1646 719 1683 omnes
741 1630 838 1682 has
866 1628 1011 1683 Vitas
1026 1630 1090 1683 de
1111 1627 1295 1682 Graeco
1315 1630 1367 1681 in
1394 1628 1648 1682 Latinum
1664 1644 1762 1683 n0-

168 1731 277 1773 stro
306 1721 555 1783 hortatu,
582 1722 882 1790 nostrisque
908 1723 1159 1787 suppetiis
1185 1739 1217 1774 a
1244 1720 1516 1789 Gentiano,
1538 1722 1766 1775 llerveto

167 1812 322 1867 Gallo
377 1815 499 1867 viro
555 1813 713 1867 docto
767 1831 945 1869 recens
981 1815 1149 1883 fuisse
1198 1815 1523 1873 translatas.
1572 1829 1767 1883 easque

166 1922 304 1958 nunc
323 1906 562 1973 primum
589 1906 985 1961 Occidentalem
1015 1908 1312 1962 Ecclesium
1333 1909 1617 1974 suscipere,
1651 1923 1768 1976 qua:

169 1998 314 2065 quali
348 2007 660 2067 quantoque
701 1999 948 2054 thesauro
989 2000 1255 2071 hucusque
1290 1999 1353 2053 ob
1392 2016 1577 2053 earum
1621 2000 1768 2068 igno-

169 2090 436 2142 rationem
491 2090 706 2156 privata
749 2090 949 2158 fuerit,
991 2101 1274 2161 postquam
1330 2100 1497 2145 totum
1523 2091 1770 2144 volumen

168 2181 523 2247 percurreris,
568 2191 625 2234 tu
658 2183 769 2251 ipse
801 2183 970 2252 judex
1001 2185 1233 2252 optimus
1264 2200 1377 2237 esse
1404 2185 1625 2253 poteris.

239 2270 310 2324 Et.
341 2273 449 2325 hoc
478 2272 703 2341 quidem
727 2272 1088 2343 Lipomanus,
1122 2274 1169 2328 si
1204 2276 1389 2343 priora
1413 2275 1607 2329 atteris
1637 2288 1772 2328 ocu-

172 2361 317 2417 latus
351 2379 383 2416 a
416 2362 605 2421 fronte
649 2368 845 2429 simul,
895 2376 948 2420 et
992 2368 1295 2437 occipitio,
1350 2369 1399 2422 si
1460 2368 1772 2439 posteriora

171 2457 353 2525 quinti
390 2458 555 2521 tomi,
598 2458 722 2528 plus
745 2458 995 2513 cimicem
1030 2458 1341 2540 sanguinis,
1376 2469 1436 2513 ut
1467 2460 1542 2512 ita
1562 2457 1769 2519 dicam,

172 2564 336 2617 quam
377 2550 537 2625 illum
560 2552 791 2607 rationis
825 2551 1087 2605 habuisse
1128 2553 1303 2606 dices.
1332 2552 1475 2617 Quid
1498 2554 1645 2606 enim
1686 2554 1771 2605 in-

176 2628 615 2705 consideratius,
640 2650 736 2695 aut
781 2642 1158 2697 inconsultius
1203 2644 1317 2697 ﬁeri
1350 2644 1551 2713 potuit,
1608 2660 1772 2713 quam

174 2736 329 2791 Vitas
352 2744 686 2789 sanctorum
716 2736 1033 2800 universas,
1072 2751 1198 2804 qua:
1221 2737 1431 2790 nullum
1486 2747 1773 2791 auctorem

174 2828 336 2881 titulo
386 2828 796 2897 prmierebant,
845 2829 996 2881 nulla
1047 2829 1117 2883 ad
1174 2829 1442 2898 liquidum
1487 2830 1773 2898 explorata

176 2916 439 2979 veritate,
499 2915 742 2970 Simeoni
797 2915 1183 2985 Memphi-asta:
1226 2918 1565 2987 appingere?
1614 2917 1774 2971 Unde

178 3010 539 3080 postmodum
592 3018 672 3064 tot
726 3008 887 3063 fama:
936 3010 1190 3071 vulnera,
1245 3019 1299 3063 et
1342 3018 1505 3065 notas
1546 3010 1773 3063 innoxio

180 3103 413 3165 homini,
438 3111 496 3157 et
529 3103 599 3156 ab
632 3103 783 3157 omni
817 3103 976 3172 culpa
1010 3103 1404 3165 remotissima,
1436 3103 1774 3173 pravissimi,

178 3203 228 3247 et
252 3194 503 3264 pessime
533 3193 801 3247 diﬂ‘amati
834 3196 1101 3257 bteretici,
1134 3206 1190 3249 et
1220 3195 1439 3249 fabulas
1491 3194 1777 3249 fabuloso-

179 3304 299 3341 rum
334 3302 648 3356 mangones
680 3288 1068 3342 concriminati
1103 3289 1279 3342 sunt?
1330 3288 1405 3343 De
1440 3289 1642 3358 quibus
1676 3304 1778 3344 nos

178 3379 309 3432 alibi
358 3378 567 3433 fusius.
623 3377 782 3433 Nunc
833 3362 1214 3435 tantumwillis
1262 3378 1458 3433 addam
1506 3380 1575 3433 de
1628 3379 1779 3436 illius

178 3478 371 3531 aetate,
400 3467 549 3538 quod
583 3467 813 3538 Niceph.
839 3468 1115 3538 Gregoras
1137 3470 1191 3523 in
1217 3468 1337 3523 Vita
1371 3479 1577 3525 sanctae
1601 3468 1779 3524 Theo-

180 3560 465 3629 phanonis
502 3558 703 3614 Leonis
738 3562 831 3614 lilii
855 3559 1043 3615 Basilii
1075 3560 1393 3616 Macedonis
1427 3563 1780 3632 imperatoris

164 3652 791 3722 Constantinopolitani
838 3653 1052 3715 uxoris,
1114 3652 1184 3707 de
1248 3652 1451 3709 studiis
1508 3654 1781 3708 restitutis

192 3746 261 3799 ab
326 3744 530 3800 eodem
600 3742 787 3799 Leone
848 3745 905 3799 in
972 3745 1109 3798 urbe
1182 3746 1488 3816 Byzantina
1556 3761 1777 3815 agens:

184 3840 258 3892 Τό
285 3856 354 3908 γε
381 3838 493 3909 μὴν
526 3838 635 3892 τῶν
668 3839 842 3907 λόγων
872 3839 1095 3910 κράτος,
1119 3839 1279 3909 εἴπερ
1304 3840 1366 3909 δή
1389 3856 1439 3891 τι
1465 3838 1576 3891 τῶν
1610 3839 1783 3891 ἀπάν-

182 3947 293 3983 των
333 3930 538 3989 ἄλλων.
588 3930 684 3983 καὶ
733 3930 857 3982 τότε
912 3929 1137 3999 μᾶλλον,
1180 3929 1339 3999 εἴπερ
1381 3928 1571 3983 ἄλλοτέ
1625 3946 1780 3990 ποτε,

188 4020 437 4090 μεγάλην
453 4018 583 4089 ἔσχε
618 4019 717 4090 τὴν
737 4018 943 4090 ἀκμὴν,
979 4021 1184 4089 ἀμφοῖν
1199 4022 1311 4072 τοῖν
1341 4018 1612 4088 βασιλέοιν
1637 4018 1783 4089 μάλα

184 4133 268 4167 τοι
296 4114 563 4181 πλείστην
597 4112 910 4165 δεδωκότων
928 4113 1111 4174 αὐτοῖς
1137 4112 1235 4180 τὴν
1259 4113 1453 4183 ῥοπὴν,
1483 4112 1579 4164 καὶ
1594 4114 1778 4182 τιμήν.

187 4209 299 4260 Καὶ
324 4203 396 4277 ἦν
428 4208 565 4277 ὁρᾷν
590 4206 753 4258 ὁσίων
811 4205 1022 4274 ἀνδρῶν
1058 4205 1421 4271 συναλλαγὰς,
1454 4205 1550 4257 καλ⁹
1603 4206 1784 4273 σοφῶν

192 4303 440 4373 ρητόρων
465 4301 695 4370 θέατρα,
730 4300 824 4352 καὶ
860 4301 1042 4352 πᾶσαν
1061 4298 1237 4365 λόγων
1270 4298 1472 4369 ἀρετῆς
1500 4298 1781 4363 ἐπίδειξιν,

191 4392 601 4464 ἀθροιζομένων
632 4390 1008 4461 ἁπανταχόθεν
1051 4389 1283 4453 πολλῶν,
1339 4389 1435 4442 καὶ
1486 4389 1785 4442 ποιούντων

196 4488 365 4555 ἄλλην
403 4485 769 4555 ἃυκρατικήν
806 4500 866 4535 τε
927 4483 1022 4535 καὶ
1073 4482 1429 4550 Πλατωνικὴν
1480 4482 1650 4535 Στοὰν
1691 4483 1786 4535 καὶ

206 4582 547 4651 Ἀκαδημίαν
586 4582 681 4633 καὶ
713 4578 944 4633 Λύκειον
973 4580 1042 4631 τὰ
1078 4578 1346 4649 βασίλεια.
1382 4577 1482 4631 Διὰ
1514 4578 1577 4646 δὴ
1614 4576 1788 4629 ταῦτα

196 4675 290 4726 καὶ
310 4672 517 4743 πολλὴν
544 4673 643 4742 τὴν
706 4673 948 4725 ἐπίδοσιν
981 4673 1171 4741 εἴληφε
1222 4672 1342 4724 τότε
1381 4671 1474 4724 καὶ
1500 4672 1531 4741 ἡ
1563 4671 1661 4739 τῆς
1692 4669 1785 4723 τοῦ

196 4766 330 4819 θεοῦ
370 4766 704 4835 Ἐκκλησίας
734 4765 1056 4833 εὐπρέπεια.
1093 4765 1167 4816 Οὐ
1228 4765 1337 4835 γάρ
1384 4763 1543 4833 μόνον
1575 4765 1602 4814 ὁ
1635 4761 1788 4831 βασι-

186 4848 320 4920 λεὺς
360 4855 569 4918 πολλὰς
605 4856 717 4907 τῶν
758 4856 990 4923 ἐτησίων
1044 4854 1250 4924 ἑορτῶν
1286 4856 1378 4907 καὶ
1420 4853 1787 4923 πανηγύρεων

196 4950 417 5012 οἰκείοις
452 4950 733 5019 ἐκόσμησε
766 4948 945 5015 λόγοις
996 4950 1089 5001 καὶ
1131 4947 1317 5018 ᾠδαῖς,
1352 4946 1488 5000 ἀλλὰ
1518 4948 1611 4999 καὶ
1660 4946 1787 4998 πολ-

198 5044 320 5107 λοὺς
353 5044 468 5095 τῶν
506 5043 629 5095 τότε
677 5042 981 5112 ἐλλογίμων
1035 5040 1103 5093 τά
1156 5041 1319 5107 ὃμοια
1368 5041 1629 5111 πράττειν
1659 5039 1787 5092 ἐκέ-

200 5137 406 5191 ὶευσεν.
441 5130 545 5187 Ὧν
579 5130 659 5196 εἷς
710 5130 780 5205 ἦν
831 5136 926 5186 καὶ
982 5133 1039 5196 ὃς
1086 5134 1205 5185 τότε
1272 5132 1408 5185 ἄλλα
1478 5134 1789 5203 μετέφρασε

202 5232 332 5302 πρὸς
358 5230 422 5282 τὸ
445 5227 914 5300 εὐφραδέστερον,
944 5227 1040 5280 καὶ
1074 5228 1213 5289 τοὺς
1235 5227 1452 5289 πλείους
1477 5226 1584 5278 τῶν
1607 5244 1667 5278 τε
1692 5227 1789 5295 τῆς

203 5323 396 5391 ἀρετῆς
439 5319 701 5389 ἀσκητῶν
748 5320 844 5372 καὶ
890 5317 1142 5387 ἀθλητῶν
1192 5315 1572 5387 συνεγράψατο
1616 5315 1783 5385 βίους.

208 5414 266 5467 Et
298 5415 552 5467 dictionis
578 5412 790 5481 quidem
822 5411 1091 5464 'oratorite
1149 5409 1330 5470 robur,
1361 5419 1410 5461 et
1440 5407 1618 5461 eodem
1658 5417 1789 5461 tem-

207 5524 338 5570 pore,
369 5510 419 5561 si
444 5506 740 5573 quidquam
787 5505 948 5566 alias,
977 5514 1085 5556 tum
1124 5504 1291 5571 magis
1321 5518 1383 5553 ac
1410 5503 1576 5570 magis
1606 5501 1790 5568 ingen-

210 5610 303 5653 tem
357 5600 713 5655 accessionem
784 5597 1001 5665 fecerat,
1052 5612 1169 5649 cum
1222 5593 1376 5647 ambo
1447 5594 1790 5662 imperatores

211 5696 495 5748 maximum
543 5693 623 5746 illi
678 5695 907 5762 vigorem
972 5691 1323 5749 honoremque
1396 5687 1788 5741 attribuissent.

1862 334 2041 401 Quare
2061 336 2178 404 jam
2202 334 2339 389 obvii
2360 335 2650 404 cuicunque
2663 342 2815 387 erant
2842 306 3147 387 sanctbrum
3177 333 3447 389 hominum

1858 443 2204 495 congressus,
2258 426 2733 480 scientissimorum
2786 436 3060 479 oratorum
3108 425 3337 493 theatra,
3396 436 3448 481 et

1857 521 2026 572 omnis
2058 520 2291 589 facultas
2340 517 2551 572 dicendi
2588 520 2900 589 singularis,
2943 531 2991 572 et
3024 520 3197 589 copia,
3231 536 3352 573 cum
3383 535 3451 574 ex

1862 612 1989 665 locis
2014 614 2253 666 omnibus
2288 612 2522 682 plerique
2550 623 2909 677 occurrerent,
2940 623 2988 667 et
3023 629 3209 667 novam
3252 613 3452 668 Socra-

1860 704 2039 779 ticam,
2066 713 2221 774 atque
2256 704 2593 758 Platonicam
2620 704 2805 759 Stoam
2831 705 3152 771 exhiberem,
3184 716 3233 759 et
3251 706 3453 775 regiam

1858 798 2033 866 ipsam
2060 816 2247 853 novam
2277 798 2644 863 Academiam,
2686 808 2735 852 et
2766 796 3036 869 Lyca'um,
3083 798 3454 853 Pritanteum-

1861 907 1977 959 que.
2022 889 2156 945 Inde
2180 908 2299 945 vero
2364 892 2534 945 multo
2583 903 2695 944 tum
2732 901 3013 959 augmento
3067 900 3191 944 tunc
3228 891 3457 945 invaluit

1862 987 2059 1039 divinae
2092 984 2346 1039 Ecclesia:
2385 985 2605 1054 species,
2641 994 2690 1037 et
2743 985 2905 1035 nitor.
2949 980 3132 1051 Neque
3170 985 3309 1036 enim
3337 992 3459 1035 tan-

1865 1076 2134 1130 tummodo
2168 1079 2459 1146 imperator
2486 1077 2762 1145 plerosque
2808 1075 2863 1128 in
2895 1091 3061 1128 annos
3082 1074 3319 1145 singulos
3342 1075 3457 1129 dies

1865 1171 2027 1239 festos
2077 1186 2141 1223 ac
2194 1170 2556 1225 solemnitates
2598 1170 2830 1238 propriis
2868 1169 3197 1222 orationibus
3229 1168 3458 1223 cohone-

1864 1262 2044 1327 stavit,
2070 1272 2118 1315 et
2146 1263 2392 1326 canticis,
2442 1262 2532 1315 sed
2593 1270 2642 1313 et
2686 1261 2842 1313 multi
2874 1260 2971 1313 alii
3023 1261 3113 1330 qui
3154 1272 3265 1313 tum
3294 1262 3461 1315 vitam

1867 1356 2087 1424 agebant
2121 1363 2458 1423 praestantes,
2487 1356 2627 1408 viros
2653 1354 2854 1406 similia
2877 1370 3124 1423 peragere
3156 1354 3459 1423 imperavit,

1864 1461 2090 1513 quorum
2116 1461 2250 1498 untts
2316 1454 2452 1509 erat,
2503 1446 2594 1514 qui
2624 1454 2674 1498 et
2716 1446 2828 1498 alia
2865 1445 3150 1511 fecundius
3191 1446 3245 1499 in
3292 1445 3461 1500 aliam

1867 1536 2079 1590 dicendi
2112 1538 2318 1605 copiam
2335 1538 2671 1607 conscripsit,
2697 1549 2747 1591 et
2774 1554 2933 1607 quam
2959 1538 3219 1605 plurimas
3248 1539 3460 1592 virtutis

1870 1616 2169 1682 ascetarum
2218 1639 2267 1683 et
2302 1630 2624 1683 athletarum
2651 1632 2786 1684 vitas
2819 1632 3169 1685 monumentis
3199 1647 3464 1685 commen-

1872 1724 2043 1787 davit,
2066 1724 2206 1778 unde
2239 1733 2287 1777 et
2320 1721 2700 1791 Metaphrastte
2736 1739 2921 1777 nomen
2957 1724 3205 1776 obtinuit.
3257 1722 3462 1778 Eadem

1871 1815 1941 1868 ad
1976 1815 2207 1869 verbum
2249 1814 2525 1883 expressit
2566 1814 2709 1868 idem
2766 1813 3042 1884 Gregoras
3094 1816 3149 1868 in
3191 1814 3313 1868 Vita
3358 1813 3466 1869 Mi-

1871 1908 2083 1961 chaelis
2148 1907 2373 1961 Sincelli
2429 1908 2704 1975 exposita,
2746 1922 2869 1975 qua:
2935 1906 3082 1960 facili
3144 1907 3368 1977 negotio
3407 1908 3466 1962 in

1873 2011 2037 2050 manu
2069 1995 2273 2051 fuerint
2296 1996 2542 2050 eamdem
2575 1996 2743 2051 vitam
2776 1997 3147 2067 percurrenti,
3179 2014 3247 2053 ne
3295 2002 3467 2055 semel

1871 2104 1935 2142 ea
1961 2103 2151 2159 parum
2174 2097 2391 2155 cautus,
2427 2097 2481 2142 et
2508 2089 2614 2143 alia
2648 2091 2833 2144 animo
2860 2090 3164 2146 observans
3191 2091 3469 2148 excidisse

1873 2182 2150 2251 malignus
2208 2180 2596 2252 Metaphrastte
2680 2183 2903 2237 laudum
2967 2183 3351 2251 obtrectator,
3408 2185 3468 2239 in

1874 2273 2250 2340 suspicionem
2289 2274 2494 2327 veniat.
2556 2274 2619 2327 Et
2672 2271 3070 2329 Constantinus
3129 2274 3470 2331 Meliteniota

1876 2374 2017 2417 orat.
2046 2364 2101 2425 2,
2141 2363 2214 2418 De
2236 2364 2591 2433 processione
2638 2362 2880 2432 Spiritus
2938 2366 3160 2419 sancti:
3206 2366 3470 2438 Ἐπείπερ

1875 2456 1996 2507 κατ’
2039 2456 2192 2508 οὐδὲν
2245 2455 2525 2508 λείπονται
2581 2456 2691 2507 τῶν
2751 2456 2949 2525 λογίων
3002 2458 3249 2526 ἀνδρῶν.
3304 2461 3358 2513 εἴ
3404 2477 3471 2528 γε

1879 2546 2111 2599 συνιδεῖν
2138 2545 2429 2615 ἠϐούλοντο
2463 2546 2655 2599 τούτου
2684 2547 2783 2616 τὴν
2808 2546 3036 2600 ἔννοιαν.
3075 2549 3185 2602 Καὶ
3208 2549 3383 2613 ἄλλως
3410 2552 3470 2604 δὲ

1878 2640 1982 2692 κᾶν
2017 2637 2234 2701 ῶκλαζέ
2265 2656 2315 2690 τι
2347 2638 2484 2708 πρὸς
2538 2638 2670 2691 αὐτὸ
2719 2638 2931 2702 τούτοις
2954 2642 2981 2692 ὁ
3010 2640 3290 2712 λογισμὸς,
3323 2639 3471 2714 εἶχον

1880 2731 2182 2801 σκέψασθαι
2248 2731 2466 2792 πάντως
2514 2732 2635 2785 καθ’
2668 2734 2895 2794 ἑαυτοὺς
2931 2734 3025 2787 καὶ
3052 2734 3143 2787 τὸν
3185 2737 3473 2805 συγραψά·

1881 2842 2064 2894 μενον,
2102 2825 2182 2877 ὅτι
2216 2824 2357 2876 κατὰ
2414 2824 2505 2875 τὸν
2542 2824 2734 2893 καιρὸν
2782 2823 2877 2876 τοῦ
2915 2825 3133 2895 ποῦ-του
3169 2828 3470 2897 σχίσματος

1880 2916 1977 2978 ῶν,
2017 2918 2111 2970 καὶ
2133 2918 2231 2987 τὴν
2271 2914 2579 2983 ἀντιλογίαν
2610 2915 2898 2983 γινώσκων
2933 2916 3027 2969 τοῦ
3065 2919 3472 2987 δόγματος,οὖκ

1880 3012 1945 3064 ἂν
1976 3010 2119 3063 οὕτω
2156 3008 2420 3061 συνετίθει
2465 3010 2558 3062 καὶ
2592 3010 2883 3061 συνέταττε
2914 3010 2974 3061 τὸ
3004 3012 3243 3064 τοιοῦτον
3275 3013 3461 3082 ῥητὸν,

1880 3105 1927 3156 εἰ
1961 3103 2097 3173 πρὸς
2118 3104 2244 3164 τοὺς
2276 3102 2540 3162 Λατίνους
2568 3104 2661 3154 καὶ
2690 3102 2851 3163 αὐτὸς
2892 3103 3089 3173 ἐπίσης
3123 3105 3234 3166 τοῖς
3259 3104 3473 3169 πολλοῖς

1879 3196 2161 3266 διεφέρετο
2184 3210 2196 3222 ·
2241 3194 2375 3249 Cum
2401 3212 2503 3247 non
2538 3194 2762 3247 multum
2806 3196 2954 3265 longe
2977 3196 3042 3248 ab
3073 3198 3302 3252 eruditis
3344 3201 3473 3255 viris

1882 3289 2111 3353 abirent,
2145 3290 2191 3342 si
2221 3289 2380 3342 modo
2412 3289 2559 3341 illius
2592 3290 2903 3342 sententiam
2942 3307 3129 3359 capere
3156 3291 3367 3344 vellent.
3403 3293 3474 3345 Et

1883 3382 1995 3435 alia
2022 3398 2223 3451 quoque
2254 3382 2459 3434 ratione
2481 3382 2601 3434 licet
2657 3382 2905 3450 cogitatio
2946 3383 3184 3448 ipsorum
3206 3385 3347 3437 circa
3378 3386 3475 3438 hoc

1882 3477 1961 3529 vel
1988 3476 2268 3527 minimum
2308 3474 2661 3535 claudicaret,
2709 3486 2952 3542 poterunt
2985 3480 3041 3529 in
3072 3495 3127 3532 se
3157 3482 3475 3548 scriptorem

1883 3566 2241 3626 considerare.
2269 3566 2360 3634 qui
2391 3582 2509 3620 cum
2537 3567 2589 3618 in
2619 3568 2734 3633 ipso
2761 3568 2933 3635 primo
2961 3569 3265 3625 scltismatis
3283 3583 3477 3627 exortu

1884 3660 2095 3721 viveret,
2141 3667 2191 3711 et
2233 3657 2497 3727 dogmatis
2544 3658 3015 3714 contradictionem
3069 3662 3306 3726 calleret,
3340 3681 3479 3718 nun-

1883 3768 2042 3820 quam
2063 3751 2159 3803 hoc
2180 3751 2334 3803 modo
2351 3751 2737 3806 concinnasset.
2756 3764 2831 3805 vet
2858 3753 3057 3806 dictum
3074 3758 3475 3823 composuisset,

1885 3845 1932 3898 si
1964 3860 2084 3896 cum
2104 3841 2310 3895 Latinis
2330 3853 2380 3896 et
2408 3845 2516 3910 ipse
2541 3860 2686 3913 a'qne
2709 3854 2864 3915 atque
2884 3847 2979 3899 alii
3003 3848 3301 3903 simultates
3327 3866 3480 3905 exer-

1886 3937 2057 3990 cebat.
2100 3935 2166 3989 Et
2207 3936 2294 3989 hic
2316 3936 2440 3991 vitae
2469 3935 2712 4007 Dionysii
2736 3940 3081 4010 Areopagitae
3107 3942 3349 4011 scriptor
3379 3959 3479 4014 per

1887 4030 2143 4087 eumdem
2184 4040 2473 4086 auctorem
2496 4030 2890 4086 Meliteniotam
2919 4041 3005 4086 est
3038 4031 3263 4089 Simeon
3308 4035 3481 4091 Meta-

1887 4121 2168 4190 phrastes.
2196 4120 2338 4174 Audi
2371 4138 2384 4172 :
2416 4120 2528 4174 Καὶ
2558 4123 2585 4174 ὁ
2623 4120 2724 4185 τὰς
2750 4121 2858 4174 τῶν
2902 4122 3074 4188 ἁγίων
3108 4123 3164 4177 δὲ
3204 4124 3480 4188 πολιτείας

1888 4210 2101 4272 καὶτὰς
2125 4210 2304 4264 αὐτῶν
2333 4209 2591 4280 ἁθλήσεις
2623 4213 3053 4281 ἀφηγησάμενος
3106 4232 3479 4286 μεταφραστι-

1891 4299 2022 4362 κῶς,
2055 4302 2137 4363 εἰς
2182 4300 2243 4352 τὸ
2284 4300 2378 4352 τοῦ
2417 4301 2808 4369 Ἀρεοπαγίτου
2841 4303 3141 4375 μαρτύριον
3178 4307 3479 4371 Διονυσίου,

1892 4391 2034 4461 φημὶ
2061 4391 2155 4443 τοῦ
2189 4391 2299 4443 τῶν
2324 4390 2658 4461 ἁπορῤήτων
2692 4392 3027 4460 ὲκφάντορος
3047 4412 3060 4426 ·
3089 4394 3158 4448 Et
3208 4398 3298 4465 qui
3344 4398 3481 4451 vitas

1888 4492 1939 4535 et
1970 4498 2050 4535 res
2083 4491 2257 4553 gestas
2319 4493 2650 4543 sanctorum,
2709 4498 2993 4553 eorumque
3042 4488 3339 4541 certamina
3391 4505 3484 4543 vu—

1890 4576 2031 4627 riato
2066 4575 2205 4643 stylo
2222 4576 2487 4627 enarravit
2502 4576 2555 4627 in
2575 4573 2822 4643 Dionysii
2839 4576 2878 4628 Α
2895 4580 3176 4647 reopagitw
3196 4583 3480 4651 martyrio.

1890 4666 2008 4719 dico
2035 4677 2356 4720 secretorum
2392 4668 2721 4722 revelatoris.
2758 4670 2965 4739 Collige
2991 4674 3149 4741 longe
3185 4674 3377 4741 procul
3414 4675 3484 4726 ab

1891 4758 2042 4813 omni
2072 4757 2261 4813 dubio.
2294 4758 2691 4828 Metaphrastes
2719 4777 2784 4816 eo
2806 4769 3054 4832 tempore
3080 4764 3318 4832 vigebat,
3357 4780 3484 4819 cum

1891 4852 2130 4920 primum
2163 4852 2400 4907 schisma
2439 4855 2580 4908 inter
2646 4853 2865 4908 Graecos
2897 4863 2951 4908 et
3000 4854 3225 4908 Latinos
3259 4855 3326 4909 de
3353 4872 3485 4925 pro-

1890 4944 2150 4999 cessione
2211 4944 2452 5014 Spiritus
2499 4947 2673 5001 sancti
2720 4962 2788 5000 ex
2846 4948 2965 5001 solo
3006 4946 3170 5001 Patre
3199 4964 3487 5018 emergens

1891 5036 2207 5092 Graecorum
2242 5052 2366 5090 cmn
2397 5036 2606 5092 Latinis
2625 5039 2989 5093 arctissimam
3020 5040 3484 5096 necessitudinem

1894 5131 2233 5199 perturbavit
2265 5150 2277 5184 :
2312 5130 2449 5184 adeo
2480 5139 2540 5184 ut
2571 5132 2639 5186 de
2666 5131 2857 5187 eadem
2890 5133 3242 5200 processione
3270 5149 3337 5187 es
3365 5136 3487 5189 solo

1893 5223 2053 5277 Patre
2084 5223 2196 5277 Leo
2228 5224 2345 5293 ipse
2380 5223 2700 5292 imperator,
2738 5226 2805 5278 de
2840 5225 3027 5279 schola
3061 5224 3239 5279 Photii
3294 5226 3483 5291 homo,

1893 5316 1948 5369 in
1984 5319 2217 5385 gratiam
2259 5315 2344 5370 sui
2370 5315 2550 5369 Photii
2583 5317 2784 5386 stylum
2813 5318 3143 5373 exercuerit.
3177 5317 3241 5371 Et
3264 5327 3483 5375 aetatem

1896 5409 2279 5478 Metaphrastae
2314 5409 2497 5468 anxie.
2534 5421 2589 5463 et
2632 5411 2871 5479 amplius
2918 5412 3239 5481 qumrimus,
3269 5421 3326 5467 et
3355 5429 3482 5467 eum

1895 5502 2361 5563 recentissimum,
2393 5509 2447 5556 et
2486 5503 2600 5556 ludi
2661 5503 3008 5572 magistrum,
3062 5515 3118 5560 et
3174 5505 3484 5560 fabularum

1898 5596 2124 5649 anilinm
2176 5596 2627 5651 concinnatorem
2674 5598 2861 5653 verbis
2921 5598 3250 5654 clarissimis
3308 5598 3485 5668 perbi-

1867 5757 1879 5767 -
1900 5687 2175 5742 bebimus.
