1911 3108
169 119 204 151 47
392 150 398 151 γ
770 113 925 145 NOTITIA
951 114 992 144 IN
1018 114 1038 143 S
1070 112 1204 143 NILUM.
1348 134 1357 142 .
1765 110 1800 142 48

206 174 280 206 Nos,
307 173 345 199 ait
374 171 544 202 Salmasius.
567 170 694 206 διήγησιν
729 169 805 197 illam
840 171 957 205 (nempe

168 222 204 250 de
220 220 294 249 caede
308 219 450 247 seniorum
474 216 604 249 Patrum)
627 217 654 243 in
682 215 848 243 Praefatione
867 215 901 242 ad
923 216 961 242 lc-

168 272 275 295 ctorem
294 266 328 293 ad
342 264 483 300 Opuscula
508 263 561 290 Nili
580 262 613 289 de
633 262 750 297 primatu
774 268 868 296 papae,
885 260 960 287 Lati-

169 323 230 341 nam
247 313 345 348 factam
364 311 444 342 brevi,
463 311 486 337 si
502 309 571 336 Deus
585 308 699 340 dederit,
719 308 816 335 edituri
830 315 934 334 sumus.

204 359 243 386 De
266 358 429 390 Albiniano,
450 364 532 392 quem
552 355 683 382 laudibus
709 354 889 390 prosequitur
914 353 963 380 Ni-

170 407 225 438 lus,
247 405 433 440 suspicionem
454 401 580 435 Possini,
604 401 663 436 lege
675 401 746 436 apud
769 400 880 436 ipsum:
904 400 963 428 sive

170 452 242 479 enim
267 451 344 486 legas
370 449 526 481 Albianum,
554 447 614 475 sive
631 446 767 478 Albinum,
792 446 851 473 sive
879 446 964 472 Alba-

170 506 233 525 num
242 518 250 529 ,
265 504 362 532 parum
376 495 472 524 refert.

207 542 332 569 Historia
346 542 378 569 de
401 541 566 575 interemptis
581 541 610 567 in
627 539 695 567 Sina
716 544 805 567 monte
827 539 963 566 monachis

169 588 314 623 legebatur
345 588 536 622 manuscripta
569 588 597 613 in
628 585 798 613 bibliotheca
824 585 964 612 Sirletana

170 633 234 661 cod.
249 633 284 660 39
307 641 372 665 ms.,
399 638 427 660 et
455 640 529 660 nunc
545 632 645 668 legitur
660 632 687 659 in
712 631 853 659 Vaticanis
880 631 962 658 codd.

172 679 315 712 117,.“8,
332 679 412 711 i790,
440 680 523 711 1806,
541 683 569 707 et
585 679 711 706 Palatino
726 679 791 706 551.
811 678 965 706 Bollandus

171 729 205 756 ad
239 729 312 758 diem
343 728 376 755 M
400 727 525 755 Januarii
560 730 721 755 sanctorum
757 730 909 762 martyrum
936 726 965 753 in

171 780 264 803 monte
282 775 348 802 Sina
363 782 379 801 a
398 775 525 802 barbaris
538 774 697 801 occisorum
718 777 860 801 certamen
879 772 965 800 refert

171 829 186 848 a
210 821 239 849 S.
258 822 321 849 Nilo
348 822 535 858 conscriptum
565 820 676 852 Graece,
706 823 734 847 et
751 827 766 846 a
784 827 825 853 se,
852 819 895 847 vel
910 818 966 846 alio

171 866 301 901 quopiam
319 865 494 893 innominato
508 865 605 892 Latine
620 863 771 896 redditum,
789 868 816 891 et
833 863 966 891 brevibus

170 920 221 948 pro
239 919 316 939 more
332 912 405 939 notis
428 912 610 939 illustratum.

208 958 337 993 Ejusdem
352 958 441 985 sancti
460 957 520 985 Nili
539 956 665 992 epistolas
681 955 793 984 CCCLV
812 962 846 983 ex
869 955 968 983 biblio-

172 1005 253 1033 theca
267 1004 396 1032 Medicaea
413 1004 485 1032 idem
506 1004 607 1031 Petrus
621 1003 757 1031 Possinus
772 1002 856 1035 eruit,
872 1006 900 1029 et
915 1001 968 1029 La-

172 1051 229 1077 tine
244 1057 341 1077 versas
358 1049 454 1077 Graece
476 1054 504 1076 et
516 1048 615 1076 Latine
629 1047 782 1084 publicavit
797 1055 861 1075 cum
879 1047 966 1080 notis,

171 1096 398 1131 nuncupavitque
429 1096 650 1123 eminentissimo
676 1094 796 1131 principi
818 1094 968 1122 Francisco

172 1143 335 1175 liarberino;
350 1147 377 1169 ct
394 1142 500 1178 Didymi
524 1141 718 1177 Fragmentum
741 1140 847 1168 addidit
873 1145 968 1167 contra

173 1189 357 1221 Manichn'os,
381 1193 405 1215 et
421 1187 553 1215 Simeonis
579 1187 683 1214 abbatis
705 1185 799 1214 Sancti
818 1184 968 1212 Mamantis

172 1235 199 1260 in
237 1233 382 1260 Xerocerco
418 1232 640 1259 Dissertationem
679 1231 711 1258 de
749 1230 969 1258 altercationibus

173 1279 257 1305 animi
275 1283 300 1305 et
326 1279 445 1311 corporis
473 1277 568 1306 Graece
595 1281 622 1305 et
647 1277 746 1304 Latine
774 1284 788 1303 a
816 1284 847 1304 se
870 1284 967 1308 versa,

174 1326 289 1353 Parisiis
305 1333 337 1352 ex
364 1324 547 1360 typographia
573 1324 658 1359 Regia
683 1322 764 1354 1657,
784 1322 855 1349 ιιι-4.
870 1322 907 1350 De
923 1321 969 1349 his

173 1371 310 1407 epistolis,
332 1370 420 1405 deque
441 1378 538 1398 eorum
558 1366 708 1405 interprete
733 1369 851 1397 Possiuo
874 1368 969 1403 suspi-

173 1426 224 1446 cor
241 1417 451 1452 intelligendum
477 1424 541 1444 esse
568 1415 729 1447 Labbmum,
753 1422 816 1443 cum
845 1414 968 1442 scribit:

175 1464 235 1491 Nili
250 1463 441 1498 archiepiscopi
457 1462 746 1496 Constantinopolitani
762 1461 853 1489 multa
868 1461 968 1489 haben—

175 1516 219 1537 tur
237 1511 265 1537 in
286 1510 363 1537 codd.
380 1518 444 1542 ms.,
470 1517 536 1545 quas
560 1508 640 1535 audio
661 1509 729 1543 typis
745 1508 839 1542 parari
861 1508 893 1535 ab
909 1515 971 1534 eru-

175 1554 233 1581 dito
249 1554 402 1588 interprete.
428 1552 491 1588 ipse
507 1560 573 1579 vero
600 1560 658 1579 rem
686 1552 908 1587 indignissimam
927 1551 970 1578 fa-

172 1601 308 1633 cerem,si
329 1604 429 1627 conatu
441 1599 510 1626 tanti
523 1599 660 1634 principis
684 1598 829 1626 fecundam
845 1602 969 1632 quaestu-

175 1655 234 1675 ram
255 1648 446 1679 subsecutam,
473 1645 564 1673 ventis
592 1645 784 1680 abripienda‘m
817 1653 873 1673 non
894 1645 969 1672 invi-

173 1695 213 1721 tis
230 1693 360 1721 manibus
383 1692 583 1720 concesserim.
611 1691 745 1727 Princeps
768 1692 792 1719 is
807 1698 971 1727 magnarum

172 1740 281 1773 artium,
302 1739 461 1774 disciplinis
488 1737 735 1770 instructissimus,
760 1741 901 1765 tantorum
917 1737 971 1765 Pa-

173 1790 248 1814 trum
262 1786 437 1820 aliorumque
454 1784 715 1819 antiquissimorum
733 1783 970 1816 Commentarios,

173 1832 236 1859 sive
247 1831 286 1859 illi
303 1829 400 1858 Graeca
413 1830 472 1858 sive
483 1828 581 1856 Latina
597 1829 677 1863 copia
693 1828 802 1856 dicendi
818 1828 970 1861 emineant,

175 1885 231 1905 non
248 1877 334 1904 semel
348 1880 431 1910 atque
443 1876 555 1908 iterum,
582 1873 631 1902 sed
645 1874 757 1909 sacpius,
773 1874 838 1900 dum
857 1881 907 1909 per
919 1881 972 1909 pu-

174 1923 250 1951 blica
264 1926 292 1950 et
302 1921 492 1950 ecclesiastica
507 1920 617 1956 negotia
640 1919 715 1951 licet,
731 1924 841 1947 maturo
851 1919 970 1954 judicio,

175 1978 208 1998 ac
223 1968 400 1997 considerate
421 1975 477 2003 prae
497 1967 628 1994 manibus
653 1970 754 1998 terere,
780 1973 813 1993 ac
841 1966 972 1994 lectitare

176 2015 279 2052 gaudet
294 2024 302 2042 :
317 2013 439 2049 indeque
455 2012 547 2040 factus
561 2012 737 2045 instructior,
753 2019 844 2039 mores
857 2016 887 2040 et
901 2020 973 2040 con-

177 2061 342 2090 suetudines
355 2059 526 2092 moderatur,
546 2058 741 2094 antiquitatem
754 2058 971 2087 ecclesiasticam

176 2112 299 2142 reparat,
316 2106 351 2134 de
369 2105 421 2133 [ide
443 2105 590 2140 opiniones
614 2104 766 2137 examinat,
790 2109 819 2132 et
830 2113 893 2140 qua:
907 2106 971 2133 novi

178 2153 373 2181 reforlnatores
390 2151 463 2179 inter
482 2151 613 2178 incautos
630 2150 827 2184 disseminant,
842 2150 971 2179 oculatus

175 2201 211 2228 ad
228 2199 321 2227 omnia
340 2198 464 2227 discidit.
488 2196 563 2225 Inter
585 2200 626 2225 tot
643 2196 712 2224 alios
732 2196 841 2227 Patres,
866 2205 971 2232 eosque

177 2245 374 2274 sanctissimos
399 2250 474 2271 unus
497 2243 522 2270 is
548 2242 638 2273 Nilus,
667 2249 750 2277 quem
779 2249 972 2276 szepenumero

175 2299 227 2327 per
241 2295 362 2318 mentem
374 2292 548 2320 versaverat,
567 2287 668 2323 dignus
696 2288 773 2315 visus
802 2291 856 2320 est,
874 2288 921 2322 qui
936 2288 971 2315 ad

176 2335 380 2372 compescenda
395 2334 592 2362 haereticorum
610 2340 670 2366 ora,
694 2332 820 2368 maleque
838 2340 973 2361 sanorum

177 2384 319 2411 hominum
340 2382 426 2409 vitam
442 2381 563 2416 pessime
580 2384 719 2408 tornatam
738 2379 833 2407 incudi
851 2380 970 2408 redden-

177 2429 239 2457 dam
256 2436 312 2456 non
330 2428 391 2455 sine
408 2433 493 2454 succo
517 2425 619 2457 Attico,
646 2428 674 2452 et
699 2424 858 2460 eloquentia
873 2426 955 2461 singu

177 2476 229 2503 lari
244 2475 317 2511 typis
340 2473 436 2501 Graece
458 2476 487 2500 et
504 2471 602 2499 Latine
622 2471 814 2500 mandaretur.
837 2470 922 2506 quue
941 2476 971 2499 ut

177 2521 353 2549 commodius
375 2520 462 2552 ﬁeret,
490 2519 573 2554 elegit
590 2518 679 2545 virum
702 2518 889 2545 clarissimum
916 2518 972 2546 Ln-

177 2575 238 2594 cam
255 2566 441 2598 Holstenium,
459 2569 518 2592 tum
541 2564 719 2592 bibliothecae
743 2563 884 2592 Vaticana:
900 2572 972 2600 prae-

178 2613 293 2646 fectum,
309 2616 338 2640 et
353 2620 397 2640 me
420 2612 484 2639 licet
502 2610 692 2642 ,Holsteniante
715 2610 811 2638 virtuti
826 2611 970 2646 imparem,

177 2659 247 2686 tanti
260 2658 365 2686 laboris
379 2658 521 2689 comitem.
539 2661 568 2684 ut
584 2656 669 2684 simili
686 2656 774 2691 opella
791 2656 823 2683 ad
839 2656 970 2691 templum

177 2706 292 2734 honoris
311 2705 464 2738 induceret,
490 2705 661 2740 inipertitur.
688 2704 830 2731 Sententia
848 2712 971 2739 pronun-

177 2753 256 2783 tiata.
285 2752 385 2779 sortito
409 2751 572 2780 Holstenius
603 2751 665 2786 eius
688 2750 821 2785 opuscula
852 2750 970 2786 reliqua,

176 2806 230 2833 ego
257 2798 390 2834 epistolas
414 2799 503 2833 capio.
529 2789 628 2835 ﬁtudia
656 2796 791 2825 llolstenii
808 2803 972 2825 excessuse

174 2845 233 2872 vita
247 2843 338 2872 fatalis
351 2843 510 2879 disrumpit,
526 2837 580 2872 ‘nec
595 2844 651 2872 vita
672 2847 814 2878 superstes
829 2850 966 2879 propaga-

1014 169 1063 196 vit.
1079 166 1148 195 Cum
1173 175 1228 195 non
1248 174 1345 194 omnes
1366 167 1392 193 in
1410 173 1466 193 uno
1488 165 1585 193 codice
1602 164 1736 200 epistolae,
1754 166 1805 193 sed

1014 215 1042 241 in
1072 214 1199 249 pluribus
1223 221 1291 248 vage
1312 213 1445 248 dispersae
1473 212 1652 244 haberentur,
1678 212 1806 243 collatis,

1015 263 1077 287 utut
1109 259 1203 294 potui,
1232 258 1366 286 Romanis
1407 258 1616 288 voluminibus,
1647 257 1749 284 fascem
1779 259 1809 283 in

1015 313 1119 338 unum,
1141 305 1252 333 obviam
1277 304 1366 332 factas
1379 305 1456 339 coegi
1468 324 1475 335 .
1493 304 1631 331 adnotatis
1647 310 1743 330 earum
1760 311 1809 328 va-

1014 352 1065 380 riis
1080 352 1244 379 lectionibus
1260 351 1287 378 in
1301 351 1491 379 studiosorum
1513 351 1643 385 gratiam,
1658 357 1729 384 quas
1742 349 1810 375 mihi

1015 398 1060 425 alii
1087 401 1169 432 atque
1195 397 1243 424 alii
1272 397 1383 425 codices
1413 397 1585 425 obtulerunt.
1611 396 1681 423 Tum
1708 403 1752 423 me
1780 396 1810 422 in

1016 452 1111 472 carum
1128 444 1191 473 dedi
1212 444 1367 472 versionem
1378 464 1386 476 ,
1413 444 1495 478 cujus
1510 451 1586 471 nunc
1611 447 1754 477 utcunque
1771 441 1813 468 fa-

1016 495 1068 518 cta;
1082 511 1089 523 ,
1105 491 1177 518 idem
1190 490 1337 518 munificus
1348 491 1375 516 in
1396 490 1505 524 publica
1519 489 1663 517 commoda
1680 489 1813 523 princeps

1015 537 1165 565 editionem
1186 536 1346 564 demandat.
1376 536 1409 563 Et
1438 543 1484 563 res
1515 536 1572 563 haec
1601 543 1651 570 per
1676 535 1813 562 indicium

1015 584 1160 611 enuntiata
1174 583 1284 611 videtur
1307 583 1341 609 ah
1358 581 1548 610 eruditissimo
1563 581 1713 610 Francisco
1728 581 1813 608 Com-

1015 630 1090 657 besis
1106 630 1134 657 in
1149 630 1298 657 recensitis
1321 629 1483 656 auctoribus
1499 628 1680 655 Bibliotheca;
1698 627 1813 654 Patrum

1016 675 1232 703 concionatorise
1258 675 1286 702 in
1301 674 1365 702 Nilo
1381 684 1388 701 :
1415 673 1545 708 Epistalte
1569 673 1629 700 Nili
1645 673 1707 700 dari
1722 678 1816 707 potue-

1016 726 1077 748 rant
1097 730 1113 748 a
1132 721 1286 748 doctissimo
1314 720 1401 748 Leone
1423 720 1543 754 Allatio,
1569 721 1593 747 si
1620 720 1721 754 factum
1744 720 1815 746 satis

1015 772 1083 795 esset
1094 768 1162 795 votis
1175 767 1379 794 eminentissimi
1393 766 1541 794 cardinalis
1554 766 1695 794 Francisci
1714 766 1816 793 Βαγώο-

1016 814 1081 845 rini,
1099 813 1164 841 mihi
1185 814 1241 847 ipse
1263 813 1297 840 ad
1318 813 1428 848 prelum
1457 813 1603 848 offerentis,
1622 821 1681 839 cum
1696 821 1756 840 eum
1771 820 1816 839 re-

1017 860 1062 896 gia
1075 860 1183 887 Lutetia
1202 861 1332 894 hospitem
1352 860 1458 887 haberet
1481 867 1491 886 .'
1514 860 1607 895 quippe
1623 860 1698 894 longe
1712 858 1815 893 plures,

1017 912 1127 942 excepta
1152 908 1203 934 viri
1222 915 1311 941 opera,
1338 907 1491 935 Grazrarum
1514 915 1603 934 rerum
1631 907 1765 942 indagine,
1789 910 1817 934 et

1018 953 1115 988 peri/ia
1135 959 1227 980 nostro
1243 961 1297 980 (evo
1312 953 1392 988 facile
1408 954 1547 988 principis.

1054 999 1207 1034 Antequam
1232 1000 1265 1027 ad
1294 1000 1346 1027 alia
1369 999 1549 1034 progrediar,
1580 998 1646 1026 illud
1680 998 1815 1026 oblivioni

1019 1045 1086 1073 dare
1099 1049 1314 1073 consentaneum
1329 1045 1404 1073 nullo
1421 1045 1501 1073 modo
1518 1045 1586 1072 mihi
1601 1045 1721 1075 videtur,
1739 1044 1815 1079 quod

1020 1092 1269 1126 praestantissimus
1298 1091 1361 1124 vir,
1388 1095 1415 1119 et
1441 1093 1470 1118 in
1495 1091 1607 1126 scriptis
1633 1091 1813 1125 antiquorum

1019 1138 1180 1166 evolvendis
1200 1139 1400 1175 sagacissimus
1425 1138 1569 1167 Emericus
1588 1138 1712 1174 Bigotius
1741 1147 1815 1173 saepe

1020 1185 1178 1217 admonuit,
1197 1185 1342 1220 epistolam
1360 1184 1389 1213 S.
1411 1184 1467 1212 Nili
1485 1185 1519 1213 ad
1539 1184 1681 1213 Xenonem
1710 1184 1816 1212 Mento-

1020 1231 1129 1259 rialium
1145 1239 1161 1259 a
1171 1231 1288 1259 Possino
1301 1231 1415 1263 editam,
1427 1231 1549 1260 editione
1559 1231 1720 1263 Parisiensi,
1735 1239 1814 1258 num.

1019 1277 1082 1310 260,
1101 1282 1252 1305 extractam
1273 1277 1359 1306 fuisse
1374 1285 1408 1305 ex
1426 1277 1455 1305 S.
1480 1277 1574 1305 Basilii
1590 1277 1762 1312 expositione
1787 1277 1814 1304 in

1020 1324 1120 1359 psalm.
1146 1332 1233 1351 xxxu.
1258 1323 1296 1351 Ea
1319 1324 1347 1351 in
1364 1324 1433 1352 meis
1459 1328 1501 1352 est
1526 1324 1545 1350 l.
1568 1331 1587 1355 ι,
1614 1323 1694 1358 epist.
1720 1323 1774 1355 '56,
1789 1326 1817 1350 et

1022 1371 1142 1406 einipit:
1176 1371 1206 1398 '0
1233 1371 1300 1402 Θεὸς
1328 1371 1406 1406 ἡμῶν
1434 1372 1529 1407 ἀγαπᾷ
1553 1370 1738 1406 ἐλεημοσύνην
1769 1371 1817 1398 καὶ

1021 1418 1122 1454 κρίσιν.
1146 1417 1308 1445 Examinavi
1332 1418 1498 1453 diligenter,
1514 1422 1540 1446 et
1555 1425 1612 1446 rem
1631 1425 1734 1445 meram
1753 1425 1817 1445 esse

1021 1464 1154 1499 comperi.
1172 1463 1314 1491 Sententia
1331 1465 1426 1491 eadem
1449 1468 1513 1497 est,
1539 1465 1621 1492 verba
1649 1471 1759 1499 quoque
1787 1468 1816 1491 ut

1020 1510 1169 1546 plurimum
1196 1510 1304 1538 eadem.
1324 1510 1404 1537 Nilus
1430 1514 1523 1537 tamen
1553 1515 1648 1538 noster
1674 1510 1817 1546 plerisque

1021 1555 1172 1583 immutatis
1192 1560 1219 1583 et
1234 1555 1337 1583 additis
1354 1555 1422 1583 fecit
1438 1563 1527 1583 suam.
1545 1555 1623 1589 Quod
1641 1556 1668 1582 in
1686 1555 1817 1583 Patribus

1021 1608 1122 1627 novum
1150 1608 1204 1627 non
1232 1605 1284 1628 est.
1310 1601 1424 1636 Semper
1449 1601 1552 1628 etenim
1581 1601 1609 1628 in
1634 1608 1666 1628 ea
1690 1600 1816 1628 Ecclesia

1021 1647 1190 1675 recentiores
1206 1647 1319 1679 Patres,
1344 1648 1517 1682 antiquiores
1530 1648 1570 1675 uti
1587 1648 1816 1680 venerabundos,

1022 1696 1049 1719 ct
1060 1692 1222 1728 augustiora
1237 1693 1329 1728 capita
1348 1693 1464 1721 assiduo
1483 1693 1528 1721 die
1545 1697 1683 1729 noctuque
1700 1702 1817 1729 percur-

1020 1744 1130 1772 rentes,
1155 1739 1291 1775 quidquid
1309 1740 1342 1767 ad
1363 1748 1455 1768 mores
1470 1740 1655 1768 instituendos
1666 1761 1674 1774 ,
1691 1745 1718 1768 et
1735 1749 1818 1769 sacra

1021 1786 1110 1820 elogia
1126 1785 1315 1821 patefacienda
1334 1791 1537 1821 opportunum.
1559 1791 1585 1815 et
1606 1787 1714 1814 obviam
1733 1788 1816 1823 cupi-

1022 1832 1100 1860 ditati
1131 1833 1310 1868 irrepsisset,
1346 1833 1515 1861 adnotabant
1542 1834 1570 1861 in
1597 1834 1725 1865 schedis.
1755 1838 1816 1862 tum

1021 1878 1132 1906 demum
1159 1878 1269 1906 fortuna
1289 1880 1380 1906 ablata
1402 1879 1494 1907 studia
1515 1887 1576 1908 sese
1599 1881 1816 1908 exercitantium

1023 1928 1218 1958 promoventes
1243 1924 1304 1952 aliis
1329 1933 1441 1960 quoque
1468 1926 1718 1954 communicabant.
1735 1926 1816 1959 Quod

1022 1968 1113 1996 Nilum
1140 1969 1240 1998 fecisse
1262 1978 1316 1998 non
1334 1973 1360 1998 in
1377 1971 1429 1998 hac
1445 1972 1562 2006 epistola
1579 1977 1686 2000 tantum
1699 1995 1706 2006 ,
1723 1974 1771 2001 sed
1788 1974 1817 2001 in

1023 2015 1086 2043 aliis
1117 2016 1283 2050 permultis,
1312 2024 1374 2052 quae
1404 2018 1609 2045 curiosioribus
1641 2019 1816 2051 constabant,

1022 2062 1174 2090 verisimile
1188 2067 1241 2090 est.
1263 2062 1299 2090 Ut
1319 2071 1385 2091 vero
1406 2064 1517 2092 modum
1544 2065 1654 2098 discas,
1673 2070 1700 2093 et
1724 2067 1817 2101 possis

1022 2108 1158 2136 imitando
1187 2109 1342 2136 consectari
1370 2114 1432 2144 post
1460 2110 1560 2138 lectam
1586 2111 1640 2138 Nili
1669 2113 1816 2147 epistolam

1022 2154 1124 2182 habeto
1151 2154 1200 2183 tibi
1223 2154 1316 2183 Basilii
1345 2156 1436 2191 ipsius
1453 2157 1556 2187 verba,
1580 2162 1607 2185 et
1627 2166 1689 2185 cum
1709 2159 1817 2189 Nilanis

1022 2207 1151 2235 compara
1172 2209 1179 2227 :
1199 2201 1307 2237 ’Δγαπᾷ
1324 2202 1339 2228 ὁ
1354 2202 1420 2234 Θεὸς
1436 2202 1622 2239 ἐλεημοσύνην
1647 2205 1694 2231 καὶ
1711 2206 1815 2241 κρίσιν,

1021 2245 1104 2272 οἱονεὶ
1130 2246 1268 2282 πάρεδρον
1296 2247 1385 2283 ἑαυτῷ
1411 2248 1460 2282 τὴν
1489 2249 1674 2286 ἐλεημοσύνην
1699 2253 1818 2287 ποιησά-

1024 2299 1121 2326 μενος,
1135 2292 1183 2319 xui
1199 2292 1399 2328 προδληθείσαν
1413 2294 1452 2330 τῷ
1468 2294 1601 2331 βασιλικῷ
1622 2297 1672 2331 τῆς
1694 2299 1816 2332 κρίσεως

1023 2337 1130 2373 θρόνῳ,
1155 2337 1227 2373 οὕτῳ
1249 2339 1369 2374 παράγει
1392 2340 1432 2371 είς
1457 2340 1548 2376 κρίσιν
1575 2341 1700 2369 ἕκαστον.
1722 2353 1732 2368 ι
1753 2344 1817 2371 Ἐὰν

1022 2383 1138 2418 ἀνομίας
1156 2384 1368 2420 παρατηρήσῃς,
1390 2384 1488 2421 Κύριε,
1506 2386 1604 2422 Κύριε,
1627 2388 1670 2419 τίς
1693 2388 1817 2426 ὑποστή-

1024 2437 1119 2463 σεται;
1133 2439 1142 2455 ι
1165 2429 1235 2456 Οὔτε
1250 2431 1267 2465 ὴ
1283 2430 1454 2465 ἐλεημοσύνη
1473 2431 1595 2467 ἄκριτος,
1612 2432 1674 2460 οὔτε
1690 2434 1707 2469 ὴ
1724 2435 1817 2470 κρίσις

1023 2475 1193 2511 ἁνελεήμων.
1211 2476 1268 2512 Πρὸ
1281 2476 1332 2512 τῆς
1347 2477 1465 2512 κρίσεως
1477 2475 1524 2505 οὖν
1547 2479 1649 2515 ἀγαπᾷ
1662 2480 1816 2516 ἐλεημοσύ-

1023 2531 1084 2558 νην,
1113 2523 1161 2550 nat
1187 2523 1258 2558 μετὰ
1279 2524 1328 2560 τὴν
1344 2525 1532 2561 ἐλεημοσύνην
1557 2526 1668 2562 ἔρχεται
1694 2528 1742 2554 ἐπὶ
1765 2529 1817 2565 τὴν

1024 2568 1126 2604 κρίσιν.
1147 2568 1242 2595 Ταῦτα
1269 2568 1298 2595 δὲ
1327 2570 1453 2606 ἀλλήλοις
1480 2571 1678 2606 συνέζευκται,
1703 2575 1718 2600 ὀ
1741 2574 1817 2608 ἔλεος

1024 2613 1094 2649 μετὰ
1116 2613 1166 2648 τῆς
1181 2614 1299 2649 κρίσεως
1311 2624 1318 2631 ·
1342 2615 1386 2643 ἴνα.
1406 2617 1475 2652 μήτε
1489 2616 1503 2643 ὁ
1523 2617 1596 2649 ἔλεος
1615 2618 1695 2653 μόνος
1719 2621 1818 2654 χαυνό-

1022 2668 1093 2696 τητα
1117 2660 1277 2696 ἐμποιήσῃ,
1310 2662 1381 2697 μήτε
1412 2663 1480 2698 μόνη
1506 2664 1632 2700 ἠκρίσις
1657 2665 1817 2700 ἀπόγνωσιν

1031 2705 1225 2741 ἐνεργάσηται.
1244 2706 1374 2734 Βούλεταί
1389 2716 1419 2734 σε
1433 2708 1543 2744 ἐλεῆσαι
1553 2731 1560 2743 ,
1581 2711 1628 2737 καὶ
1645 2710 1700 2738 τῶν
1716 2712 1816 2740 ἑαυτοῦ

1030 2751 1182 2786 οἰκτιρμῶν
1206 2752 1368 2787 μεταδοῦναι
1390 2754 1404 2780 ὁ
1419 2756 1516 2790 κριτής
1528 2765 1535 2771 ·
1558 2756 1616 2783 ἀλλ’
1634 2758 1683 2783 ἐὰν
1702 2758 1772 2795 εὕρῃ
1787 2768 1818 2786 σε

1027 2797 1096 2833 μετὰ
1109 2797 1159 2833 τὴν
1173 2798 1312 2834 ἁμαρτίαν
1323 2801 1462 2833 ταπεινὸν,
1475 2805 1717 2839 συντετριμμένον,
1729 2806 1818 2834 πολλὰ

1025 2844 1251 2880 μετακλαύσαντα
1272 2846 1318 2874 ἐπὶ
1340 2849 1396 2880 τοῖς
1419 2850 1548 2885 πονηροῖς
1563 2850 1663 2886 ἔργοις,
1685 2851 1719 2879 τὰ
1738 2853 1817 2887 γενό-
