3822 6216
227 287 298 351 ιο
1108 284 1109 287 ¹
1426 294 1736 354 ΝΟΤΙΤΙΑ.
1778 293 1795 349 I

1924 294 1964 354 5.
2006 296 2273 355 NILUM.
3028 320 3035 327 °
3420 302 3493 363 50

227 417 367 469 μενα
384 403 590 472 κρυεςρῆ,
612 405 1054 473 ἀνεπαισχυντως
1070 402 1133 471 δη
1142 406 1527 471 insitionum,
1546 404 1814 475 δεηθέντα

227 492 474 557 ἀδελφῶν
505 496 813 562 συγκαμεῖν
846 511 927 546 σοι
970 494 1105 564 πρὸς
1154 493 1254 563 τὴν
1291 494 1460 557 ἴασιν,
1495 496 1616 549 ὅλον
1650 497 1818 548 ἐλεει-

227 584 315 635 νόν
355 602 413 636 σε
463 587 769 656 γενόμενον
810 586 904 639 ὲάν
946 586 1062 657 ἴδῃ,
1092 585 1323 653 ἄφθονόν
1354 603 1434 638 σοι
1471 586 1570 657 τὴν
1613 583 1817 641 ἑαυτοῦ

228 676 605 745 ἐλεημοσύνην
658 679 997 748 ὲπιχορηγεῖ.
1051 678 1175 731 Ἐὰν
1228 677 1285 731 δὲ
1330 678 1554 748 καρδίαν
1602 680 1823 749 dp.qu

232 768 443 838 νόήτον,
477 770 741 840 φρόνημα
779 771 1147 841 ὑπερήφανον,
1180 771 1439 823 ἀπιστίαν
1476 770 1571 823 τοῦ
1613 770 1810 834 αἰῶνος

232 858 323 909 τοῦ
359 860 661 927 μέλλοντος
686 904 701 925 ,
730 861 963 929 ἀφοὸίαν
1008 861 1108 931 τῆς
1156 862 1392 932 κρίσεως
1416 900 1432 925 ,
1464 862 1587 915 τότε
1617 863 1811 934 ἀγαπᾷ

230 948 316 997 ἐπὶ
350 947 437 998 σοὶ
486 948 590 1017 τὴν
636 949 839 1018 κρίσιν.
885 948 974 1010 Ὠς
1018 950 1127 1020 γὰρ
1181 950 1364 1020 ἰατρὸς
1413 949 1656 1020 ἐμμελὴς
1713 950 1811 1004 καὶ

233 1037 644 1107 φιλάνθρωπος,
675 1041 1090 1110 καταντλήμασι
1119 1041 1384 1111 πρότερον
1408 1042 1505 1095 καὶ
1530 1042 1805 1112 περιπλά-

228 1140 431 1192 σμασιν
480 1126 711 1189 ἁπαλοῖς
757 1131 1010 1198 πειρᾶται
1058 1130 1408 1183 καταστεῖλαι
1452 1130 1515 1184 τὸ
1561 1133 1795 1202 οῖδημα·

226 1216 364 1266 ἐπὰν
400 1216 460 1268 δὲ
511 1218 594 1288 ἴδῃ
642 1220 938 1281 ἀνενδότως
991 1221 1085 1274 καὶ
1118 1220 1367 1290 σκληρῶς
1410 1223 1809 1277 ἀντιτυποῦντα

225 1307 313 1359 τὺν
335 1308 530 1376 ὄγκον,
564 1310 723 1380 ῥίψας
742 1311 835 1364 τὸν
857 1311 1024 1376 ἔλεον,
1048 1312 1143 1364 καὶ⁵
1162 1313 1259 1381 τὴν
1286 1313 1535 1384 μαλακὴν
1560 1315 1807 1385 ἀγωγὴν,

226 1399 472 1466 αἱρεῖται
525 1399 711 1452 λοιπὸν
762 1400 865 1471 τὴν
911 1399 1006 1453 τοῦ
1058 1400 1278 1470 σιδήρου
1328 1402 1545 1472 χρῆσιν.
1592 1403 1809 1475 Ἀγαπᾷ

224 1482 319 1540 οὖν
359 1488 741 1560 ἐλεημοσύνην
787 1492 882 1545 ἐπὶ
911 1492 1017 1544 τῶν
1062 1492 1488 1562 μετανοούντων,
1524 1496 1715 1567 ἀγαπᾷ
1748 1496 1805 1549 δὲ

233 1580 329 1632 καὶ
365 1582 553 1651 κρίσιν
589 1584 682 1635 ἐπὶ
726 1584 839 1635 τῶν
875 1583 1188 1639 ἁνενδότων.
1223 1584 1477 1637 Τοιοῦτόν
1524 1604 1580 1664 τι
1632 1589 1729 1641 καὶ
1773 1591 1801 1642 ὁ

236 1670 475 1734 Ἡσαΐας
524 1672 675 1740 λὲγει
704 1673 783 1744 τῷ
812 1673 969 1743 Θεῷ,
1019 1676 1101 1727 ὅτι
1134 1694 1152 1724 α
1201 1674 1266 1727 ’Π
1308 1676 1649 1748 ἐλεημοσύνη
1707 1696 1802 1733 σου

227 1764 306 1824 είς
336 1764 605 1832 σταθμόν.
649 1785 668 1817 ι
704 1767 813 1819 Καὶ
853 1766 961 1834 γὰρ
992 1768 1241 1831 κάκεῖνος
1272 1768 1373 1839 τὴν
1404 1769 1539 1837 μετά
1567 1770 1802 1840 κρίσεως

229 1855 614 1926 ἐλεημοσύνην
673 1858 1004 1928 παρίστησι,
1053 1859 1224 1928 ζυγῷ,
1259 1862 1354 1915 καὶ
1391 1862 1613 1933 ἀριθμῷ
1640 1902 1655 1924 ,
1706 1866 1803 1916 καὶ

235 1944 465 2015 σταθμῷ
512 1947 655 1999 κατὰ
700 1949 799 2017 τὴν
850 1949 1081 2001 ἑκάστου
1136 1951 1291 2016 ἀξίαν
1324 1953 1799 2025 ἀντιμετροῦντος.

230 2034 346 2088 Hoc
419 2038 590 2090 etiam
643 2039 1042 2107 antiquissimis
1097 2044 1510 2112 scriptoribus,
1572 2054 1626 2099 et
1677 2055 1805 2100 ante

228 2123 515 2179 Christo."
570 2130 719 2184 natis
752 2132 805 2184 in
853 2146 1004 2185 more
1033 2132 1205 2190 fuisse
1244 2118 1481 2205 positum
1509 2176 1524 2198 ,
1582 2153 1645 2191 ex
1681 2136 1804 2191 Cle-

229 2226 414 2270 nnente
444 2220 843 2286 Alexandrino,
872 2232 927 2278 et
961 2226 1088 2281 aliis
1129 2228 1267 2282 satis
1303 2228 1424 2283 fuse
1471 2230 1701 2297 probavi
1747 2231 1801 2285 in

228 2316 471 2363 tractatu
510 2327 632 2365 meo
662 2312 737 2366 De
775 2317 1167 2372 conscribendis
1201 2321 1464 2389 epistolis.
1497 2319 1679 2387 Quare
1714 2322 1805 2379 hic

226 2405 384 2469 plura
422 2403 612 2457 dicere
646 2407 993 2474 supersedeo.

295 2490 557 2558 Ejusdem
585 2502 810 2547 exstant
848 2498 1197 2563 expositiones
1227 2516 1283 2552 in
1313 2498 1598 2557 Canticum
1627 2506 1801 2558 canti-

222 2597 427 2643 corum,
467 2598 576 2636 una
624 2600 746 2637 cum
782 2584 1021 2656 Nysseni
1073 2587 1341 2659 Gregorii,
1394 2591 1614 2648 Maximi
1650 2612 1800 2650 com-

222 2674 557 2740 mentariis,
607 2666 941 2734 carminibus
1012 2681 1252 2748 politicis
1306 2681 1587 2741 Michaelis
1634 2685 1798 2742 Pselli

223 2759 413 2816 Graece
462 2771 519 2817 et
549 2763 741 2820 Latine
780 2768 970 2821 eodem
1015 2767 1153 2823 Zino
1198 2770 1515 2841 interprete,
1565 2782 1715 2831 tomo
1754 2777 1798 2831 II

228 2851 481 2905 Actnarii
525 2853 875 2912 Bibliotheca:
912 2857 1167 2914 Veterum
1206 2860 1427 2915 Patrum
1471 2863 1798 2921 Graeco-La—

222 2940 361 3001 tini,
402 2957 554 2998 anno
586 2943 725 2998 1624
782 2962 797 2997 :
847 2957 902 3002 et
952 2956 1089 3004 tom.
1135 2948 1252 3004 XIII
1302 2951 1635 3011 Morellianae
1682 2958 1799 3013 edi-

220 3034 408 3086 tionis.

291 3121 348 3175 In
398 3122 747 3178 bibliothecas
799 3123 1184 3183 Scoriacensis
1243 3128 1465 3195 Indice,
1523 3149 1691 3205 opera
1741 3148 1796 3194 et

222 3212 410 3267 studio
452 3214 749 3269 Alexandri
781 3215 1031 3271 Baruarii
1064 3218 1213 3275 facto
1263 3232 1446 3278 exstat
1500 3225 1703 3282 Catena
1736 3232 1793 3284 in

220 3303 449 3358 Cantica
489 3307 843 3373 canticorum,
875 3318 924 3361 et
963 3310 1017 3362 in
1053 3326 1170 3364 eam
1202 3312 1585 3372 Enarrationes
1620 3319 1791 3375 Tlteo-

221 3394 391 3448 doreti
437 3399 759 3463 praesertim,
800 3397 1044 3466 Cregorii
1084 3400 1323 3470 Nisseni,
1370 3406 1507 3474 Nili,
1554 3410 1790 3479 Eusebii,

220 3484 479 3551 Maximi,
521 3498 568 3541 et
605 3487 770 3542 Pselli
802 3491 1035 3545 versibus
1068 3494 1319 3561 politicis,
1350 3497 1615 3558 Labbaaus
1646 3504 1792 3572 177;

221 3574 390 3639 IJcm,
430 3593 554 3646 pag.
583 3580 708 3634 274.

291 3667 676 3725 Enarrationes
702 3674 754 3726 in
773 3674 997 3730 Cantica
1026 3682 1351 3736 canticorum
1376 3684 1494 3739 Nili
1527 3686 1579 3740 in
1604 3689 1794 3745 biblio-

223 3758 382 3811 theca
417 3759 610 3829 Regia,
642 3758 765 3817 cod.
798 3766 925 3820 278.
962 3768 1108 3823 Idem
1149 3788 1273 3843 pag.
1308 3775 1412 3830 506
1447 3794 1463 3830 :
1494 3777 1612 3833 Nili
1668 3799 1791 3837 non-

226 3850 373 3903 nulla
421 3855 678 3920 opuscula
705 3858 1048 3913 Enchiridion
1092 3860 1454 3921 Christianum
1481 3887 1601 3924 cum
1628 3873 1793 3928 inter-

224 3946 515 4008 pretatione
546 3948 600 4000 in
631 3948 822 4004 codice
852 3948 1025 4019 Regio,
1050 3953 1215 4009 22I8.

293 4032 473 4095 Josias
510 4035 777 4094 Simlerus
817 4041 870 4095 in
906 4042 1156 4112 Epitome
1195 4047 1535 4107 Gesneriana
1598 4058 1792 4112 scribit

224 4120 402 4178 Nilum
473 4130 795 4198 episcopum
850 4130 1523 4209 Constantinopolitanum
1584 4145 1788 4205 librum

226 4219 518 4287 scripsisse
580 4221 847 4277 Adversus
900 4216 1100 4280 ercw
1162 4235 1557 4298 superstitionis
1619 4251 1790 4296 secta-

226 4318 377 4363 ιον-εδ.

289 4398 669 4473 Notanturque
721 4405 850 4459 alibi
897 4406 1183 4467 Sententiw
1231 4411 1465 4470 Morales
1513 4435 1577 4473 ea:
1609 4421 1791 4479 ϐιοτεεο

223 4491 274 4543 in
297 4490 557 4547 Latinum
588 4512 752 4550 uersa
784 4513 817 4562 a
854 4497 1124 4555 Bilibaldo
1165 4502 1544 4573 Pircheimero,
1584 4513 1790 4583 Argen-

224 4582 368 4646 tinaz,
403 4584 566 4638 1416.

288 4672 353 4725 Et
385 4675 608 4731 tandem
642 4677 930 4745 Labbazus,
959 4678 1083 4752 pag.
1120 4684 1244 4748 382,
1286 4688 1376 4742 ubi
1411 4690 1523 4759 agit
1552 4695 1618 4748 de
1660 4699 1790 4750 scri-

218 4762 325 4829 ptis
367 4761 581 4819 Nicolai
613 4766 915 4836 Cabasilar,
950 4772 1057 4825 Nili
1092 4790 1159 4829 ex
1210 4778 1469 4845 prmfecto
1526 4784 1789 4840 Constan-

221 4850 589 4920 tinopolitano
651 4862 924 4915 monacho
983 4862 1331 4920 Enchiridion
1386 4874 1783 4939 pmnitentiale.

220 4941 413 5012 Incipit
467 4962 483 4998 :
547 4947 608 5000 Ὀ
673 4950 939 5015 ἑκουσίως
996 4957 1264 5024 φονεύσας
1317 4960 1428 5030 ἔχει
1488 4966 1782 5039 ἐπιτίμιον.

218 5034 430 5089 Desinit
463 5055 476 5089 :
518 5039 916 5109 Περιπίπτουσι
944 5046 1408 5120 πλημμελήματα.
1437 5034 1786 5131 Horologium

219 5130 596 5181 monasticum.
626 5132 820 5202 Incipit
848 5154 861 5189 ;
904 5136 1074 5190 Ἐπὰν
1101 5141 1350 5205 παιδείας
1377 5146 1426 5196 οἱ
1464 5148 1608 5216 ἅγιοι
1637 5130 1788 5222 γεγό-

216 5238 359 5273 νασι.
402 5220 619 5275 Desinit
650 5240 665 5274 :
710 5225 870 5279 Ἀλλὰ
910 5230 1003 5282 καὶ
1032 5230 1151 5285 λίαν
1190 5234 1546 5303 ἐνοχλεῖσθαι.
1583 5220 1785 5298 Instru-

218 5311 319 5363 ctio
355 5314 663 5366 monastica
689 5314 792 5370 hoc
830 5319 1101 5390 principio
1128 5334 1319 5378 exorta
1356 5343 1370 5380 :
1407 5329 1518 5382 Ποῦ
1549 5336 1676 5398 τοὺς
1707 5340 1782 5409 μή

220 5402 447 5466 εἰδότας.
485 5404 739 5459 Desinit:
773 5408 891 5462 Κᾶν
930 5409 1121 5478 ὕμνοις
1159 5415 1252 5467 καὶ
1289 5418 1473 5483 αὐτοῖς
1498 5402 1784 5493 ἀναγκαῖοί

222 5500 339 5588 εἱσι.
373 5499 437 5551 Et
470 5515 593 5569 pag.
635 5501 758 5563 IOl.
792 5519 913 5567 cap.
953 5508 1022 5561 53
1047 5548 1063 5576 ,
1125 5511 1181 5564 in
1229 5513 1350 5567 cod.
1402 5513 1573 5588 Regio
1623 5521 1781 5581 1788.

225 5586 312 5643 Est
343 5590 490 5644 edita
532 5594 678 5645 inter
704 5592 1015 5664 Epistolas.'

288 5680 393 5737 Sed
431 5682 593 5747 longe
636 5684 906 5753 longeque
946 5691 1202 5760 plurima,
1234 5703 1286 5752 et
1315 5702 1585 5758 permulto
1616 5704 1778 5765 etiam

1924 403 2159 458 clariora
2197 413 2496 476 supersunt
2530 404 2736 460 edenda
2790 406 2954 477 hujus
3004 409 3346 465 sanctissimi
3385 413 3486 463 viri

1921 498 2229 564 apuscula,
2286 513 2408 565 qua:
2461 496 2593 549 faxit
2661 496 2843 561 Deus,
2897 508 2956 553 ut
3008 499 3226 555 tandem
3283 501 3487 572 aliquo-

1922 599 2042 638 rum
2076 586 2261 640 studio
2302 594 2360 641 et
2405 586 2687 656 diligentia
2735 587 2790 641 in
2840 586 3014 642 lucem
3071 588 3321 655 veniant,
3366 606 3488 659 qua:

1920 674 2025 729 hac
2087 674 2338 745 subjecta
2399 678 2626 731 notione
2680 684 2878 732 testata
2941 678 2997 731 in
3061 693 3226 734 omne
3272 688 3487 750 tempus

1921 768 2163 821 venient.

1994 856 2178 925 Duas,
2232 875 2370 931 quas
2433 871 2744 931 postremas
2812 863 3050 919 vidimus
3098 864 3361 935 epistolas
3416 867 3486 922 ad

1920 949 2300 1016 Heliodorum,
2334 961 2389 1008 et
2413 952 2889 1025 Olympiodorum,
2921 956 2975 1009 in
3010 957 3237 1025 septima
3273 958 3491 1028 synodo

1912 1042 2179 1113 generali,
2228 1050 2334 1097 act.
2367 1044 2421 1109 4,
2454 1047 2530 1099 uti
2560 1044 2668 1098 Nili
2696 1060 2992 1114 germanus
3040 1054 3230 1115 partus
3272 1049 3482 1117 scripto

1910 1133 2141 1190 redditas
2172 1143 2340 1201 sunt,
2396 1136 2463 1189 ad
2507 1152 2698 1190 eorum
2747 1152 2990 1190 errorem
3045 1138 3481 1207 reprimendum,

1909 1226 2010 1296 qui
2053 1227 2374 1281 asserebant
2402 1226 2584 1281 Nilum
2615 1236 2810 1283 contra
2859 1228 3123 1299 imagines
3168 1230 3477 1299 scripsisse.

1908 1318 1981 1372 Et
2012 1327 2338 1385 postremam
2380 1319 2446 1373 ad
2493 1318 2946 1389 Olympiodorum
2972 1361 2988 1382 ,
3025 1321 3093 1375 ab
3141 1316 3348 1377 eisdem
3388 1324 3480 1378 de-

1908 1414 2200 1477 pravatum
2258 1408 2431 1465 fuisse
2479 1411 2896 1464 corroboratur.
2944 1410 3053 1481 Ipsi
3101 1413 3246 1466 enim
3284 1420 3381 1482 pro
3412 1429 3487 1467 eo

1906 1499 2057 1570 quod
2097 1499 2235 1553 dixit
2260 1500 2417 1556 Nilus
2448 1518 2461 1553 :
2495 1500 2642 1556 Hinc
2689 1512 2739 1556 et
2789 1502 2912 1556 inde
2943 1506 3117 1572 pinge,
3160 1504 3360 1558 Dealba
3390 1520 3480 1573 po-

1906 1598 2161 1645 suerunt.
2195 1589 2261 1644 Et
2285 1608 2352 1647 ex
2382 1591 2598 1648 duabus
2620 1594 2991 1647 convincitur.
3027 1593 3165 1648 Ecce
3194 1605 3477 1649 ostensum

1906 1690 1991 1736 est
2046 1681 2294 1751 liquido,
2334 1685 2462 1753 quia
2494 1684 2613 1755 ipse
2652 1695 2880 1740 sanctus
2906 1724 2920 1747 .
2955 1695 3011 1740 et
3044 1686 3296 1755 egregius
3323 1695 3478 1756 pater

1905 1776 2069 1831 Nilus
2120 1785 2345 1831 sanctas
2402 1778 2593 1833 icones
2650 1778 2986 1848 suscipiebat
3019 1795 3038 1832 :
3067 1786 3359 1833 accusatus
3390 1787 3475 1832 est

1907 1876 2093 1921 autem
2137 1882 2166 1919 a
2196 1868 2623 1939 pseudosyllogo
2671 1869 2762 1923 illo
2788 1908 2803 1933 ,
2860 1869 3005 1939 quod
3059 1878 3249 1925 contra
3286 1868 3474 1924 icones

1906 1956 2127 2012 locutus
2158 1954 2343 2027 fuerit.

1975 2046 2165 2101 Tract.
2209 2048 2333 2100 ’Ότι
2376 2047 2692 2119 διαφέρουσι
2748 2049 2857 2103 τῶν
2908 2050 2969 2103 ὲν
3014 2050 3236 2104 πόλεσιν
3268 2051 3471 2118 ,ἀσκουο

1908 2137 2081 2207 μένων
2119 2138 2172 2191 οἱ
2210 2138 2269 2190 ἐν
2300 2137 2491 2208 ἐρήμῳ
2520 2141 2887 2209 ἡσυχάζοντες
2912 2181 2927 2205 ,
2977 2140 3081 2195 κᾶν
3112 2140 3327 2203 πολλοῖς
3355 2141 3466 2194 τῶν

1904 2229 2148 2299 ἀπείρων
2194 2228 2253 2281 τὸ
2294 2230 2536 2282 ἐναντίον
2576 2230 2705 2300 δοκῇ
2738 2246 2753 2261 ⁸
2795 2231 2899 2296 Qui
2934 2231 2988 2285 in
3036 2232 3223 2286 eremis
3257 2233 3468 2302 acquie-

1904 2330 2093 2387 scunt,
2136 2321 2301 2375 multo
2343 2322 2458 2377 illis
2508 2338 2620 2376 esse
2658 2326 3056 2387 prmstantiores
3080 2364 3096 2389 ,
3138 2326 3226 2394 qui
3258 2325 3313 2378 in
3343 2325 3469 2377 ciri-

1905 2413 2101 2467 tatibus
2134 2414 2455 2478 recoluntur,
2492 2416 2612 2469 licet
2644 2416 2802 2471 multi
2845 2417 3114 2487 inexperti
3141 2417 3469 2470 contrarium

1905 2514 2151 2569 teneant,
2184 2505 2246 2559 P.
2283 2506 2490 2577 Τέχνης
2526 2508 2626 2577 μὲν
2673 2509 2892 2581 ἀπάσης
2942 2510 3011 2563 τὰ
3061 2511 3297 2580 τεχνητὰ
3348 2506 3470 2582 κρί-

1901 2614 2103 2661 νοντες,
2135 2597 2371 2668 ἄπειροι.

1972 2689 2109 2759 Περὶ
2161 2688 2546 2759 ἀκτημοσύνης
2596 2690 2741 2762 πρὸς
2777 2692 2999 2760 Μάγνον
3048 2693 3293 2746 διάκονον
3340 2695 3466 2761 Ἀγ-

1901 2779 2096 2851 κύρας.
2159 2779 2239 2833 lta
2300 2781 2488 2850 legunt
2541 2784 2790 2836 nonnulli
2827 2783 3062 2837 codices.
3121 2784 3230 2838 Alii
3282 2785 3468 2855 legunt

1899 2871 2042 2940 Πρὸς
2072 2871 2300 2939 Μάγναν
2325 2887 2340 2900 ⁶
2378 2872 2470 2925 alii
2503 2874 2640 2943 πρὸς
2686 2875 3041 2942 Μαγνησίλαν
3078 2875 3170 2929 τὸν
3214 2876 3454 2929 διάκονον

1912 2960 2209 3034 ’Δγκύρας.
2240 2962 2386 3027 Alii,
2420 2962 2618 3033 Πρώην
2651 2964 2750 3033 μὲν
2779 2966 2913 3035 πρὸς
2955 2966 3078 3029 τοὺς
3108 2966 3467 3037 ἀμελέστερον

1904 3052 2187 3122 μετιόντας
2237 3051 2329 3104 τὸν
2371 3052 2656 3120 μοναδικὸν
2711 3054 2846 3122 βίον.
2880 3054 2956 3110 De
2991 3056 3093 3110 hac
3121 3056 3313 3127 Magna
3359 3059 3469 3112 dia-

1898 3159 2039 3196 cono
2072 3141 2195 3197 vide
2233 3142 2534 3197 I’alladium
2570 3144 2624 3199 in
2658 3144 2943 3203 Lausiacis
2975 3165 2988 3202 ε
3024 3147 3290 3217 Ἀσκητοῦ
3324 3167 3465 3219 παρ-

1898 3233 2124 3297 αίνεσις.
2165 3231 2229 3290 Ρ.
2260 3234 2415 3288 Malis
2441 3252 2505 3288 συ
2534 3236 2563 3288 ὁ
2597 3235 2844 3306 μονάζων
2891 3238 2987 3291 καὶ
3029 3238 3221 3304 πιστὸς
3251 3240 3464 3312 ἀνθρω-

1895 3342 2015 3388 πος.

1966 3415 2142 3484 Λόγος
2209 3417 2509 3488 ἀσκητικὺς
2552 3418 2682 3488 περὶ
2724 3418 2824 3487 τῆς
2876 3420 2935 3472 ὲν
2983 3422 3203 3494 Χριστῷ
3252 3422 3468 3491 φιλοσο-

1895 3506 2044 3572 φίας.
2075 3504 2137 3558 Ρ.
2176 3506 2489 3575 Φιλοσοφεῖν
2520 3507 2890 3578 ἐπετήδευσαν
2935 3508 3032 3579 μὲν
3062 3510 3156 3563 καὶ
3197 3510 3466 3581 Ἐλλήνων

1893 3596 2101 3651 πολλοί.

1966 3690 2107 3760 Πρὸς
2144 3690 2440 3759 νεωτέρους
2488 3690 2753 3760 μοναχοὺς
2783 3690 3118 3747 διδασκαλία.
3158 3691 3217 3746 Ρ.
3249 3694 3339 3744 Δεῖ
3374 3692 3463 3746 τὸν

1894 3780 2015 3833 νέον
2042 3782 2230 3853 ἀσκεῖν
2265 3779 2515 3850 σώματος
2543 3785 2792 3853 ἡσυχίαν.

1966 3841 2253 3942 Κεφάλαλια
2287 3841 2835 3943 διάφορα.Ῥ,η’Δλλ’
2879 3877 3055 3947 ὑμᾶς,
3092 3870 3137 3930 ὦ
3182 3878 3465 3950 μακαριώ-

1893 3982 2066 4027 τατοι,
2106 3955 2243 4034 μετᾶ
2280 3965 2391 4018 τῶν
2422 3966 2620 4020 ἄλλων.

1965 4056 2112 4129 Πρὸς
2160 4057 2444 4127 Εὺλόγιον.
2495 4059 2551 4112 Ρ.
2605 4061 2666 4113 Ol
2711 4061 2801 4113 τὸν
2850 4062 3098 4132 οὐράνιον
3131 4063 3305 4137 χῶρον
3352 4068 3463 4130 τοῖς

1893 4149 2076 4211 πόνοις
2108 4150 2418 4221 νεμόμενοι.

1938 4240 2110 4312 *Πρὸς
2153 4244 2406 4310 Ἀγάθιον
2460 4244 2783 4314 μονάζοντα.
2824 4244 2887 4303 Ρ.
2924 4248 3089 4312 Ἐθος
3140 4249 3316 4320 ἔχοντί
3366 4270 3457 4321 μοι

1891 4334 1962 4386 τά
1998 4334 2170 4387 πολλά
2200 4335 2299 4398 τὰς
2332 4336 2593 4406 ἀκαίρους
2619 4338 2726 4391 τῶν
2768 4339 3054 4410 Ἑλλήνων.

1976 4430 2265 4498 Ἐπιστολὴ
2295 4430 2493 4500 ἔχουσα
2525 4432 2817 4500 κεφάλαια.
2844 4431 2905 4488 Ρ.
2952 4434 3079 4487 Ἐὰν
3116 4438 3303 4507 μηδεὶς
3336 4439 3460 4493 διώ-

1893 4536 1979 4575 κει
2020 4540 2080 4574 σε
2105 4522 2366 4593 τύραννος
2399 4524 2619 4592 Ἕλλην.
2661 4526 2801 4580 Sunt
2829 4535 3046 4581 attextae
3082 4530 3147 4583 ad
3185 4530 3322 4585 alias
3345 4536 3459 4602 epi-

1893 4612 2085 4675 stolas,
2117 4629 2254 4682 quas
2282 4615 2393 4681 jam
2424 4614 2589 4668 edidi.

1967 4704 2102 4773 Περὶ
2134 4705 2464 4775 προσευχῆς.
2505 4704 2567 4758 Ρ.
2602 4706 2765 4770 Τέλος
2801 4707 2991 4759 πασῶν
3031 4708 3259 4762 ἐντολῶν
3302 4729 3461 4781 προσφ

1891 4798 2047 4867 ευχή.

1962 4887 2185 4957 Γνῶμαι
2233 4887 2543 4954 ἀπάγουσαι
2580 4887 2688 4939 τῶν
2740 4888 2997 4960 φθαρτῶν
3048 4892 3142 4943 καὶ
3192 4894 3459 4960 προσκολ-

1890 4977 2064 5031 λῶσαι
2097 4980 2210 5039 τοῖς
2239 4977 2539 5048 ἀφθάρτοις
2572 4980 2662 5031 τὸν
2689 4980 2992 5051 ἄνθρωπον.
3026 4982 3311 5051 Κεφάλαια
3339 4993 3453 5041 ate“.

1887 5068 1951 5123 P.
2003 5068 2155 5132 Ὀδὸς
2185 5070 2264 5131 είς
2296 5070 2500 5141 ἀρετὴν
2531 5070 2563 5140 ή
2595 5069 2689 5122 τοῧ
2721 5071 2837 5139 βίου
2866 5075 3035 5144 φυγὴ·

1963 5161 2176 5215 Ἀλλαι.
2208 5159 2269 5215 Ρ.
2299 5161 2467 5214 Φόϐον
2493 5161 2585 5230 ἔχε
2622 5162 2757 5214 Θεοῦ
2798 5164 2892 5215 καὶ
2922 5164 3103 5219 πόθον.

1956 5252 2267 5320 Κεφάλαια.
2301 5252 2359 5306 Ρ.
2414 5252 2538 5305 Ἐὰν
2576 5253 2866 5326 ᾠφελήσῃς
2894 5257 3034 5311 τινά.

1969 5343 2294 5416 ’Δσμητικόμ
2326 5344 2385 5397 Ρ.
2415 5346 2477 5397 Οἱ
2506 5344 2615 5415 γὰρ
2650 5345 3017 5419 μετριώτερον
3046 5349 3138 5402 ἐπὶ
3170 5353 3289 5416 ταῖς
3318 5370 3454 5424 συμ-

1886 5439 2082 5507 φοραῖς
2110 5434 2452 5506 ἀτυχοῦντες.

1956 5528 2247 5596 Κεφάλαια
2273 5528 2527 5597 νηπτικά.
2560 5528 2619 5583 Ρ.
2656 5531 2837 5585 Πάντα
2871 5533 2970 5602 μὲν
2993 5535 3096 5606 ὁρᾷ
3122 5537 3150 5589 ὁ
3173 5537 3323 5600 Θεός.

1916 5644 1927 5650 -
1955 5617 2097 5688 Περὶ
2128 5617 2391 5687 ἐργασίας
2413 5618 2549 5681 νοός.
2578 5619 2636 5673 Ρ.
2672 5621 2781 5695 Τὴν
2816 5624 2987 5697 ἀρχὴν
3012 5627 3111 5698 τῆς
3140 5629 3280 5683 κατά
3320 5632 3477 5687 Θεὸνη

1889 5709 2155 5765 ὡφελείας
2188 5708 2452 5763 ποιεῖσθαι
2480 5710 2673 5768 ἕγοαεν
