3822 6216
389 307 457 374 51
1638 314 1943 375 ΝΟΤΙΤΙΑ
1980 315 1983 371 ξ

2093 315 2154 374 S.
2197 317 2472 381 NILUM.
3575 317 3641 380 52

464 428 528 480 Et
576 427 685 480 alia
734 428 1068 493 minutiura,
1128 430 1354 498 ῥήσεις,
1410 429 1503 481 καὶ
1549 430 1772 498 χρήσεις
1812 429 1954 496 apud

391 521 574 575 varios
630 527 925 584 auctores,
958 535 1096 587 quas
1128 521 1384 588 colligere
1445 521 1650 590 poteris
1699 535 1764 573 ea:
1809 521 1960 572 rebus

393 615 562 666 sacris
595 610 846 675 Leontii,
883 619 937 666 et
969 610 1200 666 Joannis
1237 613 1677 682 presbyterorum
1719 627 1785 664 ex
1812 611 1960 664 Ana-

393 704 564 758 stasio
593 700 821 763 Sinaita,
855 717 921 756 ex
954 702 1119 754 variis
1159 701 1575 770 quaestionibus,
1607 717 1673 754 ex
1722 699 1959 752 Melissa.

461 793 732 848 Locorum
757 810 928 862 sacrae
956 794 1256 862 Scriptura;
1282 793 1755 862 interpretationes
1783 791 1964 844 varias

392 901 456 941 ex
488 886 704 940 Catenis
741 886 793 938 in
840 883 1175 939 Exaetneron
1199 923 1213 946 ,
1257 884 1310 937 in
1345 882 1820 938 Denteronomium
1843 921 1858 944 ,
1909 881 1962 933 in

392 975 613 1042 Johulu,
650 977 703 1029 in
745 975 1014 1040 Psalmos,
1069 976 1120 1029 in
1155 975 1378 1030 Cantica
1429 976 1768 1030 canticorum
1820 975 1964 1044 apud

393 1067 747 1136 Procopium,
790 1069 842 1121 in
883 1067 1257 1136 Evangelium,
1299 1075 1353 1120 et
1390 1066 1616 1132 Lucam,
1658 1075 1712 1120 et
1741 1065 1965 1134 potissi-

395 1173 542 1210 mum
581 1158 633 1210 in
667 1173 728 1212 ea
755 1197 770 1221 ,
814 1173 934 1225 qua:
973 1165 1057 1211 est
1095 1165 1349 1210 contexta
1387 1173 1415 1208 a
1451 1154 1687 1209 Macario
1729 1156 1967 1225 Chryso-

396 1249 626 1318 cephalo
678 1249 936 1318 episcopo
973 1246 1382 1316 Philadelphia,
1413 1257 1468 1302 et
1506 1246 1694 1301 Niceta
1732 1247 1966 1301 diacono

395 1330 602 1410 Magum
633 1340 914 1395 Ecclesiae.

472 1430 742 1486 Praeterea
777 1432 932 1502 plura
958 1431 1200 1498 ejusdem
1231 1433 1380 1502 legas
1407 1431 1460 1486 in
1484 1430 1714 1486 Joannis
1739 1431 1967 1485 Climaci

400 1521 584 1586 Scala,
634 1522 686 1576 in
727 1523 927 1594 Ecloga
978 1522 1199 1578 Patrum
1241 1524 1371 1595 περὶ
1408 1523 1620 1595 νήψεως
1654 1523 1750 1577 καὶ
1798 1540 1967 1593 προσο

399 1613 530 1681 οχῆς
563 1612 706 1665 inter
741 1613 878 1667 alios
933 1622 1271 1668 menmratur
1315 1613 1477 1667 etiam
1524 1613 1678 1668 Nilus
1723 1629 1789 1666 ex
1838 1613 1969 1680 Epi-

400 1698 579 1764 stolis,
620 1698 673 1752 in
720 1699 902 1755 dubiis
931 1708 985 1754 et
1028 1701 1398 1756 solutionibus
1427 1703 1495 1755 de
1535 1703 1701 1756 variis
1733 1701 1968 1756 Theolo-

401 1787 538 1855 gicis
565 1787 960 1855 quaestionibus
993 1804 1059 1843 ex
1099 1791 1306 1844 sanctis
1341 1789 1618 1845 Patribus.
1657 1791 1714 1844 lu
1751 1790 1966 1861 Ecloqis

400 1880 678 1947 parallelis
701 1878 931 1935 Joannis
966 1879 1314 1943 Dainasceni,
1347 1880 1497 1935 addit
1543 1879 1812 1935 Labbaeus
1845 1897 1966 1950 pag.

401 1970 508 2023 285
530 1989 541 2022 :
566 1965 700 2024 Cum
727 1971 872 2023 dicta
900 1967 1127 2023 Patrum
1167 1970 1478 2033 laudantur,
1510 1973 1670 2024 etiam
1701 1971 1972 2023 sententia:

404 2059 526 2114 Nili
545 2078 700 2114 suum
723 2061 896 2116 locum
928 2061 1139 2115 habent.
1174 2061 1235 2115 Et
1268 2063 1649 2116 Bonaventura
1677 2061 1972 2116 Vulcanius

405 2152 474 2206 ad
512 2155 768 2207 lectorem
829 2154 885 2207 in
944 2152 1050 2208 Nili
1105 2153 1616 2210 Thessalonicensis
1679 2163 1972 2210 tractatum

405 2244 483 2298 De
512 2248 746 2313 primatu
793 2261 963 2314 papaz.
993 2276 1060 2286 -—
1097 2244 1164 2298 In
1197 2244 1454 2316 Catalogo
1509 2247 1831 2304 bibliotheca:
1869 2247 1977 2303 Pa—

410 2337 661 2391 triarchar
688 2335 1285 2407 Coustantinopolitani.
1317 2338 1554 2394 citantur
1586 2340 1706 2394 Nili
1733 2342 1976 2395 monac/ti

407 2428 677 2481 orationes
709 2427 884 2482 decem
912 2441 1101 2484 contra
1136 2431 1434 2485 Mahomed.

479 2519 539 2572 In
576 2517 811 2589 Philippi
841 2519 1082 2575 Solitarii
1119 2522 1337 2591 Dioptra
1385 2522 1676 2578 Latinitate
1719 2525 1919 2579 donata
1949 2543 1976 2577 a

407 2607 614 2665 Jacobo
636 2611 909 2676 Pontano,
933 2623 987 2666 et
1007 2612 1315 2685 lngolstadii
1346 2615 1632 2684 impressa,
1650 2632 1793 2669 anno
1817 2616 1975 2678 1604,

409 2701 554 2765 in-i,
581 2702 721 2756 inter
741 2703 880 2759 alios
902 2703 1092 2762 Patres
1116 2704 1381 2760 adductos
1403 2707 1580 2759 locum
1604 2723 1764 2761 suum
1791 2708 1978 2773 habet,

409 2802 466 2848 et
502 2791 677 2850 Nilus.

483 2884 726 2940 Tandem
754 2885 913 2942 Nilus
953 2889 1068 2956 ipse
1101 2886 1195 2942 lib.
1227 2904 1350 2952 xm,
1390 2889 1548 2954 epist.
1583 2891 1668 2954 M,
1699 2890 1780 2943 Ad
1812 2889 1979 2960 Poly-

410 2976 692 3031 chronium
717 2978 999 3032 diaconum
1045 2977 1214 3032 refert
1240 2995 1320 3042 se,
1355 2979 1750 3050 coelllagitante
1780 2981 1980 3035 librum

413 3070 553 3125 satis
584 3069 820 3140 amplum
852 3069 987 3136 περὶ
1023 3070 1424 3134 κατανύξεως,
1482 3069 1554 3124 De
1583 3074 1983 3140 compunctione

413 3160 799 3214 concinnasse.
830 3157 952 3213 Non
979 3159 1184 3214 dolebit
1208 3160 1358 3214 cordi
1383 3175 1504 3214 meo
1533 3161 1775 3229 epistola:
1801 3163 1982 3224 lectio,

416 3251 466 3307 si
503 3251 638 3305 bene
674 3251 824 3320 prius
858 3261 1218 3321 expurgatus,
1247 3253 1522 3321 rebusque
1553 3253 1848 3307 mundanis
1891 3271 1985 3309 su-

419 3343 605 3412 perior
639 3342 814 3398 factus
843 3359 925 3397 es.
963 3344 1142 3409 Quare
1172 3344 1260 3397 hic
1290 3359 1412 3398 eam
1442 3343 1541 3396 tibi
1571 3343 1713 3398 dabo
1742 3361 1756 3396 :
1787 3345 1985 3399 Μακα-

420 3433 556 3505 ρίζω
597 3452 656 3488 σε
688 3437 786 3506 τῆς
819 3436 954 3507 πρὸς
979 3436 1111 3490 Θεὸν
1142 3435 1348 3505 φιλίας,
1401 3437 1497 3489 καὶ
1527 3435 1621 3488 τοῦ
1660 3435 1860 3506 ἔρωτος
1890 3434 1984 3488 τοῦ

418 3525 698 3598 ἀφθάρτου
740 3529 835 3580 καὶ
871 3527 1163 3598 οὐρανίου,ξ
1195 3527 1384 3580 καθότι
1415 3527 1543 3589 τοὺς
1583 3527 1712 3596 περὶ
1749 3527 1987 3580 κατανύ-

420 3617 555 3682 ξεως
578 3617 758 3689 ψυχῆς
794 3620 1042 3680 ἀπαιτεῖς
1073 3619 1220 3688 ἡμᾶς
1253 3617 1465 3686 λόγους.
1511 3618 1744 3686 Σημείον
1783 3617 1840 3670 δὲ
1875 3617 1990 3672 ἐστί

419 3726 474 3762 τι
511 3710 754 3764 τοιοῦτον
785 3712 993 3781 αἴτημα
1029 3710 1132 3780 τῆς
1176 3711 1235 3762 ἐν
1283 3710 1430 3780 ψυχῇ
1474 3708 1844 3780 καθαρότητος
1873 3725 1888 3739 ο
1927 3711 1988 3762 οὑ

430 3801 541 3874 γάρ
556 3805 672 3857 ἐστι
688 3802 931 3867 δυνατὸν,
954 3803 1028 3873 μὴ
1053 3799 1320 3872 πρότερον
1351 3799 1762 3869 ὲκκαθαρθέντα
1787 3798 1988 3864 καλῶς,

420 3895 517 3948 καὶ
550 3893 660 3948 τῶν
689 3893 953 3963 βιωτικῶν
989 3894 1242 3947 ἁπάντων
1268 3891 1537 3963 ἀνώτερον
1561 3892 1872 3960 γενόμενον,
1905 3893 1987 3954 εἰς

420 3985 629 4057 ταύτην
661 3986 769 4039 τῶν
801 3985 975 4053 λόγων
1007 3986 1106 4054 τὴν
1143 3984 1437 4053 ἐπιθυμίαν
1467 3982 1661 4037 ἐλθεῖν.
1698 3984 1808 4036 Καὶ
1835 3982 1992 4036 τοῦτο

427 4077 610 4148 ῥᾴδιον
645 4076 876 4129 συνιδεῖν
904 4077 970 4128 ἐκ
1006 4075 1114 4127 τῶν
1141 4073 1237 4128 καὶ
1268 4073 1404 4145 πρὸς
1438 4073 1615 4140 ὀλίγον
1656 4074 1831 4143 τούτῳ
1869 4090 1996 4125 κατ-

431 4167 706 4239 εχομένων
743 4166 822 4238 τῷ
871 4166 1076 4238 ἔρωτι·
1116 4165 1166 4218 οῖ
1217 4164 1487 4234 τοσαύτην
1516 4164 1713 4234 ἁθρόον
1749 4165 1994 4234 δέχονται

426 4260 525 4328 τὴν
556 4255 879 4327 μεταϐολὴν,
909 4255 983 4319 ὡς
999 4255 1196 4318 εὐθέως
1233 4254 1368 4324 πρὸς
1389 4255 1615 4327 οὐρανὸν
1640 4257 1994 4324 μεταστῆναι,

428 4351 524 4403 καὶ
568 4349 937 4420 αἰθεροὸατεϊν
987 4349 1053 4418 τῇ
1099 4347 1351 4417 μακαρία
1387 4346 1600 4418 γνώμῃ.
1644 4346 1806 4399 Ὅθεν
1860 4363 1995 4415 προ-

429 4441 618 4512 Θύμως
657 4440 767 4511 ἐγὼ
795 4441 1083 4510 δεξάμενος
1109 4442 1170 4494 τὸ
1204 4441 1484 4510 ἐπίταγμα
1510 4441 1610 4509 τῆς
1636 4439 1734 4508 σῆς
1771 4438 1999 4508 εἰλικριο

431 4531 555 4597 νοῦς
600 4533 857 4603 ἀγάπης,
916 4532 1118 4602 βιϐλίον
1154 4531 1449 4601 ὁλόκληρον
1482 4531 1610 4600 περὶ
1649 4527 1996 4592 κατανύξεως

444 4623 708 4689 συντάξας
759 4623 1075 4677 ἀπέσταλκα
1124 4624 1259 4692 ’ὑμῖν
1309 4641 1366 4676 τε
1423 4622 1517 4675 καὶ
1567 4624 1678 4682 τοῖς
1725 4621 1821 4672 σὺν
1874 4621 2001 4689 ὑμῖν

432 4717 770 4790 διατρίσουσι
801 4716 976 4785 φίλοις
1005 4715 1303 4778 Θεοσεὸἐσι,
1328 4713 1590 4768 δυσωπῶν
1626 4713 1719 4765 καὶ
1751 4729 2004 4782 παροικεῖ.⁴

435 4812 543 4864 λῶν
573 4812 739 4880 ὑμᾶς,
771 4809 1083 4881 παρῤησίαν
1122 4808 1258 4878 πρὸς
1293 4807 1384 4858 τὸν
1419 4806 1550 4859 Θεὸν
1597 4804 1844 4874 ἔχοντας,
1879 4807 2000 4866 ταῖς

435 4901 612 4964 ὁσίαις
641 4900 796 4971 ὑμῶν
835 4899 1175 4969 ἀμείψασθαι
1210 4901 1556 4968 προσευχαῖς.
1595 4895 1833 4948 Δύνασθε
1872 4895 2003 4965 γὰρ,

436 4991 497 5047 εὖ
535 4989 675 5060 οἶδα,
703 4992 841 5062 ὑπὲρ
869 4990 1028 5062 ἡμῶν
1059 4989 1396 5054 ἐξιλεοῦσθαι
1434 4989 1495 5040 τὸ
1527 4988 1680 5042 Θεῐον
1710 5003 1726 5020 ⁸
1758 4987 1836 5043 0b
1869 4989 2007 5041 ami-

438 5088 622 5140 citiam
677 5101 799 5155 erga
852 5083 1056 5145 Deum,
1117 5097 1450 5150 amoremque
1497 5080 1633 5132 nulli
1681 5079 2007 5148 corruptioni

441 5181 750 5235 obnoxium.
783 5194 846 5231 ac
868 5176 1148 5239 caelestem,
1183 5174 1518 5242 fortunatum
1543 5182 1589 5226 te
1609 5171 1795 5240 judico
1827 5188 1844 5223 :
1871 5173 2008 5240 quod

440 5257 655 5322 a‘nobis
687 5267 752 5320 de
789 5266 1190 5333 compunctione
1235 5263 1400 5315 animi
1445 5262 1700 5314 sermonis
1743 5263 2006 5327 exposcis.

443 5365 571 5417 Ila’c
600 5371 776 5413 autem
799 5358 1104 5429 efﬂagitatio
1131 5357 1440 5424 puritatem,
1476 5369 1594 5422 quae
1623 5354 1675 5405 in
1701 5355 1878 5409 animo
1909 5362 2007 5416 est,

445 5453 670 5507 iudicat.
724 5449 903 5520 Neque
948 5450 1086 5502 enim
1141 5447 1259 5516 fieri
1293 5455 1496 5514 potest,
1537 5455 1596 5496 ut
1651 5442 1730 5509 is,
1781 5445 1870 5513 qui
1909 5461 2009 5497 non

445 5546 592 5612 prius
621 5550 941 5611 expurgatus
976 5540 1127 5603 bene,
1181 5539 1430 5606 rebusque
1461 5535 1701 5589 omnibus
1729 5535 2011 5587 mundanis

449 5637 688 5705 superior
719 5634 888 5704 factus
920 5642 994 5686 est
1019 5674 1032 5695 ,
1066 5633 1122 5684 in
1170 5647 1470 5684 sermonum
1522 5627 1777 5680 similium
1811 5627 2014 5678 deside-

451 5733 584 5784 rium
620 5728 838 5781 i::ridat.
880 5725 1040 5791 quue
1075 5739 1134 5776 ex
1164 5723 1249 5789 iis,
1284 5724 1370 5788 qui
1403 5719 1475 5774 vel
1513 5718 1728 5772 minimo
1767 5720 2010 5784 temporis

2062 427 2346 482 intervatlo
2371 431 2636 498 ejusmodi
2677 447 2854 483 ttinere
2883 431 3265 496 corripiuntur,
3303 430 3461 498 facile
3493 433 3654 506 coui-g

2062 519 2308 586 prehendi
2341 530 2552 588 potest,
2604 538 2724 574 cum
2774 522 2919 574 illico
2967 531 3170 575 tantam
3217 523 3658 584 immutationem,

2066 605 2390 664 admittant.
2434 620 2491 660 ut
2519 611 2704 660 statim
2759 609 2813 661 in
2863 609 3049 663 cwlum
3095 611 3541 677 transvehantur,
3593 623 3645 664 et

2065 694 2219 748 beata
2248 707 2417 751 mente
2461 701 2779 768 gradiantur
2823 701 2876 753 in
2922 701 3129 754 wthere.
3161 703 3297 755 Hinc
3338 703 3442 768 ipsi
3490 704 3642 756 aride

2067 789 2288 842 sincera:
2319 801 2426 842 tute
2481 790 2727 843 dictionis
2771 791 3046 857 imperium
3100 793 3392 858 arripiens,
3440 793 3640 845 librum

2068 878 2328 948 integrum
2362 881 2424 932 de
2466 881 2863 946 compunctione
2891 881 3263 934 concinnatum
3303 882 3468 945 vobis,
3504 884 3650 936 illis-

2067 985 2186 1037 que,
2235 970 2327 1038 qui
2376 987 2482 1022 una
2535 985 2653 1023 cum
2706 970 2847 1024 vobis
2887 983 3304 1036 commorantur,
3359 973 3425 1026 iis
3452 974 3648 1026 amicis

2070 1064 2365 1127 transmisi,
2402 1065 2658 1116 instanter
2689 1074 2891 1126 petens,
2923 1082 3215 1134 rogansque
3244 1082 3352 1126 vos,
3381 1066 3474 1134 qui
3503 1067 3650 1136 apud

2067 1154 2236 1207 Deum
2282 1156 2336 1208 in
2385 1155 2566 1225 aliqua
2614 1157 2736 1209 estis
2783 1157 3138 1220 auctoritate,
3188 1158 3357 1210 sacris
3401 1157 3649 1224 precibus

2068 1243 2357 1298 mercedem
2398 1251 2696 1314 rependere.
2731 1245 2957 1300 Potestis
2987 1248 3124 1301 enim
3146 1288 3162 1312 ,
3193 1248 3331 1316 quod
3363 1247 3490 1300 bene
3524 1247 3649 1300 novi

2067 1339 2271 1390 Numen
2301 1337 2451 1390 nobis
2492 1336 2776 1404 propitiant
2807 1337 3040 1391 reddere.

2142 1426 2204 1479 Et
2237 1427 2306 1480 de
2340 1429 2567 1496 scriptis
2595 1427 2824 1496 hujusce
2853 1427 2953 1481 viri
2988 1437 3249 1494 prmterea
3273 1426 3488 1487 addam,
3522 1440 3653 1494 qua:

2070 1517 2411 1586 Nicephorus
2459 1517 2760 1572 llistoriar.
2811 1519 2904 1573 lib.
2942 1535 3052 1580 xw,
3091 1534 3216 1588 cap.
3273 1518 3363 1586 54,
3394 1518 3595 1572 scribit
3633 1535 3648 1570 :

2074 1608 2318 1678 Ἀριστοι
2340 1608 2398 1660 δὲ
2418 1608 2581 1661 αὐτοῦ
2605 1611 2698 1662 καὶ
2723 1609 2901 1679 ἕτεροι
2921 1609 3068 1677 λόγοι
3100 1609 3446 1680 πεποίηνται,
3479 1625 3652 1661 πνευ-

2074 1700 2310 1770 ματικῆς
2343 1702 2443 1754 οὐκ
2475 1701 2693 1770 ἄμοιροι
2726 1702 2946 1772 χάριτος
2966 1719 2980 1730 ⁸
3029 1697 3104 1755 ὧν
3136 1699 3289 1772 οἶμαι
3328 1702 3549 1754 πάντων
3579 1699 3653 1753 τὰ

2071 1791 2264 1860 πρῶτα
2305 1789 2560 1862 φέρεσθαι
2600 1793 2658 1844 ὃν
2705 1794 2841 1863 πρὸς
2869 1793 3137 1861 Ἕλληνας
3174 1793 3506 1863 ἐπιγράφει,
3552 1795 3650 1846 καὶ

2077 1882 2145 1932 τὰ
2180 1882 2316 1951 πρὸς
2357 1882 2635 1949 Εὐλόγιον.
2688 1884 2973 1952 Κεφαλαία
3022 1884 3081 1937 δὲ
3134 1883 3454 1949 συντάττει,
3507 1883 3651 1936 ἄλλα

2075 1975 2173 2043 μὲν
2196 1976 2273 2038 εἰς
2297 1975 2495 2037 πλάτος
2519 1976 2838 2046 ὴπλωμένα,
2859 1977 3028 2030 πολλὰ
3047 1978 3103 2034 δὲ
3123 1975 3424 2045 συντεμὼν,
3449 1975 3651 2029 εὐσύν-

2070 2080 2233 2116 οπτον
2284 2058 2394 2118 οἷον
2446 2065 2540 2118 καὶ
2579 2067 2869 2139 πρόχειρον
2926 2069 3020 2121 τὸν
3072 2067 3444 2138 πνευματικὸν
3500 2084 3643 2135 καρ-

2072 2156 2172 2209 πὸν
2207 2197 2222 2220 ,
2281 2153 2392 2210 οἷόν
2445 2176 2498 2212 τι
2547 2161 2747 2230 νέκταρ
2790 2160 2823 2230 ἢ
2874 2159 3179 2230 ἀμϐροσίαν
3233 2141 3664 2232 προϐάλλεται(

2073 2247 2225 2305 Alios
2269 2251 2392 2305 item
2431 2249 2594 2306 libros
2625 2253 2872 2322 optimos,
2917 2252 3082 2306 edidit
3124 2251 3420 2321 spiritualis
3453 2252 3651 2321 gratia:

2074 2358 2180 2395 non
2229 2353 2484 2410 expertes.
2522 2342 2675 2397 Inter
2732 2361 2860 2414 quos
2911 2346 3112 2412 primas
3156 2360 3278 2398 eum
3321 2344 3459 2412 ferre
3491 2352 3648 2410 puto,

2075 2448 2227 2497 quem
2264 2432 2517 2486 adversus
2563 2434 2779 2504 gentiles
2819 2436 3071 2502 scripsit,
3121 2445 3168 2488 et
3205 2451 3419 2489 rursum
3448 2435 3540 2504 qui
3581 2434 3650 2486 ab

2074 2539 2132 2575 eo
2163 2524 2231 2575 ad
2263 2523 2549 2593 Eulogium
2590 2527 2868 2594 compositi
2913 2535 3052 2579 sunt.
3091 2525 3285 2592 Capita
3326 2535 3502 2578 autem
3538 2525 3654 2578 col-

2076 2616 2230 2685 legit,
2279 2617 2461 2687 aliqua
2507 2617 2716 2688 quidem
2769 2617 2976 2686 fusius,
3018 2617 3188 2670 multa
3227 2615 3655 2685 compendiosius

2080 2717 2314 2760 tractata
2348 2724 2366 2760 :
2401 2709 2455 2761 in
2502 2708 2689 2778 quibus
2744 2710 3079 2776 spiritualem
3130 2709 3401 2778 fructum,
3434 2707 3657 2776 perinde

2079 2809 2233 2866 atque
2287 2809 2487 2860 nectar,
2537 2809 2628 2852 aut
2659 2799 2982 2853 ambrosiam
3025 2801 3286 2867 aliquam,
3319 2801 3488 2854 oculis
3521 2800 3653 2853 sub-

2071 2891 2290 2961 jectam,
2332 2894 2406 2945 ita
2440 2901 2496 2944 ut
2528 2892 2687 2960 facile
2717 2895 2916 2961 percipi
2957 2895 3155 2962 possit,
3190 2895 3485 2962 proposuit.

2150 2983 2294 3038 Inter
2328 2983 2532 3054 scripta
2611 2987 2782 3039 nostri
2815 2984 2946 3048 Nili,
2994 2987 3216 3054 quidam
3260 2986 3390 3039 illud
3431 3001 3660 3056 quoque

2080 3077 2337 3130 videntur
2396 3092 2699 3136 recensere,
2735 3076 2879 3144 quod
2926 3077 3028 3132 sub
3059 3077 3290 3146 Epicteti
3342 3077 3655 3146 philosophi

2082 3170 2303 3224 nomine
2330 3168 2528 3238 sa‘pius
2559 3167 2766 3219 editum
2792 3176 2910 3228 est,
2961 3168 3499 3237 prtenominaturqne
3543 3167 3660 3221 En-

2084 3261 2364 3321 chiridion,
2396 3269 2448 3311 et
2485 3275 2512 3310 a
2555 3258 2810 3328 plurimis
2861 3259 3203 3314 doctissimis
3247 3260 3402 3323 viris,
3451 3261 3662 3329 Augelo

2085 3333 2380 3410 Politiano,
2429 3348 2637 3403 Thoma
2690 3349 3022 3420 Nogiorgio,
3085 3350 3414 3420 Hieronymo
3456 3349 3663 3405 Wollio

2085 3445 2331 3501 eGraeco
2362 3445 2416 3496 in
2477 3439 2733 3496 Latinum
2788 3457 3111 3496 conversum
3170 3451 3224 3496 et
3279 3442 3482 3511 saepius
3528 3459 3662 3511 pro-

2087 3539 2413 3606 mulgatnm,
2449 3544 2504 3589 et
2536 3533 2754 3587 tandem
2788 3549 2914 3587 cum
2958 3533 3159 3588 Cebetis
3192 3533 3421 3599 Tabula,
3456 3542 3505 3587 et
3535 3535 3664 3589 aliis

2087 3642 2195 3678 una
2222 3642 2342 3678 cum
2383 3624 2506 3678 Vita
2550 3624 2891 3694 Pythagorw,
2941 3623 3216 3678 sententiis
3253 3623 3321 3676 ad
3349 3624 3668 3694 intelligibi-

2091 3718 2162 3770 lia
2186 3717 2518 3780 ducentibus,
2553 3726 2603 3769 et
2635 3726 2792 3770 antro
2822 3714 3212 3785 Nympharum,
3238 3714 3375 3785 quod
3404 3715 3458 3768 in
3490 3714 3668 3785 Odys-

2089 3823 2180 3861 sea
2227 3806 2565 3872 describitur,
2613 3807 2831 3866 studio.
2881 3815 2936 3860 et
3001 3806 3281 3875 diligentia
3331 3805 3666 3873 clarissimi,

2090 3901 2563 3969 eruditissimique
2622 3898 2781 3954 Lucae
2825 3897 3131 3962 l-lulstenii,
3177 3898 3543 3968 Cantabrigize
3578 3907 3669 3970 ty-

2089 3992 2179 4060 pis
2234 3989 2528 4044 academiae
2588 3989 2854 4057 impensis
2918 3986 3149 4042 Joannis
3216 3987 3471 4051 Morden,
3518 4004 3673 4044 anno

2093 4078 2254 4141 1655,
2295 4078 2434 4132 iu-8.
2466 4076 2531 4130 Et
2557 4079 2685 4142 quia
2713 4076 2965 4130 Politiani
3005 4076 3243 4140 codices,
3283 4075 3488 4144 quibus
3519 4074 3668 4128 idem

2095 4171 2370 4239 interpres
2419 4185 2552 4222 usus
2601 4168 2812 4224 fuerat.
2865 4167 3189 4221 videbantur
3225 4183 3347 4221 esse
3385 4168 3669 4234 cormpti,

2098 4271 2158 4315 ut
2192 4276 2333 4315 vene
2372 4259 2662 4314 sententia:
2709 4259 2798 4312 vir
2843 4259 2979 4314 alias
3041 4258 3095 4312 in
3150 4258 3412 4312 vertendo
3453 4256 3584 4310 felix
3619 4267 3676 4310 et

2097 4352 2481 4412 doctissimus,
2525 4349 2615 4402 vix
2667 4349 2922 4402 umbram
2970 4347 3043 4402 sit
3093 4355 3408 4407 assecutus,
3436 4363 3500 4401 ex
3535 4347 3676 4400 alte—

2099 4444 2215 4498 rius
2265 4440 2720 4510 interpretatione
2774 4453 2948 4508 pauca
2993 4439 3082 4492 illa
3115 4437 3372 4491 Politiani
3421 4438 3675 4506 suppleta

2101 4540 2229 4587 sunt
2269 4531 2500 4585 Cenevse
2562 4529 2704 4600 apud
2765 4528 3011 4584 [Heredes
3074 4527 3358 4582 Eustachii
3424 4525 3674 4596 Viguon,

2101 4621 2261 4682 1594.
2298 4621 2435 4676 in—8.

2175 4716 2291 4768 Hoc
2359 4712 2730 4777 Enchiridion,
2801 4711 3040 4781 detuptis
3105 4719 3286 4765 tamen
3354 4709 3677 4772 nonnullis,

2105 4823 2226 4876 qum
2279 4805 2650 4873 gentilismuni
2709 4812 3001 4872 saperent,
3053 4803 3277 4856 deorum
3330 4817 3523 4871 nempe
3572 4818 3678 4855 no-

2108 4899 2382 4957 minibus.
2434 4896 2620 4959 lovis,
2656 4895 2813 4958 Fati,
2851 4893 3137 4957 Fortunae,
3187 4894 3510 4948 et-uliorum
3554 4893 3679 4961 phi-

2108 4990 2460 5059 l050plmrum
2509 4987 2816 5057 gentilium,
2856 4992 2996 5047 etc.,
3049 4993 3103 5037 et.
3150 4980 3436 5036 nonnullis
3477 4980 3680 5033 iuunu-

2110 5083 2241 5134 tatis
2299 5081 2364 5134 ad
2413 5079 2741 5134 sententiam
2791 5075 3190 5137 honestiorem,
3227 5082 3280 5128 et
3327 5072 3679 5142 probiorem,

2110 5180 2163 5224 (³1.
2204 5170 2540 5223 Christianis
2580 5168 2849 5221 institutis
2900 5164 3407 5219 convenientiorem
3457 5161 3678 5230 legitur.

2112 5264 2212 5316 Sed
2247 5261 2290 5314 si
2323 5262 2521 5314 molem
2573 5260 2697 5314 libri
2749 5257 3002 5312 conferas
3051 5273 3173 5310 cum
3206 5255 3493 5319 alteratis,
3545 5269 3683 5323 pau-

2112 5357 2235 5407 cula
2289 5353 2624 5414 indicantur,
2680 5350 2790 5402 imo
2834 5349 3077 5402 colorem
3134 5350 3299 5399 etiam
3344 5354 3399 5399 et
3439 5345 3679 5413 speciem

2115 5447 2438 5517 pristinam,
2475 5459 2637 5514 quam
2679 5444 2789 5497 illis
2818 5444 2967 5498 dedit
3015 5443 3224 5511 primus
3251 5449 3499 5500 auctore,
3544 5437 3681 5488 reti-

2117 5547 2281 5599 nent,
2315 5546 2376 5590 ut
2415 5553 2520 5590 non
2557 5535 2702 5589 aliud
2739 5552 2860 5590 esse
2904 5536 3269 5590 existimetur.
3313 5529 3468 5597 Quod
3512 5545 3539 5580 a
3574 5526 3680 5585 Nili

2118 5629 2290 5682 nostri
2353 5628 2606 5695 genuinis
2682 5628 2882 5680 felibus
2951 5628 3189 5679 alienum
3251 5635 3369 5687 est,
3448 5621 3681 5687 ideoque

2121 5721 2434 5776 ambiauuni
2487 5719 2736 5774 habetur.
2793 5719 2863 5774 Ut
2916 5719 3184 5787 siquidem
3219 5731 3329 5771 rem
3385 5712 3582 5818 fatear,
3625 5710 3682 5764 in
