3822 6216
164 248 232 311 53
1397 252 1701 311 NUTITIA
1738 251 1817 310 ΙΝ
1856 251 1913 309 S.
1949 251 2215 310 Nll.UM.
3358 244 3425 309 54

164 348 484 415 immutatis
517 375 695 429 neque
724 377 974 422 succum,
1007 377 1181 428 neque
1207 362 1450 413 colorem
1488 360 1754 413 dictionis

164 449 422 514 Nilanze,
460 468 638 521 neque
687 458 928 521 speciem
985 453 1287 507 intuemur.
1331 455 1394 506 Et
1437 452 1594 506 Nilus
1622 454 1756 507 alias

166 541 706 609 eloquentissimus,
755 552 809 597 ct
858 544 1185 597 Christianm
1224 547 1589 615 phil050phia:
1629 561 1757 615 pro-

168 647 296 687 nius
328 634 555 688 condus
583 677 598 701 ,
636 646 691 687 ιιι
722 651 789 689 ex
820 636 945 689 aliis
978 638 1092 690 suis
1138 639 1363 705 scriptis
1391 637 1757 703 deprehendi-

172 735 284 789 tur,
315 742 429 779 non
486 728 709 779 videtur
765 728 1075 781 verosiniile
1106 743 1135 780 a
1184 729 1367 782 Stoica
1409 730 1756 797 philosophia

171 817 438 886 prmsidia
472 820 601 872 vita:
626 820 956 872 Christiaum
994 822 1339 873 eineinlasse.
1384 821 1447 873 Et
1482 822 1759 888 quomodo

172 910 228 962 id
288 923 459 978 agere
517 911 878 963 sustinuisset
945 911 1031 962 vir
1091 912 1415 965 Christianae
1479 912 1759 980 religionis

175 1000 464 1068 exemplar
529 1001 889 1069 ipsissmium.
951 1000 1148 1054 Annon
1222 1004 1276 1055 in
1338 1004 1520 1055 alieno
1586 1004 1759 1056 choro

175 1092 374 1160 pedem
435 1092 753 1160 posuisset,
813 1095 859 1145 si
894 1108 956 1146 ex
1031 1093 1315 1161 gentilium
1374 1095 1650 1156 moribus,
1705 1103 1760 1148 et

178 1181 365 1236 Stoica
402 1184 759 1252 philosophia
789 1186 1010 1239 Ascctis
1056 1185 1275 1239 modum
1313 1188 1592 1256 imponere
1622 1203 1758 1241 con-

178 1274 503 1329 stituisset?
544 1274 609 1327 Et
650 1278 935 1342 quomodo
960 1276 1052 1343 qui
1107 1278 1162 1329 in
1220 1278 1323 1332 hoc
1372 1287 1609 1331 tractatu
1663 1294 1759 1332 no-

178 1363 331 1415 mina
371 1365 735 1431 antiquorum
798 1366 1247 1433 philosophormn
1306 1367 1381 1420 ita
1432 1376 1759 1438 aspernatus

178 1462 303 1520 est,
353 1465 528 1526 atque
578 1458 898 1522 abhorruit,
951 1468 1011 1510 ut
1062 1472 1125 1512 ea
1170 1460 1297 1513 data
1337 1477 1502 1528 opera
1546 1478 1609 1514 ex
1656 1462 1760 1514 hoc

180 1556 429 1601 tractatu
477 1549 781 1614 deiecerit,
836 1549 904 1604 ab
967 1550 1161 1604 iisdem
1214 1565 1481 1621 praecepta
1542 1553 1757 1606 vivendi

178 1640 445 1695 omnibus
474 1641 709 1695 virtutis.
734 1642 974 1695 numeris
1005 1644 1448 1705 absolutissima,
1481 1653 1535 1699 et
1560 1646 1760 1714 quibus

179 1728 325 1782 nihil
376 1739 633 1799 poterat,
682 1731 767 1785 vel
803 1732 928 1785 addi
956 1771 971 1793 ,
1009 1733 1090 1785 vel
1122 1734 1288 1796 demi,
1321 1735 1569 1803 petiisset
1594 1734 1618 1787 ?
1646 1736 1760 1788 An-

179 1834 291 1876 non
343 1822 403 1875 id
458 1823 653 1877 l'uisset
690 1824 987 1891 callidum,
1042 1837 1095 1880 et
1138 1826 1397 1895 frigidum
1452 1842 1517 1880 ex
1569 1825 1761 1880 eodem

180 1927 277 1966 ore
299 1911 534 1966 efﬂare?
562 1911 681 1966 Vidi
716 1913 834 1982 ipse
860 1915 1295 1984 manuscriptum
1329 1914 1574 1970 codicem
1611 1914 1764 1969 Cra:-

180 2017 338 2068 cutn,
372 2004 646 2073 illumque
695 2006 1130 2059 vetustissimum
1192 2004 1298 2058 Nili
1342 2008 1550 2075 scripta
1597 2022 1761 2075 opera

180 2095 569 2149 continentem
601 2115 615 2150 :
654 2096 707 2150 in
739 2113 803 2151 eo
854 2098 1059 2167 singuli
1108 2106 1379 2153 tractatus
1405 2136 1419 2160 ,
1463 2099 1626 2151 etiam
1659 2098 1765 2150 mi-

182 2186 692 2240 nutioresinlix'um
746 2188 946 2241 habent
1002 2204 1199 2241 nomen
1250 2188 1393 2253 Nili,
1442 2190 1548 2241 alia
1596 2190 1760 2241 etiam

180 2276 318 2331 etin
356 2278 469 2331 line
526 2278 915 2347 postpositum.
968 2280 1027 2333 In
1065 2279 1394 2341 Enchiridio,
1445 2282 1589 2350 quod
1622 2282 1765 2335 inter

182 2364 309 2420 illos
344 2367 657 2445 legebatur,
707 2384 885 2436 neque
938 2370 990 2422 in
1025 2368 1229 2433 fronte,
1281 2386 1458 2440 neque
1509 2372 1563 2424 in
1613 2372 1764 2425 calce

180 2471 251 2509 eo
277 2459 507 2511 nomine
541 2459 936 2528 obsignatum,
966 2464 1348 2514 tantummodo
1392 2463 1524 2516 illud
1563 2463 1766 2517 refere-

183 2548 312 2614 bat,
358 2550 694 2621 Ἐπικτήτου
734 2553 1105 2621 Ἑγχειρίδιον,
1144 2553 1367 2621 Epicteti
1398 2553 1761 2609 Encltiridion.

182 2637 299 2693 Non
330 2656 461 2695 esse
502 2640 613 2696 Nili
661 2644 955 2704 videlicet,
1012 2646 1105 2698 sed
1158 2647 1421 2714 Epicteti,
1452 2662 1481 2699 ιι
1516 2663 1766 2715 quocun-

184 2748 289 2803 que
350 2738 431 2789 sit
472 2736 749 2787 vitiatum.
811 2734 962 2789 Adde
1014 2734 1122 2789 his.
1166 2734 1242 2787 Ita
1279 2738 1383 2791 hoc
1417 2737 1765 2790 Encltiridion

188 2825 439 2895 Epicteti,
480 2842 607 2881 cum
647 2843 733 2891 co,
785 2828 929 2897 quod
987 2828 1112 2881 Nilo
1163 2829 1351 2883 nescio
1396 2844 1504 2898 qua
1554 2831 1767 2883 ratione

189 2918 576 2989 adjudicatur,
625 2921 874 2973 eamdem
918 2920 1094 2972 labem
1132 2935 1357 2990 passum
1407 2921 1600 2975 fuisse.
1631 2924 1763 2975 Cum

189 3010 248 3064 de
281 3011 382 3063 illo
430 3027 545 3064 non
590 3011 907 3065 inconsulto
936 3019 1224 3065 istatutum
1294 3013 1613 3082 dictumque
1663 3016 1766 3075 sit,

191 3100 427 3169 Epicteti
464 3118 575 3156 non
629 3119 771 3158 esse.
822 3104 951 3157 Mihi
1007 3105 1079 3158 sit
1136 3120 1247 3174 pra:
1293 3107 1550 3161 omnibus
1605 3110 1768 3160 unius

193 3192 469 3263 Simplicii
535 3196 858 3257 auctoritas,
915 3197 1009 3265 qui
1060 3196 1390 3251 Praefatione
1441 3197 1495 3250 in
1558 3200 1766 3251 dictum

191 3282 545 3339 Encltiridion
585 3289 666 3340 sic
733 3288 925 3342 scribit
960 3307 973 3340 :
1011 3288 1245 3342 Arianus
1287 3290 1445 3341 vitam
1490 3300 1539 3343 et
1571 3292 1767 3343 obitum

191 3377 424 3447 Epicteti
462 3379 685 3443 prolixis
726 3382 890 3433 verbis
929 3391 1005 3433 est
1049 3390 1367 3448 persecutus.
1408 3380 1553 3434 Unde
1581 3399 1773 3449 cogno-

190 3471 266 3524 sci
294 3482 470 3538 potest
491 3510 505 3532 ,
538 3474 628 3539 qui
657 3473 735 3524 vir
775 3472 865 3524 ille
899 3473 1079 3538 fuerit.
1119 3470 1266 3524 Idem
1298 3473 1530 3526 Arianus
1558 3487 1606 3526 et
1636 3474 1769 3526 hunc

191 3562 464 3627 libellum,
496 3563 634 3632 quod
694 3563 1038 3618 Euchiridion
1082 3566 1406 3626 inscribitur,
1447 3570 1768 3635 composuit:

192 3654 381 3707 deinde
439 3654 598 3707 lectis
649 3671 713 3707 e1:
766 3654 991 3723 Epicteti
1037 3658 1364 3709 sermonibus
1426 3658 1774 3726 philosophia:

196 3743 325 3797 locis
370 3745 604 3796 maxime
644 3747 989 3811 necessariis,
1044 3756 1093 3799 et
1130 3751 1335 3802 animos
1365 3766 1396 3800 (ι
1423 3752 1772 3817 permanenti-

196 3832 323 3898 bus,
360 3844 417 3887 ut
462 3835 571 3901 ipse
615 3845 840 3889 testatur
878 3839 933 3890 in
976 3840 1198 3905 epistola
1246 3839 1315 3891 ad
1366 3840 1769 3910 Masgalenum,

198 3925 286 3977 cui
340 3941 474 3990 opus
527 3928 698 3994 ipsum
739 3927 1000 3982 dedicavit
1038 3940 1097 3983 ut
1145 3932 1471 3985 amicissimo
1523 3950 1656 3996 suo,
1725 3942 1772 3987 et

199 4015 430 4069 maximo
489 4018 659 4081 operis
715 4016 1054 4075 admiratori.
1122 4020 1254 4084 Qua:
1309 4021 1471 4088 [erute
1517 4016 1695 4076 eadem
1725 4033 1774 4076 et

200 4103 381 4157 iisdem
417 4105 690 4159 vocabulis
727 4111 957 4176 sparsim
1005 4111 1058 4162 in
1087 4111 1281 4163 Ariani
1318 4113 1530 4179 scriptis
1554 4113 1617 4165 de
1652 4114 1776 4176 Epi-

200 4194 321 4246 ctcti
334 4194 807 4249 exercitationibus
836 4197 1170 4251 inveniuntur
1191 4216 1209 4251 :
1237 4199 1372 4269 Περὶ
1404 4201 1502 4269 μὲν
1530 4202 1624 4254 τοῦ
1657 4202 1772 4272 βίου

199 4283 291 4336 τοῦ
332 4286 666 4355 Ἐπικτήτου
700 4289 795 4341 καὶ
828 4290 928 4358 τῆς
963 4289 1125 4342 αὐτοῦ
1182 4291 1438 4362 τελευτῆς
1491 4293 1774 4363 Ἀρριανὸς

201 4377 459 4449 ἔγραψεν,
483 4383 511 4432 ὁ
535 4380 633 4443 τάς
676 4380 1001 4452 Ἐπικτήτου
1025 4381 1307 4452 διατριϐὰς
1333 4385 1391 4435 ἐν
1430 4385 1773 4456 πολυστίχοις

202 4473 601 4540 συνταξάμενος
621 4471 994 4541 βιϐλίοις.Κα“ι
1022 4474 1116 4526 ἀπ’
1145 4475 1354 4527 ἐκείνου
1388 4475 1578 4545 μαθεῖν
1603 4476 1770 4544 ἐστιν,

200 4563 375 4625 ὁποῖος
401 4563 597 4630 γέγονε
623 4564 714 4615 τὸν
745 4564 859 4633 βίον
890 4567 918 4618 ὁ
952 4566 1112 4635 ἁνήρ.
1161 4565 1234 4617 Τὸ
1267 4566 1323 4618 δὲ
1373 4566 1575 4636 βιϐλίον
1616 4570 1774 4624 τοῦτο

198 4653 258 4706 τὺ
313 4653 669 4718 Ἐπικτήτου
712 4656 1090 4724 Ἐγχειρίδιον
1136 4657 1633 4729 ἐπιγεγραμμένον,
1680 4664 1797 4715 καί.

200 4744 356 4797 τοῦτο
395 4745 563 4808 αὐτὸς
590 4747 874 4811 συνέταξεν
899 4750 927 4800 ὁ
967 4749 1269 4819 Ἀρριανός.
1310 4752 1390 4804 Τὰ
1415 4752 1771 4821 καιριώτατα,

200 4837 291 4889 κιύ¹
342 4837 749 4904 ἀναγκαιότατα
798 4841 855 4890 ἐν
886 4838 1193 4910 φιλοσοφίᾳ,
1228 4841 1324 4893 καὶ
1365 4842 1774 4911 κινητικώτατα

197 4928 304 4980 τῶν
341 4926 535 4997 ψυχῶν
553 4927 938 4998 ἐπιλεξάμενος
974 4931 1039 4982 ἐκ
1070 4930 1179 4982 τῶν
1231 4930 1551 5001 Ἐπικτήτου
1576 4933 1771 5000 λόγων,

196 5020 271 5084 ὡς
302 5022 471 5083 αὐτὸς
496 5023 556 5073 ἐν
585 5024 650 5090 τῇ
679 5021 815 5090 πρὸς
850 5021 1210 5091 Μασγαληνὸν
1240 5023 1496 5094 ἐπιστολῇ
1537 5024 1772 5095 ἔγραψεν

196 5113 227 5166 ὁ
270 5113 581 5186 Ἄρρωνος,
616 5106 661 5181 ᾧ
701 5114 761 5167 τὸ
813 5114 1149 5185 σύγγραμμα
1202 5115 1659 5187 προσεφώνησεν,
1698 5118 1773 5181 ὡς

199 5207 375 5277 ἑαυτῷ
412 5205 516 5277 μὲν
547 5204 806 5275 φιλτάτῳ,
842 5206 1074 5275 μάλιστα
1107 5205 1163 5257 δὲ
1206 5206 1299 5258 τὸν
1333 5207 1655 5279 Ἐπίκτητον
1687 5228 1775 5263 τε·

200 5299 508 5368 θαυμακότι
531 5315 545 5329 ο
586 5298 655 5351 τὰ
692 5298 748 5350 δὲ
777 5297 918 5352 αὐτὰ
958 5297 1145 5369 σχεδὸν
1184 5299 1275 5352 καὶ
1319 5301 1406 5353 ἐπ’
1445 5302 1624 5356 αὐτῶν
1665 5304 1773 5357 τῶν

200 5391 485 5461 ὀνομάτων
533 5390 809 5460 σποράδην
864 5393 921 5442 ἐν
973 5394 1084 5453 τοῖς
1132 5390 1417 5462 ’Δρριανοῦ
1476 5394 1607 5463 περὶ
1665 5396 1775 5450 τῶν

202 5479 533 5552 Ἐπικτήτου
564 5480 852 5551 διατριόὦν
892 5482 950 5533 ἐν
991 5485 1101 5544 τοῖς
1129 5483 1492 5553 γραφομένοις
1523 5485 1773 5556 εὑρίσκε-

204 5589 311 5627 ται.
348 5575 498 5627 Hinc
523 5571 825 5627 Salmasius
854 5570 1007 5628 Notis
1038 5573 1094 5626 in
1130 5570 1473 5641 Simplicium
1516 5575 1722 5645 colligit
1755 5597 1769 5632 :

202 5663 345 5736 £rgo
367 5665 529 5736 hujus
557 5664 851 5721 Enchiridii
881 5673 1083 5732 auctor,
1112 5665 1200 5735 qui
1226 5673 1275 5723 et
1298 5664 1770 5744 Dissertationum,

1863 374 2039 422 nempe
2075 360 2329 412 Arianus.
2377 357 2482 412 Sed
2537 358 2729 410 mirum
2757 366 2812 409 ut
2840 357 2894 409 in
2922 354 3188 409 laodiernis
3218 354 3426 410 Disser—

1861 451 2151 503 tationibus
2192 467 2253 503 ea
2277 467 2379 504 non
2416 451 2768 518 reperiantur,
2810 465 2926 517 qua:
2952 447 3015 501 de
3048 448 3156 502 vita
3184 457 3233 501 et
3258 457 3427 500 morte

1860 538 2086 605 Epicteti
2138 544 2402 594 memoria:
2449 540 2730 593 mandasse
2772 540 3033 593 Arianum
3080 539 3162 591 Itic
3210 536 3428 607 Simpli-

1859 633 1970 685 cius
1995 643 2236 685 testatur.
2263 632 2349 686 Ita
2373 632 2540 686 multa
2558 633 2718 687 etiam
2742 648 2805 684 ex
2837 630 3143 684 Enchiridio
3169 648 3200 683 a
3223 628 3428 683 Stobazo

1859 726 2039 789 citari,
2068 742 2185 793 qua:
2213 736 2304 778 aut
2328 726 2537 778 ontnino
2555 726 2605 777 in
2632 724 2727 777 hoc
2751 723 2986 778 manuali
3018 739 3120 776 non
3147 721 3428 782 habentur,

1861 825 1951 867 aut
1984 817 2139 869 aliter
2164 818 2362 883 scripta
2399 817 2673 870 habentur.
2708 816 2772 869 Et
2807 814 2996 869 Daniel
3025 815 3285 868 Heinsius
3308 828 3435 867 con-

1861 906 1993 958 cinit
2020 908 2250 975 epistola
2278 907 2342 961 ad
2369 907 2711 961 Theodorum
2730 905 3235 961 Gresnvinckelium
3262 922 3274 957 :
3298 903 3432 957 Cum

1861 999 2057 1067 ingenti
2100 999 2382 1066 voluptate,
2438 1000 2639 1066 pariter
2686 1010 2733 1052 et
2766 1015 2894 1051 cura
2930 997 3031 1067 legi
3082 996 3375 1065 Epictetum
3415 1012 3432 1047 :

1862 1088 2203 1142 Encltiridion
2236 1091 2289 1142 in
2326 1091 2536 1158 primis,
2564 1090 2701 1160 quod
2736 1090 2800 1143 ab
2836 1090 3033 1143 Ariano
3082 1104 3147 1142 ea:
3202 1088 3433 1142 oraculis

1858 1180 2023 1233 divini
2050 1184 2149 1234 viri
2193 1184 2565 1235 concinnatum
2614 1182 2697 1234 Itic
2734 1198 2868 1233 nunc
2894 1180 3072 1233 habes.
3104 1180 3168 1233 Et
3188 1194 3436 1249 comper-

1860 1272 1999 1324 tiora
2031 1272 2097 1327 de
2120 1272 2349 1340 Epicteti
2374 1273 2681 1327 Enchiridio
2708 1271 3172 1342 quaerimus?lloc
3199 1272 3339 1326 idem
3368 1272 3437 1325 de

1860 1363 2057 1419 Nilano
2091 1366 2476 1420 altirmandum
2509 1381 2615 1420 non
2640 1375 2744 1420 est.
2774 1366 3073 1420 Considera
3105 1380 3216 1419 rem
3261 1371 3438 1419 atten-

1863 1456 2146 1510 tius:tum
2195 1457 2413 1511 demum
2450 1455 2720 1526 judicium
2769 1456 2868 1521 da;
2903 1455 2970 1509 ad
3008 1456 3122 1509 haec
3170 1462 3365 1518 testes,
3386 1452 3435 1507 si

1862 1556 2033 1617 potes.
2078 1546 2182 1600 Sed
2212 1548 2351 1601 inter
2368 1547 2490 1616 ejus
2524 1549 2725 1617 scripta
2758 1548 2936 1600 locum
2964 1547 3145 1600 habet.
3168 1546 3236 1599 At
3277 1544 3437 1613 cujus

1862 1652 2058 1691 nomen
2081 1636 2351 1706 praeferat,
2384 1638 2609 1691 edicito.
2636 1639 2717 1690 An
2749 1637 2838 1690 hic
2871 1637 3084 1691 libellus
3114 1643 3325 1689 tantum
3349 1651 3439 1690 ex-

1864 1737 2056 1783 traneo
2086 1730 2296 1784 auctori
2330 1728 2648 1798 suppositus
2675 1729 3067 1800 supposititins
3102 1728 3283 1783 fuerit.

1930 1819 2068 1873 lllud
2099 1836 2319 1890 quoque
2348 1819 2901 1875 animadvertendum
2936 1828 3042 1882 est,
3075 1818 3253 1873 Nilum
3290 1819 3438 1871 hunc

1862 1921 2115 1967 nostrum
2158 1914 2413 1967 Ascetam
2467 1927 2497 1965 a
2550 1911 2831 1982 plerisque
2882 1912 3156 1981 martyris,
3207 1910 3277 1965 ab
3314 1910 3438 1963 aliis

1861 2003 2089 2068 episcopi
2120 2001 2281 2054 titulo
2310 1999 2589 2069 insigniri.
2626 1998 2793 2053 Notat
2820 1997 3082 2052 Nicolaus
3103 1997 3393 2051 Classerus
3421 2013 3434 2048 :

1866 2091 1934 2146 Et
1958 2094 2004 2146 si
2036 2095 2098 2146 de
2128 2091 2243 2145 Nili
2266 2091 2529 2160 martyrio
2559 2107 2661 2143 non
2696 2099 2925 2151 constat,
2957 2105 3020 2142 ea:
3058 2088 3237 2141 eodem
3266 2097 3439 2139 tamen
3474 2092 3477 2095 '

1866 2193 2102 2249 auctore,
2130 2192 2187 2235 ut
2218 2184 2379 2237 etiam
2408 2198 2473 2236 ea:
2500 2182 2755 2235 Osiandri
2785 2180 3077 2233 Annalibus
3103 2178 3440 2247 manifestum

1865 2282 1964 2337 est,
1998 2273 2150 2325 illum
2178 2288 2292 2325 cum
2327 2272 2456 2340 ﬁliis
2488 2272 2628 2340 (lege
2662 2285 2783 2323 cum
2820 2269 2952 2334 lilio)
2984 2285 3015 2319 a
3057 2268 3298 2320 barbaris
3326 2281 3441 2333 pcr-

1867 2377 2077 2432 pessum
2114 2378 2246 2414 esse.
2282 2360 2431 2415 Inter
2468 2369 2731 2430 martyres
2768 2361 2929 2429 igitur
2966 2359 3061 2410 hoc
3094 2358 3301 2409 nomine
3328 2356 3442 2423 {or-

1868 2457 2034 2508 tassis
2082 2454 2328 2522 refertur.
2373 2450 2528 2506 Circa
2568 2468 2761 2503 annum
2811 2449 3010 2505 Christi
3053 2451 3155 2503 ’509
3196 2447 3442 2516 ﬂoruisse

1866 2545 2224 2598 existimatur.
2280 2542 2781 2610 interpretationem
2822 2558 2940 2595 vero
2975 2540 3225 2593 Latinam
3269 2538 3441 2607 adjeci

1867 2637 2003 2688 hanc
2038 2636 2474 2705 qualemcunque,
2520 2645 2577 2687 ut
2634 2650 2751 2686 eam
2796 2649 2912 2686 cum
2952 2632 3048 2686 illa
3092 2629 3351 2693 Neandri,
3392 2630 3441 2682 si

1867 2728 2002 2797 forte
2025 2729 2079 2780 in
2110 2727 2352 2779 manibus
2379 2726 2617 2794 conferre
2653 2726 2827 2793 liceat,
2854 2742 2955 2794 quo
2986 2726 3259 2793 utriusque
3280 2720 3445 2775 colla-

1871 2827 2010 2879 tione
2036 2826 2149 2892 plus
2199 2826 2414 2878 luminis
2454 2825 2690 2877 accedat.
2736 2822 3047 2876 Indecurias
3091 2836 3293 2891 quoque
3320 2834 3448 2887 pue-

1868 2920 2043 2972 riliter
2087 2919 2367 2971 distinctas
2412 2916 2625 2970 habebis
2669 2916 2983 2977 sententias,
3014 2930 3133 2967 eum
3171 2912 3227 2965 in
3253 2912 3436 2975 ﬁnem,

1869 3025 1935 3069 ut.
1957 3017 2125 3069 versio
2157 3013 2354 3068 Latina
2387 3012 2569 3066 Graeco
2602 3011 2770 3065 textui
2801 3010 3093 3079 postposita
3120 3006 3444 3062 commodius

1870 3106 2204 3176 respondeat.
2246 3106 2312 3159 Et
2343 3105 2504 3174 plane
2534 3104 2601 3158 de
2634 3102 2919 3173 martyrio,
2966 3102 3091 3155 licet
3128 3115 3293 3169 opere
3324 3099 3446 3168 ipso

1872 3200 2195 3269 martyrium
2230 3212 2341 3251 non
2367 3195 2621 3260 subierit,
2649 3210 2826 3262 neque
2848 3208 2946 3262 pro
2969 3207 3074 3245 una
3116 3192 3218 3245 ﬁde
3241 3188 3446 3243 Christi

1872 3291 2197 3356 sanguinem
2228 3288 2501 3352 etiiiderit,
2540 3301 2716 3356 neque
2748 3287 2916 3339 vitam
2947 3283 3295 3354 exposuerit;
3324 3296 3447 3336 cer-

1874 3390 1989 3433 tum
2028 3389 2113 3434 cst
2155 3388 2361 3442 tamen,
2400 3384 2455 3431 et
2490 3392 2553 3431 ex
2591 3376 2712 3445 ejus
2757 3373 2967 3442 scripto
3003 3374 3139 3427 satis
3171 3378 3444 3440 apertum,

1874 3486 1997 3526 eum
2041 3472 2091 3523 id
2143 3469 2341 3539 agendi
2391 3482 2609 3536 semper
2659 3465 3082 3534 cupidissimum
3131 3463 3321 3517 fuisse.
3373 3458 3450 3513 De

1872 3566 2201 3634 episcopatu
2247 3562 2365 3631 ipse
2399 3560 2679 3623 existimo,
2722 3558 2877 3611 illum
2929 3565 3051 3624 post
3098 3564 3181 3608 tot
3222 3552 3449 3608 calami-

1876 3664 2040 3719 tates,
2084 3656 2384 3719 nonnullos
2435 3653 2727 3722 episcopos
2768 3648 3118 3704 considerata
3157 3646 3298 3700 tanti
3344 3643 3447 3698 viri

1875 3751 2077 3801 virtute
2106 3755 2160 3801 et
2192 3745 2444 3799 doctrina
2478 3745 2671 3797 saltem
2719 3741 2773 3793 in
2817 3738 3036 3810 {Egypti
3076 3736 3347 3806 partibus,
3392 3734 3448 3787 in

1875 3839 2082 3909 quibus
2131 3837 2397 3892 similium
2444 3834 2728 3888 hominum
2776 3845 2990 3887 summa
3040 3828 3270 3899 penuria
3309 3837 3444 3891 erat,

1875 3931 2110 3985 consilio
2160 3930 2302 3982 inter
2351 3942 2412 3981 se
2460 3926 2599 3978 inito
2648 3925 2703 3978 in
2750 3931 2952 3977 tantam
3002 3920 3345 3990 dignitatem,
3394 3926 3449 3972 et

1876 4022 2092 4086 merito,
2126 4021 2411 4073 extulisse.
2443 4017 2549 4071 Sed
2575 4017 2689 4069 haec
2714 4030 2864 4068 mera
2895 4012 3141 4082 suspicio
3164 4021 3269 4065 εει.
3295 4008 3444 4065 Esto.

1875 4115 2038 4168 Certe
2089 4112 2141 4165 id
2175 4111 2364 4181 negari
2396 4124 2500 4163 non
2555 4116 2756 4177 potest,
2800 4105 3021 4174 aliquod
3058 4111 3269 4157 certum
3300 4100 3449 4155 indi-

1876 4206 2021 4260 cium
2066 4203 2331 4257 habuisse
2365 4217 2484 4263 eos,
2525 4200 2620 4269 qui
2664 4198 2825 4268 primi
2861 4205 3013 4252 tanto
3044 4198 3165 4250 viro
3202 4193 3448 4264 episcOpi

1876 4300 2101 4354 titulum
2133 4296 2532 4351 attribuerunt.
2560 4292 2677 4347 Non
2709 4291 2997 4347 dissimilis
3024 4298 3176 4344 esset
3205 4287 3454 4357 suspicio

1876 4392 1941 4445 de
1966 4388 2251 4443 Theodulo
2281 4386 2435 4441 illius
2463 4384 2597 4447 lilio,
2625 4383 2719 4452 qui
2754 4382 2918 4436 nullis
2953 4380 3129 4437 sacris
3161 4378 3451 4433 ordinibus

1876 4488 2003 4535 ante
2056 4478 2430 4549 captivitatem
2489 4474 2825 4542 conspicuus
2873 4480 3028 4535 erat,
3092 4469 3140 4525 si
3196 4484 3455 4523 vocarent

1875 4573 2027 4628 illum
2066 4570 2386 4630 diaconum,
2411 4578 2466 4622 et
2500 4574 2681 4620 tamen
2709 4565 2799 4619 ille
2824 4562 2895 4618 de
2924 4577 2984 4617 se
3028 4561 3183 4625 dicit,
3229 4560 3296 4614 ab
3332 4560 3452 4629 epi-

1875 4679 2042 4733 εοορυ
2063 4670 2314 4717 coactum
2334 4656 2841 4714 similem—ordinem
2872 4652 3179 4708 obtinuisse
3206 4670 3218 4705 :
3250 4660 3304 4705 et
3325 4664 3452 4705 vere
3480 4656 3494 4679 '

1876 4763 2160 4826 promotus
2197 4760 2284 4807 est
2314 4770 2326 4805 :
2380 4748 2470 4812 Ὣς
2510 4748 2567 4801 δέ
2597 4748 2663 4801 ἂν
2700 4746 2773 4816 μὴ
2822 4745 2969 4811 δόξαι
3004 4744 3123 4814 βίαν
3154 4741 3452 4812 προσάγειν

1877 4846 2104 4916 ὑπονοίᾳ
2146 4844 2249 4913 τῆς
2299 4842 2441 4912 ὑπὲρ
2500 4838 2597 4893 τοῦ
2654 4838 2848 4899 παιδὸς
2903 4835 3196 4906 δεδομένης
3247 4831 3449 4902 τιμῆς,
3500 4910 3505 4919 ‘

1881 4937 2014 5007 μηδέ
2037 4932 2495 5002 δεσποτικώτερον
2509 4931 2760 4984 ἀπαιτεῖν
2777 4928 2875 4998 τὴν
2894 4925 3242 4997 παραμονὴν,
3271 4924 3449 4993 πράτ-
3496 4934 3501 4971 ῖ

1876 5042 1988 5079 τειν
2022 5026 2287 5095 ἐπέτρεπε
2311 5024 2420 5075 πᾶν
2451 5021 2516 5074 τδ
2534 5020 2725 5074 δοκοῦν
2767 5018 2907 5072 κατὰ
2934 5016 3181 5088 γνώμην,
3213 5014 3272 5067 ἓν
3290 5013 3452 5068 τοῦτο

1880 5116 2038 5186 μόνον
2066 5116 2407 5189 τυραννήσας
2426 5114 2596 5184 ἡμᾶς,
2626 5112 2686 5164 τὸ
2717 5110 2807 5163 τὸν
2844 5108 3007 5178 ζυγὸν
3069 5106 3335 5161 ἐπιθεῖναι
3360 5104 3450 5157 τὸν

1880 5209 2150 5279 ἱερατικὸν
2188 5207 2260 5278 μὴ
2298 5204 2659 5275 βουλομένοις.
2703 5202 2894 5271 Ἡμεῖς
2926 5199 3025 5269 μὲν
3053 5198 3162 5267 γὰρ
3195 5196 3258 5249 τὸ
3287 5195 3453 5267 βάρος

1876 5307 2210 5376 λογιζόμενοι
2225 5301 2326 5370 τῆς
2338 5297 2698 5367 λειτουργίας,
2727 5293 3080 5364 ἀσχάλλοντεζ
3096 5291 3437 5361 ὠδυρὸμεθα,

1876 5397 1971 5453 καὶ
2010 5396 2109 5448 οὐκ
2145 5390 2364 5461 εἴχομεν
2414 5386 2551 5458 πρὸς
2582 5385 2643 5438 τὸ
2675 5381 2923 5436 ἐπιτεθὲν
2974 5381 3138 5451 ἄχθος
3196 5378 3438 5442 ἀνεκτῶς

1877 5488 2019 5558 ὑπὲρ
2050 5482 2260 5555 iw.ch
2290 5480 2385 5533 καὶ
2413 5478 2564 5549 μόλις
2604 5479 2715 5539 τοῖς
2748 5473 2924 5542 ἁγίοις
2946 5474 3199 5545 ἁρμόζει,
3219 5472 3343 5525 ὅσον
3372 5470 3453 5533 εἰς

1877 5578 2152 5639 πολιτείας
2175 5576 2348 5643 λόγον.
2364 5570 2653 5632 Κάκείνοις
2680 5567 2788 5639 γὰρ
2811 5568 2984 5636 ἐφάνη
3007 5566 3169 5637 βαρὺ,
3196 5564 3290 5617 καὶ
3308 5563 3453 5634 ὡμοι-

1880 5675 2115 5744 λόγησαν
2146 5665 2487 5737 καλούμενοι,
2519 5662 2867 5735 ὑπερϐαίνειν
2903 5661 3096 5723 αὐτοὺς
3121 5659 3181 5711 τὸ
3212 5656 3478 5726 divinata,”
