3822 6216
405 244 473 304 55
1589 210 1898 297 NOTITIA
1934 230 1974 288 Il

2076 229 2120 286 5.
2165 227 2430 289 NILUM.
3565 216 3631 280 55

400 363 496 418 καὶ
517 362 635 432 Θεῷ
660 360 943 431 ἀντέλεγον
974 364 1065 415 ἐπὶ
1094 364 1228 417 πολὺ
1270 360 1697 433 προϐαλλόμενοι
1724 356 1787 409 τὸ
1838 352 1969 409 ἀνά-

402 456 534 519 ξιον,
551 455 645 509 καὶ
658 454 995 527 παρῃτοῦντο
1016 455 1115 524 τὴν
1139 454 1468 525 χειροτονίαν
1488 450 1966 523 προφασιζόμενοι,

402 549 498 603 καὶ
524 549 583 602 τὸ
606 548 770 600 πλέον
794 546 903 601 τῶν
933 546 1031 601 νῦν
1058 546 1312 599 ἁπάντων
1332 545 1482 607 ὄντες
1505 543 1800 613 ἐπιτήδειοι
1832 540 1971 611 πρὸς

400 640 464 692 τὸ
492 638 673 709 ἔργον,
704 638 799 690 καὶ
826 636 885 695 ἐξ
921 637 1206 706 ἀσκήσεως
1258 636 1368 689 τῶν
1413 634 1596 689 καλῶν
1651 634 1971 704 παρρησίαν

402 733 545 800 ἔχειν
566 734 620 783 ἐν
640 733 703 801 τῇ
732 731 954 800 λατρεία
981 728 1117 798 ergo;
1148 728 1239 781 τὸν
1267 730 1544 798 Δεσπότην
1578 728 1780 798 μᾶλλον
1804 728 1968 783 δυνά-

406 843 572 897 μενοι.
618 826 853 886 Ἐκεῖνος
873 824 928 876 δὲ
958 824 1186 892 πρέπειν
1233 821 1384 890 ἔλεγε
1434 825 1547 886 τοῖς
1584 823 1764 885 πόνοις
1786 822 1847 876 τὸ
1876 824 1972 890 γέ-

406 934 525 982 ρας,
560 915 653 967 καὶ
701 914 813 976 τοῖς
846 913 1112 982 καμάτοις
1165 912 1257 965 τοῦ
1304 913 1533 981 ἀγῶνος,
1568 913 1645 977 ὡς
1694 914 1965 984 ἐνόμιζεν,

401 1003 574 1064 ἐδίδου
611 1009 798 1077 μισθὸν
840 1008 900 1060 τὸ
943 1007 1177 1075 ἀξίωμα.
1219 1006 1299 1060 Ex
1337 1008 1595 1062 versione
1642 1007 1789 1063 Petri
1836 1009 1973 1065 Pos-

403 1104 507 1156 sini
547 1123 557 1154 :
598 1100 745 1154 Idem
777 1112 970 1161 tamen,
1005 1109 1063 1151 ut
1094 1099 1230 1153 nolle
1260 1115 1353 1154 nos
1378 1100 1528 1165 vidit,
1555 1100 1767 1154 modum
1793 1104 1974 1171 posuit

403 1198 568 1267 ofﬁcio
591 1214 609 1261 ;
632 1212 694 1249 ne
725 1194 996 1247 recordari
1016 1193 1174 1260 pretii
1209 1192 1514 1246 redimendo
1536 1209 1697 1261 puero
1728 1196 1969 1263 impensi,

402 1301 451 1345 et
479 1290 633 1344 herili
655 1290 779 1356 jure
809 1297 1058 1355 tanquam
1090 1288 1404 1356 mancipium
1432 1289 1658 1342 retinere
1680 1290 1807 1344 velle
1829 1292 1973 1345 vide-

401 1395 567 1438 retur.
616 1382 696 1435 Ea
737 1384 913 1451 gratia
954 1380 1176 1433 arbitrio
1232 1389 1430 1441 nostro.
1477 1392 1655 1435 utrum
1701 1381 1969 1447 vellemus,

401 1476 659 1546 permisit,
679 1492 841 1529 unum
866 1473 963 1527 hoc
993 1484 1194 1526 tantum
1227 1475 1393 1526 amice
1419 1490 1752 1541 perseverans
1777 1474 1973 1530 blanda

404 1570 683 1642 tyrannide
727 1570 973 1629 obtinuit.
1009 1578 1068 1622 ut
1112 1567 1260 1622 nobis
1306 1567 1675 1622 recusantibus
1724 1569 1970 1623 sacerdo-

405 1667 530 1719 talis
575 1664 728 1733 oﬂ‘icii
750 1663 941 1733 jugnm
979 1664 1290 1730 imponeret.
1328 1659 1441 1715 Nos
1477 1665 1616 1715 enim
1653 1678 1787 1715 onus
1820 1676 1974 1728 repu-

408 1765 580 1809 tantes
622 1757 756 1808 tanti
797 1759 1085 1814 ministerii
1128 1761 1224 1812 hoc
1255 1757 1370 1828 ejus
1400 1756 1624 1808 consilio
1670 1754 1973 1808 contristati

402 1846 744 1914 deflebamus,
801 1862 892 1898 nec
946 1846 1243 1914 ferebamus
1297 1844 1459 1915 facile
1509 1852 1713 1896 tantam
1776 1841 1975 1907 imponi

401 1938 551 1992 nobis
574 1939 762 1991 malent
797 1939 998 2008 officiis,
1023 1938 1161 2009 quod
1196 1948 1306 1991 tam
1338 1942 1695 1999 emendatam,
1726 1943 1777 1985 et
1817 1932 1977 1987 subli-

401 2045 538 2082 mem
570 2030 791 2085 cazlestis
818 2032 937 2084 vita:
967 2032 1223 2084 rationem
1255 2031 1441 2100 exigit,
1460 2028 1668 2099 qualem
1691 2029 1777 2080 vix
1805 2024 1978 2077 sancti

400 2122 503 2186 ipsi
528 2132 789 2189 prtvstare
811 2124 874 2178 de
893 2140 947 2178 se
972 2123 1226 2177 audeant.
1252 2121 1374 2176 Illis
1406 2122 1594 2190 quippe
1626 2118 1754 2186 ipsis
1776 2129 1977 2185 quoque

398 2230 557 2283 grave
587 2215 682 2269 hoc
713 2232 900 2269 munus
931 2218 1098 2271 visum
1125 2226 1225 2271 est.
1261 2214 1439 2283 Neque
1472 2213 1525 2265 id
1559 2209 1976 2263 dissimularunt

400 2322 520 2359 cum
549 2324 608 2363 eo
641 2304 766 2362 sunt
798 2314 990 2374 vocati,
1024 2312 1282 2382 majorem
1311 2326 1424 2364 esse
1455 2308 1768 2378 dignitatem
1798 2301 1973 2363 illam,

400 2414 561 2465 quam
594 2412 648 2454 ut
684 2402 788 2455 sibi
817 2405 1147 2468 conveniret;
1184 2403 1240 2456 id
1282 2404 1457 2471 ipsum
1493 2401 1655 2452 etiam
1692 2396 1784 2450 diu
1812 2409 1975 2447 excu-

399 2509 522 2546 sare
567 2496 688 2548 ausi
746 2494 884 2562 apud
934 2494 1238 2563 offerentem
1290 2494 1429 2545 hunc
1474 2491 1726 2543 honorem
1788 2484 1973 2545 Deum,

400 2585 738 2654 deprecantes
787 2588 1175 2654 impositionem
1224 2599 1502 2643 manuum.
1556 2579 1887 2649 indignitatis
1927 2586 1977 2630 et

402 2677 784 2733 imbecillitatis
817 2680 1044 2748 propriw
1069 2679 1392 2733 conscientia
1426 2692 1444 2731 :
1479 2675 1689 2730 tametsi
1711 2671 1974 2732 omnibus,

402 2771 494 2839 qui
549 2786 686 2824 nunc
744 2779 889 2836 sunt,
950 2774 1095 2825 haud
1144 2771 1303 2841 paulo
1364 2777 1534 2823 essent
1583 2766 1743 2820 iidem
1794 2765 1862 2816 ad
1918 2760 1973 2813 id

402 2878 594 2915 munus
626 2864 878 2931 aptiores,
907 2873 956 2917 et
994 2874 1207 2933 propter
1244 2863 1555 2916 diuturnam
1592 2856 1970 2926 professionem

390 2952 686 3006 sanctioris
719 2954 859 3018 vitte,
892 2954 1248 3023 virtutumque
1276 2968 1430 3005 usum
1465 2948 1658 3019 majori
1685 2946 1879 3015 fiducia
1901 2943 1969 2997 ad

406 3044 775 3097 tractationem
812 3045 1216 3112 mysteriorum,
1256 3050 1305 3095 et
1360 3040 1681 3108 [unctionem
1718 3034 1976 3104 sacriﬁcii

404 3145 614 3203 possent
665 3136 927 3190 accedere.
972 3114 1183 3200 Quibus:
1207 3134 1297 3187 ille
1335 3143 1522 3186 contra
1563 3126 1985 3183 remunerando:

407 3228 508 3281 sibi
543 3229 709 3281 videri
755 3229 927 3282 aiebat
958 3229 1115 3297 hujus
1158 3228 1435 3295 dignitatis
1476 3223 1632 3279 titulo
1677 3222 1883 3278 labores
1920 3220 1980 3275 in

411 3328 520 3372 tam
552 3318 753 3389 difﬁcili
784 3323 1084 3382 certamine,
1121 3320 1273 3389 cujus
1321 3318 1609 3373 victoribus
1640 3316 1736 3371 hoc
1782 3315 1979 3369 addens

408 3412 618 3476 prtemii
660 3410 774 3464 loco
818 3412 919 3465 sibi
964 3412 1188 3480 placere.
1224 3409 1499 3464 Postremo
1548 3425 1666 3461 cum
1712 3407 1981 3461 discedere

409 3502 583 3567 illinc,
613 3511 662 3555 et
690 3501 906 3557 domum
938 3502 1126 3555 reverti
1149 3500 1553 3554 decrevissemus
1576 3497 1713 3552 idem
1748 3498 1839 3551 ille
1866 3498 1983 3550 via-

413 3595 516 3648 tico
534 3603 789 3663 quantum
817 3594 874 3645 in
904 3592 1118 3663 longam
1148 3591 1301 3644 illam
1332 3590 1469 3643 viam
1497 3603 1626 3656 opus
1664 3598 1800 3653 erat,
1846 3588 1981 3641 libe-

412 3682 602 3738 raliter
630 3685 937 3749 instructos,
980 3683 1116 3737 votis
1166 3682 1381 3750 insuper
1422 3688 1688 3744 oneratos,
1732 3695 1851 3732 cum
1887 3677 1984 3732 Dei

2070 345 2305 413 gratiam
2353 343 2503 396 nobis
2558 340 2762 393 itineris
2811 336 3074 395 comitem,
3127 345 3176 388 et
3228 334 3438 404 longum
3469 334 3631 399 domi,

2069 445 2347 505 postquam
2387 450 2447 487 eo
2491 431 2925 499 peruenissemus,
2959 426 3106 494 pacis
3136 427 3370 493 fructum
3400 440 3635 489 compre-

2071 537 2304 591 caretur,
2339 525 2416 578 sic
2445 523 2654 576 demum
2683 519 3061 589 officiosissime
3105 517 3333 573 dimisit.
3366 515 3519 568 Nihil
3542 516 3635 582 jus

2072 627 2343 672 ostentans
2384 631 2562 678 suum,
2605 624 2653 666 et
2694 612 2999 680 beneficium
3045 609 3437 675 redemptionis,
3477 623 3638 674 neque

2071 721 2385 781 potestatem
2416 708 2475 761 in
2509 714 2667 775 caput
2708 705 2873 770 pretio
2902 711 3133 763 emptum
3178 701 3279 753 sibi
3314 701 3636 769 acquisitam

2071 798 2369 868 gloriatus;
2421 794 2563 865 quod
2622 794 2797 845 minus
2858 792 3119 842 humanus
3177 789 3313 856 forte
3369 788 3636 856 quispiam

2073 890 2215 943 alius
2247 889 2487 957 faceret:
2518 887 2624 938 imo
2660 884 2810 938 illam
2850 882 3023 949 ipsam
3050 880 3326 933 videbatur
3355 879 3640 931 calamita-

2073 987 2178 1030 tem
2219 976 2558 1039 venditionis,
2603 971 2965 1027 consolatione
2997 970 3167 1022 multa
3208 969 3405 1022 levans.
3439 969 3519 1020 En
3553 966 3641 1019 hic

2074 1068 2411 1133 Theodulus,
2452 1074 2529 1131 et,
2568 1063 2717 1134 quod
2744 1062 2922 1131 magis
2948 1069 3053 1123 est,
3083 1061 3241 1113 Nilus
3285 1061 3403 1129 ipse
3444 1057 3503 1111 in
3552 1072 3643 1110 sa-

2072 1159 2353 1215 cerdotem
2388 1166 2513 1228 post
2545 1165 2626 1210 tot
2649 1155 2864 1209 labores
2890 1166 3153 1223 operosos
3187 1157 3352 1219 atque
3380 1150 3644 1203 molestos

2074 1253 2262 1306 laurea
2281 1250 2586 1306 sacerdotis
2618 1248 2687 1303 ab
2710 1248 2993 1318 episcopo,
3022 1254 3077 1300 et
3099 1245 3224 1313 ejus
3249 1252 3365 1298 arte
3391 1250 3445 1297 et
3468 1250 3645 1296 mane

2070 1342 2445 1404 evinciuntur,
2472 1355 2597 1395 cum
2621 1347 2783 1394 antea
2808 1338 2958 1391 nulla
2985 1336 3253 1406 dignitate
3270 1333 3643 1389 ecclesiastica

2076 1433 2418 1504 ell'ulgerent.
2469 1431 2651 1497 Quare
2701 1445 2810 1485 non
2860 1438 2916 1485 et
2950 1428 3104 1483 Nilus
3150 1427 3222 1481 ob
3274 1427 3373 1480 has
3423 1424 3645 1479 easdem

2074 1524 2365 1594 speciosas
2403 1523 2572 1578 animi
2619 1522 2802 1587 dotes,
2856 1532 2912 1575 et
2950 1519 3324 1575 doctrinarum
3380 1526 3645 1585 pra-stan-

2076 1616 2234 1678 tiam,
2257 1622 2314 1668 et
2331 1620 2617 1668 enavatam
2647 1626 2869 1681 operam
2905 1626 3001 1681 pro
3024 1609 3336 1664 Christiana
3367 1608 3649 1678 republica

2081 1706 2349 1776 consequi
2381 1705 2560 1776 potuit
2606 1705 2888 1774 praemium
2944 1704 3013 1757 ab
3068 1701 3308 1771 antiqua:
3351 1698 3642 1768 religionis

2075 1797 2374 1869 exemplari
2412 1797 2717 1867 episcopo?
2748 1795 2859 1866 Ego
2896 1801 3045 1848 certe
3066 1809 3175 1847 non
3203 1792 3418 1850 dubito.
3442 1791 3567 1845 licet
3596 1790 3650 1842 Μ

2077 1891 2133 1944 in
2167 1888 2389 1957 scriptis
2427 1887 2663 1942 relatum
2712 1901 2821 1941 non
2863 1885 2956 1949 sit,
3000 1891 3312 1938 assecutum
3354 1881 3546 1935 fuisse.
3580 1879 3651 1934 Ut

2078 1980 2204 2033 hinc
2231 1979 2427 2032 merito
2451 1978 2522 2033 ab
2551 1977 2700 2032 illius
2738 1976 2840 2031 aevi
2865 1975 3255 2044 scriptoribus,
3288 1971 3495 2043 quibus
3514 1986 3647 2040 per-

2079 2075 2417 2143 vulgatiores
2462 2086 2521 2128 et
2568 2073 3063 2144 percelebratiores
3112 2078 3269 2124 erant
3313 2066 3490 2121 titulis
3536 2082 3649 2119 non

2078 2167 2338 2235 martyris
2368 2174 2606 2229 tantum,
2640 2165 2735 2220 sed
2766 2172 2821 2219 et
2858 2162 3104 2234 episcopi
3135 2160 3432 2231 insignitus
3466 2167 3651 2228 postc-

2077 2254 2225 2307 ritati
2278 2260 2577 2313 accesserit
2628 2255 2788 2313 :tetsi
2834 2268 2954 2327 qua
3006 2252 3075 2307 de
3124 2266 3191 2306 eo
3243 2248 3651 2303 Commentario

2076 2350 2517 2415 pertractabant,
2550 2348 2922 2410 extabuerint,
2953 2352 3007 2399 et
3040 2340 3106 2397 ad
3137 2341 3367 2396 nihilum
3404 2338 3649 2393 funditus

2078 2435 2367 2494 redierint.
2402 2437 2517 2493 Nisi
2568 2437 2843 2508 quispiam
2882 2433 3260 2504 perhorridus,
3294 2440 3350 2486 et
3406 2431 3652 2485 incultus

2079 2527 2135 2581 id
2166 2544 2396 2598 quoque
2443 2531 2627 2584 dicere
2673 2528 2893 2589 audeat,
2943 2528 3346 2595 exscriptornm
3378 2524 3650 2577 incurias-tl

2076 2618 2263 2676 Nilum
2314 2623 2467 2676 illum
2517 2620 2834 2691 Egyptium
2873 2619 3192 2688 episcopum
3241 2622 3297 2668 et
3354 2623 3651 2683 martyrem

2079 2725 2211 2767 cum
2264 2713 2374 2768 hoc
2421 2722 2613 2767 nostro
2658 2708 3274 2777 ConstantinOpolitano
3304 2704 3650 2759 contudisse.

2079 2799 2406 2873 Defunctum
2448 2802 2659 2855 tandem
2696 2800 2834 2853 hunc
2868 2796 3054 2851 Nilum
3087 2795 3334 2850 Justinus
3378 2794 3656 2848 Posterior

2078 2890 2203 2946 inde
2251 2890 2573 2943 translatum
2604 2892 2660 2944 in
2706 2889 3049 2958 fundamento
3095 2885 3403 2940 secretioris
3430 2883 3655 2944 Mensas.

2083 2991 2277 3035 narrat
2307 2978 2647 3049 Nicephorius
2678 2978 2775 3033 lib.
2813 2993 2927 3041 xw,
2959 2991 3079 3045 cap.
3104 2974 3195 3040 54,
3226 2975 3281 3027 in
3308 2990 3389 3031 eo.
3420 2972 3561 3041 quod
3584 2971 3654 3023 ab

2082 3074 2203 3151 ipso
2239 3071 2396 3125 Petro
2452 3078 2504 3124 et
2562 3069 2735 3123 Paulo
2787 3067 3148 3136 apostolorum
3195 3064 3517 3133 principibus
3581 3063 3653 3115 ad

2065 3161 2589 3231 .orphanotrophium
2639 3168 3004 3215 constructum
3049 3168 3151 3224 est,
3187 3157 3377 3224 templo
3422 3157 3653 3223 reponit.

2091 3256 2186 3307 Ὃν
2220 3253 2365 3306 τέλει
2391 3252 2486 3307 τοῦ
2535 3252 2652 3322 βίου
2684 3253 3029 3323 χρησαμένον
3070 3252 3349 3311 Ἰουστῖνος
3368 3249 3397 3300 ὁ
3423 3246 3653 3316 ὕστερος

2087 3343 2293 3397 ἐκεῖθεν
2311 3342 2667 3413 ἀνακομίσας,
2684 3342 2777 3395 ἐπὶ
2792 3342 2869 3412 τῷ
2891 3341 2988 3413 βάθ
2997 3358 3073 3412 ρῳ
3087 3341 3185 3409 τῆς
3203 3340 3356 3411 ἱερᾶς
3372 3339 3657 3409 τραπέζης

2085 3436 2180 3489 τοῦ
2216 3437 2344 3509 παρ’
2383 3435 2548 3489 αὐτοῦ
2579 3435 2905 3506 δομηθέντος
2931 3436 3080 3489 οἴκου
3117 3433 3308 3503 Πέτρῳ
3341 3433 3432 3484 καί
3455 3430 3656 3500 Παύλῳ

2083 3531 2197 3591 τοῖς
2253 3528 2573 3600 κορυφαίοις
2609 3527 2719 3582 τῶν
2780 3526 3091 3583 ἀποστόλων
3123 3527 3182 3579 ὲν
3211 3524 3287 3596 τῷ
3323 3523 3656 3597 ὀρφανοτρο-

2085 3622 2223 3691 φείῳ
2260 3620 2540 3673 κατέθετο.
