3822 6216
208 317 1560 351 Ὰ--ῂ

1570 341 3467 390 Ἣ

948 508 1176 596 ΤΟΥ
1248 513 1385 599 ΕΝ
1430 516 1797 605 ΛΓΙΟΙΣ
1874 521 2311 610 ΠΑΤΡΟΣ
2385 527 2713 616 ΗΜΩΝ

1392 708 2262 891 ΝΕΙΛΟΥ

753 966 897 1023 ΤΟΥ
970 969 1302 1027 ΔΣΚΗΤΟΥ
1329 1014 1346 1040 ,
1408 975 1749 1035 ΜΔΘΗΤΟΥ
1814 982 2127 1039 1ΩΔΝΝΟΥ
2186 987 2326 1044 ΤΟΥ
2393 991 2907 1052 ΧΡΥΣΟΣΤΟΜΟΥ

888 1147 1887 1286 ΕΠΙΣΤΟΛΩΝ
1994 1158 2527 1297 ΒΙΒΛΙΑ
2605 1165 2757 1299 Δ.

385 1835 909 1968 ASCETAC,
985 1843 1593 1938 DISCIPULI
1652 1850 1748 1941 S.
1790 1850 2310 1950 JOANNIS
2382 1862 3237 1962 CHRYSOSTOMI

247 2042 1611 2227 EPISTOLARUM
1753 2076 2274 2233 LIBRI
2430 2083 3399 2267 QUATUOR.

1386 2338 1746 2420 Interprete
1781 2344 1997 2409 Leone
2032 2344 2287 2413 Allatio.

746 2620 1215 2673 SERENISSIMO
1269 2624 1596 2676 PRINCIPI
1641 2628 2004 2684 RAYNALDO
2053 2636 2255 2687 ESTER

1405 2626 1596 2676 NCIPI
1641 2628 2004 2684 RAYNALDO
2053 2636 2348 2687 ESTENSI
2396 2638 2517 2689 LEO
2563 2597 2914 2693 ΑιιξΑΤῚυς.

265 2746 589 2808 Praeclara
622 2751 794 2828 genii
824 2753 923 2813 tui
967 2754 1232 2830 indoles,
1265 2757 1571 2838 Princeps
1599 2761 2024 2842 Serenissime,
2055 2769 2123 2829 in
2158 2788 2281 2850 qua
2307 2773 2642 2853 utriusque
2666 2777 2896 2851 gentis,
2925 2776 3089 2838 unde
3132 2780 3312 2858 origo
3351 2779 3473 2843 tibi

192 2856 296 2919 est,
326 2846 571 2907 lumina
587 2848 856 2911 ubertim
888 2851 1306 2932 efﬂorescunt,
1349 2859 1465 2919 etsi
1496 2859 1753 2920 Italiam
1780 2863 2140 2925 universam
2164 2846 2518 2941 exhilarat,
2567 2873 2619 2933 ii
2640 2881 2841 2932 tamen
2873 2876 3107 2952 gaudio
3132 2895 3269 2954 prce
3302 2889 3477 2941 ciete-

191 2948 279 3003 ris
323 2943 702 3024 efferuntur,
739 2949 851 3026 qui
881 2950 1357 3013 eminentissimi
1384 2955 1733 3018 cardinalis
1753 2959 2096 3024 Barberini
2127 2965 2429 3028 avunculi
2453 2969 2551 3029 tui
2579 2970 2647 3029 in
2674 2969 3062 3049 famulitium
3088 2974 3332 3035 ascribi
3362 2977 3473 3037 de-

188 3350 455 3412 quoque,
489 3353 672 3414 quam
695 3334 832 3408 alii,
864 3334 1171 3415 religione
1198 3342 1398 3402 teneri
1425 3343 1643 3404 videor
1670 3334 2056 3415 observantis
2079 3358 2276 3417 animi
2297 3356 2579 3420 latitiam
2606 3372 3001 3423 monumento
3034 3362 3245 3444 aliquo
3269 3367 3333 3426 in
3354 3384 3478 3443 po-

188 3438 386 3489 steros
404 3430 719 3492 duratura
743 3435 1107 3496 attestandi.
1136 3435 1367 3514 Accipe
1385 3439 1610 3516 igitur,
1637 3440 2013 3507 Adolescens
2042 3448 2470 3524 Serenissime,
2492 3452 2734 3527 Nilum,
2757 3472 2837 3533 qu
2852 3475 2941 3515 em
2974 3465 3081 3517 tuo
3106 3430 3477 3520 nomini‘di-

190 3543 426 3599 camus,
450 3528 664 3605 egregi
678 3546 785 3587 um
801 3528 1041 3591 scilicet
1068 3530 1704 3610 Ecclesicedoctorem,
1722 3542 1831 3618 qui
1850 3547 2173 3609 nonmodo
2193 3549 2647 3628 Chrysostomi,
2672 3570 2751 3612 ea:
2764 3528 2949 3633 cujus
2974 3553 3187 3615 schola
3201 3557 3471 3634 prodiit,

193 3620 548 3682 doctrinam
577 3623 837 3697 redolet,
865 3626 973 3687 sed
998 3628 1293 3704 pietatem
1306 3632 1967 3714 etiamubiquespirat,
1987 3644 2294 3707 hereticis
2310 3620 2813 3727 formidandam:
2835 3620 3075 3723 Nilum,
3106 3620 3386 3731 inquam,
3405 3663 3474 3713 at

191 3736 319 3777 non
341 3716 590 3798 qualem
618 3722 804 3781 annis
808 3725 1109 3799 proxime
1122 3726 1351 3803 elapsis
1383 3747 1412 3787 e
1437 3730 1729 3805 tenebris,
1756 3734 2058 3815 inquibus
2080 3740 2192 3801 diu
2208 3758 2271 3801 se
2301 3741 2640 3812 occulerat.
2665 3745 2734 3805 in
2763 3743 2959 3806 lucem
2983 3748 3156 3807 exire
3182 3748 3470 3819 vidimus,

190 3815 296 3875 sed
323 3816 752 3893 grandiorem,
793 3830 849 3878 et
869 3818 1017 3881 Nilo
1049 3820 1247 3899 ﬂuvio
1282 3842 1413 3884 non
1444 3844 1472 3884 e
1498 3828 1632 3887 suis
1659 3829 1947 3911 fpntibus
1978 3842 2351 3917 erumpenti,
2394 3842 2571 3902 tenui
2598 3842 2859 3917 scilicet,
2925 3852 2982 3904 et
3039 3847 3268 3923 exiguo
3304 3844 3481 3924 (talis:

194 3911 344 3972 olim
373 3923 531 3983 erat,
562 3912 784 3975 illimis
823 3934 970 3976 vero
1034 3937 1063 3977 e
1100 3920 1575 3999 nitidissimus),
1607 3923 1714 3985 sed
1740 3911 2275 3992 Mediterraneum
2321 3911 2585 4011 pelagus
2618 3937 2798 3996 ostiis
2828 3911 3322 4015 septemgeminis
3358 3937 3476 3997 im-

191 4006 449 4084 pellenti
476 4028 608 4070 non
627 4011 1000 4077 absimilem.
1031 4015 1152 4077 Sed
1182 4020 1410 4096 quieris
1437 4021 1736 4100 forsitan,
1769 4023 1936 4085 unde
1962 4006 2412 4089 incrementum
2441 4006 2815 4100 accesserit;
2851 4006 2906 4093 el
2934 4033 3003 4093 id
3032 4006 3262 4111 qvuceris
3306 4034 3483 4113 quod

196 4105 362 4182 ipse:
394 4115 450 4165 et
485 4107 542 4167 si
573 4116 646 4167 tu
676 4125 805 4168 non
821 4126 1150 4189 quaereres,
1173 4113 1407 4192 quippe
1443 4116 1662 4193 ingens
1696 4136 1825 4179 meo
1848 4124 2096 4184 muneri
2116 4126 2399 4202 pretium
2428 4125 2631 4199 addit,
2655 4127 2831 4201 ultro
2857 4105 3294 4209 patefacerem.
3317 4105 3480 4189 .Jamv

194 4201 362 4261 vides
386 4219 569 4281 quem
593 4202 877 4283 designat
913 4212 1145 4280 oratio,
1190 4210 1462 4271 eumdem
1484 4230 1698 4292 nempe
1724 4201 2325 4283 Eminentissimum.
2364 4223 2430 4282 Is
2463 4224 2625 4282 enim
2657 4224 3010 4304 dumthujus
3040 4226 3250 4287 sancti
3297 4227 3475 4286 seri-7

196 4299 406 4373 ptoris
430 4316 510 4372 eq:
542 4298 860 4376 Vaticana,
883 4301 1342 4382 Altempsiana,
1384 4316 1440 4367 et
1469 4327 1586 4368 sua
1605 4311 2005 4387 potissimum
2033 4314 2431 4392 bibliotheca,
2453 4329 2849 4380 monumenta
2871 4298 3140 4399 colligit,
3174 4340 3246 4381 ac
3275 4323 3333 4381 si
3369 4331 3471 4382 tot-

201 4411 510 4472 aquarum
562 4394 832 4470 rivulos,
900 4399 1084 4477 longe
1112 4400 1190 4461 ab
1236 4400 1411 4462 alveo
1446 4416 1773 4483 evagantes
1810 4408 1879 4470 in
1922 4409 2163 4473 alveum
2201 4416 2581 4491 reduxisset,
2622 4417 2839 4480 Nilum
2875 4420 3039 4480 hunc
3082 4439 3110 4479 e
3165 4418 3471 4498 populari

197 4491 438 4569 regium
461 4490 686 4571 effecit.
719 4494 888 4556 Hinc
918 4514 1049 4557 non
1069 4515 1275 4576 parva
1294 4518 1432 4579 spes
1469 4505 1704 4577 oritur,
1744 4504 1821 4566 ab
1862 4508 2071 4570 eodem
2101 4512 2281 4590 longe
2305 4510 2546 4594 lateque
2584 4514 2818 4594 diffuso
2856 4517 2947 4577 ita
2976 4490 3270 4578 Ecclesiae
3300 4536 3477 4577 cam-

196 4603 309 4663 pos
339 4588 685 4667 irrigatum
718 4592 827 4663 iri,
860 4602 935 4655 ut
962 4595 1031 4655 hi
1054 4594 1406 4675 fertiliores
1436 4599 1674 4661 redditi
1708 4588 2231 4667 abundantiorem
2266 4588 2460 4689 quani
2479 4588 2952 4673 anted'Christo
3008 4614 3276 4673 Domino
3313 4631 3469 4672 mes-

195 4706 317 4747 sem
342 4690 697 4767 sufﬁciant,
734 4690 1016 4774 illudque
1034 4696 1328 4760 Davidici
1356 4702 1655 4761 carminis
1678 4701 2004 4763 oraculum
2024 4701 2362 4782 impleatur
2394 4727 2414 4766 :
2448 4728 2476 4762 «
2521 4705 2838 4769 Fluminis
2881 4709 3146 4788 impetus
3192 4708 3472 4788 laetificae

199 4791 516 4852 civitatem
554 4793 664 4853 Dei
692 4792 797 4875 (a).
829 4817 861 4852 ιο
895 4795 1200 4875 Impetum
1220 4800 1289 4860 in
1320 4801 1436 4861 hoc
1463 4801 1722 4880 ﬂumine
1747 4802 1958 4878 regius
1978 4811 2146 4861 vates
2182 4801 2491 4863 desiderat
2521 4821 2540 4860 :
2569 4809 2648 4863 at’
2665 4822 2965 4883 quorsum
2991 4809 3019 4866 ?
3052 4806 3466 4867 Hilaritatem

193 4888 412 4962 potius
429 4906 604 4967 aqua:
639 4888 872 4951 leniter
900 4890 1163 4970 ﬂuentes
1193 4895 1571 4967 conciliant,
1603 4916 1788 4977 quam
1834 4915 1966 4976 quae
2000 4898 2400 4975 rapidissime
2446 4898 2845 4961 evolvuntur.
2914 4903 3130 4962 Verum
3180 4921 3248 4962 ea
3298 4902 3466 4963 Pro-

188 4986 390 5062 pheta!
416 5005 587 5047 mens
612 4997 721 5061 est,
754 5001 823 5052 ut
853 5011 1114 5067 amnem,
1146 4997 1254 5057 cui
1278 5007 1523 5058 tantum
1556 4998 1879 5071 attribuit,
1901 5013 2032 5055 non
2062 5013 2141 5053 ea:
2163 4996 2278 5056 hac
2311 4994 2730 5074 lacrymarum
2765 4995 2928 5057 valle
2960 4999 3265 5075 originem
3321 5007 3462 5057 tra-

196 5083 355 5156 here,
391 5085 501 5145 sed
529 5104 568 5144 a
599 5085 746 5147 caelo
785 5089 990 5151 delabi
1020 5089 1467 5170 intelligamus.
1492 5095 1676 5170 Quod
1700 5096 1759 5156 si
1781 5096 1871 5155 ita
1894 5092 2089 5169 est,N
2091 5092 2243 5153 ilum
2275 5093 2439 5153 hunc
2468 5103 2758 5155 nostrum
2786 5094 3140 5172 designasse
3162 5096 3469 5156 audacter

194 5182 553 5254 asserimus,
588 5186 819 5263 quippe
845 5188 957 5266 qui
975 5207 1156 5249 nona
1176 5193 1489 5263 terrestri,
1512 5204 1583 5253 ut
1613 5193 1976 5271 Egi/ptius,
1994 5189 2299 5267 paradiso
2333 5188 2606 5263 desilire,
2640 5190 2746 5250 sed
2779 5191 2993 5251 divino
3042 5192 3298 5268 Spiritu
3326 5204 3467 5252 tur-

196 5276 378 5353 gidus
405 5296 446 5336 a
474 5280 905 5356 supracaelesli
925 5284 1287 5347 descendere
1309 5288 1460 5366 jure
1487 5289 1709 5348 merito
1751 5289 2060 5351 videatur.
2094 5289 2284 5351 Nemo
2318 5289 2521 5366 igitur
2553 5290 2938 5367 insipientiae
2980 5288 3251 5369 aliquem
3292 5292 3461 5351 insi—

196 5376 481 5449 mularet,
516 5380 629 5457 qui
657 5378 1099 5445 beatitudinem
1131 5383 1427 5459 crederet,
1461 5386 1519 5445 si
1544 5384 1681 5448 Nili
1702 5385 2099 5464 principium
2159 5385 2370 5456 sciret,
2398 5384 2726 5444 dummodo
2783 5386 2972 5465 hujus
3024 5388 3293 5466 fontem,
3328 5404 3461 5446 non

202 5471 473 5548 Coptici,
510 5475 844 5554 indagaret
867 5501 888 5539 :
916 5480 1221 5559 siquidem
1258 5500 1388 5541 non
1430 5498 1639 5541 rerum
1668 5480 2061 5543 naturalium
2100 5499 2344 5554 causas,
2360 5482 2486 5553 ~sed
2504 5480 2862 5543 divinarum
2906 5493 3465 5562 perscrutaretur.

202 5566 499 5631 Adderem
541 5570 735 5650 plura
768 5574 851 5637 ad
883 5576 1068 5658 hujus
1097 5576 1434 5656 scriptoris
1484 5574 1749 5653 laudem,
1783 5578 2113 5657 inemptum
2157 5576 2341 5639 semel
2392 5577 3346 5662 similitudinemprosequendo,
3396 5580 3457 5640 si

269 5691 341 5756 (α)
376 5691 520 5748 Psal.
559 5711 683 5761 xu,
714 5696 773 5751 5.
