  <div class='ocr_page' id='page_1' title='image "/cluster/home/n/w/nwhite01/storage/ocr_20150623/79/nnc1.0038021404/059.png"; bbox 0 0 3822 6216; ppageno 0'>
   <div class='ocr_carea' id='block_1_1' title="bbox 347 243 3615 320">
    <p class='ocr_par' dir='ltr' id='par_1_1' title="bbox 347 243 3615 320">
     <span class='ocr_line' id='line_1_1' title="bbox 347 243 3615 320; baseline -0.006 8"><span class='ocrx_word' id='word_1_1' title='bbox 347 249 416 311; x_wconf 86' lang='lat'><strong>83</strong></span> <span class='ocrx_word' id='word_1_2' title='bbox 1846 258 1908 320; x_wconf 92' lang='lat' dir='ltr'><strong>s.</strong></span> <span class='ocrx_word' id='word_1_3' title='bbox 1948 256 2112 318; x_wconf 90' lang='lat' dir='ltr'><strong>NILl</strong></span> <span class='ocrx_word' id='word_1_4' title='bbox 3544 243 3615 308; x_wconf 73' lang='lat' dir='ltr'><strong>st</strong></span> 
     </span>
    </p>
   </div>
   <div class='ocr_carea' id='block_1_2' title="bbox 349 352 1931 440">
    <p class='ocr_par' dir='ltr' id='par_1_2' title="bbox 349 363 1927 440">
     <span class='ocr_line' id='line_1_2' title="bbox 349 363 1927 440; baseline 0.003 -21"><span class='ocrx_word' id='word_1_5' title='bbox 349 366 591 419; x_wconf 82' lang='lat' dir='ltr'><strong>maximo</strong></span> <span class='ocrx_word' id='word_1_6' title='bbox 626 363 953 436; x_wconf 83' lang='lat' dir='ltr'><strong>etllagitans,</strong></span> <span class='ocrx_word' id='word_1_7' title='bbox 981 374 1277 439; x_wconf 88' lang='lat' dir='ltr'><strong>extorques</strong></span> <span class='ocrx_word' id='word_1_8' title='bbox 1316 387 1329 423; x_wconf 90' lang='lat'>:</span> <span class='ocrx_word' id='word_1_9' title='bbox 1372 384 1571 440; x_wconf 89' lang='lat' dir='ltr'><strong>neque,</strong></span> <span class='ocrx_word' id='word_1_10' title='bbox 1626 370 1772 426; x_wconf 91' lang='lat' dir='ltr'><strong>enim</strong></span> <span class='ocrx_word' id='word_1_11' title='bbox 1810 369 1927 439; x_wconf 86' lang='lat' dir='ltr'><strong>ipse</strong></span> 
     </span>
    </p>
   </div>
   <div class='ocr_carea' id='block_1_3' title="bbox 2045 352 3613 440">
    <p class='ocr_par' dir='ltr' id='par_1_3' title="bbox 2045 352 3613 440">
     <span class='ocr_line' id='line_1_3' title="bbox 2045 352 3613 440; baseline -0.008 -18"><span class='ocrx_word' id='word_1_12' title='bbox 2045 372 2127 440; x_wconf 76' lang='grc' dir='ltr'><strong>ιὴν</strong></span> <span class='ocrx_word' id='word_1_13' title='bbox 2157 368 2296 440; x_wconf 80' lang='grc' dir='ltr'>ἐμὴν</span> <span class='ocrx_word' id='word_1_14' title='bbox 2321 365 2667 429; x_wconf 77' lang='grc' dir='ltr'><strong>ταπείνωσιν,</strong></span> <span class='ocrx_word' id='word_1_15' title='bbox 2696 365 2758 418; x_wconf 86' lang='grc' dir='ltr'>οὐ</span> <span class='ocrx_word' id='word_1_16' title='bbox 2798 352 2906 435; x_wconf 81' lang='grc' dir='ltr'><strong>γὰρ</strong></span> <span class='ocrx_word' id='word_1_17' title='bbox 2956 361 3020 435; x_wconf 86' lang='grc' dir='ltr'>δὴ</span> <span class='ocrx_word' id='word_1_18' title='bbox 3040 360 3153 433; x_wconf 83' lang='grc' dir='ltr'><strong>ἐγὼ</strong></span> <span class='ocrx_word' id='word_1_19' title='bbox 3184 359 3323 432; x_wconf 81' lang='grc' dir='ltr'>πρὸς</span> <span class='ocrx_word' id='word_1_20' title='bbox 3350 354 3514 412; x_wconf 66' lang='grc' dir='ltr'>τοῦτό</span> <span class='ocrx_word' id='word_1_21' title='bbox 3547 373 3613 425; x_wconf 83' lang='grc' dir='ltr'><strong>γε</strong></span> 
     </span>
    </p>
   </div>
   <div class='ocr_carea' id='block_1_4' title="bbox 346 457 1925 533">
    <p class='ocr_par' dir='ltr' id='par_1_4' title="bbox 346 457 1925 533">
     <span class='ocr_line' id='line_1_4' title="bbox 346 457 1925 533; baseline 0.002 -21"><span class='ocrx_word' id='word_1_22' title='bbox 346 457 416 512; x_wconf 87' lang='lat' dir='ltr'><strong>ad</strong></span> <span class='ocrx_word' id='word_1_23' title='bbox 444 457 801 513; x_wconf 89' lang='lat' dir='ltr'><strong>scribendum</strong></span> <span class='ocrx_word' id='word_1_24' title='bbox 842 459 1051 530; x_wconf 79' lang='lat' dir='ltr'><strong>segnis,</strong></span> <span class='ocrx_word' id='word_1_25' title='bbox 1085 475 1262 530; x_wconf 89' lang='lat' dir='ltr'><strong>neque</strong></span> <span class='ocrx_word' id='word_1_26' title='bbox 1297 461 1580 533; x_wconf 81' lang='lat' dir='ltr'><strong>negligens</strong></span> <span class='ocrx_word' id='word_1_27' title='bbox 1614 476 1758 517; x_wconf 83' lang='lat' dir='ltr'><strong>sum.</strong></span> <span class='ocrx_word' id='word_1_28' title='bbox 1781 460 1925 517; x_wconf 87' lang='lat' dir='ltr'><strong>Dixit</strong></span> 
     </span>
    </p>
   </div>
   <div class='ocr_carea' id='block_1_5' title="bbox 343 549 1924 621">
    <p class='ocr_par' dir='ltr' id='par_1_5' title="bbox 343 549 1924 621">
     <span class='ocr_line' id='line_1_5' title="bbox 343 549 1924 621; baseline 0.003 -18"><span class='ocrx_word' id='word_1_29' title='bbox 343 549 532 619; x_wconf 90' lang='lat' dir='ltr'><strong>itaque</strong></span> <span class='ocrx_word' id='word_1_30' title='bbox 609 551 800 606; x_wconf 89' lang='lat' dir='ltr'><strong>nescio</strong></span> <span class='ocrx_word' id='word_1_31' title='bbox 852 552 977 621; x_wconf 83' lang='lat' dir='ltr'><strong>quis</strong></span> <span class='ocrx_word' id='word_1_32' title='bbox 1037 562 1165 607; x_wconf 88' lang='lat' dir='ltr'><strong>ante</strong></span> <span class='ocrx_word' id='word_1_33' title='bbox 1207 567 1310 609; x_wconf 88' lang='lat' dir='ltr'><strong>nos</strong></span> <span class='ocrx_word' id='word_1_34' title='bbox 1341 553 1395 608; x_wconf 92' lang='lat' dir='ltr'><strong>in</strong></span> <span class='ocrx_word' id='word_1_35' title='bbox 1438 555 1700 610; x_wconf 85' lang='lat' dir='ltr'><strong>memoria</strong></span> <span class='ocrx_word' id='word_1_36' title='bbox 1745 554 1924 607; x_wconf 89' lang='lat' dir='ltr'><strong>homi-</strong></span> 
     </span>
    </p>
   </div>
   <div class='ocr_carea' id='block_1_6' title="bbox 351 641 1922 711">
    <p class='ocr_par' dir='ltr' id='par_1_6' title="bbox 351 641 1922 711">
     <span class='ocr_line' id='line_1_6' title="bbox 351 641 1922 711; baseline 0.001 -18"><span class='ocrx_word' id='word_1_37' title='bbox 351 656 504 706; x_wconf 88' lang='lat' dir='ltr'><strong>num,</strong></span> <span class='ocrx_word' id='word_1_38' title='bbox 549 656 672 711; x_wconf 64' lang='lat' dir='ltr'><strong>quae</strong></span> <span class='ocrx_word' id='word_1_39' title='bbox 700 642 908 711; x_wconf 90' lang='lat' dir='ltr'><strong>scripto</strong></span> <span class='ocrx_word' id='word_1_40' title='bbox 948 641 1152 697; x_wconf 86' lang='lat' dir='ltr'><strong>tradita</strong></span> <span class='ocrx_word' id='word_1_41' title='bbox 1187 658 1299 697; x_wconf 93' lang='lat' dir='ltr'><strong>non</strong></span> <span class='ocrx_word' id='word_1_42' title='bbox 1322 652 1428 708; x_wconf 89' lang='lat' dir='ltr'><strong>est,</strong></span> <span class='ocrx_word' id='word_1_43' title='bbox 1459 642 1658 697; x_wconf 84' lang='lat' dir='ltr'><strong>famam</strong></span> <span class='ocrx_word' id='word_1_44' title='bbox 1690 642 1922 698; x_wconf 85' lang='lat' dir='ltr'><strong>similem</strong></span> 
     </span>
    </p>
   </div>
   <div class='ocr_carea' id='block_1_7' title="bbox 344 733 1927 806">
    <p class='ocr_par' dir='ltr' id='par_1_7' title="bbox 344 733 1927 806">
     <span class='ocr_line' id='line_1_7' title="bbox 344 733 1927 806; baseline 0.003 -20"><span class='ocrx_word' id='word_1_45' title='bbox 344 733 489 803; x_wconf 86' lang='lat' dir='ltr'><strong>apud</strong></span> <span class='ocrx_word' id='word_1_46' title='bbox 539 733 840 788; x_wconf 86' lang='lat' dir='ltr'><strong>Ecclesiam</strong></span> <span class='ocrx_word' id='word_1_47' title='bbox 874 734 1194 789; x_wconf 80' lang='lat' dir='ltr'><strong>conservari</strong></span> <span class='ocrx_word' id='word_1_48' title='bbox 1231 754 1244 790; x_wconf 92' lang='lat'><strong>:</strong></span> <span class='ocrx_word' id='word_1_49' title='bbox 1283 733 1528 791; x_wconf 73' lang='lat' dir='ltr'><strong>Judaeam</strong></span> <span class='ocrx_word' id='word_1_50' title='bbox 1571 751 1767 806; x_wconf 83' lang='lat' dir='ltr'><strong>nempe</strong></span> <span class='ocrx_word' id='word_1_51' title='bbox 1816 737 1927 805; x_wconf 90' lang='lat' dir='ltr'><strong>pri-</strong></span> 
     </span>
    </p>
   </div>
   <div class='ocr_carea' id='block_1_8' title="bbox 344 826 1926 897">
    <p class='ocr_par' dir='ltr' id='par_1_8' title="bbox 344 826 1926 897">
     <span class='ocr_line' id='line_1_8' title="bbox 344 826 1926 897; baseline 0.001 -18"><span class='ocrx_word' id='word_1_52' title='bbox 344 840 489 879; x_wconf 86' lang='lat' dir='ltr'><strong>mam</strong></span> <span class='ocrx_word' id='word_1_53' title='bbox 538 835 664 881; x_wconf 85' lang='lat' dir='ltr'><strong>ante</strong></span> <span class='ocrx_word' id='word_1_54' title='bbox 718 826 857 882; x_wconf 88' lang='lat' dir='ltr'><strong>alias</strong></span> <span class='ocrx_word' id='word_1_55' title='bbox 902 826 971 881; x_wconf 93' lang='lat' dir='ltr'><strong>ab</strong></span> <span class='ocrx_word' id='word_1_56' title='bbox 1007 827 1228 883; x_wconf 89' lang='lat' dir='ltr'><strong>homine</strong></span> <span class='ocrx_word' id='word_1_57' title='bbox 1276 828 1604 892; x_wconf 90' lang='lat' dir='ltr'><strong>habitatam,</strong></span> <span class='ocrx_word' id='word_1_58' title='bbox 1638 828 1689 897; x_wconf 74' lang='lat'><strong>2</strong></span> <span class='ocrx_word' id='word_1_59' title='bbox 1718 828 1926 881; x_wconf 84' lang='lat' dir='ltr'><strong>Adamo</strong></span> 
     </span>
    </p>
   </div>
   <div class='ocr_carea' id='block_1_9' title="bbox 345 916 1924 989">
    <p class='ocr_par' dir='ltr' id='par_1_9' title="bbox 345 916 1924 989">
     <span class='ocr_line' id='line_1_9' title="bbox 345 916 1924 989; baseline 0.001 -20"><span class='ocrx_word' id='word_1_60' title='bbox 345 916 585 987; x_wconf 88' lang='lat' dir='ltr'><strong>primum</strong></span> <span class='ocrx_word' id='word_1_61' title='bbox 619 916 866 971; x_wconf 91' lang='lat' dir='ltr'><strong>omnium</strong></span> <span class='ocrx_word' id='word_1_62' title='bbox 902 916 1148 980; x_wconf 88' lang='lat' dir='ltr'><strong>condito,</strong></span> <span class='ocrx_word' id='word_1_63' title='bbox 1190 918 1287 989; x_wconf 91' lang='lat' dir='ltr'><strong>qui</strong></span> <span class='ocrx_word' id='word_1_64' title='bbox 1331 935 1362 973; x_wconf 91' lang='lat' dir='ltr'><strong>e</strong></span> <span class='ocrx_word' id='word_1_65' title='bbox 1402 917 1660 989; x_wconf 85' lang='lat' dir='ltr'><strong>paradiso</strong></span> <span class='ocrx_word' id='word_1_66' title='bbox 1692 918 1924 986; x_wconf 88' lang='lat' dir='ltr'><strong>ejectus,</strong></span> 
     </span>
    </p>
   </div>
   <div class='ocr_carea' id='block_1_10' title="bbox 348 1006 1927 1082">
    <p class='ocr_par' dir='ltr' id='par_1_10' title="bbox 348 1006 1927 1082">
     <span class='ocr_line' id='line_1_10' title="bbox 348 1006 1927 1082; baseline 0.001 -19"><span class='ocrx_word' id='word_1_67' title='bbox 348 1022 505 1063; x_wconf 89' lang='lat' dir='ltr'><strong>suam</strong></span> <span class='ocrx_word' id='word_1_68' title='bbox 551 1006 605 1063; x_wconf 92' lang='lat' dir='ltr'><strong>in</strong></span> <span class='ocrx_word' id='word_1_69' title='bbox 636 1023 698 1063; x_wconf 90' lang='lat' dir='ltr'><strong>ea</strong></span> <span class='ocrx_word' id='word_1_70' title='bbox 732 1009 916 1065; x_wconf 86' lang='lat' dir='ltr'><strong>sedem</strong></span> <span class='ocrx_word' id='word_1_71' title='bbox 968 1010 1200 1076; x_wconf 79' lang='lat' dir='ltr'><strong>locavit,</strong></span> <span class='ocrx_word' id='word_1_72' title='bbox 1241 1018 1301 1065; x_wconf 92' lang='lat' dir='ltr'><strong>ut</strong></span> <span class='ocrx_word' id='word_1_73' title='bbox 1346 1026 1554 1079; x_wconf 88' lang='lat' dir='ltr'><strong>rerum,</strong></span> <span class='ocrx_word' id='word_1_74' title='bbox 1584 1010 1785 1082; x_wconf 91' lang='lat' dir='ltr'><strong>quibus</strong></span> <span class='ocrx_word' id='word_1_75' title='bbox 1812 1012 1927 1081; x_wconf 88' lang='lat' dir='ltr'><strong>ipse</strong></span> 
     </span>
    </p>
   </div>
   <div class='ocr_carea' id='block_1_11' title="bbox 346 1100 1925 1170">
    <p class='ocr_par' dir='ltr' id='par_1_11' title="bbox 346 1100 1925 1170">
     <span class='ocr_line' id='line_1_11' title="bbox 346 1100 1925 1170; baseline -0.001 -14"><span class='ocrx_word' id='word_1_76' title='bbox 346 1100 616 1170; x_wconf 89' lang='lat' dir='ltr'><strong>spoliatus</strong></span> <span class='ocrx_word' id='word_1_77' title='bbox 657 1100 859 1165; x_wconf 79' lang='lat' dir='ltr'><strong>fuerat,</strong></span> <span class='ocrx_word' id='word_1_78' title='bbox 911 1103 1195 1160; x_wconf 82' lang='lat' dir='ltr'><strong>vicinitate</strong></span> <span class='ocrx_word' id='word_1_79' title='bbox 1237 1104 1645 1160; x_wconf 86' lang='lat' dir='ltr'><strong>consolaretur.</strong></span> <span class='ocrx_word' id='word_1_80' title='bbox 1680 1102 1925 1159; x_wconf 84' lang='lat' dir='ltr'><strong>Primum</strong></span> 
     </span>
    </p>
   </div>
   <div class='ocr_carea' id='block_1_12' title="bbox 346 1191 1922 1265">
    <p class='ocr_par' dir='ltr' id='par_1_12' title="bbox 346 1191 1922 1265">
     <span class='ocr_line' id='line_1_12' title="bbox 346 1191 1922 1265; baseline 0.001 -19"><span class='ocrx_word' id='word_1_81' title='bbox 346 1193 535 1263; x_wconf 85' lang='lat' dir='ltr'><strong>itaque</strong></span> <span class='ocrx_word' id='word_1_82' title='bbox 583 1191 877 1249; x_wconf 66' lang='lat' dir='ltr'><strong>Palaestina</strong></span> <span class='ocrx_word' id='word_1_83' title='bbox 936 1195 1289 1251; x_wconf 87' lang='lat' dir='ltr'><strong>demortuum</strong></span> <span class='ocrx_word' id='word_1_84' title='bbox 1347 1196 1626 1253; x_wconf 85' lang='lat' dir='ltr'><strong>hominem</strong></span> <span class='ocrx_word' id='word_1_85' title='bbox 1673 1195 1922 1265; x_wconf 85' lang='lat' dir='ltr'><strong>excepit,</strong></span> 
     </span>
    </p>
   </div>
   <div class='ocr_carea' id='block_1_13' title="bbox 347 1286 1925 1361">
    <p class='ocr_par' dir='ltr' id='par_1_13' title="bbox 347 1286 1925 1361">
     <span class='ocr_line' id='line_1_13' title="bbox 347 1286 1925 1361; baseline 0.004 -24"><span class='ocrx_word' id='word_1_86' title='bbox 347 1300 476 1339; x_wconf 86' lang='lat' dir='ltr'><strong>cum</strong></span> <span class='ocrx_word' id='word_1_87' title='bbox 528 1286 581 1339; x_wconf 93' lang='lat' dir='ltr'><strong>in</strong></span> <span class='ocrx_word' id='word_1_88' title='bbox 639 1302 702 1340; x_wconf 87' lang='lat' dir='ltr'><strong>ea</strong></span> <span class='ocrx_word' id='word_1_89' title='bbox 752 1286 1002 1342; x_wconf 83' lang='lat' dir='ltr'><strong>Adamus</strong></span> <span class='ocrx_word' id='word_1_90' title='bbox 1052 1289 1281 1346; x_wconf 85' lang='lat' dir='ltr'><strong>sceleris</strong></span> <span class='ocrx_word' id='word_1_91' title='bbox 1327 1305 1523 1360; x_wconf 80' lang='lat' dir='ltr'><strong>ptenas</strong></span> <span class='ocrx_word' id='word_1_92' title='bbox 1580 1290 1925 1361; x_wconf 89' lang='lat' dir='ltr'><strong>persolverit.</strong></span> 
     </span>
    </p>
   </div>
   <div class='ocr_carea' id='block_1_14' title="bbox 347 1377 1925 1455">
    <p class='ocr_par' dir='ltr' id='par_1_14' title="bbox 347 1377 1925 1455">
     <span class='ocr_line' id='line_1_14' title="bbox 347 1377 1925 1455; baseline 0.004 -22"><span class='ocrx_word' id='word_1_93' title='bbox 347 1377 483 1433; x_wconf 87' lang='lat' dir='ltr'><strong>Cum</strong></span> <span class='ocrx_word' id='word_1_94' title='bbox 513 1394 644 1447; x_wconf 84' lang='lat' dir='ltr'><strong>ergo</strong></span> <span class='ocrx_word' id='word_1_95' title='bbox 689 1379 758 1436; x_wconf 90' lang='lat' dir='ltr'><strong>iis</strong></span> <span class='ocrx_word' id='word_1_96' title='bbox 790 1395 887 1450; x_wconf 89' lang='lat' dir='ltr'><strong>per</strong></span> <span class='ocrx_word' id='word_1_97' title='bbox 924 1381 1067 1437; x_wconf 91' lang='lat' dir='ltr'><strong>idem</strong></span> <span class='ocrx_word' id='word_1_98' title='bbox 1098 1384 1362 1453; x_wconf 87' lang='lat' dir='ltr'><strong>temporis</strong></span> <span class='ocrx_word' id='word_1_99' title='bbox 1395 1384 1566 1438; x_wconf 88' lang='lat' dir='ltr'><strong>vitam</strong></span> <span class='ocrx_word' id='word_1_100' title='bbox 1613 1385 1925 1455; x_wconf 78' lang='lat' dir='ltr'><strong>agentibus,</strong></span> 
     </span>
    </p>
   </div>
   <div class='ocr_carea' id='block_1_15' title="bbox 350 1472 1924 1547">
    <p class='ocr_par' dir='ltr' id='par_1_15' title="bbox 350 1472 1924 1547">
     <span class='ocr_line' id='line_1_15' title="bbox 350 1472 1924 1547; baseline 0.006 -24"><span class='ocrx_word' id='word_1_101' title='bbox 350 1484 551 1525; x_wconf 80' lang='lat' dir='ltr'><strong>novum</strong></span> <span class='ocrx_word' id='word_1_102' title='bbox 591 1486 657 1526; x_wconf 87' lang='lat' dir='ltr'><strong>ac</strong></span> <span class='ocrx_word' id='word_1_103' title='bbox 726 1472 976 1530; x_wconf 85' lang='lat' dir='ltr'><strong>insolens</strong></span> <span class='ocrx_word' id='word_1_104' title='bbox 1003 1474 1315 1542; x_wconf 78' lang='lat' dir='ltr'><strong>videretur,</strong></span> <span class='ocrx_word' id='word_1_105' title='bbox 1355 1476 1555 1546; x_wconf 88' lang='lat' dir='ltr'><strong>capitis</strong></span> <span class='ocrx_word' id='word_1_106' title='bbox 1596 1492 1759 1532; x_wconf 89' lang='lat' dir='ltr'><strong>carne</strong></span> <span class='ocrx_word' id='word_1_107' title='bbox 1793 1492 1924 1547; x_wconf 87' lang='lat' dir='ltr'><strong>spo-</strong></span> 
     </span>
    </p>
   </div>
   <div class='ocr_carea' id='block_1_16' title="bbox 349 1563 1925 1638">
    <p class='ocr_par' dir='ltr' id='par_1_16' title="bbox 349 1563 1925 1638">
     <span class='ocr_line' id='line_1_16' title="bbox 349 1563 1925 1638; baseline 0.004 -21"><span class='ocrx_word' id='word_1_108' title='bbox 349 1563 545 1617; x_wconf 89' lang='lat' dir='ltr'><strong>liatam</strong></span> <span class='ocrx_word' id='word_1_109' title='bbox 602 1564 807 1620; x_wconf 88' lang='lat' dir='ltr'><strong>intueri</strong></span> <span class='ocrx_word' id='word_1_110' title='bbox 855 1566 1177 1629; x_wconf 85' lang='lat' dir='ltr'><strong>calvariam.</strong></span> <span class='ocrx_word' id='word_1_111' title='bbox 1225 1568 1280 1622; x_wconf 92' lang='lat' dir='ltr'><strong>in</strong></span> <span class='ocrx_word' id='word_1_112' title='bbox 1340 1568 1520 1622; x_wconf 84' lang='lat' dir='ltr'><strong>locum</strong></span> <span class='ocrx_word' id='word_1_113' title='bbox 1566 1568 1925 1638; x_wconf 88' lang='lat' dir='ltr'><strong>deponentes,</strong></span> 
     </span>
    </p>
   </div>
   <div class='ocr_carea' id='block_1_17' title="bbox 349 1652 1928 1722">
    <p class='ocr_par' dir='ltr' id='par_1_17' title="bbox 349 1652 1928 1722">
     <span class='ocr_line' id='line_1_17' title="bbox 349 1652 1928 1722; baseline 0.003 -13"><span class='ocrx_word' id='word_1_114' title='bbox 349 1652 613 1710; x_wconf 67' lang='lat' dir='ltr'><strong>Calvaria:</strong></span> <span class='ocrx_word' id='word_1_115' title='bbox 652 1670 849 1712; x_wconf 89' lang='lat' dir='ltr'><strong>nomen</strong></span> <span class='ocrx_word' id='word_1_116' title='bbox 885 1658 1007 1713; x_wconf 91' lang='lat' dir='ltr'><strong>loco</strong></span> <span class='ocrx_word' id='word_1_117' title='bbox 1029 1657 1378 1722; x_wconf 89' lang='lat' dir='ltr'><strong>indiderunt,</strong></span> <span class='ocrx_word' id='word_1_118' title='bbox 1412 1666 1468 1714; x_wconf 92' lang='lat' dir='ltr'><strong>et</strong></span> <span class='ocrx_word' id='word_1_119' title='bbox 1494 1659 1808 1715; x_wconf 88' lang='lat' dir='ltr'><strong>verosimile</strong></span> <span class='ocrx_word' id='word_1_120' title='bbox 1842 1667 1928 1714; x_wconf 91' lang='lat' dir='ltr'><strong>est</strong></span> 
     </span>
    </p>
   </div>
   <div class='ocr_carea' id='block_1_18' title="bbox 2031 450 3615 533">
    <p class='ocr_par' dir='ltr' id='par_1_18' title="bbox 2031 450 3615 533">
     <span class='ocr_line' id='line_1_18' title="bbox 2031 450 3615 533; baseline -0.008 -19"><span class='ocrx_word' id='word_1_121' title='bbox 2031 461 2282 533; x_wconf 74' lang='grc' dir='ltr'>ὀκνηρός.</span> <span class='ocrx_word' id='word_1_122' title='bbox 2329 459 2533 530; x_wconf 79' lang='grc' dir='ltr'>Εἴρηκε</span> <span class='ocrx_word' id='word_1_123' title='bbox 2585 457 2765 511; x_wconf 86' lang='grc' dir='ltr'>τοίνυν</span> <span class='ocrx_word' id='word_1_124' title='bbox 2816 475 2906 520; x_wconf 77' lang='grc' dir='ltr'><strong>⁴τις</strong></span> <span class='ocrx_word' id='word_1_125' title='bbox 2953 456 3059 527; x_wconf 83' lang='grc' dir='ltr'>πρὸ</span> <span class='ocrx_word' id='word_1_126' title='bbox 3108 455 3287 526; x_wconf 82' lang='grc' dir='ltr'>ἡμῶν,</span> <span class='ocrx_word' id='word_1_127' title='bbox 3339 452 3422 505; x_wconf 86' lang='grc' dir='ltr'>ὃτι</span> <span class='ocrx_word' id='word_1_128' title='bbox 3456 450 3615 518; x_wconf 90' lang='grc' dir='ltr'>λόγος</span> 
     </span>
    </p>
   </div>
   <div class='ocr_carea' id='block_1_19' title="bbox 2031 543 3616 624">
    <p class='ocr_par' dir='ltr' id='par_1_19' title="bbox 2031 543 3616 624">
     <span class='ocr_line' id='line_1_19' title="bbox 2031 543 3616 624; baseline -0.008 -16"><span class='ocrx_word' id='word_1_129' title='bbox 2031 553 2239 609; x_wconf 87' lang='grc' dir='ltr'>τοιόσδε</span> <span class='ocrx_word' id='word_1_130' title='bbox 2265 552 2408 606; x_wconf 86' lang='grc' dir='ltr'><strong>κατά</strong></span> <span class='ocrx_word' id='word_1_131' title='bbox 2435 552 2535 624; x_wconf 81' lang='grc' dir='ltr'><strong>τὴν</strong></span> <span class='ocrx_word' id='word_1_132' title='bbox 2568 550 2820 621; x_wconf 81' lang='grc' dir='ltr'>ἄγραφον</span> <span class='ocrx_word' id='word_1_133' title='bbox 2860 549 3078 621; x_wconf 82' lang='grc' dir='ltr'>μνήμην</span> <span class='ocrx_word' id='word_1_134' title='bbox 3106 549 3165 600; x_wconf 84' lang='grc' dir='ltr'><strong>ὲν</strong></span> <span class='ocrx_word' id='word_1_135' title='bbox 3191 548 3258 619; x_wconf 81' lang='grc' dir='ltr'><strong>τῇ</strong></span> <span class='ocrx_word' id='word_1_136' title='bbox 3312 543 3616 614; x_wconf 73' lang='grc' dir='ltr'>Ἐκκλησία</span> 
     </span>
    </p>
   </div>
   <div class='ocr_carea' id='block_1_20' title="bbox 2031 636 3615 714">
    <p class='ocr_par' dir='ltr' id='par_1_20' title="bbox 2031 636 3615 714">
     <span class='ocr_line' id='line_1_20' title="bbox 2031 636 3615 714; baseline -0.008 -16"><span class='ocrx_word' id='word_1_137' title='bbox 2031 643 2373 709; x_wconf 74' lang='grc' dir='ltr'><strong>διασώζεται,</strong></span> <span class='ocrx_word' id='word_1_138' title='bbox 2410 642 2487 706; x_wconf 83' lang='grc' dir='ltr'><strong>ὡς</strong></span> <span class='ocrx_word' id='word_1_139' title='bbox 2527 641 2637 714; x_wconf 81' lang='grc' dir='ltr'>ἄρα</span> <span class='ocrx_word' id='word_1_140' title='bbox 2688 639 2883 714; x_wconf 82' lang='grc' dir='ltr'><strong>πρώτη</strong></span> <span class='ocrx_word' id='word_1_141' title='bbox 2927 638 3153 694; x_wconf 75' lang='grc' dir='ltr'><strong>Ἰουδαία</strong></span> <span class='ocrx_word' id='word_1_142' title='bbox 3186 638 3261 709; x_wconf 77' lang='grc'><strong>(1)</strong></span> <span class='ocrx_word' id='word_1_143' title='bbox 3323 636 3615 708; x_wconf 83' lang='grc' dir='ltr'>ἄνθρωπον</span> 
     </span>
    </p>
   </div>
   <div class='ocr_carea' id='block_1_21' title="bbox 2032 726 3618 808">
    <p class='ocr_par' dir='ltr' id='par_1_21' title="bbox 2032 726 3618 808">
     <span class='ocr_line' id='line_1_21' title="bbox 2032 726 3618 808; baseline -0.008 -17"><span class='ocrx_word' id='word_1_144' title='bbox 2032 737 2189 808; x_wconf 74' lang='grc' dir='ltr'>ἔσχεν</span> <span class='ocrx_word' id='word_1_145' title='bbox 2214 736 2495 808; x_wconf 78' lang='grc' dir='ltr'>οἰκήτορα,</span> <span class='ocrx_word' id='word_1_146' title='bbox 2542 734 2634 787; x_wconf 80' lang='grc' dir='ltr'>τὸν</span> <span class='ocrx_word' id='word_1_147' title='bbox 2673 733 3104 805; x_wconf 87' lang='grc' dir='ltr'>πρωτόπλαστον</span> <span class='ocrx_word' id='word_1_148' title='bbox 3158 730 3330 801; x_wconf 76' lang='grc' dir='ltr'>Ἀδὰμ</span> <span class='ocrx_word' id='word_1_149' title='bbox 3362 733 3505 799; x_wconf 81' lang='grc' dir='ltr'>μετὰ</span> <span class='ocrx_word' id='word_1_150' title='bbox 3555 726 3618 779; x_wconf 83' lang='grc' dir='ltr'><strong>τδ</strong></span> 
     </span>
    </p>
   </div>
   <div class='ocr_carea' id='block_1_22' title="bbox 2033 819 3617 900">
    <p class='ocr_par' dir='ltr' id='par_1_22' title="bbox 2033 819 3617 900">
     <span class='ocr_line' id='line_1_22' title="bbox 2033 819 3617 900; baseline -0.008 -17"><span class='ocrx_word' id='word_1_151' title='bbox 2033 828 2363 900; x_wconf 74' lang='grc' dir='ltr'>ἐκϐληθῆναι</span> <span class='ocrx_word' id='word_1_152' title='bbox 2388 826 2485 880; x_wconf 82' lang='grc' dir='ltr'><strong>τοῦ</strong></span> <span class='ocrx_word' id='word_1_153' title='bbox 2521 824 2852 898; x_wconf 80' lang='grc' dir='ltr'><strong>παραδείσου</strong></span> <span class='ocrx_word' id='word_1_154' title='bbox 2900 825 2958 878; x_wconf 81' lang='grc' dir='ltr'><strong>ὲν</strong></span> <span class='ocrx_word' id='word_1_155' title='bbox 2988 822 3161 894; x_wconf 82' lang='grc' dir='ltr'>ταύτῃ</span> <span class='ocrx_word' id='word_1_156' title='bbox 3189 819 3617 893; x_wconf 84' lang='grc' dir='ltr'>καθιδρυνθέντα</span> 
     </span>
    </p>
   </div>
   <div class='ocr_carea' id='block_1_23' title="bbox 2034 909 3618 994">
    <p class='ocr_par' dir='ltr' id='par_1_23' title="bbox 2034 909 3618 994">
     <span class='ocr_line' id='line_1_23' title="bbox 2034 909 3618 994; baseline -0.008 -18"><span class='ocrx_word' id='word_1_157' title='bbox 2034 923 2173 994; x_wconf 83' lang='grc' dir='ltr'>πρὸς</span> <span class='ocrx_word' id='word_1_158' title='bbox 2197 918 2550 993; x_wconf 81' lang='grc' dir='ltr'>παραμυθίαν</span> <span class='ocrx_word' id='word_1_159' title='bbox 2589 911 2665 973; x_wconf 82' lang='grc' dir='ltr'><strong>ὧν</strong></span> <span class='ocrx_word' id='word_1_160' title='bbox 2699 916 2995 988; x_wconf 77' lang='grc' dir='ltr'>ἐστερήθη.</span> <span class='ocrx_word' id='word_1_161' title='bbox 3029 917 3254 987; x_wconf 85' lang='grc' dir='ltr'>Πρῶτον</span> <span class='ocrx_word' id='word_1_162' title='bbox 3284 909 3377 968; x_wconf 81' lang='grc' dir='ltr'>οὖν</span> <span class='ocrx_word' id='word_1_163' title='bbox 3409 911 3618 966; x_wconf 80' lang='grc' dir='ltr'>Παλαι-</span> 
     </span>
    </p>
   </div>
   <div class='ocr_carea' id='block_1_24' title="bbox 2035 1001 3619 1086">
    <p class='ocr_par' dir='ltr' id='par_1_24' title="bbox 2035 1001 3619 1086">
     <span class='ocr_line' id='line_1_24' title="bbox 2035 1001 3619 1086; baseline -0.009 -16"><span class='ocrx_word' id='word_1_164' title='bbox 2035 1015 2190 1086; x_wconf 87' lang='grc' dir='ltr'>στίνη</span> <span class='ocrx_word' id='word_1_165' title='bbox 2230 1014 2326 1067; x_wconf 74' lang='grc' dir='ltr'>καὶ</span> <span class='ocrx_word' id='word_1_166' title='bbox 2345 1011 2541 1083; x_wconf 75' lang='grc' dir='ltr'>νεκρὸν</span> <span class='ocrx_word' id='word_1_167' title='bbox 2567 1009 2785 1077; x_wconf 78' lang='grc' dir='ltr'><strong>ἐδέξατο</strong></span> <span class='ocrx_word' id='word_1_168' title='bbox 2822 1009 3129 1081; x_wconf 78' lang='grc' dir='ltr'>ἄνθρωπον,</span> <span class='ocrx_word' id='word_1_169' title='bbox 3164 1007 3281 1059; x_wconf 75' lang='grc' dir='ltr'>ἐκεῖ</span> <span class='ocrx_word' id='word_1_170' title='bbox 3304 1003 3399 1058; x_wconf 83' lang='grc' dir='ltr'><strong>τοῦ</strong></span> <span class='ocrx_word' id='word_1_171' title='bbox 3440 1001 3619 1073; x_wconf 85' lang='grc' dir='ltr'>’Δδάμ</span> 
     </span>
    </p>
   </div>
   <div class='ocr_carea' id='block_1_25' title="bbox 2032 1095 3619 1182">
    <p class='ocr_par' dir='ltr' id='par_1_25' title="bbox 2032 1095 3619 1182">
     <span class='ocr_line' id='line_1_25' title="bbox 2032 1095 3619 1182; baseline -0.011 -19"><span class='ocrx_word' id='word_1_172' title='bbox 2032 1109 2131 1182; x_wconf 81' lang='grc' dir='ltr'><strong>τὴν</strong></span> <span class='ocrx_word' id='word_1_173' title='bbox 2157 1106 2456 1177; x_wconf 81' lang='grc' dir='ltr'>καταδίκην</span> <span class='ocrx_word' id='word_1_174' title='bbox 2503 1103 2916 1176; x_wconf 85' lang='grc' dir='ltr'>πληρώσαντος.</span> <span class='ocrx_word' id='word_1_175' title='bbox 2967 1098 3172 1155; x_wconf 82' lang='grc' dir='ltr'>Καινδν</span> <span class='ocrx_word' id='word_1_176' title='bbox 3215 1096 3397 1150; x_wconf 78' lang='grc' dir='ltr'>τοίνυν</span> <span class='ocrx_word' id='word_1_177' title='bbox 3438 1095 3619 1148; x_wconf 74' lang='grc' dir='ltr'>ἐδόκει</span> 
     </span>
    </p>
   </div>
   <div class='ocr_carea' id='block_1_26' title="bbox 2035 1185 3619 1267">
    <p class='ocr_par' dir='ltr' id='par_1_26' title="bbox 2035 1185 3619 1267">
     <span class='ocr_line' id='line_1_26' title="bbox 2035 1185 3619 1267; baseline -0.012 -12"><span class='ocrx_word' id='word_1_178' title='bbox 2035 1197 2173 1255; x_wconf 77' lang='grc' dir='ltr'>εἶναι</span> <span class='ocrx_word' id='word_1_179' title='bbox 2208 1200 2321 1264; x_wconf 87' lang='grc' dir='ltr'>τοῖς</span> <span class='ocrx_word' id='word_1_180' title='bbox 2350 1199 2472 1252; x_wconf 89' lang='grc' dir='ltr'>τότε</span> <span class='ocrx_word' id='word_1_181' title='bbox 2514 1197 2742 1267; x_wconf 86' lang='grc' dir='ltr'>θεωρεῖν</span> <span class='ocrx_word' id='word_1_182' title='bbox 2773 1193 2961 1247; x_wconf 85' lang='grc' dir='ltr'>ὀστέον</span> <span class='ocrx_word' id='word_1_183' title='bbox 3001 1189 3239 1260; x_wconf 75' lang='grc' dir='ltr'><strong>κεφαλῆς</strong></span> <span class='ocrx_word' id='word_1_184' title='bbox 3267 1186 3368 1258; x_wconf 83' lang='grc' dir='ltr'>τῆς</span> <span class='ocrx_word' id='word_1_185' title='bbox 3410 1185 3619 1257; x_wconf 77' lang='grc' dir='ltr'>σαρκὸς</span> 
     </span>
    </p>
   </div>
   <div class='ocr_carea' id='block_1_27' title="bbox 2033 1282 3621 1364">
    <p class='ocr_par' dir='ltr' id='par_1_27' title="bbox 2033 1282 3621 1364">
     <span class='ocr_line' id='line_1_27' title="bbox 2033 1282 3621 1364; baseline -0.009 -19"><span class='ocrx_word' id='word_1_186' title='bbox 2033 1290 2351 1364; x_wconf 82' lang='grc' dir='ltr'><strong>περιούσης,</strong></span> <span class='ocrx_word' id='word_1_187' title='bbox 2379 1289 2471 1344; x_wconf 73' lang='grc' dir='ltr'>καὶ</span> <span class='ocrx_word' id='word_1_188' title='bbox 2490 1287 2817 1358; x_wconf 83' lang='grc' dir='ltr'>ἀποθέμενοι</span> <span class='ocrx_word' id='word_1_189' title='bbox 2836 1285 2897 1339; x_wconf 87' lang='grc' dir='ltr'>τὸ</span> <span class='ocrx_word' id='word_1_190' title='bbox 2935 1284 3160 1356; x_wconf 82' lang='grc' dir='ltr'>κρανίον</span> <span class='ocrx_word' id='word_1_191' title='bbox 3190 1284 3247 1335; x_wconf 85' lang='grc' dir='ltr'><strong>ὲν</strong></span> <span class='ocrx_word' id='word_1_192' title='bbox 3272 1282 3443 1351; x_wconf 84' lang='grc' dir='ltr'>τόπῳ,</span> <span class='ocrx_word' id='word_1_193' title='bbox 3471 1282 3621 1357; x_wconf 80' lang='grc' dir='ltr'>Κρα-</span> 
     </span>
    </p>
   </div>
   <div class='ocr_carea' id='block_1_28' title="bbox 2033 1371 3617 1454">
    <p class='ocr_par' dir='ltr' id='par_1_28' title="bbox 2033 1371 3617 1454">
     <span class='ocr_line' id='line_1_28' title="bbox 2033 1371 3617 1454; baseline -0.01 -14"><span class='ocrx_word' id='word_1_194' title='bbox 2033 1387 2147 1440; x_wconf 92' lang='grc' dir='ltr'>νίου</span> <span class='ocrx_word' id='word_1_195' title='bbox 2182 1386 2347 1438; x_wconf 88' lang='grc' dir='ltr'>τόπον</span> <span class='ocrx_word' id='word_1_196' title='bbox 2390 1382 2701 1454; x_wconf 82' lang='grc' dir='ltr'><strong>ὠνόμασαν·</strong></span> <span class='ocrx_word' id='word_1_197' title='bbox 2735 1379 2880 1442; x_wconf 80' lang='grc' dir='ltr'>εἰκὸς</span> <span class='ocrx_word' id='word_1_198' title='bbox 2912 1377 2970 1431; x_wconf 81' lang='grc' dir='ltr'>δὲ</span> <span class='ocrx_word' id='word_1_199' title='bbox 3035 1376 3170 1447; x_wconf 84' lang='grc' dir='ltr'>μηδὲ</span> <span class='ocrx_word' id='word_1_200' title='bbox 3207 1375 3299 1428; x_wconf 82' lang='grc' dir='ltr'><strong>τὸν</strong></span> <span class='ocrx_word' id='word_1_201' title='bbox 3327 1374 3475 1440; x_wconf 84' lang='grc' dir='ltr'>Νῶε,</span> <span class='ocrx_word' id='word_1_202' title='bbox 3514 1371 3617 1426; x_wconf 78' lang='grc' dir='ltr'><strong>τοῦ</strong></span> 
     </span>
    </p>
   </div>
   <div class='ocr_carea' id='block_1_29' title="bbox 2033 1464 3622 1549">
    <p class='ocr_par' dir='ltr' id='par_1_29' title="bbox 2033 1464 3622 1549">
     <span class='ocr_line' id='line_1_29' title="bbox 2033 1464 3622 1549; baseline -0.011 -16"><span class='ocrx_word' id='word_1_203' title='bbox 2033 1476 2279 1549; x_wconf 78' lang='grc' dir='ltr'><strong>ἀρχηγοῦ</strong></span> <span class='ocrx_word' id='word_1_204' title='bbox 2305 1476 2523 1530; x_wconf 90' lang='grc' dir='ltr'>πάντων</span> <span class='ocrx_word' id='word_1_205' title='bbox 2552 1471 2857 1544; x_wconf 85' lang='grc' dir='ltr'>ἀνθρώπων</span> <span class='ocrx_word' id='word_1_206' title='bbox 2886 1469 3153 1540; x_wconf 78' lang='grc' dir='ltr'><strong>ἀγνοῆσαι</strong></span> <span class='ocrx_word' id='word_1_207' title='bbox 3175 1469 3268 1522; x_wconf 71' lang='grc' dir='ltr'>τὸν</span> <span class='ocrx_word' id='word_1_208' title='bbox 3295 1468 3487 1535; x_wconf 84' lang='grc' dir='ltr'>τάφον,</span> <span class='ocrx_word' id='word_1_209' title='bbox 3538 1464 3622 1527; x_wconf 77' lang='grc' dir='ltr'>ὡς</span> 
     </span>
    </p>
   </div>
   <div class='ocr_carea' id='block_1_30' title="bbox 2037 1556 3623 1640">
    <p class='ocr_par' dir='ltr' id='par_1_30' title="bbox 2037 1556 3623 1640">
     <span class='ocr_line' id='line_1_30' title="bbox 2037 1556 3623 1640; baseline -0.009 -18"><span class='ocrx_word' id='word_1_210' title='bbox 2037 1569 2178 1640; x_wconf 85' lang='grc' dir='ltr'>μετὰ</span> <span class='ocrx_word' id='word_1_211' title='bbox 2210 1570 2306 1622; x_wconf 83' lang='grc' dir='ltr'><strong>τὸν</strong></span> <span class='ocrx_word' id='word_1_212' title='bbox 2353 1565 2743 1637; x_wconf 83' lang='grc' dir='ltr'>κατακλυσμὸν</span> <span class='ocrx_word' id='word_1_213' title='bbox 2796 1564 2891 1617; x_wconf 87' lang='grc' dir='ltr'><strong>ἀπ’</strong></span> <span class='ocrx_word' id='word_1_214' title='bbox 2930 1560 3094 1616; x_wconf 83' lang='grc' dir='ltr'>αὐτοῦ</span> <span class='ocrx_word' id='word_1_215' title='bbox 3132 1559 3462 1627; x_wconf 85' lang='grc' dir='ltr'>διασωθῆναι</span> <span class='ocrx_word' id='word_1_216' title='bbox 3514 1556 3623 1627; x_wconf 84' lang='grc' dir='ltr'>τὴν</span> 
     </span>
    </p>
   </div>
   <div class='ocr_carea' id='block_1_31' title="bbox 2035 1648 3620 1731">
    <p class='ocr_par' dir='ltr' id='par_1_31' title="bbox 2035 1648 3620 1731">
     <span class='ocr_line' id='line_1_31' title="bbox 2035 1648 3620 1731; baseline -0.009 -17"><span class='ocrx_word' id='word_1_217' title='bbox 2035 1660 2291 1731; x_wconf 89' lang='grc' dir='ltr'>ποίμνην.</span> <span class='ocrx_word' id='word_1_218' title='bbox 2338 1659 2538 1730; x_wconf 89' lang='grc' dir='ltr'>Διόπερ</span> <span class='ocrx_word' id='word_1_219' title='bbox 2587 1658 2617 1711; x_wconf 91' lang='grc' dir='ltr'><strong>ό</strong></span> <span class='ocrx_word' id='word_1_220' title='bbox 2650 1658 2731 1720; x_wconf 89' lang='grc' dir='ltr'><strong>είς</strong></span> <span class='ocrx_word' id='word_1_221' title='bbox 2761 1656 2861 1719; x_wconf 86' lang='grc' dir='ltr'>τὰς</span> <span class='ocrx_word' id='word_1_222' title='bbox 2909 1653 3086 1725; x_wconf 82' lang='grc' dir='ltr'>ἀρχὰς</span> <span class='ocrx_word' id='word_1_223' title='bbox 3128 1650 3223 1705; x_wconf 80' lang='grc' dir='ltr'><strong>τοῦ</strong></span> <span class='ocrx_word' id='word_1_224' title='bbox 3271 1648 3620 1721; x_wconf 86' lang='grc' dir='ltr'>ἀνθρωπείου</span> 
     </span>
    </p>
   </div>
   <div class='ocr_carea' id='block_1_32' title="bbox 349 1739 1931 1824">
    <p class='ocr_par' dir='ltr' id='par_1_32' title="bbox 349 1747 1926 1822">
     <span class='ocr_line' id='line_1_32' title="bbox 349 1747 1926 1822; baseline 0.003 -19"><span class='ocrx_word' id='word_1_225' title='bbox 349 1747 467 1805; x_wconf 87' lang='lat' dir='ltr'><strong>Noe</strong></span> <span class='ocrx_word' id='word_1_226' title='bbox 510 1752 899 1805; x_wconf 88' lang='lat' dir='ltr'><strong>universorum</strong></span> <span class='ocrx_word' id='word_1_227' title='bbox 950 1751 1234 1807; x_wconf 85' lang='lat' dir='ltr'><strong>hominum</strong></span> <span class='ocrx_word' id='word_1_228' title='bbox 1286 1753 1531 1822; x_wconf 86' lang='lat' dir='ltr'><strong>parentis</strong></span> <span class='ocrx_word' id='word_1_229' title='bbox 1578 1753 1723 1808; x_wconf 80' lang='lat' dir='ltr'><strong>haud</strong></span> <span class='ocrx_word' id='word_1_230' title='bbox 1768 1753 1926 1822; x_wconf 88' lang='lat' dir='ltr'><strong>igno-</strong></span> 
     </span>
    </p>
   </div>
   <div class='ocr_carea' id='block_1_33' title="bbox 2045 1739 3623 1824">
    <p class='ocr_par' dir='ltr' id='par_1_33' title="bbox 2045 1739 3623 1824">
     <span class='ocr_line' id='line_1_33' title="bbox 2045 1739 3623 1824; baseline -0.011 -16"><span class='ocrx_word' id='word_1_231' title='bbox 2045 1754 2261 1808; x_wconf 68' lang='lat' dir='ltr'><strong>iavarou</strong></span> <span class='ocrx_word' id='word_1_232' title='bbox 2292 1753 2607 1824; x_wconf 78' lang='grc' dir='ltr'>ἐρευνήσας,</span> <span class='ocrx_word' id='word_1_233' title='bbox 2638 1750 2717 1812; x_wconf 85' lang='grc' dir='ltr'><strong>είς</strong></span> <span class='ocrx_word' id='word_1_234' title='bbox 2739 1747 2829 1803; x_wconf 78' lang='grc' dir='ltr'><strong>τὸν</strong></span> <span class='ocrx_word' id='word_1_235' title='bbox 2860 1746 3151 1817; x_wconf 87' lang='grc' dir='ltr'>λεγόμενον</span> <span class='ocrx_word' id='word_1_236' title='bbox 3182 1741 3422 1813; x_wconf 81' lang='grc' dir='ltr'>Κρανίου</span> <span class='ocrx_word' id='word_1_237' title='bbox 3449 1739 3623 1792; x_wconf 86' lang='grc' dir='ltr'>τόπον</span> 
     </span>
    </p>
   </div>
   <div class='ocr_carea' id='block_1_34' title="bbox 352 1843 1931 1914">
    <p class='ocr_par' dir='ltr' id='par_1_34' title="bbox 352 1843 1931 1914">
     <span class='ocr_line' id='line_1_34' title="bbox 352 1843 1931 1914; baseline 0.002 -20"><span class='ocrx_word' id='word_1_238' title='bbox 352 1855 514 1897; x_wconf 86' lang='lat' dir='ltr'><strong>rasse</strong></span> <span class='ocrx_word' id='word_1_239' title='bbox 563 1843 903 1913; x_wconf 88' lang='lat' dir='ltr'><strong>sepulcrum,</strong></span> <span class='ocrx_word' id='word_1_240' title='bbox 959 1854 1017 1899; x_wconf 89' lang='lat' dir='ltr'><strong>et</strong></span> <span class='ocrx_word' id='word_1_241' title='bbox 1063 1854 1188 1914; x_wconf 85' lang='lat' dir='ltr'><strong>post</strong></span> <span class='ocrx_word' id='word_1_242' title='bbox 1219 1844 1551 1899; x_wconf 86' lang='lat' dir='ltr'><strong>alluvionem</strong></span> <span class='ocrx_word' id='word_1_243' title='bbox 1585 1845 1733 1898; x_wconf 84' lang='lat' dir='ltr'><strong>illam</strong></span> <span class='ocrx_word' id='word_1_244' title='bbox 1764 1844 1833 1899; x_wconf 89' lang='lat' dir='ltr'><strong>ab</strong></span> <span class='ocrx_word' id='word_1_245' title='bbox 1865 1859 1931 1899; x_wconf 89' lang='lat' dir='ltr'><strong>eo</strong></span> 
     </span>
    </p>
   </div>
   <div class='ocr_carea' id='block_1_35' title="bbox 350 1932 1934 2006">
    <p class='ocr_par' dir='ltr' id='par_1_35' title="bbox 350 1932 1934 2006">
     <span class='ocr_line' id='line_1_35' title="bbox 350 1932 1934 2006; baseline 0.002 -22"><span class='ocrx_word' id='word_1_246' title='bbox 350 1945 571 2002; x_wconf 85' lang='lat' dir='ltr'><strong>gregem</strong></span> <span class='ocrx_word' id='word_1_247' title='bbox 603 1944 989 1988; x_wconf 86' lang='lat' dir='ltr'><strong>conservatum</strong></span> <span class='ocrx_word' id='word_1_248' title='bbox 1026 1932 1216 1990; x_wconf 84' lang='lat' dir='ltr'><strong>fuisse.</strong></span> <span class='ocrx_word' id='word_1_249' title='bbox 1250 1932 1603 2006; x_wconf 83' lang='lat' dir='ltr'><strong>Quapropter</strong></span> <span class='ocrx_word' id='word_1_250' title='bbox 1647 1935 1739 2004; x_wconf 93' lang='lat' dir='ltr'><strong>qui</strong></span> <span class='ocrx_word' id='word_1_251' title='bbox 1782 1935 1934 2005; x_wconf 85' lang='lat' dir='ltr'><strong>prin-</strong></span> 
     </span>
    </p>
   </div>
   <div class='ocr_carea' id='block_1_36' title="bbox 351 2025 1929 2100">
    <p class='ocr_par' dir='ltr' id='par_1_36' title="bbox 351 2025 1929 2100">
     <span class='ocr_line' id='line_1_36' title="bbox 351 2025 1929 2100; baseline 0.002 -21"><span class='ocrx_word' id='word_1_252' title='bbox 351 2025 495 2093; x_wconf 87' lang='lat' dir='ltr'><strong>cipia</strong></span> <span class='ocrx_word' id='word_1_253' title='bbox 541 2027 797 2082; x_wconf 69' lang='lat' dir='ltr'><strong>humanae</strong></span> <span class='ocrx_word' id='word_1_254' title='bbox 852 2029 1048 2084; x_wconf 90' lang='lat' dir='ltr'><strong>mortis</strong></span> <span class='ocrx_word' id='word_1_255' title='bbox 1092 2028 1336 2099; x_wconf 86' lang='lat' dir='ltr'><strong>penitius</strong></span> <span class='ocrx_word' id='word_1_256' title='bbox 1394 2028 1820 2100; x_wconf 74' lang='lat' dir='ltr'><strong>pervestigavit,</strong></span> <span class='ocrx_word' id='word_1_257' title='bbox 1873 2027 1929 2082; x_wconf 91' lang='lat' dir='ltr'><strong>in</strong></span> 
     </span>
    </p>
   </div>
   <div class='ocr_carea' id='block_1_37' title="bbox 350 2114 1931 2191">
    <p class='ocr_par' dir='ltr' id='par_1_37' title="bbox 350 2114 1931 2191">
     <span class='ocr_line' id='line_1_37' title="bbox 350 2114 1931 2191; baseline 0.004 -22"><span class='ocrx_word' id='word_1_258' title='bbox 350 2114 616 2173; x_wconf 82' lang='lat' dir='ltr'><strong>Calvariae</strong></span> <span class='ocrx_word' id='word_1_259' title='bbox 669 2119 790 2174; x_wconf 92' lang='lat' dir='ltr'><strong>loco</strong></span> <span class='ocrx_word' id='word_1_260' title='bbox 840 2120 1126 2175; x_wconf 88' lang='lat' dir='ltr'><strong>cruciatus</strong></span> <span class='ocrx_word' id='word_1_261' title='bbox 1179 2120 1377 2190; x_wconf 88' lang='lat' dir='ltr'><strong>subiit,</strong></span> <span class='ocrx_word' id='word_1_262' title='bbox 1434 2127 1495 2175; x_wconf 90' lang='lat' dir='ltr'><strong>ut</strong></span> <span class='ocrx_word' id='word_1_263' title='bbox 1541 2137 1652 2191; x_wconf 90' lang='lat' dir='ltr'><strong>quo</strong></span> <span class='ocrx_word' id='word_1_264' title='bbox 1711 2121 1764 2174; x_wconf 88' lang='lat' dir='ltr'><strong>in</strong></span> <span class='ocrx_word' id='word_1_265' title='bbox 1808 2120 1931 2175; x_wconf 92' lang='lat' dir='ltr'><strong>loco</strong></span> 
     </span>
    </p>
   </div>
   <div class='ocr_carea' id='block_1_38' title="bbox 350 2206 1932 2284">
    <p class='ocr_par' dir='ltr' id='par_1_38' title="bbox 350 2206 1932 2284">
     <span class='ocr_line' id='line_1_38' title="bbox 350 2206 1932 2284; baseline 0.003 -22"><span class='ocrx_word' id='word_1_266' title='bbox 350 2209 581 2263; x_wconf 82' lang='lat' dir='ltr'><strong>exitium</strong></span> <span class='ocrx_word' id='word_1_267' title='bbox 612 2206 896 2266; x_wconf 88' lang='lat' dir='ltr'><strong>hominum</strong></span> <span class='ocrx_word' id='word_1_268' title='bbox 931 2212 1267 2284; x_wconf 83' lang='lat' dir='ltr'><strong>principium</strong></span> <span class='ocrx_word' id='word_1_269' title='bbox 1300 2213 1512 2279; x_wconf 86' lang='lat' dir='ltr'><strong>habuit,</strong></span> <span class='ocrx_word' id='word_1_270' title='bbox 1553 2213 1609 2267; x_wconf 92' lang='lat' dir='ltr'><strong>in</strong></span> <span class='ocrx_word' id='word_1_271' title='bbox 1640 2212 1832 2268; x_wconf 91' lang='lat' dir='ltr'><strong>eodem</strong></span> <span class='ocrx_word' id='word_1_272' title='bbox 1877 2218 1932 2267; x_wconf 89' lang='lat' dir='ltr'><strong>et</strong></span> 
     </span>
    </p>
   </div>
   <div class='ocr_carea' id='block_1_39' title="bbox 348 2302 1928 2376">
    <p class='ocr_par' dir='ltr' id='par_1_39' title="bbox 348 2302 1928 2376">
     <span class='ocr_line' id='line_1_39' title="bbox 348 2302 1928 2376; baseline 0.003 -21"><span class='ocrx_word' id='word_1_273' title='bbox 348 2302 506 2372; x_wconf 80' lang='lat' dir='ltr'><strong>regni</strong></span> <span class='ocrx_word' id='word_1_274' title='bbox 555 2305 668 2358; x_wconf 86' lang='lat' dir='ltr'><strong>vita</strong></span> <span class='ocrx_word' id='word_1_275' title='bbox 707 2304 933 2360; x_wconf 91' lang='lat' dir='ltr'><strong>exordia</strong></span> <span class='ocrx_word' id='word_1_276' title='bbox 968 2304 1052 2361; x_wconf 91' lang='lat' dir='ltr'><strong>sui</strong></span> <span class='ocrx_word' id='word_1_277' title='bbox 1087 2315 1336 2375; x_wconf 89' lang='lat' dir='ltr'><strong>poneret,</strong></span> <span class='ocrx_word' id='word_1_278' title='bbox 1385 2314 1441 2362; x_wconf 91' lang='lat' dir='ltr'><strong>et</strong></span> <span class='ocrx_word' id='word_1_279' title='bbox 1465 2305 1928 2376; x_wconf 89' lang='lat' dir='ltr'><strong>quemadmodum</strong></span> 
     </span>
    </p>
   </div>
   <div class='ocr_carea' id='block_1_40' title="bbox 348 2393 1930 2462">
    <p class='ocr_par' dir='ltr' id='par_1_40' title="bbox 348 2393 1930 2462">
     <span class='ocr_line' id='line_1_40' title="bbox 348 2393 1930 2462; baseline 0.001 -13"><span class='ocrx_word' id='word_1_280' title='bbox 348 2396 407 2450; x_wconf 86' lang='lat' dir='ltr'><strong>in</strong></span> <span class='ocrx_word' id='word_1_281' title='bbox 457 2393 671 2450; x_wconf 84' lang='lat' dir='ltr'><strong>Adamo</strong></span> <span class='ocrx_word' id='word_1_282' title='bbox 716 2412 868 2453; x_wconf 91' lang='lat' dir='ltr'><strong>mors</strong></span> <span class='ocrx_word' id='word_1_283' title='bbox 920 2397 1178 2462; x_wconf 85' lang='lat' dir='ltr'><strong>invaluit,</strong></span> <span class='ocrx_word' id='word_1_284' title='bbox 1224 2401 1305 2454; x_wconf 90' lang='lat' dir='ltr'><strong>sic</strong></span> <span class='ocrx_word' id='word_1_285' title='bbox 1328 2405 1382 2454; x_wconf 88' lang='lat' dir='ltr'><strong>et</strong></span> <span class='ocrx_word' id='word_1_286' title='bbox 1412 2398 1467 2452; x_wconf 93' lang='lat' dir='ltr'><strong>in</strong></span> <span class='ocrx_word' id='word_1_287' title='bbox 1512 2406 1692 2453; x_wconf 87' lang='lat' dir='ltr'><strong>morte</strong></span> <span class='ocrx_word' id='word_1_288' title='bbox 1723 2397 1930 2453; x_wconf 81' lang='lat' dir='ltr'><strong>Christi</strong></span> 
     </span>
    </p>
   </div>
   <div class='ocr_carea' id='block_1_41' title="bbox 348 2484 1932 2558">
    <p class='ocr_par' dir='ltr' id='par_1_41' title="bbox 348 2484 1932 2558">
     <span class='ocr_line' id='line_1_41' title="bbox 348 2484 1932 2558; baseline 0.002 -19"><span class='ocrx_word' id='word_1_289' title='bbox 348 2484 753 2557; x_wconf 84' lang='lat' dir='ltr'><strong>languesceret.</strong></span> <span class='ocrx_word' id='word_1_290' title='bbox 787 2486 898 2543; x_wconf 88' lang='lat' dir='ltr'><strong>Nec</strong></span> <span class='ocrx_word' id='word_1_291' title='bbox 932 2488 1096 2542; x_wconf 89' lang='lat' dir='ltr'><strong>aliam</strong></span> <span class='ocrx_word' id='word_1_292' title='bbox 1123 2488 1193 2543; x_wconf 92' lang='lat' dir='ltr'><strong>ob</strong></span> <span class='ocrx_word' id='word_1_293' title='bbox 1217 2502 1441 2544; x_wconf 87' lang='lat' dir='ltr'><strong>causam</strong></span> <span class='ocrx_word' id='word_1_294' title='bbox 1471 2486 1643 2543; x_wconf 88' lang='lat' dir='ltr'><strong>Isaias</strong></span> <span class='ocrx_word' id='word_1_295' title='bbox 1668 2486 1932 2558; x_wconf 84' lang='lat' dir='ltr'><strong>propheta</strong></span> 
     </span>
    </p>
   </div>
   <div class='ocr_carea' id='block_1_42' title="bbox 349 2578 1930 2652">
    <p class='ocr_par' dir='ltr' id='par_1_42' title="bbox 349 2578 1930 2652">
     <span class='ocr_line' id='line_1_42' title="bbox 349 2578 1930 2652; baseline 0.001 -21"><span class='ocrx_word' id='word_1_296' title='bbox 349 2579 563 2634; x_wconf 77' lang='lat' dir='ltr'><strong>dixerat</strong></span> <span class='ocrx_word' id='word_1_297' title='bbox 603 2597 618 2632; x_wconf 88' lang='lat'><strong>:</strong></span> <span class='ocrx_word' id='word_1_298' title='bbox 689 2598 709 2631; x_wconf 83' lang='grc' dir='ltr'><strong>ι</strong></span> <span class='ocrx_word' id='word_1_299' title='bbox 762 2578 819 2636; x_wconf 83' lang='grc' dir='ltr'><strong>1η</strong></span> <span class='ocrx_word' id='word_1_300' title='bbox 875 2596 1071 2644; x_wconf 91' lang='lat' dir='ltr'><strong>cornu,</strong></span> <span class='ocrx_word' id='word_1_301' title='bbox 1120 2580 1176 2635; x_wconf 91' lang='lat' dir='ltr'><strong>in</strong></span> <span class='ocrx_word' id='word_1_302' title='bbox 1216 2580 1341 2636; x_wconf 90' lang='lat' dir='ltr'><strong>loco</strong></span> <span class='ocrx_word' id='word_1_303' title='bbox 1383 2579 1574 2652; x_wconf 81' lang='lat' dir='ltr'><strong>pingui</strong></span> <span class='ocrx_word' id='word_1_304' title='bbox 1605 2590 1659 2647; x_wconf 83' lang='grc'><strong>¹;</strong></span> <span class='ocrx_word' id='word_1_305' title='bbox 1704 2598 1723 2632; x_wconf 71' lang='grc' dir='ltr'><strong>ι</strong></span> <span class='ocrx_word' id='word_1_306' title='bbox 1757 2594 1930 2634; x_wconf 89' lang='lat' dir='ltr'><strong>cornu</strong></span> 
     </span>
    </p>
   </div>
   <div class='ocr_carea' id='block_1_43' title="bbox 351 2668 2767 2749">
    <p class='ocr_par' dir='ltr' id='par_1_43' title="bbox 351 2668 2767 2749">
     <span class='ocr_line' id='line_1_43' title="bbox 351 2668 2767 2749; baseline -0.004 -20"><span class='ocrx_word' id='word_1_307' title='bbox 351 2684 613 2748; x_wconf 87' lang='lat' dir='ltr'><strong>tanquam</strong></span> <span class='ocrx_word' id='word_1_308' title='bbox 664 2678 810 2747; x_wconf 89' lang='lat' dir='ltr'><strong>quod</strong></span> <span class='ocrx_word' id='word_1_309' title='bbox 856 2678 1123 2734; x_wconf 84' lang='lat' dir='ltr'><strong>adversus</strong></span> <span class='ocrx_word' id='word_1_310' title='bbox 1152 2684 1383 2733; x_wconf 87' lang='lat' dir='ltr'><strong>mortem</strong></span> <span class='ocrx_word' id='word_1_311' title='bbox 1425 2676 1922 2749; x_wconf 86' lang='lat' dir='ltr'><strong>pr0pugnaculum,</strong></span> <span class='ocrx_word' id='word_1_312' title='bbox 1961 2687 2182 2731; x_wconf 90' lang='lat' dir='ltr'><strong>crucem</strong></span> <span class='ocrx_word' id='word_1_313' title='bbox 2226 2670 2441 2726; x_wconf 88' lang='lat' dir='ltr'><strong>Domini</strong></span> <span class='ocrx_word' id='word_1_314' title='bbox 2488 2668 2767 2734; x_wconf 85' lang='lat' dir='ltr'><strong>habebat;</strong></span> 
     </span>
    </p>
   </div>
   <div class='ocr_carea' id='block_1_44' title="bbox 2025 1830 3623 1910">
    <p class='ocr_par' dir='ltr' id='par_1_44' title="bbox 2025 1830 3623 1910">
     <span class='ocr_line' id='line_1_44' title="bbox 2025 1830 3623 1910; baseline -0.009 -12"><span class='ocrx_word' id='word_1_315' title='bbox 2025 1845 2087 1898; x_wconf 82' lang='grc' dir='ltr'>τὸ</span> <span class='ocrx_word' id='word_1_316' title='bbox 2114 1843 2282 1909; x_wconf 86' lang='grc' dir='ltr'>πάθος</span> <span class='ocrx_word' id='word_1_317' title='bbox 2307 1842 2549 1910; x_wconf 72' lang='grc' dir='ltr'>ἐδέξατο,</span> <span class='ocrx_word' id='word_1_318' title='bbox 2594 1841 2683 1894; x_wconf 80' lang='grc' dir='ltr'>ἵνα</span> <span class='ocrx_word' id='word_1_319' title='bbox 2721 1841 2780 1893; x_wconf 83' lang='grc' dir='ltr'>ὲν</span> <span class='ocrx_word' id='word_1_320' title='bbox 2826 1832 2871 1907; x_wconf 84' lang='grc' dir='ltr'><strong>ᾧ</strong></span> <span class='ocrx_word' id='word_1_321' title='bbox 2912 1837 3062 1907; x_wconf 85' lang='grc' dir='ltr'>τόπῳ</span> <span class='ocrx_word' id='word_1_322' title='bbox 3090 1836 3123 1906; x_wconf 87' lang='grc' dir='ltr'><strong>ή</strong></span> <span class='ocrx_word' id='word_1_323' title='bbox 3155 1831 3331 1904; x_wconf 81' lang='grc' dir='ltr'>φθορὰ</span> <span class='ocrx_word' id='word_1_324' title='bbox 3373 1830 3485 1884; x_wconf 84' lang='grc' dir='ltr'><strong>τῶν</strong></span> <span class='ocrx_word' id='word_1_325' title='bbox 3515 1831 3623 1884; x_wconf 83' lang='grc' dir='ltr'>ἀν-</span> 
     </span>
    </p>
   </div>
   <div class='ocr_carea' id='block_1_45' title="bbox 2028 1920 3620 2009">
    <p class='ocr_par' dir='ltr' id='par_1_45' title="bbox 2028 1920 3620 2009">
     <span class='ocr_line' id='line_1_45' title="bbox 2028 1920 3620 2009; baseline -0.011 -18"><span class='ocrx_word' id='word_1_326' title='bbox 2028 1935 2263 2009; x_wconf 87' lang='grc' dir='ltr'>θρώπων</span> <span class='ocrx_word' id='word_1_327' title='bbox 2302 1933 2402 2006; x_wconf 79' lang='grc' dir='ltr'><strong>τὴν</strong></span> <span class='ocrx_word' id='word_1_328' title='bbox 2430 1933 2608 2005; x_wconf 86' lang='grc' dir='ltr'>ἀρχὴν</span> <span class='ocrx_word' id='word_1_329' title='bbox 2652 1930 2866 1993; x_wconf 75' lang='grc' dir='ltr'>ἔλαϐεν,</span> <span class='ocrx_word' id='word_1_330' title='bbox 2909 1927 3179 1997; x_wconf 84' lang='grc' dir='ltr'>ἐκεῖθενή</span> <span class='ocrx_word' id='word_1_331' title='bbox 3214 1924 3326 1993; x_wconf 80' lang='grc' dir='ltr'><strong>ζωὴ</strong></span> <span class='ocrx_word' id='word_1_332' title='bbox 3375 1922 3477 1991; x_wconf 82' lang='grc' dir='ltr'>τῆς</span> <span class='ocrx_word' id='word_1_333' title='bbox 3517 1920 3620 1991; x_wconf 83' lang='grc' dir='ltr'><strong>βα-</strong></span> 
     </span>
    </p>
   </div>
   <div class='ocr_carea' id='block_1_46' title="bbox 2028 2010 3622 2098">
    <p class='ocr_par' dir='ltr' id='par_1_46' title="bbox 2028 2010 3622 2098">
     <span class='ocr_line' id='line_1_46' title="bbox 2028 2010 3622 2098; baseline -0.012 -17"><span class='ocrx_word' id='word_1_334' title='bbox 2028 2026 2234 2089; x_wconf 89' lang='grc' dir='ltr'>σιλείας</span> <span class='ocrx_word' id='word_1_335' title='bbox 2262 2025 2517 2098; x_wconf 83' lang='grc' dir='ltr'>ἄρξηται.</span> <span class='ocrx_word' id='word_1_336' title='bbox 2548 2023 2661 2077; x_wconf 75' lang='grc' dir='ltr'><strong>Καὶ</strong></span> <span class='ocrx_word' id='word_1_337' title='bbox 2713 2020 2902 2089; x_wconf 82' lang='grc' dir='ltr'>ὥσπερ</span> <span class='ocrx_word' id='word_1_338' title='bbox 2934 2019 3154 2088; x_wconf 74' lang='grc' dir='ltr'>ἴσχυσεν</span> <span class='ocrx_word' id='word_1_339' title='bbox 3183 2018 3241 2068; x_wconf 84' lang='grc' dir='ltr'>ὲν</span> <span class='ocrx_word' id='word_1_340' title='bbox 3265 2012 3343 2085; x_wconf 81' lang='grc' dir='ltr'><strong>τῷ</strong></span> <span class='ocrx_word' id='word_1_341' title='bbox 3377 2012 3552 2079; x_wconf 81' lang='grc' dir='ltr'>Ἀδὰμ</span> <span class='ocrx_word' id='word_1_342' title='bbox 3590 2010 3622 2062; x_wconf 89' lang='grc' dir='ltr'><strong>ό</strong></span> 
     </span>
    </p>
   </div>
   <div class='ocr_carea' id='block_1_47' title="bbox 2029 2102 3623 2185">
    <p class='ocr_par' dir='ltr' id='par_1_47' title="bbox 2029 2102 3623 2185">
     <span class='ocr_line' id='line_1_47' title="bbox 2029 2102 3623 2185; baseline -0.012 -12"><span class='ocrx_word' id='word_1_343' title='bbox 2029 2118 2279 2185; x_wconf 90' lang='grc' dir='ltr'>θάνατος,</span> <span class='ocrx_word' id='word_1_344' title='bbox 2337 2116 2512 2183; x_wconf 81' lang='grc' dir='ltr'>οὕτως</span> <span class='ocrx_word' id='word_1_345' title='bbox 2544 2114 2820 2185; x_wconf 81' lang='grc' dir='ltr'>ἀσθενήσῃ</span> <span class='ocrx_word' id='word_1_346' title='bbox 2864 2113 2923 2163; x_wconf 85' lang='grc' dir='ltr'><strong>ὲν</strong></span> <span class='ocrx_word' id='word_1_347' title='bbox 2955 2110 3033 2181; x_wconf 79' lang='grc' dir='ltr'>τῷ</span> <span class='ocrx_word' id='word_1_348' title='bbox 3072 2106 3288 2176; x_wconf 82' lang='grc' dir='ltr'>θανάτῳ</span> <span class='ocrx_word' id='word_1_349' title='bbox 3340 2102 3436 2156; x_wconf 81' lang='grc' dir='ltr'><strong>τοῦ</strong></span> <span class='ocrx_word' id='word_1_350' title='bbox 3482 2103 3623 2173; x_wconf 85' lang='grc' dir='ltr'>Χρι-</span> 
     </span>
    </p>
   </div>
   <div class='ocr_carea' id='block_1_48' title="bbox 2032 2193 3621 2277">
    <p class='ocr_par' dir='ltr' id='par_1_48' title="bbox 2032 2193 3621 2277">
     <span class='ocr_line' id='line_1_48' title="bbox 2032 2193 3621 2277; baseline -0.012 -12"><span class='ocrx_word' id='word_1_351' title='bbox 2032 2211 2181 2266; x_wconf 77' lang='grc' dir='ltr'>στοῦ.</span> <span class='ocrx_word' id='word_1_352' title='bbox 2204 2209 2303 2263; x_wconf 89' lang='grc' dir='ltr'>Διά</span> <span class='ocrx_word' id='word_1_353' title='bbox 2316 2207 2474 2263; x_wconf 82' lang='grc' dir='ltr'>τοῦτο</span> <span class='ocrx_word' id='word_1_354' title='bbox 2492 2207 2712 2277; x_wconf 73' lang='grc' dir='ltr'>εἴρηκεν</span> <span class='ocrx_word' id='word_1_355' title='bbox 2727 2204 2955 2266; x_wconf 79' lang='grc' dir='ltr'>Ἡσαΐας</span> <span class='ocrx_word' id='word_1_356' title='bbox 2977 2204 3004 2255; x_wconf 89' lang='grc' dir='ltr'>ὁ</span> <span class='ocrx_word' id='word_1_357' title='bbox 3030 2200 3335 2270; x_wconf 77' lang='grc' dir='ltr'>προφήτηςο</span> <span class='ocrx_word' id='word_1_358' title='bbox 3365 2215 3384 2248; x_wconf 77' lang='grc' dir='ltr'><strong>ι</strong></span> <span class='ocrx_word' id='word_1_359' title='bbox 3407 2195 3502 2249; x_wconf 85' lang='grc' dir='ltr'>Ἐν</span> <span class='ocrx_word' id='word_1_360' title='bbox 3524 2193 3621 2248; x_wconf 82' lang='grc' dir='ltr'>κέ-</span> 
     </span>
    </p>
   </div>
   <div class='ocr_carea' id='block_1_49' title="bbox 2033 2287 3620 2377">
    <p class='ocr_par' dir='ltr' id='par_1_49' title="bbox 2033 2287 3620 2377">
     <span class='ocr_line' id='line_1_49' title="bbox 2033 2287 3620 2377; baseline -0.012 -18"><span class='ocrx_word' id='word_1_361' title='bbox 2033 2322 2178 2377; x_wconf 87' lang='grc' dir='ltr'>ρατι,</span> <span class='ocrx_word' id='word_1_362' title='bbox 2204 2304 2262 2357; x_wconf 83' lang='grc' dir='ltr'>ὲν</span> <span class='ocrx_word' id='word_1_363' title='bbox 2292 2300 2446 2372; x_wconf 86' lang='grc' dir='ltr'>τόπῳ</span> <span class='ocrx_word' id='word_1_364' title='bbox 2473 2302 2639 2354; x_wconf 72' lang='grc' dir='ltr'>πίονυ</span> <span class='ocrx_word' id='word_1_365' title='bbox 2669 2317 2688 2352; x_wconf 73' lang='grc' dir='ltr'><strong>ι</strong></span> <span class='ocrx_word' id='word_1_366' title='bbox 2716 2297 2909 2368; x_wconf 88' lang='grc' dir='ltr'>κέρατι</span> <span class='ocrx_word' id='word_1_367' title='bbox 2937 2296 3035 2366; x_wconf 83' lang='grc' dir='ltr'>μὲν</span> <span class='ocrx_word' id='word_1_368' title='bbox 3060 2295 3135 2357; x_wconf 83' lang='grc' dir='ltr'>ὼς</span> <span class='ocrx_word' id='word_1_369' title='bbox 3156 2291 3297 2346; x_wconf 81' lang='grc' dir='ltr'>κατὰ</span> <span class='ocrx_word' id='word_1_370' title='bbox 3324 2288 3419 2343; x_wconf 82' lang='grc' dir='ltr'><strong>τοῦ</strong></span> <span class='ocrx_word' id='word_1_371' title='bbox 3450 2287 3620 2342; x_wconf 83' lang='grc' dir='ltr'>θανά-</span> 
     </span>
    </p>
   </div>
   <div class='ocr_carea' id='block_1_50' title="bbox 2032 2381 3616 2465">
    <p class='ocr_par' dir='ltr' id='par_1_50' title="bbox 2032 2381 3616 2465">
     <span class='ocr_line' id='line_1_50' title="bbox 2032 2381 3616 2465; baseline -0.011 -15"><span class='ocrx_word' id='word_1_372' title='bbox 2032 2413 2126 2450; x_wconf 88' lang='grc' dir='ltr'>του</span> <span class='ocrx_word' id='word_1_373' title='bbox 2170 2394 2510 2465; x_wconf 88' lang='grc' dir='ltr'>ἀμυντήριος</span> <span class='ocrx_word' id='word_1_374' title='bbox 2551 2390 2732 2461; x_wconf 77' lang='grc' dir='ltr'>ἔχοντι</span> <span class='ocrx_word' id='word_1_375' title='bbox 2777 2388 2869 2443; x_wconf 79' lang='grc' dir='ltr'><strong>τὸν</strong></span> <span class='ocrx_word' id='word_1_376' title='bbox 2915 2385 3147 2456; x_wconf 78' lang='grc' dir='ltr'>σταυρὸν</span> <span class='ocrx_word' id='word_1_377' title='bbox 3183 2383 3277 2438; x_wconf 80' lang='grc' dir='ltr'><strong>τοῦ</strong></span> <span class='ocrx_word' id='word_1_378' title='bbox 3312 2381 3616 2436; x_wconf 85' lang='grc' dir='ltr'>Δεσπότου’</span> 
     </span>
    </p>
   </div>
   <div class='ocr_carea' id='block_1_51' title="bbox 2034 2471 3621 2554">
    <p class='ocr_par' dir='ltr' id='par_1_51' title="bbox 2034 2471 3621 2554">
     <span class='ocr_line' id='line_1_51' title="bbox 2034 2471 3621 2554; baseline -0.011 -13"><span class='ocrx_word' id='word_1_379' title='bbox 2034 2486 2178 2541; x_wconf 88' lang='grc' dir='ltr'>πίονι</span> <span class='ocrx_word' id='word_1_380' title='bbox 2193 2483 2359 2551; x_wconf 81' lang='grc' dir='ltr'>δὲ,ὡς</span> <span class='ocrx_word' id='word_1_381' title='bbox 2391 2480 2530 2554; x_wconf 88' lang='grc' dir='ltr'><strong>μετά</strong></span> <span class='ocrx_word' id='word_1_382' title='bbox 2559 2480 2653 2535; x_wconf 87' lang='grc' dir='ltr'>τὸν</span> <span class='ocrx_word' id='word_1_383' title='bbox 2671 2478 2998 2551; x_wconf 84' lang='grc' dir='ltr'>παράδεισον</span> <span class='ocrx_word' id='word_1_384' title='bbox 3012 2476 3122 2531; x_wconf 84' lang='grc' dir='ltr'><strong>τῶν</strong></span> <span class='ocrx_word' id='word_1_385' title='bbox 3153 2471 3296 2529; x_wconf 87' lang='grc' dir='ltr'><strong>κατά</strong></span> <span class='ocrx_word' id='word_1_386' title='bbox 3310 2472 3494 2544; x_wconf 82' lang='grc' dir='ltr'>πάσης</span> <span class='ocrx_word' id='word_1_387' title='bbox 3515 2471 3621 2541; x_wconf 83' lang='grc' dir='ltr'>τῆς</span> 
     </span>
    </p>
   </div>
   <div class='ocr_carea' id='block_1_52' title="bbox 2035 2568 2939 2647">
    <p class='ocr_par' dir='ltr' id='par_1_52' title="bbox 2035 2568 2939 2647">
     <span class='ocr_line' id='line_1_52' title="bbox 2035 2568 2939 2647; baseline -0.011 -16"><span class='ocrx_word' id='word_1_388' title='bbox 2035 2577 2125 2647; x_wconf 77' lang='grc' dir='ltr'><strong>ὑφ’</strong></span> <span class='ocrx_word' id='word_1_389' title='bbox 2153 2575 2290 2647; x_wconf 80' lang='grc' dir='ltr'>ἡλίῳ</span> <span class='ocrx_word' id='word_1_390' title='bbox 2319 2570 2603 2645; x_wconf 87' lang='grc' dir='ltr'>πρωτείων</span> <span class='ocrx_word' id='word_1_391' title='bbox 2631 2568 2939 2641; x_wconf 80' lang='grc' dir='ltr'>ὴξιωμένῳ.</span> 
     </span>
    </p>
   </div>
   <div class='ocr_carea' id='block_1_53' title="bbox 2854 2661 3620 2735">
    <p class='ocr_par' dir='ltr' id='par_1_53' title="bbox 2854 2661 3620 2735">
     <span class='ocr_line' id='line_1_53' title="bbox 2854 2661 3620 2735; baseline -0.013 -15"><span class='ocrx_word' id='word_1_392' title='bbox 2854 2661 3050 2735; x_wconf 87' lang='lat' dir='ltr'><strong>pingui</strong></span> <span class='ocrx_word' id='word_1_393' title='bbox 3098 2674 3231 2718; x_wconf 84' lang='lat' dir='ltr'><strong>vero</strong></span> <span class='ocrx_word' id='word_1_394' title='bbox 3249 2700 3266 2726; x_wconf 93' lang='lat'><strong>,</strong></span> <span class='ocrx_word' id='word_1_395' title='bbox 3349 2666 3620 2735; x_wconf 61' lang='lat' dir='ltr'><strong>tanquam</strong></span> 
     </span>
    </p>
   </div>
   <div class='ocr_carea' id='block_1_54' title="bbox 349 2760 2625 2840">
    <p class='ocr_par' dir='ltr' id='par_1_54' title="bbox 349 2760 2625 2840">
     <span class='ocr_line' id='line_1_54' title="bbox 349 2760 2625 2840; baseline -0.003 -15"><span class='ocrx_word' id='word_1_396' title='bbox 349 2770 444 2840; x_wconf 91' lang='lat' dir='ltr'><strong>qui</strong></span> <span class='ocrx_word' id='word_1_397' title='bbox 506 2775 629 2840; x_wconf 86' lang='lat' dir='ltr'><strong>post</strong></span> <span class='ocrx_word' id='word_1_398' title='bbox 669 2769 989 2840; x_wconf 87' lang='lat' dir='ltr'><strong>paradisum</strong></span> <span class='ocrx_word' id='word_1_399' title='bbox 1043 2770 1098 2824; x_wconf 93' lang='lat' dir='ltr'><strong>in</strong></span> <span class='ocrx_word' id='word_1_400' title='bbox 1149 2777 1430 2825; x_wconf 88' lang='lat' dir='ltr'><strong>terrarum</strong></span> <span class='ocrx_word' id='word_1_401' title='bbox 1472 2769 1609 2825; x_wconf 90' lang='lat' dir='ltr'><strong>orbe</strong></span> <span class='ocrx_word' id='word_1_402' title='bbox 1668 2768 1931 2824; x_wconf 87' lang='lat' dir='ltr'><strong>universo</strong></span> <span class='ocrx_word' id='word_1_403' title='bbox 1970 2768 2211 2838; x_wconf 90' lang='lat' dir='ltr'><strong>primatu</strong></span> <span class='ocrx_word' id='word_1_404' title='bbox 2242 2764 2500 2834; x_wconf 88' lang='lat' dir='ltr'><strong>dignatus</strong></span> <span class='ocrx_word' id='word_1_405' title='bbox 2531 2760 2625 2818; x_wconf 91' lang='lat' dir='ltr'><strong>sit.</strong></span> 
     </span>
    </p>
   </div>
   <div class='ocr_carea' id='block_1_55' title="bbox 909 2885 1359 2942">
    <p class='ocr_par' dir='ltr' id='par_1_55' title="bbox 909 2885 1359 2942">
     <span class='ocr_line' id='line_1_55' title="bbox 909 2885 1359 2942; baseline -0.004 -1"><span class='ocrx_word' id='word_1_406' title='bbox 909 2885 1002 2942; x_wconf 86' lang='lat' dir='ltr'><strong>Ill.</strong></span> <span class='ocrx_word' id='word_1_407' title='bbox 1035 2915 1107 2928; x_wconf 90' lang='lat'><em>-</em></span> <span class='ocrx_word' id='word_1_408' title='bbox 1146 2886 1359 2942; x_wconf 84' lang='lat' dir='ltr'><strong>Eidem.</strong></span> 
     </span>
    </p>
   </div>
   <div class='ocr_carea' id='block_1_56' title="bbox 422 2974 1927 3051">
    <p class='ocr_par' dir='ltr' id='par_1_56' title="bbox 422 2974 1927 3051">
     <span class='ocr_line' id='line_1_56' title="bbox 422 2974 1927 3051; baseline -0.003 -17"><span class='ocrx_word' id='word_1_409' title='bbox 422 2980 757 3037; x_wconf 88' lang='lat' dir='ltr'><strong>Delictorum</strong></span> <span class='ocrx_word' id='word_1_410' title='bbox 801 2977 1023 3051; x_wconf 87' lang='lat' dir='ltr'><strong>quidem</strong></span> <span class='ocrx_word' id='word_1_411' title='bbox 1071 2977 1199 3043; x_wconf 88' lang='lat' dir='ltr'><strong>alia,</strong></span> <span class='ocrx_word' id='word_1_412' title='bbox 1228 2988 1284 3035; x_wconf 89' lang='lat' dir='ltr'><strong>et</strong></span> <span class='ocrx_word' id='word_1_413' title='bbox 1309 2986 1443 3034; x_wconf 89' lang='lat' dir='ltr'><strong>sunt</strong></span> <span class='ocrx_word' id='word_1_414' title='bbox 1477 2976 1686 3049; x_wconf 86' lang='lat' dir='ltr'><strong>gravia,</strong></span> <span class='ocrx_word' id='word_1_415' title='bbox 1721 2982 1778 3032; x_wconf 93' lang='lat' dir='ltr'><strong>et</strong></span> <span class='ocrx_word' id='word_1_416' title='bbox 1808 2974 1927 3031; x_wconf 85' lang='lat' dir='ltr'><strong>exi-</strong></span> 
     </span>
    </p>
   </div>
   <div class='ocr_carea' id='block_1_57' title="bbox 352 3066 1931 3136">
    <p class='ocr_par' dir='ltr' id='par_1_57' title="bbox 352 3066 1931 3136">
     <span class='ocr_line' id='line_1_57' title="bbox 352 3066 1931 3136; baseline -0.003 -11"><span class='ocrx_word' id='word_1_417' title='bbox 352 3071 652 3125; x_wconf 84' lang='lat' dir='ltr'><strong>stimantur</strong></span> <span class='ocrx_word' id='word_1_418' title='bbox 677 3085 819 3125; x_wconf 87' lang='lat' dir='ltr'><strong>esse.</strong></span> <span class='ocrx_word' id='word_1_419' title='bbox 858 3066 1061 3123; x_wconf 82' lang='lat' dir='ltr'><strong>Gravia</strong></span> <span class='ocrx_word' id='word_1_420' title='bbox 1093 3076 1226 3124; x_wconf 88' lang='lat' dir='ltr'><strong>sunt</strong></span> <span class='ocrx_word' id='word_1_421' title='bbox 1271 3067 1656 3136; x_wconf 89' lang='lat' dir='ltr'><strong>homicidium,</strong></span> <span class='ocrx_word' id='word_1_422' title='bbox 1690 3075 1746 3123; x_wconf 89' lang='lat' dir='ltr'><strong>et</strong></span> <span class='ocrx_word' id='word_1_423' title='bbox 1772 3066 1931 3121; x_wconf 90' lang='lat' dir='ltr'><strong>adul-</strong></span> 
     </span>
    </p>
   </div>
   <div class='ocr_carea' id='block_1_58' title="bbox 353 3159 1931 3232">
    <p class='ocr_par' dir='ltr' id='par_1_58' title="bbox 353 3159 1931 3232">
     <span class='ocr_line' id='line_1_58' title="bbox 353 3159 1931 3232; baseline -0.003 -16"><span class='ocrx_word' id='word_1_424' title='bbox 353 3162 555 3217; x_wconf 90' lang='lat' dir='ltr'><strong>terium</strong></span> <span class='ocrx_word' id='word_1_425' title='bbox 588 3180 602 3217; x_wconf 91' lang='lat'><strong>:</strong></span> <span class='ocrx_word' id='word_1_426' title='bbox 627 3176 867 3232; x_wconf 89' lang='lat' dir='ltr'><strong>namque</strong></span> <span class='ocrx_word' id='word_1_427' title='bbox 895 3168 1025 3217; x_wconf 88' lang='lat' dir='ltr'><strong>sunt</strong></span> <span class='ocrx_word' id='word_1_428' title='bbox 1053 3161 1261 3231; x_wconf 90' lang='lat' dir='ltr'><strong>gravia,</strong></span> <span class='ocrx_word' id='word_1_429' title='bbox 1285 3171 1340 3216; x_wconf 91' lang='lat' dir='ltr'><strong>ct</strong></span> <span class='ocrx_word' id='word_1_430' title='bbox 1358 3160 1624 3232; x_wconf 88' lang='lat' dir='ltr'><strong>opinione</strong></span> <span class='ocrx_word' id='word_1_431' title='bbox 1646 3159 1931 3214; x_wconf 88' lang='lat' dir='ltr'><strong>hominum</strong></span> 
     </span>
    </p>
   </div>
   <div class='ocr_carea' id='block_1_59' title="bbox 354 3251 1931 3326">
    <p class='ocr_par' dir='ltr' id='par_1_59' title="bbox 354 3251 1931 3326">
     <span class='ocr_line' id='line_1_59' title="bbox 354 3251 1931 3326; baseline -0.003 -17"><span class='ocrx_word' id='word_1_432' title='bbox 354 3255 544 3326; x_wconf 85' lang='lat' dir='ltr'><strong>gravia</strong></span> <span class='ocrx_word' id='word_1_433' title='bbox 607 3255 963 3325; x_wconf 88' lang='lat' dir='ltr'><strong>deputantur.</strong></span> <span class='ocrx_word' id='word_1_434' title='bbox 1039 3251 1432 3309; x_wconf 81' lang='lat' dir='ltr'><strong>Verumtamen</strong></span> <span class='ocrx_word' id='word_1_435' title='bbox 1503 3251 1931 3323; x_wconf 88' lang='lat' dir='ltr'><strong>jusjurandum,</strong></span> 
     </span>
    </p>
   </div>
   <div class='ocr_carea' id='block_1_60' title="bbox 354 3345 1931 3419">
    <p class='ocr_par' dir='ltr' id='par_1_60' title="bbox 354 3345 1931 3419">
     <span class='ocr_line' id='line_1_60' title="bbox 354 3345 1931 3419; baseline -0.003 -17"><span class='ocrx_word' id='word_1_436' title='bbox 354 3363 521 3419; x_wconf 86' lang='lat' dir='ltr'><strong>grave</strong></span> <span class='ocrx_word' id='word_1_437' title='bbox 565 3347 818 3419; x_wconf 91' lang='lat' dir='ltr'><strong>equidem</strong></span> <span class='ocrx_word' id='word_1_438' title='bbox 874 3354 983 3413; x_wconf 86' lang='lat' dir='ltr'><strong>est,</strong></span> <span class='ocrx_word' id='word_1_439' title='bbox 1027 3345 1389 3403; x_wconf 74' lang='lat' dir='ltr'><strong>nihilominus</strong></span> <span class='ocrx_word' id='word_1_440' title='bbox 1454 3359 1621 3415; x_wconf 87' lang='lat' dir='ltr'><strong>grave</strong></span> <span class='ocrx_word' id='word_1_441' title='bbox 1649 3359 1773 3402; x_wconf 86' lang='lat' dir='ltr'><strong>esse</strong></span> <span class='ocrx_word' id='word_1_442' title='bbox 1816 3358 1931 3398; x_wconf 89' lang='lat' dir='ltr'><strong>non</strong></span> 
     </span>
    </p>
   </div>
   <div class='ocr_carea' id='block_1_61' title="bbox 353 3437 1933 3511">
    <p class='ocr_par' dir='ltr' id='par_1_61' title="bbox 353 3437 1933 3511">
     <span class='ocr_line' id='line_1_61' title="bbox 353 3437 1933 3511; baseline -0.002 -16"><span class='ocrx_word' id='word_1_443' title='bbox 353 3441 658 3511; x_wconf 88' lang='lat' dir='ltr'><strong>judicatur.</strong></span> <span class='ocrx_word' id='word_1_444' title='bbox 690 3439 817 3496; x_wconf 85' lang='lat' dir='ltr'><strong>Ideo</strong></span> <span class='ocrx_word' id='word_1_445' title='bbox 847 3438 1151 3496; x_wconf 88' lang='lat' dir='ltr'><strong>cavendum</strong></span> <span class='ocrx_word' id='word_1_446' title='bbox 1208 3439 1372 3495; x_wconf 91' lang='lat' dir='ltr'><strong>nobis</strong></span> <span class='ocrx_word' id='word_1_447' title='bbox 1416 3438 1737 3509; x_wconf 89' lang='lat' dir='ltr'><strong>diligentius</strong></span> <span class='ocrx_word' id='word_1_448' title='bbox 1767 3437 1837 3494; x_wconf 92' lang='lat' dir='ltr'><strong>ab</strong></span> <span class='ocrx_word' id='word_1_449' title='bbox 1866 3451 1933 3492; x_wconf 85' lang='lat' dir='ltr'><strong>eo</strong></span> 
     </span>
    </p>
   </div>
   <div class='ocr_carea' id='block_1_62' title="bbox 354 3532 1933 3604">
    <p class='ocr_par' dir='ltr' id='par_1_62' title="bbox 354 3532 1933 3604">
     <span class='ocr_line' id='line_1_62' title="bbox 354 3532 1933 3604; baseline -0.004 -13"><span class='ocrx_word' id='word_1_450' title='bbox 354 3542 478 3598; x_wconf 89' lang='lat' dir='ltr'><strong>est;</strong></span> <span class='ocrx_word' id='word_1_451' title='bbox 509 3534 625 3591; x_wconf 89' lang='lat' dir='ltr'><strong>sive</strong></span> <span class='ocrx_word' id='word_1_452' title='bbox 655 3533 789 3590; x_wconf 91' lang='lat' dir='ltr'><strong>illud</strong></span> <span class='ocrx_word' id='word_1_453' title='bbox 816 3533 988 3604; x_wconf 88' lang='lat' dir='ltr'><strong>juste,</strong></span> <span class='ocrx_word' id='word_1_454' title='bbox 1036 3534 1151 3589; x_wconf 90' lang='lat' dir='ltr'><strong>sive</strong></span> <span class='ocrx_word' id='word_1_455' title='bbox 1194 3532 1403 3601; x_wconf 87' lang='lat' dir='ltr'><strong>injuste</strong></span> <span class='ocrx_word' id='word_1_456' title='bbox 1449 3532 1818 3602; x_wconf 89' lang='lat' dir='ltr'><strong>concipiatur,</strong></span> <span class='ocrx_word' id='word_1_457' title='bbox 1864 3546 1933 3585; x_wconf 92' lang='lat' dir='ltr'><strong>ne</strong></span> 
     </span>
    </p>
   </div>
   <div class='ocr_carea' id='block_1_63' title="bbox 356 3622 1933 3695">
    <p class='ocr_par' dir='ltr' id='par_1_63' title="bbox 356 3622 1933 3695">
     <span class='ocr_line' id='line_1_63' title="bbox 356 3622 1933 3695; baseline -0.003 -16"><span class='ocrx_word' id='word_1_458' title='bbox 356 3625 416 3679; x_wconf 89' lang='lat' dir='ltr'><strong>in</strong></span> <span class='ocrx_word' id='word_1_459' title='bbox 468 3624 604 3679; x_wconf 91' lang='lat' dir='ltr'><strong>illud</strong></span> <span class='ocrx_word' id='word_1_460' title='bbox 650 3624 958 3695; x_wconf 69' lang='lat' dir='ltr'><strong>praecipites</strong></span> <span class='ocrx_word' id='word_1_461' title='bbox 1014 3623 1121 3678; x_wconf 91' lang='lat' dir='ltr'><strong>acti</strong></span> <span class='ocrx_word' id='word_1_462' title='bbox 1175 3631 1426 3679; x_wconf 87' lang='lat' dir='ltr'><strong>extorres</strong></span> <span class='ocrx_word' id='word_1_463' title='bbox 1454 3622 1791 3692; x_wconf 89' lang='lat' dir='ltr'><strong>sempiterna</strong></span> <span class='ocrx_word' id='word_1_464' title='bbox 1822 3622 1933 3675; x_wconf 89' lang='lat' dir='ltr'><strong>vita</strong></span> 
     </span>
    </p>
   </div>
   <div class='ocr_carea' id='block_1_64' title="bbox 359 3715 650 3785">
    <p class='ocr_par' dir='ltr' id='par_1_64' title="bbox 359 3715 650 3785">
     <span class='ocr_line' id='line_1_64' title="bbox 359 3715 650 3785; baseline 0 -16"><span class='ocrx_word' id='word_1_465' title='bbox 359 3715 650 3785; x_wconf 77' lang='lat' dir='ltr'><strong>pellantur.</strong></span> 
     </span>
    </p>
   </div>
   <div class='ocr_carea' id='block_1_65' title="bbox 572 3821 1718 3895">
    <p class='ocr_par' dir='ltr' id='par_1_65' title="bbox 572 3821 1718 3895">
     <span class='ocr_line' id='line_1_65' title="bbox 572 3821 1718 3895; baseline 0 -17"><span class='ocrx_word' id='word_1_466' title='bbox 572 3824 624 3895; x_wconf 83' lang='lat'><strong>3</strong></span> <span class='ocrx_word' id='word_1_467' title='bbox 655 3823 747 3879; x_wconf 87' lang='lat' dir='ltr'><strong>1v.</strong></span> <span class='ocrx_word' id='word_1_468' title='bbox 775 3855 845 3865; x_wconf 90' lang='lat'><strong><em>—</em></strong></span> <span class='ocrx_word' id='word_1_469' title='bbox 874 3821 1320 3879; x_wconf 81' lang='lat' dir='ltr'><strong>MARCELLINO</strong></span> <span class='ocrx_word' id='word_1_470' title='bbox 1362 3822 1718 3880; x_wconf 83' lang='lat' dir='ltr'><strong>MONACHO.</strong></span> 
     </span>
    </p>
   </div>
   <div class='ocr_carea' id='block_1_66' title="bbox 428 3929 1936 4000">
    <p class='ocr_par' dir='ltr' id='par_1_66' title="bbox 428 3929 1936 4000">
     <span class='ocr_line' id='line_1_66' title="bbox 428 3929 1936 4000; baseline 0.003 -10"><span class='ocrx_word' id='word_1_471' title='bbox 428 3929 731 4000; x_wconf 86' lang='lat' dir='ltr'><strong>Oratione,</strong></span> <span class='ocrx_word' id='word_1_472' title='bbox 786 3946 843 3992; x_wconf 91' lang='lat' dir='ltr'><strong>et</strong></span> <span class='ocrx_word' id='word_1_473' title='bbox 901 3951 1163 3991; x_wconf 91' lang='lat' dir='ltr'><strong>manuum</strong></span> <span class='ocrx_word' id='word_1_474' title='bbox 1216 3937 1543 3993; x_wconf 85' lang='lat' dir='ltr'><strong>extensione</strong></span> <span class='ocrx_word' id='word_1_475' title='bbox 1604 3937 1936 3994; x_wconf 86' lang='lat' dir='ltr'><strong>Amalecitas</strong></span> 
     </span>
    </p>
   </div>
   <div class='ocr_carea' id='block_1_67' title="bbox 360 4025 1937 4099">
    <p class='ocr_par' dir='ltr' id='par_1_67' title="bbox 360 4025 1937 4099">
     <span class='ocr_line' id='line_1_67' title="bbox 360 4025 1937 4099; baseline 0.004 -19"><span class='ocrx_word' id='word_1_476' title='bbox 360 4025 576 4099; x_wconf 77' lang='lat' dir='ltr'><strong>Moyses</strong></span> <span class='ocrx_word' id='word_1_477' title='bbox 606 4027 771 4081; x_wconf 89' lang='lat' dir='ltr'><strong>vertit</strong></span> <span class='ocrx_word' id='word_1_478' title='bbox 820 4029 876 4082; x_wconf 92' lang='lat' dir='ltr'><strong>in</strong></span> <span class='ocrx_word' id='word_1_479' title='bbox 916 4027 1098 4099; x_wconf 80' lang='lat' dir='ltr'><strong>fugam</strong></span> <span class='ocrx_word' id='word_1_480' title='bbox 1130 4029 1172 4082; x_wconf 80' lang='lat'><strong>&#39;.</strong></span> <span class='ocrx_word' id='word_1_481' title='bbox 1205 4025 1264 4083; x_wconf 93' lang='lat' dir='ltr'><strong>Si</strong></span> <span class='ocrx_word' id='word_1_482' title='bbox 1304 4028 1470 4099; x_wconf 88' lang='lat' dir='ltr'><strong>igitur</strong></span> <span class='ocrx_word' id='word_1_483' title='bbox 1497 4028 1657 4083; x_wconf 82' lang='lat' dir='ltr'><strong>fratri</strong></span> <span class='ocrx_word' id='word_1_484' title='bbox 1687 4029 1937 4087; x_wconf 84' lang='lat' dir='ltr'><strong>infensus</strong></span> 
     </span>
    </p>
   </div>
   <div class='ocr_carea' id='block_1_68' title="bbox 359 4118 1936 4190">
    <p class='ocr_par' dir='ltr' id='par_1_68' title="bbox 359 4118 1936 4190">
     <span class='ocr_line' id='line_1_68' title="bbox 359 4118 1936 4190; baseline 0.001 -16"><span class='ocrx_word' id='word_1_485' title='bbox 359 4129 555 4174; x_wconf 81' lang='lat' dir='ltr'><strong>contra</strong></span> <span class='ocrx_word' id='word_1_486' title='bbox 590 4118 814 4173; x_wconf 83' lang='lat' dir='ltr'><strong>fratrem</strong></span> <span class='ocrx_word' id='word_1_487' title='bbox 843 4125 997 4173; x_wconf 90' lang='lat' dir='ltr'><strong>tuum</strong></span> <span class='ocrx_word' id='word_1_488' title='bbox 1031 4133 1140 4172; x_wconf 93' lang='lat' dir='ltr'><strong>non</strong></span> <span class='ocrx_word' id='word_1_489' title='bbox 1168 4134 1250 4185; x_wconf 90' lang='lat' dir='ltr'><strong>es,</strong></span> <span class='ocrx_word' id='word_1_490' title='bbox 1280 4134 1583 4190; x_wconf 85' lang='lat' dir='ltr'><strong>precesque</strong></span> <span class='ocrx_word' id='word_1_491' title='bbox 1614 4134 1714 4190; x_wconf 90' lang='lat' dir='ltr'><strong>pro</strong></span> <span class='ocrx_word' id='word_1_492' title='bbox 1745 4120 1936 4190; x_wconf 86' lang='lat' dir='ltr'><strong>proxi-</strong></span> 
     </span>
    </p>
   </div>
   <div class='ocr_carea' id='block_1_69' title="bbox 2572 2869 3073 2940">
    <p class='ocr_par' dir='ltr' id='par_1_69' title="bbox 2572 2869 3073 2940">
     <span class='ocr_line' id='line_1_69' title="bbox 2572 2869 3073 2940; baseline -0.006 -11"><span class='ocrx_word' id='word_1_493' title='bbox 2572 2876 2648 2932; x_wconf 86' lang='lat'><strong>1&quot;.</strong></span> <span class='ocrx_word' id='word_1_494' title='bbox 2668 2902 2742 2917; x_wconf 90' lang='lat'><strong><em>—</em></strong></span> <span class='ocrx_word' id='word_1_495' title='bbox 2771 2871 2857 2940; x_wconf 84' lang='grc' dir='ltr'><strong>Τῷ</strong></span> <span class='ocrx_word' id='word_1_496' title='bbox 2892 2869 3073 2937; x_wconf 84' lang='grc' dir='ltr'>αὐτῷ.</span> 
     </span>
    </p>
   </div>
   <div class='ocr_carea' id='block_1_70' title="bbox 2106 2956 3618 3045">
    <p class='ocr_par' dir='ltr' id='par_1_70' title="bbox 2106 2956 3618 3045">
     <span class='ocr_line' id='line_1_70' title="bbox 2106 2956 3618 3045; baseline -0.011 -18"><span class='ocrx_word' id='word_1_497' title='bbox 2106 2973 2190 3029; x_wconf 89' lang='grc' dir='ltr'><strong>Τά</strong></span> <span class='ocrx_word' id='word_1_498' title='bbox 2219 2973 2318 3045; x_wconf 82' lang='grc' dir='ltr'><strong>μὲν</strong></span> <span class='ocrx_word' id='word_1_499' title='bbox 2347 2970 2483 3027; x_wconf 82' lang='grc' dir='ltr'>ἀλλα</span> <span class='ocrx_word' id='word_1_500' title='bbox 2506 2969 2615 3022; x_wconf 86' lang='grc' dir='ltr'>τῶν</span> <span class='ocrx_word' id='word_1_501' title='bbox 2649 2966 3086 3039; x_wconf 83' lang='grc' dir='ltr'>ἁμαρτημάτων,</span> <span class='ocrx_word' id='word_1_502' title='bbox 3112 2961 3208 3017; x_wconf 69' lang='grc' dir='ltr'>καὶ</span> <span class='ocrx_word' id='word_1_503' title='bbox 3232 2960 3346 3014; x_wconf 75' lang='grc' dir='ltr'>ἔστι</span> <span class='ocrx_word' id='word_1_504' title='bbox 3377 2956 3618 3031; x_wconf 79' lang='grc' dir='ltr'>χαλεπὰ.</span> 
     </span>
    </p>
   </div>
   <div class='ocr_carea' id='block_1_71' title="bbox 2036 3049 3617 3136">
    <p class='ocr_par' dir='ltr' id='par_1_71' title="bbox 2036 3049 3617 3136">
     <span class='ocr_line' id='line_1_71' title="bbox 2036 3049 3617 3136; baseline -0.013 -15"><span class='ocrx_word' id='word_1_505' title='bbox 2036 3065 2132 3121; x_wconf 75' lang='grc' dir='ltr'>καὶ</span> <span class='ocrx_word' id='word_1_506' title='bbox 2167 3064 2449 3136; x_wconf 77' lang='grc' dir='ltr'>νομίζεται</span> <span class='ocrx_word' id='word_1_507' title='bbox 2479 3057 2639 3116; x_wconf 77' lang='grc' dir='ltr'>εῖναι.</span> <span class='ocrx_word' id='word_1_508' title='bbox 2665 3059 2897 3115; x_wconf 85' lang='grc' dir='ltr'>Χαλεπά</span> <span class='ocrx_word' id='word_1_509' title='bbox 2931 3060 2960 3111; x_wconf 88' lang='grc' dir='ltr'><strong>ό</strong></span> <span class='ocrx_word' id='word_1_510' title='bbox 2989 3056 3168 3127; x_wconf 87' lang='grc' dir='ltr'>φόνος,</span> <span class='ocrx_word' id='word_1_511' title='bbox 3200 3053 3347 3124; x_wconf 76' lang='grc' dir='ltr'><strong>καὶὴ</strong></span> <span class='ocrx_word' id='word_1_512' title='bbox 3379 3049 3617 3123; x_wconf 79' lang='grc' dir='ltr'>μοιχείαο</span> 
     </span>
    </p>
   </div>
   <div class='ocr_carea' id='block_1_72' title="bbox 2036 3140 3620 3227">
    <p class='ocr_par' dir='ltr' id='par_1_72' title="bbox 2036 3140 3620 3227">
     <span class='ocr_line' id='line_1_72' title="bbox 2036 3140 3620 3227; baseline -0.011 -15"><span class='ocrx_word' id='word_1_513' title='bbox 2036 3158 2133 3212; x_wconf 75' lang='grc' dir='ltr'>καὶ</span> <span class='ocrx_word' id='word_1_514' title='bbox 2164 3156 2274 3227; x_wconf 89' lang='grc' dir='ltr'><strong>γάρ</strong></span> <span class='ocrx_word' id='word_1_515' title='bbox 2309 3157 2427 3208; x_wconf 75' lang='grc' dir='ltr'>ἐστι</span> <span class='ocrx_word' id='word_1_516' title='bbox 2455 3152 2715 3225; x_wconf 83' lang='grc' dir='ltr'>χαλεπὸν,</span> <span class='ocrx_word' id='word_1_517' title='bbox 2747 3151 2844 3205; x_wconf 77' lang='grc' dir='ltr'>καὶ</span> <span class='ocrx_word' id='word_1_518' title='bbox 2873 3148 3157 3221; x_wconf 82' lang='grc' dir='ltr'>νομίζεται</span> <span class='ocrx_word' id='word_1_519' title='bbox 3183 3140 3325 3199; x_wconf 74' lang='grc' dir='ltr'>εἶναι</span> <span class='ocrx_word' id='word_1_520' title='bbox 3353 3142 3620 3215; x_wconf 79' lang='grc' dir='ltr'>χαλεπόν.</span> 
     </span>
    </p>
   </div>
   <div class='ocr_carea' id='block_1_73' title="bbox 2050 3228 3626 3318">
    <p class='ocr_par' dir='ltr' id='par_1_73' title="bbox 2050 3228 3626 3318">
     <span class='ocr_line' id='line_1_73' title="bbox 2050 3228 3626 3318; baseline -0.011 -16"><span class='ocrx_word' id='word_1_521' title='bbox 2050 3249 2109 3302; x_wconf 86' lang='lat'><strong>&#39;0</strong></span> <span class='ocrx_word' id='word_1_522' title='bbox 2137 3248 2194 3301; x_wconf 82' lang='grc' dir='ltr'>δὲ</span> <span class='ocrx_word' id='word_1_523' title='bbox 2217 3248 2377 3318; x_wconf 82' lang='grc' dir='ltr'>ὅρκος</span> <span class='ocrx_word' id='word_1_524' title='bbox 2406 3244 2523 3298; x_wconf 70' lang='grc' dir='ltr'>ἐστὶ</span> <span class='ocrx_word' id='word_1_525' title='bbox 2570 3243 2671 3314; x_wconf 77' lang='grc' dir='ltr'><strong>μὲν</strong></span> <span class='ocrx_word' id='word_1_526' title='bbox 2708 3240 2966 3313; x_wconf 86' lang='grc' dir='ltr'>χαλεπὸς,</span> <span class='ocrx_word' id='word_1_527' title='bbox 2989 3239 3051 3292; x_wconf 82' lang='grc' dir='ltr'>οὐ</span> <span class='ocrx_word' id='word_1_528' title='bbox 3083 3236 3364 3306; x_wconf 76' lang='grc' dir='ltr'>νομίζεται</span> <span class='ocrx_word' id='word_1_529' title='bbox 3399 3234 3456 3287; x_wconf 82' lang='grc' dir='ltr'>δὲ</span> <span class='ocrx_word' id='word_1_530' title='bbox 3484 3228 3626 3286; x_wconf 72' lang='grc' dir='ltr'>εἶναι</span> 
     </span>
    </p>
   </div>
   <div class='ocr_carea' id='block_1_74' title="bbox 2038 3325 3624 3411">
    <p class='ocr_par' dir='ltr' id='par_1_74' title="bbox 2038 3325 3624 3411">
     <span class='ocr_line' id='line_1_74' title="bbox 2038 3325 3624 3411; baseline -0.012 -16"><span class='ocrx_word' id='word_1_531' title='bbox 2038 3339 2290 3411; x_wconf 78' lang='grc' dir='ltr'>χαλεπός.</span> <span class='ocrx_word' id='word_1_532' title='bbox 2322 3338 2520 3409; x_wconf 87' lang='grc' dir='ltr'>Διόπερ</span> <span class='ocrx_word' id='word_1_533' title='bbox 2557 3336 2756 3407; x_wconf 81' lang='grc' dir='ltr'>μᾶλλον</span> <span class='ocrx_word' id='word_1_534' title='bbox 2796 3332 2956 3387; x_wconf 79' lang='grc' dir='ltr'>αὑτὸν</span> <span class='ocrx_word' id='word_1_535' title='bbox 2992 3327 3374 3401; x_wconf 80' lang='grc' dir='ltr'>φυλαξώμεθα·</span> <span class='ocrx_word' id='word_1_536' title='bbox 3426 3325 3532 3379; x_wconf 87' lang='grc' dir='ltr'><strong>κάν</strong></span> <span class='ocrx_word' id='word_1_537' title='bbox 3561 3340 3624 3377; x_wconf 83' lang='grc' dir='ltr'><strong>τε</strong></span> 
     </span>
    </p>
   </div>
   <div class='ocr_carea' id='block_1_75' title="bbox 2037 3414 3626 3496">
    <p class='ocr_par' dir='ltr' id='par_1_75' title="bbox 2037 3414 3626 3496">
     <span class='ocr_line' id='line_1_75' title="bbox 2037 3414 3626 3496; baseline -0.012 -9"><span class='ocrx_word' id='word_1_538' title='bbox 2037 3432 2280 3494; x_wconf 85' lang='grc' dir='ltr'>δικαίως,</span> <span class='ocrx_word' id='word_1_539' title='bbox 2299 3429 2401 3485; x_wconf 83' lang='grc' dir='ltr'><strong>κάν</strong></span> <span class='ocrx_word' id='word_1_540' title='bbox 2418 3445 2478 3483; x_wconf 91' lang='grc' dir='ltr'><strong>τε</strong></span> <span class='ocrx_word' id='word_1_541' title='bbox 2500 3428 2562 3481; x_wconf 80' lang='grc' dir='ltr'><strong>οὑ</strong></span> <span class='ocrx_word' id='word_1_542' title='bbox 2580 3424 2805 3489; x_wconf 88' lang='grc' dir='ltr'>δικαίως</span> <span class='ocrx_word' id='word_1_543' title='bbox 2826 3423 3113 3496; x_wconf 87' lang='grc' dir='ltr'>ὀμνύηται,</span> <span class='ocrx_word' id='word_1_544' title='bbox 3139 3420 3225 3473; x_wconf 81' lang='grc' dir='ltr'><strong>ἵνα</strong></span> <span class='ocrx_word' id='word_1_545' title='bbox 3251 3418 3326 3491; x_wconf 81' lang='grc' dir='ltr'><strong>μὴ</strong></span> <span class='ocrx_word' id='word_1_546' title='bbox 3346 3419 3427 3480; x_wconf 88' lang='grc' dir='ltr'><strong>είς</strong></span> <span class='ocrx_word' id='word_1_547' title='bbox 3455 3414 3626 3471; x_wconf 79' lang='grc' dir='ltr'>αὑτὸν</span> 
     </span>
    </p>
   </div>
   <div class='ocr_carea' id='block_1_76' title="bbox 2040 3511 3481 3597">
    <p class='ocr_par' dir='ltr' id='par_1_76' title="bbox 2040 3511 3481 3597">
     <span class='ocr_line' id='line_1_76' title="bbox 2040 3511 3481 3597; baseline -0.01 -19"><span class='ocrx_word' id='word_1_548' title='bbox 2040 3523 2496 3597; x_wconf 85' lang='grc' dir='ltr'>κρημνισθέντες,</span> <span class='ocrx_word' id='word_1_549' title='bbox 2533 3520 2635 3587; x_wconf 80' lang='grc' dir='ltr'>τῆς</span> <span class='ocrx_word' id='word_1_550' title='bbox 2667 3519 2891 3574; x_wconf 85' lang='grc' dir='ltr'>αίωνίου</span> <span class='ocrx_word' id='word_1_551' title='bbox 2918 3515 3065 3587; x_wconf 76' lang='grc' dir='ltr'>ζωῆς</span> <span class='ocrx_word' id='word_1_552' title='bbox 3090 3511 3481 3587; x_wconf 81' lang='grc' dir='ltr'>ὲξορισθῶμεν.</span> 
     </span>
    </p>
   </div>
   <div class='ocr_carea' id='block_1_77' title="bbox 2325 3798 3336 3874">
    <p class='ocr_par' dir='ltr' id='par_1_77' title="bbox 2325 3798 3336 3874">
     <span class='ocr_line' id='line_1_77' title="bbox 2325 3798 3336 3874; baseline -0.009 -11"><span class='ocrx_word' id='word_1_553' title='bbox 2325 3812 2399 3865; x_wconf 84' lang='lat' dir='ltr'><strong>A&#39;.</strong></span> <span class='ocrx_word' id='word_1_554' title='bbox 2430 3838 2500 3850; x_wconf 82' lang='lat'><strong>—</strong></span> <span class='ocrx_word' id='word_1_555' title='bbox 2518 3803 2985 3874; x_wconf 82' lang='grc' dir='ltr'><strong>ΜΑΡΚΕΛΛΙΝῼ</strong></span> <span class='ocrx_word' id='word_1_556' title='bbox 3024 3798 3336 3870; x_wconf 82' lang='grc' dir='ltr'><strong>ΜΟΝΑΧῼ.</strong></span> 
     </span>
    </p>
   </div>
   <div class='ocr_carea' id='block_1_78' title="bbox 2112 3907 3627 3995">
    <p class='ocr_par' dir='ltr' id='par_1_78' title="bbox 2112 3907 3627 3995">
     <span class='ocr_line' id='line_1_78' title="bbox 2112 3907 3627 3995; baseline -0.011 -18"><span class='ocrx_word' id='word_1_557' title='bbox 2112 3925 2190 3995; x_wconf 81' lang='grc' dir='ltr'><strong>Τῇ</strong></span> <span class='ocrx_word' id='word_1_558' title='bbox 2239 3923 2373 3994; x_wconf 81' lang='grc' dir='ltr'><strong>εὐχῇ</strong></span> <span class='ocrx_word' id='word_1_559' title='bbox 2412 3921 2507 3975; x_wconf 77' lang='grc' dir='ltr'>καὶ</span> <span class='ocrx_word' id='word_1_560' title='bbox 2552 3922 2618 3991; x_wconf 80' lang='grc' dir='ltr'>τῇ</span> <span class='ocrx_word' id='word_1_561' title='bbox 2673 3916 2784 3971; x_wconf 87' lang='grc' dir='ltr'><strong>τῶν</strong></span> <span class='ocrx_word' id='word_1_562' title='bbox 2830 3913 3029 3986; x_wconf 86' lang='grc' dir='ltr'>χειρῶν</span> <span class='ocrx_word' id='word_1_563' title='bbox 3077 3911 3298 3967; x_wconf 78' lang='grc' dir='ltr'>ἐκτάσει</span> <span class='ocrx_word' id='word_1_564' title='bbox 3357 3907 3627 3980; x_wconf 75' lang='grc' dir='ltr'>ἐτρέψατο</span> 
     </span>
    </p>
   </div>
   <div class='ocr_carea' id='block_1_79' title="bbox 2041 4001 3625 4085">
    <p class='ocr_par' dir='ltr' id='par_1_79' title="bbox 2041 4001 3625 4085">
     <span class='ocr_line' id='line_1_79' title="bbox 2041 4001 3625 4085; baseline -0.012 -14"><span class='ocrx_word' id='word_1_565' title='bbox 2041 4015 2286 4085; x_wconf 82' lang='grc' dir='ltr'>Μωῦσῆς</span> <span class='ocrx_word' id='word_1_566' title='bbox 2321 4013 2414 4068; x_wconf 83' lang='grc' dir='ltr'>τὸν</span> <span class='ocrx_word' id='word_1_567' title='bbox 2450 4010 2720 4083; x_wconf 82' lang='grc' dir='ltr'>Ἀμαλήκ.</span> <span class='ocrx_word' id='word_1_568' title='bbox 2767 4008 2891 4062; x_wconf 87' lang='grc' dir='ltr'>Ἐὰν</span> <span class='ocrx_word' id='word_1_569' title='bbox 2921 4005 3101 4061; x_wconf 80' lang='grc' dir='ltr'>τοίνυν</span> <span class='ocrx_word' id='word_1_570' title='bbox 3138 4003 3213 4075; x_wconf 81' lang='grc' dir='ltr'><strong>μὴ</strong></span> <span class='ocrx_word' id='word_1_571' title='bbox 3256 4001 3400 4073; x_wconf 76' lang='grc' dir='ltr'>ἔχεις</span> <span class='ocrx_word' id='word_1_572' title='bbox 3430 4016 3625 4072; x_wconf 87' lang='grc' dir='ltr'>μνησι-</span> 
     </span>
    </p>
   </div>
   <div class='ocr_carea' id='block_1_80' title="bbox 2044 4090 3629 4178">
    <p class='ocr_par' dir='ltr' id='par_1_80' title="bbox 2044 4090 3629 4178">
     <span class='ocr_line' id='line_1_80' title="bbox 2044 4090 3629 4178; baseline -0.013 -14"><span class='ocrx_word' id='word_1_573' title='bbox 2044 4109 2243 4164; x_wconf 89' lang='grc' dir='ltr'>κακίαν</span> <span class='ocrx_word' id='word_1_574' title='bbox 2289 4105 2427 4178; x_wconf 78' lang='grc' dir='ltr'>πρδς</span> <span class='ocrx_word' id='word_1_575' title='bbox 2466 4103 2715 4175; x_wconf 82' lang='grc' dir='ltr'>ἀδελφὸν,</span> <span class='ocrx_word' id='word_1_576' title='bbox 2762 4102 2859 4155; x_wconf 80' lang='grc' dir='ltr'><strong>καὶ</strong></span> <span class='ocrx_word' id='word_1_577' title='bbox 2914 4097 3054 4169; x_wconf 77' lang='grc' dir='ltr'><strong>εὔχῃ</strong></span> <span class='ocrx_word' id='word_1_578' title='bbox 3095 4096 3236 4166; x_wconf 84' lang='grc' dir='ltr'>ὑπὲρ</span> <span class='ocrx_word' id='word_1_579' title='bbox 3298 4092 3391 4148; x_wconf 80' lang='grc' dir='ltr'>τοῦ</span> <span class='ocrx_word' id='word_1_580' title='bbox 3451 4090 3629 4157; x_wconf 82' lang='grc' dir='ltr'>πέλας</span> 
     </span>
    </p>
   </div>
   <div class='ocr_carea' id='block_1_81' title="bbox 360 4185 1931 4294">
    <p class='ocr_par' dir='ltr' id='par_1_81' title="bbox 360 4185 1931 4273">
     <span class='ocr_line' id='line_1_81' title="bbox 360 4185 1931 4273; baseline -0.002 -10"><span class='ocrx_word' id='word_1_581' title='bbox 360 4223 451 4263; x_wconf 90' lang='lat' dir='ltr'><strong>mo</strong></span> <span class='ocrx_word' id='word_1_582' title='bbox 485 4217 537 4264; x_wconf 89' lang='lat' dir='ltr'><strong>te</strong></span> <span class='ocrx_word' id='word_1_583' title='bbox 590 4207 882 4263; x_wconf 78' lang='lat' dir='ltr'><strong>aﬂlictante</strong></span> <span class='ocrx_word' id='word_1_584' title='bbox 920 4222 984 4262; x_wconf 88' lang='lat' dir='ltr'><strong>ac</strong></span> <span class='ocrx_word' id='word_1_585' title='bbox 1034 4185 1337 4263; x_wconf 69' lang='lat' dir='ltr'><strong>sutiocante</strong></span> <span class='ocrx_word' id='word_1_586' title='bbox 1383 4185 1507 4261; x_wconf 38' lang='lat' dir='ltr'><strong>Deo.</strong></span> <span class='ocrx_word' id='word_1_587' title='bbox 1532 4185 1788 4273; x_wconf 76' lang='lat' dir='ltr'><strong>effundis,</strong></span> <span class='ocrx_word' id='word_1_588' title='bbox 1825 4221 1931 4261; x_wconf 70' lang='lat' dir='ltr'><strong>ma«</strong></span> 
     </span>
    </p>
   </div>
   <div class='ocr_carea' id='block_1_82' title="bbox 2045 4185 3629 4294">
    <p class='ocr_par' dir='ltr' id='par_1_82' title="bbox 2045 4185 3629 4263">
     <span class='ocr_line' id='line_1_82' title="bbox 2045 4185 3629 4263; baseline -0.012 -8"><span class='ocrx_word' id='word_1_589' title='bbox 2045 4200 2338 4263; x_wconf 87' lang='grc' dir='ltr'>θλίϐοντος,</span> <span class='ocrx_word' id='word_1_590' title='bbox 2387 4197 2482 4251; x_wconf 74' lang='grc' dir='ltr'><strong>καὶ</strong></span> <span class='ocrx_word' id='word_1_591' title='bbox 2528 4192 2823 4256; x_wconf 82' lang='grc' dir='ltr'>λυποῦντός</span> <span class='ocrx_word' id='word_1_592' title='bbox 2853 4208 2939 4255; x_wconf 90' lang='grc' dir='ltr'><strong>σε,</strong></span> <span class='ocrx_word' id='word_1_593' title='bbox 2970 4189 3235 4261; x_wconf 88' lang='grc' dir='ltr'>πρόδηλον</span> <span class='ocrx_word' id='word_1_594' title='bbox 3263 4187 3344 4240; x_wconf 86' lang='grc' dir='ltr'>ὃτι</span> <span class='ocrx_word' id='word_1_595' title='bbox 3380 4185 3493 4239; x_wconf 80' lang='grc' dir='ltr'>ἄνω</span> <span class='ocrx_word' id='word_1_596' title='bbox 3543 4185 3629 4247; x_wconf 83' lang='grc' dir='ltr'><strong>είς</strong></span> 
     </span>
    </p>
   </div>
   <div class='ocr_carea' id='block_1_83' title="bbox 359 4276 1931 4370">
    <p class='ocr_par' dir='ltr' id='par_1_83' title="bbox 359 4299 1931 4370">
     <span class='ocr_line' id='line_1_83' title="bbox 359 4299 1931 4370; baseline -0.001 -14"><span class='ocrx_word' id='word_1_597' title='bbox 359 4300 621 4356; x_wconf 76' lang='lat' dir='ltr'><strong>nitestum</strong></span> <span class='ocrx_word' id='word_1_598' title='bbox 653 4310 757 4367; x_wconf 84' lang='lat' dir='ltr'><strong>est,</strong></span> <span class='ocrx_word' id='word_1_599' title='bbox 795 4309 919 4357; x_wconf 90' lang='lat' dir='ltr'><strong>tuas</strong></span> <span class='ocrx_word' id='word_1_600' title='bbox 964 4300 1076 4370; x_wconf 94' lang='lat' dir='ltr'><strong>jam</strong></span> <span class='ocrx_word' id='word_1_601' title='bbox 1115 4299 1311 4356; x_wconf 78' lang='lat' dir='ltr'><strong>manus</strong></span> <span class='ocrx_word' id='word_1_602' title='bbox 1334 4300 1401 4354; x_wconf 90' lang='lat' dir='ltr'><strong>ad</strong></span> <span class='ocrx_word' id='word_1_603' title='bbox 1438 4299 1639 4354; x_wconf 69' lang='lat' dir='ltr'><strong>coelum</strong></span> <span class='ocrx_word' id='word_1_604' title='bbox 1680 4310 1931 4355; x_wconf 75' lang='lat' dir='ltr'><strong>extensae</strong></span> 
     </span>
    </p>
   </div>
   <div class='ocr_carea' id='block_1_84' title="bbox 2045 4276 3629 4370">
    <p class='ocr_par' dir='ltr' id='par_1_84' title="bbox 2045 4276 3629 4363">
     <span class='ocr_line' id='line_1_84' title="bbox 2045 4276 3629 4363; baseline -0.013 -16"><span class='ocrx_word' id='word_1_605' title='bbox 2045 4292 2132 4346; x_wconf 82' lang='grc' dir='ltr'>τὸν</span> <span class='ocrx_word' id='word_1_606' title='bbox 2153 4290 2378 4363; x_wconf 83' lang='grc' dir='ltr'>οὐρανὸν</span> <span class='ocrx_word' id='word_1_607' title='bbox 2408 4290 2465 4342; x_wconf 77' lang='lat' dir='ltr'><strong>al</strong></span> <span class='ocrx_word' id='word_1_608' title='bbox 2498 4286 2678 4358; x_wconf 80' lang='grc' dir='ltr'>χεῖρές</span> <span class='ocrx_word' id='word_1_609' title='bbox 2724 4301 2816 4337; x_wconf 89' lang='grc' dir='ltr'><strong>σου</strong></span> <span class='ocrx_word' id='word_1_610' title='bbox 2855 4281 3234 4342; x_wconf 83' lang='grc' dir='ltr'>ἀνατέτανται,</span> <span class='ocrx_word' id='word_1_611' title='bbox 3280 4277 3376 4331; x_wconf 74' lang='grc' dir='ltr'>καὶ</span> <span class='ocrx_word' id='word_1_612' title='bbox 3405 4276 3629 4339; x_wconf 86' lang='grc' dir='ltr'>πάντως</span> 
     </span>
    </p>
   </div>
   <div class='ocr_carea' id='block_1_85' title="bbox 361 4388 1942 4462">
    <p class='ocr_par' dir='ltr' id='par_1_85' title="bbox 361 4388 1942 4462">
     <span class='ocr_line' id='line_1_85' title="bbox 361 4388 1942 4462; baseline -0.004 -14"><span class='ocrx_word' id='word_1_613' title='bbox 361 4408 507 4457; x_wconf 87' lang='lat' dir='ltr'><strong>esse,</strong></span> <span class='ocrx_word' id='word_1_614' title='bbox 552 4392 760 4462; x_wconf 90' lang='lat' dir='ltr'><strong>tibique</strong></span> <span class='ocrx_word' id='word_1_615' title='bbox 785 4392 1054 4446; x_wconf 87' lang='lat' dir='ltr'><strong>auxilium</strong></span> <span class='ocrx_word' id='word_1_616' title='bbox 1097 4406 1203 4446; x_wconf 93' lang='lat' dir='ltr'><strong>non</strong></span> <span class='ocrx_word' id='word_1_617' title='bbox 1239 4390 1581 4455; x_wconf 81' lang='lat' dir='ltr'><strong>defuturum,</strong></span> <span class='ocrx_word' id='word_1_618' title='bbox 1609 4403 1736 4443; x_wconf 91' lang='lat' dir='ltr'><strong>cum</strong></span> <span class='ocrx_word' id='word_1_619' title='bbox 1764 4388 1942 4443; x_wconf 80' lang='lat' dir='ltr'><strong>tribu-</strong></span> 
     </span>
    </p>
   </div>
   <div class='ocr_carea' id='block_1_86' title="bbox 364 4480 1941 4552">
    <p class='ocr_par' dir='ltr' id='par_1_86' title="bbox 364 4480 1941 4552">
     <span class='ocr_line' id='line_1_86' title="bbox 364 4480 1941 4552; baseline -0.003 -13"><span class='ocrx_word' id='word_1_620' title='bbox 364 4484 521 4550; x_wconf 89' lang='lat' dir='ltr'><strong>laris,</strong></span> <span class='ocrx_word' id='word_1_621' title='bbox 552 4491 607 4539; x_wconf 91' lang='lat' dir='ltr'><strong>et</strong></span> <span class='ocrx_word' id='word_1_622' title='bbox 644 4499 676 4538; x_wconf 91' lang='lat' dir='ltr'><strong>a</strong></span> <span class='ocrx_word' id='word_1_623' title='bbox 708 4481 928 4537; x_wconf 93' lang='lat' dir='ltr'><strong>diabolo</strong></span> <span class='ocrx_word' id='word_1_624' title='bbox 948 4482 1279 4552; x_wconf 82' lang='lat' dir='ltr'><strong>opprimeris</strong></span> <span class='ocrx_word' id='word_1_625' title='bbox 1316 4497 1331 4534; x_wconf 70' lang='grc' dir='ltr'>ε</span> <span class='ocrx_word' id='word_1_626' title='bbox 1362 4481 1409 4536; x_wconf 92' lang='lat' dir='ltr'><strong>si</strong></span> <span class='ocrx_word' id='word_1_627' title='bbox 1444 4496 1575 4535; x_wconf 90' lang='lat' dir='ltr'><strong>vero</strong></span> <span class='ocrx_word' id='word_1_628' title='bbox 1590 4494 1717 4551; x_wconf 88' lang='lat' dir='ltr'><strong>erga</strong></span> <span class='ocrx_word' id='word_1_629' title='bbox 1752 4480 1941 4549; x_wconf 86' lang='lat' dir='ltr'><strong>proxi-</strong></span> 
     </span>
    </p>
   </div>
   <div class='ocr_carea' id='block_1_87' title="bbox 364 4573 1943 4644">
    <p class='ocr_par' dir='ltr' id='par_1_87' title="bbox 364 4573 1943 4644">
     <span class='ocr_line' id='line_1_87' title="bbox 364 4573 1943 4644; baseline -0.004 -12"><span class='ocrx_word' id='word_1_630' title='bbox 364 4593 514 4632; x_wconf 89' lang='lat' dir='ltr'><strong>mum</strong></span> <span class='ocrx_word' id='word_1_631' title='bbox 550 4574 899 4631; x_wconf 88' lang='lat' dir='ltr'><strong>iracundiam</strong></span> <span class='ocrx_word' id='word_1_632' title='bbox 935 4574 1107 4636; x_wconf 82' lang='lat' dir='ltr'><strong>foves,</strong></span> <span class='ocrx_word' id='word_1_633' title='bbox 1151 4588 1388 4644; x_wconf 89' lang='lat' dir='ltr'><strong>eumque</strong></span> <span class='ocrx_word' id='word_1_634' title='bbox 1428 4586 1681 4636; x_wconf 86' lang='lat' dir='ltr'><strong>accusas,</strong></span> <span class='ocrx_word' id='word_1_635' title='bbox 1713 4580 1767 4626; x_wconf 92' lang='lat' dir='ltr'><strong>et</strong></span> <span class='ocrx_word' id='word_1_636' title='bbox 1794 4573 1943 4626; x_wconf 91' lang='lat' dir='ltr'><strong>vitu-</strong></span> 
     </span>
    </p>
   </div>
   <div class='ocr_carea' id='block_1_88' title="bbox 362 4664 1945 4742">
    <p class='ocr_par' dir='ltr' id='par_1_88' title="bbox 362 4664 1945 4742">
     <span class='ocr_line' id='line_1_88' title="bbox 362 4664 1945 4742; baseline -0.003 -16"><span class='ocrx_word' id='word_1_637' title='bbox 362 4686 562 4742; x_wconf 86' lang='lat' dir='ltr'><strong>peras,</strong></span> <span class='ocrx_word' id='word_1_638' title='bbox 606 4669 989 4739; x_wconf 85' lang='lat' dir='ltr'><strong>infamasque,</strong></span> <span class='ocrx_word' id='word_1_639' title='bbox 1052 4666 1283 4721; x_wconf 89' lang='lat' dir='ltr'><strong>omnino</strong></span> <span class='ocrx_word' id='word_1_640' title='bbox 1347 4666 1629 4721; x_wconf 85' lang='lat' dir='ltr'><strong>interioris</strong></span> <span class='ocrx_word' id='word_1_641' title='bbox 1700 4664 1945 4721; x_wconf 91' lang='lat' dir='ltr'><strong>hominis</strong></span> 
     </span>
    </p>
   </div>
   <div class='ocr_carea' id='block_1_89' title="bbox 364 4754 1942 4829">
    <p class='ocr_par' dir='ltr' id='par_1_89' title="bbox 364 4754 1942 4829">
     <span class='ocr_line' id='line_1_89' title="bbox 364 4754 1942 4829; baseline -0.005 -12"><span class='ocrx_word' id='word_1_642' title='bbox 364 4777 564 4817; x_wconf 87' lang='lat' dir='ltr'><strong>manus</strong></span> <span class='ocrx_word' id='word_1_643' title='bbox 614 4762 669 4816; x_wconf 90' lang='lat' dir='ltr'><strong>in</strong></span> <span class='ocrx_word' id='word_1_644' title='bbox 713 4760 941 4815; x_wconf 87' lang='lat' dir='ltr'><strong>humum</strong></span> <span class='ocrx_word' id='word_1_645' title='bbox 995 4758 1367 4829; x_wconf 88' lang='lat' dir='ltr'><strong>propendent,</strong></span> <span class='ocrx_word' id='word_1_646' title='bbox 1419 4756 1527 4813; x_wconf 88' lang='lat' dir='ltr'><strong>etsi</strong></span> <span class='ocrx_word' id='word_1_647' title='bbox 1574 4754 1815 4811; x_wconf 86' lang='lat' dir='ltr'><strong>videaris</strong></span> <span class='ocrx_word' id='word_1_648' title='bbox 1873 4757 1942 4809; x_wconf 87' lang='lat' dir='ltr'><strong>ad</strong></span> 
     </span>
    </p>
   </div>
   <div class='ocr_carea' id='block_1_90' title="bbox 366 4849 1944 4921">
    <p class='ocr_par' dir='ltr' id='par_1_90' title="bbox 366 4849 1944 4921">
     <span class='ocr_line' id='line_1_90' title="bbox 366 4849 1944 4921; baseline -0.006 -12"><span class='ocrx_word' id='word_1_649' title='bbox 366 4854 540 4911; x_wconf 86' lang='lat' dir='ltr'><strong>Deum</strong></span> <span class='ocrx_word' id='word_1_650' title='bbox 570 4868 790 4918; x_wconf 90' lang='lat' dir='ltr'><strong>manus,</strong></span> <span class='ocrx_word' id='word_1_651' title='bbox 823 4861 879 4908; x_wconf 92' lang='lat' dir='ltr'><strong>et</strong></span> <span class='ocrx_word' id='word_1_652' title='bbox 908 4859 1193 4921; x_wconf 88' lang='lat' dir='ltr'><strong>aspectum</strong></span> <span class='ocrx_word' id='word_1_653' title='bbox 1228 4849 1576 4920; x_wconf 87' lang='lat' dir='ltr'><strong>protendere,</strong></span> <span class='ocrx_word' id='word_1_654' title='bbox 1609 4862 1788 4919; x_wconf 89' lang='lat' dir='ltr'><strong>neque</strong></span> <span class='ocrx_word' id='word_1_655' title='bbox 1817 4857 1944 4901; x_wconf 91' lang='lat' dir='ltr'><strong>vota</strong></span> 
     </span>
    </p>
   </div>
   <div class='ocr_carea' id='block_1_91' title="bbox 367 4934 1941 5012">
    <p class='ocr_par' dir='ltr' id='par_1_91' title="bbox 367 4934 1941 5012">
     <span class='ocr_line' id='line_1_91' title="bbox 367 4934 1941 5012; baseline -0.003 -11"><span class='ocrx_word' id='word_1_656' title='bbox 367 4946 733 5002; x_wconf 89' lang='lat' dir='ltr'><strong>exaudientur</strong></span> <span class='ocrx_word' id='word_1_657' title='bbox 756 4934 851 5000; x_wconf 89' lang='lat' dir='ltr'><strong>tua</strong></span> <span class='ocrx_word' id='word_1_658' title='bbox 875 4963 888 4999; x_wconf 92' lang='lat'><strong>:</strong></span> <span class='ocrx_word' id='word_1_659' title='bbox 926 4942 1149 4998; x_wconf 74' lang='lat' dir='ltr'><strong>«Manus</strong></span> <span class='ocrx_word' id='word_1_660' title='bbox 1169 4943 1373 4998; x_wconf 90' lang='lat' dir='ltr'><strong>etenim</strong></span> <span class='ocrx_word' id='word_1_661' title='bbox 1411 4952 1538 5008; x_wconf 71' lang='lat' dir='ltr'><strong>tuae,</strong></span> <span class='ocrx_word' id='word_1_662' title='bbox 1569 4942 1750 5012; x_wconf 92' lang='lat' dir='ltr'><strong>inquit</strong></span> <span class='ocrx_word' id='word_1_663' title='bbox 1777 4940 1941 5004; x_wconf 88' lang='lat' dir='ltr'><strong>Deus,</strong></span> 
     </span>
    </p>
   </div>
   <div class='ocr_carea' id='block_1_92' title="bbox 369 5032 1946 5109">
    <p class='ocr_par' dir='ltr' id='par_1_92' title="bbox 369 5032 1946 5109">
     <span class='ocr_line' id='line_1_92' title="bbox 369 5032 1946 5109; baseline -0.007 -13"><span class='ocrx_word' id='word_1_664' title='bbox 369 5039 638 5109; x_wconf 86' lang='lat' dir='ltr'><strong>sanguine</strong></span> <span class='ocrx_word' id='word_1_665' title='bbox 667 5037 916 5093; x_wconf 85' lang='lat' dir='ltr'><strong>fraterno</strong></span> <span class='ocrx_word' id='word_1_666' title='bbox 946 5036 1121 5106; x_wconf 68' lang='lat' dir='ltr'><strong>plena:</strong></span> <span class='ocrx_word' id='word_1_667' title='bbox 1161 5044 1288 5091; x_wconf 88' lang='lat' dir='ltr'><strong>sunt</strong></span> <span class='ocrx_word' id='word_1_668' title='bbox 1316 5034 1357 5089; x_wconf 90' lang='grc'><strong>³.</strong></span> <span class='ocrx_word' id='word_1_669' title='bbox 1397 5052 1415 5084; x_wconf 75' lang='grc' dir='ltr'><strong>ι</strong></span> <span class='ocrx_word' id='word_1_670' title='bbox 1450 5033 1594 5100; x_wconf 85' lang='lat' dir='ltr'><strong>Quid</strong></span> <span class='ocrx_word' id='word_1_671' title='bbox 1626 5032 1771 5089; x_wconf 89' lang='lat' dir='ltr'><strong>enim</strong></span> <span class='ocrx_word' id='word_1_672' title='bbox 1803 5032 1946 5101; x_wconf 83' lang='lat' dir='ltr'><strong>iniu-</strong></span> 
     </span>
    </p>
   </div>
   <div class='ocr_carea' id='block_1_93' title="bbox 369 5124 1942 5194">
    <p class='ocr_par' dir='ltr' id='par_1_93' title="bbox 369 5124 1942 5194">
     <span class='ocr_line' id='line_1_93' title="bbox 369 5124 1942 5194; baseline -0.006 -9"><span class='ocrx_word' id='word_1_673' title='bbox 369 5129 581 5185; x_wconf 84' lang='lat' dir='ltr'><strong>riarum</strong></span> <span class='ocrx_word' id='word_1_674' title='bbox 628 5128 894 5184; x_wconf 89' lang='lat' dir='ltr'><strong>memoria</strong></span> <span class='ocrx_word' id='word_1_675' title='bbox 948 5124 1281 5182; x_wconf 82' lang='lat' dir='ltr'><strong>exitiosius?</strong></span> <span class='ocrx_word' id='word_1_676' title='bbox 1310 5124 1618 5180; x_wconf 86' lang='lat' dir='ltr'><strong>Credamus</strong></span> <span class='ocrx_word' id='word_1_677' title='bbox 1655 5130 1942 5194; x_wconf 90' lang='lat' dir='ltr'><strong>propterea</strong></span> 
     </span>
    </p>
   </div>
   <div class='ocr_carea' id='block_1_94' title="bbox 371 5205 1946 5298">
    <p class='ocr_par' dir='ltr' id='par_1_94' title="bbox 371 5205 1946 5298">
     <span class='ocr_line' id='line_1_94' title="bbox 371 5205 1946 5298; baseline -0.006 -22"><span class='ocrx_word' id='word_1_678' title='bbox 371 5222 603 5298; x_wconf 77' lang='lat' dir='ltr'><strong>dicenti,</strong></span> <span class='ocrx_word' id='word_1_679' title='bbox 633 5205 919 5275; x_wconf 40' lang='lat' dir='ltr'><strong>L&#39;avamini</strong></span> <span class='ocrx_word' id='word_1_680' title='bbox 959 5235 1058 5290; x_wconf 90' lang='lat' dir='ltr'><strong>per</strong></span> <span class='ocrx_word' id='word_1_681' title='bbox 1091 5216 1498 5289; x_wconf 65' lang='lat' dir='ltr'><strong>paenitentiam,</strong></span> <span class='ocrx_word' id='word_1_682' title='bbox 1527 5225 1583 5271; x_wconf 91' lang='lat' dir='ltr'><strong>et</strong></span> <span class='ocrx_word' id='word_1_683' title='bbox 1606 5216 1732 5286; x_wconf 92' lang='lat' dir='ltr'><strong>puri</strong></span> <span class='ocrx_word' id='word_1_684' title='bbox 1763 5214 1885 5271; x_wconf 86' lang='lat' dir='ltr'><strong>sitis</strong></span> <span class='ocrx_word' id='word_1_685' title='bbox 1915 5230 1946 5267; x_wconf 92' lang='lat' dir='ltr'><strong>a</strong></span> 
     </span>
    </p>
   </div>
   <div class='ocr_carea' id='block_1_95' title="bbox 372 5309 1677 5384">
    <p class='ocr_par' dir='ltr' id='par_1_95' title="bbox 372 5309 1677 5384">
     <span class='ocr_line' id='line_1_95' title="bbox 372 5309 1677 5384; baseline -0.008 -14"><span class='ocrx_word' id='word_1_686' title='bbox 372 5315 599 5371; x_wconf 89' lang='lat' dir='ltr'><strong>malitiis</strong></span> <span class='ocrx_word' id='word_1_687' title='bbox 633 5316 835 5371; x_wconf 84' lang='lat' dir='ltr'><strong>vestris</strong></span> <span class='ocrx_word' id='word_1_688' title='bbox 864 5328 962 5384; x_wconf 90' lang='lat' dir='ltr'><strong>per</strong></span> <span class='ocrx_word' id='word_1_689' title='bbox 984 5326 1179 5384; x_wconf 87' lang='lat' dir='ltr'><strong>puram</strong></span> <span class='ocrx_word' id='word_1_690' title='bbox 1210 5309 1677 5379; x_wconf 89' lang='lat' dir='ltr'><strong>deprecationem.</strong></span> 
     </span>
    </p>
   </div>
   <div class='ocr_carea' id='block_1_96' title="bbox 442 5506 1911 5583">
    <p class='ocr_par' dir='ltr' id='par_1_96' title="bbox 442 5506 1911 5583">
     <span class='ocr_line' id='line_1_96' title="bbox 442 5506 1911 5583; baseline -0.006 -12"><span class='ocrx_word' id='word_1_691' title='bbox 442 5516 463 5548; x_wconf 85' lang='grc'>¹</span> <span class='ocrx_word' id='word_1_692' title='bbox 492 5515 575 5573; x_wconf 81' lang='lat' dir='ltr'><strong>lsa</strong></span> <span class='ocrx_word' id='word_1_693' title='bbox 603 5532 675 5570; x_wconf 90' lang='lat' dir='ltr'><strong>.v.</strong></span> <span class='ocrx_word' id='word_1_694' title='bbox 702 5516 755 5571; x_wconf 82' lang='grc'><strong>1.</strong></span> <span class='ocrx_word' id='word_1_695' title='bbox 832 5519 858 5549; x_wconf 63' lang='grc' dir='ltr'><strong><em>Α</em></strong></span> <span class='ocrx_word' id='word_1_696' title='bbox 894 5513 1067 5571; x_wconf 87' lang='lat' dir='ltr'><strong>Exod.</strong></span> <span class='ocrx_word' id='word_1_697' title='bbox 1104 5528 1236 5579; x_wconf 82' lang='lat' dir='ltr'><strong>xvu,</strong></span> <span class='ocrx_word' id='word_1_698' title='bbox 1268 5512 1294 5567; x_wconf 79' lang='grc'><strong>1</strong></span> <span class='ocrx_word' id='word_1_699' title='bbox 1329 5526 1484 5583; x_wconf 86' lang='lat' dir='ltr'><strong>scpp.</strong></span> <span class='ocrx_word' id='word_1_700' title='bbox 1558 5509 1579 5541; x_wconf 87' lang='grc'>³</span> <span class='ocrx_word' id='word_1_701' title='bbox 1606 5508 1713 5565; x_wconf 87' lang='lat' dir='ltr'><strong>lsa.</strong></span> <span class='ocrx_word' id='word_1_702' title='bbox 1746 5523 1784 5574; x_wconf 88' lang='grc' dir='ltr'><strong>ι,</strong></span> <span class='ocrx_word' id='word_1_703' title='bbox 1821 5506 1911 5574; x_wconf 86' lang='grc'>16,</span> 
     </span>
    </p>
   </div>
   <div class='ocr_carea' id='block_1_97' title="bbox 2046 4366 3630 4456">
    <p class='ocr_par' dir='ltr' id='par_1_97' title="bbox 2046 4366 3630 4456">
     <span class='ocr_line' id='line_1_97' title="bbox 2046 4366 3630 4456; baseline -0.012 -18"><span class='ocrx_word' id='word_1_704' title='bbox 2046 4382 2298 4456; x_wconf 84' lang='grc' dir='ltr'>βοηθείας</span> <span class='ocrx_word' id='word_1_705' title='bbox 2340 4378 2727 4448; x_wconf 81' lang='grc' dir='ltr'>ὲπιτυγχάνεις</span> <span class='ocrx_word' id='word_1_706' title='bbox 2770 4377 2830 4430; x_wconf 83' lang='grc' dir='ltr'><strong>ὲν</strong></span> <span class='ocrx_word' id='word_1_707' title='bbox 2882 4374 2959 4444; x_wconf 81' lang='grc' dir='ltr'><strong>τῷ</strong></span> <span class='ocrx_word' id='word_1_708' title='bbox 2998 4369 3360 4443; x_wconf 78' lang='grc' dir='ltr'>πειράζεσθαί</span> <span class='ocrx_word' id='word_1_709' title='bbox 3405 4385 3487 4430; x_wconf 85' lang='grc' dir='ltr'><strong>σε,</strong></span> <span class='ocrx_word' id='word_1_710' title='bbox 3530 4366 3630 4420; x_wconf 75' lang='grc' dir='ltr'>καὶ</span> 
     </span>
    </p>
   </div>
   <div class='ocr_carea' id='block_1_98' title="bbox 2044 4459 3631 4532">
    <p class='ocr_par' dir='ltr' id='par_1_98' title="bbox 2044 4459 3631 4532">
     <span class='ocr_line' id='line_1_98' title="bbox 2044 4459 3631 4532; baseline -0.013 -1"><span class='ocrx_word' id='word_1_711' title='bbox 2044 4472 2472 4532; x_wconf 83' lang='grc' dir='ltr'>καταπονεϊσθαι</span> <span class='ocrx_word' id='word_1_712' title='bbox 2511 4471 2618 4525; x_wconf 82' lang='grc' dir='ltr'><strong>ὑπὸ</strong></span> <span class='ocrx_word' id='word_1_713' title='bbox 2658 4470 2753 4523; x_wconf 83' lang='grc' dir='ltr'><strong>τοῦ</strong></span> <span class='ocrx_word' id='word_1_714' title='bbox 2807 4466 3074 4521; x_wconf 82' lang='grc' dir='ltr'>διαϐόλου’</span> <span class='ocrx_word' id='word_1_715' title='bbox 3114 4465 3209 4516; x_wconf 76' lang='grc' dir='ltr'><strong>ὲάν</strong></span> <span class='ocrx_word' id='word_1_716' title='bbox 3257 4463 3313 4515; x_wconf 88' lang='grc' dir='ltr'>δὲ</span> <span class='ocrx_word' id='word_1_717' title='bbox 3336 4461 3437 4532; x_wconf 85' lang='grc' dir='ltr'>τὴν</span> <span class='ocrx_word' id='word_1_718' title='bbox 3465 4459 3631 4531; x_wconf 80' lang='grc' dir='ltr'>μῆνιν</span> 
     </span>
    </p>
   </div>
   <div class='ocr_carea' id='block_1_99' title="bbox 2047 4551 3632 4639">
    <p class='ocr_par' dir='ltr' id='par_1_99' title="bbox 2047 4551 3632 4639">
     <span class='ocr_line' id='line_1_99' title="bbox 2047 4551 3632 4639; baseline -0.012 -17"><span class='ocrx_word' id='word_1_719' title='bbox 2047 4568 2323 4639; x_wconf 80' lang='grc' dir='ltr'>φυλάττῃς</span> <span class='ocrx_word' id='word_1_720' title='bbox 2362 4564 2500 4637; x_wconf 85' lang='grc' dir='ltr'>πρὸς</span> <span class='ocrx_word' id='word_1_721' title='bbox 2533 4563 2627 4617; x_wconf 80' lang='grc' dir='ltr'>τὸν</span> <span class='ocrx_word' id='word_1_722' title='bbox 2669 4560 2919 4632; x_wconf 80' lang='grc' dir='ltr'>πλησίον,</span> <span class='ocrx_word' id='word_1_723' title='bbox 2964 4557 3059 4611; x_wconf 79' lang='grc' dir='ltr'>καὶ</span> <span class='ocrx_word' id='word_1_724' title='bbox 3110 4554 3470 4615; x_wconf 82' lang='grc' dir='ltr'>καταϐάλλεις</span> <span class='ocrx_word' id='word_1_725' title='bbox 3526 4551 3632 4604; x_wconf 82' lang='grc' dir='ltr'><strong>αὐ-</strong></span> 
     </span>
    </p>
   </div>
   <div class='ocr_carea' id='block_1_100' title="bbox 2046 4642 3632 4728">
    <p class='ocr_par' dir='ltr' id='par_1_100' title="bbox 2046 4642 3632 4728">
     <span class='ocr_line' id='line_1_100' title="bbox 2046 4642 3632 4728; baseline -0.014 -13"><span class='ocrx_word' id='word_1_726' title='bbox 2046 4659 2162 4728; x_wconf 81' lang='grc' dir='ltr'>τοῦ,</span> <span class='ocrx_word' id='word_1_727' title='bbox 2193 4659 2287 4712; x_wconf 77' lang='grc' dir='ltr'>καὶ</span> <span class='ocrx_word' id='word_1_728' title='bbox 2309 4657 2520 4727; x_wconf 78' lang='grc' dir='ltr'>ψέγεις,</span> <span class='ocrx_word' id='word_1_729' title='bbox 2551 4654 2647 4708; x_wconf 72' lang='grc' dir='ltr'><strong>καὶ</strong></span> <span class='ocrx_word' id='word_1_730' title='bbox 2683 4650 2987 4712; x_wconf 86' lang='grc' dir='ltr'>διαϐάλλεις</span> <span class='ocrx_word' id='word_1_731' title='bbox 3013 4647 3106 4702; x_wconf 89' lang='grc' dir='ltr'>τὸν</span> <span class='ocrx_word' id='word_1_732' title='bbox 3151 4645 3459 4717; x_wconf 80' lang='grc' dir='ltr'>ἄνθρωπον,</span> <span class='ocrx_word' id='word_1_733' title='bbox 3491 4642 3632 4695; x_wconf 88' lang='grc' dir='ltr'>πάν-</span> 
     </span>
    </p>
   </div>
   <div class='ocr_carea' id='block_1_101' title="bbox 2046 4732 3628 4817">
    <p class='ocr_par' dir='ltr' id='par_1_101' title="bbox 2046 4732 3628 4817">
     <span class='ocr_line' id='line_1_101' title="bbox 2046 4732 3628 4817; baseline -0.015 -11"><span class='ocrx_word' id='word_1_734' title='bbox 2046 4770 2152 4816; x_wconf 91' lang='grc' dir='ltr'><strong>τως</strong></span> <span class='ocrx_word' id='word_1_735' title='bbox 2181 4750 2260 4804; x_wconf 79' lang='grc' dir='ltr'>ἔτι</span> <span class='ocrx_word' id='word_1_736' title='bbox 2291 4750 2440 4802; x_wconf 88' lang='grc' dir='ltr'>κάτω</span> <span class='ocrx_word' id='word_1_737' title='bbox 2478 4746 2622 4817; x_wconf 75' lang='grc' dir='ltr'>ἔχεις</span> <span class='ocrx_word' id='word_1_738' title='bbox 2651 4744 2751 4807; x_wconf 83' lang='grc' dir='ltr'>τὰς</span> <span class='ocrx_word' id='word_1_739' title='bbox 2812 4745 3002 4813; x_wconf 83' lang='grc' dir='ltr'>χεῖρας</span> <span class='ocrx_word' id='word_1_740' title='bbox 3028 4738 3123 4792; x_wconf 75' lang='grc' dir='ltr'>τοῦ</span> <span class='ocrx_word' id='word_1_741' title='bbox 3177 4737 3285 4790; x_wconf 73' lang='grc' dir='ltr'>ἔσω</span> <span class='ocrx_word' id='word_1_742' title='bbox 3314 4732 3628 4803; x_wconf 82' lang='grc' dir='ltr'>ἀνθρώπου,</span> 
     </span>
    </p>
   </div>
   <div class='ocr_carea' id='block_1_102' title="bbox 2046 4824 3632 4908">
    <p class='ocr_par' dir='ltr' id='par_1_102' title="bbox 2046 4824 3632 4908">
     <span class='ocr_line' id='line_1_102' title="bbox 2046 4824 3632 4908; baseline -0.013 -11"><span class='ocrx_word' id='word_1_743' title='bbox 2046 4844 2152 4897; x_wconf 84' lang='grc' dir='ltr'>κᾶν</span> <span class='ocrx_word' id='word_1_744' title='bbox 2201 4844 2283 4905; x_wconf 88' lang='grc' dir='ltr'><strong>εἰς</strong></span> <span class='ocrx_word' id='word_1_745' title='bbox 2314 4841 2377 4895; x_wconf 82' lang='grc' dir='ltr'>τὸ</span> <span class='ocrx_word' id='word_1_746' title='bbox 2409 4837 2738 4908; x_wconf 85' lang='grc' dir='ltr'>φαινόμενον</span> <span class='ocrx_word' id='word_1_747' title='bbox 2785 4835 2949 4904; x_wconf 82' lang='grc' dir='ltr'>δοκῇς</span> <span class='ocrx_word' id='word_1_748' title='bbox 2984 4831 3121 4904; x_wconf 82' lang='grc' dir='ltr'>πρὸς</span> <span class='ocrx_word' id='word_1_749' title='bbox 3175 4828 3309 4882; x_wconf 84' lang='grc' dir='ltr'>Θεὸν</span> <span class='ocrx_word' id='word_1_750' title='bbox 3353 4824 3632 4880; x_wconf 87' lang='grc' dir='ltr'>ἀναπετά-</span> 
     </span>
    </p>
   </div>
   <div class='ocr_carea' id='block_1_103' title="bbox 2051 4919 3634 5004">
    <p class='ocr_par' dir='ltr' id='par_1_103' title="bbox 2051 4919 3634 5004">
     <span class='ocr_line' id='line_1_103' title="bbox 2051 4919 3634 5004; baseline -0.013 -15"><span class='ocrx_word' id='word_1_751' title='bbox 2051 4936 2164 5001; x_wconf 79' lang='grc' dir='ltr'>ζειν</span> <span class='ocrx_word' id='word_1_752' title='bbox 2189 4934 2286 4997; x_wconf 82' lang='grc' dir='ltr'><strong>τὰς</strong></span> <span class='ocrx_word' id='word_1_753' title='bbox 2327 4935 2537 5004; x_wconf 85' lang='grc' dir='ltr'>χεῖρας,</span> <span class='ocrx_word' id='word_1_754' title='bbox 2571 4930 2662 4984; x_wconf 71' lang='grc' dir='ltr'><strong>καί</strong></span> <span class='ocrx_word' id='word_1_755' title='bbox 2693 4928 2755 4982; x_wconf 84' lang='grc' dir='ltr'>τὸ</span> <span class='ocrx_word' id='word_1_756' title='bbox 2808 4928 2987 4998; x_wconf 80' lang='grc' dir='ltr'>όμμα,</span> <span class='ocrx_word' id='word_1_757' title='bbox 3042 4925 3139 4978; x_wconf 68' lang='grc' dir='ltr'>καὶ</span> <span class='ocrx_word' id='word_1_758' title='bbox 3160 4923 3220 4976; x_wconf 88' lang='grc' dir='ltr'>οὑ</span> <span class='ocrx_word' id='word_1_759' title='bbox 3282 4919 3355 4990; x_wconf 85' lang='grc' dir='ltr'><strong>μὴ</strong></span> <span class='ocrx_word' id='word_1_760' title='bbox 3381 4919 3634 4971; x_wconf 68' lang='grc' dir='ltr'>είσακουυ</span> 
     </span>
    </p>
   </div>
   <div class='ocr_carea' id='block_1_104' title="bbox 2051 5009 3628 5098">
    <p class='ocr_par' dir='ltr' id='par_1_104' title="bbox 2051 5009 3628 5098">
     <span class='ocr_line' id='line_1_104' title="bbox 2051 5009 3628 5098; baseline -0.012 -18"><span class='ocrx_word' id='word_1_761' title='bbox 2051 5027 2185 5098; x_wconf 80' lang='grc' dir='ltr'>σθῇς</span> <span class='ocrx_word' id='word_1_762' title='bbox 2216 5025 2490 5095; x_wconf 86' lang='grc' dir='ltr'>δεόμενος·</span> <span class='ocrx_word' id='word_1_763' title='bbox 2520 5042 2538 5075; x_wconf 81' lang='grc' dir='ltr'><strong>ι</strong></span> <span class='ocrx_word' id='word_1_764' title='bbox 2583 5023 2649 5075; x_wconf 81' lang='lat' dir='ltr'><strong>Ai.</strong></span> <span class='ocrx_word' id='word_1_765' title='bbox 2676 5021 2785 5091; x_wconf 83' lang='grc' dir='ltr'>γὰρ</span> <span class='ocrx_word' id='word_1_766' title='bbox 2824 5017 3004 5089; x_wconf 83' lang='grc' dir='ltr'>χεῖρές</span> <span class='ocrx_word' id='word_1_767' title='bbox 3045 5033 3160 5077; x_wconf 87' lang='grc' dir='ltr'>σου,</span> <span class='ocrx_word' id='word_1_768' title='bbox 3194 5012 3357 5082; x_wconf 73' lang='grc' dir='ltr'>φησὶν</span> <span class='ocrx_word' id='word_1_769' title='bbox 3404 5012 3432 5063; x_wconf 90' lang='grc' dir='ltr'><strong>ό</strong></span> <span class='ocrx_word' id='word_1_770' title='bbox 3468 5009 3628 5073; x_wconf 84' lang='grc' dir='ltr'>Θεὸς,</span> 
     </span>
    </p>
   </div>
   <div class='ocr_carea' id='block_1_105' title="bbox 2050 5102 3608 5190">
    <p class='ocr_par' dir='ltr' id='par_1_105' title="bbox 2050 5102 3608 5190">
     <span class='ocr_line' id='line_1_105' title="bbox 2050 5102 3608 5190; baseline -0.015 -17"><span class='ocrx_word' id='word_1_771' title='bbox 2050 5119 2283 5190; x_wconf 79' lang='grc' dir='ltr'>αἵματος</span> <span class='ocrx_word' id='word_1_772' title='bbox 2313 5113 2602 5184; x_wconf 85' lang='grc' dir='ltr'>ἀδελφικοῦ</span> <span class='ocrx_word' id='word_1_773' title='bbox 2647 5112 2877 5182; x_wconf 87' lang='grc' dir='ltr'>πλήρεις</span> <span class='ocrx_word' id='word_1_774' title='bbox 2918 5106 3073 5161; x_wconf 82' lang='grc' dir='ltr'>είσίν.</span> <span class='ocrx_word' id='word_1_775' title='bbox 3117 5124 3135 5157; x_wconf 78' lang='grc' dir='ltr'><strong>ι</strong></span> <span class='ocrx_word' id='word_1_776' title='bbox 3177 5104 3242 5156; x_wconf 87' lang='grc' dir='ltr'><strong>Τί</strong></span> <span class='ocrx_word' id='word_1_777' title='bbox 3291 5102 3400 5171; x_wconf 79' lang='grc' dir='ltr'>γὰρ</span> <span class='ocrx_word' id='word_1_778' title='bbox 3436 5116 3608 5169; x_wconf 75' lang='grc' dir='ltr'>μνησ.</span> 
     </span>
    </p>
   </div>
   <div class='ocr_carea' id='block_1_106' title="bbox 2050 5189 3635 5277">
    <p class='ocr_par' dir='ltr' id='par_1_106' title="bbox 2050 5189 3635 5277">
     <span class='ocr_line' id='line_1_106' title="bbox 2050 5189 3635 5277; baseline -0.015 -11"><span class='ocrx_word' id='word_1_779' title='bbox 2050 5189 2248 5274; x_wconf 84' lang='grc' dir='ltr'>κακίας</span> <span class='ocrx_word' id='word_1_780' title='bbox 2309 5206 2703 5277; x_wconf 83' lang='grc' dir='ltr'>φονικώτερον;</span> <span class='ocrx_word' id='word_1_781' title='bbox 2750 5199 3070 5270; x_wconf 84' lang='grc' dir='ltr'>Πεισθῶμεν</span> <span class='ocrx_word' id='word_1_782' title='bbox 3117 5193 3212 5250; x_wconf 79' lang='grc' dir='ltr'>οὖν</span> <span class='ocrx_word' id='word_1_783' title='bbox 3260 5193 3341 5263; x_wconf 84' lang='grc' dir='ltr'>τῷ</span> <span class='ocrx_word' id='word_1_784' title='bbox 3391 5189 3635 5259; x_wconf 59' lang='grc' dir='ltr'><strong>λέγοντις</strong></span> 
     </span>
    </p>
   </div>
   <div class='ocr_carea' id='block_1_107' title="bbox 2058 5284 3632 5368">
    <p class='ocr_par' dir='ltr' id='par_1_107' title="bbox 2058 5284 3632 5368">
     <span class='ocr_line' id='line_1_107' title="bbox 2058 5284 3632 5368; baseline -0.015 -11"><span class='ocrx_word' id='word_1_785' title='bbox 2058 5300 2365 5357; x_wconf 84' lang='grc' dir='ltr'>Λούσασθαι</span> <span class='ocrx_word' id='word_1_786' title='bbox 2402 5298 2490 5353; x_wconf 84' lang='grc' dir='ltr'><strong>διὰ</strong></span> <span class='ocrx_word' id='word_1_787' title='bbox 2542 5293 2938 5368; x_wconf 79' lang='grc' dir='ltr'>μεταμελείας,</span> <span class='ocrx_word' id='word_1_788' title='bbox 2979 5292 3074 5344; x_wconf 76' lang='grc' dir='ltr'>καὶ</span> <span class='ocrx_word' id='word_1_789' title='bbox 3117 5286 3350 5355; x_wconf 71' lang='grc' dir='ltr'>καθαροὶ</span> <span class='ocrx_word' id='word_1_790' title='bbox 3409 5284 3632 5352; x_wconf 84' lang='grc' dir='ltr'>γίνεσθε</span> 
     </span>
    </p>
   </div>
   <div class='ocr_carea' id='block_1_108' title="bbox 2040 5376 3626 5462">
    <p class='ocr_par' dir='ltr' id='par_1_108' title="bbox 2040 5376 3626 5462">
     <span class='ocr_line' id='line_1_108' title="bbox 2040 5376 3626 5462; baseline -0.014 -14"><span class='ocrx_word' id='word_1_791' title='bbox 2040 5394 2149 5449; x_wconf 83' lang='grc' dir='ltr'>ἀπὸ</span> <span class='ocrx_word' id='word_1_792' title='bbox 2196 5392 2306 5446; x_wconf 83' lang='grc' dir='ltr'>τῶν</span> <span class='ocrx_word' id='word_1_793' title='bbox 2338 5390 2615 5462; x_wconf 84' lang='grc' dir='ltr'>πονηριῶν</span> <span class='ocrx_word' id='word_1_794' title='bbox 2651 5387 2808 5455; x_wconf 78' lang='grc' dir='ltr'>ὑμῶν</span> <span class='ocrx_word' id='word_1_795' title='bbox 2847 5386 2935 5439; x_wconf 84' lang='grc' dir='ltr'>διὰ</span> <span class='ocrx_word' id='word_1_796' title='bbox 2959 5384 3059 5455; x_wconf 81' lang='grc' dir='ltr'>τῆς</span> <span class='ocrx_word' id='word_1_797' title='bbox 3088 5380 3338 5451; x_wconf 78' lang='grc' dir='ltr'>καθαρᾶς</span> <span class='ocrx_word' id='word_1_798' title='bbox 3389 5376 3626 5438; x_wconf 81' lang='grc' dir='ltr'>ἱκεσίας.</span> 
     </span>
    </p>
   </div>
   <div class='ocr_carea' id='block_1_109' title="bbox 446 5614 3625 5762">
    <p class='ocr_par' dir='ltr' id='par_1_109' title="bbox 446 5614 3625 5762">
     <span class='ocr_line' id='line_1_109' title="bbox 446 5614 3625 5762; baseline -0.009 -71"><span class='ocrx_word' id='word_1_799' title='bbox 446 5635 523 5762; x_wconf 45' lang='lat' dir='ltr'><strong>Si)</strong></span> <span class='ocrx_word' id='word_1_800' title='bbox 555 5635 688 5719; x_wconf 68' lang='lat' dir='ltr'><strong>Quae</strong></span> <span class='ocrx_word' id='word_1_801' title='bbox 728 5642 1037 5718; x_wconf 80' lang='lat' dir='ltr'><strong>sequuntur</strong></span> <span class='ocrx_word' id='word_1_802' title='bbox 1066 5635 1233 5702; x_wconf 85' lang='lat' dir='ltr'><strong>huius</strong></span> <span class='ocrx_word' id='word_1_803' title='bbox 1270 5632 1517 5703; x_wconf 73' lang='lat' dir='ltr'><strong>epistola:</strong></span> <span class='ocrx_word' id='word_1_804' title='bbox 1538 5631 1715 5698; x_wconf 84' lang='lat' dir='ltr'><strong>legere</strong></span> <span class='ocrx_word' id='word_1_805' title='bbox 1740 5636 1826 5684; x_wconf 91' lang='lat' dir='ltr'><strong>est</strong></span> <span class='ocrx_word' id='word_1_806' title='bbox 1854 5629 1907 5681; x_wconf 86' lang='lat' dir='ltr'><strong>in</strong></span> <span class='ocrx_word' id='word_1_807' title='bbox 1936 5622 2333 5681; x_wconf 81' lang='lat' dir='ltr'><strong>commentario</strong></span> <span class='ocrx_word' id='word_1_808' title='bbox 2368 5621 2560 5681; x_wconf 83' lang='lat' dir='ltr'><strong>Basilii</strong></span> <span class='ocrx_word' id='word_1_809' title='bbox 2597 5616 2777 5693; x_wconf 79' lang='lat' dir='ltr'><strong>Magni</strong></span> <span class='ocrx_word' id='word_1_810' title='bbox 2802 5617 2870 5674; x_wconf 87' lang='lat' dir='ltr'><strong>ad</strong></span> <span class='ocrx_word' id='word_1_811' title='bbox 2892 5614 3113 5681; x_wconf 84' lang='lat' dir='ltr'><strong>Isaiam,</strong></span> <span class='ocrx_word' id='word_1_812' title='bbox 3175 5625 3301 5683; x_wconf 79' lang='lat' dir='ltr'><strong>cap.</strong></span> <span class='ocrx_word' id='word_1_813' title='bbox 3371 5624 3425 5673; x_wconf 85' lang='lat' dir='ltr'><strong>v,</strong></span> <span class='ocrx_word' id='word_1_814' title='bbox 3472 5624 3625 5663; x_wconf 87' lang='lat' dir='ltr'><strong>num.</strong></span> 
     </span>
     <span class='ocr_line' id='line_1_110' title="bbox 488 5696 2219 5762; baseline -0.006 0"><span class='ocrx_word' id='word_1_815' title='bbox 488 5749 502 5762; x_wconf 93' lang='lat'><strong>.</strong></span> <span class='ocrx_word' id='word_1_816' title='bbox 547 5707 681 5762; x_wconf 70' lang='lat' dir='ltr'><strong>inde</strong></span> <span class='ocrx_word' id='word_1_817' title='bbox 712 5705 1040 5762; x_wconf 77' lang='lat' dir='ltr'><strong>Patrolomw</strong></span> <span class='ocrx_word' id='word_1_818' title='bbox 1067 5718 1290 5762; x_wconf 62' lang='lat' dir='ltr'><strong>nostrae.</strong></span> <span class='ocrx_word' id='word_1_819' title='bbox 1323 5712 1454 5761; x_wconf 88' lang='lat' dir='ltr'><strong>tom.</strong></span> <span class='ocrx_word' id='word_1_820' title='bbox 1488 5700 1660 5762; x_wconf 76' lang='lat' dir='ltr'><strong>XXX,</strong></span> <span class='ocrx_word' id='word_1_821' title='bbox 1700 5700 1807 5756; x_wconf 90' lang='lat' dir='ltr'><strong>col.</strong></span> <span class='ocrx_word' id='word_1_822' title='bbox 1840 5698 1943 5754; x_wconf 74' lang='grc'><strong>547</strong></span> <span class='ocrx_word' id='word_1_823' title='bbox 1972 5696 2035 5752; x_wconf 90' lang='lat' dir='ltr'><strong>D.</strong></span> <span class='ocrx_word' id='word_1_824' title='bbox 2068 5696 2219 5752; x_wconf 80' lang='lat' dir='ltr'><strong>Enn.</strong></span> 
     </span>
    </p>
   </div>
   <div class='ocr_carea' id='block_1_110' title="bbox 379 5696 2219 5776">
    <p class='ocr_par' dir='ltr' id='par_1_110' title="bbox 379 5696 2219 5776">
     <span class='ocr_line' id='line_1_111' title="bbox 379 5696 2219 5776; baseline -0.007 -13"><span class='ocrx_word' id='word_1_825' title='bbox 379 5696 518 5765; x_wconf 56' lang='lat' dir='ltr'><strong>Nl.’</strong></span> <span class='ocrx_word' id='word_1_826' title='bbox 547 5696 681 5765; x_wconf 54' lang='lat' dir='ltr'><strong>Vide</strong></span> <span class='ocrx_word' id='word_1_827' title='bbox 712 5696 1040 5776; x_wconf 71' lang='lat' dir='ltr'><strong>Pairologiw</strong></span> <span class='ocrx_word' id='word_1_828' title='bbox 1067 5696 1454 5772; x_wconf 46' lang='lat' dir='ltr'><strong>noétraaftom.</strong></span> <span class='ocrx_word' id='word_1_829' title='bbox 1488 5696 1660 5768; x_wconf 77' lang='lat' dir='ltr'><strong>XXX,</strong></span> <span class='ocrx_word' id='word_1_830' title='bbox 1700 5700 1807 5756; x_wconf 90' lang='lat' dir='ltr'><strong>col.</strong></span> <span class='ocrx_word' id='word_1_831' title='bbox 1840 5698 1943 5754; x_wconf 73' lang='grc'><strong>547</strong></span> <span class='ocrx_word' id='word_1_832' title='bbox 1972 5696 2035 5752; x_wconf 91' lang='lat' dir='ltr'><strong>D.</strong></span> <span class='ocrx_word' id='word_1_833' title='bbox 2068 5696 2219 5752; x_wconf 80' lang='lat' dir='ltr'><strong>Enn.</strong></span> 
     </span>
    </p>
   </div>
  </div>
