3822 6216
182 232 256 297 εδ
1414 227 1691 292 ΕΡΙΒΤΟῙ

2015 226 2196 290 LIBJ
3388 225 3461 289 86

755 343 907 400 E'.-—
927 342 1014 410 Τῷ
1035 342 1214 410 αὐτῷ.
1808 338 1854 396 Α

1808 338 1854 396 Α
2461 339 2528 395 ν.
2563 372 2630 381 -
2659 340 2870 397 Eidem.

264 435 383 504 Ἐφ’
413 433 598 504 ὕϐρει,
647 437 744 488 καὶ
797 436 1017 511 ἀτιμίᾳ²
1075 435 1172 488 καὶ
1218 432 1484 504 ἐπιϐουλῇ
1520 434 1590 501 τῇ
1650 430 1772 483 καθ’

1950 431 2005 486 In
2039 430 2358 501 opprobrio,
2389 441 2444 486 et
2465 431 2712 494 infamia,
2743 440 2798 486 et
2829 429 3092 484 adversus
3115 443 3215 482 nos
3240 425 3459 482 insidiis

184 531 345 600 ημῶν
391 529 482 582 διὰ
515 530 720 591 παντὸς
781 529 1031 599 ἱδρῦσθαι
1071 528 1353 599 βούλονται
1401 528 1452 579 οἱ
1497 525 1690 592 δαίμον

1948 527 2024 578 mi
2064 535 2308 594 tempore
2339 524 2661 578 conﬁrmari
2699 530 2967 594 appetunt
3009 521 3327 585 dtemones;
3363 535 3457 571 ve-

185 622 344 687 ἀλλά,
393 620 580 683 καθὼς
623 619 774 688 λέγει
824 621 1188 691 ὁΠροφήτης,
1233 618 1688 689 αίσχυνθήσονται

1948 625 2214 678 mtamen,
2267 622 2327 668 ut
2378 615 2651 686 Propheta
2700 616 2778 669 ait
2826 615 2870 680 ⁸,
2919 611 3320 668 reverebuntur
3363 608 3456 678 qui

161 682 306 766 Ικαθ’
331 682 523 784 ’ἡμῶν
552 714 640 782 ἐφ’
686 682 868 783 θερει,
917 682 1015 764 καί
1052 682 1238 782 item)
1279 682 1499 780 καρδίᾳ,
1533 708 1628 764 καὶ

1950 715 2069 763 ntra
2110 724 2213 764 nos
2241 717 2392 771 sunt,
2437 709 2492 762 in
2545 707 2867 779 opprobrio,
2897 716 2951 762 et
2976 705 3162 760 animo
3195 704 3364 764 elato,
3405 711 3459 754 et

181 807 646 876 πεινωθήσονται.
715 806 880 875 Ἡμῖν
943 805 1001 857 δὲ
1064 804 1218 857 ἔσται
1272 805 1301 857 6
1357 801 1624 869 στέφανος
1676 817 1690 850 οι

1947 801 2346 856 Imiliabuntur.
2374 801 2444 856 At
2474 817 2578 858 nos
2605 809 2659 857 et
2688 801 2838 864 vitae,
2874 809 2929 854 et
2961 799 3169 869 gloriae,
3202 797 3456 852 etincor'

181 901 351 969 ζωῆς.
388 901 485 953 καὶ
520 899 705 968 δόξης,
748 899 843 951 καὶ
865 895 1201 968 ἀφθαρσίας,
1223 897 1254 949 6
1283 894 1512 959 πλακεὶς
1543 896 1656 958 τοῖς
1684 912 1690 927 ι

1951 893 2268 961 ptibilitatis
2339 909 2579 959 corona,
2648 891 3102 956 exspectantibus
3162 888 3453 943 Dominum

183 991 390 1064 Κύριον
425 993 822 1062 ὑπομένουσιν.

1877 991 2163 1048 contexta,
2196 993 2506 1055 exspectat.

490 1088 658 1154 ςκ-
687 1084 980 1155 unum;
1007 1083 1471 1153 ΣΧοΑΑΣτηςο.

2090 1073 2182 1129 Vl.
2219 1105 2286 1116 --
2313 1074 2711 1132 HEI’HESTO
2743 1071 3237 1130 SCIlOLASTlCO.

251 1179 346 1248 Μὴ
369 1177 778 1248 παρρησιάζου,
829 1170 875 1229 ὧ
923 1175 1203 1246 ἄνθρωπε.
1259 1171 1621 1246 Δίσχύνεσθαι
1666 1171 1760 1242 γάι

1947 1163 2174 1222 Frustra
2213 1174 2423 1238 turges,
2470 1182 2533 1222 ac
2564 1177 2767 1231 tumes,
2811 1167 2886 1220 mi
2919 1161 3453 1234 homo:pudendum

179 1272 421 1340 ὀφείλεις
453 1270 599 1326 κατά
625 1271 846 1340 κράτος,
881 1270 1004 1323 καθ’
1027 1271 1110 1324 ὅτι
1140 1270 1242 1334 τάς
1274 1269 1520 1340 μοιχείας
1536 1269 1688 1321 ὲπαιν

1944 1261 2064 1316 μιίιιε
2116 1262 2264 1316 omni
2313 1261 2368 1334 4
2413 1272 2612 1316 conatu
2662 1262 2758 1315 tibi
2807 1261 2991 1324 fuerit,
3035 1275 3163 1313 cum
3225 1258 3453 1322 deorum

177 1363 288 1415 τῶν
325 1362 468 1415 θεῶν
500 1379 615 1424 σου,
643 1362 741 1415 καὶ⁵
767 1362 869 1426 τὰς
891 1362 1305 1431 παιδοφθορίας,
1338 1362 1431 1414 καὶ
1454 1377 1686 1430 προσκυν

1949 1371 2102 1408 orum
2139 1355 2437 1418 adulteria,
2467 1363 2522 1410 et
2559 1369 2853 1424 puerorum
2901 1362 3091 1422 stupra
3119 1350 3359 1410 extollis.
3405 1357 3458 1404 et

178 1456 246 1508 τὰ
294 1455 524 1525 ὀλέθρια
566 1455 714 1525 πάθη
745 1456 848 1525 τῆς
877 1454 1294 1525 αἰσχρουργίας,
1337 1455 1433 1506 καὶ
1466 1451 1619 1504 οὐδὲν
1641 1467 1687 1501 πε

1946 1445 2208 1502 rectiones
2255 1446 2506 1502 libidinis
2556 1447 2694 1501 satis
2740 1445 3083 1516 perniciosas
3131 1441 3411 1497 veneraris
3441 1481 3455 1505 ,

177 1548 353 1612 τελῶς
375 1547 514 1618 δύνῃ
557 1547 700 1617 ὑπὲρ
725 1546 788 1599 τὸ
816 1547 978 1616 σῶμα
1008 1544 1358 1598 διανοεῖσθαι.

1946 1554 2061 1607 eque
2098 1538 2382 1606 quidpiam
2429 1537 2527 1592 tibi
2579 1536 2825 1592 occurrit
2870 1535 3120 1600 omnino,
3153 1531 3298 1602 quod
3329 1545 3455 1587 cor-

1804 1680 1848 1735 B
1880 1643 2011 1699 pore
2037 1629 2291 1698 superius
2315 1629 2408 1684 sit.

460 1718 538 1772 Z'.
583 1747 650 1762 --
692 1719 1156 1791 ΜΑΡΚΕΛΛΙΝῼ
1189 1721 1503 1790 ΜΟΝᾹΧῼ.
1807 1716 1848 1735 ’³

1807 1716 1848 1735 ¹¹
2126 1717 2241 1774 VII.
2275 1749 2344 1758 —
2377 1716 2820 1772 MARCELLINO
2854 1717 3205 1773 MONACHO.

249 1811 387 1865 Ὅτε
416 1812 650 1865 ἐπέλιπε
687 1812 756 1866 τά
791 1813 1067 1880 ἀναγκαῖα
1111 1815 1172 1866 ἐν
1208 1818 1275 1886 τῇ
1309 1817 1586 1888 Σαμαρίᾳ,
1625 1819 1758 1888 βασι⁴

1949 1808 2087 1862 Cum
2121 1809 2434 1864 necessaria
2469 1809 2522 1862 in
2556 1807 2806 1862 Samaria
2847 1809 2951 1862 sub
2977 1807 3184 1862 Jorami
3212 1805 3452 1860 Achaabi

178 1905 439 1968 λεὺοντος
482 1905 686 1976 Ἰωρὰμ
726 1904 818 1959 τοῦ
850 1905 968 1960 υίοῦ
1035 1907 1263 1976 ’Ᾱχαά6,
1294 1909 1386 1961 διὰ
1412 1911 1474 1962 τὸ
1516 1911 1687 1980 ὲπιστι

1946 1899 1978 1953 ii
2039 1899 2270 1970 imperio
2301 1899 2344 1966 ',
2377 1915 2506 1969 rege
2546 1899 2895 1970 Assyriorum
2927 1899 3128 1952 bellum
3164 1896 3455 1960 int‘erente,

174 1998 376 2051 τεῦσαι
402 1997 497 2050 τὸν
526 1998 751 2066 βασιλέα
787 1998 898 2050 τῶν
937 1998 1260 2070 Ἀσσυρίων,
1294 2001 1390 2054 καὶ
1431 2002 1644 2073 έπράθη

1944 1991 2204 2057 eluissent,
2248 1998 2303 2046 et
2340 1999 2506 2060 caput
2555 1991 2699 2045 asini
2743 1989 3140 2060 quinquaginta
3173 1988 3322 2042 siclis
3361 2004 3453 2042 ve-

178 2089 325 2158 φαλή
366 2088 496 2141 ὄνου
519 2089 860 2158 πεντήκοντα
891 2089 1112 2151 σίκλων,
1142 2091 1238 2144 καὶ
1285 2093 1548 2164 τέταρτον
1604 2094 1687 2147 κάς

1947 2090 2077 2143 sset,
2132 2090 2188 2135 et
2235 2089 2436 2150 quarta
2493 2094 2620 2150 pars
2663 2080 2784 2135 cabi
2846 2079 3147 2150 palumbini
3197 2077 3456 2132 stercoris

177 2180 391 2247 κόπρου
433 2178 777 2248 περιστερῶν
807 2178 970 2232 πέντε
1000 2179 1201 2233 σίκλων
1227 2182 1516 2252 ἀργυρίου,
1548 2201 1686 2252 προσ

1956 2175 2123 2242 inque
2168 2175 2323 2229 siclis
2374 2175 2670 2245 argenteis,
2719 2175 2857 2230 adeo
2896 2184 2955 2228 ut
3005 2189 3155 2228 mors
3177 2173 3457 2227 teterrima

178 2269 450 2335 κηθέντος
497 2269 732 2322 Θανάτου
769 2270 1069 2334 οίκτίστου,
1106 2273 1342 2342 τοσαύτη
1389 2276 1521 2343 παρ’
1553 2275 1687 2326 ἐλπίὶ

1946 2265 2136 2320 inione
2186 2265 2433 2320 omnium
2482 2266 2821 2336 impenderet
2869 2283 2884 2321 :
2938 2278 3088 2320 tanta
3122 2281 3304 2320 rerum
3339 2280 3455 2318 om-

177 2362 409 2428 γέγονεν
437 2362 685 2424 εὐθυνία,
735 2363 812 2426 ὡς
859 2363 1060 2434 μέτρον
1109 2366 1445 2434 σεμιδάλεως
1494 2368 1686 2439 πραοῆ

1949 2373 2035 2410 um
2088 2357 2451 2422 abundantia,
2505 2373 2668 2427 atque
2703 2359 2926 2414 ubertas
2960 2374 3218 2429 agrorum
3262 2366 3458 2427 praeter

178 2453 394 2515 σίκλου,
432 2454 531 2506 καὶ
558 2453 853 2524 διάμετρον
883 2454 1082 2525 κριθῆς
1110 2456 1313 2524 ὁμοίως
1353 2457 1560 2510 σίκλου·
1603 2479 1621 2510 ‹
1660 2462 1687 2513 Ι1

1948 2451 2128 2504 inium
2165 2450 2636 2520 exspectationem
2695 2451 2943 2515 invaluit,
2987 2461 3046 2505 ut
3085 2451 3276 2506 simila:
3304 2465 3457 2503 men-

176 2562 293 2614 ριος
322 2546 437 2613 γὰρ
496 2545 844 2610 διασκεδάζει
889 2546 1088 2616 βουλὰς
1121 2547 1310 2612 ὲθνῶν,
1345 2549 1440 2602 καὶ
1469 2549 1685 2619 ἀρχόντι

1951 2556 2008 2594 ra
2043 2541 2180 2595 siclo
2216 2539 2494 2596 divendita
2527 2543 2620 2607 sit,
2657 2557 2872 2596 necnon
2909 2550 2962 2596 et
2985 2541 3174 2596 hordei
3205 2540 3458 2596 similiter

174 2637 207 2704 ἡ
237 2635 292 2688 δὲ
327 2635 502 2705 βουλὴ
552 2635 647 2689 τοῦ
693 2637 900 2708 Κυρίου
959 2639 1041 2700 είς
1075 2638 1165 2691 τὸν
1196 2639 1370 2692 αἰῶνα
1415 2640 1585 2710 μένει.
1627 2661 1645 2692 ι
1681 2645 1683 2695 ἶ

1950 2634 2014 2686 :lo
2078 2648 2350 2687 mensura:
2403 2634 2576 2688 duae:
2633 2654 2650 2686 ι
2689 2634 2954 2688 Dominus
2990 2636 3134 2688 enim
3191 2633 3459 2702 dispertiit

171 2730 361 2782 τοίνυν
394 2730 792 2799 ἀθυμήσωμεν,
813 2731 951 2784 ἀλλὰ
982 2731 1450 2804 προσδοκήσωμεν
1475 2733 1534 2798 ἐξ
1567 2734 1680 2787 ὲνδε

1949 2726 2109 2780 nsilia
2159 2726 2441 2794 gentium,
2508 2734 2564 2781 et
2611 2727 2969 2796 principum;
3022 2727 3275 2781 voluntas
3327 2741 3457 2780 vero

175 2822 473 2893 εὐπορίαν,
497 2823 596 2876 καὶ
636 2822 703 2875 ὲκ
729 2821 966 2892 θλίψεως
998 2823 1204 2880 ἄνεσιν.

1947 2814 2097 2868 ιῐηίηἱ
2124 2815 2176 2868 in
2204 2824 2472 2870 atternum
2507 2823 2692 2871 manet
2724 2818 2767 2869 ⁸.
2800 2836 2819 2868 ι
2877 2815 2955 2870 Ne
3001 2817 3184 2886 itaque
3216 2816 3456 2885 despon-

1876 2904 2107 2960 deamus
2133 2905 2406 2967 animum,
2439 2907 2534 2962 sed
2563 2917 2952 2977 exspectemus
2982 2924 3049 2962 ex
3076 2908 3259 2979 in0pia
3293 2908 3457 2961 uber-

1799 3015 1848 3077 ο
1880 3007 2067 3061 tatem,
2098 3005 2153 3050 et
2184 3012 2250 3051 ex
2289 2998 2646 3054 tribulatione
2681 3000 2958 3054 solatium.

395 3095 486 3148 H'.
515 3123 587 3136 -—
627 3094 1038 3163 ΠΤΟΔΕΜΑῘῼ
1085 3092 1556 3163 ΣΥΓΚΛΗΤῙΚῼ.

2097 3085 2234 3141 Vlll.
2262 3119 2332 3132 --
2363 3088 2760 3146 PTOLEMEO
2784 3089 3232 3146 SYNCLETICO.

241 3187 362 3240 Kal.
395 3186 461 3240 τὸ
493 3185 658 3256 μόνον
694 3186 986 3239 πιστεῦσαι
1012 3187 1094 3248 είς
1129 3185 1221 3238 τὸν
1257 3185 1486 3254 Σωτῆρα
1515 3184 1750 3256 Χριστὸν

1949 3181 2016 3235 Et
2065 3181 2448 3237 tantummodo
2504 3182 2639 3236 ﬁdes
2677 3182 2732 3236 in
2777 3182 3060 3237 Christum
3101 3183 3451 3238 Servatorem

169 3278 500 3348 δικαιοσύνη
546 3279 688 3343 ἐστὶ,
728 3278 789 3330 τὸ
835 3278 892 3330 δὲ
948 3276 1282 3348 ὁμολογῆσαι
1332 3277 1495 3331 αὐτὸν
1545 3276 1624 3347 τῷ
1656 3294 1678 3330 a

1945 3273 2197 3328 stiticatio
2236 3281 2322 3330 est
2374 3294 2389 3330 :
2431 3285 2485 3328 al
2540 3291 2665 3330 eum
2697 3275 2945 3329 contiteri
2976 3291 3073 3330 ore
3116 3276 3265 3331 salus
3293 3269 3454 3332 absoé

171 3389 338 3442 ματι,
369 3369 646 3441 παντελὴς
683 3369 949 3438 σωτηρία.
1873 3369 1988 3424 luta
2012 3368 2054 3422 ⁷.

728 3461 880 3515 82—-
923 3459 1008 3525 Τῷ
1033 3460 1216 3525 αὐτῷ.

2435 3465 2522 3519 IX.
2566 3493 2635 3506 -—
2681 3466 2888 3523 Eidem.

237 3556 424 3625 Φησὶν
454 3556 483 3608 6
515 3552 802 3615 θεσπέσιος
848 3553 1099 3613 Ἡσαΐας
1153 3572 1170 3603 ι
1207 3553 1325 3606 ’Ὶνα
1370 3551 1620 3606 εἴπωσιν·
1657 3554 1746 3606 Οὑε

1948 3556 2173 3612 Divinus
2229 3557 2407 3626 inquit
2450 3557 2616 3613 lsaias
2665 3576 2678 3613 :
2733 3579 2752 3611 ‹
2802 3561 2874 3616 Ut
2919 3559 3150 3614 dicant:
3196 3556 3320 3614 Non
3371 3565 3455 3612 est

170 3647 329 3699 ἔστιν
380 3645 461 3708 ὡς
497 3645 560 3696 τὸ
609 3644 761 3714 ῥῆμα
804 3643 982 3708 τοῦτο,
1037 3645 1169 3713 περὶ
1202 3637 1264 3695 οὗ
1303 3644 1403 3696 οὐκ
1437 3643 1552 3696 ἔστι
1589 3643 1679 3697 δοῦ

1946 3658 2019 3702 :ut
2062 3653 2287 3703 verbum
2331 3650 2454 3713 hoc,
2492 3666 2592 3720 pro
2632 3668 2742 3721 quo
2782 3652 2926 3707 dona
2975 3651 3161 3705 oll'erri
3192 3667 3299 3704 non
3329 3666 3455 3720 pos-

167 3738 345 3808 δῶρα.
389 3757 408 3788 ι
445 3736 612 3789 Οὐδὲν
664 3734 774 3805 γὰρ
829 3734 1083 3799 ἀντάξιον
1137 3735 1494 3806 εὑρεθήσεται
1521 3737 1620 3804 τῆς
1674 3757 1676 3770 ι

1947 3753 2004 3795 ιιι
2028 3743 2070 3795 ³.
2112 3760 2130 3792 ›
2166 3741 2311 3795 Nihil
2356 3743 2503 3796 enim
2549 3743 2817 3798 Dominici
2861 3743 3100 3798 nominis
3151 3742 3453 3812 professio-

170 3827 517 3882 Δεσποτικοῦ
548 3828 813 3898 ὀνόματος
865 3828 1180 3898 ὁμολογίας,
1231 3829 1326 3881 καὶ
1359 3828 1459 3897 τῆς
1493 3844 1679 3897 παρασ

1944 3851 1985 3898 s,
2040 3843 2096 3887 et
2141 3834 2352 3891 traditzc
2384 3834 2434 3904 5
2468 3835 2628 3890 nobis
2674 3835 2883 3899 beatm,
2923 3844 3237 3904 sanctaeque
3265 3835 3453 3904 cogni-

171 3921 370 3988 θείσης
402 3921 538 3990 ἡμῖν
580 3919 883 3988 μακαρίας,
926 3919 1022 3972 καὶ
1069 3919 1232 3988 ἁγίας
1254 3919 1531 3986 γνώσεως.
1572 3919 1680 3972 Διόι

1944 3921 2044 3974 mis
2075 3920 2251 3974 instar
2288 3937 2412 3976 esse
2456 3931 2658 3992 potest.
2691 3922 2872 3990 Quare
2903 3939 3014 3979 non
3073 3925 3171 3978 abs
3203 3940 3262 3978 re
3289 3925 3453 3977 Davi-

170 4016 262 4066 ὲπὶ
290 4012 475 4078 τούτῳ
506 4011 715 4064 δίκαιον
752 4011 934 4078 λέγειν
969 4011 1032 4064 τὸ
1079 4012 1364 4065 Δαυΐτικὸν
1408 4011 1610 4079 λόγιονο
1652 4030 1670 4062 ι

1942 4026 2057 4065 cum
2101 4010 2231 4063 illud
2287 4011 2683 4065 enuntiandum
2728 4023 2852 4067 est:
2889 4030 2907 4062 ‹
2950 4011 3090 4078 Quid
3150 4011 3451 4065 retribuam

168 4103 548 4159 ἀνταποδώσω
605 4103 684 4172 τῷ
720 4103 913 4173 Κυρίῳ
959 4103 1090 4174 περὶ
1137 4104 1357 4156 πάντων
1408 4096 1484 4156 ὧν
1545 4104 1677 4155 ἀντα

1936 4101 2109 4156 πηίηο
2141 4118 2241 4171 pro
2276 4104 2558 4166 omnibus,
2590 4119 2712 4174 qua:
2742 4106 2995 4159 retribuit
3024 4105 3158 4158 mihi
3189 4103 3236 4158 ’?
3271 4124 3290 4154 ι
3321 4118 3445 4157 cum

168 4197 317 4250 δωκέ
358 4214 482 4266 μοις
525 4214 545 4247 ι
589 4195 776 4248 πίστιν
815 4194 1017 4259 λαϐὼν,
1071 4196 1168 4247 καὶ
1198 4195 1530 4256 ἀνταποδοὺς
1571 4193 1677 4260 γνῶ

1942 4199 2036 4248 lem
2087 4196 2386 4265 acceperit,
2437 4203 2493 4250 et
2535 4196 2852 4251 retribuerit
2881 4198 3250 4268 cognitionem
3287 4196 3451 4250 caele-

170 4289 527 4358 ἐπουράνιον.
574 4288 641 4340 Ἦ
688 4288 798 4358 γὰρ
863 4287 995 4351 ἁγία
1044 4287 1247 4355 γνῶσις
1299 4286 1510 4358 μυρίων
1548 4285 1679 4355 ἀγαε

1940 4284 2257 4342 3m.Sancta
2287 4287 2490 4358 quippe
2519 4289 2764 4357 cognitio
2799 4291 3090 4344 innumera
3129 4290 3275 4344 bona
3303 4289 3356 4342 in
3391 4305 3449 4344 se

169 4385 288 4435 ἐστι
331 4399 402 4434 πε
411 4381 684 4452 ριεκτική.

635 4381 684 4452 ή.
1798 4359 1845 4418 D
1872 4378 2144 4432 continet.

737 4472 780 4527 1.
816 4503 884 4513 —
919 4471 1002 4538 Τῷ
1033 4471 1216 4537 αὐτῷ.

2455 4471 2521 4524 Χ.
2560 4501 2628 4512 --
2666 4472 2873 4526 Eidem.

238 4567 405 4628 Τινὲς
434 4566 516 4635 τῷ
548 4566 699 4636 θέρει
745 4567 808 4619 ἐκ
852 4566 1090 4634 λιμένων
1134 4565 1463 4634 ἀναχθέντες
1497 4566 1747 4635 ἐναυάγη

1942 4560 2207 4616 ΝοηιιιιΙΙί
2263 4571 2455 4617 aestate
2507 4564 2785 4619 solventes
2827 4579 2858 4618 e
2909 4573 3068 4634 portu
3105 4565 3449 4636 naufragium

171 4677 294 4718 σαν,
349 4658 499 4720 τινὲς
556 4656 613 4710 δὲ
678 4656 739 4709 ὲν
779 4657 1012 4726 χειμῶνι
1079 4654 1415 4716 πλεύσαντες
1466 4655 1680 4708 amas.

1943 4662 2155 4720 :erunt;
2191 4654 2283 4708 alii
2324 4655 2504 4710 hieme
2543 4655 2753 4725 absque
2799 4655 2915 4711 ullo
2945 4657 3264 4713 discrimine
3288 4667 3452 4712 vento

171 4750 480 4820 ἐσώθησαν.
543 4747 706 4801 Πόσοι
769 4748 816 4800 δ’
873 4747 1106 4816 ἀθληταὶ
1160 4746 1536 4800 ἀνενδοίαστον
1608 4746 1680 4798 νί)

1941 4745 2282 4800 cundissimo
2332 4763 2456 4802 sese
2508 4745 2770 4802 ﬂuctibus
2828 4750 3246 4803 commiserunt.
3305 4750 3450 4814 Quot

172 4842 652 4908 προσδοκήσαντες
706 4839 1058 4910 ήττήθησανς
1093 4840 1145 4891 oi.
1196 4839 1253 4892 δὲ
1300 4839 1395 4892 καὶ
1443 4838 1681 4909 δευτερεί

1941 4853 2004 4889 em
2033 4838 2254 4893 athleta;
2275 4838 2645 4893 indubitatam
2678 4840 2966 4894 victoriam
2993 4841 3095 4895 sibi
3124 4843 3450 4910 promitten-

173 4932 567 5002 ἀπεγνωκότες
603 4930 674 4985 τά
724 4932 971 5002 πρωτεῖα
1001 4929 1554 5000 ὲστεφανηφόρησαν;
1611 4931 1682 4983 Mt

1941 4944 1957 4982 ς
1997 4929 2246 5000 superati
2299 4933 2468 4986 sunt?
2511 4939 2646 5000 quot
2689 4943 2745 4985 et
2793 4931 2861 4985 de
2908 4930 3171 4985 secundis
3211 4933 3450 5001 prtemiis

171 5020 264 5076 οὖν
319 5021 784 5092 καταφρονῶμεν,
843 5021 985 5089 μήτε
1031 5019 1449 5090 ἀπελπίζωμεν,
1509 5021 1626 5074 ἀλλ’
1677 5057 1680 5067 ι

1945 5031 2235 5090 sperantes
2261 5024 2497 5092 primam
2520 5024 2767 5079 victoria:
2792 5024 3030 5094 palmam
3061 5024 3449 5079 obtinuerunt?

173 5117 346 5170 ἅπασι
373 5115 674 5188 πράγμασι
709 5117 777 5184 τῇ
828 5114 964 5184 εὐχῇ
999 5112 1374 5184 κολληθῶμεν.

1938 5131 1986 5169 m
2017 5115 2205 5184 itaque
2233 5117 2596 5186 negligamus,
2635 5133 2813 5186 neque
2842 5126 3024 5170 mente
3069 5118 3447 5181 concidamus,

1867 5207 1963 5261 sed
1995 5207 2164 5262 rebus
2199 5207 2254 5261 in
2284 5209 2545 5264 omnibus
2586 5209 2823 5263 orationi
2866 5208 3252 5263 inhaereamus.

707 5296 887 5348 lA'.—--
933 5293 1016 5358 Τῷ
1044 5292 1226 5358 αὐτῷ.

2449 5298 2540 5353 XI.
2571 5330 2642 5339 —
2664 5299 2873 5354 Eidem.

243 5392 379 5446 Εἰπὲ
435 5390 574 5460 πρὸς
611 5389 703 5442 τὸν
740 5388 830 5441 σὸν
881 5389 1117 5457 ἑταῖρον,
1150 5387 1232 5439 ὅτι
1269 5384 1543 5456 θερμότης
1571 5386 1752 5456 ἀχαλί-

1942 5389 2121 5444 Effare
2161 5392 2340 5446 amico
2392 5401 2510 5456 tuo,
2553 5393 2767 5462 absque
2795 5392 3028 5447 habenis
3067 5394 3331 5462 impetum
3368 5409 3451 5446 ar-

176 5501 338 5544 νωτος
377 5482 654 5552 μεγίστων
683 5480 869 5534 κακῶν
900 5479 1161 5549 πρόξενος
1200 5480 1313 5542 τοῖς
1338 5477 1648 5548 ἀνθρώποις
1675 5496 1685 5508 ·

1939 5499 2177 5552 memque
2257 5485 2500 5539 maxima
2563 5486 2894 5542 mortalibus
2965 5485 3164 5540 allerre
3235 5487 3448 5540 incont-

175 5593 340 5628 νεται.

1872 5575 2051 5629 moda.

247 5692 270 5720 ⁸
293 5689 441 5744 l'sal.
474 5705 666 5758 sunt,
706 5689 790 5753 15,
818 5690 835 5716 ⁵
864 5705 936 5753 tv,
974 5686 1182 5759 lleg.v:,
1229 5687 1276 5740 l.
1355 5687 1373 5716 ⁶
1409 5686 1551 5740 l’sal.
1579 5702 1747 5743 sunt

1969 5692 1987 5723 '
2024 5688 2182 5747 Rom.
2225 5707 2280 5758 Χ,
2322 5692 2402 5746 ιο.
2481 5692 2501 5723 ⁸
2536 5691 2641 5748 lsa.
2676 5709 2794 5760 vui,
2837 5693 2927 5749 20.
3003 5695 3023 5725 ⁹
3064 5691 3211 5749 Psal.
3243 5689 3445 5756 cxv,5.
