3822 6216
372 206 443 273 87
1879 206 1944 267 S.

2071 205 2151 266 L1
3550 206 3622 271 88

916 313 1043 369 XII.
1084 344 1153 353 ——
1188 313 1399 369 Eidem.

440 405 547 475 Qui
574 409 785 474 omnia,
824 410 1001 480 inquit
1041 410 1108 474 ¹⁶,
1151 408 1303 476 facit,
1336 416 1393 464 et
1428 408 1610 462 omnia
1651 408 1947 462 immutans

378 502 653 558 convertit
710 502 942 571 primam
968 501 1161 565 .lucem
1209 501 1265 554 in
1324 499 1570 553 umbram
1623 500 1838 565 mortis,
1894 507 1950 554 et

378 604 595 650 noctem
648 594 704 648 in
754 593 899 647 diem
953 592 1281 647 obtenebrat
1311 610 1325 645 :
1358 592 1474 660 ipse
1516 590 1661 643 enim
1710 599 1817 651 est,
1851 590 1945 659 qui

377 686 746 749 conditiones,
776 695 831 740 et
863 696 1128 755 tempora,
1181 696 1237 740 et
1283 700 1369 739 res
1419 692 1771 739 transmutat.
1804 682 1951 737 Con-

375 780 542 833 vertit
600 793 732 848 ergo
779 776 925 833 Deus
984 778 1235 831 umbram
1293 777 1515 837 mortis,
1579 777 1633 830 in
1690 776 1948 832 virtutem

374 886 593 939 nempe.
624 879 679 925 et
702 869 1167 932 consolationem,
1208 878 1264 923 et
1294 869 1645 939 splendorem
1676 877 1950 939 permutat

375 963 761 1034 peccatricem,
802 969 857 1015 et
913 962 1275 1031 caliginosam
1316 961 1710 1017 conditionem.
1752 961 1951 1016 Facul-

376 1063 546 1109 tatem
581 1068 803 1124 quoque
845 1053 950 1107 sibi
987 1052 1231 1107 vindicat
1277 1054 1420 1107 diem
1467 1054 1523 1124 6
1569 1054 1747 1107 noctis
1779 1054 1951 1107 instar

373 1148 797 1211 obtenebrandi,
832 1148 953 1202 laeta
971 1147 1189 1202 scilicet
1217 1158 1273 1203 et
1296 1148 1583 1217 splendida
1615 1147 1669 1201 in
1703 1147 1949 1202 tristiora

375 1249 540 1310 atque
579 1239 946 1295 inammniora
978 1240 1396 1295 transvehendi.

914 1347 1038 1401 XIII
1071 1378 1162 1403 .——
1195 1346 1404 1401 Eidem.

457 1460 476 1492 ι
516 1440 802 1509 Quisquis,
830 1442 926 1501 ait.
962 1450 1159 1494 octavo
1206 1440 1297 1495 die
1342 1456 1454 1495 non
1489 1440 1910 1496 circumciditur
1933 1480 1949 1506 ,

375 1536 831 1592 exterminabitur
872 1536 935 1589 ¹¹.
980 1554 997 1585 ι
1053 1534 1237 1589 Infans
1292 1534 1425 1588 nulli
1470 1534 1607 1588 vitio
1654 1534 1948 1599 obnoxius,

1971 320 2025 378 Is

2565 318 2664 371 IB'.
2699 348 2768 361 -—
2807 318 2889 384 Τῷ
2917 317 3098 383 αὐτῷ.

2132 408 2190 461 '0
2217 408 2407 473 ποιῶν,
2446 411 2603 481 φησὶ,
2655 410 2856 475 πάντα,
2905 412 3001 464 καὶ
3041 411 3486 480 μετασκευάζων,
3527 412 3622 466 καὶ

2048 502 2330 573 ἐκτρέπων
2363 503 2443 565 είς
2471 503 2533 556 τὸ
2570 501 2714 573 πρωῒ
2737 504 2894 556 σκιὰν
2927 502 3178 563 θανάτου,
3216 504 3312 559 καὶ
3339 505 3512 558 νύκτα
3543 507 3622 571 είς

2049 593 2263 663 ἡμέραν
2313 594 2682 658 συαοτάξωνε
2746 595 2909 656 αὐτὸς
2954 594 3063 666 γάρ
3114 597 3265 649 ἐστιν
3312 597 3342 648 6
3392 596 3624 650 ἀλλοιῶν

2049 686 2434 751 καταστάσεις,
2483 688 2579 740 καὶ
2627 686 2874 756 χρόνους,
2918 688 3013 740 καλ⁵
3056 688 3377 758 πράγματα’
3429 689 3625 759 ἐκτρέ-

2050 794 2140 831 πει
2165 773 2257 832 οῦν
2279 780 2308 832 6
2336 778 2469 842 Θεὸς
2507 778 2606 849 τὴν
2643 782 2800 833 σκιὰν
2833 780 2928 834 τοῦ
2958 780 3209 844 θανάτου,
3241 783 3521 835 τουτέστιν
3545 783 3627 845 εἰς

2048 871 2271 943 ἀρετὴν,
2331 873 2426 926 καὶ
2469 872 2755 942 εὐθυμίαν,
2802 875 2899 928 καὶ
2952 874 3251 945 φαινότητα
3295 874 3627 945 μεταϐάλλει

2047 964 2148 1035 τὴν
2181 966 2584 1038 ἁμαρτητικὴν,
2628 968 2721 1020 καὶ
2776 966 3056 1037 σκοτεινὴν
3106 968 3459 1023 κατάστασιν.
3510 968 3629 1034 Ἐξ-

2049 1054 2237 1108 ουσίαν
2288 1054 2344 1108 δὲ
2372 1055 2612 1125 ἔχεικαὶ
2662 1057 2876 1127 ἡμέραν
2921 1058 3001 1121 είς
3054 1055 3225 1110 νύκτα
3270 1058 3622 1111 συσκοτάσαι·

2048 1146 2324 1199 τουτέστιν
2356 1146 2424 1199 τὰ
2455 1148 2751 1218 περιχαρῆ,
2775 1150 2869 1200 καὶ
2893 1146 3145 1219 λαμπρὰ,
3169 1148 3260 1201 ἐπὶ
3281 1148 3343 1200 τὸ
3372 1147 3626 1220 σκυθρω-

2048 1237 2275 1307 πότερον
2298 1238 2622 1308 μεταθεῖναι.

2567 1347 2756 1399 ῐΓ¹.--
2795 1346 2879 1412 Τῷ
2923 1347 3103 1413 αὐτῷ.

2129 1456 2147 1487 ι
2180 1436 2245 1489 Εἴ
2270 1454 2353 1499 τις
2377 1437 2452 1507 μὴ
2478 1437 2807 1508 περιτμηθῇς
2838 1438 2994 1507 φησὶ.
3024 1441 3091 1507 τῇ
3113 1438 3273 1509 ὀγδόῃ
3308 1437 3514 1508 ἡμέρᾳ,
3544 1436 3629 1502 ἐξ·

2054 1528 2532 1600 ολοθρευθήσεται.
2572 1548 2590 1579 ›
2620 1530 2756 1599 Ούχὶ
2781 1529 2841 1582 τὸ
2870 1530 3075 1584 ἄκακον
3131 1530 3225 1582 καὶ
3265 1530 3492 1598 ἀνόητον
3529 1530 3629 1599 Vr!)-

376 1637 431 1681 et
472 1628 808 1695 intelligendi
850 1628 1116 1681 facultate
1169 1626 1322 1679 nullo
1371 1627 1534 1680 modo
1583 1627 1867 1694 praaditus,
1903 1627 1947 1681 si

2071 1637 2175 1673 τιον
2206 1621 2513 1684 κολάζεται,
2570 1622 2644 1692 μὴ
2673 1621 3030 1692 περιτμηθέν·
3068 1621 3270 1691 μᾶλλον
3317 1621 3427 1690 γὰρ
3459 1620 3629 1716 ἐχρῆν

378 1719 740 1773 circumcisus
774 1732 881 1771 non
930 1717 1121 1781 fuerit,
1150 1734 1262 1771 non
1300 1718 1548 1786 punitur,
1575 1718 1670 1772 sed
1698 1726 1951 1787 parentes

378 1813 565 1881 potius
620 1811 770 1865 illius
812 1812 1144 1879 castigandi.
1192 1811 1260 1864 At
1301 1812 1413 1876 ille,
1446 1811 1520 1864 mi
1552 1810 1735 1873 homo,
1773 1810 1949 1880 punit,

380 1903 427 1957 si
455 1918 551 1972 per
584 1903 743 1957 fidem
769 1912 822 1957 et
852 1904 1163 1958 orationem
1194 1904 1622 1967 circumcidens,
1648 1918 1713 1956 ex
1738 1912 1791 1957 te
1820 1903 1953 1956 vitia

381 2010 491 2048 non
536 1996 859 2064 depuleris:
905 1994 1144 2050 infantes
1179 1997 1326 2050 enim
1382 2011 1507 2051 esse
1549 1996 1761 2050 malitia
1799 1996 1953 2065 jubet

379 2088 676 2156 Apostolus
724 2090 787 2141 η.
840 2088 1320 2145 Circumcidamus
1358 2090 1544 2159 itaque
1580 2089 1953 2159 nosmetipsos

381 2179 564 2245 gladio
608 2179 876 2249 Spiritus,
925 2180 1070 2236 diem
1102 2189 1385 2245 octavam,
1434 2181 1539 2235 hoc
1582 2192 1666 2236 est
1711 2181 1952 2235 futurunt

380 2269 640 2322 saeculum
673 2268 1053 2338 respicientes.
1089 2268 1564 2324 Circumcidamus
1586 2284 1714 2325 vero
1735 2284 1951 2324 omnem

382 2359 570 2412 carnis
620 2358 1039 2425 cogitationem,
1082 2368 1136 2411 et
1174 2373 1506 2425 sermonem,
1550 2367 1605 2413 et
1663 2374 1803 2429 opus
1849 2359 1956 2413 ini-

379 2465 575 2516 quum,
626 2465 695 2503 ne
730 2450 1140 2518 disperdamur,
1193 2458 1248 2504 et
1277 2451 1583 2505 alienemur
1615 2467 1646 2505 e
1677 2450 1856 2505 medio
1889 2450 1955 2504 il-

383 2540 491 2594 lius
521 2540 733 2611 populi,
763 2541 858 2610 qui
889 2541 1136 2594 salvatur
1163 2556 1263 2610 per
1291 2540 1599 2597 Christum.

907 2628 1051 2683 XIV.
1078 2659 1146 2669 —-
1176 2629 1384 2685 Eidem.

455 2736 475 2771 ι
518 2719 658 2775 Ecce
689 2721 834 2775 oculi
872 2720 1085 2775 Domini
1113 2734 1282 2791 super
1306 2721 1634 2776 timentibus
1662 2737 1810 2785 eum,
1833 2737 1956 2793 spec

382 2812 639 2866 rantibus
672 2828 868 2879 nempe
920 2815 974 2867 in
1027 2813 1465 2868 misericordiam
1498 2813 1646 2869 illius
1672 2815 1740 2868 ¹⁸.
1786 2834 1803 2866 ι
1848 2814 1955 2879 Qui

379 2901 651 2970 justitiam
712 2904 979 2972 consequi
1029 2919 1098 2958 ex
1154 2904 1417 2973 operibus
1473 2920 1583 2959 non
1646 2914 1952 2973 exspectat,

2051 1709 2179 1773 τοὺς
2219 1713 2395 1779 γονεῖς
2442 1711 2822 1781 τιμωρεῖσθαι.
2893 1711 3032 1763 Ἀλλ’
3072 1712 3235 1773 αὐτὸς
3288 1710 3528 1773 κολάζει,
3585 1702 3631 1762 ὦ

2052 1805 2327 1876 ἄνθρωπε,
2361 1802 2456 1856 ἐὰν
2479 1803 2554 1873 μὴ
2587 1803 2676 1856 διὰ
2698 1804 2933 1866 πίστεως
2969 1804 3064 1856 καὶ
3093 1804 3256 1873 εὐχῆς
3286 1801 3631 1873 περιτμηθῇς

2051 1899 2151 1970 τὴν
2166 1898 2383 1952 κακίαν·
2427 1894 2712 1967 νηπιάζειν
2746 1897 2856 1967 γὰρ
2888 1899 2954 1969 τῇ
2986 1896 3154 1965 κακίᾳ
3174 1895 3383 1947 κελεύει
3420 1894 3631 1948 ὁἊπό-

2053 1992 2258 2054 στολος.
2295 1990 2553 2051 Ἑαυτοὺς
2594 1989 2776 2043 τοίνυν
2828 1988 3248 2058 περιτέμνωμεν
3291 1991 3357 2056 τῇ
3386 1987 3634 2059 μαχαίρᾳ

2051 2083 2146 2138 τοῦ
2163 2082 2303 2136 Πνεύ
2314 2099 2503 2153 ματος,
2526 2080 2933 2142 ἀποϐλέποντες
2954 2083 3035 2144 εἰς
3056 2081 3154 2150 τὴν
3174 2080 3365 2150 ὀγδόην
3394 2080 3629 2150 ἡμέραν,

2052 2176 2330 2229 τουτέστιν
2356 2176 2437 2236 εἰς
2462 2173 2554 2227 τὸν
2592 2172 2849 2243 μέλλοντα
2874 2170 3067 2226 αίῶνα.
3095 2170 3556 2240 Περιτεμνώμεθα
3575 2169 3633 2221 δὲ

2054 2267 2162 2320 πᾶν
2190 2265 2449 2335 σαρκικὸν
2498 2265 2774 2333 φρόνημα,
2806 2264 2900 2315 καὶ
2929 2261 3086 2329 λόγον
3128 2260 3223 2313 καὶ
3261 2260 3423 2329 ἔργον
3461 2259 3635 2330 παρὰ·

2054 2371 2235 2425 νομον,
2272 2353 2362 2408 ἵνα
2396 2354 2471 2426 μὴ
2504 2352 2999 2422 ἑξολοθρευθῶμεν,
3035 2352 3133 2405 καὶ
3179 2350 3635 2421 ἀλλοτριωθῶμεν

2055 2448 2120 2499 ὲκ
2157 2447 2324 2516 μέσου
2360 2444 2455 2499 τοῦ
2484 2444 2617 2499 λαοῦ
2648 2445 2756 2497 τῶν
2786 2444 3109 2514 σωζομένων
3142 2444 3229 2497 διὰ
3264 2443 3526 2512 Χριστοῦ.

2582 2629 2679 2681 1Δ¹.
2714 2659 2779 2669 ——
2819 2625 2901 2691 Τῷ
2925 2625 3103 2691 αὐτῷ.

2131 2742 2149 2772 ι
2192 2722 2320 2775 Ἰδοὺ
2363 2721 2414 2774 οἱ
2440 2719 2708 2790 ὀφθαλμοὶ
2732 2718 2938 2788 Κυρίου
2979 2719 3072 2769 ἐπὶ
3106 2717 3232 2779 τοὺς
3267 2714 3636 2787 φοϐουμένους

2056 2814 2238 2873 αὐτὸν,
2270 2813 2397 2875 τοὺς
2429 2811 2748 2874 ἐλπίζοντας
2784 2810 2877 2862 ἐπὶ
2906 2809 2969 2863 τὸ
3002 2810 3147 2872 ἔλεος
3169 2808 3355 2862 αὐτοῦ.
3393 2826 3413 2859 ι
3463 2808 3523 2861 '0
3561 2808 3634 2877 μὴ

2056 2904 2373 2974 προσδοκῶν
2404 2902 2464 2966 ὲξ
2488 2902 2666 2971 ἔργων
2685 2901 3065 2970 δικαιωθῆναι,
3102 2902 3269 2971 μόνην
3297 2900 3410 2969 ἔχει
3445 2899 3635 2952 ἐλπίδα

385 2999 593 3046 tantum
634 3008 786 3062 spem
826 3008 939 3048 suae
978 2993 1176 3048 salutis
1206 2994 1260 3047 in
1286 2994 1702 3049 misericordias
1729 2995 1946 3049 Domini

2071 2996 2327 3068 ςωτηρίας
2352 2995 2478 3056 τοὺς
2507 2993 2859 3063 οίκτειρμοὺς
2888 2991 2978 3045 τοῦ
3008 2992 3165 3044 Θεοῦ’
3190 2991 3439 3060 ὅτανγὰρ
3469 2988 3634 3042 ἀκού-

383 3084 718 3139 collocavit:
759 3102 888 3140 cum
921 3087 1067 3141 enim
1108 3086 1365 3151 audierit,
1402 3088 1568 3142 Deum
1598 3103 1959 3157 unumquem-

385 3191 491 3244 que
535 3176 841 3230 secundum
889 3192 1052 3247 opcra
1099 3190 1611 3244 remuneraturum,
1665 3181 1961 3247 animoque

387 3278 575 3317 secum
609 3265 727 3333 ipse
764 3281 896 3319 suas
921 3267 1155 3320 volverit
1181 3267 1332 3321 labes
1365 3275 1421 3321 et
1446 3267 1803 3322 conscientiae
1836 3268 1960 3321 vulo

390 3369 542 3417 nera,
575 3371 765 3424 poenas
793 3357 969 3419 timet.
1002 3366 1057 3412 et
1091 3358 1260 3412 minis
1295 3359 1628 3414 absterritus
1670 3360 1959 3427 formidat;

387 3459 458 3499 ne
499 3460 630 3500 vero
668 3461 698 3500 a
738 3462 974 3503 mterore
1032 3447 1370 3515 suifocetur,
1432 3448 1490 3502 in
1545 3450 1961 3505 misericordias

386 3535 504 3603 Dei,
555 3538 818 3609 illiusque
847 3540 1245 3595 humanitatem
1296 3557 1448 3611 spem
1480 3556 1636 3597 suam
1666 3543 1959 3599 convertit.

938 3629 1057 3685 XV.
1088 3660 1160 3670 -—
1195 3630 1405 3685 Eidem.

452 3716 590 3773 Illud
624 3720 874 3789 Apostoli
911 3735 925 3772 :
974 3739 993 3772 ι
1024 3719 1085 3775 In
1120 3731 1303 3775 atomo
1329 3722 1394 3785 ",
1442 3742 1462 3775 ›
1498 3721 1776 3785 ἰάθιηθςι,
1818 3738 1884 3778 ac
1917 3726 1962 3779 si

383 3809 509 3879 quis
533 3810 697 3876 alius,
718 3811 1056 3868 indivisibile
1085 3823 1423 3869 momentum
1458 3816 1721 3884 temporis
1738 3815 1964 3871 diceret.

907 3989 958 4058 7
980 3987 1118 4043 XVI.
1146 4020 1217 4029 —
1235 3989 1440 4045 Eidem.

464 4077 729 4149 Spiritum
748 4082 1042 4151 accepisti,
1059 4084 1156 4152 qui
1179 4093 1464 4138 scrutatur
1486 4083 1579 4140 Dei
1599 4083 1873 4155 profunda
1902 4088 1965 4149 “,

387 4186 494 4226 non
550 4179 612 4224 ut
666 4170 761 4225 Dei
806 4181 1057 4226 naturam
1119 4176 1582 4243 comprehendas,
1646 4178 1726 4231 uti
1786 4186 1969 4232 mente

386 4270 580 4331 captus
612 4262 913 4319 Ennomius
942 4267 1314 4332 asseverabat,
1348 4268 1443 4321 sed
1484 4279 1542 4323 nt
1586 4270 1859 4338 profunde
1915 4282 1970 4325 et

389 4355 671 4423 sapienter
721 4356 954 4425 gloriam
1001 4356 1234 4412 Domino
1273 4360 1537 4415 exhibeas
1569 4380 1583 4416 :
1618 4378 1856 4432 namque
1888 4364 1965 4418 ait

389 4444 686 4514 Apostolus
710 4464 725 4499 :
752 4465 770 4498 ι
795 4447 1020 4517 Egomet
1047 4463 1156 4501 non
1178 4449 1421 4503 arbitror
1453 4452 1961 4520 comprehendisse,

389 4551 590 4606 sequor
634 4545 837 4604 antem,
877 4538 923 4591 si
962 4554 1073 4606 quo
1132 4538 1295 4593 modo
1338 4542 1803 4612 comprehendam
1828 4545 1891 4596 ¹⁵.
1939 4562 1957 4595 ι

909 4629 1073 4683 XVII.
1119 4659 1195 4673 —
1226 4632 1436 4689 Eidem.

461 4720 602 4786 Quid
624 4721 758 4776 illud
789 4732 913 4778 est:
956 4742 975 4774 ι
1019 4724 1132 4781 Nos
1166 4726 1505 4782 intellectum
1551 4728 1759 4784 Christi
1800 4729 1967 4783 habe~

392 4826 517 4868 mus
567 4813 709 4865 “1's
770 4812 1062 4885 Purgatam
1129 4820 1341 4873 scilicet
1371 4819 1578 4876 habens
1635 4822 1965 4890 praecipuam

395 4905 562 4959 animi
609 4916 819 4975 partem
880 4923 1049 4977 pure.
1104 4919 1160 4967 et
1214 4912 1525 4967 sublimiter
1571 4912 1871 4978 discurro,
1914 4921 1970 4969 et

395 4996 679 5065 splendide
708 4998 873 5053 vitam
907 4998 1072 5053 duco.

910 5089 1097 5145 XVIII.
1132 5122 1202 5133 -—
1240 5091 1447 5148 Eidem.

473 5179 737 5248 Spiritum
793 5185 1146 5255 accepimus,
1179 5185 1383 5239 fatetur
1419 5188 1721 5256 Apostolus
1750 5188 1815 5248 ".
1857 5204 1966 5243 non

405 5281 462 5325 nt
520 5274 889 5343 addiscamus,
952 5294 1202 5347 quaenam
1256 5279 1329 5333 sit
1389 5279 1720 5334 adamussim
1786 5281 1968 5335 divina

400 5373 614 5430 natura,
644 5366 739 5421 sed
796 5377 854 5422 ut
896 5369 1261 5440 intelligamus
1312 5372 1518 5424 infinita
1558 5372 1692 5426 bona
1739 5388 1965 5429 munera

509 5562 552 5593 ¹⁶
591 5563 755 5617 Amos
787 5582 839 5624 ν,
885 5565 936 5619 8.
1046 5565 1274 5617 “"Gen.
1320 5582 1451 5629 xvn,
1518 5568 1605 5623 14.

1722 5570 1761 5598 ¹¹
1820 5570 1832 5621 I
1862 5570 1989 5621 Cor.
2028 5586 2169 5631 nm,
2201 5568 2289 5621 ‘20'

2062 3104 2131 3161 σῃ
2149 3089 2230 3140 ὅτι
2257 3088 2284 3138 6
2322 3084 2457 3148 Θεὸς
2486 3084 2755 3138 ἀποδώσει
2778 3084 2993 3153 ἑκάστῳ
3023 3083 3162 3135 κατὰ
3193 3082 3261 3136 τὰ
3290 3082 3427 3153 ἔργα
3449 3080 3636 3145 αὐτοῦ,

2061 3180 2155 3232 καὶ
2180 3178 2464 3247 λογίσηται
2492 3175 2686 3229 ἑαυτοῦ
2717 3176 2785 3228 τὰ
2813 3175 2950 3245 ἔργα
2990 3176 3091 3244 τῆς
3127 3174 3424 3246 ἁμαρτίας,
3456 3172 3641 3241 φοϐεῖ-

2059 3286 2149 3322 ται
2182 3269 2280 3339 μὲν
2305 3267 2405 3336 τὴν
2433 3266 2675 3329 κόλασιν,
2719 3266 2815 3318 καὶ
2849 3265 3193 3334 ὑποπτήσσει
3233 3266 3346 3325 τοῖς
3378 3262 3641 3315 ἀπειλου-

2066 3360 2268 3430 μένοις.
2300 3358 2442 3429 Πρὸς
2470 3358 2527 3411 δὲ
2555 3356 2617 3409 τὸ
2668 3355 2743 3426 μὴ
2773 3355 3147 3423 καταποθῆναι
3188 3354 3291 3407 ὑπὸ
3311 3354 3410 3423 τῆς
3438 3352 3641 3422 λύπης,

2066 3450 2286 3513 εὔελπίς
2316 3451 2433 3502 ἐστι
2480 3449 2615 3519 πρὸς
2641 3448 2768 3511 τοὺς
2811 3447 3159 3517 οίκτειρμοὺς
3210 3445 3304 3498 τοῦ
3343 3444 3507 3506 Θεοῦ,
3547 3444 3645 3496 καὶ⁵

2062 3543 2125 3597 τὸ
2146 3542 2526 3613 φιλάνθρωπον
2554 3540 2895 3594 ἀποϐλέπων.

2552 3632 2652 3686 IE'.
2695 3660 2765 3671 -—
2788 3630 2873 3696 Τῷ
2894 3627 3074 3694 αὐτῷ.

2136 3727 2210 3779 Τὸ
2238 3724 2525 3797 εἰρημένον
2548 3722 2652 3775 ὑπὸ
2678 3721 2771 3775 τοῦ
2812 3721 3169 3775 ’Δποστύλου·
3202 3738 3222 3772 r
3254 3719 3343 3772 Ἐν
3373 3718 3586 3787 ἀτόμῳ,
3617 3734 3640 3768 s

2065 3820 2128 3874 τὸ
2164 3820 2427 3888 ἄτμητον,
2488 3816 2564 3880 ὡς
2601 3816 2666 3870 ἄν
2720 3832 2805 3879 τις
2869 3815 3034 3880 εἴποι,
3074 3814 3172 3866 καὶ
3223 3813 3509 3881 ἀκαριαῖον
3546 3807 3650 3862 τοῦ

2069 3912 2265 3983 χρόνου
2296 3910 2467 3980 δηλοῖ.

2564 4000 2683 4067 Ιίῗ.
2710 4031 2781 4045 -
2822 3998 2907 4064 Τῷ
2924 3996 3105 4063 αὐτῷ.

2143 4099 2218 4152 Τὸ
2249 4096 2483 4167 Πνεῦμα
2521 4094 2734 4159 ἔλαϐες,
2761 4092 2822 4145 τὸ
2851 4091 3105 4163 ἐρευνοῦν
3138 4090 3237 4143 καὶ
3263 4087 3331 4141 τὰ
3371 4084 3510 4154 βάθη
3546 4082 3649 4137 τοῦ

2073 4186 2235 4247 Θεοῦ,
2269 4185 2367 4255 οὐχ
2393 4184 2482 4236 ἴνα
2506 4180 2818 4251 καταλάϐῃς
2846 4178 3008 4248 φύσιν
3034 4177 3193 4236 Θεοῦ,
3224 4175 3300 4238 ὠς
3335 4174 3485 4242 λέγει
3533 4172 3648 4224 Εὑ-

2072 4281 2257 4350 νόμιος
2282 4280 2310 4331 6
2336 4273 2652 4347 παραπλὴξ,
2675 4272 2891 4326 ἀλλ’ἵνα
2915 4271 3123 4340 βαθέως
3154 4268 3247 4321 καὶ
3278 4266 3457 4335 σοφῶς
3485 4266 3652 4331 δοξά-

2070 4371 2169 4442 Cn;
2204 4369 2296 4422 τὸν
2325 4367 2558 4439 Κύριονο
2588 4364 2722 4435 φησὶ
2744 4363 2852 4433 γὰρ
2882 4363 2910 4413 ὁ
2947 4360 3293 4424 Ἀπόστολος,
3337 4359 3419 4411 ὃτι
3446 4376 3466 4409 ι
3502 4354 3653 4423 Ἐγὼ

2072 4461 2227 4514 οὔπω
2262 4458 2549 4528 λογίζομαι
2608 4454 3019 4526 κατειληφέναι,
3056 4451 3239 4507 διώκω
3265 4450 3343 4515 δὲ,
3375 4449 3492 4518 εἴγε
3551 4447 3655 4501 καὶ

2072 4551 2387 4607 καταλάϐω.
2434 4569 2454 4603 ι

2646 4642 2743 4692 IZ'.
2775 4638 2859 4704 Τῷ
2906 4638 3088 4702 αὐτῷ.

2147 4736 2213 4789 Τί
2234 4738 2383 4788 ἐστιν
2414 4750 2427 4762 ·
2471 4752 2488 4784 ι
2521 4734 2711 4802 Ἡμεῖς
2745 4731 2868 4783 νοῦν
2908 4728 3146 4801 Χριστοῦ
3203 4728 3431 4799 ἐχομενς
3462 4746 3481 4778 ι
3515 4727 3657 4778 Του-

2071 4828 2242 4889 τιὲστι⁹
2281 4825 2707 4896 Κεκαθαρμένον
2733 4824 2872 4894 ἔχων
2910 4823 2971 4875 τὸ
2996 4820 3345 4893 ἡγεμονικὸν,
3393 4818 3656 4886 καθαρῶς

2073 4936 2155 4983 τε,
2191 4918 2288 4971 καὶ
2348 4915 2567 4987 ὑψηλῶς
2625 4912 2964 4982 διανοοῦμαι,
3031 4912 3126 4963 καὶ
3174 4906 3445 4979 λαμπρῶς
3496 4906 3655 4959 πολι-

2072 5008 2322 5079 τεύομαι.

2612 5097 2718 5151 IH’.
2740 5127 2812 5138 —
2835 5095 2919 5160 Τῷ
2944 5093 3124 5158 αὐτῷ.

2146 5193 2221 5246 Τδ
2260 5190 2484 5261 Πνεῦμα
2522 5189 2841 5258 εἰλήφαμεν,
2900 5184 3081 5247 καθὼς
3104 5187 3133 5238 6
3180 5183 3518 5244 Ἀπόστολος.
3553 5181 3655 5251 οὐχ

2076 5287 2162 5340 ἵνα
2190 5282 2532 5351 ἐπιστάμεθα
2554 5282 2635 5343 τίς
2669 5281 2785 5332 ἐστι
2811 5280 2952 5332 κατὰ
2980 5279 3080 5347 τὴν
3124 5276 3410 5347 ἀκρίϐειαν
3436 5275 3470 5338 ἡ
3488 5273 3654 5340 φύσις

2073 5375 2166 5429 τοῦ
2199 5374 2358 5439 Θεοῦ,
2389 5372 2502 5427 ἀλλ’
2538 5373 2624 5425 ἴνα
2652 5372 2932 5441 νοήσωμεν
2963 5368 3031 5422 τὰ
3070 5369 3175 5421 ὑπὸ
3213 5365 3308 5419 τοῦ
3334 5364 3469 5417 Θεοῦ
3494 5378 3658 5433 χαρι-

2408 5570 2448 5598 ¹²
2474 5567 2621 5624 I‘sal.
2654 5581 2849 5631 sum,
2881 5564 2966 5624 I8.
3079 5565 3132 5596 “
3165 5563 3183 5618 l
3222 5563 3350 5620 Cor.
3415 5580 3506 5629 xv,
3556 5565 3649 5619 52.

409 5632 505 5689 “I
547 5633 671 5700 Dor,
704 5650 762 5701 ιι,
791 5634 873 5690 I0.
952 5636 992 5667 ”
1018 5634 1252 5705 Philipp.
1286 5652 1367 5702 ut,
1400 5637 1481 5691 12.
1564 5638 1791 5695 "lCot‘.
1823 5656 1883 5704 tt,
1936 5640 2019 5693 I6.
2063 5641 2105 5671 ”
2138 5639 2270 5695 Ibid.
2310 5640 2393 5695 I2.
