3822 6216
154 190 221 250 89
1387 197 1928 264 EPISTULARUM
1954 204 2102 265 LIB.
2143 205 2195 265 I.
3355 198 3429 283 9D

154 325 350 377 σθέντα
379 326 517 394 ή⁴μῐν
550 327 720 396 μυρία
747 327 929 396 ἀγαθά
955 328 1278 401 δωρήματα,
1315 331 1461 402 άπερ
1495 334 1590 387 καὶ
1615 334 1734 388 δια-

1879 322 2001 374 obis
2058 337 2089 374 a
2141 322 2253 377 Deo
2307 319 2530 387 tradita,
2570 334 2694 391 qua
2734 318 3146 375 addiscentibus
3199 318 3431 390 exponi-

150 418 419 489 λεγόμεθα
472 422 588 483 τοῖς
620 420 1099 492 μαθητενομένοις.

685 510 790 565 ΙΘ’.
822 540 891 550 -
921 511 1007 576 Τῷ
1029 511 1211 577 αὐτῷ.

219 598 347 661 Πῶς
380 600 451 654 ἂν
490 599 584 653 καὶ
620 600 834 671 ὐπὲστη
881 602 1003 655 τόδε
1045 602 1109 655 τὸ
1154 601 1324 672 πᾶνὴ
1362 603 1617 672 συνέστη,
1658 604 1736 677 μὴ

150 690 286 744 Θεοῦ
317 692 389 745 τὰ
431 693 615 747 πάντα
661 693 759 747 καὶ
813 692 1200 759 οὐσιώσαντος,
1249 695 1347 748 καὶ
1383 696 1734 765 συνέχοντος;

151 784 285 837 Οὐδὲ
302 784 412 854 γάρ
437 785 671 856 κιθάραν
700 805 785 850 τις
813 786 956 858 ὁρῶν
982 788 1245 841 κάλλιστα
1270 788 1612 858 ἠσκημένην,
1641 788 1739 841 καὶ

151 878 248 948 τὴν
284 878 494 950 ταύτης
531 880 923 951 εὐαρμοστίαν,
954 882 1049 933 καὶ
1071 880 1347 947 εὐταξίαν,
1378 881 1411 951 ὴ
1437 883 1535 951 τῆς
1575 880 1737 933 κιθα-

156 968 354 1038 ρῳδίας
405 970 585 1040 αὐτῆς
638 970 853 1024 ἀκούων
884 971 1014 1025 ἀλλο
1052 990 1126 1035 τι,
1157 971 1190 1043 ἢ
1220 972 1313 1025 τὸν
1355 973 1456 1043 τῆς
1503 971 1738 1039 κιθάρας

150 1058 485 1130 δημιουργὸν
538 1061 636 1113 καὶ
677 1060 770 1114 τὸν
799 1061 1101 1132 κιθαρῳδὸν
1154 1062 1405 1133 ὲννοήσῃ,
1453 1061 1549 1115 καὶ
1600 1060 1739 1132 πρὸς

153 1151 313 1203 αὑτὸν
364 1152 763 1224 ἀναδραμεῖται
796 1156 863 1223 τῇ
895 1153 1127 1224 διανοίᾳ,
1175 1153 1285 1208 κᾶν
1337 1152 1549 1221 ἀγνοῶν
1600 1150 1739 1224 τύχῃ

151 1242 265 1303 ταῖς
289 1240 506 1309 ὄψεσιν.
545 1241 704 1294 Οῦτω
734 1243 829 1295 καὶ
854 1243 986 1312 ἡμῖν
1011 1242 1074 1295 τὸ
1105 1242 1390 1314 ποιητικὸν
1417 1242 1598 1313 δῆλον,
1646 1243 1740 1295 καὶ

148 1332 442 1397 τδκινοῦν,
476 1333 573 1387 καὶ
628 1334 833 1404 τηροῦν
877 1335 947 1389 τὰ
996 1336 1369 1406 πεποιημένα,
1425 1333 1531 1389 κᾶν
1574 1332 1650 1406 μὴ
1669 1337 1737 1406 τῇ

149 1425 354 1497 διανοίᾳ
390 1445 461 1480 πε
471 1428 894 1498 ριλαμσάνηται.

687 1694 774 1749 Κ’.
812 1723 883 1735 -
903 1692 995 1759 Τῷ
1010 1692 1191 1759 αὐτῷ.

218 1785 376 1855 Τάχα
402 1786 471 1839 οὐ
506 1787 670 1856 μόνον
700 1786 808 1841 ἀπὸ
837 1787 932 1839 τοῦ
961 1787 1287 1856 νικήσαντος
1318 1784 1609 1858 ἀνθρώπου
1629 1784 1738 1853 ἀφ-

151 1877 402 1930 ίστανται
454 1878 598 1949 πρὸς
642 1878 835 1949 καιρὸν
865 1877 1234 1947 οίπειρασταὶ
1290 1877 1562 1948 δαίμονες,
1600 1874 1741 1930 ἀλλά

148 1967 242 2019 καὶ
272 1967 386 2020 άπὸ
414 1967 513 2020 τοῦ
556 1968 906 2038 ἡττηθέντος,
954 1967 1089 2020 διότι
1115 1963 1154 2020 δ’
1178 1966 1311 2030 Θεὸς
1340 1965 1741 2037 προνοούμενος

147 2060 240 2113 τοῦ
272 2060 408 2112 ίδίου
454 2060 800 2131 πλάσματος,
849 2058 1065 2113 δίδωσιν
1093 2059 1319 2131 ἀνοχὴν,
1346 2059 1441 2113 καὶ
1470 2058 1740 2127 ἀνάψυξιν

150 2151 337 2218 ὀλίγην
372 2151 453 2223 τῷ
477 2153 842 2222 νενικημένῳ,
876 2152 966 2206 ἴνα
1004 2150 1208 2223 δυνηθῇ
1249 2152 1609 2216 ἀναπνεῦσαι,
1644 2151 1742 2205 καὶ

153 2245 405 2311 συλλέξαι
448 2245 551 2309 τάς
592 2246 798 2309 οἰκείας
825 2245 1107 2315 δυνάμεις,
1150 2246 1250 2299 καὶ
1292 2245 1455 2301 πάλιν
1506 2247 1741 2316 ἀντᾶραι

150 2343 335 2410 χεῖρας
358 2338 507 2393 κατά
530 2339 642 2394 τῶν
663 2339 993 2393 ἀντιπάλων.

690 2433 824 2485 KA'.
852 2461 897 2471 -
918 2431 1003 2498 Τῷ
1023 2430 1205 2496 αὐτῷ.

231 2545 251 2577 ι
292 2526 364 2579 Ἦ
400 2526 552 2595 ψυχὴ
597 2525 753 2596 ἡμῶν
809 2526 1074 2596 ὑπομενεῖ
1108 2522 1186 2595 τῷ
1223 2522 1437 2593 Κυρίῳ,
1487 2522 1571 2575 ὅτι
1614 2519 1742 2589 βοη-

151 2617 268 2682 θὸς,
334 2617 437 2670 καὶ
488 2616 905 2688 ὑπερασπιστὴς
942 2616 1103 2687 ἡμῶν
1125 2618 1264 2669 ἐστι.
1295 2634 1314 2667 ι
1377 2614 1738 2685 Παράκλησιν

152 2709 257 2777 ἔχει
284 2710 434 2779 πρὸς
477 2709 804 2778 ὑπομονὴνὸ
832 2709 1011 2777 λόγος,
1046 2708 1212 2768 ὥστε,
1246 2706 1348 2761 κάν
1384 2723 1515 2759 ποτε
1564 2721 1739 2758 κατα-

151 2798 466 2869 λειφθῶμεν
503 2800 609 2853 ὐπό
628 2818 772 2857 τινος
804 2800 914 2854 τῶν
943 2799 1319 2861 ὲκθλιὸόντων,
1352 2798 1428 2869 μὴ
1454 2796 1734 2868 χωρισθῆ-

150 2910 231 2946 ναι
254 2895 371 2946 ἀπὸ
402 2893 508 2963 τῆς
530 2892 752 2963 ἀγάπης
785 2892 876 2945 τοῦ
921 2892 1080 2958 Θεοῦ,
1109 2891 1211 2961 τῆς
1232 2892 1291 2943 ἐν
1311 2890 1532 2960 Χριστῷ
1562 2888 1742 2961 Ἰησοῦ

153 2984 225 3053 τῷ
246 2984 451 3055 Κυρίῳ
508 2983 692 3055 ἡμῶν,
720 2983 834 3037 ἀλλ’
860 2983 957 3055 ὅλῃ
1006 2983 1154 3054 ψυχῇ
1207 2980 1503 3051 ὑπομένειν
1523 2979 1591 3033 τά
1623 2981 1743 3034 ὲπί-

154 3095 308 3141 πονα,
368 3076 476 3147 τὴν
505 3078 659 3147 παρά
704 3075 840 3129 Θεοῦ
872 3076 1127 3146 βοήθειαν
1160 3075 1555 3145 ἁναμὲνοντας.

615 3168 746 3228 KB'.
773 3200 842 3211 —
874 3168 1263 3237 ΜΑΡΚΙΑΝῼ.

231 3263 492 3327 Ἀνάξιος
530 3260 629 3325 ὢν,
658 3262 951 3315 πίστευσον
980 3259 1244 3328 σωθῆναι·
1282 3259 1609 3328 ἀναίσθητος
1647 3259 1743 3325 ὢν,

156 3354 225 3423 μὴ
246 3354 641 3424 προσδοκήσῃς
658 3352 917 3423 σωθῆναι.
945 3349 1221 3416 Ἀναξίους
1237 3348 1743 3419 εὐγνωμονοῦντας,

151 3450 243 3502 καὶ
280 3449 387 3501 ἐπὶ
418 3447 573 3517 πάσῃ
604 3445 782 3512 θλίψει
824 3443 1289 3515 εὐχαριστοῦντας
1321 3444 1483 3508 ἐλεεῖ,
1515 3445 1609 3499 καὶ¹
1639 3446 1746 3497 σώ-

152 3540 229 3603 ζει
258 3541 288 3592 ὁ
344 3538 731 3610 φιλάνθρωπος
777 3538 934 3604 Θεὸς,
985 3537 1090 3592 κᾶν
1148 3537 1313 3608 μέχρι
1352 3536 1576 3607 βαθείας
1628 3536 1742 3590 τῶν

153 3634 342 3688 καλῶν
374 3632 660 3701 φθάσωσιν
708 3629 1094 3698 ἀπογνώσεωςο
1146 3632 1275 3694 τοὺς
1302 3630 1347 3683 δ’
1387 3628 1748 3699 ἀναισθήτους

150 3728 247 3779 οὐκ
279 3726 454 3779 ἐλεεῖ.
485 3723 657 3787 Τίςδέ
689 3726 838 3777 εστιν
864 3723 894 3775 6
914 3722 1263 3793 ἀναίσθητος,
1298 3724 1346 3776 εί
1386 3722 1513 3792 μὴὸ
1538 3721 1615 3794 μὴ
1653 3721 1748 3775 θέ-

152 3818 258 3873 λων
294 3816 643 3887 ὁμολογῆσαι
686 3814 1049 3884 εὐγνωμόνως
1091 3814 1261 3885 μυρία
1309 3812 1747 3885 εὐεργετεϊσθαι,

155 3910 246 3963 καὶ
302 3906 647 3978 ὠφελεῖσθαι
676 3906 769 3958 τὸν
816 3907 1022 3976 κόσμον
1079 3905 1171 3959 διὰ
1200 3907 1299 3977 τῆς
1339 3906 1432 3959 τοῦ
1468 3905 1746 3960 Δεσπότου

156 4000 399 4074 Χριστοῦ
433 4000 729 4072 ὁμολογίας
744 4016 761 4065 ;

734 4177 840 4232 Kl"
857 4216 874 4233 .
902 4175 987 4242 Ἧῷ
1016 4175 1199 4242 αὐτῷ.

226 4272 333 4336 Τὸ,
369 4289 390 4322 ‹
423 4269 620 4322 Ἕθετο
649 4267 842 4331 σκότος
886 4268 1215 4339 ἀποκρυφὴν
1255 4269 1449 4333 αὐτοῦ,
1493 4289 1514 4324 ι
1575 4272 1636 4325 ὲν
1673 4270 1751 4342 τῷ

2393 502 2536 557 XIX.
2560 532 2633 545 —-
2660 501 2871 555 Eidem.

1915 597 2168 664 Quanam
2201 596 2417 651 ratione
2446 596 2764 650 universum
2792 594 2897 647 hoc
2920 602 3014 647 aut
3039 591 3307 657 substitit,
3333 600 3431 647 aut

1842 690 2143 747 conﬂatum
2173 699 2294 755 est,
2325 689 2371 744 si
2396 704 2507 744 non
2535 687 2795 742 omnibus
2820 685 2988 747 Deus,
3020 694 3081 738 ut
3107 684 3239 744 sint.
3269 682 3431 737 exhio

1844 783 2079 848 buisset,
2142 793 2199 837 et
2265 781 2616 852 postmodum
2697 780 2967 833 continuo
3026 777 3435 832 conservaret?

1842 874 2031 943 Neque
2074 876 2218 929 enim
2278 872 2548 943 quispiam
2604 872 2874 926 citharam
2926 872 3131 939 optime
3178 869 3434 923 substru-

1844 977 1990 1022 ctam
2022 966 2395 1037 conspiciens.
2424 973 2478 1020 et
2502 964 2652 1020 illius
2674 971 2999 1019 concentum
3025 970 3075 1015 et
3100 963 3435 1016 concinnum

1843 1057 2117 1125 ordinem,
2166 1065 2221 1113 et
2256 1058 2496 1112 musicas
2530 1064 2691 1110 notas
2733 1055 2960 1109 auribus
3002 1053 3061 1123 8
3119 1066 3436 1121 usurpans,

1845 1152 2014 1205 alium
2061 1150 2371 1219 quempiam
2398 1187 2415 1212 ,
2460 1162 2624 1217 quam
2668 1146 2897 1201 citharae
2939 1146 3213 1213 opilicem,
3246 1151 3302 1198 et
3352 1142 3437 1197 ci-

1845 1243 2132 1297 tharistam
2164 1241 2345 1310 ipsum
2382 1239 2489 1294 sibi
2529 1238 2963 1308 repraesentabit,
2998 1245 3053 1290 et
3102 1234 3437 1305 cogitatione

1846 1332 1913 1387 ad
1966 1348 2113 1396 eum,
2170 1331 2299 1385 licet
2343 1329 2519 1384 oculis
2561 1328 2820 1393 invisum,
2873 1326 3116 1380 accedet.
3160 1324 3277 1378 Non
3330 1323 3437 1377 alia

1846 1425 2061 1478 ratione
2103 1423 2267 1479 nobis
2309 1420 2572 1485 creatrix,
2606 1432 2853 1483 movens,
2878 1425 2933 1471 et
2964 1431 3143 1469 rerum
3175 1414 3433 1468 condita~

1845 1531 1970 1569 rum
2001 1514 2378 1569 conservatrix
2406 1526 2574 1566 causa
2607 1509 2926 1573 innotescit,
2975 1507 3103 1562 licet
3130 1521 3249 1560 eam
3276 1504 3437 1560 intel-

1849 1608 2069 1679 ligentia
2095 1621 2206 1660 non
2238 1603 2791 1675 comprehendamus.

2408 1696 2528 1750 XX.
2562 1725 2634 1737 ——
2668 1695 2877 1749 Eidem.

1923 1793 2085 1849 Forte
2117 1807 2226 1846 non
2262 1798 2477 1845 tantum
2515 1789 2584 1843 ab
2628 1788 2875 1845 homine.
2922 1785 3014 1854 qui
3050 1799 3151 1853 pro
3193 1790 3438 1851 tempore

1846 1886 2141 1941 victoriam
2169 1892 2506 1938 consecutus
2533 1888 2655 1946 est,
2694 1881 2974 1933 daemones
3008 1883 3285 1930 tentantes
3313 1887 3440 1942 pro-

1846 1980 2164 2049 ripiuntur,
2228 1976 2325 2031 sed
2379 1975 2544 2027 etiam
2592 1988 2623 2025 a
2680 1974 2823 2025 victo
2872 1976 2927 2023 et
2981 1968 3235 2022 subacto.
3290 1963 3439 2018 Deus

1847 2071 2020 2137 enim,
2051 2070 2137 2123 sui
2176 2067 2363 2139 operis
2394 2080 2582 2121 curam
2614 2078 2836 2133 gerens,
2863 2058 3117 2115 concedit
3163 2057 3436 2118 inducias.

1847 2162 2233 2231 modicamque
2265 2160 2409 2213 victo
2437 2155 2967 2226 interspirationem,
2999 2160 3079 2213 ut,
3107 2149 3308 2203 animis
3338 2163 3432 2202 re-

1848 2256 2108 2327 sumptis,
2147 2262 2201 2309 et
2252 2250 2495 2323 propriis
2543 2247 2759 2303 viribus
2808 2245 3119 2302 recollectis
3170 2242 3438 2296 adversus

1850 2351 2039 2406 hostes
2070 2361 2309 2419 pugnam
2349 2357 2617 2399 renovare
2655 2340 2849 2412 possit.

2400 2435 2543 2493 XXI.
2574 2466 2646 2477 —
2676 2433 2883 2488 Eidem.

1926 2555 1946 2590 ι
1988 2535 2187 2590 Anima
2246 2540 2435 2588 nostra
2499 2527 2844 2598 exspectabit
2901 2522 3230 2584 Dominum,
3295 2532 3440 2587 quo-

1848 2630 1995 2685 niam
2039 2629 2259 2697 adjutor
2284 2634 2338 2679 et
2364 2632 2640 2694 protector
2679 2627 2868 2675 noster
2896 2625 2982 2671 est
3009 2615 3072 2666 η.
3112 2630 3130 2665 ι
3178 2608 3440 2665 Hortatur

1848 2737 1953 2778 nos
1982 2720 2051 2775 ad
2083 2717 2432 2774 tolerantiam
2468 2726 2685 2775 sermo,
2719 2710 2793 2763 ita
2845 2716 2925 2772 ut,
2978 2706 3026 2759 si
3087 2700 3315 2773 quando
3368 2698 3440 2751 ab

1851 2813 2038 2883 aliquo
2092 2826 2162 2865 ex
2209 2806 2583 2878 afﬂigentibus
2633 2816 2735 2856 nos
2784 2799 3174 2859 destituamur,
3241 2806 3311 2846 ne
3363 2790 3435 2844 ab

1851 2920 2043 2959 amore
2071 2901 2188 2967 Dei,
2221 2900 2317 2971 qui
2343 2905 2430 2953 est
2452 2898 2508 2950 in
2540 2894 2764 2949 Christo
2789 2888 2917 2944 .Iesu
2953 2887 3184 2941 Domino
3219 2893 3435 2942 nostro.

1798 3047 1815 3069 ,
1851 3006 2206 3063 separemur;
2238 2970 2336 3042 sed
2378 2992 2493 3038 toto
2522 2981 2694 3036 corde
2729 2977 3003 3033 laboriosa
3058 2970 3390 3029 suﬂ'eramus
3415 3007 3433 3034 ,

1846 3086 2095 3141 divinum
2127 3078 2394 3136 auxilium
2426 3080 2833 3145 exspectantes.

2289 3164 2455 3221 XXII.
2482 3193 2552 3203 —
2580 3153 2961 3214 MARCIANO.

1917 3263 2177 3333 Indignus
2203 3260 2300 3315 es?
2352 3256 2516 3313 crede
2555 3263 2611 3309 te
2641 3261 2919 3308 servatum
2950 3247 3040 3300 iri.
3073 3241 3236 3297 Nullo
3265 3253 3435 3296 sensu

1847 3353 1951 3408 es?
1988 3366 2139 3421 spem
2188 3363 2406 3403 omnem
2440 3344 2638 3400 salutis
2670 3341 2865 3409 abjice.
2894 3336 3176 3407 Indignus,
3206 3334 3254 3387 si
3285 3337 3436 3385 recta

1849 3456 2029 3502 mente
2056 3447 2185 3508 sint,
2210 3452 2266 3499 et
2298 3444 2354 3496 in
2390 3441 2541 3495 omni
2577 3435 2877 3491 afﬂictione
2919 3430 3130 3502 gratias
3178 3424 3434 3487 reddant,

1850 3539 2170 3600 miseretur,
2202 3549 2411 3604 eosque
2445 3539 2630 3588 servat
2678 3527 3053 3599 perhumanus
3088 3520 3262 3583 Deus,
3306 3516 3436 3571 licet

1851 3631 2002 3686 nulla
2030 3643 2215 3684 rerum
2260 3624 2674 3696 exspectatione
2725 3619 3013 3674 meliorum
3066 3619 3428 3681 occupentur.

1849 3723 1907 3793 9
1957 3723 2162 3777 Eorum
2218 3733 2350 3774 vero
2398 3716 2493 3787 qui
2528 3715 2737 3782 absque
2764 3724 2934 3766 sensu
2960 3714 3091 3761 sunt
3119 3702 3436 3756 miseretur.

1852 3815 2027 3880 Quem
2072 3821 2259 3867 autem
2291 3822 2490 3864 sensus
2529 3800 2790 3873 sull‘ugit?
2836 3812 2962 3855 eum
3013 3794 3279 3857 omnino,
3338 3788 3437 3859 qui

1849 3915 2041 3976 gratus
2084 3918 2148 3957 ac
2174 3914 2383 3956 memor
2417 3898 2834 3952 innumerorum
2879 3887 3274 3945 beneﬁciorum
3324 3895 3435 3935 non

1849 3972 1957 4063 est,
2007 4009 2110 4050 nec
2164 3992 2461 4048 conﬁtetur
2522 4000 2740 4042 summa
2804 3979 3097 4037 commoda
3164 3972 3438 4030 mundum

1851 4088 2135 4159 accepisse
2164 4100 2265 4156 per
2290 4080 2497 4138 Christi
2528 4076 2744 4131 Domini
2778 4070 3221 4129 concessionem.

2372 4170 2565 4227 XXIII.
2592 4200 2663 4210 —-
2694 4167 2906 4221 Eidem.

1928 4289 1949 4324 ι
1995 4268 2189 4325 PoSuit
2217 4265 2475 4323 tenebras
2500 4262 2796 4317 latibulum
2832 4271 2994 4314 suum
3028 4254 3095 4319 ¹⁹,
3139 4272 3158 4305 ι
3206 4247 3438 4323 quodin

158 4362 617 4432 ἑπτακαιδεκάτῳ
666 4360 870 4431 ψαλμῷ
922 4361 1256 4432 εἰρημένον,
1297 4363 1359 4416 τὸ
1402 4341 1745 4435 δυσκατάληέ

1879 4365 2070 4421 lecimo
2095 4362 2332 4434 septimo
2357 4359 2572 4430 psalmo
2607 4354 2828 4426 legitur,
2879 4352 3111 4421 abyssos
3156 4345 3252 4400 Dei
3287 4341 3440 4414 judi-

161 4474 312 4519 πτον,
349 4455 448 4509 καὶ
475 4453 710 4520 ἀσαφὲς,
749 4454 843 4505 καὶ
878 4452 1296 4525 ἀνεξερεύνητον
1343 4454 1454 4511 τῶν
1497 4454 1745 4510 ἀϐύσσων

1879 4464 2071 4517 :iorum
2130 4454 2447 4512 reconditas
2480 4465 2661 4519 neque
2691 4440 3089 4516 comprehendi
3133 4450 3315 4508 neque
3347 4434 3439 4489 in—

159 4546 403 4617 τοῦΘεοῦ
429 4545 718 4616 χριμάτων
755 4545 1109 4615 ὑπεμφαίνει.

687 4637 815 4690 ΚΔ’.
850 4666 924 4676 —
952 4636 1036 4700 Τῷ
1055 4635 1241 4701 αὐτῷ.

241 4725 569 4797 Ἠρὼτησάς
630 4742 698 4795 με
729 4764 745 4787 ,
780 4722 927 4778 διατί
986 4724 1204 4795 πρῶτον
1248 4723 1355 4791 ἔξω
1402 4724 1503 4788 τὰς
1562 4727 1750 4799 χεῖρας

162 4820 500 4888 νιπτόμενοι,
552 4816 727 4880 οὕτως
783 4817 1147 4888 εἰσερχόμεθα
1217 4818 1298 4880 εἰς
1345 4810 1495 4871 οἷκον
1543 4818 1750 4890 Κυρίου

166 4909 595 4981 προσεύξασθαι.
639 4909 754 4980 Πρὸ
805 4908 901 4961 τοῦ
957 4908 1219 4980 αἰσθητοῦ
1263 4909 1324 4962 τὸ
1370 4909 1559 4981 νοητὸν
1604 4909 1752 4964 διδά-

168 5019 317 5057 σκου.
338 5002 557 5071 ’Ὠσπερ
586 4999 695 5071 γὰρ
720 5000 799 5069 τῷ
821 4999 972 5054 ῦδατι
1003 5000 1311 5076 ἀποπλύνει
1333 5003 1461 5066 τοὺς
1512 5019 1751 5071 σωματι-

166 5096 293 5157 mia;
318 5093 551 5163 ῥύπους,
587 5091 733 5145 οὕτω
758 5092 847 5145 διὰ
870 5095 968 5164 τῆς
987 5092 1157 5163 εὐχῆς
1182 5094 1280 5165 τὴν
1303 5094 1483 5168 ψυχὴν
1538 5096 1751 5168 ἔκλαμ-

168 5186 382 5257 πρύνει.
439 5184 633 5248 Οὐδεὶς
696 5184 806 5255 γὰρ
872 5184 1158 5256 ἄνθρωπος
1220 5187 1461 5259 καθαρὸς
1517 5188 1753 5261 ὑπάρχει

170 5278 577 5348 πλημμελείας,
621 5277 724 5330 κάν
762 5278 969 5347 Μωῦσῇ
1017 5278 1209 5348 ἐκείνῳ
1234 5279 1310 5350 τῷ
1336 5280 1557 5350 μεγάλῳ
1599 5299 1755 5351 νομο-

173 5370 298 5441 θέτῃ
319 5368 598 5439 ἁμιλληθῇ
619 5386 705 5431 τις
723 5367 802 5437 τῷ
823 5367 945 5438 βίῳ.
978 5370 1181 5432 Πάντες
1204 5365 1299 5422 οὖν
1326 5370 1422 5424 ἄνθ
1432 5388 1603 5440 ρωποι
1629 5372 1750 5426 καθ’

175 5463 408 5531 ἑκάστην
443 5460 723 5531 χρῄζομεν
749 5461 861 5513 τῶν
894 5461 961 5513 δι’
995 5462 1160 5532 εὐχῆς
1189 5461 1505 5534 καθαρσίων
1527 5480 1544 5498 ·
1579 5466 1612 5535 ἡ
1643 5464 1751 5538 γὰρ

251 5638 451 5696 “Psal.
497 5656 670 5707 usu,
710 5640 799 5694 20.
877 5641 920 5672 ¹⁹
959 5640 1102 5699 l’sal.
1133 5655 1266 5712 xvn,
1300 5642 1385 5700 l2.

1858 4550 2115 4623 vestigari
2144 4562 2313 4620 posse
2334 4541 2626 4615 signiﬁcat.

2376 4629 2570 4686 XXIV.
2600 4660 2669 4671 —
2699 4626 2911 4683 Eidem.

1925 4725 2142 4785 Petiisti
2175 4741 2206 4780 a
2249 4740 2372 4788 me,
2423 4734 2723 4793 quamnam
2756 4718 2829 4772 ob
2882 4728 3109 4771 causam
3139 4710 3291 4766 foras
3322 4722 3443 4763 ma-

1856 4837 1964 4877 nus
1993 4819 2273 4876 abluimus
2292 4856 2308 4879 ,
2338 4814 2691 4886 postmodum
2740 4810 2798 4865 in
2824 4809 3047 4865 domum
3079 4804 3174 4858 Dei
3198 4801 3442 4857 adoran-

1856 4915 1988 4970 dum
2029 4912 2353 4967 introimus.
2389 4907 2597 4963 Discito
2626 4921 2725 4977 per
2759 4903 2813 4957 id
2849 4898 2993 4971 quod
3040 4911 3208 4954 sensu
3261 4891 3443 4963 perci-

1857 5009 2027 5078 pitur.
2061 5006 2115 5060 id
2145 5004 2292 5074 quod
2318 5003 2373 5056 in
2404 5001 2747 5056 intellectum
2772 4994 2922 5051 cadit
2950 4989 3207 5046 indicari.
3243 4985 3445 5052 Quem-

1859 5098 2153 5153 admodum
2208 5096 2356 5151 enim
2409 5109 2555 5162 aqua
2584 5104 2864 5161 corporeae
2907 5085 3099 5140 sordes
3126 5093 3443 5151 expurgan-

1861 5200 1974 5251 tur.
2006 5191 2079 5243 ita
2110 5203 2208 5259 per
2229 5187 2537 5243 orationem
2558 5184 2778 5238 animus
2803 5176 3141 5250 splendidior
3170 5172 3439 5228 redditur.

1858 5280 2034 5337 Nemo
2082 5280 2229 5335 enim
2287 5278 2571 5333 hominum
2625 5288 2800 5345 purus
2844 5280 2930 5327 est
2979 5285 3011 5323 a
3074 5282 3257 5330 noxa,
3311 5264 3444 5318 licet

1859 5388 2119 5444 magnum
2147 5372 2299 5425 illum
2332 5372 2510 5440 legum
2538 5370 2767 5423 latorem
2801 5365 3039 5436 Moysem
3072 5363 3198 5416 vitae
3227 5358 3443 5413 ratione

1857 5468 2166 5521 mniuletur.
2196 5463 2403 5520 Omnes
2433 5464 2621 5533 itaque
2665 5458 2919 5515 homines
2964 5455 3164 5515 diebus
3201 5448 3441 5523 singulis
