3822 6216
386 177 449 249 9i
1893 177 1957 245 S.

2100 182 2161 243 LI
3590 175 3665 241 92

384 294 661 361 oratione.
713 310 836 365 qua:
889 293 1044 349 labes
1087 295 1299 365 expiet,
1362 295 1674 367 indigemus

387 386 590 456 quippe
637 386 1169 456 superadvenientes
1232 388 1396 442 nobis
1454 388 1648 444 sordes
1694 388 1983 443 universas

388 481 625 551 extergit
663 498 676 535 :
707 488 762 534 et
802 481 1050 551 primum
1082 479 1302 550 quidem
1336 480 1390 535 in
1412 482 1641 537 exordio
1667 480 1789 536 lldei
1814 480 1983 536 semel

389 569 575 624 divino
594 570 922 640 baptismate
937 570 1106 626 abluti
1125 586 1338 638 sumus;
1356 586 1533 645 neque
1554 571 1637 628 las
1657 581 1741 628 est
1759 569 1887 625 fidei
1918 584 1983 625 ac

393 669 552 714 rectae
586 660 838 729 religioni
880 661 1159 716 addictum
1178 677 1373 717 rursus
1396 662 1729 733 baptismum
1757 660 1984 729 ingemi-

390 751 933 809 nare.Verumtamen
954 770 1077 810 cum
1095 770 1332 825 semper,
1353 770 1475 825 quae.
1496 757 1551 810 iu
1574 755 1735 811 nobis
1749 769 1817 808 ex
1838 754 1987 810 incu-

393 847 474 901 ria
503 854 559 901 et
588 847 915 918 negligentia
964 848 1157 905 sordes
1183 849 1570 912 innascuntur,
1598 847 1979 916 abstergendae

391 940 506 993 sint
539 948 594 993 et
626 939 959 996 abradendaz
980 981 994 1003 ,
1028 949 1083 997 et
1114 941 1265 997 foras
1292 957 1459 1012 quam
1502 941 1831 1013 longissime
1859 941 1979 996 sin-

404 1028 552 1097 gulis
608 1029 727 1083 fere
760 1028 912 1085 horis
952 1030 1331 1101 projiciendae,
1361 1032 1467 1087 hoc
1495 1031 1805 1101 indigemus
1836 1031 1986 1085 lava-

405 1134 527 1185 cro,
565 1120 943 1190 iutelligibilia
985 1137 1049 1177 ac
1079 1124 1366 1179 sensibilia
1408 1132 1615 1189 errata,
1673 1122 1986 1177 voluntaria

388 1220 566 1280 atque
607 1211 985 1268 involuntaria
1012 1231 1120 1269 una
1161 1216 1451 1271 nobiscum
1481 1216 1666 1270 animo
1698 1215 1988 1285 supervol-

392 1303 604 1358 vetites.
646 1304 750 1374 10
779 1304 1049 1360 Existimo
1084 1306 1233 1361 enim
1268 1306 1389 1361 vice
1420 1317 1609 1361 nostra
1638 1304 1836 1360 Jobum
1890 1321 1984 1360 ex-

396 1395 611 1459 tulisse,
652 1413 671 1447 ι
715 1394 772 1448 Si
808 1395 1036 1450 abluero
1066 1410 1154 1451 me
1178 1396 1325 1461 nive,
1356 1403 1413 1450 et
1460 1410 1843 1466 expurgavero
1872 1409 1988 1449 ma-

396 1487 564 1542 nibus
631 1487 829 1557 puris,
876 1488 1014 1543 satis
1068 1488 1125 1542 in
1184 1488 1303 1543 luto
1375 1502 1461 1543 me
1509 1486 1788 1544 iutinxisti
1839 1489 1907 1542 ’⁸.
1961 1503 1981 1539 ι

395 1578 867 1645 Quemadmodum
910 1579 1074 1648 igitur
1103 1585 1220 1634 toto
1254 1580 1379 1633 vitae
1429 1579 1710 1634 curriculo
1758 1578 1978 1634 edimus

397 1680 453 1727 et
503 1671 775 1735 bibimus,
822 1672 905 1727 sic
934 1646 1004 1726 _et
1039 1671 1247 1742 detergi
1288 1671 1635 1728 incessanter
1680 1671 1967 1737 debemus,
2009 1646 2051 1702 Β

392 1763 619 1833 quando
642 1763 757 1819 ﬁeri
786 1779 894 1819 non
936 1771 1142 1834 potest,
1197 1772 1259 1818 ut
1283 1764 1450 1821 homo
1484 1765 1689 1836 aliquis
1718 1764 1985 1820 continuo

399 1855 839 1924 irreprehensus,
864 1863 919 1909 et
954 1856 1426 1913 incontaminatus
1454 1859 1805 1913 inveniatur.
1838 1856 1975 1913 Pro-

395 1956 582 2018 pterea
617 1947 775 2002 fidem
800 1946 998 2003 adhibe
1027 1947 1310 2019 Propheta:
1336 1948 1561 2016 dicenti,
1597 1948 1857 2004 «Lavabis
1878 1964 1985 2011 me.

397 2046 456 2092 et
484 2053 651 2108 super
685 2038 867 2093 nivem
898 2037 1198 2094 dealbabor
1219 2040 1267 2073 ¹¹
1299 2058 1315 2107 ;
1358 2059 1378 2094 ι
1415 2050 1471 2096 et
1496 2041 1669 2096 Paulo
1699 2040 1987 2105 scribenti,

411 2150 432 2182 ι
473 2129 815 2185 Accedamus
845 2130 913 2185 ad
962 2131 1132 2187 Deum
1184 2149 1312 2188 cum
1344 2149 1476 2189 vero
1516 2133 1723 2201 corde,
1775 2135 1987 2205 aspersi

394 2229 584 2278 mente
610 2237 640 2275 a
676 2223 1014 2279 conscientia
1045 2239 1207 2293 prava
1247 2226 1291 2256 ¹¹
1335 2243 1355 2273 ι
1392 2222 1500 2279 etc.

610 2312 781 2370 XXV.
821 2347 891 2356 —
918 2314 1236 2371 ABRAMIO
1279 2313 1760 2370 PRESBYTERO.

466 2404 746 2471 Quosdam
779 2406 1032 2462 homines
1060 2407 1126 2461 ad
1165 2407 1334 2461 breve
1367 2417 1586 2476 tempus
1616 2405 1860 2477 aggredi,
1897 2405 1987 2460 in-

392 2496 577 2567 deque
602 2496 829 2567 jamjam
862 2497 1117 2564 volitare,
1150 2498 1494 2553 daemonibus
1518 2497 1850 2568 permissum
1866 2504 1984 2563 est;

400 2589 546 2642 alios
575 2602 670 2656 per
702 2586 940 2647 multum
982 2596 1200 2658 tempus
1244 2602 1486 2654 vexare,
1537 2589 1605 2643 ab
1652 2592 1987 2659 agonotheta

405 2678 544 2743 Deo,
578 2687 770 2734 nostro
804 2688 1086 2745 curatore,
1116 2689 1173 2736 et
1204 2681 1394 2750 judice
1442 2681 1720 2746 similiter,
1748 2682 1987 2751 impera-

400 2778 518 2824 tum
566 2788 582 2825 :
629 2771 753 2826 aliis
804 2771 971 2827 etiam
1017 2773 1085 2828 ad
1141 2782 1449 2829 extremum
1504 2788 1679 2843 usque
1731 2774 1985 2843 spiritum

401 2862 635 2927 adoriri,
667 2872 720 2919 et
749 2873 985 2929 tentare,
1026 2874 1081 2919 et
1130 2874 1531 2921 tormentorum
1577 2869 1731 2921 vario
1790 2882 1989 2939 genere

401 2950 670 3023 afﬂigere,
704 2952 1119 3023 impudentibus
1143 2955 1485 3010 daemonibus
1519 2957 1866 3012 conceditur.

590 3043 785 3099 XXVI.
824 3076 894 3085 —
926 3044 1283 3102 TIMOTHEO
1345 3045 1801 3106 SUBDIACONO.

476 3131 705 3189 Litteris
728 3132 838 3188 tuis
862 3149 893 3187 a
923 3148 1009 3189 me
1035 3135 1363 3200 sciscitaris,
1394 3137 1610 3193 discere
1629 3140 1877 3208 cupiens,
1900 3140 1989 3195 cui

403 3226 531 3282 usui
562 3233 649 3281 est
673 3224 882 3280 homini
906 3227 1277 3297 pervigilium,
1318 3243 1448 3282 cum
1478 3230 1773 3301 plerosque
1800 3232 1992 3289 videas

402 3317 458 3372 in
482 3316 615 3371 illud
638 3332 967 3388 propensos,
995 3320 1204 3389 agitare
1230 3319 1469 3389 vigilias,
1500 3331 1554 3375 et
1602 3322 1824 3392 quidem
1876 3323 1992 3378 fru-

404 3419 521 3465 stra
543 3410 825 3466 insomnes
850 3410 1013 3466 horas
1043 3426 1202 3482 agere
1231 3413 1548 3479 existimas,
1581 3429 1707 3468 cum
1738 3430 1991 3470 somnum

405 3504 553 3560 De'us
578 3504 789 3558 Adamo
820 3503 1135 3568 immiserit,
1158 3514 1213 3560 et
1236 3505 1497 3560 omnibus
1520 3505 1699 3562 modis
1719 3506 1995 3563 dormien-

408 3598 539 3651 dum
574 3598 666 3651 sit.
695 3595 883 3667 Neque
921 3597 1068 3650 enim
1103 3598 1378 3651 bonorum
1409 3613 1654 3653 meorum
1680 3598 1823 3655 Deus
1852 3600 1996 3654 indi-

406 3698 497 3759 get
527 3687 595 3743 ³⁸.
632 3687 792 3753 Quod
846 3687 1122 3758 principio
1165 3688 1220 3742 in
1268 3688 1479 3741 Adamo
1512 3689 1820 3744 secundum
1868 3706 1995 3745 seu-

406 3797 531 3835 sum
571 3782 754 3836 locum
792 3781 1015 3843 imbuit,
1066 3780 1121 3835 id
1158 3795 1424 3837 arcanum
1478 3781 1853 3837 intellectuale
1890 3784 1989 3853 ιι

406 3873 689 3927 iunueliat.
714 3872 1179 3943 Przesignilicabat
1201 3873 1347 3927 enim
1370 3873 1675 3929 secundum
1696 3875 1992 3945 Adamum,

408 3962 705 4019 Dominum
743 3980 939 4034 nempe
969 3974 1219 4019 nostrum
1243 3963 1432 4019 Jesum
1454 3964 1759 4033 Christum,
1780 3970 1995 4025 dormi-

409 4063 597 4110 turum
631 4056 937 4110 humanam
989 4066 1223 4111 mortem
1269 4056 1325 4112 in
1374 4073 1572 4123 cruce,
1629 4068 1687 4114 ut
1723 4076 1791 4117 ex
1844 4063 1995 4119 illius

411 4159 769 4204 sacrosancto
815 4149 985 4203 latere
1045 4150 1235 4204 lancea
1280 4150 1577 4220 adaperto,
1618 4164 1673 4208 et
1725 4156 1996 4226 sanguine

407 4248 478 4295 ac
532 4255 675 4311 aqua
723 4240 1074 4296 eﬂlueutibus
1102 4280 1117 4304 ,
1204 4242 1573 4299 aediﬁcaretur
1606 4245 1996 4304 intellectualis

1732 314 1744 350 :
1797 296 1975 351 oratio
2006 298 2052 355 Α
2080 293 2215 365 εὐχὴ
2249 294 2433 350 πᾶσαν
2463 293 2564 367 τὴν
2596 291 2986 365 ἐπιγινομένην
3014 292 3147 365 ἡμῖν
3190 290 3536 363 ἀκαθαρσίαν
3565 293 3663 344 ἐκ·

2084 385 2294 440 πλύνει.
2324 385 2482 440 Κατά
2509 386 2612 458 μὲν
2644 386 2756 456 γάρ
2779 386 2840 439 τὸ
2862 387 3033 441 δεῖνον
3083 385 3370 456 βάπτισμα
3422 384 3571 451 ἅπαξ
3599 386 3664 466 ἐν

2083 478 2226 547 ἀρχῇ
2255 477 2356 545 τῆς
2382 477 2621 542 πίστεως
2640 476 3005 548 ἐλουσάμεθα,
3037 476 3134 531 καὶ
3156 477 3258 530 οὑκ
3291 478 3527 549 ἐγχωρεῖ
3570 477 3668 531 τὸν

2085 569 2277 623 πιστὸν
2311 570 2409 624 xa‘t
2435 568 2716 641 ὀρθόδοξον
2752 568 3008 641 δεύτερον
3057 568 3422 639 βαπτισθῆναι
3451 586 3465 599 υ
3522 570 3673 623 κατά

2084 662 2143 716 δὲ
2173 660 2235 714 τὸ
2264 661 2353 715 ἀεὶ
2368 661 2594 733 χρῄζειν
2610 663 2761 733 ἡμᾶς
2789 661 3135 732 ἀποσμήχειν
3160 661 3261 725 τάς
3288 660 3672 731 πλαττομένας

2086 755 2220 825 ἡμῖν
2266 753 2491 824 κηλῖδας
2515 754 2581 807 ἐκ
2617 756 2719 824 τῆς
2754 753 3089 824 ἀπροσεξίας
3116 754 3212 806 καὶ
3243 752 3526 822 ἀμελείας,
3570 753 3674 807 καὶ

2086 846 2377 913 ἀποξέειν,
2414 846 2509 899 καὶ
2552 844 2764 917 ῥίπτειν
2813 845 2919 910 ἐξω
2970 843 3190 916 μακρὰν
3231 843 3324 915 ἀφ’
3371 842 3533 915 ἡμῶν
3580 844 3669 912 ἐφ’

2086 936 2324 1006 ἑκάστης
2345 934 2532 1006 σχεδὸν
2567 933 2741 1005 ὥρας,
2778 934 2969 988 τούτου
2997 932 3374 1005 προσδεόμεθα
3398 932 3495 987 τοῦ
3541 931 3671 986 λου-

2085 1026 2242 1100 τροῦ,
2286 1028 2500 1099 νοητοῖς
2548 1028 2643 1081 καὶ
2702 1025 2983 1097 αἰσθητοῖς
3028 1027 3365 1095 πταίσμασιν
3396 1041 3669 1096 προσομιδ

2085 1120 2324 1184 λοῦντες,
2379 1118 2649 1183 ἑκουσίοις
2705 1118 2802 1173 καὶ
2856 1116 3151 1181 ἀκουσίοις.
3189 1113 3359 1187 Οἶμαι
3388 1118 3497 1188 γάρ
3545 1116 3667 1170 ἀνθ’

2086 1212 2246 1285 ἡμῶν
2292 1211 2577 1284 εἰρηκέναι
2621 1211 2713 1265 τὸν
2761 1209 2902 1272 Ἰὼϐ,
2927 1210 3012 1263 ὅτι
3043 1228 3062 1261 ι
3104 1208 3231 1262 Ἐὰν
3275 1207 3672 1278 ἀπολούσωμαι

2086 1307 2248 1377 χιόνι,
2275 1306 2372 1359 καὶ
2394 1304 2838 1375 ἀποκαθάρωμαι
2869 1305 3028 1376 χερσὶ
3060 1302 3350 1372 καθαραῖς,
3388 1300 3590 1364 ἱκανῶς
3610 1301 3672 1353 ἐν

2095 1395 2254 1468 ῥύπῳ
2284 1413 2350 1467 με
2378 1395 2604 1465 ἔδαψας.
2631 1414 2651 1446 ι
2684 1395 2899 1465 Ὥσπερ
2932 1394 3111 1448 τοίνυν
3143 1393 3232 1447 διὰ
3263 1394 3444 1464 πάσης
3485 1392 3670 1445 ἐσθίο-

2090 1504 2190 1559 μεν
2228 1487 2325 1558 τῆς
2369 1486 2538 1557 ζωῆς,
2581 1486 2680 1539 καὶ
2720 1485 2972 1555 πίνομεν,
3014 1483 3158 1537 οὑτω
3212 1483 3310 1537 καὶ
3338 1483 3400 1535 τὸ
3429 1482 3672 1551 διασμη-

2088 1578 2279 1649 χεσθαι
2332 1577 2696 1641 ἀδιαλείπτως
2739 1576 2891 1647 ἡμῖν,
2926 1575 3053 1629 ἐπεὶ
3087 1573 3163 1646 μὴ
3194 1572 3422 1627 δυνατὸν
3485 1571 3675 1641 ἀμεμο

2088 1669 2221 1724 πτόν
2283 1687 2407 1723 τινα
2457 1668 2554 1722 καὶ
2600 1667 2900 1739 ἀμόλυντον
2961 1665 3024 1719 τὸ
3089 1665 3320 1720 καθόλου
3381 1663 3677 1735 ἄνθρωπον

2086 1762 2395 1834 εὑρεθῆναι.
2420 1760 2620 1834 Διόπερ
2668 1761 2960 1814 πίστευσον
2981 1757 3060 1830 τῷ
3092 1759 3355 1830 Προφήτῃ
3381 1756 3669 1828 κράξοντι·

2091 1875 2111 1909 ι
2140 1856 2369 1918 Πλυνεῖς
2393 1871 2483 1926 με,
2515 1855 2610 1908 καὶ
2650 1854 2791 1925 ὑπὲρ
2824 1852 2980 1924 χιόνα
3007 1849 3473 1921 λευκανθήσομαι,
3496 1867 3514 1899 ι
3569 1849 3673 1901 καὶ

2084 1948 2163 2020 τῷ
2190 1947 2390 2018 Παύλῳ
2420 1946 2685 2019 γράφοντι
2707 1962 2723 1977 ο
2769 1962 2788 1995 ι
2816 1943 3213 2015 Προσέλθωμεν
3256 1940 3335 2013 τῷ
3371 1941 3493 2012 Θεῷ
3528 1939 3676 2011 μετά

2085 2040 2346 2112 ἀληθινῆς
2393 2039 2643 2111 καρδίας,
2687 2036 3099 2110 ὲρραντισμένοι
3140 2036 3241 2108 τὴν
3284 2034 3528 2089 διάνοιαν
3556 2033 3671 2088 ἀπὸ

2088 2132 2447 2204 συνειδήσεως
2475 2131 2739 2202 πονηρᾶς,
2773 2148 2793 2182 ι
2814 2128 2910 2183 καὶ
2931 2128 3001 2183 τὰ
3024 2128 3173 2199 ἑξῆς.

2349 2310 2541 2363 KE.—
2570 2308 2880 2379 ABPAMIo
2911 2306 3386 2378 ΠΡΕΣΒΥΤΕΡῼ.

2156 2402 2280 2455 Τισὶ
2305 2401 2403 2472 μὲν
2432 2400 2541 2455 τῶν
2569 2399 2875 2471 ἀνθρώπων
2905 2400 3041 2472 πρὸς
3071 2399 3255 2470 ὀλίγον
3303 2398 3677 2470 προσϐάλλειν

2085 2496 2181 2549 καὶ
2203 2496 2397 2549 θᾶττον
2423 2494 2782 2563 ἀφίπτασθαι,
2808 2493 3202 2565 ἐπετράπησαν
3244 2493 3517 2565 δαίμονεςο
3559 2494 3678 2546 τισὶ

2084 2586 2142 2639 δὲ
2172 2586 2265 2639 ἐπὶ
2297 2585 2432 2640 πολὺ
2472 2585 2709 2656 διοχλεῖν
2734 2584 2841 2637 ὑπὸ
2879 2583 2974 2638 τοῦ
3009 2584 3352 2651 ἀγωνοθέτου
3399 2583 3539 2637 Θεοῦ
3578 2583 3678 2637 τοῦ

2085 2676 2357 2749 ἡμετέρου
2374 2675 2695 2749 προνοητοῦ,
2721 2676 2815 2729 καὶ
2832 2674 3049 2746 κριτοῦ,
3076 2676 3280 2746 ὁμοίως
3299 2674 3675 2746 προσετάχθησ

2090 2769 2268 2839 ἕτεροι
2296 2767 2354 2820 δὲ
2383 2767 2658 2839 καὶμέχρι
2691 2766 3009 2829 τελευταίας
3035 2767 3310 2838 ἀναπνοῆς
3340 2784 3678 2839 προσπαρα-

2089 2860 2274 2931 ϐῆναι,
2313 2858 2410 2913 καὶ
2448 2860 2756 2929 πειράζειν,
2785 2859 2881 2911 καὶ
2920 2857 3191 2912 ἐκθλίϐειν
3228 2859 3490 2914 ἐκάστοτε
3538 2875 3679 2928 συγ-

2016 2995 2061 3054 c
2092 2952 2393 3027 χωροῦνται
2417 2951 2766 3022 ἀναίσχυντοι
2787 2952 3065 3023 δαίμονες.

2410 3046 2557 3112 KG'.
2583 3045 2890 3116 ΤΙΜΟΘΕῼ
2909 3045 3381 3117 ΥΠΟΔΙΑΚΟΝῼ.

2162 3137 2528 3211 Γεγράφηκάς
2583 3154 2674 3208 μοι
2731 3137 2927 3206 λέγων,
2966 3139 3049 3190 ὅτι
3097 3136 3291 3208 ἤθελον
3353 3136 3583 3207 μαθεῖν,
3623 3138 3677 3192 τί

2091 3231 2349 3302 ὡφελεῖή
2389 3229 2668 3302 ἀγρυπνία
2710 3228 2804 3283 τὸν
2845 3228 3155 3299 ἄνθρωπον,
3177 3230 3262 3283 ὅτι
3307 3229 3538 3293 πολλοὺς
3578 3230 3683 3300 μὲν

2094 3324 2277 3395 βλέπω
2294 3322 2726 3395 γοργευομένους
2743 3322 2881 3394 πρὸς
2898 3322 3070 3392 αὑτήν
3093 3338 3109 3355 ο
3149 3324 3406 3395 περιττὸν
3427 3323 3486 3377 δὲ
3510 3322 3685 3393 ἡγοῦ·-

2097 3435 2195 3488 μαι
2223 3415 2283 3470 τὸ
2318 3417 2639 3488 ἀγρυπνεῖν,
2666 3414 2853 3487 ἐπειδὴ
2867 3415 2959 3468 τὸν
2992 3414 3163 3469 ὑπνον
3189 3414 3270 3486 τῷ
3302 3415 3477 3485 Ἀδὰμ
3500 3416 3684 3479 ὁΘεὸς

2095 3508 2382 3570 ἐπέϐαλεν,
2437 3507 2533 3560 καὶ
2590 3507 2698 3579 χρὴ
2747 3507 2968 3572 πάντως
3037 3507 3359 3579 κοιμᾶσθαι.
3400 3508 3523 3562 Τῶν
3570 3512 3685 3579 γάρ

2094 3599 2312 3668 ἀγαθῶν
2344 3616 2445 3670 μου
2481 3599 2671 3671 χρείαν
2691 3599 2792 3653 οὑκ
2815 3598 2927 3670 ἔχει
2948 3601 2977 3653 ό
2999 3600 3153 3664 Θεός.
3175 3601 3252 3654 Τὸ
3280 3601 3380 3671 μὲν
3402 3601 3482 3672 τῷ
3508 3601 3686 3672 Ἀδάμ

2094 3690 2216 3744 κατ’
2270 3692 2445 3762 ἀρχὰς
2482 3690 2776 3762 γενόμενον
2805 3690 3103 3761 αἰσθητῶς,
3150 3692 3455 3764 μυστήριον
3481 3692 3684 3764 νοητὸν

2094 3784 2435 3855 ὑπῃνίττετο,
2470 3785 2711 3855 ἐσήμανε
2746 3785 2855 3857 γάρ
2880 3785 2973 3838 τὸν
3006 3785 3260 3856 δεύτερον
3275 3787 3468 3856 Ἀδάμ,
3500 3804 3679 3840 τουτ-

2096 3878 2243 3931 έστιν
2292 3878 2383 3930 τὸν
2437 3876 2639 3948 Κύριον
2686 3877 2845 3948 ήμῶν
2872 3876 3079 3946 Ἰησοῦν
3116 3877 3354 3949 Χριστὸν
3388 3919 3404 3941 ,
3464 3880 3688 3949 μέλλειν

2095 3964 2296 4018 ὑπνοῦν
2324 3964 2415 4017 τὸν
2447 3963 2786 4035 ἀνθρώπινον
2812 3963 3042 4018 θάνατον
3066 3964 3126 4017 ἐν
3150 3963 3231 4036 τῷ
3258 3966 3502 4036 σταυρῷ,
3531 3968 3686 4030 ὅπως

2097 4060 2162 4112 ἐκ
2190 4058 2293 4129 τῆς
2328 4058 2489 4127 ἁγίας
2526 4057 2693 4112 αὑτοῦ
2736 4057 2981 4129 πλευρᾶς
3030 4057 3200 4129 λόγχῃ
3248 4058 3531 4130 νυγείσης,
3589 4060 3689 4114 καὶ

2100 4151 2371 4223 ρευσάσης
2392 4143 2531 4221 αἷμα
2582 4150 2675 4204 καὶ
2707 4149 2851 4221 ὕδωρ
2873 4149 3204 4221 οἱκοδομηθῇ
3224 4152 3257 4220 ή
3294 4151 3461 4221 νοητὴ
3493 4150 3687 4223 νύμφη

2097 4243 2285 4309 αὑτοῦ,
2321 4242 2599 4297 τουτέστιν
2629 4244 2663 4314 ή
2704 4241 2970 4314 καθολικὴ
3002 4242 3321 4315 Ἐκκλησία.
3376 4241 3450 4297 Τὸ
3494 4244 3553 4296 δὲ
3596 4245 3688 4297 λέ-

410 4348 623 4402 sponsa
666 4333 838 4397 illius,
871 4333 1144 4388 catholica
1202 4335 1475 4391 Ecclesia.
1505 4337 1666 4403 Quod
1719 4353 1853 4394 vero
1883 4340 1967 4396 ais

2100 4354 2219 4405 γειν
2249 4353 2331 4399 σε,
2371 4337 2453 4391 ὅτι
2486 4336 2593 4409 χρὴ
2624 4336 2945 4406 κοιμᾶσθαι,
2986 4333 3179 4407 ἐπειδὴ
3226 4335 3414 4407 ὥσπερ
3456 4337 3690 4407 νομοθε-

413 4424 803 4481 dormiendum
835 4441 984 4491 esse,
1016 4426 1179 4497 quasi
1215 4427 1386 4482 veluti
1426 4428 1544 4499 lege
1574 4431 1848 4500 quadam,
1896 4433 2001 4488 tibi

413 4521 705 4592 segnitiem
750 4529 806 4575 et
864 4522 1178 4576 socordiam
1227 4521 1483 4579 sanciens
1550 4525 1695 4580 Deus
1744 4542 1997 4583 somnum

414 4610 736 4676 immiserit,
768 4610 1009 4666 maxime
1042 4611 1346 4667 helluinum
1384 4613 1568 4680 fuerit,
1605 4630 1705 4670 nec
1736 4615 2001 4686 hominis,

413 4703 507 4774 qui
536 4703 861 4764 humanum.
902 4709 961 4756 et
988 4702 1224 4759 rationis
1258 4714 1572 4775 compotem
1616 4707 1861 4762 animmn
1892 4709 2001 4765 sibi

413 4794 792 4851 concreditum
824 4794 1012 4850 habet.
1032 4797 1102 4850 At
1130 4794 1263 4866 quid
1290 4797 1388 4852 tibi
1416 4798 1557 4852 ultra
1585 4797 1844 4864 defuerit,
1876 4816 2001 4857 cum

334 4934 341 4943 .
412 4888 523 4959 iam
557 4887 881 4951 belluinum,
906 4896 960 4942 et
980 4888 1207 4943 omnino
1240 4888 1713 4945 inconsideratum
1741 4894 1999 4963 proposir-

413 4993 531 5035 tum
553 4979 952 5049 habeas,quam
971 4980 1156 5035 ovium
1181 4980 1236 5035 iu
1254 4981 1396 5036 lecto
1412 4982 1763 5038 decumbenti
1785 4986 2002 5042 balatus

415 5072 501 5126 vel
525 5071 689 5125 boum
724 5074 989 5142 mugitus,
1009 5074 1092 5128 vel
1117 5074 1401 5129 asinorum
1430 5090 1583 5130 more
1604 5076 1839 5144 rudere;
1873 5093 1998 5133 cum

414 5162 511 5217 alii
543 5162 813 5226 homines,
849 5173 911 5218 ut
959 5172 1018 5220 tu
1050 5166 1276 5231 dixisti,
1312 5166 1380 5220 ad
1437 5168 1773 5224 laudandum
1829 5169 1998 5225 Deum

423 5253 717 5323 vigilantes
743 5255 992 5325 impense
1021 5256 1276 5312 feruntur
1297 5298 1313 5321 ,
1352 5265 1406 5313 et
1442 5261 1618 5314 somni
1648 5262 1998 5332 tyrannidem

418 5347 766 5415 reprimunt,
826 5358 993 5419 atque
1044 5352 1378 5406 excutiunt?
1426 5350 1493 5406 Et
1538 5364 1853 5424 promptum
1901 5354 1999 5410 tibi

411 5438 620 5501 (ui-rit,
653 5455 776 5493 cum
808 5440 1148 5498 intellectum
1188 5444 1399 5514 absque
1436 5445 1796 5517 intelligentia
1830 5446 2001 5517 possi-

438 5602 439 5605 η
502 5614 547 5645 ²⁰
581 5612 704 5669 Job.
739 5616 931 5685 tx,50,
1005 5617 1046 5647 ¹¹
1092 5616 1234 5673 l‘sal.
1282 5634 1333 5681 L,
1363 5618 1413 5674 8.
1489 5620 1531 5651 ²²
1571 5618 1738 5677 ilcbr.
1774 5637 1828 5689 ι,
1885 5620 1975 5674 2‘2.

2102 4426 2224 4480 σίαν
2272 4443 2354 4480 σοι
2409 4427 2549 4497 πρὸς
2603 4426 2855 4490 νωθείαν,
2906 4428 3000 4479 καὶ
3046 4426 3365 4495 χαύνωσινὸ
3400 4426 3537 4492 Θεὸς
3593 4429 3691 4481 τὸν

2100 4520 2267 4574 ὕπνον
2298 4521 2562 4587 ἐπέϐαλεν
2591 4520 2867 4591 κτηνῶδες
2890 4520 3007 4573 λίαν
3034 4520 3296 4590 ὑπάρχει,
3322 4521 3417 4574 καὶ
3439 4522 3542 4574 οὑκ
3594 4523 3693 4575 ἀν-

2100 4612 2400 4685 θρωπείαν,
2429 4612 2525 4666 καὶ
2567 4610 2790 4683 λογικὴν
2829 4612 3267 4682 πεπιστευμένου
3313 4611 3518 4683 ψυχήν.
3577 4615 3693 4668 Καὶ

2098 4705 2152 4759 τί
2180 4705 2365 4759 λοιπὸν
2400 4703 2463 4757 τὸ
2486 4703 2671 4757 λεῖπόν
2703 4721 2807 4767 σοι,
2830 4703 3099 4775 κτηνώδη,
3136 4705 3231 4758 καὶ
3258 4704 3549 4773 ἀλόγιστον
3588 4708 3692 4776 τὴν

2098 4796 2359 4869 πρόθεσιν
2385 4795 2581 4868 ἔχοντι,
2609 4798 2643 4868 ἦ
2671 4796 2971 4868 βληχᾶσθαι
3018 4797 3257 4869 κειμένῳ
3306 4796 3401 4849 ἐπὶ
3444 4797 3547 4868 τῆς
3576 4801 3694 4852 κοί-

2098 4907 2221 4960 της.
2251 4889 2286 4961 ἢ
2322 4889 2599 4961 μυκηθμῷ
2624 4890 2954 4961 κεχρῆσθαι,
2993 4890 3025 4962 ἢ
3058 4890 3350 4961 όγκηθμῷ,
3387 4889 3569 4944 ἄλλων
3597 4894 3692 4945 ἀν-

2100 4982 2356 5055 θρώπων,
2379 4982 2455 5046 ὡς
2484 4987 2549 5037 σὺ
2580 4982 2832 5054 εἴρηκας,
2880 4983 3019 5054 πρὸς
3066 4983 3343 5054 ὑμνῳδίαν
3372 4982 3511 5036 Θεοῦ
3546 4985 3693 5037 κατά

2098 5078 2198 5141 τὰς
2221 5076 2529 5148 ἀγρυπνίας
2550 5076 2992 5148 γοργευομένων,
3026 5076 3123 5130 καὶ
3138 5074 3237 5147 τὴν
3260 5076 3555 5143 τυραννίδα
3595 5077 3691 5130 τοῦ

2104 5170 2274 5224 ὕπνου
2304 5168 2887 5224 καταδυναστευόντων
2911 5186 2994 5233 τε,
3017 5168 3115 5221 καὶ
3146 5168 3688 5239 ὑποτινασσομένων.

2106 5261 2311 5332 Καιρδς
2341 5262 2450 5333 γάρ
2494 5279 2577 5315 σοι
2637 5261 2864 5331 ἀνόητον
2920 5260 3247 5331 κεκτημένῳ
3285 5259 3387 5331 τὴν
3434 5260 3689 5332 γνώμην,

2109 5354 2285 5407 πάντα
2305 5355 2396 5407 τὸν
2425 5354 2616 5425 χρόνον
2645 5354 2744 5423 τῆς
2764 5354 2908 5424 ζωῆς
2926 5356 2985 5407 ἐν
3014 5351 3253 5423 ὑπνηλίᾳ
3279 5351 3552 5423 δαπανᾷν,
3594 5352 3691 5407 καὶ

2112 5446 2309 5517 μηκέτι
2329 5445 2609 5500 καλεῖσθαι
2624 5445 2909 5518 ἄνθρωπον
2928 5444 3128 5513 ζῶντα,
3146 5444 3283 5501 ἁλλά
3302 5445 3688 5518 νεκροτάφιον.

2054 5617 2265 5676 "Psal.
2311 5636 2399 5688 xv,
2430 5620 2485 5673 ΕΞ.
