3822 6216
120 265 182 329 93
1353 249 1895 316 EPISTOLARUM
1928 252 2077 313 LIB.
2117 253 2146 311 ι
3323 222 3394 307 94

120 371 291 443 ψυχὴν
313 368 525 440 νεκρὰν
553 367 613 423 ἐν
638 365 717 439 τῷ
759 365 926 431 ζῶντι
962 363 1178 434 σώματι
1225 360 1590 432 πανολεθρίας
1616 358 1629 409 ἔ

1879 372 1962 422 as,
1997 356 2126 410 vita:
2156 355 2395 427 spatium
2427 352 2746 410 universum
2779 352 2833 408 in
2856 350 3225 408 somnolentia
3250 367 3388 406 con—

121 466 385 537 θάψαντα,
420 463 520 517 καὶ
544 467 740 533 μηκέτι
778 460 997 531 βλέπειν
1025 459 1088 512 τὸ
1109 457 1226 528 φῶς
1249 457 1357 511 τῶν
1375 454 1709 527 ἀνθρώπων,

119 559 251 613 ἀλλὰ
298 558 463 626 δίκην
512 553 867 625 ἐκτρώματος
920 551 1029 606 ἀπὸ
1081 549 1310 612 σκότους
1373 550 1455 610 εἰς
1516 545 1711 607 σκότος

119 649 475 721 πορεύεσθαι·
521 649 615 700 καὶ
650 645 871 716 ἀληθῶς
915 645 1057 699 κατά
1086 644 1146 697 τὺ
1172 640 1586 714 γεγραμμένον,
1618 638 1713 693 ἄν·

119 746 334 814 θρωπος
360 739 733 811 τετιμημένος
748 740 818 809 τῇ
835 736 929 790 τοῦ
950 736 1085 790 Θεοῦ
1105 735 1272 788 εἰκόνι
1293 751 1311 785 t
1340 732 1415 786 Ού
1450 730 1707 800 συνῆκεν,

118 851 253 903 παρε
262 831 575 900 συνεόλήθη
589 834 700 892 τοῖς
722 831 945 898 κτήνεσι
960 831 1074 890 τοῖς
1088 827 1360 897 ἀνοήτοις,
1384 824 1478 878 καὶ
1494 821 1712 893 ὡμοιώ-

118 927 184 997 θη
215 926 425 988 αὐτοῖς.
450 944 469 975 ι
509 922 674 987 Ἀλλ’,
700 923 749 973 εἰ
784 920 951 994 βούλῃ
984 920 1045 977 τὸ
1079 918 1356 987 ὠφέλιμον
1379 915 1583 984 γνῶναι
1612 913 1712 983 τῆς

120 1018 451 1087 ἀγρυπνίας,
484 1014 1043 1085 πολυπραγμόνησον,
1069 1012 1123 1062 τί
1154 1009 1340 1077 ἔλεγεν
1364 1010 1393 1062 ό
1415 1006 1537 1061 καθ’
1583 1005 1712 1059 ἐκά-

124 1124 248 1174 στην
276 1104 457 1157 νύκτα
506 1104 606 1175 τὴν
666 1102 859 1173 κλίνην
904 1100 1085 1171 ἄρδων
1108 1102 1223 1162 τοῖς
1269 1098 1503 1169 δάκρυσι
1530 1113 1542 1125 ·
1571 1096 1713 1165 Προ-

119 1199 327 1268 έφθασα
360 1200 421 1250 ἐν
460 1196 643 1268 ἀωρία
688 1195 785 1249 καὶ
851 1193 1129 1266 ἐκέκραξα
1187 1189 1706 1261 ἐξομολογούμενος,

119 1290 207 1342 καὶ
242 1287 439 1359 ύμνῶν
483 1304 578 1340 σε·
629 1285 987 1358 μεσονύκτιον
1043 1283 1426 1354 ἐξεγειρόμην,
1478 1283 1578 1351 οὐχ
1619 1280 1712 1350 ὑφ’

119 1382 310 1453 ἐτέρου
348 1381 705 1451 νυττόμενος,
737 1380 834 1434 καὶ
863 1379 956 1452 βίᾳ
992 1378 1286 1449 ἑλκόμενος
1310 1376 1449 1448 πρὸς
1489 1374 1713 1428 ἐκτινα-

118 1474 253 1545 γμὸν
276 1472 483 1539 ῦπνου,
509 1472 626 1526 ἀλλ’
650 1472 817 1536 αὐτὸς
843 1472 1079 1542 ἐμαυτὸν
1105 1469 1407 1541 προθύμως
1425 1466 1712 1528 διανιστὰς

118 1567 254 1637 πρὸς
303 1566 413 1636 τὴν
450 1565 765 1634 δοξολογίαν
819 1564 913 1617 τοῦ
960 1565 1266 1627 κτίσαντος.
1300 1562 1550 1632 Γλυκερά
1603 1560 1714 1630 γὰρ

116 1659 253 1729 αῦτη
300 1676 397 1730 μοι
432 1659 532 1711 τοῦ
558 1657 732 1712 ὕπνου
771 1656 1022 1730 [μᾶλλον]
1050 1656 1381 1725 λελόγισται,
1410 1655 1711 1726 ἐπειδήπερ

117 1751 285 1823 πολλή
326 1755 364 1821 ὴ
414 1752 484 1805 ἐκ
516 1750 723 1822 ταύτης
779 1751 1048 1820 ὠφέλεια,
1090 1752 1187 1804 καὶ
1227 1749 1440 1803 πολλῶν
1490 1748 1709 1818 ἀγαθῶν

117 1844 356 1897 αἰωνίων
387 1843 655 1921 πρόξενος
677 1846 789 1906 τοῖς
814 1842 1157 1912 ὰγρυπνοῦσι
1180 1836 1717 1911 καθίσταταιζῐιρῶ-

116 1954 205 1989 τον
230 1938 334 2005 μὲν
370 1936 486 2003 γὰρ
519 1935 589 1988 τά
614 1935 757 1989 κατὰ
787 1935 885 2005 τὴν
920 1934 1303 2006 προλαϐοῦσαν
1337 1934 1552 2005 ἡμέραν
1584 1934 1717 2002 ἡμῖν

120 2026 518 2096 συμϐεϐηκότα
580 2026 901 2095 πταίσματα
951 2025 1399 2097 ἐργοιςῆλόγοις
1463 2022 1542 2091 τῷ
1595 2021 1717 2093 Θεῷ

118 2119 587 2184 ἐκκαλύπτοντες,
628 2117 999 2187 κουφιζόμεθα
1032 2118 1133 2188 τῆς
1177 2116 1475 2188 ἀχθηδόνος
1514 2113 1714 2177 αὐτῶν,

118 2209 192 2272 ὡς
216 2209 449 2280 φορτίου
484 2207 697 2280 βαρέως
727 2211 839 2271 τοῖς
890 2206 1063 2278 ῶμοις
1094 2209 1194 2278 τῆς
1222 2207 1402 2277 ψυχῆς
1442 2202 1719 2276 ἐπικειμέ-

120 2320 232 2365 νου,
261 2302 363 2356 καὶ¹
398 2301 483 2372 τῷ
508 2303 645 2370 πυρὶ
677 2302 779 2372 τῆς
808 2300 1119 2373 ἀγρυπνίας
1164 2299 1496 2372 τεφροῦμεν,
1525 2298 1716 2369 ὥσπερ

118 2393 368 2457 ἀκάνθας
413 2393 854 2463 καταφλέξαντες
898 2392 994 2446 τοῦ
1037 2392 1287 2446 διαϐόλου
1325 2391 1417 2445 τὸν
1461 2390 1714 2445 πλοῦτον.

119 2488 356 2541 Πλουτεῖ
381 2487 496 2558 γὰρ
535 2487 660 2541 καθ’
687 2487 903 2557 ἡμέραν
930 2488 1141 2548 ἐκεῖνος
1183 2487 1298 2548 τοῖς
1328 2484 1485 2555 ήμῶν
1531 2500 1717 2554 παρα-

119 2575 403 2647 πτώμασι.
452 2576 657 2648 Διόπερ
698 2577 956 2647 δυσφορεῖ
991 2574 1179 2628 λοιπὸν
1216 2572 1244 2628 ὁ
1302 2573 1583 2636 διάϐολος,
1623 2574 1719 2627 καὶ

120 2669 424 2740 καθ’ήμῶν
465 2668 756 2740 βρυχᾶται,
778 2669 909 2722 ὅταν
940 2666 1131 2738 βλέπει
1164 2668 1313 2738 ἡμᾶς
1335 2668 1402 2737 τῇ
1436 2665 1720 2737 ἀγρυπνία

120 2761 512 2833 σχολάζοντας,
542 2761 638 2814 καὶ
677 2759 848 2830 ταύτῃ
902 2758 1189 2823 ποθεινῶς,
1250 2758 1348 2813 καὶ
1397 2757 1709 2827 φιλοπόνως

119 2853 535 2923 προσέχοντας’
562 2852 643 2913 είς
698 2850 947 2920 μεγάλην
983 2849 1093 2920 γὰρ
1135 2848 1301 2903 αὐτὸν
1346 2848 1569 2919 ζημίαν,
1624 2848 1719 2901 κα)⁴

120 2946 325 3016 ⁸τιῧρᾶην
342 2943 695 3015 ἐμϐάλλομεν
709 2941 788 3011 τῷ
811 2940 933 2995 καθ’
955 2941 1195 3013 ἑκάστην
1214 2940 1305 2994 διὰ
1329 2940 1440 2994 τῶν
1463 2941 1718 3011 ἁμαρτη-

1812 463 2035 504 sumere
2058 489 2075 516 ,
2107 462 2209 502 nec
2235 448 2379 502 ultra
2435 447 2716 502 hominem
2742 446 3042 510 viventem,
3071 444 3167 499 sed
3197 444 3396 500 defun-

1811 548 2026 594 ctorum
2078 538 2417 608 sepulturam
2469 536 2810 607 nuncupari,
2844 535 3081 589 animam
3119 543 3395 587 mortuam

1809 630 1867 685 in
1899 630 2117 684 vivente
2147 627 2467 699 perditionis
2496 642 2727 697 corpore
2776 627 3141 680 tumulantem
3175 641 3188 677 :
3218 640 3397 694 neque

1810 721 1997 776 lumen
2029 721 2313 776 hominum
2347 722 2692 792 conspicere,
2726 721 2821 776 sed
2859 720 3088 774 abortus
3120 719 3297 773 instar
3328 733 3396 771 ex

1813 814 2061 871 tenebris
2104 815 2161 870 in
2209 815 2468 870 tenebras
2520 813 2750 885 gradum
2800 812 2985 867 facere
3018 830 3033 867 :
3065 818 3120 866 et
3153 826 3302 876 vere,
3336 820 3397 864 ut

1812 909 2084 977 scriptum
2113 914 2220 974 est,
2250 906 2416 961 homo
2446 906 2685 977 imagine
2713 903 2807 961 Dei
2843 905 3166 959 honestatus
3197 921 3215 956 ι
3261 902 3383 957 Non

1812 1001 2124 1064 intellexit,
2154 999 2498 1055 assimilatus
2549 1006 2635 1053 est
2679 997 2949 1068 jumentis
2978 994 3395 1067 insipientibus,

1812 1099 1868 1147 et
1914 1091 2116 1147 similis
2160 1090 2342 1145 factus
2379 1096 2467 1144 est
2522 1088 2633 1144 illis
2659 1087 2728 1142 “.
2766 1106 2785 1140 ι
2815 1086 3301 1142 Verumenimvero
3349 1085 3399 1138 si

1816 1183 2083 1255 pervigilii
2119 1181 2335 1237 fructus
2359 1181 2645 1237 addiscere
2678 1180 2859 1250 cupis,
2892 1180 3111 1234 curiose
3144 1193 3400 1249 perscru-

1813 1284 1952 1341 tare,
1985 1274 2120 1346 quid
2156 1274 2390 1346 singulis
2430 1274 2689 1329 noctibus
2725 1274 2927 1327 lectum
2974 1271 3236 1338 lacrymis
3267 1271 3398 1325 irri-

1814 1383 1953 1437 gans
2007 1366 2285 1422 fatebatur
2316 1369 2363 1400 ²⁵
2388 1385 2404 1423 :
2434 1367 2746 1437 Anticipavi
2794 1367 2850 1420 in
2900 1366 3308 1435 intempestate,
3343 1370 3400 1417 et

1815 1460 2054 1515 clamavi
2089 1459 2385 1527 conﬁtens,
2422 1469 2476 1514 et
2509 1459 2746 1513 laudans
2788 1464 2860 1511 te.
2899 1455 3076 1511 Media
3115 1462 3277 1509 nocte
3308 1468 3400 1507 as-

1816 1551 2135 1622 surgebam,
2165 1567 2278 1606 non
2306 1551 2374 1605 ab
2395 1549 2504 1605 alio
2531 1549 2944 1613 exstimulatus,
2975 1558 3029 1601 et
3050 1547 3101 1601 vi
3127 1552 3400 1599 attractus

1818 1645 1884 1699 ad
1916 1644 2303 1700 excutiendum
2341 1659 2632 1706 somnum,
2682 1642 2776 1697 sed
2831 1641 2950 1710 ipse
3002 1638 3397 1708 memetipsum

1823 1736 1926 1806 12
1945 1736 2198 1792 alacriter
2225 1736 2473 1791 excitans
2501 1736 2567 1789 ad
2597 1734 2844 1789 Factoris
2873 1732 3078 1803 glorias
3103 1731 3402 1785 decantan-

1818 1828 1941 1884 das.
1970 1826 2064 1881 Ea:
2088 1826 2235 1882 enim
2288 1826 2424 1881 mihi
2478 1842 2673 1883 somno
2726 1826 2846 1896 ipso
2887 1824 3170 1879 suaviores
3223 1828 3396 1887 sunt,

1817 1919 2267 1990 quandoquidem
2299 1919 2534 1975 afﬂuens
2582 1934 2647 1974 ex
2690 1919 2798 1973 illis
2832 1918 3130 1988 percipitur
3166 1916 3400 1979 utilitas,

1816 2019 1872 2065 et
1904 2011 2199 2065 multorum
2229 2010 2520 2076 bonorum,
2568 2026 2870 2080 eorumque
2915 2011 3400 2078 sempiternorum,

1818 2099 2179 2171 vigilantibus
2206 2115 2374 2155 causa
2420 2107 2568 2156 sunt.
2600 2100 2849 2154 Primum
2879 2100 3081 2154 etenim
3113 2099 3206 2167 qui
3249 2104 3404 2151 ante-

1822 2202 1948 2250 acto
1977 2193 2067 2249 die
2092 2194 2281 2263 lapsus
2311 2194 2454 2248 inter
2474 2207 2792 2255 sermones,
2829 2200 2924 2245 aut
2958 2206 3125 2261 opera
3156 2190 3404 2259 contige-

1826 2294 1981 2352 runt,
2014 2285 2127 2341 Deo
2156 2286 2487 2356 aperientes,
2517 2286 2585 2337 ab
2629 2299 2819 2338 eorum
2870 2282 3111 2353 pondere
3147 2280 3405 2335 subleva-

1818 2393 1994 2444 mur,
2077 2377 2279 2448 quippe
2341 2376 2435 2445 qui
2489 2375 2655 2429 veluti
2730 2374 2912 2445 gravis
2970 2372 3188 2426 sarcina
3241 2383 3408 2439 super

1818 2470 2079 2525 humeros
2131 2469 2326 2523 anima:
2369 2468 2736 2531 incumbunt,
2792 2475 2847 2520 et
2898 2464 3108 2534 vigiliae
3172 2463 3298 2532 igne
3348 2461 3407 2516 in

1819 2562 2035 2617 cineres
2056 2560 2448 2625 convertimus,
2472 2560 2550 2613 uti
2575 2559 2761 2629 spinas
2792 2557 2993 2612 diaboli
3025 2555 3243 2611 divitias
3278 2568 3407 2607 suc-

1819 2653 2133 2709 cendentes.
2153 2651 2245 2706 llle
2261 2652 2408 2706 enim
2428 2650 2671 2720 quotidie
2694 2648 2896 2704 nostris
2922 2646 3167 2717 lapsibus
3185 2646 3250 2699 ad
3269 2659 3404 2715 opes

1817 2744 2409 2817 emergit.Quapropter
2430 2742 2520 2795 ille
2548 2740 2709 2794 anxie
2725 2739 2846 2802 fert,
2872 2737 3181 2805 indoletque
3198 2734 3410 2789 fremit-

1818 2850 1926 2907 que
1957 2834 2221 2889 adversus
2256 2848 2378 2899 nos,
2408 2847 2531 2885 cum
2560 2844 2662 2883 nos
2707 2828 2856 2883 videt
2886 2826 3102 2895 vigilias
3133 2839 3312 2894 agere,
3343 2824 3410 2878 il-

1820 2929 1997 2997 lisque
2023 2933 2292 2996 prompte,
2322 2931 2486 2993 atque
2505 2919 2775 2975 industrie
2807 2918 3049 2971 animum
3081 2916 3403 2971 advertere:

125 3006 307 3108 μέτωίδ
329 3006 519 3107 ἡμῶν,
553 3006 992 3105 προσγενομένου
1025 3006 1191 3088 αὐτοῦ
1222 3006 1634 3105 πορισμοῦ-γυμ

1922 3019 2159 3073 maxima
2188 3031 2423 3087 namque
2449 3015 2651 3069 damna
2688 3028 2837 3076 eum,
2872 3019 2928 3066 et
2979 3009 3176 3064 turbas
3227 3006 3408 3076 conji-

122 3127 578 3193 dmﬁeczvﬁweg,
621 3126 713 3179 καὶ
751 3125 980 3197 ἔρημον.
1027 3124 1291 3197 Δεύτερον
1325 3125 1383 3179 δὲ
1417 3124 1578 3178 αὐτὸν
1628 3121 1723 3177 τὸν

130 3220 540 3290 πολυκέφαλον,
609 3220 705 3272 καὶ
749 3218 1113 3288 παμπόνηρον
1163 3217 1309 3288 θῆρα
1360 3215 1725 3285 ἐφαλλόμενον

120 3316 256 3385 ἡμῖν
287 3314 571 3384 ἀοράτως,
607 3312 702 3365 καὶ
724 3310 1002 3382 σπαράξαι
1026 3308 1725 3380 βουλόμενον,ἡκαταπιεῖν

122 3407 294 3477 ἡμεῖς,
326 3407 361 3475 ή
388 3405 676 3473 ἄγρυπνος
706 3402 921 3473 χαλινοῖ
947 3403 1043 3454 καὶ⁵
1072 3399 1401 3470 συμποδίζει
1435 3397 1593 3468 εὐχὴ,
1624 3399 1722 3451 καὶ

122 3499 308 3553 ἐκλύει
330 3497 403 3551 τά
438 3495 607 3567 νεῦρα
638 3495 740 3565 τῆς
796 3493 1066 3565 πονηρίας
1107 3490 1300 3555 αὑτοῦ,
1337 3492 1489 3561 ἡμᾶς
1518 3490 1577 3543 δὲ
1612 3488 1716 3559 τῆς

122 3591 383 3662 οὐρανίου
441 3588 758 3659 φιλοτιμίας
799 3587 1081 3656 ἐπιτυχεῖν
1116 3582 1386 3654 προξενεῖ,
1445 3581 1589 3652 ὑπὲρ
1624 3582 1725 3643 τὰς

122 3685 313 3753 πηγάς
348 3685 488 3754 ἡμῖν
517 3678 937 3750 ἀναϐλυζούσης
966 3680 1068 3748 τῆς
1099 3678 1347 3747 χάριτος,
1379 3676 1474 3728 καὶ
1494 3673 1637 3743 ὑπὲρ
1664 3671 1726 3726 τὸ

124 3778 367 3845 πέλαγος
390 3775 665 3846 χεομένης
698 3775 780 3837 είς
809 3771 1089 3843 ἡμετέραν
1119 3768 1461 3839 εὐεργεσίαν.
1492 3767 1727 3819 Ἔπειτα

124 3868 185 3921 δὲ
208 3869 305 3922 καὶ
340 3869 511 3937 ἡμεῖς
537 3864 889 3936 όκνηρότεροι
910 3862 1005 3915 τοῦ
1038 3860 1231 3914 λοιποῦ
1257 3860 1388 3930 περὶ
1418 3856 1481 3910 τὸ
1510 3856 1727 3910 πταίειν

123 3960 413 4031 γινόμεθα,
449 3958 551 4028 τῆς
579 3955 895 4028 ἀγρυπνίας
947 3956 1082 4026 ήμῖν
1122 3952 1421 4022 λογισμοὺς
1450 3949 1725 4020 φιλοθεῖας

123 4050 676 4120 ὲναπαλασσομένης,
703 4049 797 4102 καὶ
825 4048 1037 4117 κόσμου
1074 4045 1436 4117 ματαιότητος
1458 4046 1726 4115 ἀποστρο-

128 4146 235 4216 φὴν
282 4142 651 4214 ἐμποιούσης,
716 4142 815 4195 καὶ
836 4139 1150 4193 διωθεῖσθαι
1177 4140 1248 4193 τὰ
1284 4138 1596 4209 βλάπτοντα
1640 4137 1722 4191 δι-

128 4236 467 4304 δασκούσης.
486 4234 551 4287 Ἦ
577 4233 684 4305 γάρ
706 4233 851 4288 κατὰ
865 4233 998 4286 Θεὸν
1021 4231 1301 4304 ἀγρυπνία
1318 4231 1563 4301 ἐρήμους
1577 4230 1726 4300 ἡμᾶς

129 4327 351 4395 νύκτωρ
365 4324 787 4397 παραλαϐοῦσα,
807 4324 902 4378 καὶ
918 4326 1199 4394 ἀπεστερη
1208 4322 1516 4395 μένους,τῆς
1530 4338 1591 4374 τε
1611 4319 1721 4373 τῶν

129 4420 302 4491 ὄχλων
378 4418 696 4489 συγχύσεως
718 4456 735 4483 ,
800 4417 892 4470 καὶ
936 4416 1035 4486 τῆς
1089 4414 1199 4468 τῶν
1252 4413 1722 4484 συναλλαγμάτων

134 4510 388 4579 σπουδῆς.
422 4508 523 4561 καὶ
549 4506 650 4577 τῆς
707 4504 817 4559 τῶν
844 4505 1015 4575 φίλων
1034 4503 1347 4575 συντυχίας,
1396 4504 1589 4576 καιρὸν
1627 4505 1722 4557 εύ-

136 4599 324 4669 ροῦσα,
352 4598 432 4661 ὡς
462 4598 647 4668 μήτηρ
670 4596 1043 4668 φιλόστοργος,
1063 4596 1121 4648 ἐν
1146 4594 1572 4664 ἀπερικτυπήτῳ
1596 4595 1723 4658 τινὶ,

133 4690 226 4743 καὶ
254 4689 512 4761 ἡσυχίας,
548 4689 644 4742 καὶ
672 4688 908 4758 νήψεως,
942 4688 1038 4741 καὶ
1064 4688 1328 4758 γαλήνης,
1374 4688 1469 4741 καὶ
1517 4685 1725 4757 μεστῆς

133 4782 358 4851 εἰρήνης
385 4780 803 4860 μεμεστωμένῳ
826 4779 1036 4851 χωρίῳ,
1063 4780 1157 4833 καὶ
1183 4778 1552 4849 παραθήσασα
1574 4778 1724 4849 ἡμᾶς

135 4872 323 4941 ἑαυτῇ,
355 4870 640 4937 ἀνοίγνυσι
666 4869 794 4932 τοὺς
825 4869 1027 4939 έαυτῆς
1051 4869 1361 4940 θησαυροὺς
1383 4868 1483 4938 τῆς
1512 4868 1727 4936 σοφίας,

136 4964 225 5015 καὶ
250 4963 362 5015 τῶν
396 4961 610 5014 σεπτῶν
628 4964 1030 5032 παραινέσεων,
1061 4962 1155 5013 καὶ
1183 4960 1291 5013 τῶν
1328 4960 1487 5014 θείων
1517 4960 1723 5030 ἐλλάμ-

1827 3113 2029 3176 cimus,
2076 3124 2201 3164 cum
2241 3123 2365 3163 eum
2400 3105 2652 3177 quotidie
2701 3113 3021 3161 nostrorum
3073 3100 3408 3154 delictorum

1827 3200 2279 3264 substractione,
2337 3198 2544 3268 quibus
2624 3197 2743 3266 ipse
2802 3193 3120 3265 opulentior
3183 3188 3407 3254 evadit,

1826 3296 2035 3354 nudum
2137 3296 2528 3362 desertumque
2605 3288 3079 3344 demonstramus.
3169 3281 3411 3338 Posthac

1825 3388 2081 3445 eumdem
2128 3385 2499 3454 multicipem,
2536 3396 2601 3436 ac
2634 3379 3114 3451 perversissimam
3166 3374 3409 3430 belluam

1826 3477 2277 3535 invisibiliter'in
2324 3490 2428 3530 nos
2460 3475 2893 3543 irrumpentem,
2935 3477 2991 3524 et
3038 3467 3356 3536 discerpere
3390 3504 3408 3529 ,

1828 3582 1923 3626 aut
1969 3569 2243 3641 deglutire
2298 3566 2558 3622 ardenter
2610 3570 2978 3634 appetentem,
3037 3560 3171 3630 vigil
3228 3559 3411 3613 oratio

1826 3663 2029 3727 frenat,
2060 3670 2115 3716 et
2144 3656 2442 3729 compedit,
2475 3663 2529 3711 et
2559 3670 2764 3710 nervos
2790 3653 3007 3707 astutiae
3030 3649 3182 3704 illius
3211 3647 3413 3703 dissol-

1823 3756 1937 3823 vit;
1963 3768 2066 3808 nos
2099 3767 2230 3806 vero
2259 3748 2565 3805 caelestium
2596 3748 2866 3800 honorum
2900 3741 3195 3814 participes
3236 3737 3411 3802 facit,

1826 3851 2003 3923 gratia
2042 3846 2205 3903 nobis
2236 3844 2372 3915 ipsis
2398 3842 2649 3897 fontibus
2683 3838 2909 3892 uberius
2939 3832 3307 3897 scaturiente,
3353 3840 3411 3886 et

1826 3942 1966 3996 mari
1990 3941 2112 4011 ipso
2145 3936 2521 3992 abundantius
2553 3934 2605 3987 in
2626 3939 2817 3985 nostra
2839 3925 3105 3983 beneficia
3127 3923 3409 3980 efﬂuente.

1826 4032 1985 4089 Tunc
2014 4031 2232 4086 demum
2264 4035 2319 4082 et
2359 4041 2459 4081 nos
2492 4025 2546 4078 in
2576 4030 2852 4092 posterum
2886 4019 2950 4072 ad
2980 4014 3410 4085 delinquendum

1827 4123 2117 4193 segniores
2151 4118 2460 4179 evadimus,
2498 4114 2683 4183 vigilia
2727 4110 2893 4165 nobis
2928 4108 3290 4179 cogitationes
3321 4104 3410 4158 di-

1826 4216 1940 4272 vini
1972 4213 2176 4268 amoris
2198 4210 2517 4279 efﬁngente,
2543 4216 2597 4261 et
2619 4202 2918 4259 mundana:
2937 4200 3195 4254 vanitatis
3223 4198 3408 4268 fugam

1828 4307 2169 4367 insinuante,
2217 4315 2269 4357 et
2312 4304 2603 4356 noxiorum
2650 4296 3072 4352 insectationem
3123 4293 3408 4349 edocente.

1827 4400 2024 4467 Vigilia
2057 4394 2330 4468 siquidem
2364 4392 2668 4449 secundum
2697 4388 2867 4444 Deum
2902 4399 3068 4443 noctu
3112 4401 3216 4441 nos
3251 4384 3411 4438 solos

1825 4488 2286 4561 apprehendens,
2359 4493 2511 4539 extra
2591 4482 2875 4536 turbarum
2979 4477 3226 4533 turbines
3260 4516 3277 4541 ,
3356 4480 3414 4529 et

1824 4582 2166 4654 negotiorum
2202 4578 2303 4648 13
2327 4576 2526 4638 studia,
2555 4581 2607 4629 et
2644 4572 2943 4627 amicorum
2964 4565 3408 4629 consuetudines,

1825 4683 2042 4743 arrepta
2074 4670 2387 4734 occasione,
2431 4665 2596 4722 veluti
2640 4671 2813 4718 mater
2839 4661 3139 4724 benevola,
3179 4659 3233 4711 in
3288 4656 3412 4710 loco

1827 4766 1947 4821 sine
1972 4763 2230 4832 strepitu,
2258 4774 2474 4815 necnon
2499 4756 2728 4827 quietis,
2759 4751 3081 4809 sobrietatis
3104 4790 3119 4815 ,
3150 4756 3204 4803 et
3241 4761 3412 4817 paca-

1827 4856 2055 4912 tissimze
2111 4853 2261 4924 pacis
2302 4852 2469 4921 pleno
2495 4889 2510 4914 ,
2556 4847 2718 4903 nobis
2761 4841 3090 4911 sibimetipsi
3146 4838 3409 4899 adnexis,

1826 4945 2109 5017 sapientia:
2165 4957 2280 4998 sure
2329 4937 2770 4994 venerandarum
2833 4929 3305 4991 adhortationum,
3357 4932 3413 4980 et

1825 5037 2290 5095 illmninationum
2322 5033 2637 5087 divinarum
2671 5031 2966 5083 thesauros
2988 5029 3223 5081 reserat,
3250 5029 3303 5073 et
3333 5019 3413 5071 la-

140 5052 306 5121 ψεων.
360 5052 478 5106 Καὶ
533 5050 841 5122 λεληθότως
892 5050 1096 5122 πληροῖ
1130 5052 1256 5114 τοὺς
1299 5050 1538 5114 κόλπους
1573 5050 1730 5121 ἡμῶν

1826 5144 2009 5189 tenter
2042 5132 2239 5185 animm
2275 5135 2475 5183 nostra:
2502 5128 2660 5181 sinus
2690 5122 2878 5192 implet
2908 5138 2922 5173 :
2949 5129 3003 5173 et
3038 5117 3085 5172 si
3116 5115 3265 5169 illius
3290 5127 3412 5165 mu-

142 5147 237 5215 τῆς
256 5144 441 5214 ψυχῆς
466 5160 480 5174 ο
519 5143 624 5196 κᾶν
660 5142 761 5211 μὲν
790 5140 970 5196 πάντα
1017 5143 1086 5195 τὰ
1114 5142 1338 5196 δοθέντα
1370 5144 1503 5214 ἡμῖν
1535 5141 1732 5212 νηφόνο

142 5209 246 5299 τως
270 5209 621 5305 φυλάξωμεν,
661 5209 927 5305 μακάριοι
961 5235 1145 5305 ἡμεῖς,
1171 5234 1264 5286 καὶ
1307 5209 1647 5305 τρισμακάῄρι

1902 5243 1967 5279 ηιοιι
2003 5226 2185 5281 sobrie
2241 5222 2402 5277 nobis
2450 5214 2919 5274 reservaverimus
2944 5250 2957 5274 ,
3017 5209 3163 5263 beati
3191 5220 3327 5267 nos,
3356 5212 3411 5258 et

146 5298 253 5378 Kal.
283 5298 295 5305 ⁷
314 5298 583 5395 μυριάκις
608 5298 615 5300 ὴ
637 5298 841 5379 οῖδασιν
874 5298 1016 5394 ὅπερ
1047 5326 1211 5393 λέγω,
1263 5327 1311 5379 οἱ
1344 5298 1611 5395 ⁷μύσται,⁷
1634 5343 1655 5378 a

1895 5337 1939 5385 r,
1981 5327 2035 5373 et
2064 5316 2275 5370 infinite
2306 5310 2594 5367 fortunati.
2630 5308 3094 5376 Compertumque
3130 5298 3265 5354 satis
3298 5304 3404 5361 est,

148 5388 411 5487 τρόφιμοι
432 5417 537 5487 τῆς
566 5416 739 5486 καλῆς
774 5388 1318 5487 ἀγρυπνίας,-οἱτὴν
1350 5388 1584 5488 κιθάραν
1628 5433 1657 5468 τ

1901 5413 1978 5467 10d
2005 5412 2128 5466 dico
2156 5450 2170 5468 .
2200 5406 2394 5479 mystis
2422 5446 2436 5470 ,
2472 5412 2527 5459 et
2565 5401 2751 5471 probm
2779 5396 2980 5466 vigiliae
3009 5390 3283 5488 alumnis,
3314 5388 3410 5458 qui

362 5509 444 5581 τῷ
491 5479 596 5579 τῆς
936 5479 1145 5563 ἑαυτῶν
1191 5479 1457 5580 πλήκτρῳ
1482 5479 1659 5580 ’κρούε

1905 5505 2105 5560 ιιιωίιω
2153 5498 2467 5554 Davidicam
2507 5495 2711 5564 linguae
2775 5502 2889 5544 suae
2931 5485 3145 5573 plectro»
3188 5479 3414 5553 pulsare

228 5682 270 5714 “
296 5680 445 5741 Psal.
474 5699 743 5750 xxxxvm,
775 5682 863 5739 12.
894 5684 939 5716 ³⁵
969 5680 1116 5739 Psal.
1144 5698 1327 5748 uxvr,
1371 5683 1423 5737 4.
