3822 6216
442 203 515 265 95
1047 192 1058 212 ’
1956 209 2016 269 S.
2047 209 2103 270 Ν
2108 209 2217 272 ILI
3644 206 3719 269 96

442 321 782 383 appetentes,
848 324 904 371 et
962 316 1017 373 in
1078 318 1302 389 proprio
1352 327 1610 390 gutture,
1646 327 1707 376 ut
1743 319 2019 391 Propheta

2162 321 2586 393 ’ροθυμούμενοι,
2640 321 2734 376 καὶ
2786 322 2847 375 έν
2888 319 2966 392 τῷ
3004 320 3193 392 οἰκείῳ
3220 314 3485 393 λάρυγγι,
3536 319 3719 383 καθὼς

442 407 522 459 ait
550 407 618 470 ³⁸,
650 409 1011 466 excelsitates
1035 408 1131 465 Dei
1160 411 1544 468 concinentes.
1594 413 1797 467 Annon
1834 420 2025 481 guttur

444 514 629 552 meum
666 501 963 557 meditatur
990 503 1341 572 prudentiam
1371 504 1445 557 '7?
1475 511 1532 559 et
1563 502 2025 574 quemadmodum

447 589 738 656 tenebras,
786 591 862 645 ita
907 600 958 646 et
997 592 1181 651 lumen
1222 595 1496 657 ostendo,
1545 594 1775 664 psalmis
1822 592 2027 647 illumi-

446 696 618 746 nans,
652 691 707 738 et
738 685 921 741 noctis
950 687 1237 741 tristitiam
1283 687 1338 741 in
1385 688 1739 758 splendorem
1789 701 2027 741 conver-

447 781 588 839 tens,
618 784 672 830 et
710 778 1012 847 anticipant
1044 779 1188 833 oculi
1224 782 1328 835 mei
1362 780 1416 834 in
1452 781 1720 834 matutino
1753 780 1821 833 ad
1862 781 2030 834 medi-

447 866 608 919 tanda
644 868 859 939 eloquia
898 868 1144 932 Domini,
1176 879 1230 925 et
1259 887 1425 925 cocco
1449 872 1746 941 ignitarum
1806 871 2017 940 cogita-

444 959 658 1009 tionum
694 966 925 1014 ornatus
958 974 1252 1029 supernam
1294 960 1617 1031 sapientiam
1644 1000 1659 1026 ,
1712 968 1772 1013 ut
1822 958 1891 1013 ad
1937 976 2025 1013 me

444 1048 667 1113 veniat,
729 1052 1024 1106 exstimulo
1072 1070 1084 1105 :
1147 1052 1215 1106 ad
1274 1069 1375 1108 nos
1438 1054 1624 1116 enim,
1681 1052 1775 1123 qui
1830 1052 2025 1123 vigiles

445 1146 637 1193 noctes
669 1139 945 1204 ducimus,
982 1141 1164 1197 divina
1194 1145 1368 1213 gratia
1413 1144 1763 1200 ineﬂabiliter
1796 1144 2023 1216 irrepit,

444 1238 498 1283 et
525 1242 807 1300 comparet
836 1233 1193 1289 indicibiliter
1216 1276 1231 1300 ,
1261 1244 1315 1289 et
1354 1236 1421 1289 ad
1451 1252 1592 1300 eam,
1626 1251 1748 1306 quae
1776 1251 2028 1308 compre-

458 1321 619 1376 hendi
656 1334 856 1393 potest,
878 1326 1025 1382 illius
1059 1330 1475 1398 spectationem,
1505 1338 1561 1384 et
1579 1329 2024 1393 similitudinem,

447 1431 635 1470 sacras
669 1428 879 1474 mentes
907 1421 1169 1484 extendit,
1209 1437 1329 1491 qua:
1358 1430 1415 1475 ut
1442 1422 1559 1477 fieri
1606 1428 1783 1492 potest
1810 1430 1865 1477 et
1901 1437 2030 1479 san-

444 1517 565 1561 ctus
592 1508 840 1566 homines
868 1511 1052 1576 decet,
1087 1511 1160 1565 illi
1196 1528 1318 1566 sese
1345 1513 1642 1582 applicant.

948 1602 1165 1659 XXVII.
1196 1637 1263 1646 —
1289 1606 1501 1660 Eidem.

2126 414 2273 482 λέγει
2317 414 2348 468 ό
2401 415 2714 486 Προφήτης,
2759 414 2858 479 τὰς
2910 414 3147 484 ὑψώσεις
3180 412 3276 467 τοῦ
3309 412 3446 465 Θεοῦ
3488 412 3720 481 ἀναμέλ-

2127 524 2342 569 ποντες.
2374 508 2443 560 Ἦ
2466 488 2587 577 ούχὶ
2629 505 2890 577 όλάρυγξ
2932 524 3035 577 μου
3077 505 3278 577 μελετᾷ
3306 504 3560 568 σύνεσιν;
3607 503 3719 556 Καὶ

2126 596 2316 669 ὥσπερ
2340 599 2402 652 τὸ
2432 598 2650 663 σκότος,
2695 598 2870 663 οὕτως
2895 599 2990 651 καὶ
3014 598 3076 651 τὸ
3102 598 3216 667 φῶς
3244 597 3512 667 δείκνυμι,
3543 612 3716 649 κατα-

2129 690 2362 759 φωτίζον
2411 693 2525 754 τοῖς
2560 691 2817 763 ψαλμοῖς,
2848 692 2944 745 καὶ
2989 689 3336 760 καταυγάζον
3378 688 3480 758 τῆς
3521 688 3718 751 νυκτὸς

2127 779 2227 850 τὴν
2260 781 2615 851 στυγνότητα,
2642 781 2737 836 καὶ
2776 781 3181 853 προφθάνουσιν
3221 782 3271 833 οἱ
3300 778 3579 849 ὀφθαλμοί
3611 795 3714 849 μου

2130 868 2268 939 πρὸς
2290 868 2487 940 ὄρθρον
2517 869 2611 923 τοῦ
2641 870 2874 943 μελετᾷν
2903 870 2975 925 τὰ
3012 872 3165 938 λόγια
3204 870 3437 940 Κυρίου,
3492 868 3593 921 καὶ
3635 867 3716 937 τῷ

2130 961 2315 1032 κόκκῳ
2342 962 2716 1033 κοσμούμενος
2736 961 2844 1016 τῶν
2863 961 3142 1032 διαπύρων
3172 962 3431 1033 νοήσεων,
3452 960 3553 1031 τὴν
3577 960 3714 1013 ἀνω-

2130 1050 2224 1104 θεν
2267 1053 2462 1121 σοφίαν
2512 1053 2762 1107 ἐπελθεῖν
2811 1070 2903 1123 μοι
2950 1052 3280 1122 προτρέπωο
3315 1052 3574 1121 ἐπιφοιτᾷ
3606 1050 3717 1119 γὰρ

2131 1143 2391 1215 ἀρρήτως
2420 1146 2552 1215 ἡμῖν
2582 1146 2615 1217 ἡ
2642 1147 2803 1216 χάρις
2832 1145 2925 1198 τοῦ
2953 1145 3159 1216 Κυρίου
3187 1146 3298 1206 τοῖς
3321 1140 3713 1214 ἀγρυπνοῦσιν,

2130 1236 2226 1289 καὶ
2257 1236 2605 1304 ἐπιφαίνεται
2645 1238 2787 1307 ὑπὲρ
2817 1237 3000 1305 λόγον,
3044 1238 3140 1289 καὶ
3174 1236 3311 1306 πρὸς
3343 1236 3442 1305 τὴν
3484 1237 3718 1307 έφικτὴν

2130 1327 2302 1397 αὐτῆς
2332 1326 2587 1398 θεωρίαν,
2636 1329 2734 1382 καὶ
2778 1329 3039 1397 ὁμοίωσιν
3072 1326 3346 1381 ἀνατείνει
3372 1328 3497 1389 τοὺς
3535 1327 3717 1397 ἱεροὺς

2143 1419 2291 1484 νόας,
2309 1420 2461 1485 τοὺς,
2482 1418 2558 1484 ὡς
2575 1419 2815 1492 θεμιτὸν,
2838 1422 2933 1473 καὶ
2968 1418 3307 1492 ἱεροπρεπῶς
3328 1418 3719 1483 ἐπιϐάλλοντας

2134 1511 2293 1581 αὐτῇ.

2656 1606 2784 1660 ΚΖ¹.
2805 1637 2875 1647 —
2898 1605 2981 1671 Τῷ
3013 1605 3194 1672 αὐτῷ.

515 1688 923 1749 Pet-beatissimi
957 1711 1168 1761 sumus,
1211 1697 1257 1751 si
1287 1714 1407 1768 quae
1443 1716 1511 1753 ex
1540 1700 1825 1772 pervigilio
1874 1701 2020 1757 ulnis

2202 1697 2723 1769 Μυρισμακάριστοι
2789 1699 2887 1769 μὲν
2950 1666 3299 1769 ύπάρχομεν,
3354 1698 3485 1752 ὅταν
3539 1697 3721 1752 πάν-,ια

443 1786 985 1854 excepimus,omnia
1020 1796 1445 1845 servaverimus.
1482 1792 1691 1857 Quodsi
1722 1801 1931 1863 partem
1958 1809 2024 1849 cx

447 1875 515 1929 iis
543 1875 793 1945 exiguam
826 1887 922 1933 aut
954 1879 1225 1951 ingentem
1268 1882 1519 1938 amittere
1562 1886 1873 1955 contigerit,
1904 1903 2028 1955 qua:

443 1965 652 2034 reliqua
687 1966 933 2033 fuerunt,
970 1972 1316 2028 abundanter
1339 1974 1405 2028 ad
1437 1976 1669 2030 salutem
1702 1977 1807 2049 14
1829 1980 2028 2035 mentis

445 2056 746 2114 infantibus
806 2062 1093 2118 sufﬁcient.
1144 2065 1390 2136 Namque
1443 2083 1646 2138 auceps
1705 2070 2023 2139 frequenter

443 2158 665 2203 centum
696 2160 926 2206 venatus
962 2162 1206 2211 turtures
1239 2156 1291 2210 in
1325 2172 1489 2227 agro,
1518 2158 1567 2214 si
1621 2159 1728 2214 sibi
1782 2162 2028 2231 gaudens

444 2254 540 2293 eas
570 2243 889 2307 oceluserit,
921 2249 1274 2314 postmodum
1306 2249 1615 2320 negligens,
1658 2252 1897 2316 tertiam,
1931 2262 2028 2307 aut

446 2330 669 2399 duplam
710 2342 919 2403 partem
952 2337 1223 2404 amiserit,
1266 2340 1413 2409 quod
1448 2341 1703 2397 volucres
1745 2342 1853 2398 illae
1888 2347 2029 2399 clam

443 2433 794 2493 erumpentes
822 2427 878 2481 in
931 2428 1112 2499 fugam
1150 2446 1209 2485 se
1234 2430 1521 2497 dederint,
1552 2434 1608 2487 in
1643 2435 1868 2505 reliquis
1896 2452 2033 2491 moe-

444 2527 624 2567 rorem
662 2516 963 2582 imminuit,
1004 2520 1355 2590 animumque
1399 2536 1560 2576 suum
1602 2525 1834 2592 solatur,
1884 2527 2030 2597 quod

445 2620 557 2660 non
592 2609 781 2663 vacuis
813 2611 1068 2667 manibus
1095 2612 1430 2668 domicilium
1464 2624 1708 2686 repetat,
1736 2628 1791 2674 et
1819 2620 2033 2689 c0piam

445 2698 574 2753 licet
603 2714 710 2752 non
736 2701 1001 2770 integram
1033 2713 1147 2757 tum
1192 2715 1461 2774 reportat,
1493 2717 1549 2761 et
1596 2693 1794 2766 rursus
1843 2710 2034 2767 futuro

444 2798 691 2859 tempore
749 2793 977 2857 utiliter,
1030 2810 1153 2864 quze
1211 2796 1266 2850 in
1323 2781 1612 2855 venatione
1661 2809 1819 2872 capta
1869 2798 2031 2870 sunt,

444 2883 661 2938 cautius
694 2884 973 2940 custodire
1001 2887 1281 2956 perdiscit.

942 2977 1185 3033 XXVIII.
1215 3011 1287 3021 —
1313 2980 1522 3038 Eidem.

518 3059 728 3117 Bonum
758 3064 1006 3137 illudque
1028 3070 1537 3138 auspicatissimum
1567 3080 1652 3128 est
1686 3075 2031 3145 pervigilium

444 3156 536 3223 iis,
571 3157 669 3227 qui
704 3173 957 3214 somnum
1001 3163 1197 3216 mortis
1239 3163 1484 3217 vicinum
1535 3164 1813 3222 discutere
1847 3169 2035 3223 animo

445 3258 693 3311 versant,
725 3256 989 3322 tantoque
1012 3254 1212 3323 majus,
1244 3264 1513 3323 quantum
1546 3266 1601 3311 et
1624 3255 1894 3313 Dominus
1916 3261 2035 3329 ipse

444 3338 506 3392 id
532 3341 801 3405 exercuit,
838 3342 1059 3415 sibique
1087 3344 1365 3400 familiare
1390 3346 1541 3413 fecit,
1569 3348 1626 3402 in
1671 3349 2036 3417 dispositione

460 3433 767 3486 secundum
797 3449 1048 3499 carnem,
1090 3445 1151 3490 ut
1198 3437 1371 3491 tradit
1408 3437 1590 3493 Lucas
1624 3458 1641 3495 ;
1699 3457 1719 3490 ι
1762 3439 1894 3495 Erat
1940 3440 2036 3498 Je-

446 3538 545 3578 sus
590 3534 926 3595 pernoctans
981 3528 1036 3582 in
1080 3530 1333 3584 oratione
1370 3528 1465 3585 Dei
1494 3530 1561 3595 ³⁸,
1606 3550 1625 3582 ι
1691 3548 1858 3602 opere
1914 3534 2034 3604 ipso

447 3626 549 3666 nos
583 3612 890 3679 instruens,
924 3614 1175 3687 Magistri
1222 3618 1382 3689 sequi
1425 3620 1678 3690 vestigia.
1709 3620 2036 3691 Propterea-

447 3720 558 3774 que
584 3706 826 3771 dicebat,
862 3726 883 3760 ι
942 3708 1203 3780 Vigilate,
1256 3721 1314 3767 et
1365 3720 1538 3777 orate,
1582 3730 1651 3769 ne
1706 3715 1929 3772 intretis
1978 3718 2035 3771 in

450 3798 810 3853 tentalionem
834 3800 903 3855 ’⁸.
945 3819 965 3853 ι
1004 3800 1109 3868 Qui
1138 3819 1270 3857 vero
1301 3813 1461 3859 erant
1485 3821 1517 3861 e
1552 3807 1816 3861 comitatu
1844 3807 2035 3875 Pauli,

446 3896 506 3944 et
534 3888 682 3954 Silaa,
708 3892 1139 3949 emolumentum
1169 3896 1369 3966 vigilia:
1423 3898 1817 3967 percallentes,
1854 3901 2037 3956 media

448 3988 611 4035 nocte
642 3983 940 4039 laudabant
973 3983 1142 4041 Deum
1167 3986 1234 4042 ³⁸.
1268 3988 1333 4043 Ει
1367 3989 1538 4043 David
1571 3990 1648 4047 ait
1676 4010 1690 4044 :
1719 4009 1738 4042 ι
1780 3991 2036 4064 Vigilavi,

447 4076 505 4123 et
543 4069 723 4126 factus
758 4087 883 4126 sum
930 4073 1075 4129 sicut
1103 4090 1295 4144 passer
1326 4077 1609 4134 solitarius
1646 4080 1700 4134 in
1733 4089 1878 4137 tecto
1911 4083 1979 4151 ³¹,
2010 4103 2029 4136 ι

450 4159 648 4227 pennis
682 4175 881 4230 nempe
926 4163 1264 4230 praevalens,
1302 4180 1409 4219 non
1450 4181 1545 4235 per
1577 4177 1780 4222 terram
1816 4186 2035 4240 repens,

449 4248 546 4299 sed
574 4245 631 4299 in
664 4254 828 4311 tecto,
862 4256 916 4301 et
955 4248 1009 4302 in
1043 4252 1363 4306 summitate
1410 4255 1631 4309 virtutis
1659 4269 2034 4314 commorans.

2128 1790 2477 1860 φυλάξωμεν,
2544 1792 2690 1863 ἅπερ
2736 1792 2802 1844 ὲκ
2849 1791 2950 1859 τῆς
3000 1789 3310 1860 ἀγρυπνίας
3363 1788 3721 1844 ὲνεκολπισά⁶

2131 1881 2290 1949 μεθα.
2332 1880 2414 1945 ,Εἰ
2451 1880 2509 1934 δὲ
2560 1882 2656 1935 καὶ
2706 1881 2969 1935 ἀπολέσαι
3028 1880 3314 1952 συμϐαίνει
3359 1880 3525 1951 μέρος
3572 1882 3722 1951 ἡμᾶς

2128 1972 2306 2041 ὀλίγον
2344 1972 2378 2043 ἢ
2424 1972 2736 2035 πολλοστὸν,
2794 1973 2953 2026 ίκανά
2992 1973 3087 2026 καὶ
3153 1971 3223 2024 τά
3272 1971 3721 2043 παραλειφθέντα

2129 2065 2429 2136 ἐπαρκέσαι
2481 2065 2618 2135 πρὸς
2661 2065 2936 2136 σωτηρίαν
2969 2066 3080 2125 τοῖς
3125 2062 3341 2132 νηπίοις
3371 2062 3473 2134 τὴν
3520 2063 3720 2132 φρένα.

2130 2154 2249 2208 Κᾶν
2300 2155 2409 2226 γάρ
2464 2154 2677 2225 ἰξευτὴς
2712 2155 2976 2219 πολλάκις
3006 2154 3203 2208 ἑκατὸν
3228 2151 3552 2224 τεθηρακὼς
3588 2170 3724 2223 τρυ-

2130 2245 2293 2314 γόνας
2321 2250 2378 2300 ἐν
2405 2246 2485 2317 τῷ
2516 2246 2693 2318 ἀγρῷ,
2723 2247 2821 2300 καὶ
2846 2246 3051 2318 χαίρων
3085 2236 3476 2308 ἐναποκλείσας
3524 2243 3722 2307 αὐτὰς,

2132 2337 2230 2390 εἴτ’
2260 2337 2317 2404 ἐξ
2344 2336 2678 2408 ἀπροσεξίας
2702 2336 2763 2390 τὸ
2780 2336 2987 2408 τρίτον,
3010 2335 3044 2408 ἢ
3066 2335 3128 2388 τὸ
3150 2336 3394 2406 δίμοιρον
3420 2334 3721 2397 ἀπολέσας,

2130 2428 2211 2499 τῷ
2246 2428 2644 2481 ὑπεκδεδυκότα
2697 2427 3030 2497 πεφευγέναι
3081 2426 3152 2481 τά
3200 2425 3380 2495 πτηνά
3410 2466 3425 2488 ,
3485 2426 3545 2477 ὲν
3609 2426 3726 2487 τοῖς

2134 2517 2513 2588 ὑπολειφθεῖσι
2548 2520 2649 2589 τὴν
2680 2518 2920 2590 ἀθυμίαν
2950 2518 3202 2581 ἀνέλυσε,
3249 2517 3343 2570 καὶ
3393 2515 3726 2587 παρεμυθή-

2136 2628 2269 2664 σατο
2306 2610 2404 2683 τὴν
2436 2611 2631 2665 ἑαυτοῦ
2664 2612 2918 2683 καρδίαν,
2961 2611 3022 2665 ού
3052 2613 3239 2673 κεναῖς
3269 2610 3459 2681 χερσὶν
3487 2610 3729 2679 ἐπανερ-

2140 2702 2371 2773 χόμενος
2400 2705 2479 2767 εἰς
2502 2702 2592 2755 τὸν
2622 2702 2751 2757 ἴδιον
2779 2699 2948 2766 οἷκον,
2986 2703 3122 2757 ἀλλά
3173 2703 3405 2774 μερικὴν
3454 2700 3728 2770 εὐπορίαν

2136 2795 2552 2867 ἐπιφερόμενος,
2586 2792 2683 2849 νῦν
2707 2797 2867 2861 τέως,
2892 2797 2984 2849 καὶ
3009 2795 3173 2849 πάλιν
3201 2797 3279 2858 εἰς
3302 2794 3362 2847 τὸ
3392 2792 3516 2863 ἑξῆς
3552 2794 3728 2861 ἀσφα-

2135 2887 2380 2954 λίζεσθαι
2396 2888 2682 2960 χρησίμως
2707 2888 2777 2942 τὰ
2806 2886 3104 2961 θηρώμενα
3134 2885 3470 2951 παιδευθείς.

2655 2980 2791 3032 ΚΗ¹.
2814 3008 2885 3018 -
2910 2977 2993 3043 Τῷ
3020 2977 3204 3043 αὐτῷ.

2207 3068 2481 3138 Μέγιστον
2521 3068 2727 3138 ἀγαθόν
2754 3070 2904 3123 ἐστιν
2936 3069 2969 3139 ἠ
2998 3067 3278 3141 ἀγρυπνία
3312 3069 3428 3131 τοῖς
3460 3067 3725 3120 ἀποσείε-

2137 3161 2261 3214 σθαι
2287 3162 2381 3215 τὸν
2407 3161 2624 3230 γείτονα
2663 3159 2895 3215 θανάτου
2925 3158 3093 3213 ὕπνον
3121 3160 3609 3232 προαιρουμένοις,
3632 3160 3730 3213 καὶ

2134 3253 2376 3323 τοσούτῳ
2428 3253 2596 3323 μέγα,
2650 3253 2762 3324 ὅσῳ
2817 3252 2913 3306 καὶ
2944 3254 2973 3306 ὁ
3000 3252 3283 3323 Δεσπότης
3324 3251 3490 3314 αὐτὸς
3558 3250 3725 3304 τοῦτο

2141 3343 2603 3416 μετελήλυθε,καί⁵
2634 3342 2954 3415 ᾠκειώσατο
2985 3344 3045 3397 ὲν
3071 3345 3138 3414 τῇ
3169 3340 3458 3413 οἰκονομίᾳ
3483 3343 3552 3412 τῇ
3583 3341 3731 3394 κατά

2139 3437 2339 3508 σάρκα,
2381 3435 2456 3500 ὥς
2501 3453 2634 3508 φησι
2676 3436 2828 3491 καὶὸ
2864 3436 3100 3502 Λουκᾶς,
3157 3436 3241 3489 ὅτι
3296 3452 3317 3486 ι
3346 3429 3457 3487 Ἦν
3514 3434 3730 3505 Ἰησοῦς

2136 3528 2566 3599 διανυκτερεύων
2601 3531 2660 3582 ὲν
2686 3531 2754 3600 τῇ
2781 3532 3061 3601 προσευχῇ
3086 3528 3182 3581 τοῦ
3209 3527 3369 3590 Θεοῦ,
3389 3546 3408 3578 ι
3452 3526 3730 3580 διδάσκων

2138 3621 2286 3691 ἡμᾶς
2312 3620 2380 3673 δι’
2410 3618 2574 3672 αὑτοῦ
2604 3618 2701 3672 τοῦ
2729 3618 2894 3691 έργου
2916 3618 3232 3673 ἀκολουθεῖν
3252 3621 3367 3682 τοῖς
3397 3618 3609 3688 ἴχνεσιν
3633 3616 3729 3670 τοῦ

2137 3709 2492 3764 Διδασκάλου.
2548 3710 2748 3780 Διόπερ
2798 3713 2894 3763 καί
2942 3709 3163 3778 ἔλεγεν·
3212 3708 3590 3781 «Γρηγορεῖτε
3637 3710 3733 3763 καὶ¹

2139 3801 2533 3873 προσεύχεσθε,
2573 3801 2659 3855 ἵνα
2696 3801 2772 3872 μὴ
2799 3800 3080 3870 εἰσέλθητε
3110 3802 3191 3864 εἰς
3223 3801 3552 3873 πειρασμόν.
3583 3820 3604 3853 ι
3666 3802 3731 3855 Οἰ

2138 3894 2195 3947 δέ
2214 3912 2280 3963 γε
2302 3912 2369 3947 πε
2380 3896 2432 3965 pl.
2447 3892 2659 3948 Παῦλον
2684 3894 2780 3947 καὶ
2796 3892 2979 3959 Σίλαν,
2993 3893 3054 3947 τὸ
3066 3892 3257 3963 κέρδος
3272 3893 3372 3946 οὐκ
3398 3891 3733 3960 ἀγνοοῦντες

2140 3985 2239 4055 τῆς
2283 3984 2612 4056 ἀγρυπνίας,
2655 3984 2786 4056 περὶ
2818 3985 2878 4039 τὸ
2912 3983 3267 4055 μεσονύκτιον
3323 3982 3582 4049 ἐδόξαζον
3640 3984 3733 4038 τὸν

2140 4076 2295 4131 Θεόν.
2335 4076 2445 4130 Καὶ
2476 4076 2642 4130 Δαυὶδ
2684 4076 2883 4147 φησίνο
2925 4094 2943 4128 ι
2981 4076 3360 4147 Ἠγρύπνησα,
3419 4076 3515 4130 καὶ
3540 4077 3734 4145 ἐγενό-

2143 4185 2253 4240 μην
2303 4167 2378 4232 ώς
2425 4167 2706 4240 στρουθίον
2761 4167 2995 4238 μονάζον
3036 4169 3130 4221 ὲπὶ
3186 4167 3459 4238 δώματος,
3485 4186 3505 4219 ι
3555 4169 3735 4239 ἠγουν

2141 4258 2428 4330 εὔπτερον,
2450 4259 2550 4311 οὐκ
2574 4259 2670 4311 ἐπὶ
2701 4258 2801 4328 τῆς
2837 4258 2942 4329 γῆς
2985 4257 3307 4328 συρόμενον,
3353 4256 3474 4310 ἀλλ’
3505 4259 3605 4311 ἐπὶ
3633 4257 3732 4312 τοῦ

450 4334 660 4408 Lingua
688 4354 923 4410 namque
976 4342 1225 4412 supplice
1257 4344 1379 4398 vice
1440 4361 1703 4401 manuum
1766 4364 2029 4416 mearum,

2162 4349 2411 4418 ἰώματος,
2454 4350 2549 4404 καὶ
2596 4349 2690 4403 τοῦ
2738 4349 2907 4420 ὕψους
2947 4349 3048 4421 τῆς
3106 4349 3306 4420 ἀρετῆς
3343 4348 3731 4420 διαιτώμενον.

449 4429 597 4483 circa
657 4429 1044 4487 humanissimi
1090 4434 1183 4489 Dei
1244 4436 1411 4507 pedes
1466 4439 1864 4509 complicabam
1925 4458 2034 4508 me,

451 4521 767 4593 lacrymans
794 4542 809 4591 ;
836 4533 890 4580 et
910 4525 1117 4581 luteum
1150 4544 1247 4582 cor
1282 4544 1463 4584 meum
1498 4531 1790 4587 donarium
1827 4532 2035 4591 factum

452 4624 539 4668 est
574 4626 917 4684 argenteum,
955 4619 1041 4673 vel
1071 4635 1301 4675 aureum
1330 4640 1342 4677 :
1385 4630 1441 4676 et
1470 4624 1644 4679 altare
1694 4640 1889 4683 rursus
1922 4626 2035 4683 Do-

452 4705 585 4758 mini
619 4706 797 4760 factus
828 4724 951 4763 sum
1000 4709 1227 4766 humilis
1258 4712 1443 4775 homo,
1494 4713 1551 4768 in
1583 4730 1670 4769 me
1701 4717 1878 4786 gratia
1910 4733 2035 4773 car-

452 4802 627 4858 bones
669 4806 1003 4875 cognitionis
1050 4807 1153 4877 15
1206 4808 1533 4877 eﬂ‘odiente,
1588 4818 1645 4867 et
1700 4813 2037 4870 sacriﬁcium

454 4895 706 4968 fragrans
739 4896 851 4954 Deo
879 4908 1155 4970 portante.

980 5079 1174 5135 XXIX.
1209 5112 1279 5123 —-
1314 5081 1518 5139 Eidem.

527 5170 770 5235 intueor,
814 5171 982 5227 frater
1034 5174 1142 5236 mi,
1186 5184 1236 5227 te
1280 5176 1451 5229 multa
1480 5177 1666 5233 scabie
1725 5182 2031 5237 secundum

459 5262 734 5317 internum
763 5263 1039 5319 hominem
1071 5265 1310 5320 obsitum
1344 5283 1373 5320 a
1401 5269 1582 5337 capite
1626 5286 1802 5344 usque
1842 5274 1910 5328 ad
1942 5291 2036 5345 pe-

456 5354 577 5420 des,
607 5371 672 5409 ex
700 5371 808 5425 qua
845 5372 1127 5426 nunquam
1158 5358 1413 5413 mundari
1444 5362 1673 5429 poteris,
1724 5364 1832 5420 nisi
1863 5378 2031 5422 noctu

458 5446 645 5516 vigilet
670 5447 899 5516 Spiritus
926 5457 1055 5504 tuus
1083 5450 1150 5505 ad
1170 5448 1360 5517 Deum,
1389 5467 1490 5507 nos
1518 5453 1721 5510 divinis
1748 5461 2037 5530 praeceptis

565 5582 613 5612 "
647 5581 786 5638 Psal.
837 5600 1097 5652 cnutx,
1134 5588 1185 5642 6.

1299 5588 1341 5619 ’⁷
1368 5587 1514 5645 Psal.
1557 5608 1821 5660 xxxxvm,
1858 5595 1911 5650 ιι.

533 5655 573 5686 ³¹
599 5656 742 5713 l’sal.
784 5672 857 5726 ct,
889 5663 944 5713 ὅ.

2022 5595 2065 5626 ²⁹
2104 5594 2235 5652 Luc.
2266 5611 2340 5661 vt,
2371 5596 2452 5649 1'2.

2138 4441 2361 4514 Γλώττῃ
2394 4440 2502 4512 γὰρ
2529 4440 2791 4512 ἰκετηρίῳ
2822 4439 2946 4493 ἀντὶ
2971 4438 3081 4495 τῶν
3113 4438 3315 4511 χειρῶν
3351 4456 3455 4510 μου
3485 4443 3605 4504 τοῖς
3635 4441 3731 4494 τοῦ

2139 4532 2526 4605 φιλανθρώπου
2578 4532 2715 4585 Θεοῦ
2777 4530 3030 4603 ἀοράτοις
3097 4531 3227 4584 ποσὶ⁴
3277 4531 3734 4603 περιεπλεκόμην

2134 4626 2359 4691 κλαίων,
2385 4628 2479 4680 καὶ
2499 4627 2533 4697 ἡ
2557 4625 2810 4696 πηλώδης
2831 4642 2931 4696 μου
2962 4623 3158 4697 καρδία
3194 4612 3477 4695 κειμήλιον
3500 4625 3735 4694 γέγονεν

2134 4718 2429 4792 ἀργυροῦν,
2461 4718 2493 4791 ἦ
2516 4718 2772 4790 χρυσοῦν,
2800 4717 3298 4788 καὶθυσιαστήριον
3316 4714 3481 4769 πάλιν
3514 4717 3734 4789 Κυρίου

2138 4813 2518 4883 ἀπειργάσθην
2555 4815 2584 4866 ό
2615 4810 2871 4874 ταπεινὸς
2896 4810 3204 4881 ἄνθρωπος,
3244 4808 3734 4879 ἀνασκαλευούσης

2141 4907 2237 4974 τῆς
2275 4904 2499 4976 χάριτος
2541 4905 2600 4958 ὲν
2653 4902 2779 4972 ἐμοὶ
2812 4902 2938 4965 τοὺς
2981 4901 3239 4971 γνώσεως
3277 4899 3584 4971 ἄνθρακας,
3637 4902 3733 4956 καί

2139 4997 2332 5051 θυσίαν
2362 4995 2536 5067 εὐώδη
2560 4994 2680 5065 Θεῷ
2712 4993 3114 5065 ἀναφερούσης.

2656 5087 2785 5141 ΚΘ’.
2803 5117 2873 5126 -
2894 5084 2979 5151 Τῷ
3007 5082 3188 5151 αὐτῷ.

2213 5178 2404 5232 Βλέπω
2450 5195 2533 5238 σε,
2586 5176 2802 5244 ἀδελφὲ,
2830 5176 2911 5229 ὅτι
2943 5174 3135 5245 ψώρας
3184 5174 3385 5245 πολλῆς
3440 5174 3735 5247 ἐμπεπλη-

2148 5274 2343 5344 σμένος
2368 5272 2637 5341 ὑπάρχεις
2667 5269 2810 5323 κατὰ
2839 5268 2930 5322 τὸν
2961 5269 3070 5321 ἔσω
3100 5267 3387 5338 ἄνθρωπον
3413 5266 3527 5320 ἀπὸ
3551 5283 3732 5337 κεφα-

2142 5367 2244 5436 λῆς
2268 5366 2375 5427 ἓως
2398 5364 2593 5427 ποδῶν,
2621 5358 2687 5433 ἦς
2720 5364 2820 5416 οὐκ
2848 5360 2914 5415 ἂν
2939 5360 3124 5415 δύναιο
3162 5359 3532 5432 καθαρθῆναι,
3571 5361 3623 5413 εἰ
3656 5361 3731 5430 μὴ

2141 5459 2206 5511 ὲκ
2232 5456 2425 5520 νυκτὸς
2441 5454 2685 5528 ὁρθρίζει
2717 5454 2780 5507 τὸ
2812 5451 3032 5523 πνεῦμά
3059 5469 3152 5506 σου
3181 5451 3316 5523 πρὸς
3343 5450 3434 5504 τὸν
3473 5451 3617 5505 Θεὸν
3640 5452 3730 5505 τὸν

2567 5593 2610 5624 ε’
2651 5590 2839 5647 Matth.
2880 5605 3030 5655 nrt,
3062 5587 3150 5653 Η,
3261 5587 3306 5619 ’θ
3338 5585 3459 5643 Act.
3492 5601 3612 5651 xvr,
3636 5585 3724 5641 25.
