3822 6216
142 262 202 325 97
1368 260 1905 322 EPISTOLARUM
1946 264 2092 326 LIB.
2137 268 2183 328 Ι.
3336 274 3408 337 98

138 374 441 444 φωτίζοντα
464 376 617 444 ἡμᾶς
642 376 753 438 τοῖς
782 374 949 437 θείοις
995 374 1409 446 προστάγμασι,
1464 376 1560 429 καὶ
1592 376 1714 439 ζωο·

1834 374 2257 443 illuminantem,
2292 387 2347 433 et
2383 380 2750 434 vivificantem
2790 380 2846 435 in
2896 382 3151 438 socordia
3188 384 3407 442 demor-

136 463 395 517 ποιοῦντα
412 466 544 526 τοὺς
572 466 631 517 ὲν
657 467 722 535 τῇ
751 464 985 535 ἀμελείᾳ.
1006 464 1465 534 νενεκρωμένους,
1505 464 1599 517 καὶ
1622 465 1723 534 τῆς

134 554 193 619 ἐξ
241 554 418 624 ὕψους
466 556 661 625 σοφίας
704 554 806 626 τὴν
853 555 1044 626 δρόσον
1099 555 1433 625 παρέχοντα,
1484 555 1723 625 ίωμένην

131 648 317 701 πᾶσαν
348 648 509 700 νόσον
534 646 737 718 ψυχῆς,
763 649 858 701 καὶ
893 649 1077 700 πᾶσαν
1121 648 1425 716 μαλακίανο
1464 664 1486 700 ι
1518 648 1585 700 Ἦ
1613 646 1721 716 γὰρ

131 738 325 809 δρόσος
353 739 509 810 παρὰ
530 738 645 805 σοῦ,
676 740 843 811 φησὶν
870 742 902 811 ἡ
930 738 1145 812 Γραφὴ,
1178 740 1316 809 ῐαμα
1336 740 1520 803 αὐτοῖς
1535 741 1673 793 ἐστι.
1696 758 1715 789 ι

132 830 245 883 Καὶ
283 830 454 883 πάλιν
500 830 653 898 λέγει
697 832 726 884 ὁ
776 830 943 894 Θεός⁶
1007 832 1164 885 «Καὶ
1217 831 1414 901 ἔσομαι
1468 830 1617 901 αὑτῷ
1646 831 1723 893 ὼς

131 921 347 990 δρέσος,
391 921 488 975 καὶ
548 922 772 992 ἀνθήσει
817 921 892 987 ὡς
954 923 1158 995 κρίνον.
1186 941 1205 975 ι
1257 923 1405 994 Αὕτη
1459 923 1641 975 τοίνυν
1687 923 1723 992 ἡ

132 1012 347 1083 δρόσος,
382 1010 693 1067 ἐπελθοῦσα
724 1014 819 1066 καὶ
846 1014 942 1067 νῦν
965 1016 1034 1084 τῇ
1068 1014 1134 1067 ἐκ
1182 1014 1494 1084 φιληδονίας
1528 1014 1724 1084 φλεγο-

138 1104 277 1177 μένῃ
308 1104 516 1175 καρδίᾳ
559 1122 676 1168 σου,
713 1105 808 1158 καὶ
839 1104 1199 1176 διασυρίσασα
1233 1106 1505 1176 πνεύματι
1548 1106 1724 1175 γαλη-

134 1198 313 1267 νιαὶῳ,
350 1197 453 1250 καὶ
494 1196 641 1268 αὔρᾳ
664 1198 770 1250 τινὶ
798 1198 1072 1270 εἰρηνικῇ,
1104 1198 1200 1252 καὶ
1226 1199 1419 1270 λεπτῇ,
1454 1198 1722 1263 ὲκτινάξει

137 1305 228 1341 σου
250 1290 356 1359 τὴν
385 1289 562 1357 φλόγα
594 1288 785 1359 ῶσπερ
807 1291 908 1359 τῆς
937 1289 1286 1352 Βαϐυλωνίας
1308 1292 1440 1343 ποτὲ
1468 1290 1721 1360 καμίνου,

134 1382 229 1433 καὶ
247 1379 545 1449 ἀναψύξει,
571 1381 666 1434 καὶ
696 1380 864 1433 σώσει
887 1398 945 1434 σε
962 1382 1138 1452 ἀληθῆ
1156 1381 1449 1450 φιλόσοφον
1476 1383 1723 1453 ἀπεργα-

134 1468 366 1541 ζομένη,
394 1472 493 1524 καὶ
524 1469 791 1524 πείθουσα
848 1474 1046 1542 μηκέτι
1084 1473 1256 1526 πολλά
1280 1471 1583 1538 καθεύδειν,
1609 1472 1724 1527 ἀλλ’

134 1564 445 1635 ἀγρυπνεῖν
473 1561 751 1633 ἐκθύμως.

695 1654 773 1709 A'.
796 1685 867 1695 —
885 1653 968 1721 Τῷ
997 1654 1178 1722 αὐτῷ.

1824 471 1971 529 tuos,
1999 475 2057 522 et
2088 484 2154 523 ex
2178 472 2401 526 excelso
2436 487 2617 525 rorem
2664 472 2974 542 sapientiae,
3007 476 3098 544 qui
3134 490 3409 545 quemque

1825 557 1994 612 animi
2033 561 2308 626 morbum,
2340 572 2395 617 et
2427 571 2680 618 cunctam
2715 565 3001 620 mollitiem
3046 577 3227 631 sanat,
3267 585 3403 638 prae—

1830 651 2074 707 bentem.
2115 673 2133 705 (
2164 652 2276 708 Ros
2307 656 2477 721 enim,
2543 657 2620 711 ait
2650 656 2960 727 Scriptura,
2996 674 3064 712 ex
3091 670 3142 714 te
3170 662 3412 715 medica-

1824 754 2071 798 mentum
2103 746 2213 801 illis
2240 754 2346 801 est.
2405 765 2424 797 ι
2462 747 2818 817 Rursumque
2866 748 3005 804 dicit
3036 748 3221 805 Deus:
3263 771 3282 802 ι
3347 753 3411 805 Et

1823 836 2052 905 eroipsi
2085 845 2145 891 ut
2181 852 2292 905 ros,
2325 847 2380 893 et
2406 838 2617 894 llorebit
2649 848 2706 895 ut
2740 842 2911 895 lilium
2948 843 3013 895 ⁸³.
3048 861 3065 893 ι
3092 842 3191 897 Hic
3226 844 3412 914 itaque

1824 942 1919 982 ros
1949 928 2250 985 adveniens
2273 932 2338 985 ad
2381 946 2477 986 cor
2506 940 2685 996 tuum,
2723 934 2871 1003 quod
2921 936 3287 1006 intemperiis,
3344 953 3410 990 ac

1823 1022 2201 1092 voluptatibus
2231 1025 2477 1090 exardet,
2511 1034 2564 1081 et
2597 1027 2795 1096 spiritu
2840 1030 3162 1098 tranquillo,
3196 1040 3249 1085 et
3277 1046 3411 1085 aura

1824 1122 2039 1181 pacata,
2067 1121 2122 1167 et
2152 1114 2256 1169 leni
2286 1114 2541 1180 inﬂuens,
2592 1119 2907 1173 exturbabit
2943 1120 3193 1175 ﬂammas
3262 1132 3408 1186 tuas,

1825 1214 1887 1258 ut
1918 1205 2263 1277 Babylonica:
2279 1210 2558 1278 quondam
2591 1210 2856 1275 fornacis,
2888 1220 2944 1266 et
2973 1213 3321 1278 refocillabit,
3352 1224 3411 1270 et

1826 1295 2058 1350 salvabit
2090 1306 2175 1359 te,
2207 1315 2396 1353 verum
2427 1300 2668 1355 et'liciens
2702 1302 3109 1373 philosophum.
3145 1306 3413 1360 suadens-

1825 1401 1933 1455 que
1974 1389 2030 1441 in
2076 1397 2354 1457 posterum
2399 1406 2506 1444 non
2545 1391 2710 1445 nimis
2735 1407 2931 1447 somno
2959 1392 3274 1466 indulgere,
3310 1395 3409 1452 sed

1826 1480 1971 1536 bono
2001 1481 2185 1536 animo
2218 1482 2434 1553 vigilem
2464 1493 2809 1552 pernoctare.

2354 1659 2524 1715 XXX.
2568 1692 2635 1703 -—
2674 1663 2883 1718 Eidem.

199 1748 423 1820 Ὠσπερ
446 1747 557 1820 χρὴ
580 1748 673 1801 τὸν
709 1746 887 1812 ζῶντα
913 1717 1003 1803 διὰ
1034 1717 1239 1814 παντὸς
1268 1749 1548 1814 ἀναπνεῖν,
1583 1748 1714 1803 οὖτα

1903 1747 2375 1815 Quemadmodum
2408 1766 2547 1820 opus
2580 1760 2667 1806 est
2704 1768 2852 1818 eum,
2887 1753 2978 1823 qui
3025 1754 3180 1821 vivit,
3229 1757 3412 1811 conti-

132 1836 241 1907 χρὴ
270 1836 549 1906 διηνεκῶς
586 1836 932 1907 ἐπιτηδεύειν
975 1838 1067 1890 καὶ
1113 1840 1593 1911 μεταχειρίζεσθαι
1625 1839 1726 1909 τὴν

1831 1856 1943 1895 nuo
1968 1840 2265 1910 respirare,
2297 1842 2379 1896 sic
2411 1857 2640 1896 necesse
2660 1849 2746 1896 est
2774 1843 3042 1896 continuo
3072 1843 3247 1898 bonas
3274 1846 3414 1915 vigi~

337 1926 679 2000 ἀγρυπνίαν,
716 1929 813 1981 καὶ
867 1930 1152 1998 μιμεῖσθαι
1215 1934 1327 1995 τοῖς
1354 1932 1591 2001 ψαλμοῖς
1633 1932 1714 1984 καῚ

1834 1932 1934 1987 Iias
1972 1930 2257 2003 suscipere
2280 1972 2295 1995 ,
2332 1940 2387 1985 et
2426 1933 2673 2002 agitare,
2705 1932 3063 2002 aemularique
3093 1943 3148 1989 et
3183 1937 3411 2005 psalmis

130 2022 245 2082 τοῖς
284 2019 488 2089 ὕμνοις
524 2018 587 2073 τὸ
611 2018 713 2088 τῆς
758 2019 1125 2090 μελιφθόγγου
1155 2022 1377 2094 ἀηδόνος
1420 2023 1721 2095 ἄγρυπνον,

127 2114 295 2184 ἡνίκα
318 2113 389 2168 ἂν
426 2113 659 2178 ὲπυάζει
694 2112 764 2166 δι’
790 2114 920 2184 ὅλης
942 2114 1138 2178 νυκτὸς
1170 2116 1273 2169 οὐκ
1300 2116 1726 2186 ἁποπαυομὲνης

126 2205 225 2258 τοῦ
252 2205 541 2276 μελῳδεῖν.
565 2203 737 2258 Τοῦτο
765 2204 875 2274 γάρ
899 2222 993 2259 σου
1026 2206 1325 2271 ποιοῦντος,
1343 2208 1445 2261 οὐκ
1478 2208 1725 2274 ἀνέξεται

126 2300 157 2351 ό
184 2296 388 2368 ἐχθρὸς
418 2295 793 2367 πολυχρονίως
820 2296 1179 2368 παρεδρεύειν
1208 2314 1315 2361 σοι,
1352 2296 1496 2368 ὁρῶν
1534 2297 1726 2351 ἑαυτὸν

126 2388 568 2459 ὑποθλιϐόμενόν
600 2405 660 2441 τε
701 2388 795 2441 καὶ
830 2390 1282 2460 ὲξουθενούμενον
1321 2389 1426 2442 ὑπὸ
1469 2387 1588 2451 σοῦ,
1629 2388 1724 2442 καὶ

126 2480 238 2541 τοῖς
278 2479 390 2548 τῆς
421 2481 710 2551 ἀγρύπνου
749 2482 917 2554 εὐχῆς
954 2480 1335 2552 κεντητηρίοις
1375 2480 1724 2551 καθεκάστην

127 2573 580 2644 τιτρωσκόμενον
609 2574 802 2629 νύκτα.

671 2668 797 2722 AA’.
812 2698 884 2708 —
899 2666 986 2732 Τῷ
1012 2659 1203 2735 άὺτῷ.

198 2754 397 2810 Καλὸν
428 2755 532 2825 μὲν
581 2758 642 2811 τὸ
666 2761 1056 2831 ἀρεμϐάστως,
1099 2760 1194 2811 καὶ
1216 2756 1634 2827 ἀμετεωρίστως
1652 2757 1720 2825 τῇ

127 2853 402 2923 νυκτερίῳ
463 2848 601 2921 εὐχῇ
653 2851 1163 2923 προσπαραμένειν.
1215 2850 1278 2901 Ei
1323 2848 1381 2901 δὲ
1422 2846 1566 2900 κατά
1599 2862 1722 2898 τινα

131 2946 449 3017 πειρασμδν
499 2944 767 3016 συμϐαίη,
830 2944 925 2997 καὶ
978 2943 1228 3012 αἰσχροῖς
1282 2956 1392 2992 τισι
1441 2938 1723 3007 λογισμοῖς

1826 2032 1881 2081 et
1911 2025 2133 2095 hymnis
2183 2023 2445 2079 mellilluo
2477 2031 2646 2079 cantu
2709 2024 3029 2095 praeditam,
3070 2040 3137 2079 ac
3194 2027 3410 2097 vigilem

1826 2117 2141 2183 lusciniam,
2173 2131 2297 2170 cum
2320 2116 2414 2170 illa
2445 2116 2565 2170 ovis
2590 2117 2861 2172 incubans
2882 2132 2980 2186 per
3003 2125 3172 2171 totam
3197 2130 3411 2174 noctem

1825 2216 2048 2273 cantus,
2079 2222 2220 2279 quos
2250 2222 2534 2277 nunquam
2568 2207 2923 2263 remissiores
2975 2206 3132 2273 facit,
3185 2210 3317 2263 edit.
3352 2210 3411 2264 Id

1827 2304 1919 2357 ubi
1950 2304 2251 2373 peregeris,
2287 2302 2433 2356 haud
2476 2302 2776 2358 sustinebit
2819 2300 3173 2356 adversarius
3201 2303 3411 2357 diutius

1824 2396 1880 2451 in
1916 2404 1967 2449 te
1994 2394 2305 2457 immorari,
2350 2395 2546 2449 videns
2576 2409 2637 2449 se
2661 2393 2760 2448 abs
2806 2400 2859 2447 te
2890 2408 3165 2462 pressum,
3220 2394 3407 2459 negle-

1823 2495 2109 2556 ctumque,
2140 2494 2194 2539 et
2226 2485 2497 2539 orationis
2525 2484 2711 2554 vigilis
2746 2484 3140 2553 punctionibus
3160 2484 3412 2555 qualibet

1823 2586 1990 2634 nocte
2024 2579 2397 2633 vulneratum.

2289 2668 2394 2738 ιθ
2421 2665 2709 2720 xxx1.—
2729 2662 2942 2721 Eidem.

1892 2760 2108 2814 Bonum
2142 2760 2403 2830 equidem
2441 2766 2548 2822 est,
2578 2767 2904 2813 constanter
2931 2763 3096 2826 atque
3126 2757 3405 2812 submisse

1823 2850 1877 2905 in
1910 2860 2182 2906 nocturna
2237 2850 2494 2904 oratione
2541 2849 2882 2918 persistere:
2928 2848 2973 2902 si
3024 2862 3156 2902 vero
3186 2848 3257 2900 ob
3304 2848 3408 2900 ali-
3498 2842 3501 2845 ’

1823 2960 1986 3014 quam
2037 2943 2395 2998 tentationem
2443 2942 2768 3010 contigerit,
2802 2948 2857 2995 et
2904 2941 3174 2995 obscenas
3204 2940 3412 3008 cogita-

130 3038 651 3110 ταρακρουσθῆναι,
694 3036 963 3108 μηδαμῶς
1007 3033 1194 3106 παύσῃ
1217 3030 1313 3086 τοῦ
1342 3029 1510 3085 καλοῦ
1539 3029 1714 3097 ἐγχει-

1834 3040 2007 3092 tiones
2056 3036 2412 3105 interrumpi,
2468 3049 2498 3087 a
2548 3034 2722 3103 proho
2765 3033 2884 3101 ipse
2938 3039 3161 3091 conatu.
3221 3031 3409 3100 vigilia

132 3132 201 3202 ρή
210 3148 384 3202 ματος
414 3129 518 3199 τῆς
533 3128 859 3199 ἀγρυπνίας,
886 3126 1003 3181 ἀλλ’
1026 3125 1326 3195 ἐπίμεινον,
1358 3123 1451 3177 καὶ
1482 3119 1714 3175 παλαιώ-

1834 3145 2024 3199 nempe
2049 3170 2064 3193 ,
2104 3144 2175 3183 ne
2206 3129 2475 3189 desistas,
2526 3125 2623 3182 sed
2672 3140 2996 3196 persevera,
3049 3134 3103 3179 et
3143 3124 3199 3177 in
3240 3124 3408 3179 simili

132 3225 256 3297 θητι
285 3226 347 3277 ὲν
369 3222 450 3293 τῷ
474 3220 703 3291 τοιούτῳ
728 3221 896 3291 ἔργῳ,
934 3219 1028 3273 καὶ
1049 3218 1268 3280 πάντως
1303 3220 1361 3269 ὲν
1392 3212 1472 3286 τῷ
1516 3214 1726 3286 προσή-

133 3334 287 3371 κοντι
323 3314 505 3386 καιρῷ
531 3315 827 3386 τρυγήσεις
844 3312 970 3376 τοὺς
1007 3309 1255 3381 καρποὺς
1284 3309 1382 3379 τῆς
1420 3307 1633 3376 σοφίας.
1662 3308 1726 3360 Ei

133 3408 192 3463 δέ
226 3424 315 3470 τις
346 3406 592 3477 βούλοιτο
613 3405 799 3475 ἀργῶν
819 3403 1055 3474 τρυφᾷν,
1079 3402 1172 3455 καὶ
1205 3399 1601 3470 μεθύσκεσθαι,
1631 3398 1727 3452 καὶ

135 3498 461 3553 κολακεύειν
497 3498 596 3569 τὴν
619 3498 810 3566 κοίτην
834 3492 1029 3548 ἑαυτοῦ
1059 3491 1417 3564 χαριζόμενος
1446 3489 1601 3561 ὕπνῳ
1633 3491 1727 3543 καὶ⁵

135 3590 364 3662 ούΘεῷ,
402 3590 649 3663 βλεπέτω
676 3588 805 3651 τοὺς
844 3589 909 3640 ὲκ
952 3584 1053 3657 τῆς
1088 3582 1399 3655 παχύτητος
1430 3582 1728 3637 ὲπανατέλυ

135 3683 334 3748 λοντας
380 3686 453 3754 τῇ
504 3681 705 3754 καρδίᾳ
747 3676 970 3749 λοιμούς
1015 3694 1078 3731 τε
1124 3678 1219 3731 καὶ
1265 3676 1543 3748 μυσαροὺς
1581 3675 1729 3743 λογι-

139 3774 332 3841 σμοὺς,
366 3774 464 3826 καὶ
486 3770 897 3845 όνειροπολείτω
914 3770 1121 3832 λοιπὸν,
1140 3768 1234 3823 καὶ
1258 3766 1611 3839 προσδοκάτω
1626 3768 1726 3836 τὴν

137 3864 347 3918 οἰκείαν
376 3864 589 3917 πτῶσιν
622 3881 683 3917 τε
725 3864 820 3917 καὶ
848 3860 1148 3917 ἀπώλειαν.
1206 3858 1348 3928 Ἐγὼ
1380 3859 1489 3929 γὰρ
1518 3859 1645 3912 ἀλλο
1673 3876 1725 3912 τι

138 3952 233 4007 νῦν
275 3955 458 4007 εἰπεῖν
504 3955 606 4008 οὐκ
638 3953 833 4019 ἀνέξω,
876 3953 960 4007 ὅτι
993 3952 1197 4013 πάντες
1237 3952 1286 4003 οἱ
1334 3949 1592 4022 σαρκικοὶ
1632 3949 1725 4002 τὸν

138 4043 341 4118 τρόπον
363 4044 472 4111 ἔξω
495 4045 593 4114 τῆς
626 4043 905 4114 βασιλείας
946 4044 1294 4113 ριφήσονται.

480 4136 692 4190 AB'.-—
711 4135 963 4205 zoznuo
997 4132 1381 4203 OIKoNoMo.

216 4228 279 4282 Ὀ
308 4228 412 4299 μὲν
426 4227 629 4297 φαῦλος
660 4231 889 4298 τάχιστα
917 4226 982 4279 ἀν
1012 4222 1311 4292 καταγνοίη
1340 4221 1555 4277 καὶτοῦ
1582 4224 1721 4291 ἀγα-

140 4320 271 4375 θοῦο
320 4322 351 4374 ό
379 4320 441 4374 δὲ
466 4319 672 4388 ἀγαθὸς
742 4318 864 4371 οὐδὲ
904 4315 999 4371 τοῦ
1045 4314 1217 4369 κακοῦ
1255 4315 1476 4386 ῥᾳδίως.
1507 4314 1581 4368 Τὸ
1614 4315 1721 4385 γὰρ

139 4414 216 4478 εις
238 4412 445 4468 κακίαν
469 4412 569 4481 οὐχ
600 4410 839 4481 ἕτοιμον,
865 4409 988 4462 οὐδὲ
1016 4408 1097 4471 είς
1117 4406 1372 4461 ὑπόνοιαν
1404 4406 1648 4477 εὐχερὲς.

662 4595 785 4649 AI".
804 4624 873 4635 -
896 4591 981 4659 Τῷ
1027 4593 1209 4660 αὐτῷ.

216 4691 279 4745 '0
351 4687 543 4761 μοιχὸς
590 4686 794 4749 πάντας
850 4684 1173 4755 ἀνθρώπους
1222 4685 1432 4756 νομίζει
1503 4688 1724 4758 μοιχοὺς

139 4780 302 4847 εἶναι,
334 4780 433 4833 καὶ
466 4779 495 4831 ὁ
521 4777 757 4846 κλέπτης
788 4776 994 4839 πάντας
1033 4776 1233 4846 ὁμοίως
1275 4777 1510 4840 κλέπτας
1544 4779 1722 4847 ὑπάρ-

139 4892 253 4945 χειν
300 4871 475 4927 οῐεται
502 4885 515 4898 ·
556 4871 584 4923 ὁ
616 4868 674 4921 δὲ
707 4867 960 4939 σώφρων,
995 4868 1090 4920 καὶ
1133 4866 1309 4936 ἅγιος,
1340 4870 1437 4923 καὶ
1469 4869 1723 4938 θεοφιλὴς

140 4965 277 5036 ἀνὴρ
316 4964 533 5025 πάντας
557 4960 876 5032 ἀνθρώπους
902 4957 1179 5027 λογίζεται
1214 4961 1394 5023 ὁσίους
1435 4961 1722 5032 τυγχάνειν

143 5057 234 5111 καὶ
258 5054 523 5116 δικαίους.
572 5052 645 5104 Σὺ
693 5051 738 5105 δ’
790 5050 883 5103 ἐπὶ
922 5049 1186 5120 πονηρίαν
1235 5052 1299 5104 ἐκ
1352 5052 1578 5122 μακρῶν
1613 5053 1722 5106 τῶν

144 5143 348 5214 χρόνων
384 5140 711 5205 ἐξάκουστος
737 5138 1020 5210 ὑπάρχων,
1049 5141 1261 5203 πάντας
1288 5141 1528 5211 νομίζεις
1550 5158 1719 5213 πονη-

150 5235 268 5306 ρούς
299 5253 364 5288 τε
399 5236 495 5288 καὶ
532 5232 903 5303 φαυλοτάτους
944 5227 1105 5296 εἶναι,
1142 5233 1237 5287 καὶ
1271 5236 1384 5298 τοῖς
1414 5236 1547 5289 πᾶσι
1591 5237 1718 5301 τοὺς

147 5327 349 5390 πάντας
379 5325 692 5389 διαϐάλλεις
730 5326 1095 5398 καθεκάστην,
1132 5325 1209 5389 ὡς
1248 5326 1574 5397 μοχθηροὺς,
1620 5329 1718 5384 καὶ

150 5415 386 5478 σκαιοὺς.
420 5414 516 5469 καὶ
548 5415 687 5483 ἄγαν
717 5415 1047 5486 ἀλιτηρίους.

458 5506 582 5561 ΛΔ’.
606 5536 676 5547 -
718 5506 1051 5577 merome
1090 5507 1398 5580 morum.

215 5598 307 5671 Μὴ
327 5597 450 5652 θέλε
473 5599 564 5653 τὸν
590 5600 893 5673 ἡγούμενόν
942 5616 1037 5655 σου
1076 5594 1216 5656 εἶναι
1247 5602 1410 5671 σοφὸν
1428 5600 1507 5672 τῷ
1534 5601 1698 5674 λόγῳο

216 5713 259 5746 ⁸⁸
291 5712 453 5771 Osee.
474 5730 587 5770 xw.
619 5713 676 5770 6.

1826 3222 2183 3296 aggressione
2240 3221 2625 3283 inveterasce,
2677 3220 2759 3273 sic
2814 3219 3045 3272 omnino
3100 3226 3409 3287 opportuno

1826 3324 2075 3385 tempore
2111 3313 2398 3384 sapientia:
2431 3312 2646 3367 fructus
2674 3310 2943 3365 demetes.
2975 3310 3133 3376 Quod
3180 3310 3227 3365 si
3252 3311 3409 3380 quis-

1829 3406 1975 3474 piam
2006 3405 2245 3458 voluerit
2288 3403 2343 3457 in
2385 3402 2500 3456 otio
2545 3401 2815 3466 deliciari,
2847 3410 2902 3454 et
2934 3400 3215 3469 inebriari,
3266 3410 3321 3457 et
3352 3402 3408 3456 in

1825 3495 2029 3550 lectulo
2055 3493 2289 3561 obsequi
2319 3506 2421 3547 suo
2451 3504 2668 3551 somno,
2697 3496 2752 3543 et
2782 3504 2889 3542 non
2928 3488 3036 3544 Deo
3071 3504 3278 3546 morem
3312 3504 3407 3560 ge-

1825 3602 1983 3650 rere,
2032 3584 2346 3640 cousideret
2379 3582 2450 3637 ob
2489 3581 2968 3651 pinguedinemain
3015 3580 3201 3635 animo
3243 3596 3408 3636 exor-

1826 3685 1947 3741 tas,
1992 3674 2284 3747 pestiferas
2322 3682 2375 3728 et
2402 3673 2775 3728 exsecrandas
2828 3673 3222 3743 cogitationes,
3252 3681 3305 3726 et
3347 3673 3404 3729 in

1825 3782 2107 3842 posterum
2158 3766 2480 3838 praevideat,
2548 3773 2940 3835 exspectetque
2992 3765 3275 3835 proprium
3327 3766 3407 3819 la-

1826 3879 1983 3934 psum
2025 3869 2081 3917 et
2110 3860 2411 3915 interitum.
2448 3858 2569 3927 Ipsc
2594 3858 2741 3913 enim
2775 3856 2922 3911 aliud
2972 3856 3255 3927 quidpiam
3289 3872 3400 3911 non

1825 3955 2028 4018 dicam,
2079 3950 2189 4006 nisi
2245 3942 2559 4012 veritatem,
2614 3962 2807 4003 omnes
2864 3962 3098 4004 carneos
3155 3949 3405 4004 moribus

1822 4052 1978 4098 extra
2012 4057 2242 4113 regnum
2268 4039 2416 4110 ejici.

1898 4124 1909 4143 ⁸
2105 4130 2322 4187 XXXII.
2353 4161 2424 4173 ——
2453 4126 2709 4184 ZOSIMO
2736 4127 3123 4186 (ῈΟΟΝΟΜΟ.

1894 4223 2181 4293 improbus
2209 4222 2497 4276 celerrime
2550 4220 2820 4276 adversus
2868 4223 3101 4291 probum
3129 4222 3401 4293 judicium

1823 4316 2046 4370 dixerit.
2072 4313 2287 4369 Probus
2319 4328 2499 4382 neque
2551 4312 2820 4368 adversus
2864 4313 3066 4367 malum
3115 4330 3182 4369 ex
3232 4315 3401 4372 facili.

1753 4424 1797 4479 ι)
1821 4407 1978 4474 Quod
2002 4406 2148 4462 enim
2177 4406 2234 4460 in
2270 4404 2533 4461 malitiam
2581 4419 2815 4473 pronum
2843 4419 2952 4459 non
2982 4412 3087 4470 est,
3116 4422 3296 4478 neque
3334 4424 3404 4465 ex

1828 4498 1977 4553 facili
2012 4497 2067 4551 in
2099 4496 2467 4567 suspicionem
2502 4495 2666 4549 cadit.

1950 4591 1955 4596 '
2319 4582 2557 4638 XXXIII.
2590 4616 2661 4625 —
2690 4583 2901 4639 Eidem.

1902 4677 2130 4733 Adulter
2166 4677 2434 4731 mortales
2466 4692 2660 4732 omnes
2681 4676 2965 4732 adulteros
3000 4694 3127 4734 esse
3153 4681 3403 4751 suspica-

1828 4779 1938 4836 tur,
1966 4777 2022 4825 et
2061 4768 2149 4824 fur
2190 4768 2443 4824 similiter
2473 4783 2668 4823 omnes
2719 4766 2871 4823 fures
2905 4784 3027 4824 esse
3076 4770 3397 4827 existimat:

1821 4870 1877 4916 et
1905 4860 2179 4932 prudens,
2212 4870 2439 4915 sanctus
2461 4900 2476 4921 ,
2534 4869 2589 4914 et
2636 4862 2759 4929 pius
2795 4861 2877 4914 vir
2928 4876 3119 4917 omnes
3150 4862 3400 4920 homines

1822 4961 2047 5008 sanctos
2081 4967 2205 5007 esse
2254 4966 2318 5006 ac
2355 4952 2539 5022 justos
2569 4952 2764 5007 credit.
2799 4953 2883 5007 Tu
2921 4967 3088 5023 porro
3117 4954 3172 5007 in
3204 4959 3399 5025 nequi-

1823 5048 1897 5102 tia
1928 5046 2131 5101 multos
2159 5045 2361 5099 abhinc
2384 5060 2558 5099 annos
2581 5044 2901 5100 diﬂ‘amatus
2931 5060 3055 5100 cum
3084 5047 3182 5113 sis,
3207 5062 3398 5107 omnes

1824 5139 1999 5193 malos
2050 5151 2115 5191 ac
2161 5136 2535 5206 nequissimos
2578 5151 2701 5191 esse
2750 5138 3037 5206 opinaris;
3094 5153 3399 5210 omnesque

1825 5228 1968 5299 apud
2002 5229 2292 5284 universos
2322 5228 2594 5298 quotidie,
2624 5236 2887 5298 tanquam
2930 5230 3033 5299 17
3062 5230 3313 5299 stolidos,
3340 5241 3399 5289 et

1826 5321 2064 5393 ineptos,
2095 5328 2149 5375 et
2184 5334 2348 5391 quam
2374 5320 2613 5375 maxime
2639 5320 2937 5376 sceleratos
2967 5336 3218 5378 accusas.

2041 5513 2283 5573 XXXIV.
2306 5547 2375 5559 -—
2402 5515 2795 5573 SOPHRONIO
2834 5516 3185 5576 MONAC‘HO.

1892 5605 2254 5678 Praepositum
2300 5615 2454 5665 tuum
2503 5608 2811 5681 sapientem
2862 5628 2987 5669 esse
3040 5613 3097 5668 in
3142 5628 3398 5671 sermone
