3822 6216
415 291 490 355 99
1922 279 1983 339 S.
2020 276 2184 337 NILI

3577 267 3677 331 160

415 412 487 453 ne
525 393 757 466 cupito:
805 406 983 463 neque
1016 390 1164 446 enim
1205 392 1302 462 qul
1354 391 1502 447 docti
1553 399 1683 444 sunt
1737 402 1994 444 sermone

2179 384 2287 453 γὰρ
2316 384 2535 447 πάντως
2590 384 2642 437 οί
2698 381 2854 453 σοφοὶ
2890 381 2970 451 τῷ
3006 381 3151 451 λόγῳ
3190 377 3551 450 εὑαρεστοῦσι
3606 381 3682 449 τῷ

416 486 532 543 Deo
554 485 795 555 placent,
826 482 924 537 sed
954 481 1088 535 illud
1119 495 1344 545 conare,
1394 488 1453 534 ut
1500 478 1569 534 ad
1613 479 1776 531 liuent
1816 488 1993 546 usque

417 574 701 644 ignoranti
728 572 1044 641 subjaceas,
1077 571 1170 640 qui
1196 570 1456 641 opinione
1492 568 1778 622 hominum
1804 562 1994 619 mundi

418 665 690 737 sapientia
714 663 965 728 excellis;
986 664 1067 717 sic
1082 664 1227 717 enim
1254 660 1602 723 humilitatis,
1621 667 1676 714 et
1698 670 1839 712 verte
1861 655 1992 711 sub-

420 746 704 814 missionis
744 753 1042 811 admodum
1066 752 1306 823 pretiosa
1370 766 1575 807 corona
1614 747 1995 806 exornaberis.

926 842 1149 898 XXXV.
1178 874 1250 886 —
1278 843 1491 898 Eidem.

488 937 637 993 Nihil
663 936 892 995 omnino
946 944 1057 991 tua:
1093 935 1456 992 submissioni
1487 942 1542 990 et
1570 941 1781 1015 pacatae
1806 931 1997 997 menti,

419 1031 593 1086 multa
632 1030 715 1085 tui
749 1029 967 1084 abbatis
998 1029 1057 1083 in
1096 1043 1375 1094 sermone,
1419 1027 1516 1099 qui
1561 1041 1662 1083 ore
1694 1024 1996 1098 profertur,

420 1120 758 1192 ignorantia,
802 1120 1139 1175 detrimento
1173 1119 1302 1174 erit.

920 1211 1163 1269 XXXVI.
1196 1241 1268 1253 —
1298 1210 1505 1265 Eidem.

497 1322 518 1357 ι
558 1304 703 1359 Deus
734 1310 926 1359 noster
969 1301 1411 1360 misericordiam
1465 1309 1519 1358 et
1566 1300 1840 1372 judicium
1864 1298 1996 1354 dili-

420 1396 499 1467 git
520 1396 565 1427 ⁸³
596 1434 613 1460 ,
641 1414 659 1448 ι
697 1403 756 1450 ut
780 1395 922 1450 dixit
950 1394 1120 1449 David
1154 1413 1168 1449 :
1201 1404 1259 1449 ut
1285 1410 1463 1465 neque
1493 1394 1869 1449 misericordia
1900 1408 2002 1448 nos

420 1487 708 1556 segniores
735 1486 954 1550 reddat,
986 1502 1166 1557 neque
1193 1486 1466 1557 judicium
1507 1487 1684 1542 solum
1715 1487 1771 1541 in
1801 1486 2001 1555 despeo

421 1578 693 1631 rationem
725 1576 972 1631 inducat.
1006 1576 1257 1647 Namque
1289 1578 1402 1631 ait:
1435 1594 1454 1628 ι
1481 1577 1538 1631 Si
1572 1576 1716 1631 Deus
1741 1576 2003 1632 observa-

2095 476 2233 547 Θεῷ,
2261 476 2376 529 ἀλλ’
2393 479 2571 530 ἐκεῖνο
2594 476 2850 549 ζήτησον,
2871 478 3020 539 ὅπως
3056 476 3121 529 ἂν
3143 476 3306 545 μέχρι
3333 474 3518 535 τέλους
3551 472 3683 523 ὑπο-

2094 570 2266 639 ταγῇς
2290 567 2368 638 τῷ
2401 566 2587 641 ἰδιώτῃ
2618 550 2683 622 ab
2717 571 2745 622 6
2768 568 2846 639 τῷ
2873 568 3050 622 δοκεῖν
3087 565 3477 635 σεσοφισμένος
3496 566 3567 634 τῇ
3592 563 3681 616 τοῦ

2095 663 2305 733 κόσμου
2338 662 2522 733 σοφίᾳ,
2544 662 2642 731 τῆς
2657 658 3177 731 ταπεινοφροσύνης,
3207 658 3305 712 καὶ
3332 658 3432 726 τῆς
3450 673 3685 724 γνησιω-

2095 758 2267 828 τάτης
2299 756 2577 826 ὑποταγῆς
2609 753 2701 807 τὸν
2725 753 3096 825 πολυτίμητον
3131 750 3393 820 στέφανον
3421 749 3683 820 ἀναδήσῃ.

2626 847 2752 900 ΛΕ’.
2780 873 2850 885 -—
2878 842 2962 909 Τῷ
2982 842 3163 909 αὐτῷ.

2170 943 2336 997 Ούδὲν
2373 942 2435 995 τὸ
2482 941 2699 995 σύνολον
2732 936 3081 1011 παραϐλάψει
3106 935 3204 1008 τὴν
3252 933 3352 1006 σὴν
3386 932 3687 1003 ὑποταγὴν,

2100 1035 2195 1089 καὶ
2226 1032 2717 1106 μετριοφροσύνην,
2760 1031 2794 1101 ἠ
2849 1028 3023 1100 πολλὴ
3075 1026 3217 1082 κατὰ
3241 1026 3335 1081 τὸν
3356 1024 3692 1097 προφορικὸν

2100 1127 2260 1197 λόγον
2280 1126 2487 1181 ίδιωτία
2512 1125 2606 1179 τοῦ
2646 1122 2738 1178 σοῦ
2767 1121 2933 1178 ἀϐὅᾶ.

2620 1217 2763 1283 AG’.
2790 1243 2859 1259 --
2880 1210 3156 1268 ΞΕΝΩΝΙ.

2179 1332 2197 1364 ι
2247 1312 2306 1364 '0
2334 1310 2467 1373 Θεὸς
2490 1308 2646 1380 ήμῶν
2680 1307 2873 1378 ἀγαπᾷ
2893 1302 3267 1375 ἐλεημοσύνην
3312 1300 3409 1354 καὶ
3434 1300 3642 1372 κρίσιν,
3668 1317 3687 1351 ι

2102 1404 2285 1465 καθὼς
2319 1402 2507 1473 εῐρηκε
2531 1399 2695 1453 Δαυίδ
2715 1416 2729 1431 ·
2754 1399 2843 1452 ἵνα
2860 1398 2996 1469 μήτε
3014 1399 3042 1450 6
3068 1395 3215 1458 ἔλεος
3235 1393 3489 1465 χαυνώσῃ
3522 1394 3692 1462 ἡμᾶς,

2107 1497 2244 1565 μήτε
2281 1494 2417 1564 μόνη
2452 1494 2486 1564 ή
2517 1492 2696 1563 κρίσις
2730 1490 3043 1559 ἀπόγνωσιν
3068 1489 3455 1558 ἐνεργάσηται.
3491 1505 3511 1537 ι
3563 1486 3691 1538 Ἐὰν

2105 1588 2236 1659 γὰρ.
2259 1588 2414 1659 φησὶ,
2445 1584 2816 1657 παρατηρήσει]
2854 1582 3085 1652 ἀνομίας
3107 1583 3135 1634 ὁ
3156 1580 3309 1644 Θεὸς,
3350 1580 3432 1643 τίς
3454 1580 3695 1648 ὑποστή-

419 1668 563 1723 verit
593 1664 845 1738 pecca'la,
896 1670 1024 1738 quis
1066 1669 1362 1724 sustinebit
1390 1669 1469 1722 ³⁸2
1507 1687 1526 1720 ι
1564 1667 1695 1724 Vult
1730 1669 1899 1739 judex
1924 1670 2005 1724 tui

2169 1698 2305 1747 »ται;
2344 1699 2363 1732 ι
2394 1677 2643 1750 βούλεταί
2674 1694 2733 1730 σε
2758 1678 2787 1730 6
2813 1676 3008 1745 κριτὴς
3033 1672 3276 1745 ἐλεῆσαι,
3308 1674 3403 1727 καὶ
3438 1672 3532 1727 τὸν
3568 1674 3697 1725 ἐαυ-

423 1763 716 1826 misereri,
775 1777 1045 1831 suamque
1091 1761 1532 1817 misericordiam
1586 1763 1892 1834 impertiri,
1956 1764 2003 1818 si

2169 1773 2201 1825 ηὖ
2235 1743 2549 1842 οἰκτεῖρμὲον
2597 1743 2944 1840 μεταδοῦναι,
2965 1743 3073 1818 ἐὰν
3125 1743 3261 1836 εὑρη
3298 1780 3359 1816 σε
3407 1763 3550 1833 μετά
3598 1764 3698 1833 τὴν

422 1864 551 1927 post
579 1862 855 1925 patratum
884 1852 1147 1909 delictum
1189 1863 1243 1910 te
1271 1855 1618 1909 humiliatum
1651 1858 2001 1925 compererit,

421 1950 730 2020 videritque
770 1958 822 2003 te
862 1946 1131 2002 Dominus
1176 1945 1252 1999 ita
1296 1943 1573 2011 aﬂ'ccwm,
1615 1952 1674 1999 ut
1712 1945 1857 2000 servi
1907 1945 2004 2001 Dei

422 2041 808 2097 misericordia
851 2046 947 2094 tua
978 2038 1156 2101 ducti,
1190 2045 1373 2093 tecum
1420 2053 1529 2092 una
1559 2038 1725 2094 simul
1758 2038 2004 2093 laborem

423 2133 682 2194 subeant,
714 2145 815 2201 pro
849 2129 1177 2202 peccatricis
1222 2128 1420 2183 animae
1461 2137 1568 2182 tute
1602 2130 1804 2193 salute,
1838 2130 2007 2184 mise-

422 2224 722 2280 ricordiam
748 2238 906 2279 suam
954 2222 1175 2276 abunde
1209 2220 1306 2275 tibi
1350 2220 1749 2291 suppeditabit.
1789 2219 1849 2276 Si
1875 2236 2008 2276 vero

420 2331 521 2373 cor
569 2325 790 2371 tumens
844 2313 1144 2385 superbia,
1187 2312 1458 2379 infidum,
1501 2322 1557 2367 et
1600 2312 1871 2383 poenitere
1908 2329 2008 2369 ne-

424 2406 606 2464 scium
630 2405 1006 2477 conspexerit,
1050 2412 1106 2459 et
1139 2403 1292 2458 nullo
1322 2403 1490 2458 modo
1520 2401 1767 2458 futurum
1808 2405 2008 2460 timens

421 2499 715 2571 judicium,
770 2505 901 2552 tunc
965 2495 1073 2565 18
1124 2510 1288 2560 sane,
1332 2503 1464 2549 tunc
1502 2493 1649 2551 Deus
1672 2504 1820 2549 amat
1859 2496 2011 2573 judi-

427 2591 602 2656 cium,
654 2587 1123 2660 quemadmodum
1166 2586 1413 2644 medicus
1439 2586 1667 2657 liquidis
1725 2587 2009 2653 fomentis,

426 2697 495 2739 ac
531 2682 785 2737 uncturis
812 2679 1031 2735 lenibus
1079 2686 1352 2732 tumorem
1391 2678 1696 2747 compescit
1728 2696 1743 2733 :
1782 2679 1881 2734 sed
1918 2680 2011 2735 ubi

425 2772 791 2844 pertinacem,
822 2777 879 2824 et
911 2767 1329 2823 medicamentis
1354 2766 1716 2837 pervicaciter
1736 2768 2011 2824 resisten-

429 2874 537 2921 tem
572 2872 845 2919 tumorem
877 2859 1102 2924 viderit,
1139 2857 1652 2923 commiseratione,
1682 2866 1738 2915 et
1772 2860 2012 2916 molliter

426 2956 624 3029 agendi
670 2954 887 3010 ratione
931 2951 1167 3022 abiecta,
1212 2950 1270 3005 in
1318 2959 1605 3021 posterum
1664 2967 1825 3007 usum
1878 2952 2011 3009 ferri

434 3049 543 3105 sibi
574 3046 819 3103 asciscit.
855 3044 1017 3100 Amat
1050 3043 1218 3115 igitur
1258 3042 1721 3109 misericordiam,
1762 3052 1818 3101 et
1853 3045 2008 3115 judi-

425 3141 574 3195 cium
618 3137 908 3203 Dominus,
952 3134 1385 3191 misericordiam
1428 3132 1487 3188 in
1521 3150 1640 3199 eos,
1694 3137 1788 3208 qui
1825 3141 2003 3209 ι)ωηί-

429 3228 659 3283 tentiam
688 3236 877 3296 agunt,
902 3224 1174 3294 judicium
1218 3223 1276 3278 in
1306 3222 1632 3290 renitentes,
1664 3241 1729 3282 ac
1766 3232 2015 3299 ρει-τίω-

427 3335 542 3375 (208.

540 3406 811 3463 XXXVII.
855 3435 926 3447 —
972 3404 1372 3463 EUS'I‘ATIIIO
1402 3407 1895 3470 CUBICULARIO.

500 3500 642 3555 Tuta
673 3500 762 3555 die
787 3501 911 3555 vita:
959 3499 1189 3569 hujusce
1226 3499 1417 3569 justus
1443 3503 1716 3570 angustiis
1768 3514 1823 3560 et
1858 3508 2016 3565 dolo-

428 3595 607 3657 ribus,
630 3608 844 3648 necnon
870 3592 1187 3662 opprobriis
1217 3590 1596 3660 conflictatur,
1630 3596 1821 3652 multis
1848 3600 2013 3655 etiam

429 3686 715 3743 laboribus
749 3696 1010 3757 tanquam
1052 3686 1259 3741 ictibus
1289 3694 1692 3757 praegravatur.
1724 3687 1803 3745 Ne
1828 3691 2017 3762 itaque

430 3786 693 3846 tanquam
742 3792 803 3833 re
852 3790 997 3829 nova
1036 3774 1093 3830 in
1135 3774 1564 3830 admirationem
1593 3777 1856 3843 traharis,
1888 3798 2014 3836 cum

430 3869 637 3925 videris
673 3867 907 3938 probum
937 3867 1121 3922 virum
1150 3868 1322 3924 variis
1376 3883 1441 3922 ac
1479 3868 1716 3926 diversis
1747 3873 2027 3931 molestiis

429 3958 852 4019 colluctantem,
882 3963 937 4009 et
966 3954 1156 4011 labore
1185 3954 1299 4025 jam
1344 3954 1694 4012 fatiscentem
1728 3974 1745 4014 :
1788 3977 1807 4010 ‹
1838 3958 2013 4025 Quem

427 4048 577 4103 enim
632 4046 775 4103 Deus
828 4053 996 4111 amat,
1046 4046 1304 4118 corrigit,
1334 4044 1578 4119 ﬂagellat
1612 4065 1743 4105 vero
1791 4065 2012 4107 omnem

428 4139 627 4203 filium,
659 4154 825 4211 quem
857 4136 1101 4192 admittit
1134 4136 1205 4194 ³⁵.
1244 4155 1263 4189 ι
1300 4135 1390 4204 Ει,
1435 4157 1454 4190 ι
1488 4136 1827 4210 Flagellatus
1866 4120 2011 4209 sum,

434 4231 535 4299 ait,
561 4239 677 4285 tota
710 4230 817 4295 die,
846 4239 901 4284 et
929 4230 1285 4299 reprehensio
1316 4245 1434 4285 mea
1467 4230 1523 4301 in
1556 4234 1841 4290 matutinis
1873 4236 1939 4292 ³⁸.
1984 4254 2003 4288 ι

427 4324 615 4395 Neque
646 4323 793 4378 enim
830 4322 1192 4393 reprehensio
1225 4323 1399 4377 solem
1450 4323 1629 4394 ipsum
1664 4340 1769 4380 suo
1814 4326 2013 4384 robore

2104 1862 2383 1935 ἁμαρτίαν
2405 1859 2901 1930 τεταπεινωμένον,
2934 1857 3029 1911 καὶ
3066 1856 3176 1911 τῶν
3210 1854 3575 1910 δουλεύοντων
3619 1852 3699 1923 τῷ

2105 1955 2225 2027 Θεῷ
2265 1954 2402 2027 πρὸς
2428 1951 2491 2006 τὸ
2523 1952 2827 2021 συγκαμεῖν
2855 1948 2950 2003 τοῦ
2985 1948 3203 2017 ἰαθῆναι
3230 1947 3330 2017 τὴν
3361 1944 3698 2017 ἁμαρτωλὸν

2104 2051 2285 2122 ψυχήν
2309 2064 2429 2116 σου,
2463 2045 2560 2100 ἐὰν
2589 2043 2851 2114 θεάσηται
2892 2059 2951 2095 σε
2976 2043 3005 2094 6
3050 2039 3256 2111 Κύριος
3277 2038 3510 2091 ἐλεεινὸν
3538 2036 3699 2105 γενό-

2111 2158 2295 2213 μενον,
2345 2137 2757 2210 ὲπιχωρηγήσει
2778 2152 2862 2187 σοι
2890 2132 3121 2203 ἄφθονον
3134 2130 3234 2202 τήν
3258 2129 3454 2184 ἑαυτοῦ
3470 2128 3702 2200 ἐλεημο-

2108 2237 2297 2305 σύνην.
2326 2233 2453 2288 Ἐάν
2480 2231 2539 2286 δὲ
2568 2229 2793 2302 καρδίαν
2813 2228 3185 2299 ὑπερήφανον,
3204 2226 3297 2279 καὶ
3322 2223 3577 2287 ἄπιστον,
3606 2222 3705 2278 καὶ

2108 2326 2495 2398 ἀμετανόητον
2556 2322 2832 2394 θεωρήσῃ,
2888 2319 2983 2375 καὶ
3061 2316 3325 2389 μηδαμῶς
3356 2314 3703 2386 φοϐουμένην

2108 2419 2169 2472 τὸ
2205 2417 2396 2489 μέλλον
2432 2415 2739 2487 κριτήριον,
2788 2411 2912 2466 τότε
2961 2409 3051 2481 δὴ,
3101 2409 3223 2463 τότε
3261 2408 3456 2479 ἀγαπᾷ
3503 2409 3534 2460 6
3567 2406 3704 2470 Θεὸς

2108 2510 2209 2582 τὴν
2236 2509 2440 2581 κρίσιν,
2474 2507 2664 2577 ὥσπερ
2708 2503 2897 2576 ἰατρὸς
2940 2500 3376 2571 καταντλήμασι,
3403 2499 3499 2552 καὶ
3537 2514 3703 2569 περι-

2111 2602 2429 2672 πλάσμασιν
2457 2598 2685 2660 ἁπαλοῖς
2719 2596 2967 2667 βούλεται
2998 2592 3352 2647 καταστεῖλαι
3378 2590 3440 2644 τὸ
3474 2591 3701 2660 οἴδημα.

2126 2693 2297 2747 Ἐπάν
2331 2692 2389 2745 δὲ
2422 2691 2507 2764 ἴδῃ
2537 2688 2852 2752 ἀνενδότως,
2892 2687 2986 2740 καὶ
3014 2685 3266 2757 σκληρῶς
3304 2682 3707 2738 ἀντιτυποῦντα

2111 2785 2203 2838 τὸν
2230 2785 2414 2853 ὄγκον,
2443 2782 2605 2853 ῥίψας
2625 2780 2685 2833 τὸ
2715 2780 2917 2845 ἔλαιον,
2941 2776 3037 2832 καὶ
3064 2776 3163 2848 τὴν
3186 2774 3435 2846 μαλακὴν
3450 2772 3701 2843 ἀγωγὴν,

2112 2878 2347 2949 αἱρεῖται
2392 2875 2581 2929 λοιπὸν
2620 2872 2719 2943 τὴν
2767 2872 2863 2926 τοῦ
2921 2871 3145 2942 σιδήρου
3194 2869 3413 2940 χρῆσιν.
3482 2867 3706 2937 ’Δγαπᾷ

2110 2972 2291 3023 τοίνυν
2329 2965 2699 3037 ἐλεημοσύνην
2743 2964 2839 3018 γαὶ
2873 2962 3060 3035 κρίσιν
3085 2960 3115 3013 ὁ
3145 2960 3367 3033 Κύριος·
3399 2956 3705 3028 ἐλεημοσύ-

2113 3079 2212 3132 νην
2248 3059 2349 3131 μὲν
2393 3059 2489 3111 ἐπὶ
2523 3057 2632 3111 τῶν
2667 3046 3092 3127 μετανοούντων,
3116 3052 3297 3125 κρίσιν
3325 3051 3383 3105 δέ
3435 3049 3531 3105 ἰπὶ
3591 3048 3707 3102 τῶν

2112 3151 2363 3225 σκληρῶν
2386 3151 2481 3205 καὶ
2506 3148 2821 3205 ἀνενδότων.

2282 3418 2401 3471 AZ'.
2441 3444 2511 3456 -—
2556 3411 2897 3484 ΕΥΣΤΔΘΙῼ
2935 3407 3523 3479 ΚΟΥΒΙΚΟΥΛΔΡιῼ.

2189 3510 2357 3578 Ὅλην
2379 3505 2476 3577 τὴν
2499 3506 2715 3577 ἡμέραν
2748 3503 2845 3557 τοῦ
2893 3502 3011 3573 βίου
3056 3502 3249 3556 τούτου
3284 3504 3312 3555 6
3348 3502 3555 3563 δίκαιος
3596 3517 3707 3570 μα-

2117 3601 2397 3672 στιγοῦται
2451 3600 2509 3652 ἐν
2552 3597 2773 3663 λύπαις,
2821 3596 2881 3648 ἐν
2907 3594 3144 3659 ὀδύναις,
3171 3596 3229 3647 ἐν
3258 3593 3610 3662 ὀνειδισμοῖς,
3646 3595 3708 3645 ἐν

2116 3693 2333 3756 πολλοῖς
2364 3691 2586 3762 μόχθοις
2611 3688 2853 3743 θλίὸεται
2887 3685 3341 3758 μαστιγούμενος.
3390 3684 3483 3755 Μὴ
3518 3685 3709 3737 τοίνυν

2117 3783 2349 3851 ξενίζον,
2410 3782 2541 3834 ὃταν
2574 3777 2777 3851 βλέπῃς
2824 3776 2916 3830 τὸν
2950 3776 3158 3845 ἀγαθὸν
3210 3775 3381 3847 ἄνδρα
3420 3774 3711 3828 ταλαιπω-

2118 3872 2315 3945 ροῦντα
2354 3869 2627 3941 διαφόρως
2680 3866 2776 3921 καὶ
2822 3864 3325 3936 καταπονούμενον.
3358 3881 3379 3917 ι
3419 3866 3515 3919 Ὃν
3596 3868 3710 3935 γὰρ

2116 3965 2311 4035 ἀγαπᾷ
2341 3961 2545 4032 Κύριος
2570 3956 2837 4024 παιδεύει,
2880 3960 3137 4029 μαστιγοῖ
3165 3956 3223 4010 δὲ
3270 3957 3449 4010 πάντα
3480 3956 3600 4010 υἱὸν
3648 3957 3710 4009 ὃν

2117 4055 2503 4129 παραδέχεται.
2542 4071 2562 4104 ι
2596 4050 2742 4105 Καί’
2782 4069 2802 4104 ι
2847 4049 3169 4121 Ἐγενόμην,
3223 4050 3379 4120 φησὶ,
3432 4066 3710 4119 μεμαστι-

2116 4148 2363 4220 γωμένος
2380 4146 2509 4216 ὃλην
2528 4143 2627 4215 τὴν
2654 4142 2892 4215 ἡμέραν,
2920 4146 3017 4197 καὶ
3039 4144 3068 4195 6
3089 4140 3310 4211 ἔλεγχός
3336 4157 3437 4212 μου
3485 4142 3567 4203 είς
3606 4141 3711 4202 τὰς

2116 4239 2353 4312 πρωῖας.
2412 4255 2431 4289 ι
2487 4236 2561 4290 Οὑ
2606 4236 2715 4306 γὰρ
2760 4235 3111 4306 περιέμεινεν
3169 4234 3199 4287 6
3253 4233 3475 4303 ἐλεγχος
3514 4234 3711 4305 μέχρις

2118 4330 2348 4401 ἀκμάσῃ
2406 4327 2498 4381 τὸν
2538 4328 2713 4399 ἥλιον.
2753 4326 3021 4396 ’Ἡλεγχον
3072 4325 3308 4397 ἐμαυτὸν
3349 4323 3713 4395 ἐξομολογού-

428 4418 675 4472 vividum
711 4415 1078 4485 exspectavit.
1117 4414 1608 4486 Reprehendebam
1627 4420 2006 4489 memetipsum

2169 4440 2303 4488 ενος,
2340 4421 2397 4474 εί
2449 4438 2505 4474 τι
2564 4419 2823 4485 ἐπταισα,
2856 4419 2953 4473 καὶ
3000 4419 3170 4491 χωρὶς
3206 4418 3504 4491 μαρτύρων
3538 4419 3713 4490 δημο-

428 4510 724 4572 contitens,
751 4508 799 4563 si
831 4506 965 4577 quid
994 4506 1225 4578 deliqui,
1273 4515 1328 4563 et
1356 4508 1583 4578 ,absque
1612 4511 1853 4568 testibus
1881 4528 2014 4583 pec-

430 4611 554 4657 cata
584 4614 705 4654 mea
734 4598 1055 4669 pr0palans.

625 4688 919 4745 XXXVIII.
964 4718 1038 4728 —
1069 4687 1473 4744 XENAGORIE
1504 4688 1826 4747 DIACONO.

507 4782 783 4846 Praesens,
814 4796 937 4852 quae
970 4796 1071 4835 nos
1103 4791 1287 4847 vexat,
1331 4784 1775 4838 necessariorum
1806 4784 2014 4855 inopia,

432 4890 741 4945 eorumque
777 4889 887 4928 non
922 4872 998 4927 ita
1040 4872 1245 4935 facilis,
1282 4889 1460 4944 neque
1509 4884 1621 4929 tam
1668 4876 1779 4930 cita
1823 4877 2017 4946 acqui-

434 4964 588 5031 sitio,
646 4963 1077 5036 ignorantiaque
1115 4962 1362 5032 quando,
1400 4973 1760 5034 autquanam
1804 4969 2021 5024 ratione

434 5066 563 5111 vota
594 5065 786 5112 nostra
820 5055 981 5110 finem
1018 5056 1340 5121 habebunt;
1376 5056 1492 5111 hare
1516 5058 1700 5111 omnia
1729 5059 1844 5129 spei
1868 5074 2023 5115 exer-

438 5147 733 5203 citationes
792 5157 967 5203 sunt:
1011 5161 1138 5217 spes
1192 5148 1340 5202 enim
1395 5147 1502 5218 19
1548 5148 1605 5203 in
1663 5148 1858 5218 Deum,
1925 5151 2023 5222 qui

430 5248 622 5312 potest
660 5240 825 5303 bona,
863 5254 989 5293 cum
1021 5238 1093 5294 iis
1125 5238 1502 5305 destituimur,
1542 5250 1595 5295 et
1627 5255 1821 5296 eorum
1853 5245 2015 5314 copia

440 5342 552 5384 non
581 5333 689 5392 est,
718 5326 1001 5389 exhibere,
1029 5326 1241 5396 figenda
1270 5336 1380 5382 est.

932 5418 1175 5474 χχχιχ.
1210 5450 1278 5463 -
1306 5402 1516 5476 Eidem.

511 5508 809 5583 Speremus
853 5512 911 5568 in
957 5510 1154 5579 Deum,
1193 5511 1384 5577 frater,
1421 5529 1727 5584 speremus.
1762 5514 1888 5570 licet
1918 5533 2016 5575 ne-

2119 4513 2314 4567 σιεύων
2347 4529 2451 4584 μου
2476 4511 2574 4575 τὰς
2602 4510 2900 4581 ἁμαρτίας.

2409 4686 2542 4741 Αιιο.
2575 4717 2646 4727 -
2678 4685 3043 4757 ΞΕΝΑΙὊΡᾼ
3069 4686 3398 4756 ΔΙΔΚΟΝῼ.

2200 4781 2265 4835 Ἥ
2292 4778 2545 4851 παροῦσα
2574 4778 2670 4832 νῦν
2701 4778 2883 4832 ἔνδεια
2925 4778 3034 4832 τῶν
3063 4779 3373 4851 χρησίμων,
3405 4777 3503 4831 καὶ
3536 4776 3601 4831 τὸ
3633 4778 3711 4848 μὴ

2124 4872 2344 4945 ῥᾳδίως,
2373 4872 2509 4943 μηδέ
2548 4870 2759 4941 ταχέως
2784 4870 2965 4924 αὑτῶν
2993 4871 3377 4942 ἐπιτυγχάνειν
3408 4872 3579 4941 ἡμᾶς,
3613 4870 3712 4923 καὶ

2122 4964 2184 5017 τὸ
2214 4963 2288 5035 μὴ
2332 4961 2488 5032 δῆλον
2518 4955 2655 5015 εἷναί
2688 4978 2841 5029 ποτε,
2872 4963 2966 5015 καὶ
2997 4961 3116 5025 πῶς
3157 4960 3577 5032 ἐπιτευξώμεθα
3599 4960 3712 5013 τῶν

2124 5055 2443 5125 αἰτημάτων
2490 5052 2670 5123 ήμῶν,
2699 5053 2880 5107 πάντα
2926 5052 3101 5107 ταῦτα
3124 5054 3406 5124 γυμνάσια
3424 5053 3523 5123 τῆς
3555 5052 3714 5106 ἐλπί-

2121 5149 2210 5210 δος
2240 5146 2497 5217 ὑπάρχει*
2551 5145 2659 5216 χρὴ
2708 5144 2817 5215 γὰρ
2872 5144 3091 5198 ἐλπίσαι
3146 5148 3240 5199 ἐπὶ
3284 5144 3375 5198 τὸν
3415 5143 3550 5198 Θεὸν
3613 5145 3710 5199 τὸν

2123 5238 2349 5291 δυνατὸν
2397 5236 2580 5291 δοῦναι
2630 5235 2701 5289 τὰ
2758 5236 2958 5306 ἀγαθὰ,
3002 5237 3131 5291 ὃταν
3189 5236 3568 5309 ὑστερώμεθα,
3613 5238 3712 5292 καὶ

2127 5330 2518 5403 σπανιζιῦμεθα
2550 5329 2777 5385 τούτων.

2618 5422 2745 5480 ΛΘ’.
2777 5451 2848 5462 —
2890 5422 2974 5489 Τῷ
3028 5423 3208 5491 αὐτῷ.
3375 5474 3381 5481 .

2212 5514 2552 5587 Ἐλπίσωμεν
2576 5514 2671 5568 ἐπὶ
2686 5514 2779 5568 τὸν
2801 5514 2956 5582 Θεὸν,
2984 5516 3203 5589 ἀδελφὲ,
3240 5518 3580 5591 ἐλπίσωμεν,
3606 5517 3714 5576 κᾶν

444 5682 449 5683 7
512 5689 561 5725 ⁸³
596 5687 743 5750 Pal.
780 5706 953 5761 xxxu,
994 5674 1048 5749 5.
1132 5692 1179 5726 ”
1218 5691 1364 5748 Psal.
1397 5708 1583 5760 cxxrx,
1621 5696 1673 5750 5.
1751 5697 1796 5729 ³⁵
1826 5694 1985 5752 Prov.

2169 5696 2242 5754 l2.
2320 5699 2364 5731 "
2398 5696 2543 5755 Psal.
2586 5712 2755 5767 Lxxu,
2800 5699 2882 5755 t4.
