3822 6216
133 301 218 366 IﬂI

1381 297 1498 356 ΕΡ]
1510 296 1916 357 STOI.ARUM
1953 297 2096 357 LIB.
2141 297 2190 356 ἶ.

3290 292 3394 358 102

129 414 197 485 μή
221 411 516 483 πρόχειρον
563 409 803 482 ὁρῶμεν,
845 410 979 482 μηδὲ
1042 411 1226 482 ῥᾴδιον
1263 411 1326 463 τὸ
1357 411 1546 465 λαϐεῖν
1605 409 1706 480 τήν

1820 425 1918 479 que
1948 411 2002 462 in
2030 415 2505 480 promptu,neque
2534 421 2600 462 ex
2635 405 2782 461 facili
2809 413 2935 460 vota
2966 413 3155 461 nostra
3183 410 3391 480 suscipi

123 507 354 575 αἴτησιν.
384 502 518 573 μηδὲ
549 502 909 573 γινώσκωμεν
939 505 1124 556 ὁποῖον
1158 503 1313 556 ἔσται
1333 504 1394 556 τὸ
1421 503 1703 574 συμϐησὸ⁴

126 614 278 664 μενον
307 598 463 665 ἡμῖν.
487 595 746 648 Βούλεται
773 595 884 666 γὰρ
940 597 1086 665 ἡμᾶς
1115 597 1143 648 6
1171 596 1303 660 Θεὸς
1341 597 1430 649 ἀεὶ
1464 596 1706 661 ἐλπίζειν

125 690 204 741 ἐπ’
234 689 422 752 αὑτὸν,
448 687 506 750 ὃς
533 687 628 739 καὶ
670 687 742 740 τὰ
769 687 1076 757 πράγματα
1103 689 1279 753 οὕτως
1309 691 1701 759 κατεστήσατο,

123 779 254 832 ὥστε
299 777 698 850 προελπίσασιν
775 777 954 832 ἐλθεῖν
1029 780 1162 850 ἡμῖν
1234 782 1336 850 τήν
1402 781 1704 834 ἀπόλαυσιν

123 872 224 924 τῶν
295 873 636 942 αἰτηθέντων
699 871 1052 946 προσκαίρων
1127 889 1209 938 τε,
1292 873 1388 928 καὶ
1468 873 1704 926 αἰωνίων

123 965 356 1032 ἀγαθῶν.

635 1058 726 1111 Μ’.
760 1088 833 1098 —
869 1058 953 1124 Τῷ
998 1057 1179 1124 αὐτῷ.

197 1150 256 1202 '0
283 1151 342 1202 ἐν
373 1152 490 1211 τοῖς
519 1149 755 1219 παροῦσι
810 1151 920 1204 τῶν
971 1153 1122 1221 παρὰ
1174 1150 1269 1204 τοῦ
1294 1150 1434 1204 Θεοῦ
1465 1151 1698 1222 δεηθεὶς,

123 1241 207 1291 καὶ
233 1240 487 1303 ἐλπίσας,
524 1243 619 1293 καὶ
646 1239 845 1311 τυχὼν,
884 1241 1193 1296 διδάσκεται
1237 1243 1368 1313 περὶ
1407 1242 1514 1295 τῶν
1570 1242 1701 1312 μελ-

121 1332 328 1391 λόντων,
367 1324 445 1384 ὧν
472 1332 645 1384 δεῖται
675 1333 710 1402 ή
764 1333 1080 1404 ἀνθρωπίνη
1110 1333 1298 1403 φύσις,
1335 1334 1575 1398 ἐλπίζειν
1607 1333 1702 1387 ἐπὶ

118 1424 203 1474 τὸν
223 1423 378 1485 Θεὸν,
408 1423 504 1475 τὸν
533 1425 762 1476 κάκεῖνα
813 1423 1008 1478 δώσειν
1039 1425 1431 1496 ὑποσχόμενον.
1465 1426 1560 1479 Διὸ
1606 1429 1702 1481 καὶ

120 1516 210 1568 νῦν
241 1515 644 1584 ἐπαγγέλλεται
667 1515 775 1588 πρὸ
805 1517 914 1568 τῶν
957 1518 1318 1586 πραγμάτων,
1362 1518 1456 1570 καὶ
1485 1517 1701 1581 πολλοῖς

119 1609 427 1678 ἔμπροσθεν
459 1609 694 1678 χρόνοις,
719 1610 813 1661 καὶ
861 1609 1060 1680 πληροῖ
1105 1608 1205 1672 τὰς
1238 1610 1579 1677 ὑποσχέσεις,
1607 1611 1702 1663 καὶ

119 1701 268 1753 τοῦτο
294 1700 613 1763 πλεονάκις.
638 1700 800 1756 Οὕτω
834 1700 941 1771 γὰρ
958 1701 1053 1753 καὶ
1081 1702 1116 1770 ή
1147 1700 1406 1764 πολλάκις
1433 1701 1698 1773 γινομένη

1809 518 2124 564 cernamus.
2180 517 2358 571 neque
2401 501 2905 570 deprehendamus,
2959 502 3119 569 cujus
3174 503 3393 571 generis

1805 597 1934 659 erit,
1972 595 2119 664 quod
2151 594 2314 648 nobis
2345 594 2650 662 continget.
2700 592 2947 661 Namque
2972 594 3087 646 vult
3122 592 3262 647 Deus
3291 609 3392 648 nos

1808 689 1862 741 in
1900 703 2024 741 eum
2058 688 2326 740 continuo
2358 701 2510 756 spem
2545 685 2772 748 habere,
2797 685 2891 754 qui
2925 699 3014 737 res
3046 684 3146 738 hac
3177 686 3392 741 ratione

1805 778 2108 850 disposuit,
2135 785 2196 831 ut
2225 778 2424 848 praevia
2449 791 2546 848 spe
2579 777 2722 831 bona
2755 792 2784 829 a
2809 777 2970 830 nobis
2991 777 3251 847 expetita,
3276 778 3394 832 sive

1802 889 1869 928 ea
1923 871 2299 942 temporaria,
2351 871 2468 926 sive
2511 871 2845 940 sempiterna
2886 871 3021 935 sint,
3071 869 3392 940 possidean-

1801 973 1915 1021 tur.

2369 1053 2485 1110 XL.
2510 1083 2580 1095 —
2620 1053 2826 1109 Eidem.

1873 1147 1977 1214 Qui
2007 1146 2057 1201 vi
2094 1161 2161 1200 ac
2191 1148 2524 1203 necessitate
2555 1155 2802 1209 coactus,
2850 1162 2970 1216 quae
3009 1162 3038 1200 a
3077 1145 3186 1202 Deo
3217 1163 3391 1218 popo-

1801 1250 2026 1306 scerat,
2081 1256 2314 1310 sperans
2361 1240 2632 1301 obtinuit,
2695 1239 3005 1294 instituitur
3057 1257 3282 1311 quoque
3322 1243 3392 1296 de

1800 1334 2024 1395 Iuturis,
2070 1348 2308 1403 quorum
2343 1339 2537 1385 natura
2588 1333 2824 1385 humana
2860 1333 3086 1402 indiget,
3137 1335 3190 1386 in
3224 1335 3391 1388 Deum

1799 1443 1950 1495 spem
1987 1442 2210 1496 ponere,
2237 1425 2331 1496 qui
2361 1441 2424 1480 ea
2457 1441 2516 1479 se
2543 1425 2798 1478 daturum
2826 1427 3099 1494 promisit.
3131 1425 3390 1496 Propter-

1801 1535 1864 1573 ea
1905 1527 1960 1572 et
2001 1534 2147 1572 nunc
2181 1526 2474 1588 antequam
2517 1533 2603 1572 res
2643 1519 2920 1582 eveniant,
2970 1519 3175 1572 multos
3223 1519 3390 1573 etiam

1805 1619 1932 1664 ante
1979 1626 2155 1665 annos
2197 1611 2503 1679 promittit,
2553 1611 2930 1680 promissaque
2979 1612 3142 1680 idque
3191 1613 3392 1681 saepius

1808 1699 2046 1768 perlicit.
2075 1697 2166 1753 Sic
2192 1700 2340 1753 enim
2375 1715 2497 1767 qua:
2527 1700 2596 1753 de
2630 1699 2816 1753 divina
2847 1701 3078 1756 veritate
3107 1704 3393 1772 experien-

121 1795 277 1860 πεῖρα
316 1793 419 1862 τῆς
475 1792 626 1856 θείας
667 1791 947 1863 ἀληθείας,
976 1794 1076 1864 τὴν
1131 1795 1211 1857 είς
1259 1794 1318 1846 τὸ
1348 1794 1542 1863 μέλλον
1571 1798 1702 1867 ἡμῖν

1820 1789 1882 1841 ,ia
1934 1789 2136 1859 saepius
2183 1788 2366 1841 hahita
2399 1797 2505 1852 est,
2563 1805 2715 1858 spem
2770 1799 3016 1845 nostram
3059 1792 3126 1846 de
3170 1796 3390 1858 l'uturis,

118 1884 302 1939 ἐλπίδα
341 1884 457 1938 τῶν
495 1883 711 1954 άληθῶς
749 1886 1176 1956 ἐπηγγελμένων
1209 1887 1435 1956 βεϐαιοῖ.
1492 1889 1703 1960 Ὠσπερ

119 1974 206 2030 οὖν
243 1979 541 2041 πλεονάκις
607 1979 840 2048 αἰτήσας
894 1978 1105 2049 ἔτυχες,
1154 1981 1246 2032 καὶ
1298 1983 1495 2052 πεῖραν
1539 1981 1706 2046 ἐδέξω

121 2073 210 2140 τῆς
245 2071 398 2134 θείας
452 2071 881 2140 εὐσπλαγχνίας,
935 2073 1031 2124 καὶ
1073 2072 1559 2140 συγκαταϐάσεως,
1611 2074 1706 2126 καὶ

123 2164 570 2234 μεγαλοδωρεᾶς,
612 2163 754 2216 οὕτω
811 2164 914 2218 κᾶν
973 2164 1047 2234 μὴ
1089 2165 1300 2234 ταχέως
1335 2165 1704 2237 ὲπακουσθῇς.

119 2255 209 2307 νῦν
247 2254 496 2326 ρὼσθητι
525 2258 593 2326 τῇ
633 2256 774 2326 καλῇ
831 2256 1151 2328 προσδοκίᾳ,
1188 2259 1284 2310 καὶ
1336 2259 1703 2328 καρτερικῶς,

122 2348 210 2399 καὶ
261 2346 640 2418 μακροθύμως
689 2346 933 2411 ἑλπισον,
977 2349 1071 2401 καὶ
1127 2348 1443 2418 ὑπόμεινον,
1493 2350 1708 2420 κρούων

122 2438 201 2491 διὰ
240 2440 338 2509 τῆς
364 2439 634 2508 δεήσεως,
673 2439 868 2510 μέχρις
901 2439 968 2493 ἂν
1007 2443 1035 2493 6
1080 2439 1210 2504 Θεὸς
1246 2440 1448 2512 θελήσῃ
1471 2443 1709 2512 ἀναστῆ-

121 2547 221 2593 ναι,
245 2531 339 2584 καὶ
364 2529 559 2584 δοῦναί
585 2547 692 2596 σοι,
752 2533 878 2585 ὅσον
937 2531 1183 2602 χρῄζεις,
1223 2533 1258 2605 ἢ
1296 2535 1390 2586 καὶ
1434 2535 1574 2606 ὑπὲρ
1607 2536 1706 2606 τὴν

121 2618 323 2689 χρείαν.
367 2619 473 2672 ἐκ
503 2617 761 2690 περιττοῦ
789 2619 901 2691 γὰρ
921 2613 995 2674 ὦν
1023 2621 1348 2692 αἰτούμεθα,
1397 2623 1432 2694 ἢ
1454 2625 1705 2696 νοοῦμεν,

124 2710 332 2765 δύναται
359 2713 388 2765 6
409 2710 572 2779 Θεὸς,
603 2712 698 2766 καὶ
733 2712 982 2784 βούλεται
1012 2714 1238 2784 ποιῆσαι
1271 2717 1428 2786 ἡμῖν.

595 2885 731 2940 MA'.
763 2916 832 2926 —
862 2887 1219 2961 ΗΛΙΟΔΩΡῼ.

199 2979 467 3049 Ἰωάννης
505 2980 535 3032 6
587 2979 921 3053 Βαπτιστής,
958 2982 1290 3054 φοϐούμενος
1319 2986 1391 3056 μή
1418 3003 1470 3039 τι
1511 2984 1588 3050 ὡς
1613 2986 1708 3042 άν-

127 3071 334 3142 θρωπος
367 3072 624 3143 βλαϐείη,
652 3073 753 3137 τὰς
775 3074 959 3138 πόλεις
1001 3075 1222 3146 ἔφευγε,
1248 3078 1342 3131 καὶ
1364 3077 1464 3150 τὴν
1503 3078 1709 3151 ἔρημον

125 3161 266 3232 ᾤκει.
301 3162 523 3236 Ἰησοῦς
561 3164 618 3217 δὲ
672 3167 700 3219 6
724 3165 858 3230 Θεὸς
914 3167 1009 3220 καὶ
1044 3167 1249 3240 Κύριος
1286 3170 1400 3223 τῶν
1428 3170 1567 3224 ὅλων
1588 3176 1710 3236 ταῖς

126 3255 303 3308 πόλεσι
326 3255 708 3327 παραϐάλλων
740 3259 1086 3330 ἁμαρτωλοῖς
1126 3261 1479 3327 συνεδείπνει,
1521 3264 1711 3334 ἐπειδὴ

125 3347 266 3414 ἥλιός
313 3350 444 3401 ὲστι
501 3347 870 3420 δικαιοσύνης.
937 3349 1116 3404 Ἡλίου
1163 3353 1331 3422 αὐγαὶ
1379 3356 1472 3407 καὶ
1513 3355 1712 3419 παντὸς

127 3439 382 3510 βορϐόρου
415 3440 751 3508 ἐφάπτονται
777 3458 791 3471 ·
815 3442 912 3496 καὶ
927 3443 988 3495 τὸ
1023 3444 1122 3514 μὲν
1146 3445 1241 3498 τοῦ
1259 3446 1519 3519 βορϐόρου
1547 3449 1714 3504 δυσῶ-

123 3532 205 3593 δες
255 3532 641 3604 ξηραίνουσιν,
694 3533 858 3587 αὑταὶ
899 3535 955 3588 δὲ
990 3535 1233 3608 καθαραὶ
1269 3539 1583 3609 διαμένουσι
1616 3541 1712 3595 καὶ

127 3623 441 3695 άμόλυντοι.
498 3625 662 3678 Ἀλλά
730 3626 1053 3694 φθονοῦντες
1108 3630 1390 3699 Φαρισαῖοι
1454 3631 1708 3702 λέγουσι’

134 3730 151 3760 ι
179 3714 330 3766 Διατί
351 3713 383 3765 6
421 3711 633 3781 Ἰησοῦς
655 3717 794 3784 μετὰ
820 3717 930 3769 τῶν
961 3719 1303 3790 ἁμαρτωλῶν
1330 3721 1425 3775 καὶ
1462 3723 1711 3777 τελωνῶν

126 3804 324 3870 Misi;
369 3823 389 3856 ι
426 3799 499 3857 Ὠ
532 3804 816 3875 βάσκανοι,
852 3808 949 3862 καὶ
979 3810 1218 3880 ἀνόητοι,
1264 3812 1356 3865 καὶ
1396 3813 1585 3883 τυφλοὶ
1613 3813 1709 3886 τὴν

128 3897 388 3966 καρδίανί
430 3896 677 3963 ἀγνοεῖτε
712 3897 822 3970 γὰρ
851 3899 933 3950 ὅτι
963 3899 1063 3952 οὑκ
1097 3900 1358 3970 ἀλλαχόσε
1409 3921 1535 3969 που,
1572 3904 1711 3957 ἀλλὰ

129 3990 347 4059 πλησίον
401 3990 519 4043 τῶν
571 3991 873 4046 νοσούντων
921 3992 1128 4062 ὀφείλει
1175 3994 1384 4064 διάγειν
1429 3998 1457 4050 6
1489 3998 1706 4067 ίατρός;

130 4083 295 4137 Ὅπου
366 4085 426 4137 οἱ
490 4085 830 4157 ἁμαρτωλοὶ,
874 4087 992 4140 ἐκεῖ
1017 4086 1236 4150 πάντως
1271 4087 1478 4141 τίθεται
1525 4091 1710 4144 καὶτὸ

130 4177 469 4249 ἱλαστήριον.
498 4179 884 4249 Ἀμαρτωλοὺς
916 4180 1025 4251 γὰρ
1063 4176 1227 4252 ἢλθεν
1251 4183 1280 4234 6
1306 4181 1561 4252 Χριστὸς,
1589 4183 1710 4253 οὑχὶ

128 4267 359 4332 δικαίους
416 4269 645 4322 καλέσαι
714 4270 792 4333 είς
861 4271 1170 4340 μετάνοιαν.
1231 4272 1440 4342 Ἰησοῦς
1475 4273 1708 4345 Χριστὸς

131 4360 475 4432 ἁμαρτωλοῖς
502 4361 868 4433 συνδιατρίϐει
888 4361 1270 4431 οἰκονομικῶς,
1296 4363 1384 4417 ἵνα
1410 4364 1505 4417 καὶ
1532 4365 1710 4436 ἁμάρ-

1806 1896 1928 1950 quaa
1951 1896 2077 1935 vere
2100 1881 2368 1950 promissa
2398 1890 2549 1944 sunt,
2574 1881 2882 1936 confirmat.
2917 1883 3391 1946 Quemadmodum

1808 1968 1996 2037 itaque
2042 1969 2244 2036 saepius
2284 1984 2518 2038 poscens
2553 1970 2868 2038 ohtinuisti,
2913 1983 2968 2027 et
2994 1974 3196 2028 divina:
3224 1975 3390 2030 mise-

1813 2061 2091 2126 ricordiae,
2123 2062 2498 2127 demissionis,
2537 2064 2949 2132 ninniﬁcentiae,
2984 2084 3047 2123 ac
3088 2070 3391 2125 liberalita-

1807 2154 1879 2208 tis
1909 2155 2302 2224 experientiam
2337 2155 2665 2224 suscepisti;
2692 2159 2789 2220 ita,
2823 2159 2950 2213 licet
2991 2177 3100 2214 non
3147 2162 3221 2215 ita
3257 2164 3393 2217 cele-

1809 2248 1944 2300 riter
1985 2247 2322 2309 exaudiaris.
2373 2248 2513 2302 bona
2567 2252 2978 2320 exspectatione
3017 2254 3280 2308 conﬁrma
3313 2262 3388 2320 te,

1808 2348 1861 2393 et
1892 2334 2109 2394 fortiter
2169 2339 2580 2410 toleranterque
2607 2359 2790 2412 spera,
2824 2353 2878 2400 et
2903 2347 3137 2410 sustine,
3166 2347 3392 2414 pulsans

1809 2447 1908 2502 per
1953 2432 2281 2497 orationem,
2318 2447 2606 2501 quousque
2661 2433 2804 2490 Deus
2857 2436 3093 2490 voluerit
3140 2438 3393 2502 excitari,

1809 2522 2157 2592 praebereque
2192 2525 2289 2579 tibi
2327 2537 2594 2595 quantum
2641 2525 2878 2595 indiges,
2921 2528 3005 2582 vel
3039 2529 3205 2582 etiam
3268 2531 3394 2600 plus

1809 2631 1974 2684 quam
2044 2615 2277 2686 indiges.
2356 2615 2434 2669 Ex
2503 2616 2806 2670 abundanti
2856 2617 3042 2682 enim,
3109 2634 3230 2687 qua:
3290 2620 3395 2688 ipsi

1809 2709 2111 2778 poscimus,
2153 2709 2236 2764 vel
2286 2711 2473 2763 animo
2521 2709 2892 2778 concipimus,
2934 2719 3117 2781 potest
3144 2711 3309 2777 Deus,
3339 2722 3396 2769 et

1810 2800 1930 2854 vult
1961 2801 2123 2855 nobis
2150 2815 2315 2870 opere
2341 2802 2460 2868 ipso
2485 2799 2729 2868 elargiri.

2187 2889 2299 2960 20
2334 2888 2470 2944 XLI.
2505 2886 3016 2944 ——HELIODORO.

1881 2979 2122 3036 Joannes
2149 2979 2415 3050 Baptista,
2475 2981 2675 3036 timens
2711 2996 2779 3034 ne
2809 2980 2943 3049 quid
2986 2980 3092 3035 sibi
3132 2982 3303 3049 noxii,
3337 2991 3398 3050 ut

1814 3072 2022 3127 homini
2073 3072 2383 3138 accideret,
2435 3071 2602 3127 urbes
2637 3069 2965 3142 negligens,
3018 3071 3135 3126 loca
3179 3073 3395 3127 deserta

1815 3165 2089 3220 incolebat
2109 3165 2174 3219 ³⁷.
2205 3163 2365 3219 Jesus
2395 3179 2526 3218 vero
2572 3163 2737 3228 Deus,
2795 3172 2851 3217 et
2912 3167 3161 3219 omnium
3201 3166 3393 3221 Domi-

1813 3275 1920 3314 nus
1958 3259 2013 3312 in
2049 3257 2217 3312 urbes
2244 3273 2368 3313 sese
2412 3256 2679 3319 inferens,
2711 3272 2836 3311 cum
2870 3259 3256 3326 peccatoribus
3287 3275 3397 3315 una

1813 3352 2099 3417 caanabat;
2140 3349 2586 3420 quandoquidem
2626 3349 2718 3404 ille
2743 3349 2826 3403 sol
2851 3350 3079 3417 justitiae
3112 3361 3216 3407 est.
3251 3350 3396 3409 Solis

1813 3443 1956 3496 radii
1985 3442 2041 3496 in
2067 3441 2242 3495 lutum
2279 3451 2476 3504 totum,
2514 3449 2570 3496 et
2599 3448 2788 3512 partes
2836 3440 3083 3498 immersi
3129 3443 3397 3515 quidquid

1809 3535 1867 3589 in
1896 3548 1963 3589 eo
2010 3541 2095 3588 est
2127 3532 2267 3587 male
2296 3533 2475 3595 olens,
2508 3533 2814 3596 exsiccant,
2853 3547 2975 3586 cum
3013 3534 3091 3587 illi
3130 3535 3255 3604 puri
3308 3535 3396 3588 in-

1812 3623 2286 3694 contaminatique
2337 3633 2760 3679 conserventur.
2815 3622 3204 3681 Verumtamen
3259 3626 3398 3679 invi-

1811 3716 1998 3771 dentia
2036 3716 2231 3786 perciti
2261 3715 2540 3781 Pharisaei,
2574 3717 2788 3785 dicunt,
2827 3739 2845 3771 ι
2871 3722 3053 3785 Quare
3080 3717 3241 3773 Jesus
3268 3734 3393 3771 cum

1812 3808 2198 3878 peccatoribus
2250 3815 2303 3863 et
2362 3809 2676 3878 publicanis
2720 3812 2957 3866 comedit
2984 3810 3114 3863 “li
3145 3811 3190 3864 Ο
3223 3809 3396 3863 invidi

1810 3910 1868 3956 et
1919 3909 2100 3955 mente
2149 3903 2320 3970 capti,
2361 3910 2417 3957 et
2477 3905 2644 3959 corde
2687 3906 2863 3959 caeci!
2910 3904 3248 3975 ignoratisne
3283 3919 3396 3958 non

1811 3993 1969 4052 alibi.
2007 3991 2104 4048 sed
2151 4007 2325 4063 prope
2368 4002 2607 4064 aegrotos
2651 3996 2802 4065 ipsos
2844 3996 3059 4051 medico
3088 3994 3395 4065 degendum

1810 4085 1980 4140 esse?
2010 4083 2337 4154 Ubicunque
2388 4095 2715 4155 peccatores
2766 4096 2916 4148 sunt,
2964 4087 3038 4142 ibi
3066 4086 3294 4141 omnino
3341 4097 3394 4141 et

1810 4191 1903 4229 ara
1930 4175 2167 4245 propitia
2197 4175 2424 4245 ponitur
2459 4193 2472 4230 :
2510 4192 2635 4231 nam
2678 4189 3016 4248 peccatores,
3065 4193 3173 4231 non
3211 4177 3395 4246 justos

1809 4267 1959 4320 venit
2005 4267 2258 4324 Christus
2323 4268 2392 4322 ad
2441 4269 2819 4338 penitentiam
2872 4264 3396 4327 vocare""°;Jesus

1809 4358 2070 4415 Christus
2128 4375 2254 4414 cum
2306 4362 2694 4431 peccatoribus
2751 4362 2825 4414 ita
2885 4362 3224 4431 disponens,
3279 4375 3408 4413 una

129 4451 281 4506 τωλοὶ
332 4453 800 4523 μετανοήσαντες,
851 4453 1082 4518 δικαίοις
1131 4455 1568 4520 συναυλισθῶσι,
1611 4459 1706 4510 καὶ

1820 4450 1982 4522 degit,
2039 4461 2100 4507 ut
2166 4462 2488 4522 peccatores
2535 4454 2715 4509 media
2754 4455 3084 4524 pmnitentia
3119 4468 3228 4505 una
3267 4466 3394 4504 cum

132 4545 612 4618 συνευφρανθῶσιν
648 4548 705 4601 ὲν
738 4548 804 4618 τῇ
847 4545 1098 4620 βασιλεία
1125 4547 1233 4602 τῶν
1255 4548 1524 4620 οὐρανῶν.

369 4726 474 4782 ΜΒ
494 4768 508 4782 .
539 4755 613 4768 -
655 4727 950 4782 ΜΑΡΙΩΝΙ
977 4730 1462 4805 ΔΡΓΥΡΟΚΟΠῼ.

197 4818 463 4884 Πλείονας
507 4818 619 4872 τῶν
650 4819 826 4888 λόγων
874 4822 1000 4886 τοὺς
1040 4824 1239 4895 ὅρκους
1279 4825 1568 4900 τολμηρῶς
1618 4829 1712 4882 ἐπὶ

137 4913 401 4982 στόματος
433 4912 595 4982 έχων,
623 4913 924 4984 ἐντρέποιο.

585 5006 718 5059 Ml".
746 5036 814 5045 —
842 5007 1253 5082 ΦΑΥΣἹἹΑΝῼ.

208 5096 597 5168 Ἦλλοτρίωται
649 5097 742 5151 τοῦ
801 5097 990 5170 Θεοῦή
1026 5101 1173 5173 ψυχή
1208 5121 1322 5168 σου,
1359 5105 1453 5159 καὶ
1486 5105 1606 5170 πῶς
1640 5124 1709 5178 με

134 5189 472 5260 προέτρεψας
505 5190 720 5261 πέμψαι
784 5209 867 5246 σοι
923 5193 1082 5262 λόγον
1109 5197 1232 5249 τινὰ
1277 5197 1575 5270 ὠφέλιμον,
1616 5201 1710 5254 άν-

136 5280 327 5353 θρώπῳ
351 5282 567 5336 εἰωθότι
596 5283 817 5347 παίζειν
841 5284 909 5338 τὰ
936 5285 1074 5353 θεῖα,
1104 5287 1355 5362 καθάπερ
1386 5290 1452 5344 τὰ
1470 5291 1704 5362 βέϐηλα;

137 5371 252 5436 Πῶς
272 5375 382 5443 γάρ
423 5377 491 5429 ἂν
537 5377 631 5429 καὶ
657 5376 877 5449 λαλήσω
899 5379 978 5442 είς
1002 5383 1427 5452 νενεκρωμένον,
1452 5387 1546 5439 καὶ
1574 5387 1710 5457 ἀνή-

139 5479 250 5516 κοον
297 5463 432 5531 οὑςς
467 5487 486 5518 ι
529 5469 652 5532 Πῶς
701 5469 905 5542 ᾄσομαι
943 5472 1042 5541 τὴν
1079 5473 1222 5546 ᾠδήν
1254 5476 1459 5548 Κυρίου
1489 5479 1582 5531 ἐπὶ
1604 5479 1709 5549 γῆς

139 5554 433 5629 ἀλλοτρίας,
466 5580 486 5613 ι
513 5562 643 5616 ἔνθα
676 5564 866 5634 ἐχῖνοι,
893 5565 988 5619 καὶ
1020 5566 1178 5634 ἴϐεις,
1202 5569 1294 5623 καὶ
1317 5572 1709 5644 νυκτικόρακες

210 5730 253 5764 ’⁷
294 5733 482 5792 Matth.
517 5753 593 5805 ix,
632 5737 723 5795 10.
825 5738 872 5773 ³⁸
905 5740 1094 5799 Matth.
1132 5760 1209 5812 Ix,
1239 5745 1328 5800 Il.

1807 4543 1973 4613 justis
2004 4543 2189 4600 sedem
2223 4544 2484 4609 habeant,
2517 4546 2791 4617 simulque
2833 4547 2890 4600 in
2927 4560 3096 4615 regno
3127 4544 3394 4598 caelorum

1806 4636 2103 4706 gaudeant.
3407 4620 3411 4628 I

2041 4749 2205 4806 XLII.
2233 4781 2305 4792 —
2334 4750 2626 4807 MARIONI
2679 4753 3154 4808 ARGENTARII).

1880 4841 2016 4895 Cum
2038 4844 2223 4900 verbis
2249 4844 2385 4914 ipsis
2411 4846 2810 4914 jusjurandum
2848 4848 2943 4901 tibi
2969 4848 3023 4901 in
3042 4864 3138 4903 ore
3168 4847 3394 4904 amuen-

1810 4935 1927 4990 tius
1959 4937 2222 4991 audacter
2257 4937 2520 5002 abundet,
2552 4940 2952 4992 verecundare.

2238 5029 2432 5083 XLIII.
2460 5062 2530 5070 —
2558 5029 2971 5086 FAUSTIANO.

1884 5117 2155 5190 Perquam
2211 5121 2529 5192 longissime
2587 5135 2796 5178 remota
2861 5132 2946 5178 est
3003 5123 3186 5178 anima
3242 5133 3332 5177 tua
3364 5139 3396 5179 a

1810 5213 1920 5268 Deo
1945 5230 2214 5284 :quanam
2249 5215 2413 5286 igitur
2430 5232 2516 5272 me
2535 5218 2770 5284 ratione,
2800 5224 2861 5271 ut
2880 5218 2999 5280 tibi,
3017 5217 3108 5288 qui
3129 5219 3396 5288 quemad-

1809 5304 2031 5359 modum
2063 5306 2318 5375 profana,
2371 5307 2447 5361 ita
2493 5317 2546 5362 ct
2574 5307 2760 5362 divina
2785 5309 2944 5378 jocos
2987 5310 3148 5372 facis.
3181 5311 3391 5363 oratio-

1817 5410 1942 5448 nem
1975 5395 2163 5450 utilem
2199 5411 2264 5451 ac
2312 5398 2663 5452 commodam
2693 5399 2988 5464 mitterem,
3041 5399 3401 5456 adhortaris?

1817 5486 2109 5553 Quomodo
2126 5491 2271 5544 enim
2297 5491 2416 5560 ipse
2439 5491 2494 5544 in
2528 5507 2716 5547 aurem
2749 5493 3392 5561 demortuam,etexcor-

1817 5579 1940 5635 dem
1974 5597 2284 5640 sermonem
2314 5583 2549 5656 dirigam
2577 5585 2600 5640 ’ί
2632 5603 2650 5637 ι
2699 5586 2986 5653 Quomodo
3013 5588 3118 5658 ﬁl
3155 5590 3394 5645 cantabo

1420 5745 1536 5778 ’δύο
1571 5743 1702 5798 Luc.
1733 5759 1783 5808 ι’,
1823 5744 1908 5801 5'2.
