3822 6216
434 254 538 323 103
1935 267 1996 327 s.
2025 267 2189 329 NILl
2742 254 2757 337 ί,
3582 274 3682 338 tet

429 370 708 424 canticum
732 366 949 424 Domini
983 370 1039 425 in
1071 379 1216 426 terra
1256 374 1435 428 aliena
1468 376 1568 442 “,9
1602 377 1696 429 ubi
1729 380 1938 431 erinact

2171 399 2211 432 »ν
2231 382 2488 455 πονηρῶν
2541 384 2870 451 πνευμάτων
2913 383 3311 445 ἐωοσσεύουσι,
3338 385 3483 438 κατὰ
3500 385 3566 439 τὸ
3593 404 3680 454 γε·

430 469 487 514 et
510 459 708 523 ih'idcs,
745 469 799 516 et
825 463 1197 532 nycticoraces
1220 466 1680 535 nequissimorum
1710 470 1939 539 spirituu

2174 472 2453 542 ›αμμένον;
2506 473 2633 527 ἔνθα
2693 475 3071 542 ὀνοκένταυροι
3133 476 3228 527 xui
3275 473 3529 543 δαίμονες
3592 476 3683 544 ὀρ-

434 550 618 604 sedem
666 567 822 606 suam
879 564 1203 623 posuerunt,
1259 565 1317 610 ut
1352 558 1618 628 scriptum
1657 568 1742 613 est
1774 559 1819 591 ἰ’
1848 561 1871 613 ?
1902 561 1943 616 U

1902 561 2005 616 Ubi
2107 560 2326 631 χοῦνται
2357 564 2447 617 διά
2474 564 2694 631 παντὸς,
2718 564 2814 618 xui
2839 564 3074 635 κόρακες
3104 564 3390 633 κράζουσι.

434 643 821 706 ouocentauri,
844 653 897 697 et
925 643 1200 699 dmmones
1231 648 1492 702 continuo
1523 649 1747 713 saltant,
1770 658 1825 705 et
1854 652 2007 706 corvi

435 736 737 789 erocitant.

625 824 809 880 XLIV.
840 854 910 865 —-
941 825 1260 884 PHILIPPO
1317 829 1818 889 SCHOLASTICO.

2385 827 2599 881 ΜΔ’.--
2624 828 2909 897 ΦΙΛΙΠΠῼ
2938 826 3395 896 ΣΧΟΛΑΣΤΙΚῼ.

506 916 584 971 Ex
614 933 843 988 papyro,
874 927 930 973 et
964 922 1103 974 colla
1134 922 1324 976 charta
1346 924 1619 991 confecta,
1645 927 1839 980 charta
1871 927 2008 981 sim-

2189 918 2284 970 ‘Ex
2305 918 2583 989 παπύρου,
2610 921 2704 973 xui
2736 918 2933 989 κόλλης
2970 920 3176 989 χάρτης
3193 918 3681 980 κατασκευασθεὶς,

434 1006 558 1076 plex
588 1016 960 1078 nuncupatur,
992 1011 1046 1064 in
1071 1027 1201 1081 qua,
1226 1028 1349 1067 cum
1381 1015 1732 1084 postmodum
1764 1017 1943 1073 subsc:

2175 1027 2314 1081 ῑρτης
2334 1010 2488 1080 ψιλὸς
2530 1011 2799 1071 καλεῖται.
2831 1012 2969 1064 ἐπάν
3011 1011 3069 1063 δὲ
3109 1009 3431 1080 ὑπογραφὴν
3463 1009 3684 1079 δέξηται

434 1100 608 1169 pserit
661 1100 982 1169 imperator,
1036 1104 1242 1158 nemini
1302 1120 1408 1159 nou
1462 1114 1653 1161 notum
1704 1118 1828 1173 est,
1885 1123 1943 1163 ea

2174 1101 2392 1164 ,ctkémg.
2438 1101 2698 1170 δῆλονὼς
2749 1103 2935 1173 Σάκρα
2981 1102 3329 1171 ὀνομάζεται.
3365 1100 3555 1162 Οὕτως
3598 1117 3683 1169 μοι

434 1189 665 1245 Sacram
720 1193 931 1247 vocari.
996 1194 1199 1249 Eodem
1258 1197 1422 1251 modo
1467 1208 1523 1252 et
1581 1199 1765 1253 divina
1818 1209 1943 1254 nost

2176 1207 2217 1242 ει
2238 1192 2335 1244 xui
2358 1191 2426 1242 τὰ
2452 1192 2573 1244 θεῖα
2622 1194 2918 1262 μυστήρια,
2967 1191 3075 1262 πρὸ
3105 1192 3203 1262 μὲν
3247 1191 3345 1259 τῆς
3390 1188 3685 1252 ἐντεύξεως

435 1287 696 1355 mysteria
734 1286 1139 1355 comprehende
1173 1305 1185 1341 :
1215 1297 1340 1342 ante
1378 1290 1683 1345 sacerdotis
1736 1291 1921 1350 verba.

2175 1282 2203 1335 ῦ
2239 1284 2453 1355 ἱερέως,
2496 1284 2593 1337 καὶ
2613 1286 2709 1354 τῆς
2764 1286 2987 1339 καθόδου
3009 1284 3103 1337 τοῦ
3142 1284 3301 1351 ἁγίου
3338 1282 3684 1353 Πνεύματος,

437 1372 681 1444 Spiritus
713 1380 890 1432 sancti
917 1377 1263 1441 descensum,
1303 1379 1483 1436 nudus
1523 1382 1703 1451 panis,
1732 1390 1788 1437 et
1817 1383 1946 1436 vinu

2177 1374 2260 1427 λδν
2292 1374 2456 1445 ἄρτον
2504 1376 2790 1447 ὑπάρχειν,
2846 1376 2941 1429 xui
2981 1370 3123 1428 οἶνον
3150 1374 3327 1427 κοινὸν
3350 1372 3421 1425 τὰ
3460 1372 3686 1442 προκεί-

435 1483 749 1530 commune,
800 1484 921 1537 qua:
964 1480 1369 1539 proponuntur,
1415 1474 1688 1528 exsistunt
1739 1494 1753 1529 :
1795 1484 1849 1528 at
1885 1491 1944 1545 pe

2177 1482 2273 1519 να·
2301 1466 2441 1536 μετὰ
2465 1467 2522 1520 δὲ
2548 1467 2645 1530 τὰς
2678 1468 2912 1539 φοϐερὰς
2959 1469 3173 1530 ἐκείνας
3212 1466 3554 1536 ἐπικλήσεις,
3592 1463 3686 1516 xui

435 1558 755 1613 tremendas
797 1559 919 1614 illas
946 1560 1346 1624 invocationes,
1377 1571 1432 1616 et
1456 1563 1745 1629 adorandi,
1780 1573 1833 1619 et
1871 1568 1944 1619 vii

2177 1574 2206 1609 ν
2235 1557 2577 1629 ἐπιφοίτησιν
2603 1558 2696 1611 τοῦ
2717 1558 3117 1629 προσκυνητοῦ,
3149 1558 3245 1612 xui
3267 1555 3561 1621 ζωοποιοῦ,
3592 1557 3685 1608 καὶ

436 1645 549 1709 fici,
578 1656 633 1700 et
672 1647 800 1701 boni
836 1647 1079 1717 Spiritus
1110 1649 1425 1715 adventum,
1465 1667 1577 1706 non
1614 1660 1744 1707 sunt
1771 1655 1945 1724 ampli

2175 1646 2313 1700 ἀθοῦ
2345 1648 2683 1719 Πνεῦματος,
2737 1650 2837 1702 οὐκ
2873 1649 2953 1703 ἔτι
2981 1649 3135 1718 ψιλὸν
3158 1650 3322 1718 ἀρτον
3377 1648 3475 1701 xui
3504 1648 3684 1701 κοινὸν

434 1738 617 1792 nudus
670 1738 848 1807 panis,
886 1747 941 1794 ct
996 1754 1290 1794 commune
1347 1742 1556 1805 vinum,
1601 1759 1725 1813 qua:
1756 1718 1943 1814 apposi

2172 1756 2247 1791 ιον
2284 1740 2352 1792 τὰ
2372 1718 2756 1812 ἐπιτεθειμένα
2779 1743 2845 1812 τῇ
2872 1742 3004 1811 ἁγίᾳ
3032 1741 3302 1813 τραπέζῃ,
3336 1738 3472 1793 ἀλλά
3499 1738 3681 1808 σῶμα,

432 1840 565 1901 sunt
592 1831 645 1885 in
685 1845 848 1884 sacro
893 1832 1078 1895 altari,
1131 1831 1226 1886 sed
1271 1847 1494 1902 corpus,
1540 1843 1594 1889 et
1627 1836 1854 1904 sanguis
1881 1850 1941 1905 pr

2174 1832 2203 1883 Li
2231 1826 2372 1903 αἷμα
2402 1832 2583 1903 τίμιον
2644 1834 2739 1887 xui
2782 1832 3049 1903 ἄχραντον
3100 1831 3339 1901 Χριστοῦ
3383 1830 3479 1883 τοῦ
3547 1828 3683 1883 Θεοῦ

434 1921 631 1987 tiosus,
683 1930 737 1976 et
776 1922 1163 1978 immaculatus
1197 1921 1404 1979 Christi
1454 1926 1844 1983 universorum
1885 1929 1943 1983 1)(

2173 1921 2214 1972 ‘w
2243 1921 2517 1983 ἁπάντων,
2546 1920 2842 1992 καθαρίζον
2884 1920 2991 1974 ἀπὸ
3027 1921 3223 1984 παντὸς
3254 1919 3533 1991 μολυσμοῦ
3557 1920 3682 1981 τοὺς

432 2012 503 2065 ab
561 2011 819 2065 omnibus
877 2012 1137 2066 sordibus
1186 2027 1283 2067 eos
1341 2015 1687 2081 mundantia,
1729 2020 1823 2086 qui
1877 2033 1941 2072 cu

1877 2033 2003 2072 cum
2108 2013 2627 2085 μεταλαμϐάνοντας
2648 2015 2817 2086 φόϐῳ,
2840 2016 2934 2070 xui
2969 2015 3117 2086 πόθῳ
3150 2013 3352 2084 πολλῷ.

430 2101 648 2166 timore,
705 2109 761 2157 et
821 2102 1095 2157 desiderio
1151 2104 1394 2160 maximo
1456 2106 1675 2162 illorum
1708 2110 2004 2180 participes

432 2191 590 2248 ﬁunL

753 2283 911 2339 XLV.
946 2315 1017 2329 —
1054 2284 1357 2342 LICINNIO
1383 2285 1681 2343 IUNIORI.

2420 2279 2553 2333 ME’.
2584 2309 2649 2319 —
2675 2278 2991 2348 ΔΙΚΙΝΝΙῼ
3021 2275 3356 2344 ΝΕΩΤΕΡῼ.

499 2373 772 2431 Juvenum
850 2366 1228 2446 voluptatibus
1300 2378 1612 2433 deditorum
1685 2381 2000 2450 pestiferam

2175 2369 2286 2440 Τὴν
2334 2369 2588 2439 λοιμικὴν
2636 2368 3012 2439 συνδιαγωγὴν
3062 2365 3171 2419 τῶν
3231 2363 3532 2434 φιληδόνων
3585 2379 3676 2415 σου

429 2467 885 2521 consuetudinem
942 2468 1086 2537 fuge,
1135 2478 1191 2523 et
1257 2480 1455 2523 conatu
1517 2470 1807 2541 studioque
1851 2488 1938 2527 om

2168 2461 2380 2532 ωτέρων
2401 2459 2769 2531 ἀποστρέφου,
2809 2459 2903 2512 xui
2931 2457 3100 2525 φεῦγε
3132 2455 3281 2527 πάσῃ
3308 2454 3557 2523 δυνάμει*
3587 2453 3677 2505 xui

430 2558 655 2614 devita:
698 2561 899 2615 etenim
947 2568 1000 2613 et
1048 2576 1234 2629 opere,
1289 2569 1345 2615 et
1392 2561 1696 2632 inquinatis
1746 2564 1939 2635 alloqui

2166 2570 2211 2622 ιρ
2235 2552 2329 2604 xui
2344 2549 2420 2620 τῷ
2446 2550 2609 2621 ἔργῳ,
2639 2550 2732 2603 xui
2755 2551 2876 2612 ταῖς
2910 2546 3353 2618 μεμολυσμέναις
3408 2544 3675 2635 όμιλίαις,

430 2651 733 2706 amantium
766 2651 991 2705 animos
1022 2653 1345 2721 corrumpit.

2100 2644 2199 2707 τὰς
2225 2642 2401 2713 ψυχὰς
2420 2640 2727 2711 διαφθείρει
2756 2639 2866 2692 τῶν
2899 2635 3238 2706 ἀγαπώντων
3260 2634 3480 2694 αὐτούς,

782 2742 887 2810 22
929 2741 1115 2797 XLVI.
1157 2773 1225 2784 —
1270 2743 1683 2800 SOPHRONIO.

2560 2731 2712 2799 MCT.
2756 2762 2827 2774 --
2855 2731 3208 2799 ΣΩΦΡΟΝΙῼ.

502 2832 770 2889 Subditus
792 2834 1166 2896 comitatui,et
1196 2839 1510 2905 praeposito,
1533 2838 1804 2891 neminem
1833 2838 1999 2894 alium

2184 2825 2575 2887 ’Υποτακτικὺς
2591 2823 2767 2892 λέγων
2790 2825 2856 2893 τῇ
2875 2822 3110 2893 συνοδίᾳ,
3135 2823 3230 2875 xui
3253 2820 3328 2890 τῷ
3358 2818 3672 2889 κρατοῦντι,

430 2924 486 2978 in
513 2925 747 2978 fratrum
772 2925 899 2977 albo
929 2926 1221 2995 scripsisse
1256 2942 1530 2992 asserens,
1558 2928 1797 2983 ludibrio
1825 2945 1939 3000 mag

2168 2917 2311 2987 ιδένα
2328 2917 2484 2970 ἀλλον
2511 2913 2872 2980 ὑποδέξασθαι
2909 2913 3154 2982 ἀδελφὸν,
3190 2911 3510 2982 χλευάζεται
3542 2910 3677 2979 μᾶλ-

428 3014 679 3080 habetur,
710 3014 1053 3084 multumque
1081 3016 1342 3071 irridetur
1371 3031 1400 3069 a
1424 3016 1660 3071 diabolo.
1679 3018 1820 3083 Quid
1849 3020 1937 3074 eui

2167 3032 2191 3065 ν
2213 3056 2227 3078 ,
2262 3013 2355 3066 xui
2395 3012 2534 3079 ἄγαν
2568 3008 2893 3080 ἐμπαίζεται
2927 3008 3032 3061 ὐπὸ
3064 3006 3157 3061 τοῦ
3178 3005 3446 3059 διαϐόλου.
3474 3004 3541 3056 Τί
3568 3005 3676 3072 γάρ

2176 3104 2235 3120 ον
2327 3106 2340 3120 ρ
2505 3104 2518 3120 .
2590 3103 2608 3120 κ
2662 3103 2717 3120 ην
2759 3101 2818 3120 ην
2943 3100 3035 3120 _.__
3068 3098 3334 3120 __..__._,_..
3374 3096 3461 3120 M‘
3491 3095 3676 3120 Μελ,

428 3106 530 3161 tibi
560 3106 748 3160 damni
804 3106 1004 3161 inferet
1055 3108 1349 3163 comitatus
1384 3114 1621 3175 auctior,
1653 3120 1707 3163 et
1731 3126 1937 3181 quemat

2174 3104 2450 3175 ἐζημίωσε
2469 3104 2530 3157 τὸ
2550 3101 2916 3173 πληθυνθῆναι
2938 3100 3036 3170 τὴν
3062 3098 3356 3160 συνοδείαν,
3374 3096 3467 3150 xui
3490 3095 3676 3158 καθὼς

429 3197 650 3251 modum
698 3197 997 3267 Apostolus
1044 3197 1185 3252 dixit
1228 3194 1301 3264 “,
1348 3200 1729 3269 multiplicata,
1765 3212 1818 3256 et
1845 3203 1938 3257 loc?

2191 3196 2509 3258 Ἀπὸστολος
2556 3194 2767 3264 εἴρηκε,
2814 3190 3224 3245 πλεονάσαικαὶ
3276 3187 3579 3257 αὐξηθῆναι
3616 3190 3672 3240 ἐν

430 3288 629 3358 pletata
679 3288 737 3343 in
770 3289 1082 3343 multorum
1114 3289 1348 3344 fratrum
1391 3306 1627 3361 persona
1664 3295 1839 3364 gratia
1876 3296 1939 3364 Sp

2165 3288 2373 3357 ,οσὼπῳ
2394 3287 2604 3340 πολλῶν
2638 3285 2883 3355 ἀδελφῶν
2898 3285 2997 3355 τὴν
3022 3284 3184 3356 χάριν
3206 3283 3299 3337 τοῦ
3316 3282 3473 3351 ἀγίου
3501 3281 3674 3336 Πνεύ-

430 3380 572 3434 ritus
605 3380 785 3433 sancti
812 3379 836 3431 ?

812 3379 836 3431 ?
2100 3398 2265 3449 ματος
2282 3395 2295 3444 ;

848 3468 1059 3525 XLVII.
1094 3502 1163 3511 —
1204 3469 1570 3528 DOSITIIEO.

2586 3472 2715 3523 MZ'.
2764 3498 2837 3510 —
2874 3469 3174 3539 ΔΟΣΙΘΕῼ.

499 3558 572 3616 Ut
626 3559 770 3616 Deus
820 3563 895 3616 sit
936 3566 1117 3616 omnia
1165 3564 1222 3618 in
1249 3565 1530 3632 omnibus,
1571 3567 1754 3621 lumen
1790 3566 1998 3625 lumine

2169 3562 2287 3615 Ἵνα
2375 3562 2403 3612 ό
2422 3559 2558 3622 Θεὸς
2597 3559 2777 3611 πάντα
2799 3560 2858 3611 ἐν
2901 3560 3056 3622 πᾶσι,
3082 3560 3198 3626 φῶς
3229 3557 3327 3628 μὲν
3366 3559 3478 3620 τοῖς
3498 3558 3671 3624 ἀξίοις

426 3649 636 3720 dignis,
696 3651 840 3722 ignis
890 3665 1023 3706 vero
1100 3652 1377 3723 castigans
1442 3655 1771 3723 sempiterna
1829 3671 1935 3727 pm:

2163 3654 2187 3707 ῦ
2218 3653 2416 3721 φωτὸς,
2453 3651 2565 3721 πῦρ
2590 3652 2647 3704 δὲ
2672 3650 3033 3721 κολαστήριον
3078 3652 3193 3712 τοῖς
3214 3649 3386 3715 ἀξίοις
3412 3650 3515 3720 τῆς
3538 3651 3672 3703 αῖω-

425 3742 642 3814 dignos.

2094 3745 2206 3797 νίου
2236 3736 2532 3805 κολάσεως.

897 3832 1143 3887 XLVIII.
1180 3864 1250 3877 σ-
1284 3832 1491 3888 Eidem.

2598 3833 2742 3887 MII'.
2767 3861 2836 3872 --
2860 3830 2943 3896 Τῷ
2975 3832 3155 3897 αὐτῷ.

495 3925 650 3991 Quod
678 3926 865 3981 labore
896 3928 1492 3996 acquiritur,‘tenacius
1530 3929 1994 4003 detinetur;quod

2164 3927 2237 3978 Τὸ
2268 3926 2365 3995 μὲν
2381 3924 2528 3995 πόνῳ
2560 3923 2780 3993 κτηθέν,
2811 3923 3011 3988 μᾶλλον
3053 3922 3371 3994 κρατεῖσθαι
3399 3926 3668 3994 πέφυκεν,

427 4029 558 4068 vero
595 4014 776 4080 facile,
828 4016 1119 4079 citissime,
1173 4025 1435 4085 tanquam
1485 4019 1630 4086 quod
1664 4019 1860 4075 iterum
1901 4038 1931 4075 a

2183 4018 2239 4069 δὲ
2270 4016 2468 4087 ῥᾳδίως
2499 4015 2717 4086 κτηθὲν,
2776 4014 2873 4067 xui
2897 4014 3269 4067 ἁποπτύεσθαι
3294 4016 3543 4085 τάχιστα,
3592 4018 3668 4080 ὡς

423 4106 570 4173 quiri
621 4105 821 4170 valeat,
903 4105 1250 4175 projicitur:
1305 4122 1476 4176 quare
1536 4110 1594 4163 in
1656 4110 1851 4178 majori
1927 4130 1932 4164 ε

2160 4109 2255 4160 ιλιν
2308 4107 2578 4177 ληφθῆναι
2617 4105 2934 4177 δυνάμενον,
2971 4105 3115 4159 ὥστε
3150 4107 3351 4177 μᾶλλον
3377 4108 3669 4179 εὐεργεσίᾳ

425 4197 654 4251 ﬁrmiori
686 4196 952 4251 beneﬁcio
987 4197 1370 4252 collocandum
1411 4207 1494 4254 est
1539 4214 1648 4255 non
1706 4202 1778 4254 ita
1805 4217 1934 4272 pron

2158 4194 2382 4265 ιατίστῃ,
2411 4195 2504 4248 xui
2526 4194 2717 4265 βεϐαίᾳ
2764 4194 3087 4248 καθίσταται
3134 4195 3195 4249 τὸ
3247 4196 3321 4267 μὴ
3375 4198 3667 4273 πρόχειρον

423 4296 577 4357 ptum
607 4287 951 4342 beneficium.

2090 4284 2191 4353 τῆς
2217 4284 2554 4355 εὐεργεσίας.

936 4377 1123 4432 XLIX.
1150 4410 1220 4418 —
1254 4380 1461 4436 Eidem.
2021 4392 2064 4446 Ι)

2021 4392 2064 4446 ι)
2595 4378 2728 4432 ΜΘν.
2757 4409 2828 4418 -
2854 4378 2943 4445 Τῷ
2960 4380 3137 4446 αὐτῷ.

490 4468 764 4540 Quidquid
805 4470 977 4525 multo
1011 4472 1221 4538 labore,
1274 4484 1328 4529 et
1371 4489 1481 4529 non
1514 4475 1635 4531 sine
1667 4476 1988 4534 discrimine

2156 4470 2270 4523 Πᾶν
2302 4468 2363 4522 τὸ
2387 4468 2565 4539 πολλῷ
2595 4470 2800 4542 μόχθῳ,
2826 4471 2917 4524 καὶ
2943 4471 3115 4540 ἀγῶνι
3148 4473 3426 4544 πορισθέν,
3474 4477 3665 4528 ποθεῖν

420 4564 822 4631 conquirimus,
876 4566 1233 4632 pertinaciter
1282 4581 1487 4629 amare,
1521 4578 1575 4622 et
1610 4569 1929 4625 indesinent

2155 4559 2374 4622 ντόνως,
2407 4561 2499 4612 xui
2529 4561 2778 4631 στέργειν
2808 4563 3123 4629 ἀνενδότως,
3157 4567 3252 4619 xui
3284 4566 3447 4619 παντὶ
3484 4567 3664 4622 σθένει

419 4653 667 4724 diligere,
695 4662 749 4708 et
787 4656 919 4709 totis
952 4656 1162 4709 viribus
1191 4657 1472 4712 custodire
1503 4660 1802 4715 suevitnus.

1191 4657 1472 4712 custodire
1503 4660 1802 4715 suevimus.
2084 4652 2372 4720 φυλάττειν
2400 4651 2694 4722 εἰώθαμεν.

842 4745 905 4801 L.
956 4774 1027 4790 -—
1058 4746 1568 4805 TIIEODORIANO.

2541 4744 2625 4796 N'.
2647 4773 2717 4785 —
2759 4744 3204 4816 ΘΕΟΔΩΡΙΑΝῼ.

488 4836 677 4892 ιίιιὰοε
727 4840 1000 4905 nonnulli,
1049 4848 1104 4895 et
1154 4841 1343 4895 mundi
1395 4854 1643 4898 amantes
1695 4844 1821 4909 viri,
1878 4856 1985 4901 tua:

2155 4833 2404 4903 Ἀμαθεῖς
2415 4852 2580 4897 τινες,
2607 4835 2701 4888 xui
2724 4835 3042 4906 φιλόκοσμοι
3062 4837 3254 4906 ἄνδρες
3276 4842 3664 4909 προσεοικότες

418 4930 656 4986 miseriae
706 4946 813 4984 non
870 4933 1186 4997 dissimiles,
1237 4935 1472 5003 propriis
1495 4935 1781 4992 affectibus
1811 4937 1927 4990 duo!

2193 4928 2258 4995 σῇ
2296 4924 2576 4995 ἀθλιότητι
2623 4924 2889 4995 ἐμπαθῶς
2925 4928 3244 4996 φερόμενοι,
3295 4928 3530 4997 ὑγίειαν,
3564 4935 3663 4985 xui

420 5022 737 5083 sanitatem,
785 5027 839 5072 et
880 5019 1120 5087 divitias,
1169 5029 1223 5074 et
1254 5021 1465 5087 luxum,
1495 5029 1550 5075 et
1582 5022 1821 5076 hostium
1849 5039 1929 5076 εχ(

2153 5018 2335 5080 ιοῦτον,
2369 5018 2461 5071 xui
2483 5018 2782 5087 σπατάλην,
2806 5018 2901 5073 xui
2935 5019 3145 5089 ἐχθρῶν
3173 5020 3477 5092 ἀνθρώπων
3503 5024 3662 5077 ἀπώο

420 5110 571 5164 dium
602 5110 857 5179 precibus
894 5126 923 5164 a
971 5109 1201 5165 Domino
1234 5121 1493 5180 poscunt,
1532 5112 1728 5167 deinde
1769 5112 1874 5182 23
1901 5130 1929 5185 ε

2152 5128 2236 5163 ιαν
2269 5110 2337 5164 δι’
2372 5111 2539 5181 εὐχῆς
2568 5110 2661 5165 τὸν
2698 5113 2903 5184 Κύριον
2929 5112 3194 5165 αἰτοῦσιν*
3224 5110 3339 5166 εἶτα
3356 5113 3457 5184 τῆς
3479 5116 3661 5168 τοιαύο

422 5203 569 5257 neris
600 5203 870 5271 ejusmodi
902 5204 1160 5272 petitione
1192 5203 1462 5271 frustrati,
1497 5206 1654 5260 fidem
1687 5205 1927 5274 abjicinn

2152 5219 2186 5270 ις
2223 5201 2489 5273 βλαϐερᾶς
2535 5204 2898 5273 ἀποτυχόντες
2951 5204 3218 5275 αἰτήσεως
3264 5207 3343 5269 εἰς
3403 5208 3661 5262 ἀπιστίαν

421 5292 507 5347 vel
533 5304 950 5364 conqueruntur
977 5296 1044 5351 de
1070 5294 1199 5351 Deo.
1232 5297 1337 5351 Alii
1365 5312 1585 5352 rursum
1629 5296 1777 5351 aliud
1815 5298 1930 5368 quit

2151 5296 2431 5367 ›ροῦσιν,ἢ
2468 5297 2773 5367 μέμφονται
2798 5298 2888 5349 τὸν
2914 5296 3068 5352 Θεόν.
3096 5297 3283 5351 ’Ἄλλοι
3336 5299 3502 5352 πάλιν
3531 5302 3660 5355 ἄλλο

422 5384 566 5454 piam
594 5386 951 5454 postulantes,
997 5401 1100 5440 nec
1150 5386 1283 5440 illud
1346 5388 1555 5442 utiliter
1610 5397 1931 5457 reportante:

2158 5387 2515 5453 ἐξαιτοῦντες,
2538 5389 2632 5442 καὶ
2666 5388 2740 5459 μὴ
2775 5387 3126 5459 κομιζόμενοι
3155 5392 3548 5461 συμφερόντως
3575 5394 3656 5462 (οὐ

423 5489 601 5543 neque
642 5475 787 5530 enim
826 5476 1075 5543 omnino,
1114 5492 1235 5546 quae
1276 5478 1581 5549 diligimus,
1627 5479 1781 5533 utilia
1835 5496 1932 5535 sun

2149 5488 2200 5551 ιρ
2232 5481 2448 5545 πάντως
2469 5482 2611 5553 ἆπερ
2640 5478 2901 5552 φιλοῦμεν
2954 5480 3049 5534 xui
3068 5481 3267 5552 ὠφελεῖ
3287 5482 3328 5553 )'
3362 5484 3424 5537 τὸ
3470 5483 3582 5556 γὰρ
3608 5485 3658 5537 τί

497 5646 540 5679 ⁸⁸
578 5646 723 5703 Psal.
758 5661 984 5714 cxxxvr,
1019 5650 1074 5704 4.
1174 5652 1221 5684 δ’
1281 5654 1392 5710 Isa.
1442 5670 1663 5722 suum,
1701 5656 1792 5710 Η.
1877 5654 2006 5710 ⁵³Ιῗ

889 5664 984 5714 ενι,
1019 5650 1074 5704 4.
1174 5652 1221 5684 δ’
1281 5654 1392 5710 Isa.
1442 5670 1663 5722 surtu,
1701 5656 1792 5710 Η.
1877 5654 2162 5713 “IThes.
2197 5669 2280 5721 tu,
2312 5656 2398 5710 i2.
