3822 6216
174 212 254 274 105
1376 211 1735 271 EPISTOLA

1854 213 1909 270 Μ
1950 210 2091 269 LIB.
2139 210 2185 268 Ι.

3317 207 3414 274 106

171 322 585 396 προσευξόμεθα,
616 323 772 394 φησὶ,
798 322 919 376 καθ’
944 321 975 375 δ
1002 321 1102 386 δεῖ,
1123 322 1223 374 οὐκ
1251 320 1499 392 οἴδαμεν,
1522 322 1728 391 γογγύ-

1852 336 2286 391 guoramusque,
2326 327 2380 373 ut
2422 319 2511 373 ille
2543 319 2638 382 ait,
2658 319 2732 371 uti
2764 318 2973 385 decuit,
3006 333 3198 387 preces
3233 320 3413 376 eliuu-

170 418 330 481 ζουσιν
368 415 533 478 εὐθὺς
574 415 1015 484 χαλεπαίνοντες,
1059 415 1152 465 καὶ
1201 414 1733 484 δυσανασχετοῦντες

167 512 242 561 ἐπὶ
284 510 354 578 τῇ
384 506 715 572 ἀποτεύξει,
769 506 947 559 καίτοι
980 505 1241 568 πολλάκις
1293 505 1731 575 κατεγνωσμένοι

169 600 241 653 τὸν
264 599 378 669 βίον
400 599 761 667 ὑπάρχοντες,
788 597 1021 666 ἑτοίμως
1044 595 1323 665 βούλονται
1340 598 1729 650 ὲπακούεσθαιο

166 691 254 760 Ξρα
280 690 391 760 γὰρ
424 689 525 742 οὐκ
564 688 801 756 ὀφείλεις
844 690 1207 759 εὐχαριστεῖν,
1236 689 1316 742 ὅτι
1348 688 1697 759 κατηξιώθης
1718 726 1733 751 ,

165 783 243 833 καὶ
265 780 428 850 μόνον
459 780 715 849 ὀρθρίσαι
764 779 898 848 πρὸς
944 779 1036 832 τὸν
1085 779 1363 833 Κτίσαντα
1407 780 1607 842 πάντα,
1640 781 1737 833 καὶ

165 872 513 942 συνομιλῆσαι
551 872 703 942 αὐτῷ
749 870 835 923 διὰ
881 871 981 940 τῆς
1033 871 1237 941 εὐχῆςς
1303 872 1443 925 ἀλλὰ
1484 875 1577 926 καὶ
1612 873 1736 943 μηδ’

164 963 544 1032 εὐχαριστῆσαι
569 961 760 1027 θέλων,
780 960 1062 1025 ὀνειδίζεις
1096 964 1181 1027 σὺ,
1204 964 1233 1016 6
1257 962 1446 1034 πηλὸς,
1467 962 1559 1017 τὸν
1591 964 1739 1019 Πλά-

164 1071 280 1122 στην
304 1070 399 1106 σου
422 1070 437 1117 ;
459 1053 620 1106 Ἀλλὰ
641 1052 735 1105 νῦν
757 1052 887 1121 γοῦν
910 1053 1437 1125 σαυτδνδοκιμάσας,
1459 1055 1735 1127 ἄνθρωπε,

163 1143 382 1211 γνῶσι.ζέ
412 1160 509 1197 σου
540 1145 608 1198 τὰ
632 1144 829 1216 μέτρα.

455 1237 587 1289 NA'.
612 1265 683 1276 -
708 1237 1065 1309 ΠΛΟΥΤΙΝῼ
1099 1238 1431 1311 ΥΠΑΤῙΚῼ.

218 1328 280 1380 Ol
314 1328 498 1399 πέραν
525 1328 619 1381 τοῦ
666 1329 931 1399 Ἰορδάνου
966 1330 1599 1402 κατακληροδοτηθέντες
1633 1332 1739 1384 ὐπὸ

157 1422 429 1485 Μωῦσέως
452 1421 550 1475 τοῦ
583 1422 823 1491 μεγάλου
844 1422 1157 1493 νομοθέτου,
1204 1424 1471 1494 Ῥουεὴμ,
1502 1425 1595 1478 καὶ
1628 1424 1739 1478 Γὰδ

158 1514 415 1584 ὑπῆρχον,
451 1515 548 1567 καὶ
582 1514 683 1584 τῆς
716 1514 890 1585 φυλῆς
916 1514 1182 1585 Μανασσῆ
1214 1515 1274 1568 τὸ
1315 1516 1510 1586 ἥμισυ.
1558 1518 1739 1587 Πρόσ-

157 1620 293 1659 ωπσν
320 1605 367 1658 δ’
387 1600 536 1660 οὗτοι
552 1604 749 1676 ἔφερον
767 1605 875 1659 τῶν
891 1605 979 1659 διὰ
1003 1605 1097 1659 τοῦ
1122 1607 1287 1676 νόμου
1319 1607 1739 1664 δικαιωθέντων·

1836 412 1989 477 dere,
2020 412 2207 467 statim
2242 412 2671 465 obinurmurant
2697 426 2841 480 aegre
2872 410 3133 475 ferentes,
3164 412 3407 466 indolen-

1836 513 2029 573 tesque
2073 503 2141 557 de
2192 503 2411 572 repulsa
2445 520 2458 558 :
2491 511 2546 556 et
2576 503 2695 556 licet
2767 516 3147 570 saepenumero
3192 504 3413 559 exitiosi

1837 611 1901 648 ac
1926 594 2123 648 nefarii
2160 594 2294 658 sint,
2322 593 2685 647 nihilominus
2715 592 2865 647 illico
2885 592 3135 647 exaudiri
3159 595 3413 664 cupiunt.

1840 689 2042 739 Annon
2093 684 2385 740 reddendae
2444 684 2542 738 tibi
2586 685 2777 753 gratia:
2820 692 2974 749 sunt,
3020 686 3167 755 quod
3213 687 3416 757 dignus

1839 777 2021 834 factus
2050 778 2150 842 sis,
2195 792 2355 833 mane
2390 793 2623 848 surgens
2684 778 2753 831 ad
2802 777 3125 834 Creatorem
3169 780 3417 835 omnium

1840 870 2128 937 accedere,
2161 886 2381 941 unaque
2410 887 2536 926 eum
2560 886 2629 927 eo
2646 871 2860 926 orando
2888 872 3172 942 colloqui?
3200 871 3270 926 Et
3291 873 3423 927 licet

1840 963 2048 1030 gratias
2100 960 2310 1018 referre
2345 963 2512 1029 nolis,
2561 962 2868 1032 exprobras
2890 973 2945 1017 tu
2973 962 3150 1018 lutum
3170 963 3423 1020 Creatori

1841 1053 1982 1107 tuo?
2026 1052 2423 1109 Verumtamen:
2475 1069 2644 1118 nunc,
2705 1069 2833 1108 cum
2894 1056 3149 1124 teipsum,
3206 1058 3278 1110 mi
3315 1056 3421 1120 vir,

1840 1146 2268 1209 exaniinaveris,
2302 1162 2618 1201 mensuram
2650 1161 2888 1217 agnosce
2919 1157 3089 1201 tuam.

2152 1239 2238 1295 LI.
2280 1273 2350 1282 —
2379 1238 2685 1295 PLUTINO
2725 1237 3147 1295 CONSULARI.

1912 1331 2018 1399 Qui
2053 1342 2208 1389 trans
2234 1332 2530 1387 Jordanem
2555 1348 2585 1385 a
2606 1332 2787 1403 Moyse
2818 1348 3017 1403 magno
3046 1333 3223 1403 legum
3253 1331 3429 1386 latore

1841 1434 2045 1480 sortem
2077 1436 2407 1494 acceperunt
2426 1464 2439 1487 ,
2464 1424 2656 1479 Ruben
2676 1434 2869 1487 erant,
2900 1431 2954 1479 et
2981 1422 3095 1477 Gad
3118 1464 3133 1489 ,
3162 1435 3215 1478 et
3249 1424 3427 1479 tribus
3532 1486 3545 1499 Γ

1843 1517 2103 1573 Manasse
2141 1516 2515 1572 dimidium“.
2559 1516 2622 1571 Hi
2656 1531 2853 1587 porro,
2890 1532 2986 1587 per
3019 1516 3191 1587 legem
3222 1515 3426 1586 justiti-

1844 1623 1998 1669 catos
2031 1612 2533 1685 repraesentabant;
2574 1623 2629 1667 at
2662 1611 2886 1681 reliqua:
2918 1626 3150 1673 novem,
3182 1625 3306 1664 cum
3343 1610 3429 1664 di-

157 1700 208 1751 αί
236 1698 293 1752 δὲ
324 1698 490 1753 ἄλλαι
513 1673 672 1751 ἐννέα
704 1699 799 1753 καὶ
830 1699 1000 1768 ἦμισυ
1032 1673 1218 1768 φυλαί,
1251 1699 1454 1763 αἵτινες
1481 1701 1621 1770 μετὰ
1649 1701 1737 1756 τὸν

1852 1705 2010 1759 midia
2042 1673 2200 1777 parte
2231 1706 2315 1761 eis
2346 1704 2643 1759 Jurdanein
2687 1703 3035 1766 subsortitaa,
3066 1718 3129 1757 ex
3170 1702 3428 1771 gentibus

167 1790 433 1861 Ἰορδάνην
475 1790 909 1861 κληρονομοῦσι.
949 1790 1217 1862 σύμδολον
1254 1791 1585 1862 τυγχάνουσι
1628 1793 1740 1847 τῶν

155 1884 209 1948 ὲξ
234 1882 407 1936 ἐθνῶν
442 1883 887 1937 πεπιστευκότων
914 1883 1157 1955 Χριστῷ,
1198 1884 1293 1937 καὶ
1318 1884 1407 1937 διὰ
1443 1885 1541 1954 τῆς
1574 1883 1738 1955 χάρι-

155 1992 233 2039 τος
256 1975 355 2029 τοῦ
394 1975 559 2043 ἁγίου
594 1975 912 2046 Πνεύματος
939 1975 1353 2030 τελειωθέντων.
1397 1978 1740 2048 Σημειωτέον

152 2067 224 2131 δὲ,
251 2069 334 2121 ὅτι
376 2067 490 2136 πρὸ
520 2066 616 2120 τοῦ
652 2065 924 2137 ποταμοῦ,
960 2068 1206 2122 τουτέστι
1229 2068 1322 2122 τοῦ
1354 2068 1739 2139 Χριστιανικοῦ

157 2158 553 2230 βαπτίσματος,
604 2158 802 2230 ἀτελής
852 2177 970 2222 πως
999 2160 1094 2212 καὶ
1146 2158 1427 2229 νηπιώδης
1465 2158 1740 2213 δείκνυται

153 2253 349 2321 γνῶσις
410 2253 507 2305 καὶ
553 2252 833 2305 πολιτεία⁶
863 2251 1053 2305 παιδία
1098 2251 1209 2323 γὰρ
1254 2254 1390 2315 ἐκεῖ,
1421 2253 1517 2304 καὶ
1563 2252 1736 2322 κτήνη

154 2344 340 2407 πολλὰ,
369 2345 469 2396 καί
497 2345 765 2411 γυναῖκας
794 2343 1060 2414 ὑπάρχειν
1082 2341 1514 2413 μεμαρτύρηκεν
1542 2342 1574 2412 η
1602 2357 1738 2412 γρα-

152 2435 223 2507 φὴ
245 2435 555 2499 Μωύσέως.

654 2525 784 2577 NB'.
827 2554 897 2565 —
926 2523 1011 2590 Τῷ
1056 2524 1239 2590 αὐτῷ.

214 2615 688 2686 Συναγωνίζονται
722 2620 842 2680 ταῖς
873 2618 1030 2669 ἐννέα
1057 2617 1231 2687 ἥμισυ
1257 2616 1447 2683 φυλαῖς
1476 2634 1609 2687 προς
1641 2633 1742 2688 την

148 2712 517 2783 κληρονομίαν
547 2712 602 2764 αἱ
631 2708 722 2762 δύο
751 2710 919 2780 ἣμισυ
985 2710 1071 2773 Ὠς
1098 2710 1206 2780 γὰρ
1247 2712 1409 2782 ἡμεῖς
1445 2709 1739 2779 στρατευό-

151 2805 287 2873 μεθα
310 2805 372 2856 ὲν
394 2802 603 2868 πίστει,
630 2803 723 2855 καὶ
751 2803 957 2872 εὐχαῖς,
992 2802 1085 2855 καὶ
1106 2802 1398 2872 θειοτέροις
1444 2801 1627 2871 ἔργοις
1652 2801 1743 2873 (τὰ

152 2899 254 2968 γὰρ
279 2896 427 2950 ὅπλα
455 2896 556 2965 τῆς
587 2894 874 2965 στρατείας
909 2894 1088 2965 ἡμῶν,
1128 2895 1293 2964 φησὶν
1312 2896 1340 2947 6
1393 2894 1738 2957 Ἀπόστολος,

148 2988 205 3039 οὐ
239 2987 510 3054 σαρκικὰ,
543 2985 681 3039 ἀλλὰ
716 2986 1059 3055 πνευματικά
1082 3002 1141 3037 τε
1185 2986 1280 3039 καὶ
1327 2985 1568 3053 δυνατὰ),
1600 2984 1741 3040 οὕτω
1768 3014 1813 3070 C

149 3080 562 3151 στρατεύονται,
593 3080 690 3135 καὶ
723 3080 1182 3147 συναγωνίζονται
1218 3080 1350 3150 ἡμῖν
1383 3081 1504 3142 ταῖς
1534 3079 1740 3150 προθυ-

150 3174 325 3242 μίαις,
364 3174 462 3226 κα)⁸
496 3174 617 3235 ταῖς
652 3170 968 3234 καλλίσταις
998 3170 1209 3224 ἐλπίσιν
1232 3173 1281 3225 οἱ
1318 3171 1510 3243 πρώην
1542 3172 1739 3243 εὐηρε-

148 3264 421 3333 στηκότες
466 3262 546 3333 τῷ
589 3261 708 3332 Θεῷ
742 3263 829 3315 διὰ
856 3261 951 3315 τοῦ
993 3262 1182 3332 νόμου.
1227 3262 1309 3317 Τὰ
1355 3261 1463 3335 γὰρ
1499 3262 1741 3334 μυστικὰ

146 3354 477 3425 πρᾶγματα,
505 3353 601 3405 καὶ
622 3354 673 3405 οἱ
699 3352 847 3421 λόγοι
873 3353 1137 3418 Μωσέως,
1167 3353 1264 3406 καὶ
1291 3354 1585 3425 προφητῶν
1614 3371 1742 3407 συν-

145 3450 406 3518 τρέχουσι
460 3446 541 3517 τῷ
595 3448 741 3500 κατὰ
792 3448 853 3499 τὸ
886 3447 1229 3519 εὐαγγελικῷ
1267 3448 1609 3519 κηρύγματι,
1645 3450 1742 3502 καὶ

145 3541 361 3606 γίνεται
393 3538 573 3592 κοινὸν
596 3537 659 3590 τὸ
689 3538 1041 3609 κατόρθωμα.
1090 3538 1181 3592 Διό
1211 3557 1376 3609 φασιν
1412 3540 1743 3611 Ἰσραηλῖται

158 3631 341 3704 Ἰησοῦ
370 3631 452 3701 τῷ
482 3629 584 3701 υἱῷ
639 3630 735 3683 τοῦ
793 3628 952 3701 Ναυὴ
1008 3630 1254 3700 μέλλοντι
1306 3631 1603 3685 διαϐαίνειν
1650 3632 1743 3685 τὸν

164 3725 446 3797 Ἰορδάνην
466 3722 831 3794 πανστρατιᾷ,
864 3722 947 3776 ὅτι
967 3742 987 3773 ε
1016 3721 1216 3787 Καθὼς
1242 3723 1555 3795 ἠκούσαμεν
1577 3724 1743 3778 Μωῢ-

147 3816 289 3879 σέως
314 3856 331 3881 ,
364 3812 542 3877 οὕτως
574 3813 921 3881 ἀκουσόμεθα
950 3813 1046 3866 καὶ
1073 3814 1191 3868 σοῦ.
1226 3833 1244 3866 ι
1265 3813 1475 3886 Ἰησοῦς
1507 3815 1563 3868 δὲ
1590 3818 1618 3869 6
1645 3815 1739 3869 τοῦ

147 3904 305 3975 Navi;
336 3902 512 3956 τύπον
556 3901 783 3973 ἐφέρετο
828 3902 1007 3973 Ἰησού
1064 3902 1300 3974 Χριστοῦ
1329 3903 1425 3957 τοῦ
1468 3906 1740 3959 Δεσπότου

146 3996 255 4049 τῶν
281 3997 446 4049 ὅλων.
480 3994 645 4048 Ὅθεν
667 3995 831 4048 αὐτὸν
859 3995 1027 4049 Αὐσὶν
1054 3996 1113 4049 τὸ
1142 3997 1357 4067 πρῶτον
1386 3997 1739 4068 καλούμενον,

146 4090 177 4141 6
219 4089 501 4158 πάνσοφος
530 4087 773 4156 Μωῦσῆς
817 4086 1145 4159 προὸλέπων
1195 4088 1263 4141 τὰ
1319 4088 1580 4159 μέλλοντα
1630 4093 1741 4154 τοῖς

146 4178 453 4249 ὀφθαλμοῖς
482 4178 581 4247 τῆς
602 4178 782 4249 ψυχῆς
824 4176 1034 4246 Ἰησοῦν
1059 4177 1435 4249 ἐπωνόμασεν,
1467 4180 1615 4243 ὅπως
1643 4196 1741 4251 ση-

150 4272 319 4344 μαίνῃ
340 4270 438 4323 τὸν
462 4269 716 4340 ἀληθινὸν
752 4269 959 4342 Ἰησοῦν
998 4271 1091 4324 τὸν
1121 4270 1249 4323 Υίὸν
1276 4270 1370 4324 τοῦ
1396 4270 1551 4337 Θεοῦ,
1577 4271 1740 4342 ἀρχό-

1840 1795 2066 1851 Christo
2106 1795 2392 1852 credentes
2415 1838 2431 1861 ,
2487 1803 2541 1849 et
2576 1810 2673 1865 per
2703 1796 2935 1865 gratiam
2969 1792 3205 1865 Spiritus
3246 1794 3428 1849 sancti

1843 1883 2239 1954 perfectionem
2264 1886 2494 1955 adeptos
2514 1885 2850 1940 referebant.
2877 1883 3266 1939 AduOtaudum
3297 1900 3430 1938 vero

1841 1982 1958 2042 est,
1996 1987 2121 2030 ante
2141 1976 2364 2031 ﬂuvium
2383 2018 2397 2042 ,
2431 1977 2536 2031 hoc
2558 1984 2642 2031 est
2662 1976 3036 2032 Christianam
3065 1976 3428 2039 ablutionem,

1842 2067 2225 2138 imperfectam
2264 2070 2709 2140 quodammodo,
2747 2080 2801 2125 et
2854 2071 3120 2140 puerilem
3155 2070 3429 2142 cognitio—

1843 2176 1966 2216 nem
1988 2203 2004 2227 ,
2033 2176 2099 2215 ac
2127 2162 2254 2217 vita:
2285 2162 2688 2217 institutionem
2721 2162 2951 2218 indicari
2975 2179 2991 2216 :
3016 2161 3257 2217 infantes
3282 2163 3429 2216 enim

1845 2252 1959 2315 ibi,
1990 2263 2043 2307 et
2074 2253 2232 2307 bruta
2268 2254 2558 2324 pleraque,
2590 2262 2644 2307 et
2677 2253 2943 2309 mulieres
2958 2253 3200 2307 adfuisse
3217 2251 3431 2323 Moyses

1847 2342 2070 2412 scriptis
2106 2344 2315 2398 tradito
2349 2345 2668 2399 testimonio
2699 2361 2801 2401 suo
2832 2346 3238 2416 comprobavit.

2350 2520 2459 2598 21,
2493 2524 2601 2579 LII.
2637 2557 2707 2566 —
2736 2525 2943 2581 Eidem.

1917 2619 2054 2672 Cum
2088 2634 2282 2674 novem
2312 2629 2367 2674 et
2392 2620 2622 2674 dimidia
2662 2620 2923 2676 tribubus
2954 2619 3024 2674 ad
3056 2618 3434 2675 hereditatem

1848 2724 1955 2765 una
1986 2724 2152 2781 opera
2187 2710 2311 2765 dua:
2337 2717 2392 2764 et
2423 2708 2651 2765 dimidia
2681 2718 2930 2765 certant:
2969 2710 3430 2779 quemadmodum

1847 2804 1995 2860 enim
2042 2820 2144 2859 nos
2193 2804 2250 2857 in
2299 2802 2406 2858 ﬁde
2432 2841 2451 2868 ,
2496 2812 2551 2859 et
2580 2804 2953 2865 oratioue,.ac
2983 2802 3145 2858 bonis
3175 2802 3431 2872 operibus

1848 2893 2153 2946 militamus
2224 2900 2485 2963 (namque
2528 2901 2718 2948 nostra
2778 2908 2973 2956 arma,
3028 2900 3087 2947 ut
3132 2892 3432 2963 Apostolus

1846 2982 2010 3050 ait“,
2052 3000 2162 3039 non
2191 2993 2321 3039 sunt
2355 2984 2625 3049 carnalia,
2669 2982 2766 3039 sed
2801 2984 3094 3053 spiritalia,
3136 2996 3190 3039 et
3221 2984 3430 3053 fortia),

1844 3073 1965 3142 pari
2003 3072 2166 3126 modo
2211 3073 2491 3134 militant,
2525 3088 2581 3126 et
2608 3072 2901 3127 nobiscum
2930 3084 3213 3129 certamen
3242 3072 3431 3127 ineunt

1842 3163 2166 3224 desideriis,
2219 3172 2275 3218 et
2307 3164 2508 3219 ﬁducia
2539 3166 2745 3235 optima
2767 3205 2781 3229 ,
2814 3166 2908 3236 qui
2943 3173 3071 3222 ante
3094 3164 3202 3222 Deo
3229 3182 3327 3237 per
3357 3167 3428 3220 le-

1842 3267 1962 3320 gem
1999 3254 2473 3322 complacuerunt.
2513 3252 2732 3309 Etenim
2762 3270 2854 3310 res
2886 3256 3167 3327 mysticaa,
3192 3265 3248 3311 et
3267 3258 3431 3311 verba

1844 3342 2049 3415 Moysis
2070 3383 2084 3409 ,
2114 3355 2166 3399 et
2209 3345 2603 3415 prophetarum
2635 3362 2741 3400 una
2766 3362 2893 3402 cum
2931 3349 3248 3420 evangelica
3291 3365 3433 3421 prm-

1843 3435 2121 3489 dicatione
2167 3434 2485 3500 conﬂuunt,
2541 3446 2597 3491 et
2630 3445 2784 3491 recte
2836 3436 3044 3492 factum
3074 3440 3432 3494 subsecutum

1844 3541 2137 3582 commune
2186 3530 2436 3599 utrisque
2481 3537 2586 3584 est.
2646 3528 2886 3599 Ideoque
2932 3530 3128 3584 dicunt
3174 3529 3430 3587 Israelita:

1841 3618 1969 3675 Jesu
2004 3622 2117 3676 lilio
2152 3621 2322 3686 Nave,
2362 3639 2488 3677 cum
2524 3624 2672 3676 omni
2706 3625 2953 3679 exercitu
2976 3622 3275 3679 Jordanem
3300 3634 3429 3679 tra-

1838 3712 2092 3780 jecturo:
2133 3733 2152 3765 ί
2190 3712 2667 3779 Quemadmodum
2703 3714 3020 3769 audivimus
3051 3715 3305 3785 Moysen,
3354 3717 3430 3770 ita

1844 3803 2137 3858 audiemus
2183 3813 2238 3857 et
2272 3812 2324 3857 te
2343 3804 2410 3857 ⁸⁸.
2451 3824 2469 3855 ι
2499 3803 2663 3860 .lesus
2695 3821 2861 3875 porro
2915 3806 3058 3862 lilius
3102 3805 3253 3861 Nave
3294 3823 3429 3877 pra:-

1844 3895 2123 3966 ﬁgurabat
2152 3896 2435 3951 Christum
2457 3896 2650 3951 Jesum
2683 3899 2930 3952 omnium
2961 3897 3429 3953 Dominum.llinc

1842 4005 1967 4043 eum
2011 3989 2169 4058 prius
2201 3990 2379 4044 Ausin
2423 4000 2678 4043 vocatum
2730 3989 3181 4059 sapientissimus
3216 3990 3429 4061 Moyses

1844 4083 2045 4137 mentis
2102 4083 2283 4139 oculis
2342 4082 2528 4138 futura
2567 4084 2875 4154 praevidens
2903 4085 3093 4140 Jesum
3148 4102 3423 4157 nuncupa-

1844 4177 1919 4230 vit
1951 4175 2017 4240 ⁸⁷,
2057 4183 2117 4228 ut
2146 4191 2337 4229 verum
2373 4176 2562 4231 Jesum
2589 4217 2604 4240 ,
2643 4176 2739 4232 Dei
2796 4175 2993 4231 Filium
3039 4192 3069 4231 a
3102 4178 3428 4249 baptismate

1845 4283 2073 4337 regnum
2106 4267 2372 4321 caelorum
2411 4267 2712 4337 praedicare
2739 4266 3117 4323 exordientem
3139 4308 3156 4334 ,
3196 4278 3253 4324 et
3283 4270 3425 4325 elar-

150 4380 309 4431 μενον
338 4364 453 4417 ἀπὸ
472 4363 567 4416 τοῦ
598 4362 974 4434 βαπτίσματος
1002 4365 1305 4435 κηρύσσειν
1334 4364 1431 4434 τὴν
1462 4363 1737 4433 βασιλείαν

1852 4360 2082 4430 gientein
2121 4360 2281 4414 nobis
2324 4375 2623 4430 supernam
2676 4360 3055 4417 hcereditatem
3107 4363 3246 4417 nulli
3291 4378 3425 4417 ma:-

147 4454 257 4510 τῶν
280 4455 557 4527 οὐρανῶν,
594 4457 688 4510 καὶ
716 4455 1059 4526 δωρούμενον
1094 4458 1225 4526 ἡμῖν
1256 4456 1355 4526 τὴν
1392 4458 1505 4510 ἄνω
1537 4455 1737 4525 κληρο-

147 4549 340 4619 νομίαν
365 4546 706 4618 ἀπάνθητον,
732 4550 825 4601 καὶ
863 4546 1100 4601 αἰώνιον.

661 4640 788 4694 NI".
826 4670 894 4680 —-
931 4638 1014 4704 Τῷ
1040 4639 1220 4705 αὐτῷ.

232 4733 401 4787 Ῥαὰϐ
445 4732 807 4802 πλατυσμὸς
827 4730 1212 4803 ἑρμηνεύεται,
1244 4729 1401 4802 ἡγὰρ
1431 4729 1492 4782 τὸ
1522 4730 1739 4801 πρῶτον

147 4824 345 4896 πόρνη,
375 4823 475 4877 νῦν
522 4823 580 4877 δὲ
624 4823 857 4894 σώφρων
914 4823 1211 4892 Ἐκκλησία
1251 4822 1341 4876 διὰ
1372 4822 1469 4891 τῆς
1499 4823 1738 4887 πίστεως

149 4917 482 4971 πλατύνεται
513 4919 636 4980 ταῖς
662 4916 941 4987 θεωρίαις,
972 4918 1065 4969 καὶ
1097 4919 1209 4979 τοῖς
1240 4915 1407 4980 θείοις
1445 4916 1735 4987 νοήμασιν.

147 5009 253 5062 Διὰ
296 5010 458 5064 τοῦτο
501 5009 810 5081 Κορινθίοις
848 5010 1048 5081 γράφει
1097 5009 1127 5063 6
1164 5008 1337 5080 μέγας
1372 5008 1696 5073 Ἀπόστολος
1720 5025 1734 5041 ο

156 5121 179 5151 ‹
222 5101 310 5173 Μὴ
330 5101 755 5173 στενοχωρεῖσθε
775 5117 789 5129 ·
859 5101 1060 5171 μᾶλλον
1085 5100 1143 5153 δὲ
1172 5099 1532 5170 πλατύνθητε,
1562 5098 1737 5154 καθά-

149 5211 262 5265 περ
300 5190 396 5247 οὖν
421 5194 456 5264 ἡ
482 5194 593 5265 ἐμῆ
624 5193 823 5264 καρδία
846 5192 1206 5247 πεπλάτυται.
1244 5211 1264 5244 ι

259 5283 379 5339 NA'.
428 5314 500 5327 -
544 5283 950 5355 ΔΥΡΗΔΙΑΝῼ
1007 5284 1422 5355 ΙΛΛΟΥΣΤΡΙῼ
1486 5283 1626 5337 ΑΠΟ

770 5376 1123 5430 ΕΛΛΗΝΩΝ.

229 5474 338 5525 Οὐκ
362 5469 521 5538 ἀξίαν
538 5471 639 5542 τῆς
668 5467 761 5524 τοῦ
787 5468 1115 5537 Εὐαγγελίου
1137 5468 1471 5540 εὐπρεπείας
1499 5468 1734 5538 βαδίζεις

232 5586 275 5618 ⁸⁸
308 5585 470 5642 Iosue
512 5599 637 5640 xm.
685 5585 738 5639 8.
839 5584 883 5615 ⁸⁸
919 5581 961 5636 11
992 5580 1121 5638 Cor.
1164 5600 1222 5646 τ,
1259 5584 1311 5637 ί.

158 5659 350 5725 ιι,3ι.
421 5656 468 5687 ⁸⁸
535 5654 575 5709 ιι
602 5655 730 5709 Cor.
791 5654 980 5719 vull.

436 5753 710 5813 Ρηιιοι.
749 5750 866 5813 Gn.
933 5749 1225 5814 LXXIX.

1408 5582 1453 5615 ‘°
1468 5581 1635 5640 Josue
1658 5599 1671 5636 ι
1703 5582 1790 5637 l7.

1837 4453 1949 4506 rori
1973 4492 1988 4516 ,
2020 4452 2156 4527 nulli
2194 4452 2287 4505 lini
2320 4452 2618 4506 obnoxiam
2643 4494 2658 4516 ,
2694 4453 2973 4507 innueret.

2390 4634 2526 4689 LIII.
2562 4664 2629 4675 —
2658 4634 2871 4689 Eidem.

1905 4727 2078 4791 Raab,
2133 4726 2472 4781 latitudinem
2519 4734 2708 4789 notat,
2752 4742 2877 4797 qua:
2921 4727 3068 4782 enim
3114 4727 3271 4796 prius
3308 4737 3424 4782 erat

1836 4820 2101 4876 meretrix
2126 4814 2261 4879 ‘5'“,
2287 4832 2432 4871 nunc
2459 4826 2606 4873 casta
2635 4831 2698 4871 ac
2732 4818 2932 4888 pudica
3008 4817 3251 4873 Ecclesia
3330 4832 3425 4887 per

1837 4911 1998 4966 fidem
2049 4908 2561 4980 speculationibus,
2609 4915 2664 4961 et
2704 4906 2910 4961 divinis
2948 4904 3423 4960 intellectionibus

1835 5005 2125 5060 dilatatur.
2156 5000 2458 5070 Propterea
2515 5014 2750 5067 magnus
2788 4997 3090 5066 Apostolus
3117 4994 3423 5051 Corinthiis

1836 5096 2035 5153 scribit
2062 5114 2076 5149 :
2117 5112 2136 5145 ι
2176 5090 2257 5146 Ne
2285 5090 2505 5160 angusti
2537 5089 2662 5144 sitis
2684 5129 2699 5151 ,
2738 5089 2847 5142 imo
2871 5086 3053 5157 potius
3076 5085 3382 5140 dilatamini
3401 5124 3420 5151 ,

1840 5184 2304 5260 quemadmodum
2333 5190 2390 5238 et
2412 5197 2509 5236 cor
2537 5194 2719 5233 meum
2749 5177 3040 5231 dilatatum
3067 5184 3153 5229 est
3175 5175 3245 5231 ".
3286 5196 3305 5230 ι

2018 5278 2126 5350 25
2174 5275 2309 5331 Liv.
2352 5303 2424 5320 --
2461 5268 2858 5328 AquLIANo
2916 5264 3244 5322 ILLUSTRI

2384 5364 2474 5420 EX
2514 5361 2885 5421 GENTIBUS.

1914 5462 2142 5534 indigno
2205 5458 2522 5529 evangelica
2570 5457 2838 5528 elegantia
2885 5465 3048 5511 mouo
3101 5455 3242 5510 viam
3297 5454 3424 5511 vitm
3490 5512 3510 5539 ο

1891 5576 2119 5633 "Num.
2172 5590 2293 5637 xm,
2327 5572 2413 5628 17.
2523 5564 2640 5603 ἰδ-³⁵³
2667 5563 2828 5620 Josue
2858 5579 2916 5629 ιι,
2950 5563 2970 5616 ι
3005 5575 3157 5629 seqq.
3247 5566 3362 5621 uel,

3062 5734 3098 5794 ι
