3822 6216
398 266 505 335 107

1910 262 1970 323 S.
2008 261 2171 321 NILI

3572 243 3668 309 108

399 382 758 453 seuipiternae
798 376 1126 433 obambulas
1154 414 1169 437 ,
1220 372 1368 429 haud
1409 381 1595 428 mente
1632 370 1992 442 comprehen—

2128 368 2192 440 ὴν
2217 367 2335 420 όδδν
2364 368 2460 436 τῆς
2492 364 2712 419 αἰωνίου
2733 361 2900 431 ζωῆς,
2926 360 2999 430 μὴ
3028 358 3320 428 λαμϐάνων
3354 355 3495 410 κατά
3527 356 3669 408 νοῦνο

398 478 569 539 deus,
609 490 717 529 non
742 473 924 534 multo
952 478 1077 540 post
1108 468 1379 538 judicium
1404 467 1648 521 omnium
1675 505 1691 529 ,
1725 480 1845 535 qua:
1866 465 1988 533 qui-

404 569 572 631 libet,
611 566 741 620 dum
776 565 1019 625 viveret,
1059 560 1329 630 patravit,
1385 557 1702 611 adfuturum
1731 595 1746 620 ,
1794 555 1987 610 condi-

403 674 542 728 gnas
592 672 779 712 secum
820 653 1078 707 deferens
1127 652 1385 706 submoto
1430 650 1583 703 omni
1626 649 1989 717 deprecatore

402 764 619 819 pinnas.
654 745 946 800 Contraria
979 744 1196 814 itaque,
1246 758 1423 812 neque
1452 742 1598 796 dicta
1626 756 1770 810 aegre
1804 739 1950 793 feras
1971 778 1986 804 ,

403 842 504 898 tibi
557 841 645 893 via
684 839 925 893 ineunda
966 846 1087 902 est,
1144 850 1304 890 sacra
1345 834 1533 905 potius
1588 848 1689 903 pro
1741 830 1989 902 profanis

404 933 626 1004 eligenti
649 973 665 996 ,
708 931 1065 1002 abigentique
1098 943 1223 999 qua:
1269 942 1335 982 ex
1372 943 1476 982 usu
1507 940 1680 993 prava
1717 924 1989 980 desideria

403 1024 726 1082 contraxisti
738 1064 750 1076 .

750 1132 859 1189 LV.
883 1164 955 1174 —
981 1131 1281 1187 ZOSARIO
1315 1128 1639 1185 TRIBUNO.

480 1269 499 1301 ι
535 1248 710 1305 Omne
740 1255 902 1317 caput
932 1249 986 1299 in
1025 1245 1307 1308 dolorem,
1364 1244 1441 1296 ait
1476 1243 1681 1308 Isaias,
1733 1251 1788 1297 et
1828 1254 1991 1296 omne

405 1358 503 1397 cor
535 1343 590 1395 in
624 1355 920 1394 nuerorem
958 1353 988 1390 a
1026 1337 1257 1407 pedibus
1310 1352 1487 1404 usque
1543 1335 1612 1388 ad
1648 1346 1815 1404 caput
1845 1335 1913 1387 5‘.
1964 1352 1985 1384 ι

408 1436 474 1487 lit
522 1434 716 1504 paucis
769 1431 1077 1499 interjectis
1133 1447 1203 1483 ε(
1266 1427 1438 1483 Terra
1491 1438 1672 1482 vestra
1731 1427 1987 1492 deserta,

406 1530 685 1592 regionem
720 1532 958 1578 vestram
997 1524 1051 1576 in
1084 1530 1386 1592 conspectu
1416 1530 1604 1576 vestro
1628 1520 1803 1575 exteri
1841 1535 1990 1574 com-

406 1620 578 1672 edunt
603 1619 671 1673 ⁸¹.
713 1636 731 1668 ι
761 1614 864 1669 Per
892 1615 1061 1685 pedes
1098 1613 1319 1682 quidem
1357 1611 1613 1665 subditos
1650 1633 1660 1664 :
1702 1627 1798 1680 per
1828 1619 1993 1680 caput

2094 462 2169 524 ὡς
2200 461 2377 528 ὀλίγον
2418 460 2639 528 ὕστερον
2671 456 2853 527 κρίσις
2880 453 3032 505 ἔσται
3065 452 3175 504 τῶν
3227 450 3444 519 ἑκάστῳ
3478 449 3669 518 βεϐιωσ

2098 555 2294 625 μένων,
2325 553 2730 621 ἀπαραιτήτους
2760 548 2959 617 ἔχουσα
2988 546 3085 608 τάς
3133 544 3270 613 πρὸς
3300 536 3458 607 ἀξίαν
3500 544 3675 593 ὲπιτι-
3762 550 3765 553 ‘

2098 649 2317 717 μήσεις.
2348 647 2439 697 Δεῖ
2466 644 2665 707 τοίνυν,
2702 641 2795 694 καὶ
2832 638 3099 710 μηδαμῶς
3145 635 3455 705 ἀπεχθάνου
3502 633 3676 685 ταῦτα

2095 736 2330 800 ἀκούων,
2379 734 2475 804 τὴν
2519 732 2765 785 ἐναντίαν
2820 729 3019 791 ἐλθεῖν,
3056 726 3424 795 ἐκλεξάμενον
3476 722 3678 793 μᾶλλον

2093 830 2216 885 ἀντὶ
2243 827 2350 880 τῶν
2398 825 2494 894 οὐχ
2540 823 2702 877 ὁσίων
2730 821 2797 874 τὰ
2826 823 2965 885 ὅσια,
2996 820 3089 872 καὶ
3136 818 3376 890 ἐξορίσαι
3402 817 3505 879 τὰς
3540 818 3679 868 κατά

2098 919 2384 991 συνήθειαν
2418 914 2661 985 πονηρὰς
2692 912 3024 983 προθυμίας.

2413 1134 2541 1189 NE’.
2569 1165 2638 1176 -
2664 1129 3352 1204 ΖΩΣΑΡΙῼἺΡΙΒΟΥΝῼ,

2174 1274 2192 1307 ι
2222 1256 2381 1308 Πᾶσα
2409 1251 2618 1320 κεφαλὴ
2664 1251 2742 1313 εἰς
2784 1249 2965 1310 πόνον,
3008 1244 3175 1317 φησιν
3218 1246 3247 1297 6
3285 1243 3551 1303 Ἡσαΐας,
3592 1240 3684 1293 καὶ

2098 1352 2248 1403 πᾶσα
2296 1345 2495 1416 καρδία
2543 1345 2623 1405 είς
2669 1342 2844 1411 λύπην
2878 1339 2986 1392 ἀπὸ
3016 1337 3192 1390 ποδῶν
3220 1337 3326 1397 ἓως
3358 1332 3628 1401 κεφαλῆς.
3662 1350 3681 1382 ι

2095 1440 2359 1507 Καὶ-μετ’
2384 1436 2571 1503 ὀλίγα·
2607 1452 2626 1483 ε
2675 1433 2739 1485 'Il
2764 1432 2837 1501 γῆ
2871 1432 2965 1484 καὶ
2998 1428 3151 1499 ὑμῶν
3190 1427 3415 1495 ἔρημος.
3452 1425 3555 1494 τὴν
3579 1422 3687 1493 χώο

2101 1550 2200 1604 ραν
2243 1531 2396 1602 ὑμῶν
2430 1528 2660 1583 ἐνώπιον
2702 1524 2858 1596 ὑμῶν
2908 1520 3179 1589 ἀλλότριοι
3213 1515 3618 1570 κατεσθίουσιν.
3664 1532 3682 1564 ι

2098 1630 2195 1683 Διά
2228 1628 2326 1698 μὲν
2358 1624 2469 1678 τῶν
2499 1622 2675 1676 ποδῶν
2701 1620 2828 1681 τοὺς
2858 1612 3354 1682 ὑποτεταγμένους,
3383 1608 3474 1661 διὰ
3504 1607 3565 1658 δὲ
3588 1607 3689 1675 τῆς

407 1710 694 1781 przefectos
722 1708 958 1762 innuens
984 1746 999 1769 ,
1045 1705 1291 1774 nequitia
1317 1704 1467 1756 omni
1504 1702 1759 1772 oppletos
1784 1719 1799 1768 ;
1831 1716 1993 1755 cunne

2126 1697 2338 1789 εεφα).ἧς
2366 1718 2492 1779 τοὺς
2516 1710 2958 1782 καθηγουμένους
2987 1704 3379 1773 αἰνιττόμενος,
3408 1697 3686 1768 πονηρίας

406 1804 613 1872 quippe
659 1806 824 1868 caput
854 1798 909 1851 iu
947 1798 1195 1851 dolorem
1230 1814 1243 1850 :
1276 1793 1548 1864 siquidem
1582 1803 1635 1847 et
1686 1792 1852 1861 pedes
1895 1806 1994 1845 eo-

406 1912 531 1951 rum
566 1896 619 1948 in
642 1892 1052 1963 improbitatem
1083 1906 1252 1945 cursu
1281 1889 1472 1959 rapide
1501 1888 1776 1947 feruntur,
1811 1900 1998 1954 quem-

409 1990 707 2043 admodum
761 1987 813 2038 in
876 1985 987 2039 alio
1031 1999 1251 2054 quoque
1290 1985 1413 2038 loco
1437 1982 1578 2035 dixit
1626 1979 1892 2051 propheta
1924 1978 1991 2031 ⁵³.

408 2080 681 2135 Laborem
739 2078 926 2146 itaque
976 2075 1389 2145 improbitatem
1439 2088 1568 2128 esse
1620 2070 1901 2139 intellige,
1941 2079 2001 2122 ut

409 2180 477 2228 de
518 2172 749 2244 profana
782 2170 967 2224 anima
1004 2167 1176 2222 David
1222 2166 1391 2221 dicit:
1433 2184 1451 2216 ‹
1490 2163 1999 2234 Concepistidolo-

411 2282 570 2328 rem,
630 2270 688 2317 et
742 2258 1004 2331 peperisti
1060 2257 1406 2327 iniquitatem
1449 2254 1527 2322 ⁵⁵,
1594 2272 1612 2306 ι
1674 2253 1999 2322 improbitas

410 2358 559 2412 enim
606 2336 800 2423 suapte
840 2361 1032 2407 natura
1066 2350 1412 2418 iniquitatem
1440 2346 1600 2416 parit.
1634 2345 1771 2399 Cum
1815 2345 2001 2412 itaque

414 2453 467 2504 iu
518 2449 824 2518 despectu,
900 2456 955 2498 et
1024 2457 1213 2497 amore
1257 2440 1566 2503 malorum,
1622 2448 2003 2505 sarpenumero

412 2541 620 2611 judicio
679 2538 770 2591 Dei
823 2546 1013 2590 maesta
1082 2549 1147 2586 ac
1205 2531 1387 2585 tristia
1445 2536 1881 2596 consequantur,
1933 2523 1999 2576 ad

414 2629 857 2686 eummdationem
921 2633 1244 2693 peccatores
1305 2620 1676 2689 impellentia,
1756 2622 2006 2686 propter-

414 2733 478 2777 ea
520 2723 709 2776 dixit:
755 2739 773 2771 ‹
818 2717 882 2771 Ει
908 2731 1068 2771 omne
1099 2731 1197 2769 cor
1226 2715 1282 2769 in
1318 2727 1611 2767 Inau'orcm
1663 2712 1729 2764 ⁵⁸.
1770 2728 1789 2760 ι
1831 2707 1884 2761 In
1916 2708 2004 2761 lu-

417 2813 787 2868 cmmeteuim
824 2809 1003 2865 Judaai
1051 2822 1082 2861 a
1131 2806 1242 2860 Deo
1284 2805 1683 2874 conjiciuntur,
1720 2802 1829 2873 26
1873 2800 2005 2855 dum

417 2910 653 2961 bmnana
686 2919 849 2957 manu
879 2900 1223 2971 castigantur
1250 2903 1303 2951 et
1334 2895 1752 2964 deprimuntur.

980 3020 1115 3076 LVI.
1140 3048 1209 3061 —
1242 3017 1447 3073 Eidem.

2099 1814 2316 1883 ἁπάσης
2340 1804 2832 1880 ὲμπεπλησμένους
2853 1819 2865 1833 ·
2903 1801 3055 1853 πᾶσα
3093 1798 3202 1867 γὰρ
3238 1794 3449 1883 κεφαλὴ
3484 1793 3567 1854 εἰς
3590 1790 3691 1841 πό⁴

2098 1925 2205 1971 νον,
2238 1873 2492 1958 ἀλλέκαὶ
2522 1873 2758 1957 οίνπόδες
2783 1892 2964 1947 αὐτῶν
3018 1891 3099 1952 εἰς
3148 1873 3413 1956 πονηρίαῦ
3460 1882 3694 1953 τρέχου-

2101 2017 2208 2065 σιν,
2252 1997 2327 2057 ib;
2358 1996 2415 2047 ὲν
2451 1992 2623 2062 ἑτέρῳ
2655 1988 2806 2055 τόπῳ
2837 1984 3063 2054 εἴρηκεν
3092 1982 3120 2033 6
3154 1978 3470 2048 Προφήτης.
3517 1974 3693 2026 Πόνον

2099 2062 2378 2161 τοιγάρτοι
2434 2086 2531 2155 τὴν
2565 2080 2858 2150 πονηρείαν
2887 2078 3018 2134 νόει,
3067 2069 3251 2133 καθὼς
3295 2068 3444 2134 λέγει
3471 2068 3499 2118 ό
3524 2062 3695 2116 Δαυῖδ

2102 2155 2230 2255 περὶ
2256 2155 2435 2252 φυχῆς
2467 2176 2716 2248 βεϐήλου,
2744 2173 2826 2225 ὅτι
2864 2189 2880 2220 ι
2917 2164 3214 2226 Συνέλαόες
3244 2163 3426 2217 πόνον,
3454 2159 3552 2211 καὶ
3577 2155 3692 2207 ἔτεα

2102 2250 2198 2339 χες
2228 2250 2481 2343 ἀνομίαν.
2523 2287 2542 2319 ι
2590 2268 2655 2320 Ἠ
2685 2264 2797 2334 γὰρ
2827 2260 3091 2331 πονηρεία
3119 2259 3219 2327 τὴν
3250 2253 3483 2324 ἀνομίαν
3517 2250 3695 2317 πέφυ-

2102 2387 2199 2425 κεν
2234 2364 2571 2419 ἁποτίκτειν.
2615 2356 2835 2424 Ἐπειδὴ
2875 2354 3059 2406 τοίνυν
3103 2353 3159 2403 ὲν
3190 2348 3269 2419 τῷ
3301 2342 3694 2414 καταφρονεῖν.

2104 2461 2200 2515 καὶ
2221 2458 2440 2526 ἀγαπᾷν
2461 2452 2531 2505 τὰ
2559 2449 2760 2518 φαῦλα,
2796 2446 3055 2505 πολλάκις
3089 2440 3270 2513 κρίσει
3294 2438 3430 2490 Θεοῦ
3459 2436 3528 2488 τὰ
3554 2451 3693 2487 σκυ-

2106 2554 2301 2628 θρωπά
2355 2550 2448 2603 καὶ
2503 2544 2725 2615 λυπηρά
2757 2542 2971 2601 ἕπεται,
3031 2537 3167 2607 πρὸς
3194 2533 3483 2602 διόρθωσιν
3525 2532 3696 2581 ἐκκα-

2105 2625 2344 2719 λούμενα
2393 2645 2519 2705 τοὺς
2576 2635 3073 2707 ἐξαμαρτάνοντας,
3115 2628 3204 2683 διὰ
3250 2627 3411 2680 τοῦτο
3461 2625 3693 2693 εῐρηκε·

2112 2755 2131 2787 ι
2163 2733 2275 2789 Καὶ
2304 2732 2450 2785 πᾶσα
2474 2726 2667 2797 καρδία
2697 2725 2776 2785 εἰς
2797 2720 2996 2791 λύπην.
3030 2738 3047 2769 ι
3085 2716 3396 2771 Λυποῦνται
3422 2715 3528 2781 γὰρ
3555 2711 3697 2763 Ἰου-

2107 2828 2243 2881 δαῖοι
2268 2825 2373 2878 ὑπὸ
2401 2820 2559 2881 Θεοῦ,
2578 2820 2644 2872 δι’
2673 2812 3025 2885 ἀνθρωπίνης
3052 2810 3235 2882 χειρὸς
3280 2806 3695 2877 τιμωρούμενοι

2108 2921 2205 2975 καὶ
2234 2913 2710 2983 καταθλιϐόμενοι.

2605 3021 2747 3086 Nq'.
2784 3048 2856 3059 --
2891 3016 2974 3081 Τῷ
3013 3012 3193 3078 αὐτῷ.

495 3143 553 3195 Si
608 3155 715 3193 non
763 3149 990 3209 propter
1030 3134 1237 3190 Christi
1268 3147 1456 3185 necent
1490 3128 1735 3183 desolata
1764 3132 1851 3179 est
1883 3123 2003 3178 uni-

2179 3144 2242 3195 Εί
2271 3142 2344 3212 μὴ
2375 3138 2462 3192 διὰ
2495 3138 2595 3207 τὴν
2624 3130 3356 3205 Χριστοκτονίανήρήμωται
3383 3126 3532 3177 πᾶσα
3558 3123 3697 3173 ’1ου-

419 3248 577 3288 versa
605 3230 793 3285 .Iudzea
818 3245 847 3283 a
876 3226 1164 3289 Romanis,
1191 3234 1247 3278 et
1272 3222 1631 3297 Hebraeorum
1657 3219 1830 3273 exteri
1856 3233 2006 3269 eom-

420 3326 627 3387 eduut,
662 3323 924 3390 illiusque
961 3318 1179 3372 fructus
1206 3316 1512 3375 devorant,
1552 3311 1852 3380 abjiciatur
1884 3316 2006 3361 tan-

420 3431 586 3487 quam
638 3411 871 3467 mendax
907 3409 1177 3480 propheta
1204 3407 1273 3471 ⁸⁸,
1324 3405 1420 3475 qui
1467 3411 1597 3457 ante
1646 3401 1799 3455 mille
1829 3415 2007 3454 annos

420 3507 554 3563 illud
589 3504 942 3578 praedixerat.

970 3613 1049 3668 LV
1066 3611 1130 3668 ll.
1161 3643 1231 3653 —
1257 3610 1471 3667 Eidem.

497 3722 573 3777 Nc
619 3732 672 3776 te
703 3718 931 3773 seducat
984 3714 1203 3770 .Iudaaus
1262 3725 1560 3770 asserens,
1621 3716 1847 3777 propter
1898 3706 2007 3757 alia

424 3819 636 3870 scelera
711 3810 1009 3881 spoliatum
1075 3822 1134 3861 se
1190 3819 1314 3859 esse
1389 3802 1682 3856 Palaestina
1744 3820 1757 3855 :
1831 3813 2010 3867 neque

423 3906 571 3959 enim
608 3903 679 3956 ob
720 3902 861 3955 alias
906 3898 1090 3957 labes,
1118 3904 1174 3950 et
1209 3894 1566 3947 conscientia:
1611 3890 1871 3951 vulnera,
1913 3888 2007 3941 sed

427 4007 653 4066 propter
681 3990 898 4046 Domini
930 4002 1121 4043 necem
1163 3985 1337 4038 multa
1383 3984 1567 4053 gravia
1593 4019 1609 4043 .
1653 3982 1857 4050 quibus
1890 3980 2013 4033 nul-

427 4091 537 4143 lum
595 4083 897 4138 remedium
934 4079 1113 4134 allerri
1163 4085 1373 4147 potest,
1435 4073 1681 4143 perpessi
1716 4083 1865 4126 sunt.
1920 4070 2013 4123 Et-

427 4183 572 4235 enim
606 4184 732 4230 ante
780 4174 874 4228 illa
911 4184 1157 4240 tempora
1196 4169 1342 4222 idola
1389 4168 1636 4221 colentes
1668 4205 1680 4225 ,
1715 4166 2011 4233 prophetas

430 4272 770 4327 trucidantcs
795 4306 810 4330 ,
858 4264 1201 4321 dannonibus
1228 4262 1367 4316 lilias
1389 4300 1404 4325 ,
1440 4260 1693 4327 ﬁliosque
1721 4256 2012 4310 immolan-

428 4375 533 4428 tes,
570 4359 898 4429 alienigenis
927 4357 983 4411 in
1007 4354 1384 4424 captivitatem
1418 4366 1447 4404 a
1480 4351 1589 4404 Deo
1622 4347 2010 4412 tradebantur,

427 4470 483 4513 et
526 4471 731 4526 paucos
765 4460 892 4523 post
938 4464 1151 4511 annos,
1191 4449 1266 4500 ita
1298 4445 1408 4497 Deo
1447 4449 1755 4502 annuente,
1799 4439 1852 4492 in
1900 4445 2003 4491 ter-

2126 4435 2217 4504 τῆς
2255 4428 2608 4497 ἐπαγγελίας.

2109 4527 2367 4597 πρᾶγμα,
2392 4523 2472 4584 εἰς
2491 4520 2582 4573 τὸν
2615 4518 2742 4571 Υίὺν
2770 4515 2865 4570 τοῦ
2886 4513 3021 4567 Θεοῦ
3054 4511 3151 4573 τὰς
3170 4512 3359 4581 χεῖρας
3391 4505 3698 4568 ἐπιϐαλεῖν,

429 4567 545 4607 ram
597 4542 986 4618 promissionis
1027 4539 1455 4595 reducebantur.
1490 4533 1569 4588 Ex
1602 4549 1713 4601 quo
1744 4546 1874 4585 vero
1905 4530 2009 4582 im-

2107 3232 2234 3286 δαία
2291 3228 2396 3281 ὑπὸ
2452 3223 2762 3292 Ῥωμαίων,
2810 3221 2906 3273 καὶ
2952 3218 3220 3287 ἀλλότριοι
3251 3213 3517 3283 Ἐϐραίων
3560 3228 3695 3263 κατ-

2109 3325 2378 3378 εσθίουσιν
2420 3318 2515 3372 καὶ
2564 3312 2924 3386 καρπίζονται
2953 3309 3176 3378 ταύτην,
3214 3305 3511 3375 ἐψεύσθωό
3557 3305 3700 3372 Προ-

2110 3420 2287 3489 φήτης
2320 3411 2425 3483 πρὸ
2457 3408 2641 3481 χιλίων
2670 3404 2827 3459 τοῦτο
2864 3399 3209 3472 ἀνακηρύξας
3248 3396 3406 3449 ἑτῶν.

2623 3601 2748 3655 ΝΖ’.
2788 3631 2858 3641 -
2890 3596 2972 3662 Τῷ
3003 3594 3183 3660 αὐτῷ.

2181 3705 2274 3773 Μή
2306 3720 2364 3755 σε
2390 3700 2653 3753 ἀπατάτω
2670 3697 2697 3747 ὁ
2730 3692 2980 3750 Ἰουδαῖος
3008 3690 3182 3756 λέγων
3210 3685 3277 3739 δι’
3301 3686 3496 3755 ἐτέρας
3513 3675 3703 3753 ἀμαρ-

2111 3798 2232 3860 τίας
2271 3786 2748 3862 ἀπηλλοτριῶσθαι
2793 3785 2891 3853 τῆς
2932 3779 3317 3844 Παλαιστίνης.
3370 3778 3445 3830 Οὐ
3487 3776 3601 3847 γὰρ
3629 3774 3703 3826 δι’

2113 3888 2276 3948 ἄλλας
2309 3881 2607 3955 ἁμαρτίας,
2634 3877 2721 3929 διὰ
2747 3876 2803 3927 δὲ
2832 3875 2930 3944 τὴν
2962 3869 3354 3943 Κυριοκτονίαν
3391 3867 3701 3921 πεπόνθασι

2112 3980 2182 4033 τὰ
2214 3979 2511 4047 ἀνήκεστα.
2545 3971 2742 4041 Πρώην
2776 3967 2874 4037 μὲν
2902 3965 3011 4036 γὰρ
3036 3960 3574 4028 εἰδωλο).ατροῦντες,
3604 3959 3704 4010 καὶ

2112 4073 2241 4133 τοὺς
2275 4067 2558 4140 προφήτας
2587 4061 2923 4130 φονεύοντες,
2962 4059 3055 4109 καὶ
3085 4056 3197 4119 τοῖς
3227 4053 3445 4121 δαίμοσι
3477 4051 3575 4114 τὰς
3605 4049 3704 4103 θυ-

2114 4162 2351 4232 γατέρας
2383 4156 2477 4211 καὶ
2508 4155 2632 4215 τοὺς
2663 4151 2812 4212 υἱοὺς
2849 4148 3088 4210 θύοντες,
3120 4147 3233 4207 τοῖς
3271 4141 3591 4210 ἀλλοφύλοις
3619 4141 3705 4202 εἰς

2115 4231 2495 4323 αἰχμαλωσίαν
2543 4241 2647 4298 ὑπὸ
2686 4238 2825 4294 Θεοῦ
2871 4236 3239 4308 παρεδίδοντο,
3269 4234 3363 4287 καὶ
3394 4232 3511 4302 μετ’
3540 4231 3708 4298 ὀλίγα

2117 4322 2213 4408 ἔτη
2237 4341 2315 4410 τῷ
2337 4338 2465 4408 θείῳ
2492 4334 2789 4405 βουλήματι
2822 4329 2985 4382 πάλιν
3016 4329 3354 4397 ἐπανήγοντο
3374 4325 3454 4387 είς
3475 4322 3573 4393 τὴν
3597 4322 3707 4391 γῆν

2659 4419 2775 4490 Ἀφ’
2817 4412 2877 4473 οὗ
2911 4418 3051 4471 δὲτὸ
3090 4417 3308 4469 ἀνίατον
3327 4413 3706 4483 τετολμήκασι

430 4599 755 4697 inedicrabile
806 4636 912 4690 hoc
940 4632 1269 4702 "ﬂagitium,
1319 4630 1371 4683 in
1425 4599 1632 4681 Filium
1666 4625 1761 4678 Dei
1816 4637 2003 4675 manus

2126 4617 2370 4673 παντελεῖ
2398 4613 2661 4685 πορθήσει
2691 4609 3007 4663 ὲνδέδονται.
3052 4603 3187 4656 Ἰδοὺ
3220 4599 3405 4654 λοιπὸν
3434 4615 3707 4650 πεντακο-

432 4739 807 4804 apponentes,
876 4726 1141 4781 audacter
1189 4729 1610 4793 perpetrarunt,
1662 4724 1929 4787 perpetuo
1960 4722 2017 4767 et

430 4834 682 4880 extremo
724 4817 943 4875 excidio
990 4814 1178 4869 traditi
1231 4820 1363 4868 sunt
1415 4811 1490 4864 En
1528 4811 1714 4879 itaque
1746 4808 2019 4877 quingen-

430 4920 665 4975 tesimus
709 4927 925 4976 annus;
970 4920 1025 4964 et
1056 4923 1327 4977 nusquam
1358 4905 1607 4958 divinum
1664 4899 2013 4960 subsidium,

432 5024 543 5064 non
574 5004 839 5059 auxilium
865 5038 880 5064 ,
941 5014 1049 5053 non
1085 4994 1391 5051 consolatio
1417 5034 1432 5060 ,
1475 5008 1583 5046 non
1616 4989 1879 5061 propheta
1925 4989 2014 5040 in-

436 5111 661 5157 struens
690 5137 705 5160 ,
752 5105 809 5159 et
837 5091 1209 5153 conﬁrmans,
1266 5084 1732 5157 quemadmodum
1771 5083 1827 5136 in
1881 5081 2019 5132 urbe

435 5187 711 5263 Babylone
768 5186 1060 5247 Ezechiel,

434 5284 571 5339 vult.

967 5367 1148 5423 LVIII.
1181 5395 1251 5405 ———
1284 5364 1492 5418 Eidem.

511 5464 569 5521 Si
622 5472 741 5534 post
798 5463 989 5530 ingens
1051 5458 1307 5528 gaudium
1350 5456 1525 5511 tristia
1585 5453 1743 5508 vobis
1776 5452 2021 5519 Contige-

438 5567 591 5621 mut,
631 5555 844 5611 conlidc
875 5552 1107 5606 omniuo
1140 5592 1151 5614 ,
1179 5559 1233 5602 et
1267 5550 1545 5618 ingentem
1574 5547 1715 5600 hanc
1735 5545 2020 5597 tristitiam

524 5743 568 5774 "
598 5739 702 5797 Isa.
737 5754 775 5802 ι,
801 5737 853 5794 5.
931 5736 976 5766 ⁵⁸
1014 5733 1148 5788 ibid.
1192 5732 1245 5783 7.
1288 5731 1333 5762 ⁵³
1361 5729 1465 5786 Isa.
1518 5745 1628 5797 th,
1664 5728 1717 5782 7.
1792 5728 1836 5757 “
1867 5722 2003 5780 P-sal.

2126 5738 2159 5778 ι.
2205 5721 2291 5776 15.
2368 5718 2412 5751 ⁵⁸
2441 5718 2541 5773 lsa.
2577 5732 2611 5781 ι,
2660 5714 2713 5769 5.

2115 4708 2326 4762 σιοστδν
2365 4706 2505 4769 ἔτος,
2558 4704 2653 4757 καὶ
2697 4698 2932 4769 οὐδαμοῦ
2969 4697 3089 4750 θεία
3121 4711 3206 4758 τις
3256 4689 3557 4757 ὲπισκοπὴ,
3600 4689 3709 4741 οὐκ

2116 4796 2422 4864 ἀντίληψις,
2456 4794 2517 4847 οὐ
2543 4788 2877 4862 παρηγορία,
2906 4787 2966 4839 οὐ
2995 4784 3281 4856 προφήτης
3314 4777 3580 4833 νουθετῶν
3605 4777 3706 4829 καὶ

2123 4884 2415 4957 στηρίζων,
2447 4882 2636 4951 ὥσπερ
2666 4883 2721 4933 ὲν
2756 4877 3035 4932 Βαϐυλῶνι
3073 4873 3334 4942 Ἰεζεκιήλ
3372 4887 3429 4922 τε
3473 4869 3569 4921 καὶ
3597 4871 3709 4919 Δα-

2122 4978 2265 5047 νιὴλ,
2290 4978 2383 5028 καὶ
2412 4976 2459 5027 oi
2486 4974 2654 5026 ἄλλοι.
2686 4972 2799 5025 Οὐκ
2830 4969 2907 5021 ἔτι
2935 4968 3041 5038 γὰρ
3065 4965 3246 5026 αὐτοῖς
3269 4962 3410 5016 θέλει
3432 4976 3679 5030 προσομι

2122 5072 2235 5124 λεῖν
2259 5071 2286 5122 ό
2312 5068 2443 5129 Θεὸς
2474 5064 2890 5135 βδελυττόμενος
2919 5060 3165 5122 τούτους.

1126 5189 1181 5234 et
1236 5179 1465 5244 Daniel,
1521 5177 1835 5243 t'wteriqtte.
1902 5174 2022 5225 Non
2061 5166 2209 5222 cnim
2252 5176 2376 5217 cum
2407 5160 2513 5211 illis
2547 5157 2690 5211 Deus
2726 5157 2795 5209 ab
2827 5155 2935 5208 illis
2995 5152 3300 5206 abhorrens
3362 5144 3708 5203 confabulari

2522 5390 2534 5403 .
2632 5350 2763 5404 NH'.
2789 5379 2856 5390 ——
2896 5346 2979 5412 Τῷ
3001 5364 3179 5410 αυτῳ.

2192 5448 2254 5500 Εἰ
2286 5447 2351 5498 ἐκ
2409 5442 2610 5511 πολλῆς
2662 5438 2944 5511 χαρμονῆς
2985 5435 3209 5507 λυπηρὰ
3255 5436 3386 5505 ύμῖν
3449 5434 3707 5503 ἐπῆλθεν,

2123 5537 2496 5610 προσδόκησον
2532 5534 2772 5595 πάντως,
2803 5533 2885 5584 ὅτι
2918 5529 3015 5600 τὴν
3050 5528 3249 5598 πολλὴν
3277 5526 3456 5597 λύπην
3482 5526 3564 5590 εἰς
3588 5525 3711 5599 μεί·⁵

2788 5713 2836 5744 ’5
2865 5709 2994 5767 ibid.
3024 5713 3073 5764 7.
