3822 6216
155 286 225 351 109
1265 280 1619 342 EPISTOLA
1631 281 1798 341 RUM
1840 281 1984 341 LIB.
2026 282 2073 341 Ι.

3239 282 3344 347 110

156 406 245 468 ζονα
262 399 341 467 τῆς
364 395 574 469 πρώτης
602 395 867 466 εὐθυμίας
896 393 1275 465 παρακληθεὶς
1311 393 1608 483 μεταϐαλεῖ
1627 395 1655 445 6

1798 391 1865 460 l7
1913 394 1965 444 in
2003 390 2287 459 majorem,
2325 404 2490 460 quam
2536 390 2712 459 prima
2763 389 2853 443 illa
2895 390 3097 451 fuerat,
3144 405 3345 446 conso~

152 493 256 556 Θεός.

322 672 425 723 ΝΘ.
458 700 526 710 -
557 669 864 738 ΜΕΛΕΤΙῼ
899 668 1416 739 ΚΑΓΚΕΛΛΛΡΙῼ.

197 765 243 816 Οἱ
266 764 345 815 ὑπὸ
373 762 647 824 Μωῦσέως
670 760 763 813 τοῦ
791 759 936 812 θείου
962 760 1281 831 ἱεροφάντου
1314 758 1654 826 πεμφθέντες

148 859 205 918 είς
223 855 537 923 Παλαιστίνην
577 852 934 911 κατάσκοποι.
984 852 1271 921 σημαίνειν
1314 868 1404 920 μοι
1433 849 1651 904 δοκοῦσι

149 949 236 1008 τοὺς
256 946 503 1016 οὐρανίους
552 944 820 1011 ἀγγέλους
853 942 1256 1005 ἐποπτεύοντας
1286 942 1371 994 τὸν
1400 943 1517 995 ὅλον
1558 942 1653 994 κό-

147 1054 261 1106 σμον,
292 1038 366 1089 καὶ
407 1036 518 1090 τῶν
570 1038 695 1106 τῇδε
754 1036 1011 1106 πρόνοιαν
1061 1035 1441 1104 ποιουμένους.
1484 1035 1655 1087 Οὐδὲν

143 1130 222 1199 γὰρ
237 1129 535 1198 ἀπρονόητον
570 1130 627 1180 ἐν
652 1128 982 1199 ἀνθρώποις.
1016 1128 1127 1181 Καὶ
1157 1126 1392 1180 πειθέτω
1426 1144 1483 1179 σε
1511 1128 1655 1179 ἐκεῖ-

143 1222 492 1289 ⁸ιιοςόᾰγγελος,
529 1222 557 1273 6
591 1223 648 1273 ὲν
694 1221 932 1291 σχήματι
975 1217 1073 1273 τοῦ
1106 1219 1414 1281 Μακεδόνος
1461 1219 1654 1290 ἀνδρὸς

139 1313 238 1383 τριάς
276 1312 567 1381 συμμαχίαν
622 1311 808 1364 ἕνεκεν
874 1310 1149 1380 σωτηρίας
1205 1309 1510 1379 ἀνθρώπων
1561 1309 1655 1362 τὸν

137 1403 369 1459 ἀπόστολον
400 1403 847 1473 προτρεπόμενος
874 1402 1085 1455 Παῦλον
1110 1403 1168 1453 ὲν
1196 1401 1274 1471 τῷ
1305 1400 1485 1469 λέγειν
1520 1401 1656 1472 πρὸς

131 1495 286 1551 αὐτόν’
320 1513 336 1545 ι
366 1494 695 1564 Διάῦηθιείς
724 1494 822 1565 τὴν
854 1494 1217 1557 Μακεδονίαν,
1257 1493 1351 1549 καὶ
1387 1494 1657 1565 βοήθησον

134 1587 251 1655 ἡμῖν.
278 1606 293 1636 ι

598 1675 671 1728 Ξ’.
706 1706 767 1717 --
808 1674 893 1740 Τῷ
931 1676 1112 1741 αὐτῷ.

1764 483 2021 535 tationem
2053 496 2082 533 a
2119 480 2227 533 Deo
2253 522 2267 545 ,
2323 482 2369 533 si
2419 496 2544 534 cum
2571 481 2963 549 deprecaberis
2989 523 3003 543 ,
3044 483 3344 539 immutan-

1760 574 1883 628 dam
1918 574 2053 625 fore.

1989 664 2124 719 LIX.
2164 696 2234 703 —
2268 665 2572 719 IIIELETIO
2612 665 3120 722 CANCELLARIO.

1832 756 1996 823 Quia
2050 756 2234 827 Moyse
2296 759 2487 810 divino
2529 774 2819 811 sacrorum
2865 760 3119 813 antistite
3146 764 3199 812 in
3242 760 3345 813 I'a-

1761 851 2029 904 lacstinam
2068 851 2221 903 missi
2261 859 2390 904 sunt
2422 856 2812 919 exploratores
2845 850 2912 913 ⁸⁷,
2967 863 3161 904 notare
3210 854 3346 908 mihi

1757 941 2016 995 videntur
2043 943 2297 994 cmlestes
2326 942 2580 1011 angelos.
2631 948 2803 995 totum
2846 950 3117 995 terrarum
3157 945 3347 1000 orbem

1758 1032 2135 1101 inspectantes
2164 1071 2178 1095 .
2222 1041 2276 1086 et
2304 1041 2651 1086 terrenarum
2692 1048 2875 1086 rerum
2920 1048 3111 1086 curam
3157 1050 3350 1103 geren-

1758 1129 1866 1177 tes.
1908 1121 2055 1177 Nihil
2087 1124 2232 1178 enim
2268 1123 2408 1177 inter
2440 1122 2693 1177 homines
2728 1133 2840 1188 est,
2880 1124 3025 1193 quod
3054 1124 3352 1178 Proriden-

1758 1215 1850 1270 tiae
1895 1230 2005 1269 non
2059 1216 2368 1285 subiaceat.
2417 1213 2643 1284 Ilocque
2697 1216 2798 1270 tibi
2856 1217 3089 1270 suadeat
3123 1218 3351 1286 angelus

1758 1308 1893 1374 ille,
1952 1308 2047 1377 qui
2094 1311 2159 1362 'in
2215 1307 2531 1363 Macedonis
2566 1309 2740 1378 Iigura
2800 1308 2857 1361 in
2891 1308 3198 1374 auxilium,
3252 1325 3352 1378 pro

1759 1403 1940 1457 salute
2000 1401 2283 1455 hominum
2338 1400 2646 1470 apostolum
2706 1398 2938 1453 Paulum
2998 1400 3183 1455 verbis
3242 1401 3353 1456 illis

1759 1491 2205 1545 adhortabatur:
2260 1509 2277 1542 ι
2311 1489 2555 1545 Procede
2599 1492 2652 1545 in
2694 1489 3105 1558 Macedoniam,
3146 1501 3203 1547 et
3232 1507 3354 1564 opt-

1762 1585 1944 1636 tulare
1974 1582 2135 1637 nobis
2164 1583 2238 1634 5".
2292 1602 2311 1633 ι

2329 1672 2443 1729 LX.
2474 1705 2545 1714 ——-
2577 1673 2785 1729 Eidem.

192 1768 373 1838 Ἐπειδὴ
400 1769 664 1832 ποθεινῶς
694 1769 792 1831 τὰς
824 1769 1028 1832 σεπτέις
1072 1769 1467 1838 ἀναγινώσκεις
1513 1771 1552 1823 Γ
1559 1787 1655 1841 ρα-

1836 1766 2073 1834 Quando
2114 1767 2272 1822 avide
2297 1768 2465 1821 nimis
2495 1768 2841 1823 venerandas
2866 1770 3147 1838 percurris
3201 1767 3356 1823 Scri-

126 1859 226 1929 φὰς,
252 1855 389 1916 οἷσθά
417 1879 523 1914 που
573 1862 673 1932 τὴν
704 1864 1148 1932 προστάττουσαν
1197 1864 1294 1917 καὶ
1339 1864 1655 1918 διακελευο-

129 1954 263 2024 μένην
281 1956 381 2018 toi;
410 1956 578 2008 πᾶσιν
616 1954 967 2024 νομοθεσίαν,
1012 1954 1123 2007 δεῖν
1175 1958 1449 2026 στεφάνην
1486 1974 1659 2010 κατα-

123 2045 361 2111 σκευάζειν
387 2052 478 2102 ὲπὶ
510 2049 605 2105 τοῦ
636 2048 883 2118 δώματος
918 2049 1019 2120 τῆς
1060 2050 1257 2120 νοητῆς
1300 2049 1499 2115 οἰκίας,
1564 2050 1660 2120 δη-

122 2135 229 2207 λαδὴ
250 2138 329 2192 τοῦ
354 2140 490 2193 κατὰ
514 2139 646 2193 Θεὸν
674 2138 1093 2211 πολιτεύματος,
1114 2140 1234 2211 Χρὴ
1263 2141 1372 2212 γὰρ
1393 2141 1467 2211 μὴ
1497 2141 1660 2212 μόνον

119 2230 397 2302 ἐνάρξασθαι
420 2234 523 2304 τῆς
549 2233 772 2305 ἀρετῆς.
800 2232 939 2288 ἀλλὰ
961 2235 1056 2287 καὶ
1077 2234 1347 2306 κορωνίδα
1375 2236 1467 2288 καὶ⁹
1508 2233 1661 2297 τέλος

119 2323 394 2387 ἐπιτιθέναι,
426 2327 517 2380 ἵνα
549 2327 624 2397 μὴ
652 2326 1155 2397 καταγνωσθῶμεν,
1186 2326 1381 2400 ὥσπερ
1412 2329 1441 2382 6
1469 2329 1527 2381 ἐν
1547 2329 1660 2391 τοῖς

116 2413 424 2485 εὐαγγελίοις
458 2418 553 2474 τὸν
582 2419 792 2491 πύργον
819 2418 986 2489 ἀτελῆ
1016 2420 1370 2493 καταλείψας.

586 2604 709 2658 ΞΑἍ
732 2634 803 2648 -—
841 2603 926 2670 Τῷ
952 2604 1135 2670 αὐτῷ.

177 2694 285 2750 Ἐὰν
311 2697 404 2767 τὴν
434 2699 712 2767 στεφάνην
750 2696 1029 2768 ἐπιθῶμεν
1058 2697 1141 2769 τῷ
1180 2696 1395 2768 δώματι
1431 2699 1531 2767 τῆς
1556 2714 1657 2752 κα-

112 2781 189 2853 λῆς
208 2786 483 2851 πολιτείας,
513 2787 856 2859 δυνησόμεθα
887 2789 1105 2852 πάντως
1134 2788 1254 2841 καθ’
1282 2788 1538 2857 ὁμοίωσιν
1561 2792 1685 2859 τῆς,

112 2879 399 2947 πιστοτάτης
430 2876 627 2941 Ῥαὰϐ,
655 2878 777 2947 οὐχὶ
810 2878 960 2931 κάτω
984 2895 1108 2943 που,
1143 2878 1276 2932 ἀλλὰ
1314 2877 1427 2931 ἄνω
1460 2877 1661 2949 μᾶλλον

112 2966 434 3035 ὐποδέξασθαι
465 2971 567 3024 καὶ
617 2970 821 3034 ξενίσαι
855 2972 983 3034 τοὺς
1015 2971 1284 3040 ἀγγέλους
1318 2971 1411 3025 τοῦ
1459 2972 1658 3042 Ἰησοῦ,

108 3058 432 3134 ἀληθέστερον
451 3064 515 3123 δὲ
543 3063 699 3128 λέξω,
726 3052 889 3118 αὑτὸν
910 3064 1256 3135 ξενοδοχῆσαι
1298 3064 1507 3134 Ἰησοῦν
1527 3066 1662 3135 Χρι-

111 3151 209 3206 στὸν
232 3153 314 3205 τὸν
341 3154 448 3206 τῶν
477 3154 735 3222 ἀγγέλων
765 3154 1067 3223 Δεσπότην.

520 3242 639 3298 EB’.
673 3274 743 3284 -—
775 3244 1222 3298 ΚΑΛΑΝΔΙΩΝΙ.

166 3350 181 3383 ι
212 3333 365 3402 Λόγοι
408 3337 724 3405 κερκώπων
766 3334 1000 3404 μαλακοὶ
1026 3375 1042 3397 ,
1090 3336 1351 3390 πίπτουσι
1390 3336 1448 3388 δὲ
1486 3337 1566 3399 είς
1598 3338 1666 3391 τὰ

102 3426 295 3493 ταμιεῖα
341 3426 583 3487 κοιλίας.
632 3444 651 3476 ι
685 3424 1011 3493 Κέρκωπας
1060 3426 1315 3496 ὀνομάζει
1355 3429 1381 3479 ὁ
1414 3426 1666 3495 Σολομῶν

104 3515 206 3576 τοὺς
240 3516 688 3582 ἀλωπεκίζοντας
723 3517 817 3570 καὶ
846 3517 1275 3588 δολιευομένους.
1307 3518 1400 3571 Διὸ
1442 3535 1607 3588 φησιν
1638 3519 1667 3571 ὁ

98 3606 265 3660 Δαυῖδ·
292 3626 310 3658 ι
339 3608 434 3679 Μή
475 3624 548 3679 με
577 3605 986 3671 συναπολέσεις,
1022 3609 1050 3660 ὁ
1075 3607 1227 3670 Θεὸς,
1269 3608 1405 3676 μετὰ
1433 3608 1541 3662 τῶν
1570 3608 1667 3661 λαφ-

100 3694 305 3751 λούντων
328 3701 566 3772 εἰρήνην
612 3702 749 3771 πρὸς
783 3700 874 3755 τὸν
906 3700 1154 3770 πλησίον,
1191 3700 1337 3753 κακὰ
1371 3700 1428 3752 δὲ
1460 3701 1517 3752 ἐν
1547 3702 1666 3763 ταῖς

99 3791 323 3863 καρδίαις
378 3792 591 3847 αὐτῶν.
632 3811 651 3844 ι
700 3822 770 3833 ——
812 3812 830 3844 ι
879 3791 1306 3862 Ἥπαλύνθησαν
1354 3793 1462 3861 γὰρ
1519 3790 1667 3859 λόγοι

98 3881 217 3954 ὑπὲρ
237 3884 435 3948 έλαιον,
460 3887 561 3939 καί
586 3886 740 3945 αὐτοὶ
771 3883 975 3955 βολίδες
995 3883 1299 3954 ὑπάρχουσι
1330 3882 1611 3956 τιτρῶσαι.
1642 3902 1661 3933 ι

540 4066 656 4121 EI".
688 4097 757 4107 ——
776 4065 1211 4121 ΘΕΟΔΟΤΙΩΝΙ.

148 4155 386 4222 Εἰκότως
414 4158 782 4228 τεθαύμακας
821 4156 1120 4227 διαπορῶν,
1154 4156 1270 4220 πῶς
1304 4156 1371 4216 ἂν
1410 4155 1668 4227 ἐδυνήθης

91 4262 176 4303 σαν
192 4249 329 4302 λίθοι
360 4249 621 4320 αἰσθητοὶ
650 4251 770 4302 ὅλον
794 4250 1008 4318 γραφὲν
1039 4249 1291 4321 χωρῆσαι
1325 4250 1387 4305 τὸ
1408 4252 1669 4321 Δευτερου

89 4338 269 4409 νόμιον.
300 4343 621 4413 Νοήσωμεν
658 4340 952 4411 τοιγαροῦν
979 4340 1041 4393 τὸ
1078 4340 1174 4394 τοῦ
1220 4340 1459 4411 Χριστοῦ
1490 4341 1668 4407 Εὐαγ-

1766 1870 1977 1930 pturas,
2029 1858 2183 1915 disce
2222 1867 2549 1929 praeceptum
2591 1858 2743 1913 illum
2782 1859 3096 1928 imperans,
3152 1868 3205 1914 et
3238 1876 3357 1915 om-

1766 1966 1865 2007 nes
1904 1950 2241 2011 cohortalis,
2294 1958 2355 2002 ut
2401 1966 2661 2004 coronam
2692 1951 2796 2005 sibi
2831 1959 3143 2022 pra-parent
3190 1966 3357 2022 ευμεν

1764 2051 1912 2098 tecto
1950 2043 2346 2097 intellectualis
2377 2041 2575 2096 domus
2598 2080 2612 2104 ,
2674 2042 2915 2096 instituti
2957 2058 3155 2113 nempe
3188 2044 3356 2109 vitae,

1765 2150 1889 2204 qua:
1924 2134 2227 2189 secundum
2284 2132 2453 2187 Dcltnt
2497 2139 2605 2185 est.
2643 2131 2857 2187 Etenim
2895 2149 3003 2187 non
3048 2141 3262 2187 tantum
3300 2135 3357 2190 in

1765 2228 1976 2282 virtute
2005 2228 2163 2280 initia
2222 2225 2473 2296 ponenda
2510 2236 2677 2292 sunt,
2722 2227 2817 2281 sed
2870 2226 2937 2280 ad
2986 2227 3357 2295 umbilicum,

1764 2330 1820 2375 et.
1865 2320 2025 2374 tinem
2084 2318 2549 2387 perveniendum,
2600 2325 2958 2388 extremaque
3022 2319 3356 2377 lineamenta

1767 2410 2018 2465 addenda
2044 2452 2059 2476 ,
2115 2427 2184 2465 ne
2225 2409 2683 2471 condemnemur,
2719 2410 3185 2479 quemadmodum
3223 2412 3314 2467 ille
3337 2449 3355 2476 .

1765 2506 1859 2575 qni
1896 2506 1951 2559 in
1980 2503 2278 2575 Evangelio
2320 2504 2527 2556 turrim
2561 2503 2862 2573 perfectam
2894 2504 3122 2573 reliquit
3142 2505 3210 2558 ".

2327 2593 2463 2649 LXI.
2490 2624 2561 2633 —
2590 2593 2801 2651 Eidem.

1840 2689 1897 2743 Si
1928 2696 2074 2742 tecto
2110 2687 2294 2757 probae
2335 2687 2555 2742 vivendi
2590 2688 2825 2742 rationis
2866 2702 3133 2743 coronam
3182 2691 3361 2759 impo.

1768 2797 2009 2844 namus,
2052 2781 2283 2854 omnino
2331 2780 2397 2834 ad
2448 2782 2730 2850 exemplar
2774 2780 2930 2833 Raab
2981 2779 3262 2836 ﬁdissima:
3288 2784 3357 2846 σθ,

1770 2890 1879 2929 non
1917 2875 1971 2928 in
2007 2873 2256 2928 inferiori
2292 2874 2554 2943 quopiam
2590 2874 2713 2927 loco
2740 2915 2754 2939 ,
2796 2874 2908 2945 28
2948 2876 3043 2930 sed
3084 2877 3359 2946 superiori

1770 2966 2059 3033 recipere,
2092 2974 2147 3020 et
2178 2965 2423 3035 hOSpitio
2468 2967 2695 3035 angelos
2720 2964 2850 3021 Jesu
2878 3005 2894 3032 ,
2945 2975 3044 3033 et,
3089 2978 3148 3023 ut
3176 2970 3357 3025 verius

1770 3056 1950 3111 dicam
1981 3095 1996 3119 ,
2046 3055 2226 3125 ipsum
2262 3054 2452 3111 Jesum
2497 3057 2782 3112 Christum
2815 3060 3139 3130 angelorum
3176 3059 3360 3116 Domi.

1770 3163 1902 3205 nutu
1929 3147 2190 3218 excipere
2226 3148 2553 3218 poterimus.

2191 3236 2350 3293 LXII.
2386 3270 2457 3279 —
2487 3238 2927 3296 CALANDIONI.

1844 3349 1863 3381 ι
1900 3331 2208 3401 CercOpuin
2245 3332 2414 3386 verba
2439 3335 2740 3402 praemollia
2765 3375 2780 3399 ,
2815 3334 3112 3404 procidunt
3143 3351 3272 3391 vero
3301 3339 3357 3396 in

1768 3425 1969 3481 aeraria
2007 3427 2216 3478 ventris
2241 3426 2308 3477 ⁸³.
2361 3444 2381 3477 ι
2416 3427 2692 3495 Cercopes
2720 3435 2883 3481 vocat
2920 3426 3178 3482 Salomon
3218 3444 3313 3484 eos
3338 3470 3355 3495 ,

1769 3518 1862 3587 qui
1898 3519 2128 3586 vulpiuo
2164 3517 2385 3587 ingenio
2415 3526 2585 3582 sunt,
2624 3518 2898 3589 dolosque
2932 3521 3061 3575 aliis
3100 3529 3354 3575 nectunt.

1770 3610 2066 3680 Propterea
2096 3609 2231 3663 dicit
2260 3610 2432 3665 David
2469 3628 2483 3665 :
2521 3630 2540 3663 ι
2577 3609 2654 3666 Ne
2688 3627 2774 3667 me
2804 3614 3021 3682 perdas,
3047 3614 3211 3679 Deus,
3250 3630 3357 3671 una

1768 3717 1895 3756 cum
1946 3701 2305 3770 loquentibus
2339 3717 2528 3771 pacem
2560 3702 2629 3756 ad
2665 3704 2972 3773 proximum
3000 3743 3016 3768 ,
3057 3705 3199 3757 mala
3226 3721 3358 3759 vero

1771 3795 1824 3848 in
1843 3795 2104 3849 cordibus
2130 3795 2248 3848 suis
2272 3794 2354 3859 “;
2395 3813 2518 3846 ›-‹
2555 3794 2785 3849 emolliti
2817 3797 3114 3851 enimsunt
3155 3813 3359 3852 sermo.

1771 3904 1869 3942 nes
1896 3903 2086 3941 eorum
2124 3902 2292 3956 super
2316 3887 2498 3941 oleum
2522 3927 2537 3951 ,
2571 3896 2626 3942 et
2658 3888 2765 3958 ipsi
2794 3887 2977 3958 jacula
3010 3900 3138 3945 sunt
3177 3890 3357 3947 vuluiv

1771 3979 1872 4034 ﬁca
1896 3980 1962 4033 ⁸⁵³.
2008 3997 2027 4030 ι

2166 4069 2350 4125 LXIII.
2377 4100 2449 4112 --
2466 4069 2957 4127 THEODOTIONI.

1840 4161 1959 4217 Non
1999 4162 2205 4232 absque
2236 4166 2453 4218 ratione
2493 4164 2716 4217 miraris
2737 4203 2751 4229 ,
2786 4164 3003 4219 hairens
3029 4203 3043 4226 ,
3076 4164 3357 4233 quomodo

1774 4256 2057 4327 potuerint
2083 4256 2295 4326 lapides
2324 4256 2560 4311 sensiles
2592 4264 2764 4309 totum
2787 4256 3127 4325 descriptum
3158 4272 3358 4326 capeie

1777 4350 2288 4403 Deuteronomium.
2331 4349 2705 4418 Intelligamus
2748 4348 2915 4418 igitur
2941 4348 3147 4401 Christi
3177 4347 3359 4402 Evan-

85 4433 245 4498 γέλιον
296 4436 736 4504 Δευτερονόμιον
769 4432 1049 4504 μυστικῶς
1105 4432 1485 4504 προειρῆσθαι,
1530 4432 1661 4489 διότι

1798 4438 1976 4503 :elium
2014 4437 2484 4493 Deuterouomion
2528 4443 2763 4509 mystice
2796 4439 3118 4507 praedictum
3157 4438 3357 4500 Γιιὶεευ,

85 4527 212 4594 μετά
240 4528 332 4582 τὸν
370 4530 551 4597 νόμον
581 4527 860 4589 Μωῦσέως
906 4525 969 4579 τὸ
1013 4526 1155 4579 θεῖον
1203 4525 1535 4594 Εὑαγγέλιον
1575 4525 1669 4593 γέ⁹

81 4635 342 4688 γραπται·
376 4620 572 4680 λίθους
601 4619 658 4672 δὲ
711 4619 838 4682 τοὺς
881 4617 1072 4687 πρώην
1101 4617 1309 4688 λιθίνην
1363 4618 1668 4688 ἐσχηκότας

81 4712 312 4782 καρδίαν,
366 4711 689 4782 ὕστερονδὲ
746 4714 811 4781 τῇ
858 4712 1037 4764 πίστει
1089 4708 1518 4775 ἁπαλυνθέντας,
1576 4711 1668 4765 καὶ

78 4803 395 4867 ὖπείξαντας
429 4807 504 4872 τῇ
550 4803 737 4873 Γραφῇ
768 4801 862 4855 τοῦ
895 4801 1232 4871 Πνεύματος.

594 4895 711 4953 ΞΣ.
736 4925 807 4935 —
845 4895 929 4960 Τῷ
956 4893 1137 4959 αὐτῷ.

139 4989 251 5041 031
306 4990 544 5058 ἀγνοεῖς
579 4989 638 5041 τὸ
691 4990 750 5043 ὲν
781 4987 861 5059 τῷ
911 4988 1173 5059 Ἰεζεκιὴλ
1222 4988 1534 5060 εἰρημένον,
1584 4996 1668 5048 ὅτι

79 5095 97 5127 ι
132 5077 429 5133 Ἐκσπάσω
455 5079 558 5149 ἀφ’
590 5081 743 5150 ὑμῶν
770 5083 868 5151 τὴν
888 5081 1101 5151 λιθίνην
1129 5084 1380 5154 καρδίαν,
1404 5088 1496 5139 καὶ
1513 5086 1669 5141 δώσω

72 5171 190 5238 ὑμῖν
250 5174 498 5244 καρδίαν
537 5173 819 5243 σαρκίνην,
878 5172 1123 5229 εὔεικτον
1162 5176 1241 5247 τῷ
1287 5177 1405 5249 Θεῴ
1469 5181 1550 5244 εἰς
1612 5180 1673 5234 τὸ

75 5264 258 5331 [inviti
288 5263 636 5319 πλανᾶσθαι.
673 5283 693 5314 ι

593 5356 713 5412 ΞΕ’.
744 5386 816 5398 -
849 5357 935 5424 Τῷ
960 5359 1140 5426 αὐτῷ.

147 5450 482 5518 Ἀνάγνωθι,
538 5450 591 5503 τί
624 5450 936 5521 Κορινθίοις
976 5454 1283 5509 ἐπιστέλλει
1324 5458 1352 5509 ὀ
1394 5460 1668 5530 μακάριος

74 5539 297 5607 Παῦλος·
334 5564 355 5596 ι
414 5545 490 5597 'H
527 5543 784 5612 ἐπιστολῆ
828 5544 986 5614 ἡμῶν
1029 5547 1186 5617 ὑμεῖς
1219 5551 1364 5615 ἐστε,
1392 5553 1484 5604 καὶ
1504 5555 1664 5621 ὲἴτε·

1771 4532 2217 4602 quandoquidem
2252 4532 2382 4585 illud
2408 4541 2533 4601 post
2560 4534 2731 4602 legem
2762 4531 3059 4586 Mosaicam
3090 4534 3357 4602 scriptum

1770 4632 1856 4679 est
1883 4642 1898 4691 ;
1936 4624 2149 4694 lapides
2176 4639 2307 4678 vero
2331 4640 2459 4685 eos,
2496 4626 2589 4693 qui
2625 4632 2784 4677 antea
2814 4638 2910 4678 cor
2938 4624 3215 4693 lapideum
3269 4642 3352 4693 gn.

1771 4718 2023 4777 stabant,
2046 4718 2392 4787 postmodum
2424 4720 2527 4772 lide
2557 4718 2747 4772 molliti
2778 4733 2903 4772 sese
2935 4716 3229 4788 Scriptura:
3256 4722 3357 4787 Spiv

1772 4808 1916 4863 ritus
1941 4816 2208 4881 tanquam
2242 4812 2519 4877 magistra:
2552 4810 2844 4863 allixerunt

2321 4899 2433 4953 LXI
2448 4899 2506 4953 V.
2536 4930 2603 4940 -—-
2634 4898 2844 4951 Eidem.

1844 4990 1963 5045 Non
2003 4991 2226 5063 ignoras
2251 5034 2266 5055 ,
2301 4993 2446 5062 quod
2484 4993 2535 5045 in
2569 4991 2859 5045 Ezechiele
2886 4989 3131 5044 dicitur:
3174 5007 3192 5038 ι
3228 4987 3355 5040 Era.

1773 5082 1973 5138 dicabo
2005 5100 2033 5138 a
2073 5085 2231 5140 vobis
2280 5100 2378 5139 eor
2431 5101 2699 5143 saxeum.
2757 5094 2812 5137 et
2866 5083 3009 5136 dabo
3062 5083 3217 5136 vobis
3265 5098 3355 5139 eo:

1774 5192 2062 5243 carneum,
2095 5179 2362 5233 obediens
2388 5179 2516 5240 Deo,
2544 5195 2607 5231 ne
2644 5179 2783 5230 ultra
2810 5178 3030 5229 aberret
3054 5175 3118 5228 “.
3159 5195 3178 5226 ι

2315 5373 2472 5427 LXV.
2501 5407 2569 5414 —-
2599 5373 2804 5428 Eidem.

1846 5464 2072 5535 Perlege
2098 5506 2113 5527 ,
2151 5468 2279 5534 quid
2312 5468 2625 5521 Corinthiis
2662 5468 2856 5522 beatus
2890 5467 3092 5524 Paulus
3121 5469 3357 5523 scribat

1774 5573 1794 5604 ο
1844 5554 2039 5609 Nostra
2072 5557 2182 5628 29
2213 5559 2448 5627 epistola
2506 5577 2602 5613 vos
2640 5562 2817 5627 estis,
2879 5562 3085 5632 scripta
3143 5579 3251 5616 non
3304 5562 3352 5619 it‘

134 5677 175 5765 '1
204 5677 368 5765 Nam.
403 5694 547 5765 xiii“:
575 5676 689 5765 I8.“
722 5677 920 5765 :Act.
961 5682 1150 5765 κνιηςξ.
1232 5684 1274 5715 δ’
1315 5682 1442 5739 Luc.
1475 5702 1585 5754 Juv,
1622 5686 1709 5744 50.
1754 5688 1797 5719 ⁶⁹
1827 5686 1994 5744 Iosue
2023 5705 2081 5755 ll,
2114 5692 2165 5745 6.
2226 5692 2267 5722 εί
2310 5689 2469 5747 Prov.
2502 5709 2645 5758 xui,
2680 5693 2768 5749 τε.
2848 5696 2890 5729 θ’
2923 5694 3065 5751 Psal.
3109 5711 3281 5765 xxv";
3304 5697 3338 5756 ὅ

71 5747 114 5780 ⁸³
137 5747 278 5806 Psal.
313 5766 436 5814 Liv,
464 5746 571 5805 2‘2.
647 5747 690 5777 °"
721 5745 915 5805 Etcch.
958 5767 1032 5819 xI,
1073 5754 1152 5807 I9.
