3822 6216
470 286 564 352 Μαί

1958 296 2017 355 s.
2064 258 2226 353 NILI

3630 297 3727 361 112

468 398 672 455 tabulis
697 398 949 469 lapideis,
974 400 1072 456 sed
1107 401 1161 456 in
1200 402 1408 458 tabulis
1432 402 1619 478 cordis
1645 403 1889 471 carneis,
1930 419 2038 457 non

2161 410 2441 480 τραμμένη
2469 409 2567 462 οὐκ
2598 410 2658 463 ἐν
2691 408 2853 475 πλαξὶ
2892 408 3143 471 λιθίναις,
3175 406 3287 461 ἀλλ’
3312 408 3367 461 ἐν
3404 407 3569 474 πλαᾷ
3592 427 3732 481 καρ-

468 499 796 554 atratncnto,
829 490 923 547 sed
955 490 1161 561 Spiritu
1196 491 1289 549 Dei
1320 493 1449 547 vivi.
1479 492 1591 549 Vos
1613 494 1758 547 enim
1791 494 2040 548 ostendi-

467 585 539 639 tis
566 599 704 654 opus
732 584 867 655 legis
894 584 951 638 in
983 584 1249 641 cordibus
1285 586 1487 640 vestris
1517 586 1585 637 ⁸⁸.
1629 605 1646 637 i

992 779 1178 835 LXVI.
1206 810 1275 821 -—
1306 782 1515 836 Eidem.

530 869 651 927 Non
684 873 859 926 multo
889 873 1093 943 indiget
1126 882 1374 942 tempore
1403 890 1566 928 verus
1608 871 1771 928 Jesus
1804 874 1872 927 ad
1904 873 2039 929 scri-

463 963 698 1017 bendum
724 962 1208 1017 Deuteronomium
1245 966 1299 1017 in
1337 980 1433 1018 cor
1465 966 1664 1034 pietate
1705 966 2041 1034 integrorum

464 1052 729 1123 lapidum.
791 1051 991 1107 Statim
1032 1054 1181 1107 enim
1232 1065 1399 1123 atque
1438 1055 1751 1124 prazdicatio
1790 1066 2041 1125 suscepta

462 1153 546 1200 est
567 1185 582 1209 ,
613 1144 754 1198 nihil
789 1144 939 1197 aliud
965 1143 1258 1198 dicendum
1291 1159 1376 1200 est
1398 1187 1413 1209 ,
1444 1161 1610 1215 quam
1642 1154 1695 1200 te
1728 1155 2045 1215 asportasse

462 1238 521 1293 in
571 1237 840 1293 interiora
881 1236 1174 1307 pugillaria
1208 1238 1379 1307 legem
1416 1238 1610 1308 gratiae
1656 1240 1879 1292 minime
1918 1254 2043 1308 gra-

462 1346 618 1394 vem,
657 1340 713 1385 et
738 1330 1096 1400 concupitam
1147 1330 1199 1382 in
1230 1338 1533 1399 conspectu
1568 1330 1805 1383 ﬁliorum
1842 1332 2042 1398 Israel,

461 1423 775 1477 divinarum
802 1437 998 1491 nempe
1028 1429 1085 1477 et
1135 1422 1583 1492 incorporearum
1610 1431 1963 1491 potestatum,
1989 1426 2043 1477 in

461 1517 675 1588 lapides
707 1531 815 1571 non
848 1516 995 1569 ultra
1036 1515 1358 1571 inﬁdelitate
1392 1516 1748 1581 mutilandos,
1783 1525 1877 1570 aut
1909 1532 2045 1569 con-

460 1608 781 1679 fringendos
805 1648 819 1673 ,
852 1606 945 1662 sed
973 1607 1205 1661 auribus
1231 1648 1245 1672 ,
1278 1616 1333 1660 et
1362 1608 1547 1660 animo
1578 1607 1842 1677 integros.
1880 1626 1899 1657 ι
1937 1605 2043 1671 Qui

464 1700 611 1756 enim
636 1740 652 1767 ,
694 1702 769 1753 ait
799 1738 814 1763 ,
847 1699 1012 1753 habet
1034 1714 1197 1753 aures
1228 1698 1487 1753 audiendi
1507 1699 1552 1730 “
1605 1700 1733 1766 (ﬁde
1781 1707 1835 1753 et
1878 1700 2039 1754 indu-

460 1794 561 1849 stri
599 1792 887 1858 solertia),
919 1791 1124 1845 audiat.
1171 1809 1190 1841 ι

479 1882 691 1940 LXVII.
733 1911 794 1924 -—
821 1880 1167 1937 ιιιέΒΑοιιιο
1208 1879 1641 1937 SUBDIACONO
1680 1880 2011 1939 AURIFICI.

529 1977 1011 2045 Quemadmodum
1062 1992 1370 2047 generosus
1416 1977 1575 2033 miles
1624 1992 1726 2047 pro
1777 1994 1905 2048 rege
1945 1993 2047 2049 pu-

460 2085 623 2142 gnam
678 2070 882 2134 iniens,
919 2069 966 2124 si
1014 2069 1137 2124 telis
1167 2069 1311 2124 ictus
1341 2070 1410 2122 ab
1448 2069 1783 2124 adversariis
1821 2070 2044 2125 dolores

458 2162 826 2225 sustinuerit,
883 2177 985 2217 nec
1036 2160 1395 2231 desponderit
1448 2161 1729 2225 animum,
1781 2171 2042 2224 curatus,

457 2261 799 2324 satiatusque
861 2252 1155 2308 cicatrices
1208 2251 1497 2306 vulnerum
1569 2251 1626 2305 in
1701 2251 2046 2306 rOI'liIUdiIIiS

453 2346 781 2417 jactantiam
814 2343 1037 2399 habebit
1067 2359 1082 2396 :
1122 2356 1194 2398 eo
1223 2354 1382 2413 pacto
1414 2350 1469 2398 et
1498 2344 1590 2411 qui
1624 2342 1696 2397 ab
1726 2343 1885 2399 hoste
1924 2343 2045 2397 vul-

458 2454 567 2493 nus
596 2444 969 2507 acceperunt,
997 2434 1044 2490 si
1069 2435 1287 2489 labores
1322 2435 1662 2505 paenitentia:
1687 2451 1795 2489 non
1858 2436 2046 2505 negle-

459 2531 669 2591 xeriut,
697 2526 909 2597 absque
932 2526 1102 2581 dubio
1126 2525 1358 2587 salutem
1386 2525 1670 2580 consecuti
1703 2526 1757 2579 in
1778 2525 1865 2581 die
1894 2527 2045 2597 judi-

456 2622 532 2677 cii
552 2620 959 2692 gloriabuntur;
986 2633 1223 2690 namque
1274 2618 1432 2674 fortis
1461 2630 1515 2677 et
1540 2634 1771 2690 magnus
1799 2620 2040 2683 animus.

456 2716 588 2772 licet
614 2712 935 2769 vulneribus
966 2712 1223 2783 oppletus
1246 2750 1264 2774 .
1291 2727 1550 2783 pugnans
1580 2727 1814 2782 corpore
1836 2713 2044 2768 violato

456 2807 783 2863 vulneribus
819 2819 1051 2875 prorsus
1078 2804 1220 2859 alios
1246 2802 1570 2858 debellabit.

616 2896 727 2969 30
763 2894 995 2952 LXVIII.
1028 2924 1099 2937 —
1128 2893 1531 2957 APHTIIONIO
1572 2893 1899 2951 DIACONO.

526 2990 857 3061 Quicunque
886 2988 982 3044 Dei
1030 3003 1220 3044 amore
1244 3030 1260 3056 ,
1314 2997 1370 3043 et
1410 2989 1871 3045 benedictiouum
1913 3005 2041 3061 pro-

2142 502 2260 565 δίας
2284 501 2566 572 σαρκίναις
2586 542 2601 567 ,
2640 503 2700 554 οὐ
2739 502 2949 571 μέλανι,
2983 500 3118 553 ἀλλὰ
3150 500 3428 569 Πνεύματι
3469 500 3564 553 τοῦ
3593 500 3729 553 Θεοῦ

2145 594 2347 657 ζῶντος
2368 610 2381 623 ο
2413 594 2570 662 ὑμεῖς
2617 594 2726 663 γὰρ
2766 592 3107 645 ἐνδείκνυσθε
3137 592 3198 645 τὸ
3228 592 3391 663 ἔργον
3438 592 3535 646 τοῦ
3562 595 3728 665 νόμου

2144 688 2203 740 ὲν
2225 689 2344 750 ταῖς
2369 686 2620 757 καρδίαις
2649 686 2822 756 ὑμῶν.
2858 706 2877 737 ι

2652 776 2789 843 Ξςο.
2823 805 2892 816 ——
2932 773 3015 840 Τῷ
3056 775 3235 840 αὐτῷ.

2217 870 2292 922 υὺ
2325 870 2495 923 δεῖται
2531 870 2723 941 χρόνου
2751 868 2996 931 πλείονος
3024 869 3052 920 ὁ
3093 867 3293 938 ἀληθὴς
3336 866 3546 939 Ἰησοῦς
3597 868 3731 939 πρὸς
3762 921 3773 927 _

2143 958 2205 1010 τὸ
2230 958 2435 1028 γράψαι
2490 959 2551 1010 τὸ
2599 956 3019 1027 Δευτερονόμιον
3075 958 3155 1019 εἰς
3193 958 3291 1027 τὴν
3347 957 3580 1028 καρδίαν
3623 958 3731 1010 τῶν

2143 1050 2454 1121 ὁλοκλήρων
2501 1053 2566 1121 τῇ
2612 1048 2863 1119 εὐσεϐείᾳ
2887 1049 3071 1102 λίθων.
3105 1050 3257 1119 Ἀμα
3293 1050 3402 1119 γάρ
3441 1050 3521 1120 τῷ
3554 1067 3708 1123 παρα

2144 1142 2397 1207 δέξασθαί
2432 1160 2491 1195 σε
2521 1143 2583 1196 τὸ
2614 1143 2898 1213 κήρυγμα,
2928 1143 3083 1195 οὐδὲν
3129 1143 3317 1214 ἓτερον
3346 1144 3453 1214 χρὴ
3471 1144 3729 1215 λέγειν,ἢ

2144 1237 2227 1289 ὅτι
2270 1236 2513 1305 ἐκομίσω
2559 1237 2617 1289 ὲν
2650 1238 2762 1299 τοῖς
2813 1235 2960 1287 ἔνδον
3017 1235 3262 1304 πτυχίοις
3318 1236 3410 1288 τὸν
3443 1236 3611 1306 νόμον
3635 1237 3731 1307 τῆς

2145 1331 2365 1401 χάριτος
2411 1330 2501 1383 τὸν
2531 1331 2713 1401 ἀϐαρῆ
2744 1329 2838 1382 καὶ
2883 1330 3145 1399 ἐράσμιον
3189 1328 3421 1381 ἐνώπιον
3452 1329 3563 1382 τῶν
3602 1329 3734 1382 υίῶν

2161 1419 2397 1491 Ἰσραὴλ,
2422 1420 2623 1491 δηλαδὴ
2645 1419 2753 1472 τῶν
2769 1418 2930 1471 θείων
2972 1420 3064 1473 καὶ
3090 1421 3398 1489 ἀσωμάτων
3422 1420 3732 1491 δυνάμεων,

2147 1514 2229 1576 είς
2272 1512 2451 1576 λίθους
2482 1512 2682 1583 μηκέτι
2736 1511 3166 1581 κολοϐουμένους
3216 1512 3303 1565 διά
3340 1513 3443 1581 τῆς
3474 1511 3735 1574 ἀπιστίας

2148 1605 2243 1658 καὶ
2302 1603 2652 1674 κλωμένους,
2712 1602 2827 1655 ἀλλ’
2886 1602 3213 1673 ὁλοκλήρους
3266 1603 3411 1673 ψυχῇ
3466 1604 3564 1656 καὶ
3618 1606 3736 1665 ταῖς

2147 1697 2374 1758 ἀκοαῖς·
2408 1714 2427 1746 ι
2496 1694 2555 1747 ὐ
2602 1693 2741 1764 ἔχων
2793 1693 2903 1764 γὰρ
2950 1687 3085 1755 ὦτα,
3128 1695 3329 1761 φησὶν,
3383 1694 3609 1747 ἀκούειν

2147 1790 2354 1851 πίστει,
2390 1788 2484 1841 καὶ
2507 1790 2571 1858 τῇ
2606 1787 2899 1858 ἀγχινοίᾳ),
2928 1787 3189 1839 ἀκουέτω.

2146 1879 2266 1934 ΞΖν.
2308 1910 2381 1921 -
2425 1880 2780 1949 ΗΡΑΚΛΕΙῼ
2843 1878 3282 1949 ι·ι]οΑιΑκυΝῼ
3342 1878 3731 1948 xrrsoxoq.

2220 1972 2431 2042 Ὠσπερ
2476 1970 2814 2042 στρατιώτης
2843 1972 3090 2038 γενναῖος
3142 1972 3280 2041 ὑπὲρ
3327 1972 3420 2024 τοῦ
3468 1974 3734 2041 βασιλέως

2150 2063 2477 2136 μαχόμενος,
2510 2064 2604 2117 ἐὰν
2642 2064 2819 2134 βέλεσι
2862 2064 3277 2131 κατατοξευθεὶς
3306 2066 3410 2117 ὑπὸ
3443 2066 3557 2119 τῶν
3585 2070 3733 2119 ἐναν-

2144 2155 2276 2207 τίων
2308 2155 2578 2228 ὑπομείνῃ
2622 2156 2719 2219 τὰς
2744 2155 3066 2224 ἀλγηδόνας,
3105 2157 3200 2209 καὶ
3235 2158 3308 2227 μὴ
3352 2160 3736 2229 παραχωρήοῃ

2145 2250 2211 2318 τῇ
2258 2246 2612 2319 ὀλιγοψυχίᾳ,
2644 2247 2961 2317 ἐπιμελείας
3009 2248 3207 2319 τυχὼν,
3257 2251 3349 2305 καὶ
3407 2251 3733 2321 ίατρευθεὶς,

2145 2339 2257 2404 ἕξει
2280 2341 2380 2404 τὰς
2404 2339 2566 2403 οὐλὰς
2581 2340 2688 2392 τῶν
2709 2343 3040 2412 τραυμάτων
3069 2345 3147 2405 είς
3172 2342 3440 2412 καύχησιν
3460 2343 3731 2414 ἀνδρείας·

2146 2433 2319 2497 οὕτως
2368 2434 2461 2487 καὶ
2504 2434 2549 2485 οί
2583 2434 2883 2505 τρωθέντες
2936 2435 3088 2506 παρά
3144 2436 3239 2489 τοῦ
3273 2436 3470 2506 ἐχθροῦ
3514 2438 3610 2491 ἐὰν
3660 2438 3732 2507 μὴ

2146 2528 2483 2598 ἁκηδιάσωσι
2503 2528 2628 2590 τοὺς
2657 2527 2853 2591 πόνους
2874 2530 2973 2598 τῆς
3005 2530 3310 2597 μετανοίας,
3342 2530 3731 2599 ἀναμφιϐόλως

2147 2620 2413 2683 σωθέντες
2442 2620 2811 2690 καυχήσονται
2830 2623 2888 2673 ὲν
2916 2620 3099 2693 ἡμέρᾳ
3129 2622 3399 2692 κρίσεως·
3430 2624 3459 2675 ὁ
3489 2623 3600 2691 γὰρ
3636 2625 3730 2674 ἀν-

2145 2714 2341 2784 δρεῖος,
2381 2712 2486 2766 κᾶν
2518 2715 2576 2765 ὲν
2618 2711 2899 2782 τραύμασι
2952 2715 3222 2785 γένηται,
3255 2715 3474 2778 πάντως
3519 2719 3729 2786 νικήσει

2147 2803 2243 2855 καί
2268 2802 2610 2873 τραυματίας
2643 2804 2969 2873 μαχόμενος.

2468 2892 2595 2947 sua
2636 2921 2703 2932 —
2737 2893 3037 2965 ΛΦΘΟΝΙῼ
3088 2895 3410 2965 ΔΙΑΚΟΝῼ.

2220 2986 2373 3039 Ὅσοι
2415 2986 2605 3057 ἀγάπῃ
2658 2985 2794 3039 Θεοῦ
2842 2986 3234 3070 καιπροθέσει
3288 2988 3548 3055 εὐλογιῶν
3583 2989 3728 3042 πολι-

454 3087 640 3156 posito
687 3084 858 3139 vitam
906 3080 1228 3148 traducunt,
1270 3081 1325 3135 hi
1365 3080 1628 3136 dicuntur
1661 3097 1831 3152 prope
1882 3098 2040 3136 mon-

2161 3079 2412 3143 ιεύονται,
2444 3076 2588 3134 οὗτοι
2633 3080 2876 3149 λέγονται
2912 3081 3166 3135 ἵστασθαι
3197 3083 3423 3153 πλησίον
3449 3083 3543 3137 τοῦ
3574 3085 3727 3154 ὅρους

458 3188 568 3231 tem
594 3174 837 3230 Garizim
869 3173 1202 3243 appellatum
1229 3181 1379 3227 stare
1403 3171 1446 3203 ⁸⁷
1477 3190 1492 3226 :
1526 3180 1582 3232 at,
1626 3172 1720 3242 qui
1774 3185 1882 3225 non
1915 3187 2045 3241 pro-

456 3276 575 3339 pter
592 3264 1047 3330 benedictionem,
1070 3276 1125 3319 et
1142 3264 1463 3329 amicitiam,
1482 3271 1535 3316 et
1558 3263 1775 3316 laudem
1807 3261 1919 3327 Dei,
1949 3263 2042 3318 sed

454 3366 677 3429 propter
688 3370 975 3425 pmnarum
989 3354 1332 3408 decretarum
1349 3361 1552 3407 metum
1571 3353 1711 3407 bona
1728 3367 1893 3421 Opera
1911 3367 2043 3405 con-

456 3454 677 3513 liciunt,
719 3450 775 3503 bi
828 3448 1094 3503 dicuntur
1124 3462 1350 3501 manere
1381 3460 1552 3516 prope
1584 3456 1821 3499 montem
1849 3443 2040 3510 Ilebal,

454 3542 512 3597 in
543 3558 656 3614 quo
688 3543 824 3597 dira:
872 3541 1061 3596 causa:
1108 3549 1282 3605 sunt,
1318 3555 1427 3592 non
1472 3547 1533 3593 ut
1585 3538 1724 3593 diris
1756 3537 2044 3607 subjaceat

451 3635 548 3705 qui
601 3636 657 3691 in
704 3633 874 3691 Ilebal
902 3634 1085 3695 stetit,
1128 3632 1225 3686 sed
1271 3641 1329 3684 ut
1380 3629 1687 3685 horrendas
1734 3630 1857 3683 illas
1891 3630 2043 3685 diras

451 3725 812 3795 conspiciens
860 3723 1009 3777 omni
1056 3731 1259 3776 conatu
1298 3722 1404 3776 sibi
1446 3729 1642 3775 caveat
1672 3762 1685 3785 ,
1738 3737 1806 3775 ne
1852 3723 1905 3774 in
1945 3736 2042 3776 cas

450 3815 731 3872 Concidat.

860 3903 1048 3959 LXIX.
1088 3934 1157 3944 --
1194 3902 1620 3958 APIITHONIO.

522 3999 601 4054 Ne
629 4009 788 4069 putes
808 4001 1089 4069 prophetae
1121 3998 1277 4052 Isaia:
1299 4012 1613 4052 sermonem
1645 3996 1699 4050 in
1725 3996 2041 4052 Sodomitas

450 4092 613 4163 dirigi
645 4108 658 4145 :
683 4110 701 4142 ι
728 4090 927 4145 Audite
946 4091 1173 4145 verbum
1208 4089 1447 4154 Domini,
1474 4090 1750 4160 principes
1774 4091 2042 4144 Sodomoo

450 4199 576 4241 rum
600 4182 698 4237 ⁸⁸.»
729 4183 1010 4253 Principes
1034 4184 1178 4237 enim
1201 4180 1541 4246 Judaeorum,
1566 4183 1659 4250 qui
1679 4198 1843 4251 opere
1868 4183 2041 4237 Sodo-

450 4289 668 4329 morum
696 4273 950 4327 libidines
971 4312 987 4337 ,
1010 4281 1065 4327 et
1092 4273 1202 4328 illis
1246 4272 1546 4340 subjectos,
1572 4274 2037 4339 obsecundantes,

449 4366 871 4427 amulabantur,
890 4378 1074 4419 sermo
1100 4364 1325 4434 respicit
1346 4384 1358 4419 :
1379 4365 1564 4418 statim
1580 4380 1814 4433 namque
1837 4367 2039 4420 subne-

2147 3168 2240 3222 τοῦ
2296 3168 2548 3240 Γαρίζειν
2594 3172 3141 3243 προσαγορευομένου
3174 3190 3188 3204 ⁸
3230 3174 3343 3227 ὅσοι
3393 3175 3449 3227 δὲ
3494 3176 3615 3246 οὐχὶ
3664 3177 3728 3229 δι’

2147 3262 2418 3330 εὐλογίαν,
2454 3263 2548 3316 καὶ
2596 3263 2815 3333 φιλίαν,
2847 3265 2942 3318 καὶ
2990 3264 3211 3320 ἔπαινον
3264 3268 3358 3320 τοῦ
3407 3269 3568 3331 Θεοῦ,
3598 3271 3727 3323 ἀλλό

2145 3351 2234 3404 διὰ
2268 3351 2360 3404 τὸν
2405 3352 2569 3421 φόϐον
2595 3351 2705 3405 τῶν
2753 3352 3155 3423 ἀπειληθεισῶν
3183 3356 3460 3410 κολάσεων
3489 3360 3561 3411 τά
3594 3360 3727 3413 καλό

2146 3442 2482 3497 ἐπιτελοῦσιν
2522 3443 2682 3515 ἔργα,
2734 3438 2883 3498 οὗτοι
2936 3444 3187 3514 λέγονται
3226 3444 3367 3502 εἷναι
3416 3450 3584 3518 ἐγγὺς
3638 3452 3726 3504 toi

2143 3535 2304 3606 ὅρους
2330 3535 2552 3598 Γαιϐὰλ,
2586 3538 2720 3589 ὅπου
2750 3538 2804 3592 αί
2837 3538 3072 3609 κατάραι
3107 3539 3389 3611 ἐδόθησαν,
3414 3542 3512 3613 οὐχ
3553 3543 3640 3595 ἵνα
3677 3545 3728 3595 ὲκ

2144 3627 2363 3699 κατάρᾳ
2398 3628 2626 3697 γένηται
2657 3630 2685 3680 ό
2726 3630 2876 3700 παρὰ
2896 3630 2971 3699 τῷ
3008 3630 3212 3684 Γαιϐἀλ
3237 3632 3475 3696 σταθεὶς,
3505 3634 3624 3687 ἀλλ’
3648 3636 3729 3688 ἵκει

2144 3724 2476 3793 θεασάμενος
2506 3724 2605 3787 τὰς
2636 3722 2876 3792 φοϐερὰς
2914 3724 3161 3794 κατάρας
3198 3726 3363 3779 παντὶ
3403 3729 3582 3782 σθένει
3633 3748 3732 3798 φυ-

2142 3813 2370 3885 λάξηται
2404 3813 2497 3865 τοῦ
2530 3814 2605 3883 μὴ
2642 3816 2961 3883 περιπεσεῖν
2986 3816 3198 3879 αὑταῖς.

2652 3904 2771 3959 seu
2802 3936 2874 3945 —
2904 3907 3221 3977 assume.

2214 3998 2306 4069 Μὴ
2329 3996 2535 4068 νόμιζε,
2560 3998 2642 4051 ὅτι
2686 3998 2823 4069 πρὸς
2856 3998 2982 4061 τοὺς
3010 3998 3303 4069 Σοδομίτας
3329 4000 3675 4057 ἀποτείνεται
3706 4008 3732 4057 ὁ

2144 4090 2429 4160 προφήτης
2472 4088 2702 4150 Ἡσαΐας
2750 4088 2961 4156 λέγων·
3000 4107 3017 4139 ι
3073 4089 3366 4143 Ἀκούσατε
3407 4092 3570 4159 λόγον
3620 4096 3730 4147 xu-

2146 4181 2282 4251 ρίου,
2312 4182 2574 4252 ἄρχοντες
2599 4181 2868 4251 Σοδόμων.
2911 4202 2930 4231 ι
2964 4180 3108 4251 Πρὸς
3158 4183 3265 4253 γὰρ
3295 4184 3423 4246 τοὺς
3462 4186 3733 4256 ἄρχοντας

2139 4276 2248 4329 τῶν
2292 4275 2561 4328 Ἰουδαίων
2605 4277 2634 4328 ὁ
2662 4273 2820 4343 λόγος
2857 4275 3040 4337 αὐτὸς,
3082 4277 3453 4346 μιμουμένους
3494 4282 3564 4350 τῇ
3597 4283 3733 4351 πρα-

2143 4369 2222 4432 ξει
2253 4368 2351 4432 τάς
2381 4368 2488 4420 τῶν
2519 4367 2823 4438 Σοδομιτῶν
2855 4368 3297 4439 αίσχροπραγίας
3334 4372 3431 4423 σὺν
3458 4376 3576 4435 τοῖς
3604 4375 3731 4427 ὐπο-

448 4459 569 4513 ctit:
596 4457 903 4511 «Attendite
918 4457 1019 4526 legi
1039 4455 1129 4511 Dei
1147 4456 1378 4526 populus
1396 4455 1732 4511 Gomorrbre.
1751 4458 1890 4524 Quid
1908 4459 2038 4512 mibi

2161 4462 2497 4530 τεταγμένοις
2518 4477 2530 4490 ⁸
2557 4460 2716 4522 εὐθὺς
2740 4460 2850 4530 γὰρ
2871 4459 3121 4530 ἐπιφέρει
3154 4477 3167 4489 ·
3197 4480 3214 4511 ι
3255 4462 3561 4531 Προσέχετε
3585 4466 3730 4535 νόμῳ

451 4552 612 4620 copia
645 4550 1051 4606 sacriﬁciorum
1071 4550 1426 4604 vestrorum?
1451 4549 1589 4604 dicit
1616 4551 1885 4608 Dominus
1916 4552 1983 4605 ‘9.
2016 4570 2036 4603 ι

450 4643 519 4698 Et
547 4654 728 4698 tamen
757 4643 1110 4697 manifestum
1141 4649 1225 4695 est
1275 4656 1382 4695 non
1426 4640 1777 4708 Sodomitas,
1836 4646 2042 4700 multo-

449 4752 563 4805 que
599 4736 783 4791 minus
832 4732 1246 4789 Gomorrlienos
1283 4749 1568 4803 unquam,
1613 4736 1709 4790 sed
1759 4735 2042 4793 Israelitas

448 4828 638 4901 potius
670 4827 779 4881 Deo
809 4824 1083 4880 sacriﬁcia
1127 4824 1421 4879 obtulisse.

597 4917 763 4973 LXX.
795 4914 1125 4971 -ΕΑΙΝᾹΞ
1165 4914 1521 4970 COPlAllUM
1564 4915 1892 4972 DUCTORI.

524 4997 710 5065 Multis
771 5009 1089 5063 inanimatis
1130 5022 1422 5077 personam
1454 5007 1725 5062 divinitus
1767 5010 2038 5079 inspirata

2141 4550 2276 4604 Θεοῦ
2328 4551 2454 4613 λαὸς
2509 4550 2815 4622 Γομόρρας.
2846 4550 2911 4602 Τί
2964 4568 3053 4620 μοι
3112 4551 3317 4621 πλῆθος
3370 4554 3478 4604 τῶν
3530 4555 3730 4609 Θυσιῶν

2142 4643 2330 4713 ὑμῶν;
2366 4643 2514 4711 λέγει
2547 4642 2769 4712 Κύριος.
2804 4661 2823 4692 ι
2864 4641 3030 4710 Δῆλον
3058 4641 3136 4704 δὲ,
3165 4643 3247 4696 ὅτι
3277 4644 3397 4714 οὐχὶ
3419 4647 3519 4699 Σοδ
3557 4653 3727 4718 μῖται,

2138 4737 2198 4790 οὐ
2223 4736 2279 4789 δὲ
2314 4737 2419 4805 μὴν
2464 4736 2803 4807 Γομορρηνοὶ
2838 4734 3081 4799 πώποτε,
3121 4735 3448 4808 Ἰσραηλῖται
3500 4740 3561 4794 δὲ
3592 4746 3729 4812 pi},

2138 4829 2230 4882 λον
2255 4828 2334 4899 τῷ
2354 4827 2473 4898 Θεῷ
2500 4830 2598 4890 τὰς
2637 4826 2827 4890 θυσίας
2863 4827 3227 4897 προσέφερον,

2457 4924 2530 4972 0'.
2567 4950 2636 4959 —
2659 4920 2869 4991 ΓΑΙΝᾼ
2919 4922 3002 4972 ΣΤ
3007 4924 3405 4994 ΡΑΤΗΛΑΤῌ.

2208 5012 2387 5065 Πολλά
2435 5012 2527 5066 καὶ
2576 5012 2685 5065 τῶν
2736 5012 2960 5082 ἀψύχων
3014 5019 3456 5083 προσωποποιεῖν
3506 5015 3655 5072 οἶδεν
3692 5024 3721 5088 ἡ

386 5154 391 5161 ,
450 5101 738 5171 Scriptura
773 5098 983 5161 tradit,
1029 5107 1089 5153 ut
1120 5097 1255 5151 illud
1288 5115 1301 5150 :
1336 5114 1355 5148 ι
1406 5096 1558 5152 Mare
1602 5098 1744 5152 dixit
1787 5099 1937 5165 haec,
1986 5112 2040 5155 et

2161 5103 2487 5166 ιεόπνευστος
2536 5102 2726 5174 Γραφὴ
2751 5143 2766 5165 ,
2794 5103 2870 5167 ὡς
2902 5106 2995 5158 τόο
3024 5122 3043 5155 ι
3086 5107 3151 5158 Ἦ
3182 5107 3425 5161 θάλασσα
3451 5104 3577 5164 εἷπε
3605 5112 3723 5165 τάδε

451 5194 602 5259 haec;
634 5201 691 5247 et
717 5194 951 5262 abyssus
986 5191 1163 5244 dixit:
1197 5187 1239 5241 N
1260 5204 1329 5242 on
1356 5198 1440 5243 est
1465 5189 1521 5244 in
1554 5206 1640 5245 me
1662 5191 1729 5244 τ’.
1776 5210 1795 5243 ι
1828 5191 1893 5246 Et
1918 5209 2040 5247 rur-

2137 5193 2231 5247 καὶ
2259 5194 2404 5259 τάδε,
2430 5196 2525 5247 καὶ
2555 5196 2589 5265 ἡ
2630 5195 2863 5258 ἄϐυσσος
2897 5190 3050 5249 εἶπεν
3080 5215 3093 5228 ·
3118 5198 3232 5251 υύκ
3269 5198 3416 5252 ἔστιν
3450 5201 3511 5252 ὲν
3548 5204 3720 5271 ἐμοὶ.»

450 5301 548 5340 sus
579 5302 635 5339 ιι
658 5283 794 5339 (Σωιὶ
826 5284 1206 5355 enarran131
1227 5284 1459 5353 gloriam
1492 5281 1583 5336 Dei
1614 5284 1695 5350 7‘;
1734 5303 1753 5336 ι
1774 5291 1828 5339 et
1851 5287 2036 5355 gladio

2161 5286 2252 5338 ἰαὶ
2284 5286 2448 5339 πάλιν
2470 5302 2484 5317 σ
2524 5305 2542 5337 ι
2571 5287 2803 5357 Οὐρανοὶ
2848 5286 3162 5356 διηγοῦνται
3191 5290 3349 5357 δόξαν
3372 5291 3535 5347 Θεοῦ.
3571 5312 3590 5344 ι
3620 5297 3719 5348 Καὶ

452 5373 701 5443 praecipit
736 5371 1003 5430 Dominus
1032 5416 1047 5439 ,
1083 5385 1142 5427 ut
1177 5388 1300 5429 sese
1326 5381 1381 5427 et
1412 5386 1617 5435 carne,
1653 5386 1708 5429 et
1759 5382 2035 5446 sanguine

2161 5381 2208 5449 τῇ
2240 5378 2483 5450 ῥομφαίᾳ
2509 5378 3095 5450 διακελεύεταιΚύρος
3115 5384 3472 5455 ἐμφορεῖσθαι
3498 5386 3716 5457 κρέατός

453 5460 738 5531 impleret,
784 5470 840 5516 et
894 5476 926 5516 a
967 5464 1247 5517 montibus
1297 5469 1354 5517 et
1407 5462 1648 5520 collibus
1707 5466 2037 5525 saltationes

2161 5488 2204 5523 ιε
2236 5472 2331 5524 καὶ
2374 5470 2637 5541 αἵματος·
2662 5471 2755 5523 καὶ
2784 5470 2885 5542 ὅρη
2915 5472 3008 5526 καὶ
3042 5471 3218 5543 βουνοί
3267 5474 3396 5539 τοὺς
3444 5478 3544 5547 τῆς
3579 5495 3713 5549 σκιρ

523 5637 569 5671 ⁸⁸
605 5636 645 5691 II
675 5637 803 5691 Cor.
832 5637 991 5702 111,2.
1068 5641 1113 5673 “
1142 5640 1327 5696 Matth.
1370 5659 1442 5702 xu.
1481 5643 1567 5698 15.
1644 5646 1686 5677 θ’
1722 5645 1896 5702 Josue
1925 5664 2040 5704 vm.

450 5708 671 5769 ".Psat.
715 5725 868 5773 ann,
902 5715 953 5763 I.

2161 5692 2172 5703 .
2251 5647 2293 5678 "
2326 5647 2429 5703 Isa.
2463 5665 2500 5713 ι,
2540 5649 2627 5703 10.
2730 5647 2775 5679 ⁶⁹
2812 5648 2947 5703 ibid.
2985 5651 3071 5704 II.
3174 5653 3219 5685 ⁷⁸
3246 5650 3352 5709 Job
3376 5673 3567 5725 xxviii,
3625 5660 3690 5713 ιι
