3822 6216
160 313 237 377 113

1311 320 1853 390 EPISTOLARUM
1891 328 2038 388 LIB.
2083 329 2132 389 Ι.

3260 324 3364 389 ιιι

156 428 315 494 τήςεως
355 429 720 497 ἑπερωτῶνται
762 430 956 501 λόγους
981 452 993 464 ·
1026 437 1158 490 καί·
1203 457 1221 491 ι
1265 440 1331 493 Τί
1371 439 1665 502 πέπονθας,

1832 446 2151 507 ιροεοιιηιιιτ
2200 438 2269 491 τ’.
2329 436 2432 500 Ει,
2474 455 2493 489 ι
2547 436 2678 507 quid
2720 434 3024 507 pertulisti,
3059 448 3245 499 mare.
3305 444 3366 489 ut

152 517 360 579 θάλασσα,
382 519 456 570 ὅτι
485 519 699 588 ἔφυγες,
732 526 826 577 καὶ
857 528 944 589 σὺ,
981 529 1247 600 Ἰορδάνη,
1270 534 1353 585 ὅτι
1385 531 1666 602 ἐστράφης

152 612 210 671 εἰς
229 611 283 663 τὰ
309 611 492 677 ostium;
525 634 541 664 ι
580 616 642 668 Εἰ
682 618 867 670 τοίνυν
918 620 1074 674 ταῦθ’
1118 622 1291 687 οὕτως
1319 624 1453 695 ἔχοι,
1478 626 1531 678 τί
1575 642 1665 695 μοι

150 702 399 769 πρπείνεις
441 705 497 758 τὺ
541 707 598 759 ὲν
657 712 777 774 ταῖς
834 712 1164 784 Παροιμίαις
1226 716 1553 787 εἰρημένον,
1582 718 1665 771 ὅτι

153 811 167 843 ι
198 793 367 867 Κύριος
395 796 565 850 ἔκτισέ
600 816 669 870 με
698 802 871 873 ἀρχὴν
900 802 1034 857 ὁδῶν
1071 807 1237 861 αὐτοῦ
1268 809 1350 871 εἰς
1399 808 1538 880 ἔργα
1570 811 1668 865 αὑ-

148 885 252 949 τοῦ;
280 904 296 935 ι
329 887 561 956 Σολομὼν
590 892 908 962 παραϐολὰς
960 896 1057 948 καὶ
1086 898 1359 952 σκοτεινὸν
1381 898 1540 968 λόγον
1566 898 1668 971 τὴν

149 974 354 1042 σύνταξιν
380 977 605 1049 κέκληκε
649 982 745 1034 τοῦ
779 984 910 1037 ίδίου
943 984 1170 1055 βιϐλίου.
1201 987 1365 1041 Ἀλλο
1387 990 1665 1060 τοιγάρτοι

146 1069 236 1120 ἐστὶ
255 1068 307 1120 τὸ
327 1072 693 1141 παραϐολικῶς
722 1076 889 1148 ῥηθὲν
923 1080 1016 1132 καὶ
1057 1082 1538 1151 συνεσκιασμένον,
1577 1085 1669 1136 καὶ

147 1160 305 1225 πολλὰς
338 1164 576 1229 ὑπονοίας
604 1169 914 1240 δεχόμενον,
939 1173 1031 1225 καὶ
1062 1172 1192 1227 ἄλλο
1217 1174 1279 1226 τὸ
1312 1174 1542 1238 λευκῶς,
1568 1175 1670 1227 καὶ

144 1253 538 1320 ἀσυγκαλύπτως,
558 1260 745 1328 σαφῶς
768 1279 827 1315 τε
845 1265 939 1316 καὶ
963 1265 1264 1337 διαρρήδην
1284 1266 1668 1335 δογματισθέν.

143 1344 197 1396 Σὺ
221 1344 267 1397 δὲ
284 1346 371 1417 τὴν
398 1353 661 1422 φωτεινὴν
684 1354 781 1407 τοῦ
811 1355 1135 1411 Ἀποστόλου
1161 1358 1515 1415 διδασκαλίαν
1536 1362 1674 1414 ἁποο

140 1436 358 1503 στραφεὶς
385 1438 461 1509 τῷ
502 1440 805 1513 βεϐλάφθαι
850 1446 951 1518 τὴν
982 1449 1082 1519 τῆς
1113 1449 1290 1520 ψυχῆς
1314 1452 1526 1522 ὅρασιν,
1560 1455 1675 1517 τοῖς

142 1531 391 1593 σκοτεινοῖς
452 1535 744 1605 προσέχεις
796 1539 1135 1609 αἰνίγμασιν.
1189 1544 1300 1596 Καὶ
1358 1542 1519 1597 ποίαν
1568 1547 1677 1615 ἄρα

139 1618 290 1688 quin;
315 1622 634 1694 ἀπολογίαν;
680 1628 1018 1704 Ἐϐουλόμην
1052 1634 1152 1703 μὲν
1186 1631 1280 1689 οὖν
1314 1636 1570 1690 ἐπιλῦσαί
1595 1654 1677 1691 σοι

137 1711 215 1778 τὴν
239 1713 476 1782 πρότασιν
505 1719 607 1788 τῆς
648 1723 951 1792 παροιμίας
976 1764 992 1789 ,
1025 1725 1142 1779 ἀλλ’
1178 1728 1369 1798 ἐπειδὴ
1397 1731 1462 1799 τῇ
1488 1729 1675 1799 ἀλόγῳ

138 1799 360 1871 προλήψει
381 1779 690 1879 κεκάρωσαι
719 1779 947 1883 τῆς-τῶν
971 1779 1669 1887 ὀὶρειομανιτιῖίν
1708 1779 1752 1833 Β

137 1891 336 1996 ἐπέσχον
378 1898 475 1996 τού
530 1902 783 1996 καλάμου
846 1908 946 1976 τὴν
1006 1911 1245 1981 κίνησιν,
1299 1912 1460 1983 μόνον
1517 1913 1677 1967 τοῦτο

138 1996 390 2085 παραινέων,
424 1988 538 2057 εῖγε
576 1994 672 2046 καὶ
712 1997 965 2067 ἀνάσχοιο
985 2016 999 2028 ·
1018 2000 1047 2053 ὃ
1085 2001 1181 2055 νὺν
1208 2003 1359 2072 γοῦν,
1384 2006 1498 2067 τοῖς
1521 2006 1677 2073 εὐαγ-

135 2079 367 2140 γελωταες
395 2082 484 2132 καὶ
524 2082 849 2150 ἀποστόλοις
879 2088 1079 2158 μᾶλλον
1134 2092 1468 2161 κηρύττουσι
1502 2094 1677 2145 πείθεο

138 2161 254 2271 σθαι.
283 2166 311 2235 ἢ
347 2171 456 2271 τοῖς
493 2172 605 2225 τῶν
629 2175 853 2229 ἰοϐόλων
884 2179 1200 2248 δρακόντων
1235 2182 1549 2253 χαλαιπωτέ
1562 2201 1675 2254 ροις

158 2258 423 2324 Λρειανοῖς.
453 2263 606 2334 Πλὴν
630 2267 809 2338 πεπλη
821 2270 1151 2343 ροφὸρημαι,
1180 2274 1256 2338 ὡς
1286 2274 1439 2328 οὐδὲν
1466 2276 1681 2348 ὠφελή-

137 2362 202 2398 σει
225 2351 249 2401 ὁ
273 2350 642 2426 διαλεγόμενος
672 2363 754 2424 είς
785 2354 902 2417 ὦτα
924 2367 1329 2437 νενεκρωμένα.

236 2619 346 2671 OA’.
376 2651 442 2659 —
471 2624 931 2700 ΦΡΟΥΜΕΝΊἹῼ
968 2628 1565 2708 ΕΚΚΑΗΣΙΕΚΔΙΚῼ.

188 2710 372 2767 Ναυται
404 2716 505 2785 μὲν
535 2720 628 2771 καὶ
668 2722 995 2794 κυϐερνῆται
1030 2728 1206 2781 πάντα
1240 2731 1511 2795 ποιοῦσιν,
1532 2732 1679 2796 ὅπως

133 2801 185 2854 ἂν
204 2804 256 2857 τὸ
294 2807 526 2878 πέλαγος
576 2812 924 2885 διαδράμοιεν
944 2861 957 2881 ,
990 2821 1086 2873 καὶ
1120 2822 1259 2892 πρὸς
1286 2822 1481 2894 λιμένα
1508 2843 1680 2878 κατα-

132 2894 403 2963 πλεύσαιεν,
434 2905 502 2956 σὺ
550 2904 607 2958 δὲ
653 2906 741 2960 διὰ
787 2911 989 2976 παντὸς
1034 2913 1318 2983 πελαγίοις
1351 2917 1681 2983 φιλονεικεῖς

131 2985 328 3047 ἁλιεύειν
355 2994 411 3049 έν
453 2998 583 3063 ταῖς
609 3002 930 3072 τρικυμίαις
966 3004 1077 3058 τῶν
1113 3006 1387 3077 βιωτικῶν
1416 3010 1682 3079 πραγμά-

1770 526 2009 598 fngeres.
2042 537 2091 583 et
2126 538 2207 592 tu,
2237 528 2519 593 Iordanis,
2540 537 2598 583 ut
2628 536 2778 583 retro
2802 529 3030 582 cederes
3048 527 3134 580 7'?
3158 526 3214 581 Si
3250 526 3366 582 hac

1768 618 1956 688 itaque
1997 621 2069 673 ita
2118 635 2179 674 se
2219 622 2421 675 habent
2446 663 2462 687 ,
2499 620 2637 691 quid
2690 619 2826 674 mihi
2867 619 3167 690 proponis,
3219 616 3366 688 quod

1771 712 1827 767 in
1880 710 2203 769 Proverbiis
2250 714 2463 769 dictum
2512 721 2649 768 est:
2689 731 2708 765 ι
2748 710 3019 767 Dominus
3071 710 3370 765 fabricavit

1770 818 1857 859 me
1890 804 2222 874 principium
2255 805 2472 859 viarum
2503 818 2732 859 suarum
2757 842 2773 867 ,
2807 803 2863 859 in
2897 818 3065 875 opera
3099 817 3200 858 sua
3227 801 3319 857 "1'
3344 821 3366 855 ι

1771 890 2033 949 Salomon
2061 894 2364 950 Parabolas
2388 935 2404 958 ,
2452 895 2864 964 obscurumque
2894 908 3208 950 sermonem
3239 908 3372 948 con-

1771 986 2133 1042 structionem
2162 988 2372 1058 proprii
2403 986 2526 1042 libri
2559 986 2998 1057 nuncupavit".
3026 985 3190 1039 Aliud
3221 985 3371 1041 enim

1771 1089 1858 1136 est
1908 1080 2056 1150 quod
2104 1080 2387 1150 parabolis
2424 1078 2777 1150 exprimitur,
2818 1077 3172 1149 tenebrisque
3198 1075 3374 1131 invol-

1778 1175 1923 1231 vitur
1955 1211 1971 1236 ,
2026 1174 2347 1242 multosque
2374 1171 2722 1240 signiﬁcatus
2753 1170 3040 1234 admittit,
3086 1179 3141 1227 et
3182 1169 3329 1223 aliud
3350 1209 3367 1232 ,

1776 1264 1927 1334 quod
1956 1264 2110 1319 clare
2133 1304 2147 1327 ,
2201 1274 2258 1318 et
2291 1273 2513 1334 aperte,
2548 1264 2824 1335 planeque
2849 1303 2865 1329 ,
2898 1276 2951 1320 et
2982 1263 3106 1320 sine
3141 1263 3255 1316 ullo
3287 1263 3371 1315 in-

1776 1357 2006 1412 voluero
2034 1357 2380 1411 enuntiatur.
2411 1354 2492 1410 Tu
2529 1370 2661 1410 vero
2696 1355 2936 1410 lucidam
2991 1353 3240 1424 Apostoli
3272 1352 3373 1407 do-

1776 1450 2014 1505 ctrinam
2067 1448 2339 1518 abjiciens
2366 1490 2380 1514 ,
2413 1447 2562 1518 quod
2602 1447 2728 1503 visu
2784 1449 2985 1502 animae
3038 1446 3201 1501 Iacsns
3251 1445 3376 1510 sis,

1776 1542 2037 1596 obscuris
2065 1541 2457 1611 aenigmatibus
2488 1548 2727 1594 mentem
2769 1540 3017 1610 applicas
3046 1557 3061 1594 :
3090 1546 3146 1594 et
3180 1541 3376 1608 quam-

1780 1645 1906 1685 nam
1951 1630 2020 1684 de
2048 1630 2159 1685 hoc
2205 1630 2621 1685 excusationem
2665 1629 2958 1699 proferes?
3006 1628 3135 1681 Erat
3189 1629 3378 1695 itaque

1781 1726 1913 1779 mihi
1950 1725 2006 1779 in
2034 1726 2225 1779 animo
2247 1765 2262 1790 ,
2298 1725 2585 1796 proposito
2618 1740 2682 1779 ex
2714 1722 3035 1777 Proverbiis
3060 1721 3231 1776 dubio
3294 1734 3380 1773 re-

1781 1816 2097 1884 spondere,
2143 1824 2524 1870 verumtamen
2550 1830 2674 1869 cum
2728 1823 2786 1867 tu
2838 1813 3068 1882 inepta,
3139 1824 3204 1864 ac
3253 1809 3378 1863 sine

1779 1908 1999 1961 ratione
2056 1908 2435 1979 praeceptione
2489 1907 2831 1962 Arianorum
2898 1905 3137 1966 ictibus,
3204 1901 3379 1957 veluti

1779 2008 2007 2055 veterno
2035 2000 2287 2055 confixus
2314 2002 2392 2055 sis
2421 2041 2439 2065 ,
2484 2007 2692 2053 motum
2736 1998 2935 2053 calami
2983 1996 3261 2067 repressi,
3307 1993 3381 2047 ad

1781 2092 1915 2146 illud
1978 2092 2158 2147 solum
2197 2092 2499 2148 cohortans
2525 2132 2541 2157 ,
2580 2092 2629 2147 si
2663 2090 2717 2145 id
2772 2090 3045 2161 patienter
3085 2089 3378 2143 sustinue-

1782 2184 1860 2237 ris
1888 2226 1904 2251 ,
1952 2192 2014 2237 ut
2062 2185 2254 2238 saltem
2307 2199 2456 2238 nunc
2489 2183 2958 2249 evangelistarum
3013 2192 3067 2235 et
3106 2178 3390 2250 apostolo-

1782 2292 1903 2330 rum
1943 2277 2393 2348 praadicationem
2421 2276 2685 2332 admittas
2709 2317 2725 2342 ,
2776 2290 2942 2345 quam
2976 2280 3375 2328 venenatorum

1782 2370 2127 2438 serpentium
2181 2368 2631 2439 pestilentiorum
2703 2366 3065 2420 Arianorum.
3121 2363 3375 2416 Attamen

1781 2472 1937 2517 certo
1988 2462 2107 2517 scio
2152 2461 2289 2515 nulli
2341 2460 2590 2514 futurum
2642 2459 2916 2520 utilitati,
2966 2455 3060 2527 qui
3118 2455 3173 2509 in
3219 2465 3380 2506 aures

1781 2559 2107 2611 demortuas
2139 2558 2306 2608 verba
2334 2551 2645 2623 profundit.

1783 2650 1972 2705 LXXI.
2004 2679 2072 2690 -—
2112 2644 2522 2702 FliUMENTlO
2558 2640 2918 2701 ECCLESUE
2956 2636 3374 2695 DEFENSORI.

1854 2742 2043 2796 Nantaa
2070 2740 2292 2811 quidem
2316 2777 2332 2803 ,
2366 2745 2533 2809 atque
2561 2740 2964 2809 gubernatores
2989 2741 3224 2788 conatus
3263 2744 3391 2785 οη.-

1783 2851 1884 2891 nes
1913 2850 2047 2889 suos
2098 2831 2385 2897 referunt,
2448 2838 2510 2884 ut
2559 2828 2793 2898 trajectu
2824 2842 3018 2895 mare,
3051 2826 3105 2879 ίτε
3158 2833 3379 2895 portum

1784 2944 1909 2984 sese
1935 2927 2237 2982 deducant.
2261 2924 2342 2979 Tu
2371 2938 2505 2979 vero
2534 2937 2751 2992 semper
2775 2923 2830 2976 in
2856 2921 2968 2975 alto
2994 2918 3132 2973 mari
3164 2931 3383 2973 summa

1784 3020 2143 3077 contentione
2172 3018 2281 3087 32
2314 3015 2610 3088 piscationi
2642 3013 2923 3069 incumbis
2960 3015 3011 3065 in
3045 3024 3228 3065 rerum
3273 3009 3382 3062 hu-

131 3100 215 3137 των
244 3091 490 3162 συνεχῶς,
529 3096 627 3147 καὶ
657 3098 714 3149 ἐν
737 3101 862 3161 ταῖς
888 3099 1136 3169 ἀγοραῖς,
1168 3101 1265 3154 καὶ
1283 3103 1397 3164 τοῖς
1422 3102 1676 3172 δικαστη-

1832 3127 2076 3167 lanarum
2110 3111 2314 3165 ﬂuctus
2356 3122 2502 3177 saepe
2530 3115 2585 3161 et
2617 3107 2675 3161 in
2722 3105 2874 3167 foro,
2908 3114 2964 3159 et
2998 3105 3053 3157 in
3085 3098 3382 3157 tribunali-

130 3177 239 3245 ρίοις
279 3186 669 3286 σῖρετρόμενος,
705 3191 981 3260 προφάσει
1019 3191 1118 3262 μὲν
1170 3193 1273 3264 τῆς
1327 3193 1438 3247 τῶν
1485 3195 1683 3265 ἐκκλη-

131 3279 387 3327 σιαστικῶν
440 3279 792 3348 πραγμάτων
846 3281 1226 3353 προμηθείας,
1258 3287 1325 3356 τῇ
1375 3285 1422 3339 δ’
1454 3285 1685 3356 ἀληθείᾳ

127 3361 258 3432 χάριν
309 3365 633 3434 πλεονεξίας
696 3371 996 3443 ἀκορέστου
1064 3376 1156 3429 καὶ
1227 3376 1491 3449 συλλογῆς
1571 3381 1686 3433 ἁδί-

129 3471 222 3511 κῠυ.

410 3554 537 3607 OB”.
572 3586 641 3596 —
671 3556 988 3631 ΠΟΜΠΗΙῼ
1038 3562 1360 3632 ΔΙΑΚΟΝῼ.

181 3641 389 3714 Χεϐρὼν
417 3646 661 3717 συζυγὴ
714 3652 1097 3723 ἑρμηνεύεται.
1146 3657 1244 3709 Διὰ
1285 3658 1340 3710 τί
1381 3658 1440 3712 δὲ
1478 3659 1683 3730 συζυγὴ

126 3740 519 3810 προσηγορεύθη
552 3744 581 3794 ὸ
602 3743 767 3807 τόπος
788 3762 803 3810 ;
831 3745 952 3799 ’Ότι
968 3749 1082 3800 ἐκεῖ
1101 3749 1238 3801 κατὰ
1261 3749 1521 3819 συζυγίαν
1540 3756 1685 3804 κεῖν-

126 3841 197 3877 ται
254 3830 510 3903 Ἀϐραάμ
568 3835 665 3887 καὶ
720 3836 951 3908 Σάρρα,
1016 3840 1199 3894 Ἰσαὰκ
1261 3843 1356 3894 καὶ
1397 3843 1681 3908 Ῥεϐέκκα,

137 3918 304 3977 Ἰακὼϐ
353 3928 447 3979 καὶ
492 3927 620 3983 Δία.
666 3929 864 3993 Καλῶς
907 3931 1087 3985 τοίνυν
1131 3935 1160 3985 ὁ
1203 3934 1456 4007 θεοφιλὴς
1503 3934 1684 3991 Χαλὲϐ

125 4016 268 4087 πολλῇ
304 4021 537 4091 σπουδῇ.
568 4022 662 4074 καὶ⁵
688 4023 856 4093 πόνῳ,
890 4026 983 4077 καὶ
1017 4025 1200 4097 ἱδρῶτι
1234 4027 1394 4081 ἔλαϐε
1424 4028 1525 4102 τὴν
1550 4031 1687 4101 μνή-

125 4123 217 4215 ρηΪ
261 4112 687 4215 τῶν-ἀοιδίμων
749 4121 1104 4190 πατριαρχῶν
1133 4162 1149 4187 ,
1177 4122 1298 4193 ἥτις
1354 4124 1689 4194 μητρόπολις

126 4204 312 4273 ὑπῆρχε
342 4204 456 4257 τῶν
494 4207 748 4277 Ἐνακὶμ,
779 4210 1193 4280 καταφονεύσας
1228 4230 1356 4277 τους
1382 4214 1491 4267 τῶν
1520 4215 1686 4287 ὑπερ-

126 4293 321 4361 ηράνων
353 4298 637 4366 γιγάντων
666 4299 906 4366 ἀσεϐεῖς,
945 4304 1041 4357 καὶ
1081 4304 1320 4374 φαύλους
1348 4307 1647 4375 ἀπογόνους
1671 4327 1684 4340 ·

124 4388 203 4488 καὶ,
224 4388 431 4455 γίνεται
488 4390 695 4461 κλῆρος
744 4392 840 4445 τοῦ
880 4395 1065 4449 Χαλὲϐ
1099 4398 1303 4468 πᾶσαή
1334 4399 1429 4469 γῆ,
1454 4401 1512 4453 ἐν
1543 4394 1689 4474 ᾗπερ

124 4475 396 4548 ἐτύγχανον
428 4483 482 4535 οἱ
524 4482 687 4551 τάφοι
715 4483 825 4537 τῶν
856 4488 1144 4556 μακαρίων
1162 4491 1409 4544 ἐκείνων.

629 4575 747 4628 01".
781 4606 852 4616 —
884 4576 966 4643 Τῷ
993 4578 1176 4644 αὐτῷ.

183 4660 266 4733 Μὴ
304 4663 618 4737 ἀθυμήσῃςο
659 4667 756 4722 καὶ
796 4668 906 4739 γὰρ
933 4670 1028 4722 καὶ
1082 4672 1166 4723 σοὶ
1215 4671 1423 4726 δέδοται
1474 4674 1694 4728 πιστεύ-

123 4755 370 4855 σαντιτῇ
396 4758 463 4811 ἐκ
504 4759 821 4855 σπέρματος
868 4761 1120 4833 Ἀϐραὰμ
1149 4767 1533 4838 γεγεννημένῳ
1560 4770 1693 4840 Χρι-

124 4848 241 4913 στῷ,
275 4848 481 4919 κλῆρος
536 4851 745 4919 νοητός.
777 4853 911 4915 Θεὸς
949 4855 1059 4927 γάρ
1097 4873 1191 4909 σου
1241 4858 1462 4927 γέγονεν
1494 4862 1523 4913 ό
1563 4860 1697 4927 Θεὸς

120 4936 217 4990 τῶν
240 4941 441 5012 άειμνή
450 4959 591 4996 στων
627 4945 1004 5015 πατριαρχῶν.

630 5038 749 5092 OA’.
772 5069 844 5078 —
878 5038 963 5103 Τῷ
991 5039 1169 5106 αὐτῷ.

183 5123 245 5176 Τί
294 5127 485 5200 ξενίζῃ
533 5127 755 5197 βλέπων
784 5134 1152 5201 πονηρότατόν
1180 5151 1239 5187 τε
1278 5134 1372 5188 καὶ
1401 5136 1699 5192 ἀνοσιώτα-

122 5229 202 5265 τον
248 5217 853 5289 ύπερευφημούμενον,
906 5224 1000 5275 καὶ
1057 5223 1472 5295 ἐνδοξαζόμενον
1524 5245 1701 5298 παρα-

121 5308 305 5375 vcem,
334 5313 433 5363 καὶ
492 5312 707 5379 μεγάλα
740 5314 993 5382 ἰσχύοντα
1023 5316 1173 5386 παρὰ
1201 5320 1311 5381 τοῖς
1341 5318 1698 5372 δυναστεύου-

124 5414 229 5465 σινς
258 5403 547 5472 Μνήσθητι
584 5404 685 5474 τῆς
724 5406 949 5476 Γραφῆς
1002 5408 1306 5482 ὲμϐοὼσης,
1338 5412 1415 5465 ὅτι
1445 5431 1463 5464 ι
1510 5415 1697 5486 Ἐδόθη

120 5491 145 5542 ὁ
168 5492 363 5563 ἀσεϐὴς
396 5498 460 5548 ἐν
484 5496 642 5566 ὕψεσι
672 5500 926 5569 μεγάλοις
948 5518 960 5530 ’
998 5521 1016 5553 ι
1055 5503 1321 5570 τουτέστι,
1346 5510 1697 5578 συνεχωρήθη

124 5584 397 5657 ὑδμοίἧνατ
431 5594 570 5645 κατὰ
603 5592 697 5644 τον
721 5593 928 5661 κόσμον
959 5594 1164 5649 τοῦτον.
1193 5596 1617 5670 Συγκεχὼρηται
1643 5600 1699 5654 δὲ

185 5765 226 5794 ’¹
262 5766 409 5821 Psal.
441 5781 596 5835 cxm,
624 5770 676 5825 ι.

1723 4457 1768 4512 Ι)

1790 3208 1893 3261 bus
1926 3218 2221 3274 pererrans
2246 3244 2262 3267 ,
2296 3218 2362 3257 eo
2392 3201 2619 3256 nomine
2638 3242 2652 3263 .
2700 3208 2759 3253 ut
2789 3199 2957 3253 rebus
2983 3194 3383 3251 ecclesiasticis

1787 3296 2079 3368 provideas
2102 3336 2117 3360 ,
2150 3311 2208 3350 re
2242 3303 2425 3348 tamen
2454 3292 2611 3363 plura
2656 3291 2887 3346 habendi
2923 3286 3231 3353 aviditatis,
3260 3298 3389 3356 quae

1789 3404 2079 3459 nunquam
2142 3386 2481 3449 exsatiatur,
2563 3392 2728 3453 atque
2790 3382 3011 3451 injuslze
3074 3376 3385 3433 exactionis

1791 3484 1990 3553 gratia.

2076 3572 2287 3628 LXXII.
2318 3602 2388 3612 ——
2418 3566 2722 3625 POMPEIO
2761 3561 3092 3620 DIACONO.

1862 3668 2121 3722 Chebron
2196 3675 2351 3721 notat
2432 3662 2884 3731 conjunctionctn
2937 3658 3004 3711 ⁷⁸.
3075 3656 3389 3721 Quamnam

1788 3774 1919 3813 vero
1972 3759 2044 3813 ob
2110 3772 2336 3811 causam
2398 3755 2557 3809 locus
2614 3752 2707 3806 ille
2771 3762 2973 3803 nomen
3031 3746 3082 3799 id
3149 3742 3397 3797 habnit?’

1788 3850 1936 3921 quod
1973 3850 2046 3904 ibi
2083 3848 2361 3918 conjngati
2383 3846 2572 3915 jacent
2596 3841 2871 3896 Abraham
2906 3847 2961 3894 et
2984 3839 3149 3891 Sarra
3173 3874 3188 3898 ,
3229 3836 3402 3888 Isaae-

1788 3950 1844 3997 et
1873 3938 2119 3994 Rebecca
2144 3977 2160 4000 ,
2195 3935 2366 3990 Jacoh
2403 3943 2459 3989 et
2489 3931 2604 3986 Lia.
2632 3929 2812 3984 Probe
2843 3927 3008 3998 igitur
3037 3924 3149 3979 Deo
3181 3931 3396 3994 gratus-

1790 4032 1996 4087 Chaleb
2040 4030 2214 4084 multo
2249 4027 2470 4089 studio,
2533 4035 2589 4080 et
2643 4024 2870 4087 labore,
2920 4032 3141 4073 necnon
3181 4015 3399 4070 sudore

1790 4122 2109 4178 memoriam
2138 4120 2628 4177 celeberrimorum
2670 4113 3114 4185 patriarcharum
3140 4106 3406 4177 excepit,

1790 4230 1912 4284 quae
1950 4221 2070 4268 erat
2108 4211 2431 4281 metrOpoIis
2459 4207 2687 4262 Enacim
2713 4247 2730 4271 ,
2786 4202 3165 4272 arrogantium
3196 4200 3390 4270 gigan-

1790 4315 1906 4360 tnm
1939 4306 2144 4374 impiis,
2178 4319 2241 4356 ac
2277 4315 2511 4372 nequam
2543 4294 2965 4354 successoribus
2995 4291 3340 4346 obtruncatis
3368 4307 3408 4345 ε,

1792 4408 1846 4456 et
1879 4401 1935 4453 lit
1961 4414 2085 4454 sors
2115 4397 2324 4451 Cbaleb
2349 4436 2363 4455 .
2396 4394 2654 4449 universa
2684 4392 2777 4445 illa
2804 4397 2987 4455 terra,
3020 4388 3075 4441 in
3108 4400 3218 4457 qua
3253 4384 3389 4439 bea-

1796 4503 1980 4546 torum
2012 4491 2230 4545 illorum
2266 4489 2519 4557 sepulcra
2545 4484 2863 4542 exstabant.

2302 4578 2539 4634 LXXIII.
2567 4607 2637 4617 —
2666 4575 2876 4629 Eidem.

1861 4675 1941 4732 Ne
1970 4672 2322 4745 despondeas
2354 4673 2600 4725 animum
2622 4710 2637 4735 ,
2671 4668 2767 4722 tibi
2800 4661 3028 4727 etenim,
3048 4662 3143 4734 qui
3164 4660 3412 4718 Christo.

1793 4786 1861 4823 ex
1899 4770 2112 4825 semine
2155 4765 2392 4819 Abralne
2432 4772 2556 4818 orto
2601 4758 2923 4820 credidisti,
2976 4758 3103 4810 data
3137 4764 3222 4811 est
3256 4769 3403 4810 sors.

1796 4862 2211 4919 intellectualis.
2241 4859 2386 4914 Deus
2409 4858 2560 4913 enim
2589 4854 2691 4909 tibi
2720 4852 2905 4908 factus
2927 4858 3013 4905 est
3048 4848 3194 4904 Deus
3225 4861 3377 4903 sem-

1797 4968 1894 5023 per
1919 4948 2540 5008 commemorandorum
2575 4942 3045 5016 patriarcharum.

2306 5037 2544 5093 LXXIV.
2570 5066 2641 5077 —
2669 5032 2881 5090 Eidem.

1868 5131 2011 5199 Quid
2042 5140 2269 5202 stupes,
2302 5142 2355 5185 et
2380 5138 2645 5200 tanquam
2665 5126 2731 5182 de
2764 5136 2826 5181 re
2846 5138 2988 5180 nova
3010 5130 3067 5179 et
3094 5118 3402 5192 peregrinae

1798 5226 2097 5281 admiraris
2136 5225 2548 5294 iniquissimum
2593 5219 2788 5275 videns
2828 5226 2994 5289 atque
3034 5214 3390 5286 improbissi-

1802 5336 1948 5374 mum
1988 5290 2248 5374 laudibus
2277 5313 2490 5370 nefarie
2520 5313 2821 5369 exaltatum
2846 5350 2863 5376 ,
2926 5317 2983 5363 et
3015 5307 3191 5379 gloria
3247 5321 3387 5377 βιαι-
3418 5290 3427 5295 ’

1813 5413 2144 5475 divitem,ct
2171 5408 2315 5480 apud
2354 5410 2692 5479 imperantes
2734 5404 2950 5460 infinito
2992 5402 3207 5457 ueteris
3250 5417 3384 5472 prte-

1802 5503 2066 5559 stantem?
2091 5501 2409 5557 Recordare
2432 5501 2736 5571 Scriptura:
2763 5497 3118 5553 inclamantis
3142 5516 3157 5553 :
3188 5498 3385 5551 rDatnr

1803 5596 1909 5669 33
1936 5604 2024 5651 est
2064 5596 2270 5667 impius
2305 5594 2361 5649 in
2398 5592 2789 5649 altitudinibus
2826 5592 3043 5663 rttagnis
3081 5592 3149 5656 ",
3198 5608 3217 5642 ι
3263 5605 3361 5659 per

787 5770 831 5802 ⁷³
862 5773 994 5829 ibid.
1048 5772 1100 5827 5.
1177 5773 1221 5807 ⁷⁵
1249 5771 1411 5831 Prov.
1436 5791 1554 5840 VIII,
1585 5776 1676 5832 22.

1839 5775 2004 5832 Prov.
2046 5793 2084 5842 r,
2118 5775 2169 5831 ί.
2247 5775 2294 5808 ⁷⁸
2348 5773 2516 5831 Iosue
2574 5789 2687 5840 xiv,
2717 5774 2805 5829 Ii.
2883 5773 2927 5804 ’⁷
2960 5770 3143 5827 Eccle.
3180 5786 3236 5836 x,
3260 5770 3322 5826 6.
