3822 6216
423 309 529 385 115

1895 336 1955 395 S.
1997 326 2161 397 NILI
3590 341 3684 414 115

416 435 649 486 missum
685 431 903 487 scilicet
937 431 1017 485 illi
1048 443 1171 497 est,
1206 443 1262 489 ιιι
1294 437 1597 491 secundum
1646 438 1793 494 hunc
1827 456 1989 495 ruun-

2110 447 2199 500 οὐκ
2247 448 2512 521 ἀκρίτως,
2549 452 2666 506 ἀλλ’
2716 453 2805 507 ἵνα
2836 452 2957 508 λίαν
3012 454 3305 528 μετάρσιος
3355 458 3682 527 ἐκφανθεὶς,

414 524 545 577 dum
588 523 893 586 ,exaltetur.
930 524 1116 595 Neque
1169 526 1284 581 haec
1342 527 1578 585 facultas
1613 532 1734 588 sine
1781 532 1996 601 judicio

413 618 540 668 data
578 625 695 679 est,
732 619 828 671 sed
870 626 930 669 ut
960 619 1047 673 ille
1081 620 1134 674 in
1176 622 1418 676 sublime
1465 633 1725 691 evectus,
1761 626 1999 697 indeque

414 724 657 778 pra'ccps
683 719 842 763 actus
867 748 881 773 ,
917 711 1037 765 sine
1068 713 1176 765 ullo
1202 714 1446 767 remedio
1471 717 1746 771 excidium
1779 720 1993 777 subeat.

622 799 830 856 LXXV.
862 832 929 845 -ο
956 802 1418 860 APOLLODORO
1458 806 1791 865 RIIETORI.

488 895 826 947 Asscverttsti
858 935 872 959 ,
908 906 1197 964 propterea
1233 898 1434 967 saepius
1453 899 1818 955 barbarorum
1851 902 1991 955 mul-

410 986 698 1039 titudiuem
759 989 811 1039 iu
886 987 1261 1043 Romanorum
1324 992 1577 1063 regiones
1654 995 1992 1065 irrumpere,

405 1078 552 1146 quoi
588 1094 697 1132 non
748 1092 942 1133 omnes
978 1080 1148 1133 velint
1171 1080 1202 1143 ξ
1220 1097 1398 1150 neque
1427 1092 1725 1152 procurent
1764 1086 1993 1141 numina

407 1172 654 1239 gentium
705 1172 997 1227 sacriﬁciis
1033 1172 1138 1227 sibi
1170 1175 1491 1229 conciliare.
1531 1174 1611 1230 Tu
1642 1188 1820 1234 tamen
1856 1178 1992 1234 illud

410 1265 612 1317 Izabcto
637 1265 987 1333 expressius,
1025 1274 1079 1321 et
1123 1268 1245 1321 sine
1281 1267 1395 1321 ullo
1460 1279 1811 1340 legumento,
1849 1272 1993 1327 irru-

410 1360 631 1427 ptiones
662 1358 1059 1425 barbarorum,
1092 1370 1251 1414 terrae
1280 1370 1493 1429 motus,
1526 1363 1804 1428 incendia,
1833 1374 1993 1422 caete-

328 1512 331 1521 ν
406 1463 578 1523 raque
618 1451 797 1503 tristia
830 1453 902 1504 ob
947 1453 1154 1505 nullam
1204 1453 1367 1506 aliam
1406 1470 1666 1522 causam,
1702 1472 1866 1526 quam
1918 1458 1992 1512 ob

405 1545 713 1608 malitiam,
745 1555 799 1599 et
845 1556 1125 1614 stuporem
1167 1561 1357 1600 eorum
1386 1583 1400 1611 ,
1435 1550 1529 1616 qui
1562 1558 1618 1602 ut
1653 1557 1709 1603 tu
1734 1587 1750 1613 ,
1781 1549 1990 1603 daemo-

405 1638 574 1689 nibus
614 1636 787 1689 nimio
817 1638 991 1691 multo
1033 1638 1382 1705 addicantur,
1416 1649 1472 1694 et
1508 1642 1775 1695 malorum
1809 1641 1991 1696 homi-

403 1739 536 1779 num
590 1726 976 1796 impietatem,
1024 1730 1120 1796 qui
1168 1744 1276 1782 non
1331 1738 1550 1795 cessant
1598 1733 1667 1785 ab
1715 1731 1985 1786 idolorum

404 1818 599 1881 cultu,
635 1818 729 1871 sed
756 1818 1007 1886 quotidie
1040 1821 1373 1888 perniciosis
1398 1821 1741 1877 dmmonibus
1773 1825 1826 1877 in
1855 1825 1987 1878 sub-
2020 1804 2061 1861 Β

406 1909 584 1963 urbiis
612 1909 960 1974 sacriﬁcant,
993 1920 1047 1965 et
1073 1921 1196 1976 post
1226 1913 1522 1981 salutarem
1559 1914 1760 1969 Christi
1787 1916 1990 1970 adven-

402 2010 561 2065 tum,
617 2008 671 2055 et
706 2002 1127 2057 illustrationem
1179 2005 1234 2056 iu
1286 2004 1531 2059 tenebris
1561 2005 1884 2071 ambulant,
1936 2016 1991 2060 et

404 2106 597 2145 muros
655 2091 710 2145 in
760 2093 1031 2154 meridie,
1080 2109 1236 2161 teque
1282 2110 1347 2149 ac
1376 2094 1546 2159 caeci,
1598 2104 1987 2161 contractant,

401 2182 651 2237 evenire.
717 2182 823 2238 Sed
860 2186 1069 2239 utinam
1125 2187 1343 2239 tandem
1389 2187 1690 2257 aliquando
1723 2204 1988 2259 saperes,

401 2282 458 2329 et
495 2291 825 2346 agnosceres
856 2277 1108 2331 divinum
1150 2278 1369 2349 Moysen
1413 2280 1480 2343 ⁷⁸,
1525 2281 1617 2349 qui
1665 2291 1789 2350 post
1838 2299 1993 2337 men-

403 2375 562 2419 strua
600 2376 843 2436 tempora
886 2383 1084 2423 rursus
1120 2369 1325 2422 ﬁuxum
1364 2371 1654 2439 sanguinis
1690 2374 1988 2442 patientem

404 2458 646 2512 animam
699 2463 956 2530 relegat:
1002 2476 1244 2529 namque
1279 2478 1405 2514 cum
1454 2473 1581 2517 ante
1634 2479 1841 2533 paucos
1875 2466 1993 2521 dies

401 2549 613 2602 Christi
669 2550 1071 2620 przedicatione
1121 2551 1412 2605 emundari
1476 2554 1630 2609 visus
1688 2556 1801 2619 sis,
1841 2572 1992 2610 nunc

403 2654 599 2693 rursus
648 2648 858 2692 mutata
893 2640 1172 2695 sententia
1201 2680 1215 2704 ,
1270 2643 1632 2700 exsecrandis
1680 2654 1990 2700 statuarum

403 2730 700 2789 sacriﬁciis
736 2734 1077 2788 cruentaris.

581 2823 816 2878 LXXVI.
857 2856 929 2864 —
955 2825 1259 2882 RUFFINO
1301 2827 1807 2885 SCIIOLASTICO.

474 2917 709 2981 Quando
761 2933 887 2971 eum
941 2919 1154 2990 legibus
1217 2922 1495 2991 publicis,
1549 2924 1717 2975 etiam
1775 2936 1992 2977 sacram

405 3017 714 3079 per-tractas
741 3010 851 3083 34
879 3012 1252 3082 Scripturam,
1294 3014 1440 3083 quod
1468 3015 1801 3069 eruditionis
1829 3016 1994 3069 variae

2106 540 2363 596 κάκεῖθεν
2392 545 2718 599 καταπεσὼν
2766 542 3308 620 ἀνίατονσυντριϐὴν
3328 550 3617 623 ὑπομείνῃ.

2394 809 2510 863 OE'.
2542 838 2610 847 —
2645 808 3099 879 ΑΠΟΛΛΟΔΩΡῼ
3126 809 3400 863 PHTOPI.

2175 901 2417 971 Εἴρηκας
2480 900 2567 953 διὰ
2619 900 2777 953 τοῦτο
2830 899 3090 963 πολλάκις
3143 900 3325 971 πλήθη
3386 902 3685 974 βαρϐάρων

2101 991 2395 1065 ἐμϐάλλειν
2428 995 2493 1064 τῆ
2537 990 2836 1061 Ῥωμανίᾳ,
2867 991 3002 1044 διότι
3029 991 3105 1062 μὴ
3145 990 3427 1061 βούλονται
3457 993 3680 1059 πάντες,

2103 1085 2244 1157 μήτε
2310 1084 2419 1155 μὴν
2466 1079 2871 1152 προθυμοῦνται
2924 1080 3248 1150 θεραπεύειν
3296 1082 3509 1144 θυσίαις
3558 1084 3683 1147 τοὺς

2100 1179 2257 1242 θεοὺς
2290 1178 2399 1230 τῶν
2441 1175 2730 1245 Ἑλλήνων.
2784 1174 2957 1228 Γνῶθι
2990 1174 3170 1228 τοίνυν
3212 1176 3559 1247 τρανότερον,
3589 1177 3684 1229 καὶ

2098 1273 2225 1326 ἄνευ
2242 1272 2387 1333 τινὸς
2420 1267 2759 1339 καλύπτρας,
2789 1267 2870 1319 ὅτι
2898 1266 2992 1320 καὶ
3040 1265 3334 1339 βαρϐάρων
3366 1267 3680 1338 ἐπιδρομαὶ,

2099 1366 2194 1420 καὶ
2247 1363 2483 1433 σεισμοὶ,
2516 1360 2613 1415 καὶ
2662 1357 3006 1430 ὲμπρησμοὶ,
3055 1359 3151 1411 καὶ
3202 1357 3269 1412 τὰ
3316 1357 3453 1412 ἄλλα
3502 1358 3681 1412 πάντα

2097 1454 2316 1526 ἀνιαρὰ,
2350 1454 2418 1506 δι’
2446 1452 2598 1507 οὐδὲν
2628 1450 2756 1505 ἄλλο
2801 1450 3089 1522 γίνεται,ἢ
3129 1449 3219 1504 διὰ
3258 1454 3358 1522 τὴν
3413 1451 3684 1521 πονηρίαν

2097 1550 2192 1603 καὶ
2213 1548 2533 1618 ἠλιθιότητα
2563 1545 2670 1599 τῶν
2703 1544 2845 1599 κατὰ
2871 1546 2929 1598 σὲ
2959 1544 3371 1613 δεισιδαιμόνων
3407 1544 3504 1597 καὶ
3560 1543 3686 1597 δυσ-

2097 1640 2271 1692 σεϐῶν
2291 1637 2614 1710 ἀνθρώπων,
2647 1636 2720 1707 μὴ
2769 1637 3093 1704 παυομένων
3121 1635 3222 1704 τῆς
3242 1634 3682 1707 εἰδωλολατρίας,

2095 1730 2232 1785 ἀλλὰ
2261 1729 2497 1783 θυόντων
2525 1727 2665 1781 κατὰ
2703 1726 2771 1780 τὰ
2802 1726 3099 1797 προάστεια
3129 1728 3240 1787 τοῖς
3275 1725 3543 1796 ὀλεθρίοις
3578 1724 3684 1777 δαί-

2093 1841 2220 1897 μοσι
2241 1822 2584 1890 καθεκάστην
2604 1818 2839 1890 ἡμέραν,
2869 1818 2963 1870 καὶ
2999 1818 3136 1888 μετὰ
3168 1817 3264 1888 τὴν
3308 1817 3403 1869 τοῦ
3443 1816 3683 1886 Χριστοῦ

2094 1920 2363 1989 σωτήριον
2406 1915 2700 1984 ἐπιδημίαν
2749 1912 2844 1965 καὶ
2912 1909 3182 1981 ἔκλαμψιν
3232 1909 3685 1978 περιπατούντων

2092 2014 2156 2065 ἐκ
2190 2010 2394 2071 σκότει,
2414 2008 2510 2061 καὶ
2550 2005 2944 2077 ψηλαφούντων
2974 2005 3098 2067 τοὺς
3130 2002 3341 2073 τοίχους
3377 2003 3435 2055 ὲν
3464 2018 3687 2071 μεσημ-

2091 2104 2223 2176 ϐρία
2274 2101 2464 2171 ὥσπερ
2496 2096 2734 2168 τυφλῶν.
2781 2093 2921 2149 Ἀλλ’
2964 2096 3076 2150 εἴθε
3115 2094 3319 2164 γνῶναί
3368 2110 3505 2146 ποτε
3547 2094 3684 2161 γοῦν

2093 2195 2319 2265 ὕστερον
2351 2189 2639 2262 δυνηθείης
2672 2190 2763 2241 τὸν
2805 2187 2949 2241 θεῖον
2985 2188 3224 2242 Μωῦσέα
3256 2184 3683 2249 ὲκπομπεύοντα

2091 2286 2189 2358 τὴν
2220 2284 2359 2356 μετὰ
2397 2285 2497 2353 τὴν
2540 2282 2769 2353 ἄφεδρον
2810 2279 2974 2333 πάλιν
3018 2278 3424 2349 αἱμορῤοοῦσαν
3461 2276 3679 2346 ψυχήν⁸

2093 2378 2285 2451 πρώην
2318 2376 2428 2449 γὰρ
2469 2376 2625 2440 δόξας
2656 2374 2792 2446 πρὸς
2825 2373 3011 2440 ὀλίγας
3057 2373 3275 2443 ἡμέρας
3308 2370 3388 2438 τῷ
3439 2368 3682 2441 Χριστοῦ

2092 2469 2410 2543 κηρύγματι
2441 2466 2777 2537 καθαρθῆναι
2812 2464 2915 2534 τῆς
2948 2463 3360 2533 εἰδωλομανίας,
3385 2460 3481 2514 νῦν
3516 2460 3684 2513 πάλιν

2096 2562 2413 2638 μεταϐαλὼν
2443 2561 2628 2623 κακῶς
2659 2558 2905 2629 φοινίττῃ
2932 2560 3049 2621 ταῖς
3094 2556 3377 2627 βδελυραίς
3409 2554 3521 2608 τῶν
3554 2553 3684 2620 ξοά-

2092 2676 2198 2715 νων
2226 2658 2459 2719 θυσίαις.

2345 2833 2477 2901 ()q'.
2521 2862 2590 2871 —
2620 2826 2921 2897 ΡΟΥΦΙΝῼ
2970 2822 3423 2891 ΣΧΟΛΑΣἹῚΚῼ.

2176 2925 2394 2996 Ἐπειδὴ
2446 2925 2541 2977 σὺν
2571 2924 2684 2984 τοῖς
2732 2920 2920 2988 νόμοις
2955 2918 3068 2977 τοῖς
3109 2912 3394 2984 δημοσίοις
3441 2911 3538 2963 καὶ
3583 2922 3683 2976 την

2094 3022 2245 3076 θείαν
2301 3012 2654 3089 μεταχειρίζῃ
2727 3008 2976 3081 Γραφὴν,
3009 3007 3148 3075 ὅπερ
3194 2999 3288 3057 οὖν
3331 3000 3683 3071 πολυμαθίας

372 3098 674 3167 iudcium
717 3110 838 3165 est,
877 3111 932 3156 et
973 3105 1221 3157 omnium
1266 3108 1532 3159 virtutum
1568 3122 1855 3175 possessor
1892 3122 1989 3160 cx-

2110 3110 2333 3181 Βπάρχει
2363 3108 2684 3177 τεκμήριον,
2724 3101 2820 3156 καὶ
2848 3100 3070 3169 κτήτωρ
3122 3095 3383 3157 παντοίας
3413 3092 3683 3159 καθέστηο

409 3192 609 3247 ustis:
662 3196 808 3262 quod
876 3198 1212 3266 postulasti,
1270 3199 1594 3268 pet-discito.
1637 3197 1946 3252 Brachialia
1975 3239 1990 3265 ,

404 3298 529 3353 qua:
562 3281 825 3340 Rebeccae
853 3288 1153 3343 Abrahami
1192 3290 1337 3344 ﬁlius
1363 3292 1564 3345 obtulit
1594 3288 1659 3356 τίν,
1697 3291 1994 3345 continen-

408 3380 518 3440 tiae,
550 3378 930 3444 fortitudinis,
964 3382 1273 3450 prudentia:
1308 3398 1373 3436 ac
1419 3383 1655 3452 justitiae
1671 3381 1991 3454 symbolum

404 3462 579 3523 fuere.

1073 3560 1331 3617 LXXVII.

492 3649 581 3705 Va:
608 3692 622 3715 ,
656 3652 998 3721 deplorantis
1034 3669 1132 3706 vox
1168 3665 1253 3707 est
1278 3695 1294 3718 ,
1346 3658 1633 3710 iunutuera
1672 3656 1882 3718 tristia,
1937 3662 1993 3710 et

412 3745 667 3799 IItGH‘OI‘iS
698 3746 857 3815 plena
890 3746 1214 3814 designans.
1248 3746 1544 3817 PrOptcrea
1585 3749 1773 3818 itaque
1814 3746 1993 3802 Domi-

414 3849 520 3893 nus
573 3853 672 3908 per
728 3836 925 3891 Isaiam
979 3837 1118 3890 dixit
1163 3855 1176 3890 :
1220 3858 1238 3889 ι
1284 3837 1379 3893 Vae
1417 3841 1528 3896 illis
1577 3841 1669 3910 qui
1708 3842 1993 3894 attrahunt

412 3938 636 4002 peccata
686 3943 821 3991 sua,
851 3932 928 3985 uti
973 3934 1101 3988 fune
1130 3929 1287 4001 longe
1315 3928 1401 3994 '°,
1443 3953 1462 3987 ι
1501 3931 1592 4000 qui
1640 3942 1761 4001 post
1802 3933 2017 4002 priora,

411 4024 614 4077 delicta
672 4020 1100 4074 subsecutorum
1149 4019 1435 4076 additione
1482 4026 1750 4079 continuo
1795 4033 1988 4078 cxten-

408 4117 581 4169 ditur.

893 4205 1172 4261 LXXVIII.
1197 4235 1267 4245 -—-
1292 4204 1500 4262 Eidem.

480 4302 693 4367 Quaeris
724 4301 857 4369 quid
912 4305 1192 4362 iuuuuut,
1247 4299 1635 4368 pincernarum
1685 4297 1984 4355 Pharaonis

410 4396 756 4464 princeps“,
798 4395 891 4463 qui
947 4404 1165 4447 castum
1218 4391 1519 4459 Josepliutn
1571 4392 1870 4461 diligebat,
1932 4401 1986 4445 et

2097 3220 2201 3267 κας
2221 3201 2453 3272 ἀρετῆς,
2494 3197 2730 3269 μάνθανε
2778 3191 2874 3248 καὶ
2922 3192 3058 3259 ὅπερ
3091 3187 3402 3259 ἠρώτησας.
3454 3184 3538 3237 Τὰ
3569 3184 3685 3253 γὰρ

2094 3298 2159 3368 δὴ
2192 3295 2386 3365 ψέλλια
2407 3331 2422 3359 ,
2456 3291 2599 3362 ἆπερ
2664 3288 3029 3360 προσενήνοχε
3092 3286 3159 3355 τῇ
3222 3280 3492 3350 Ῥεϐέκκα
3523 3279 3553 3330 ὁ
3581 3276 3680 3330 τοῦ

2108 3387 2362 3459 Ἀϐραὰμ
2408 3384 2559 3448 παῖς,
2605 3378 2962 3451 σωφροσύνης
2999 3377 3095 3431 καὶ
3142 3374 3429 3445 ἀνδρείας,
3476 3370 3683 3441 φρονήο

2096 3483 2233 3545 σεώς
2255 3497 2313 3533 τε
2354 3477 2449 3532 καὶ
2476 3476 2574 3546 τῆς
2610 3473 2958 3540 δικαιοσύνης
2983 3470 3278 3538 ἐτύγχανον
3302 3463 3567 3536 σύμϐολα.

2831 3566 2948 3618 OZ'.

2166 3666 2241 3719 Τὸ
2278 3661 2415 3718 οἱκαὶ
2465 3659 2740 3731 θρηνῶδες
2792 3657 3029 3727 ὑπάρχει
3087 3649 3446 3719 ἐπίφθεγμα,
3501 3642 3681 3715 μυρία

2094 3752 2622 3828 προμαρτυρόμενον
2671 3747 2972 3819 σκυθρωπὰ
3020 3745 3116 3797 καὶ
3153 3736 3491 3811 ἁνιαρά.Διὰ
3515 3735 3684 3828 τούτο

2090 3826 2271 3903 τοίνυν
2312 3847 2340 3898 ὁ
2378 3843 2583 3914 Κύριος
2636 3838 2825 3907 εἴρηκε
2881 3837 2970 3891 διὰ
3023 3833 3116 3887 τοῦ
3194 3832 3447 3886 Ἡσαΐου’
3479 3846 3498 3879 ι
3539 3826 3683 3881 υύαὶ

2090 3943 2141 3995 oi
2172 3936 2544 4007 ἐπισπώμενοι
2572 3934 2668 3996 τὰς
2701 3930 2977 4003 ἁμαρτίας
3007 3926 3189 3981 αὐτῶν
3208 3966 3223 3990 ,
3268 3942 3287 3976 ι
3306 3922 3501 3990 ὥσπερ
3528 3935 3682 3989 σχοιο

2091 4034 2190 4104 νίῳ
2234 4027 2450 4102 μακρῷ,
2483 4029 2547 4080 ἐκ
2588 4023 2682 4078 τοῦ
2724 4021 3074 4095 προστιθέναι
3104 4018 3230 4080 ταῖς
3267 4011 3679 4084 προλαϐούσαις

2091 4124 2386 4197 ἁμαρτίαις
2423 4119 2521 4182 τὰς
2554 4114 3018 4188 μεταγενεστέρας
3054 4108 3414 4181 μηκυνομένῳ
3442 4106 3555 4160 ἀεί.

2607 4211 2732 4262 ΟΗ’.
2760 4238 2830 4248 --
2874 4204 2956 4271 Τῷ
2994 4200 3172 4267 αὐτῷ.

2160 4307 2410 4378 Πυνθάνῃ
2450 4305 2503 4357 τί
2554 4302 2620 4356 ἂν
2674 4298 2988 4369 σημαίνοιεν
3020 4296 3048 4348 ὅ
3073 4311 3131 4347 τε
3175 4289 3545 4365 ἀρχιοινοχόος
3575 4287 3675 4341 τοῦ

2089 4398 2289 4472 Φαραὼ
2309 4396 2404 4451 τοῦ
2434 4392 2786 4463 ἠγαπηκότος
2830 4389 2924 4443 τὸν
2963 4387 3217 4455 σώφρονα
3252 4382 3450 4453 Ἰωσὴφ
3471 4421 3486 4446 ,
3519 4381 3615 4435 καὶ
3645 4381 3677 4432 ὁ

411 4488 670 4556 princeps
725 4484 1021 4555 pistorum?
1050 4484 1167 4553 Ipse
1216 4485 1399 4551 itaque
1436 4483 1693 4538 existimo
1725 4500 1818 4553 per
1866 4485 1984 4553 pln-

2110 4487 2511 4561 ιρχισιτοποιός.
2549 4482 2817 4553 Ἦγοῦμαι
2866 4479 3047 4532 τοίνυν
3100 4476 3188 4529 διὰ
3248 4474 3343 4528 τοῦ
3385 4475 3679 4544 ἀρχιοινο-

407 4595 696 4633 uernarum
729 4579 1034 4648 principem
1060 4578 1501 4630 Christianorum
1522 4578 1778 4645 populum
1802 4576 1988 4630 vinum

408 4673 533 4729 ﬁdei
579 4671 692 4727 Deo
724 4670 1041 4726 offerentem
1077 4669 1351 4732 indicari;
1404 4684 1499 4737 per
1550 4669 1816 4737 pistorum
1860 4682 1989 4721 vero

2110 4673 2165 4743 ;ῷ
2189 4670 2308 4741 Θεῷ
2342 4670 2434 4723 τὸν
2462 4664 2602 4722 οἶνον
2632 4668 2728 4736 τῆς
2756 4665 2988 4725 πίστεως
3012 4678 3027 4691 ο

409 4764 731 4835 principem
754 4764 932 4817 notari
962 4764 1177 4815 turbam
1214 4761 1612 4832 parricidarum
1643 4795 1658 4824 ,
1706 4767 1761 4813 et
1794 4759 1990 4813 inlide-

410 4859 545 4912 lium
600 4854 1000 4916 Hebraeorum,
1049 4853 1141 4906 cui
1189 4866 1411 4921 propter
1464 4852 1739 4921 ingentem
1799 4853 1987 4906 cordis

408 4950 704 5009 duritiam.
736 4955 791 5001 et
819 4944 1196 5014 stupiditatem
1227 4954 1393 5011 caput
1417 4944 1659 4995 ablatum
1682 4951 1785 4995 est.
1813 4943 1989 5011 Caput

407 5041 553 5096 enim
583 5037 846 5092 Ecclesite
880 5037 1137 5091 Christus
1166 5045 1250 5088 est
1274 5034 1342 5096 ⁸³,
1372 5032 1670 5086 inﬁdelium
1716 5046 1845 5085 vero
1880 5048 1988 5085 non

409 5146 515 5187 est.
551 5132 655 5197 Qui
710 5132 897 5199 itaque
947 5129 1149 5183 divinae
1195 5126 1572 5195 prmdicationi
1611 5141 1719 5178 non
1770 5125 1987 5188 credit,

410 5224 561 5276 illius
614 5230 781 5290 caput
826 5219 1164 5289 przeciditur,
1203 5218 1321 5285 ipse
1363 5230 1490 5269 vero
1541 5218 1663 5284 palo
1697 5217 1988 5285 sutligitur.

412 5316 517 5369 Sed
556 5314 739 5369 ﬁdeles
761 5312 1097 5382 cogitatione
1145 5321 1199 5363 ct
1221 5309 1537 5377 cognitione
1558 5308 1806 5362 volatiles
1832 5310 1981 5373 lacti,

410 5408 479 5462 ad
520 5407 902 5461 immaculatos
961 5404 1344 5471 salutareSque
1409 5401 1597 5454 discos
1634 5401 1892 5463 avolant,
1930 5410 1984 5456 et

412 5515 607 5569 panem
640 5500 937 5553 comedunt
966 5537 981 5561 ,
1019 5495 1115 5564 qui
1148 5494 1216 5549 de
1245 5495 1388 5547 cmlo
1422 5493 1726 5557 descendit,
1756 5502 1811 5548 et
1842 5511 1985 5548 seui-

413 5596 676 5664 piteruam
716 5596 881 5645 vitam
918 5592 1079 5645 nobis
1114 5589 1403 5658 elargitur.

485 5791 527 5827 "
561 5796 731 5849 Lerit.
775 5793 974 5850 “.25.
1053 5794 1093 5823 τέ’
1120 5790 1255 5847 Gen.
1286 5807 1431 5853 χχιιι.
1469 5792 1558 5847 2:2.
1636 5795 1681 5826 ⁸ο
1717 5796 1819 5852 lsa.
1855 5814 1887 5852 ν
1944 5800 1989 5855 It

2110 5796 2150 5829 ⁸⁸
2175 5794 2314 5849 Gen.
2348 5809 2436 5860 XL,
2473 5794 2496 5847 1
2534 5804 2685 5864 seqq,

2090 4584 2217 4653 χὸου
2257 4579 2545 4650 δηλοῦσθαι
2595 4576 2701 4628 τῶν
2729 4571 3067 4644 Χριστιανῶν
3109 4569 3256 4632 λαὸν,
3288 4566 3676 4637 προσφέροντα

3068 4661 3155 4713 διὰ
3188 4660 3242 4712 δὲ
3270 4658 3365 4711 τοῦ
3394 4658 3677 4728 ἁρχισιτο-

2092 4762 2249 4816 ποιοῦ
2300 4759 2600 4832 μηνύεσθαι
2634 4758 2725 4809 τὸν
2783 4756 2952 4824 δῆμον
2984 4751 3092 4805 τῶν
3142 4750 3523 4821 Κυριοκτόνων
3579 4751 3678 4802 καὶ

2088 4854 2333 4910 ἀπίστων
2367 4851 2656 4922 Ἑϐραίων,
2697 4843 2902 4909 οὗτινος
2929 4845 3017 4897 διὰ
3061 4846 3161 4915 τὴν
3206 4842 3405 4911 πολλὴν
3438 4841 3675 4911 σκληρο-

2089 4947 2315 5017 καρδίαν
2345 4945 2439 4996 καὶ
2495 4943 2594 5013 τὴν
2622 4939 2877 5008 ἁνοητίαν
2924 4936 3176 5008 ἀφῃρέθη
3217 4938 3249 5004 ἡ
3285 4934 3521 5005 κειραλή.
3556 4934 3671 5003 Τῆς

2092 5039 2191 5109 μὲν
2225 5038 2334 5107 γὰρ
2375 5034 2701 5101 Ἐκκλησίας
2747 5030 2959 5100 κεφαλὴ
2982 5032 3008 5081 ὀ
3042 5029 3276 5099 Χριστὸς
3310 5028 3671 5098 χρηματίζει.

2086 5133 2197 5184 τῶν
2226 5131 2281 5183 δὲ
2324 5129 2398 5199 μὴ
2446 5127 2810 5180 πιστευόντων
2839 5125 2937 5177 ούκ
2979 5122 3114 5175 ἔστι.
3179 5119 3673 5188 Ἀποκεφαλίζεται

2087 5223 2269 5277 τοίνυν
2296 5222 2322 5273 ὁ
2353 5222 2428 5291 μὴ
2464 5219 2758 5279 πιστεύσας
2783 5217 2859 5286 τῷ
2883 5213 3011 5284 θείῳ
3046 5213 3381 5284 κηρύγματι,
3414 5214 3512 5266 καὶ
3547 5215 3671 5267 ἁνα-

2092 5312 2571 5378 σκολοπίζεταιδοί
2606 5310 2661 5362 δὲ
2703 5306 2903 5362 πιστοὶ.
2940 5307 3207 5377 πτερωτοὶ
3235 5308 3299 5375 τῇ
3328 5305 3542 5376 διανοίᾳ
3577 5308 3671 5359 καὶ

2091 5413 2158 5481 τῇ
2201 5407 2400 5477 γνώσει
2434 5406 2761 5474 γενόμενοι,
2794 5400 3123 5470 ἐφίπτανται
3193 5401 3308 5461 τοῖς
3378 5399 3669 5469 ἀκράντοις

2093 5500 2189 5554 καὶ
2224 5497 2511 5567 σωτηρίοις
2551 5495 2779 5559 δίσκοις,
2813 5492 2910 5546 καὶ
2956 5492 3048 5544 τὸν
3098 5494 3261 5562 ἄρτον
3303 5490 3548 5544 ἐσθίουσι
3580 5490 3668 5543 τὸν

2093 5589 2513 5657 καταϐεϐηκότα
2562 5586 2620 5652 ἐξ
2672 5585 2900 5656 οὐρανοῦ
2925 5625 2940 5651 ,
2972 5584 3067 5637 καὶ
3105 5581 3248 5652 ζωὴν
3286 5581 3510 5635 αἰώνιον
3538 5584 3668 5654 ἡμῖν

2094 5679 2476 5752 χαριζόμενον.

2788 5792 2832 5823 ⁸²
2870 5790 3070 5863 Ephcs.
3115 5808 3166 5856 ι’,
3194 5790 3284 5845 25.
