3822 6216
169 332 250 392 n7
1352 349 1891 413 EPISTOLARUM
1931 353 2076 413 LIB.
2118 351 2144 412 Ι
3295 346 3412 413 118-

365 439 481 492 oe.
511 473 577 481 -
610 444 695 514 τι)
735 445 1199 524 Στρειτιιιιιιτῌ
1240 456 1464 530 ΓΑιΝᾼ.
1734 465 1783 521 Α
1807 459 1874 531 31

1886 460 1915 530 5
1957 459 2194 514 LXXIX.
2248 491 2313 502 --—
2364 457 2599 514 GAINJE
2646 456 3006 514 COPIARUM
3062 455 3395 516 DUCTtllll.

218 529 320 622 ρὺκ
351 531 444 600 ἀφ’
468 535 661 588 ἑαυτοῦ
691 540 1032 610 κινούμενος,
1061 544 1178 596 ἀλλ’
1201 529 1512 620 ὑφ’ἐτέρων
1538 552 1708 620 ἀναγ-

1884 529 2004 607 Non
2033 569 2100 607 ex
2123 560 2177 607 te
2205 552 2326 622 ipso
2349 561 2555 609 motus.
2577 551 2671 606 sed
2703 551 2771 605 ab
2795 550 2919 604 aliis
2946 559 3171 605 coactus
3199 550 3393 605 litteris

159 620 429 693 καζόμενος
472 629 834 700 γεγρὰφηκάς
887 652 1009 703 μοι’
1059 637 1184 701 Πῶς
1226 639 1452 696 δύναται
1503 645 1531 696 6
1581 643 1668 696 Υἰέ

1885 644 1930 699 is
1958 658 1989 696 a
2020 660 2108 698 me
2144 620 2434 714 postulasti
2470 662 2483 698 :
2518 645 2795 709 quimnodo
2825 649 3002 712 potest
3042 641 3216 696 Filius
3243 645 3394 709 ejus-

157 715 405 808 τῷηατρὶ
431 721 717 788 ὁμοούσιός
753 742 813 778 τε
873 729 969 780 καὶ
1041 731 1361 803 ὶσοδὺναμος
1420 735 1666 808 ὑπάρχειπ

1889 754 1938 790 ιιι
1970 753 2095 792 cum
2130 737 2291 792 Patre
2319 737 2578 792 essentia:
2610 746 2663 789 et
2705 735 2994 805 potestatis
3025 750 3169 797 esse.
3206 750 3332 788 cum
3366 750 3395 788 ιι

156 807 381 878 δεόμενος
402 813 493 864 τοῦ
526 815 763 886 Πατρὸς.
787 821 933 884 ὅπως
960 822 1215 888 ὑποτάξει
1240 826 1391 896 αὑτῷ
1416 827 1486 880 τὰ
1511 829 1665 882 πάντί

1886 839 1979 882 ιΙΙὈ
2024 837 2192 897 petat,
2227 836 2288 881 ut
2325 828 2429 882 sibi
2467 827 2652 882 omnia
2693 826 2979 895 subjiciat;
3021 825 3395 897 postmodum,

157 901 239 952 καὶ
262 903 390 970 μετά
417 905 595 966 τοῦτο,
649 910 834 974 καθὼς
883 915 911 966 6
935 915 1258 981 Ἀπὸστολος
1303 920 1540 990 γράφει,
1578 922 1666 974 ὑπ‹

1909 920 2206 989 Apostolus
2241 921 2441 976 scribit
2467 920 2532 982 ⁸³,
2569 919 2715 973 Patri
2750 935 2809 974 se
2838 918 3162 987 subiiciens,
3192 917 3286 988 qui
3319 916 3395 972 iiii

155 993 460 1063 τασσόμενος
489 995 569 1066 τῷ
613 1000 788 1070 Πατρὶ¹
828 1002 1159 1072 ὑποτάξαντι
1194 1009 1342 1079 αὑτῷ
1395 1015 1576 1066 πᾶσαν
1613 1012 1664 1066 τί

1889 1027 2037 1068 mem
2078 1023 2390 1068 creaturam
2439 1013 2791 1081 subjecerat?
2823 1011 2967 1078 Quid
3019 1013 3119 1075 ais,
3152 1010 3224 1064 mi
3279 1010 3398 1065 vir?

155 1087 340 1153 κτίσιν;
372 1089 434 1140 Τί
481 1090 685 1159 λέγεις,
725 1089 771 1148 ὦ
819 1098 1108 1169 ἄνθρωπες
1150 1104 1330 1158 Δεῖται
1365 1105 1475 1176 γὰρ
1515 1108 1653 1171 ὅλως

1886 1104 2098 1176 digetne
2120 1105 2402 1170 Christus,
2437 1106 2529 1177 qui
2573 1105 2718 1160 Dens
2751 1113 2855 1165 est,
2894 1104 3008 1158 Deo
3031 1103 3226 1159 subdi?
3257 1102 3395 1155 Num

153 1177 361 1272 Χριστος
392 1181 738 1255 ὑποταγῆναι
769 1187 888 1258 Θεῷ
930 1192 1062 1257 Θεὸς
1095 1192 1206 1261 ὥνς
1238 1195 1331 1266 Μὴ
1366 1199 1474 1269 γὰρ
1508 1198 1662 1271 λῃστὶ

1887 1212 1909 1249 e
1947 1197 2132 1266 praedo
2170 1197 2446 1267 quispiam
2491 1205 2598 1262 est,
2631 1205 2686 1250 et
2720 1195 2927 1251 nimius
2969 1193 3164 1257 animi,
3211 1202 3266 1248 et
3304 1193 3396 1247 Dei

153 1285 235 1360 τις
254 1271 340 1360 καὶ
380 1272 686 1345 ἀγέρωχος,
738 1279 770 1349 ἢ
817 1281 1060 1348 ἀντίθεὸς
1113 1287 1284 1350 ἐστιν,
1321 1288 1469 1351 ὅπως
1500 1289 1566 1343 ἂν
1615 1309 1662 1345 κε

1894 1292 2016 1356 stis,
2056 1289 2292 1360 ideoque
2323 1291 2401 1345 illi
2421 1306 2562 1360 opus
2588 1298 2672 1343 est
2697 1288 2993 1356 aliquando
3023 1287 3228 1343 subdi?
3251 1287 3399 1352 Quo-

153 1358 322 1428 χρῄζοι
365 1362 710 1435 ὑποταγῆναί
741 1385 908 1437 ποτε;
939 1372 1061 1436 Πῶς
1086 1370 1180 1429 οὑν
1229 1378 1470 1449 εἴρηται,
1506 1381 1590 1433 ὃτι
1619 1400 1662 1435 κι

1890 1381 1982 1435 nlo
2025 1358 2214 1450 itaque
2244 1358 2596 1440 dictum-est,
2636 1377 2834 1432 Filium
2879 1381 3058 1447 ipsum
3102 1382 3226 1446 post
3264 1377 3399 1430 sub-

151 1451 294 1515 αὑτὸς
321 1455 347 1506 6
375 1455 504 1518 Υἱὸς
531 1461 672 1527 μετά
699 1461 800 1532 τὴν
842 1463 1123 1538 ὑποταγὴν
1170 1469 1279 1522 τῶν
1324 1471 1536 1543 ἐχθρῶν
1571 1475 1660 1529 ὑπ(

1888 1482 1976 1526 tos
1994 1472 2344 1528 adversarios
2366 1471 2713 1526 subdendum
2730 1472 2843 1526 fore
2861 1471 2960 1533 illi,
2981 1469 3073 1540 qui
3093 1469 3195 1538 ipsi
3214 1469 3397 1522 omnia

149 1551 420 1618 ταγήσεται
443 1553 524 1624 τῷ
561 1556 892 1624 ὑποτάξαντι
942 1563 1089 1632 αὑτῷ
1130 1565 1202 1618 τὰ
1247 1567 1428 1621 πάντα
1453 1587 1468 1636 ;
1497 1569 1658 1624 Ὠσπε

1890 1563 2178 1619 bdiderat?
2221 1564 2294 1619 Ea
2326 1565 2565 1626 ratione,
2603 1580 2710 1629 qua
2757 1562 3074 1618 maledicno
3103 1559 3286 1614 dictus
3315 1569 3399 1613 est

149 1643 339 1735 κατάρα
392 1646 596 1714 ἢκουσε
643 1650 710 1703 δι’
741 1652 842 1723 ἐμὲ
873 1656 902 1707 6
956 1655 1056 1728 τὴν
1093 1659 1234 1729 ἐμὴν
1273 1660 1416 1715 λύων
1465 1665 1658 1735 κατάρι

1891 1667 2044 1726 opter
2087 1673 2192 1718 me,
2236 1658 2329 1727 qui
2377 1673 2552 1711 meam
2592 1657 3034 1711 maledictionem
3065 1669 3179 1710 sua:
3216 1655 3400 1708 incar-

147 1732 222 1786 διὰ
246 1735 338 1803 τῆς
363 1739 634 1810 ὲνσάρκου
664 1744 998 1816 οἰκονομίας,
1040 1751 1135 1804 καὶ
1180 1753 1427 1825 ἁμαρτία
1461 1732 1656 1811 λέλεκτι

1894 1749 2063 1805 tionis
2093 1764 2300 1802 arcano
2327 1747 2616 1812 dissolvit;
2653 1757 2706 1801 et
2745 1757 3029 1816 peccatum
3055 1751 3403 1814 nuncupatus

145 1826 175 1919 ὑ
225 1827 373 1896 μόνος
423 1832 814 1906 ἀναμάρτητος
869 1841 966 1894 καὶ
1011 1843 1317 1915 ἀμώμητος
1364 1849 1534 1919 ἀμνὸς
1612 1869 1654 1903 τι

1899 1886 1915 1907 ,
1959 1843 2051 1912 qui
2092 1842 2248 1895 solus
2296 1842 2417 1896 sine
2471 1850 2698 1907 peccato
2752 1847 2859 1901 est,
2907 1849 2960 1892 et
3010 1839 3403 1892 immaculatus

147 1917 332 2013 Θεοῦ,ὁ
357 1924 534 1993 αἴρων
568 1927 669 1998 τὴν
702 1931 979 2001 ἁμαρτίαν
1017 1935 1112 1987 τοῦ
1145 1937 1375 2007 κόσμου,
1408 1917 1509 1993 καὶ
1537 1941 1656 1995 Ἀδᾶ

1890 1951 1988 1990 nus
2037 1934 2152 1996 Dei,
2200 1933 2294 2002 qui
2338 1932 2483 1986 tollit
2528 1941 2818 2000 peceatum
2868 1929 3081 1991 mundi.
3130 1937 3187 1984 et
3229 1929 3399 1981 Adam

145 2009 343 2076 γέγονεν
367 2017 490 2068 ἀντὶ
518 2017 616 2070 τοῦ
647 2021 878 2076 παλαιοῦ
914 2025 1032 2088 νέος
1053 2043 1068 2056 ·
1113 2027 1259 2081 οὑτω
1288 2030 1350 2099 δὴ
1386 2033 1482 2084 καὶ
1510 2032 1572 2085 τὸ
1599 2034 1654 2085 τᾶ

1894 2036 1992 2082 ιιιιε
2015 2037 2099 2081 est
2127 2042 2227 2095 pro
2258 2034 2480 2079 vetusto
2507 2027 2601 2078 illo
2627 2025 2818 2094 junior
2844 2041 2857 2078 :
2895 2023 3082 2078 eadem
3112 2030 3167 2076 et
3199 2021 3403 2076 eﬂrene

146 2102 420 2172 ἀνθρώπιον
449 2110 849 2174 ἀνυπότακτον.
887 2117 1081 2170 ἑαυτοῦ
1114 2124 1370 2186 ποιεῖται,
1405 2124 1480 2184 ὡς
1499 2125 1655 2193 κεφα]

1890 2117 2098 2169 minum
2123 2115 2430 2183 ingenium,
2449 2115 2594 2184 quod
2622 2115 2782 2169 subdi
2809 2113 3005 2172 nescit.
3025 2113 3128 2168 sibi
3154 2113 3399 2171 asciscit.

144 2193 225 2246 τοῦ
248 2198 460 2262 παντός.
489 2201 636 2266 Ἕως
667 2207 767 2273 μὲν
790 2203 886 2260 οὖν
919 2210 1296 2274 ἀνυπότακτος
1319 2215 1430 2283 ἐγὼ
1465 2219 1559 2271 καὶ
1581 2236 1653 2271 στι

1892 2224 2076 2277 Iquam
2103 2209 2347 2261 oumium
2373 2215 2563 2275 caput.
2600 2207 2783 2261 Donec
2817 2207 3003 2273 itaque.
3036 2207 3156 2276 ipse
3211 2205 3401 2274 subje-

146 2287 320 2354 σιὼδης
343 2294 405 2362 τῇ
451 2311 514 2346 τε
547 2295 774 2367 ἀρνήσει
821 2299 917 2352 τοῦ
968 2303 1103 2356 Θεοῦ
1155 2308 1250 2358 καὶ
1291 2311 1404 2373 τοῖς
1454 2310 1652 2364 πάθεσι

1893 2316 2050 2354 onem
2100 2316 2310 2358 renuo.
2368 2309 2416 2352 et
2450 2299 2776 2360 discordiis,
2826 2297 2919 2351 Dei
2967 2297 3297 2365 ejnratione,
3349 2305 3402 2349 et

145 2379 493 2448 ἁνυπότακτος
544 2388 612 2440 δι’
643 2391 742 2459 ἐμὲ
788 2394 818 2445 6
863 2396 1099 2464 Χριστὸς
1153 2398 1412 2466 λέγεται·
1471 2404 1600 2456 ὅταν
1650 2430 1654 2450 ‹

1894 2391 2100 2445 actibus
2151 2390 2385 2460 gaudeo,
2439 2390 2840 2455 subjectionem
2897 2405 3128 2442 renuere
3181 2397 3403 2458 propter

145 2475 364 2566 ὑποταγῇ
397 2480 554 2550 αὐτῷ
588 2483 657 2534 τὰ
686 2485 887 2550 πάντα,
920 2488 1041 2542 τότε
1069 2491 1164 2543 καὶ
1190 2493 1354 2556 αὑτὸς
1383 2493 1584 2565 πληροῖ
1609 2497 1654 2549 τί

1892 2500 1900 2536 2
1951 2480 2218 2536 Christus
2263 2481 2468 2534 dicitur
2505 2498 2518 2532 :
2557 2487 2850 2549 postquam
2898 2495 3029 2530 vero
3065 2478 3168 2548 ipsi
3216 2476 3401 2532 omnia

143 2564 394 2638 ὑποταγὴν
427 2572 730 2639 προσάγων
758 2574 836 2642 τῷ
865 2577 1040 2646 Πατρὶ
1079 2579 1190 2648 ὲμὲτ
1213 2580 1306 2632 τὸν
1339 2564 1652 2654 σεσωσμὲνο

1891 2573 2060 2641 bjeeta
2105 2571 2329 2632 l‘iierint,
2363 2579 2495 2623 tunc
2544 2578 2598 2622 et
2646 2568 2736 2622 ille
2782 2567 3185 2634 subjectionem
3228 2566 3400 2628 subit,

143 2655 331 2720 Πὼςδὲ
379 2661 674 2731 ὀμοοὺσιος
729 2668 759 2718 ὁ
801 2668 1036 2738 Χριστὸς
1097 2672 1176 2740 τῷ
1234 2674 1413 2742 Πατρὶ
1467 2677 1651 2747 ὑπὰρχ

1892 2687 1917 2728 ξ,
1951 2666 2042 2734 qui
2080 2665 2334 2719 salvatus
2366 2679 2513 2724 sum,
2547 2661 2696 2715 Patri
2727 2660 2986 2714 oll'erens.
3019 2659 3266 2724 Quanam
3300 2674 3401 2712 au-

141 2751 264 2804 κατὰ
278 2752 372 2824 τὴν
395 2755 655 2827 θεότητα,
682 2759 960 2831 ἱσοσθενής
1010 2780 1066 2816 τε
1098 2765 1193 2816 καὶ
1217 2765 1422 2835 ὅμοιος,
1455 2786 1646 2840 περιττ

1896 2777 1919 2811 n
1957 2759 2171 2813 ratione
2195 2757 2454 2812 Christus
2503 2755 2748 2821 rjusdem
2782 2770 2907 2809 eum
2941 2752 3104 2806 Patre
3144 2755 3405 2806 essentne

140 2842 357 2916 ἡγοῦμαι
381 2849 624 2918 γράφειν
653 2850 732 2922 τῷ
761 2853 838 2923 μὴ
866 2856 1316 2930 παραδεχομὲνῳ.

1920 2848 2226 2903 secundum
2254 2847 2625 2905 divinitatem,
2653 2845 3012 2913 ejusdemque
3045 2844 3322 2912 potentiae,
3351 2851 3403 2896 et

1811 2943 2038 3004 similis,
2095 2940 2310 2996 frustra
2353 2939 2408 2994 id
2471 2938 2791 3008 scripserim
2843 2938 3010 2992 verba
3049 2954 3155 2992 nou
3183 2931 3408 2990 'adiuit-

1813 3044 1976 3092 tenti.

617 3111 700 3163 Il'.
731 3142 803 3152 —
834 3114 1207 3188 ΦΛΔΥΙΑΝῼ.
1752 3137 1800 3197 _'

1752 3044 1976 3197 4mm.
2166 3125 2277 3197 33
2315 3122 2531 3178 Lxxx.
2566 3151 2638 3163 νς
2678 3120 3042 3178 r‘LavIANO.

194 3196 335 3251 Διατί
355 3201 485 3264 τοὺς
519 3201 688 3266 πόδας
713 3204 895 3273 μόνον,
924 3207 1021 3261 καὶ
1048 3209 1169 3280 οὑχὶ
1186 3211 1375 3283 ἓτερον
1403 3215 1565 3284 μέλος
1597 3217 1703 3272 τῶν

1899 3217 2254 3286 Quamobrem
2304 3216 2471 3287 pedes
2509 3222 2754 3280 tantum,
2805 3229 2908 3269 nec
2943 3213 3108 3266 aliam
3153 3215 3408 3281 corporis

140 3291 371 3360 μαθητῶν
398 3295 428 3346 6
485 3294 693 3365 Κύριος
751 3299 972 3368 ἕνιψεν;
1019 3302 1141 3355 Ὅτι
1185 3305 1247 3357 οὑ
1281 3307 1454 3377 ῥύπον
1491 3309 1649 3363 ἀπλῶ

1894 3311 2216 3380 ιοίριιιιιιιιιιι
2255 3315 2470 3379 partem
2517 3306 2786 3362 Dominus
2821 3307 2955 3360 lavit
2999 3305 3084 3360 “3
3112 3305 3258 3375 quod
3291 3320 3403 3360 non

138 3383 364 3478 κειὺἀπερ
396 3387 718 3457 νενόμικας,
749 3391 1058 3456 ἀπέκλυζεν
1086 3396 1114 3448 ὁ
1142 3396 1355 3468 Σωτὴρ,
1388 3399 1524 3454 ἀλλά
1553 3403 1647 3455 Bait

1895 3406 2011 3459 rdes
2062 3417 2266 3463 meras,
2315 3408 2378 3454 ut
2430 3409 2487 3453 tu
2536 3400 2845 3461 existimas.
2897 3399 3158 3478 Servatur
3200 3413 3404 3468 expur-

135 3476 238 3527 τινὰ
258 3475 489 3548 δύναμιν
525 3482 645 3543 ταῖς
687 3483 948 3554 πτέρναις
989 3485 1097 3538 τῶν
1131 3488 1448 3544 ἀποστόλων
1485 3493 1644 3548 ἐνέϐα

1892 3499 1995 3554 bat.
2031 3495 2124 3549 sed
2159 3493 2404 3548 divinam
2439 3493 2735 3559 quamdam
2774 3475 3084 3545 ﬁrmitatem
3125 3490 3401 3544 calcaneis

137 3565 228 3660 λεν.
265 3570 485 3640 Ἐπειδὴ
517 3572 628 3644 γὰρ
655 3574 868 3645 εἴρηται
900 3576 980 3647 τῷ
1009 3577 1153 3646 ὄφει,
1174 3581 1256 3634 ὅτι
1291 3601 1312 3634 ι
1341 3583 1414 3636 Σὺ
1443 3587 1646 3657 τηρήσε

1890 3592 2188 3645 nstolorum
2217 3589 2545 3644 coaddebat.
2571 3588 2707 3643 Cum
2737 3587 2886 3641 enim
2918 3585 3158 3656 serpenti
3191 3584 3399 3640 dictum

135 3658 215 3710 τοῦ
254 3661 546 3731 ἀνθρώπου
573 3665 675 3734 τὴν
709 3667 974 3739 πτέρναν,
1012 3690 1030 3722 ι
1083 3674 1333 3727 τουτέστι
1381 3676 1478 3747 τὴν
1522 3679 1644 3732 πᾶσι

1917 3703 1930 3738 :
1975 3681 2096 3735 «Tu
2123 3680 2708 3736 observabishominis
2752 3679 3070 3732 ealcaneum
3111 3678 3182 3740 ⁸³,
3232 3696 3252 3730 ι
3298 3677 3402 3733 hoc

135 3747 215 3801 τοῦ
243 3749 354 3820 βίου
378 3755 688 3826 διαγωγὴν,
723 3757 816 3811 διὰ
838 3759 999 3814 τοῦτο
1016 3763 1066 3814 οἱ
1101 3763 1262 3828 πόδες
1293 3766 1401 3820 τῶν
1440 3770 1644 3842 μαθητὸ

1890 3781 2202 3831 Luniversze
2233 3776 2360 3828 vita:
2398 3772 2673 3828 rationem
2713 3789 2729 3825 :
2767 3779 3059 3840 propterea
3095 3769 3399 3841 discipulo-

137 3842 434 3942 πεπλυνται,
449 3849 513 3900 ὲν
533 3848 614 3919 τῷ
639 3852 894 3924 συμϐόλῳ
917 3853 1206 3925 δηλοῦντες
1227 3861 1354 3922 τοὺς
1377 3864 1646 3932 νοουμένοι

1892 3890 1931 3925 γιι
1964 3871 2129 3942 pedes
2160 3871 2330 3924 abluti
2365 3876 2517 3932 sunt,
2552 3876 2612 3921 ut
2641 3867 3088 3936 designarentur,
3120 3869 3214 3938 qui
3239 3869 3401 3923 intel-

139 3935 316 4000 πόδας·
352 3958 373 3991 ι
403 3941 628 3995 Δέὃωκα
651 3944 832 3998 τοίνυν
861 3945 1109 4010 ἐξουσίαν
1135 3950 1266 4020 ὑμῖν
1293 3956 1484 4006 πατεῖν
1514 3958 1648 4010 ἐπάν

1890 3975 1956 4019 tu
2011 3965 2434 4032 concipiuntur,
2495 3961 2660 4030 pedes
2712 3979 2727 4014 :
2782 3979 2801 4012 ι
2870 3959 3001 4015 Dedi
3057 3977 3188 4030 ergo
3239 3961 3399 4017 vobis

136 4025 308 4096 bam,
345 4033 441 4085 καὶ
496 4037 797 4105 σκορπίων,
839 4039 935 4092 καὶ
976 4042 1072 4094 ἐπὶ
1106 4045 1289 4097 πᾶσαν
1337 4047 1436 4116 τὴν
1469 4047 1645 4119 δύναμ

1886 4067 2133 4111 testatem
2163 4057 2414 4109 calvaudi
2439 4070 2608 4122 super
2638 4061 2944 4122 serpentes.
2969 4060 3023 4108 et
3046 4055 3395 4122 scorpiones,

137 4119 215 4172 τοῦ
270 4125 508 4194 ἀοράτου
555 4126 778 4197 ἐχθροῦ.
813 4148 832 4180 ι
886 4132 995 4185 Καὶ
1038 4133 1268 4199 Ἡσαΐας
1333 4137 1518 4205 λέγει’
1558 4161 1577 4192 ι
1610 4143 1646 4194 ’ί

1893 4163 2109 4201 omnem
2148 4146 2467 4200 facultatem
2506 4145 2800 4200 invisibilis
2836 4145 3138 4200 adversarii
3169 4146 3236 4201 ⁸⁸.
3278 4165 3298 4199 ι
3331 4145 3397 4201 Et

135 4211 304 4308 ὑραῖοι
355 4218 405 4270 οἱ
453 4218 617 4282 πόδες
667 4221 777 4274 τῶν
806 4223 1312 4298 εὐαγγελιζομένων
1354 4232 1576 4304 ειρήνην
1606 4253 1644 4288 κη

1888 4240 1980 4293 [εδδ
2010 4239 2181 4294 dicit:
2221 4258 2239 4290 ι
2279 4239 2451 4305 Quam
2487 4239 2703 4306 pulchri
2737 4248 2867 4292 sunt
2911 4238 3079 4306 pedes
3119 4239 3397 4308 evangelia

137 4305 293 4372 ἀγαθά
319 4310 332 4362 !
372 4330 388 4362 ι
425 4312 492 4365 0i
521 4312 629 4382 γὰρ
659 4313 724 4384 δὴ
748 4315 844 4368 τοῦ
865 4317 1105 4385 Χριστοῦ
1143 4321 1433 4376 ἀπόστολοι
1468 4326 1646 4378 κατέλι

1885 4333 2048 4383 utinm
2112 4345 2325 4399 pacem,
2385 4337 2440 4383 et
2492 4305 2637 4382 bona
2691 4328 2758 4380 ⁸⁷.
2818 4347 2836 4379 ι
2892 4305 3139 4399 Ᾰροειοιί
3192 4305 3394 4384 etenim

137 4415 222 4491 σαν
270 4403 367 4472 μὲν
420 4405 521 4458 τοῦ
555 4405 802 4462 διαϐόλου
850 4409 944 4464 τὸν
996 4411 1266 4483 πόλεμον,
1310 4419 1491 4470 πᾶσαν
1542 4437 1646 4490 περ

1893 4422 2044 4486 risti,
2102 4431 2220 4474 toto
2281 4431 2560 4476 terrarum
2615 4419 2751 4475 orbe
2808 4429 3130 4491 peragrato,
3183 4422 3394 4479 diaboli

135 4489 408 4562 δραμόντες
455 4497 557 4568 τὴν
590 4500 953 4572 οἰκουμένην,
1000 4505 1225 4576 εἰρήνην
1280 4507 1336 4560 δὲ
1372 4512 1484 4573 τοῖς
1529 4513 1643 4565 πᾶσ

137 4583 451 4614 κάρυα---
546 4593 634 4614 --.Α
689 4594 978 4614 -.νκημακικ
1182 4601 1194 4614 ο
1252 4603 1273 4614 .-
1385 4602 1394 4614 ι
1509 4603 1520 4614 .
1587 4605 1598 4614 .

1885 4515 2032 4569 llicos
2086 4530 2286 4568 nervos
2349 4524 2822 4592 compresserunt,
2881 4529 3073 4583 pacem
3130 4516 3394 4571 omnibus

136 4583 451 4654 ἐϐράϐευσαν
479 4630 496 4652 ,
545 4593 640 4644 καὶ
686 4594 1114 4665 εὑηγγελίσαντο
1171 4601 1304 4669 ἡμῖν
1340 4602 1408 4654 τὶ
1465 4603 1645 4668 οὑράνι

1883 4608 2232 4671 ιιιὶιιιιριιιιιι,
2274 4615 2330 4661 et
2384 4607 2551 4663 nobis
2599 4607 2849 4663 caelestia
2900 4607 3044 4661 bona
3093 4610 3392 4661 annuntia-

136 4677 316 4743 ἀγαθά.

1796 4707 1948 4753 runt.

609 4776 736 4828 ΠΝ.
765 4808 835 4819 -
883 4777 966 4844 Τῷ
1015 4781 1197 4847 αὐτῷ.

2275 4788 2515 4844 LXXXI.
2553 4819 2625 4830 —
2659 4789 2869 4844 Eidem.

196 4859 400 4966 :Htlrato
429 4865 542 4917 τῶν
571 4867 750 4921 ποδῶν
787 4872 816 4922 ὁ
846 4870 1071 4942 Κύριος,
1111 4876 1200 4928 ἴνα
1229 4879 1487 4966 ὲνισχὺσῃ
1525 4883 1705 4964 πύδας,

1880 4881 2070 4950 Tetigit
2114 4881 2280 4950 pedes
2329 4881 2616 4939 Dominus.
2671 4889 2732 4934 ut
2787 4880 2953 4948 pedes
2989 4888 3264 4936 terrenos.
3323 4893 3389 4934 ac

136 4953 328 5020 τηῖνους
358 4957 455 5011 καὶ
498 4958 768 5024 ἀσθενεῖς,
826 4964 1119 5033 μέλλοντας
1161 4953 1467 5042 διατρέχειν
1509 4977 1645 5030 πᾶσι

1878 4972 2119 5036 becilles,
2164 4979 2338 5024 totum
2404 4979 2683 5024 terrarum
2741 4971 2932 5023 orbem
2993 4976 3387 5037 peragraturos

134 5043 221 5136 τὴν
242 5046 326 5136 ὑφ’
350 5049 518 5120 ἡλίῳ·
555 5051 894 5122 λαμϐάνεται
928 5056 1022 5109 τοῦ
1067 5058 1268 5128 μέρους
1296 5063 1394 5132 τῆς
1425 5065 1643 5136 πτέρνη.

1877 5065 2182 5119 rrohoraret
2246 5081 2260 5117 :
2322 5071 2539 5132 partem
2592 5061 2838 5116 calcanei
2902 5062 3130 5129 arripit,
3191 5070 3386 5117 contra

137 5134 326 5210 καθ’ἦς
369 5144 403 5212 ἡ
435 5143 713 5212 ἀπόφασις
752 5150 1034 5218 καταρχὰς
1086 5150 1426 5223 ἐξενήνεκτο,
1472 5157 1558 5210 ἵνα
1596 5134 1646 5211 τι

1876 5174 1952 5208 μιιι
2000 5155 2280 5211 sententia
2329 5155 2384 5208 in
2441 5153 2718 5223 principio
2768 5153 2876 5206 lata
2917 5162 3028 5215 est,
3075 5163 3134 5207 ut
3185 5168 3385 5222 magno

138 5233 352 5297 μεγάλου
390 5236 576 5304 ιατροῦ
609 5238 709 5308 τὴν
749 5242 910 5308 χεῖρα
951 5243 1248 5308 ἐπιθέντος.
1283 5249 1484 5317 μηκέτι
1534 5252 1647 5322 ὲνερ

1872 5248 2002 5300 diro
2035 5263 2261 5300 manum
2292 5245 2804 5313 superimponente,
2839 5243 3230 5298 intellectualis
3260 5259 3381 5298 ser-

136 5323 258 5395 γήτῃ
290 5327 316 5378 6
355 5329 431 5392 ἰὸς
457 5329 550 5383 τοῦ
590 5331 782 5402 νοητοῦ
815 5333 1014 5401 ὄφεως.
1054 5335 1528 5408 Ἑνδυναμωθεῖσα
1573 5347 1645 5396 τοι

1873 5343 1966 5394 itis
2005 5353 2274 5393 venenum
2312 5337 2459 5390 vires
2501 5336 2801 5391 amitteret.
2847 5333 3154 5389 Calcaneus
3198 5335 3381 5402 itaque

135 5438 216 5472 νυν
246 5426 275 5493 η
305 5427 508 5495 πτέρνα
549 5425 654 5476 ὑπὸ
682 5425 782 5493 τῆς
815 5425 998 5495 χειρὸς
1023 5426 1119 5480 τοῦ
1160 5428 1444 5499 ἁψαμένου
1476 5434 1644 5486 Δεσπέ

1881 5449 1953 5486 nu
1988 5431 2265 5501 tangentis
2314 5428 2534 5483 Domini
2566 5427 2967 5482 corroboratus
3001 5428 3242 5483 calcavit
3273 5425 3381 5481 Sa-

134 5530 216 5567 του
242 5519 470 5588 ἐπάτησε
495 5517 589 5569 τὸν
616 5517 862 5569 Σατανᾶν
897 5517 990 5569 τὸν
1028 5519 1444 5592 ἐξαπατήσαντα
1491 5524 1643 5594 πρώη

1883 5541 1992 5588 am,
2035 5524 2128 5592 qui
2175 5521 2414 5592 primum
2462 5520 2701 5574 conditis
2742 5519 3066 5576 hominibus
3099 5519 3294 5584 illusit,
3326 5527 3390 5575 et

135 5609 242 5668 τοὺς
269 5609 742 5680 πρωτοπλάοτους,
774 5608 870 5660 καὶ
902 5607 1045 5663 οὑτω
1086 5613 1444 5686 πεπλήρωται
1479 5615 1540 5668 τὸ
1579 5617 1644 5669 ὑπ

1887 5615 2364 5684 completuiu‘est,
2399 5614 2546 5682 quod
2579 5629 2609 5666 a
2649 5623 2771 5666 vate
2805 5612 3020 5668 llebora
3055 5613 3109 5667 in
3138 5610 3393 5682 canticis.

197 5789 427 5848 υιιξοτ.
459 5811 548 5861 xv,
606 5795 695 5850 27.
769 5794 1000 5852 l“Joan.
1033 5810 1152 5862 xm,
1223 5795 1381 5850 4-17.
1460 5796 1504 5828 ⁸⁸
1537 5796 1706 5852 Gen.‘

1460 5796 1504 5828 "
1537 5796 1675 5852 Gen.
1705 5813 1788 5864 ιιι,
1823 5797 1908 5852 l5.
1986 5795 2032 5828 "
2067 5793 2203 5850 Luc.
2245 5808 2294 5862 κ,
2339 5792 2426 5848 l9.
2504 5793 2549 5825 ⁸⁷
2580 5792 2685 5848 lsa.
2726 5808 2821 5860 LII,
2852 5793 2906 5846 7.
