3822 6216
388 338 491 407 119

1852 345 1913 404 S.
1953 344 2115 404 NILI

3533 333 3632 398 120

386 464 716 524 personatur
751 473 764 509 :
801 473 820 505 ι
862 454 1101 510 Pedibus
1145 456 1386 510 calcahit
1422 456 1771 513 adversarios
1807 472 1965 512 meos

2087 459 2160 529 ﬁ;
2205 459 2536 529 προφήτιοος
2570 457 2842 528 Δεϐόρῤας
2879 453 3207 526 βεϐοημένον
3249 465 3307 504 εν
3352 466 3629 521 ᾳσμασιν

388 549 569 601 anima
607 562 725 601 mea
758 548 1118 601 corroborata
1149 549 1215 601 ⁸⁸.
1264 569 1283 601 ι
1319 548 1484 602 David
1516 566 1738 619 quoque
1770 549 1957 603 excla-

388 648 499 694 mat
534 641 857 708 palmarium
879 640 984 710 37
1023 641 1281 695 accinens
1319 658 1331 690 :
1376 660 1394 691 ι
1432 641 1642 695 Cadent
1670 642 1774 696 sub
1806 639 1960 709 pedi-

392 730 495 783 bus
520 730 685 792 'meis,
718 730 812 799 qui
844 730 1137 800 insurgunt
1166 730 1435 785 adversus
1468 747 1574 791 me.
1606 740 1660 785 et
1702 741 1959 799 tanquam

389 820 565 875 lutum
623 822 922 890 platearum
972 828 1254 874 conteram
1307 822 1563 876 inimicos
1618 836 1768 875 meos
1810 819 1876 871 ⁸⁹.
1937 837 1956 870 ι

388 940 459 951 ——
494 929 513 962 ι
557 910 698 967 Ecce
718 912 863 966 enim
919 912 1042 966 dedi
1092 912 1253 967 vobis
1298 920 1646 982 potestatem,
1698 909 1962 964 Dominus

389 1004 550 1066 dixit,
587 1013 645 1057 ut
667 1003 916 1065 calcetis,
955 1014 1009 1057 et
1047 1018 1157 1058 non
1190 1012 1251 1058 ut
1279 1002 1596 1069 catcemini,
1628 1000 1965 1072 neque'illu-

391 1098 592 1153 damini
628 1114 658 1150 a
684 1097 959 1168 perdilore
981 1097 1046 1150 ³⁸.
1086 1115 1105 1147 ι

634 1188 894 1244 LXXXII.
932 1219 1003 1231 —
1041 1187 1259 1244 FIRMO
1302 1185 1716 1244 SCRINIARIO.

465 1276 545 1332 Ne
599 1281 819 1335 coneris
879 1281 1027 1335 illius
1074 1280 1316 1334 hominis
1361 1278 1626 1334 subsidiis
1672 1278 1967 1348 provincia:

393 1372 658 1441 consequi
700 1373 1095 1443 principatum,
1133 1388 1203 1426 ne
1243 1373 1361 1442 ipse
1397 1372 1455 1426 in
1495 1372 1731 1425 aliorum
1786 1369 1967 1425 domi-

393 1462 547 1516 nium
590 1463 905 1532 pervenias,
948 1472 1003 1519 et
1042 1464 1231 1526 cadas,
1279 1473 1334 1518 et
1357 1463 1585 1517 nimium
1621 1463 1874 1527 vilescas,
1914 1469 1969 1517 et

395 1565 592 1623 praeter
618 1569 769 1624 spem
810 1570 1028 1609 omnem
1058 1554 1114 1607 in
1156 1554 1516 1623 perditionem
1550 1554 1732 1608 abeas.

633 1645 919 1701 LXXXI“.
954 1676 1025 1687 —
1062 1644 1370 1701 EUGENIO
1408 1643 1722 1700 DIACONO.

466 1736 706 1791 Nimium
733 1738 790 1792 in
829 1738 1244 1808 Scripturarum
1278 1737 1517 1792 lectione
1548 1735 1865 1801 insolescis,
1907 1747 1970 1787 ac

397 1832 543 1885 elato
577 1831 763 1885 animo
795 1830 1084 1898 magniﬁce
1116 1839 1168 1884 te
1197 1830 1398 1899 jactas,
1432 1836 1597 1898 atque
1636 1800 1880 1883 ostentas
1916 1826 1970 1879 in
2004 1800 2046 1859 Β

398 1922 891 1992 speculationibus,
933 1938 1031 1992 pro
1074 1922 1366 1986 fructibus,
1414 1919 1581 1975 nudis
1635 1919 1781 1973 foliis
1834 1934 1973 1987 gan-

400 2017 575 2076 dens,
639 2013 949 2084 jocansque
1001 2014 1312 2068 contemnis
1372 2029 1503 2077 eos,
1560 2014 1652 2081 qui
1706 2011 1972 2065 similium

398 2106 719 2175 cognitione
771 2107 1171 2161 destituuntur.
1220 2103 1277 2158 Id
1319 2104 1413 2175 qui
1463 2106 1517 2157 in
1571 2118 1736 2158 scena
1785 2109 1975 2171 gestus

400 2207 601 2268 agunt.
666 2213 1046 2268 saepenumero
1100 2198 1315 2252 ellicere
1367 2204 1648 2267 poterunt.
1704 2192 1787 2247 Tu
1845 2208 1976 2247 vero

399 2292 662 2359 operibus
712 2293 896 2360 potius
944 2291 1082 2345 bene
1132 2289 1245 2345 Deo
1300 2289 1471 2358 gratis
1526 2289 1771 2341 animum
1821 2295 1973 2339 tuum

399 2384 762 2437 cohonestare
809 2396 1196 2449 exornareque
1250 2379 1540 2433 contende.
1597 2397 1615 2429 ι
1646 2375 1755 2447 ,ναξ
1800 2375 1970 2437 enim,

400 2475 497 2536 ait,
540 2473 772 2539 Scribis,
812 2481 867 2527 et
909 2472 1227 2537 Phariswis,
1267 2473 1359 2541 qui
1404 2472 1711 2526 doctrinam
1758 2469 1975 2523 divino-

401 2581 523 2619 rum
558 2567 853 2620 verborum
899 2566 1241 2621 mentiuntur
1278 2583 1291 2619 :
1325 2564 1516 2619 dicunt
1553 2563 1697 2618 enim
1727 2562 1891 2626 bona,
1922 2570 1978 2615 et

402 2675 509 2713 non
567 2659 776 2718 faciunt
822 2658 891 2713 ἰ.
945 2678 964 2711 ι
1012 2658 1176 2713 Prius
1232 2657 1417 2727 itaque
1464 2655 1576 2719 Iac,
1627 2654 1973 2725 postmodum

402 2754 559 2808 doce.

531 2844 817 2899 LXXXIV.
852 2875 923 2886 —
956 2841 1330 2898 PHILAGRIO
1366 2838 1848 2894 PRESBYTERO.

468 2939 664 2993 Justus
698 2936 809 2991 Noe
833 2936 1114 2991 Christum
1146 2949 1258 3003 pra:
1295 2947 1354 2988 se
1390 2931 1518 2997 fert,
1570 2932 1663 3001 qui
1700 2934 1754 2984 in
1794 2930 1975 2984 Evan-

404 3031 562 3099 geliis
604 3030 739 3083 dicit
783 3047 796 3082 :
846 3046 865 3077 c
913 3027 1106 3082 Venite
1138 3025 1205 3080 ad
1240 3040 1349 3089 me,
1398 3038 1590 3077 omnes
1641 3024 1733 3090 qui
1788 3022 1978 3075 multis

2067 570 2085 602 ι
2116 552 2507 621 Καταπατήσει
2534 553 2659 612 τοὺς
2683 550 2909 621 ἐχθρούς
2935 566 3036 619 μου
3059 548 3093 616 ἡ
3122 546 3228 615 ἐμὴ
3256 542 3634 608 δυναμωθεῖσα

2061 644 2228 714 ψυχή.
2270 662 2287 693 ι
2336 643 2446 697 Καὶ
2490 645 2519 696 6
2566 640 2727 694 Δαυῒδ
2778 642 3017 709 κέκραγε
3068 637 3285 707 ψάλλων
3331 636 3631 687 ἐπινίκιον·

2068 755 2086 787 ι
2118 735 2417 789 Πεσοῦνται
2452 736 2558 787 ὑπὸ
2600 733 2727 796 τοὺς
2757 733 2925 794 πόδας
2975 747 3076 799 μου
3118 729 3167 781 οἱ
3212 724 3637 793 ἐπανιστάμενοί

2071 847 2182 898 μοι,
2204 829 2298 882 καὶ
2330 828 2520 898 ὥσπερ
2551 826 2720 898 πηλὸν
2749 823 3024 877 πλατειῶν
3046 822 3220 875 λεανῶ
3251 824 3379 884 τοὺς
3410 820 3637 891 ἐχθρούς

2068 939 2192 992 μου.
2228 940 2246 972 ι
2284 951 2355 960 -
2381 939 2399 971 ι
2442 919 2573 972 Ἰδοὺ
2601 918 2711 988 γὰρ
2747 915 2951 970 δέδωκα
2989 914 3117 984 ὑμῖν
3155 912 3424 977 ἐξουσίαν,
3465 913 3493 963 ὁ
3525 907 3639 961 Κύ-

2068 1029 2183 1085 ριος
2214 1013 2424 1084 εἴρηκε,
2456 1012 2669 1073 πατεῖν,
2692 1010 2787 1061 καὶ
2806 1010 2881 1078 μὴ
2906 1004 3357 1069 καταπατεῖσθαι,
3389 1003 3528 1075 μηδὲ
3558 1001 3642 1067 ἐξ·

2066 1102 2377 1157 απατᾶσθαι
2405 1100 2510 1153 ὑπὸ
2541 1098 2636 1152 τοῦ
2659 1097 2954 1167 λυμεῶνυς.
2981 1115 2999 1147 ι

2385 1193 2511 1246 ΠΒ’.
2540 1220 2610 1231 —
2645 1189 2859 1258 ΦΙΡΜῼ
2898 1184 3316 1255 ΣΚΡΙΝΪΑΡῙῼ.

2138 1286 2231 1357 Μὴ
2263 1284 2459 1339 σπεῦδε
2482 1281 2738 1352 γενέσθαι
2770 1280 2953 1350 ἄρχων
2989 1278 3089 1349 τῆς
3123 1275 3389 1346 ἐπαρχίας
3424 1271 3514 1326 διὰ
3543 1271 3643 1340 τῆς

2068 1378 2406 1451 προστασίας
2434 1375 2528 1430 τοῦ
2569 1372 2864 1445 προσώπου
2906 1369 3136 1434 ἐκείνου,
3165 1369 3252 1422 ἵνα
3306 1366 3383 1437 μὴ
3411 1366 3642 1435 ἀρχθῇς,

2069 1473 2164 1527 καὶ
2209 1470 2405 1541 πέσῃς.
2455 1467 2549 1520 καὶ
2594 1464 2733 1532 ἄγαν
2782 1460 3147 1531 ταπεινωθῇς,
3193 1459 3292 1513 καὶ
3339 1454 3645 1526 ἀφανισθῇς

2071 1561 2223 1634 παρὰ
2253 1561 2431 1613 πᾶσαν
2460 1555 2670 1609 ἐλπίδα.

2388 1650 2512 1703 Πῐν.
2557 1679 2627 1688 -
2672 1645 2975 1713 summa
3003 1641 3322 1710 ΑιΑιςοΝῼ.

2142 1745 2392 1818 Φρυάττῃ
2420 1743 2511 1795 ἐπὶ
2543 1741 2609 1810 τῇ
2636 1736 2938 1805 ἀναγνώσει
2970 1734 3080 1787 τῶν
3120 1729 3375 1801 Γραφῶν,
3410 1728 3507 1783 κει)⁶
3549 1744 3648 1797 με-

2074 1837 2365 1910 γαλαυχεϊς
2394 1832 2714 1903 φυσώμενος
2758 1830 2852 1882 ἐπὶ⁵
2891 1830 3010 1891 ταῖς
3048 1824 3325 1895 θεωρίαις,
3359 1823 3481 1877 ἀντὶ¹
3509 1837 3648 1891 καρ-

2074 1932 2193 1985 πῶν
2234 1928 2366 1998 ψιλὰ
2409 1928 2478 1979 τὰ
2516 1925 2689 1995 φύλλα
2729 1922 2976 1991 κατέχειν
3010 1918 3361 1988 τερπόμενος,
3408 1915 3503 1967 καὶ
3549 1930 3651 1983 μυ-

2074 2018 2353 2092 κτηρίζεις
2382 2018 2509 2078 τοὺς
2544 2013 2744 2082 γνῶσιν
2778 2011 2852 2081 μὴ
2886 2010 3128 2080 ἔχοντας.
3164 2005 3335 2057 Τοῦτο
3368 2002 3411 2055 δ’
3447 2000 3513 2055 ἃν
3556 2001 3653 2053 καὶ

2077 2112 2327 2182 σκηνικοὶ
2355 2106 2617 2167 πολλάκις
2645 2104 2866 2173 ποιῆσαι
2896 2101 3236 2170 δυνήσονται.
3291 2095 3432 2148 Ἀλλ’
3468 2094 3653 2163 ἐργοις

2079 2205 2279 2272 μᾶλλον
2300 2202 2611 2272 εὐαρέστοις
2641 2196 2720 2266 τῷ
2758 2193 2879 2262 Θεῷ
2921 2191 3020 2262 τὴν
3050 2187 3247 2243 σαυτοῦ
3281 2188 3459 2257 ψυχὴν
3482 2185 3655 2255 ὡραῖ-

2078 2317 2165 2353 σαι
2196 2299 2291 2351 καὶ
2337 2294 2612 2365 κοσμῆσαι
2637 2289 2893 2359 θέλησον·
2926 2304 2944 2336 ι
2970 2286 3108 2338 Οὐαὶ
3135 2283 3264 2353 γὰρ,
3290 2280 3445 2351 φησὶ,
3465 2296 3657 2350 γραμ-

2078 2391 2305 2462 ματεῦσι
2362 2387 2456 2441 καὶ
2494 2382 2816 2453 Φαρισαίοις
2852 2378 3301 2449 ὑποκρινομένοις
3335 2374 3432 2442 τὴν
3476 2371 3658 2443 μάθη-

2078 2460 2162 2535 σιν
2212 2480 2322 2532 τῶν
2371 2474 2655 2548 μακαρίων
2702 2471 2896 2538 λόγων,
2928 2469 3012 2522 ὅτι
3058 2466 3276 2534 λέγουσι
3321 2463 3391 2516 τὰ
3416 2460 3654 2532 χρηστὰ,

2075 2572 2173 2625 καὶ
2205 2570 2265 2622 οὑ
2321 2565 2567 2620 ποιοῦσιν
2607 2560 2767 2615 αὐτά.
2812 2577 2833 2612 ι
2872 2558 3146 2629 Πρότερον
3194 2553 3375 2607 τοίνυν
3425 2549 3656 2621 πρᾶξον,

2077 2664 2171 2717 καὶ
2207 2659 2343 2730 μετὰ
2365 2656 2521 2711 τοῦτο
2545 2655 2787 2708 δίδασκε.
3202 2666 3205 2669 ·

2326 2838 2412 2891 ῐι..
2434 2877 2447 2890 .
2472 2864 2543 2873 -
2572 2828 2890 2899 amarem
2928 2820 3403 2892 ΠΡΕΣΒΥΤΕΡῼ.

2162 2931 2219 2985 Ὀ
2263 2930 2468 2990 δίκαιος
2504 2924 2627 2978 Νῶε
2666 2921 2756 2975 τὸν
2807 2917 3043 2990 Χριστὸν
3091 2912 3519 2986 χαρακτηρίζει,
3570 2911 3662 2964 τὸν

2077 3025 2305 3092 λέγοντα
2342 3023 2399 3074 ἐν
2429 3020 2543 3080 τοῖς
2573 3011 2960 3081 Εὑαγγελίοιςο
2998 3027 3018 3061 ι
3055 3007 3221 3061 Δεῦτε
3254 3006 3391 3077 πρός
3419 3022 3489 3073 με
3525 3004 3663 3056 πάν-

404 3124 652 3194 lapsibus
678 3120 1008 3192 gravaniini,
1037 3129 1093 3174 et
1130 3135 1232 3189 ego
1265 3120 1616 3188 requiescere
1643 3118 1755 3187 38
1783 3117 1976 3170 faciam

2087 3136 2173 3180 τες
2205 3117 2255 3169 οἱ
2309 3109 2731 3181 πεφορτισμένοι
2782 3106 2896 3166 τοῖς
2933 3102 3151 3164 πολλοῖς
3193 3097 3659 3166 παραπτώμασιν,

406 3236 504 3275 vos
531 3221 576 3251 θ’
621 3237 640 3269 ι
677 3219 729 3271 in
765 3231 892 3269 arca
915 3214 1196 3277 Ecclesiae,
1223 3229 1251 3266 a
1277 3212 1513 3279 pessimo
1535 3211 1983 3279 exsecrandoque

406 3311 671 3367 exercitio
702 3310 988 3364 liberatos.
1031 3306 1281 3375 Namque
1321 3320 1446 3360 cum
1495 3312 1659 3359 natus
1686 3303 1981 3364 essetNoe,

409 3405 465 3456 in
494 3402 665 3470 ﬁgura
720 3410 773 3455 et
802 3398 1065 3454 vaticinio
1103 3396 1315 3451 dictum
1344 3403 1430 3450 est
1459 3411 1473 3449 :
1509 3413 1529 3445 ι
1572 3394 1692 3463 Ipse
1729 3391 1987 3447 consola-

412 3494 558 3548 bitur
587 3508 690 3547 nos
714 3491 781 3545 ab
821 3490 1084 3560 operibus
1119 3487 1351 3549 nostris,
1382 3495 1437 3541 et
1462 3500 1492 3539 a
1527 3494 1684 3540 terra
1740 3485 1828 3539 cui
1869 3499 1986 3536 ma-

412 3584 607 3641 ledixit
646 3583 915 3639 Dominus
949 3581 1096 3637 Deus
1125 3590 1317 3635 noster
1354 3578 1424 3632 ”.
1466 3597 1487 3630 ι

896 3753 1160 3811 LXXXV.
1199 3783 1270 3794 —
1308 3750 1516 3806 Eidem.

486 3852 680 3922 Populi
747 3849 1053 3905 inﬁdelium
1113 3845 1430 3901 Iudaeorum
1498 3855 1789 3910 personam
1855 3840 1997 3909 gerit

415 3944 694 3998 Chanaam
714 3942 782 4004 “,
804 3941 899 4011 qui
919 3939 1260 3995 denudatum
1283 3936 1563 3991 Christum
1591 3933 1787 3995 irrisit,
1812 3930 1997 4001 ﬂagel-

421 4036 662 4106 lavitque
682 4049 781 4104 per
811 4032 1073 4095 Pilatum,
1104 4038 1162 4084 et
1189 4028 1546 4083 contumeliis
1575 4027 1757 4081 aﬂ‘ccit
1780 4025 1848 4089 “,
1880 4031 1991 4079 etc.

418 4127 545 4183 Sem
587 4141 720 4181 vero
763 4134 818 4179 et
862 4123 1057 4194 Japhet
1094 4129 1306 4175 tantum
1341 4135 1450 4174 non
1481 4119 1653 4186 digito
1688 4124 2000 4172 monstrant

418 4214 643 4285 Iosephi
673 4214 926 4279 comites,
961 4212 1056 4282 qui
1080 4223 1285 4278 corpus
1315 4206 1632 4262 Servatoris
1657 4204 1912 4268 involvit,
1944 4212 2000 4257 et

420 4308 671 4377 reposuit
692 4306 749 4359 in
774 4319 917 4360 novo
943 4309 1324 4357 monumento.
1350 4297 1543 4351 Adhuc
1572 4298 1735 4351 etiam
1764 4296 2002 4349 innuunt

421 4398 782 4455 Nicodemum
825 4395 1044 4457 lsraelis
1094 4392 1447 4461 magistrum,
1496 4397 1861 4456 caaterosque.
1905 4386 2001 4455 qui

2086 3205 2244 3273 κάγὼ
2274 3200 2575 3257 ἀναπαύσω
2598 3199 2744 3269 ὑμᾶς
2782 3214 2801 3246 ι
2839 3196 2898 3247 ἐν
2918 3195 2984 3263 τῇ
3030 3187 3250 3259 κιϐωτῷ
3278 3190 3378 3257 τῆς
3433 3187 3660 3255 Ἐκκληο

2087 3299 2228 3358 σίας,
2257 3289 2700 3360 λελυτρωμὲνους
2741 3284 3007 3356 ἐργασίας
3032 3280 3376 3351 φαυλοτάτης
3428 3277 3525 3330 καὶ
3555 3279 3666 3330 ἐπι-

2088 3386 2423 3456 καταράτου.
2447 3380 2744 3452 Τεχθέντος
2772 3377 2883 3447 γάρ
2920 3391 3052 3428 ποτε
3080 3372 3175 3426 τοῦ
3218 3371 3490 3442 μακαρίου
3518 3368 3665 3433 Νῶε,

2086 3477 2329 3540 τυπικῶς
2381 3474 2474 3529 καὶ
2501 3469 2852 3543 προφητικῶς
2885 3466 3120 3539 εἴρηται,
3144 3466 3227 3518 ὅτι
3255 3483 3274 3515 ι
3298 3457 3465 3522 Οὗτος
3481 3461 3667 3513 διανα-

2070 3558 2291 3622 νπαύσει
2318 3566 2467 3636 ἡμᾶς
2513 3561 2623 3616 ἀπὸ
2665 3560 2773 3614 τῶν
2821 3558 2998 3629 ἔργων
3051 3554 3231 3626 ἡμῶν,
3266 3554 3363 3606 καὶ
3411 3552 3522 3604 ἀπὸ
3568 3550 3667 3618 τῆς

2104 3660 2216 3729 ίῆς.
2246 3652 2315 3729 ἦς
2344 3654 2695 3725 κατηράσατο
2723 3649 2929 3721 Κύριος
2954 3649 2984 3701 6
3011 3646 3146 3709 Θεὸς
3176 3644 3359 3716 ἡμῶν.
3384 3662 3403 3693 ι

2588 3744 2717 3797 IIE'.
2756 3771 2828 3781 —
2868 3739 2953 3804 Τῷ
2989 3735 3171 3802 αὐτῷ.

2165 3840 2272 3894 Τοῦ
2301 3836 2432 3892 λαοῦ
2462 3835 2572 3888 τῶν
2606 3833 2853 3887 ἀπίστων
2889 3826 3159 3882 Ἰουδαίων
3192 3825 3485 3895 πρόσωπον
3514 3822 3673 3891 φέρει

2094 3935 2122 3987 6
2151 3930 2408 3998 Χαναὰμ,
2435 3929 2585 3988 ὅστις
2624 3923 2719 3977 καὶ
2741 3918 3120 3989 γυμνωθέντος
3136 3916 3233 3969 τοῦ
3262 3912 3499 3986 Χριστοῦ
3536 3929 3673 3965 κατ-

2096 4024 2375 4092 εγέλασεν,
2413 4013 2794 4087 ἐφραγέλλωσὲ
2826 4029 2887 4065 τε
2918 4010 3005 4063 διὰ
3034 4008 3129 4062 τοῦ
3172 4006 3404 4061 Πιλάτου
3438 4004 3535 4063 καὶ
3555 4003 3673 4072 ἠτι-

2102 4132 2273 4187 μωσε,
2300 4113 2396 4165 καὶ
2422 4112 2492 4163 τὰ
2534 4107 2679 4175 ἑξῆς.
2711 4104 2832 4175 Σήμ
2862 4103 2919 4156 δὲ
2976 4100 3072 4154 καὶ
3113 4099 3289 4167 Ἰαφέτ
3328 4095 3673 4149 δακτυλοδειο

2101 4207 2290 4261 κτοῦσι
2319 4207 2445 4266 τοὺς
2476 4200 2607 4272 περὶ
2653 4199 2746 4251 τὸν
2787 4196 2984 4262 Ἰωσὴφ
3018 4191 3371 4255 ἐντυλίξαντα
3410 4188 3473 4241 τὸ
3516 4188 3677 4256 σῶμα

2098 4299 2195 4353 τοῦ
2229 4297 2503 4366 Σωτῆρος,
2535 4291 2631 4346 καὶ
2663 4287 3064 4355 ἐναποθέμενον
3092 4283 3171 4354 τῷ
3202 4280 3383 4352 νεαρῷ
3410 4281 3677 4350 μνήματι.

2107 4393 2230 4444 Ἔτι
2264 4406 2328 4441 τε
2368 4386 2696 4441 αἰνίττονται
2725 4384 2821 4435 καὶ
2870 4378 3181 4448 Νικόδημον
3208 4375 3302 4429 τὸν
3330 4372 3425 4427 τοῦ
3465 4372 3679 4443 Ἰσραὴλ

421 4489 835 4546 sanctissimum
859 4501 1065 4556 corpus
1086 4480 1392 4547 custodire,
1413 4487 1468 4534 et
1488 4482 1542 4534 in
1567 4480 1775 4535 honore
1797 4479 1983 4533 habert

2101 4478 2440 4540 διδάσκαλον,
2472 4475 2565 4529 καὶ
2595 4474 2721 4535 τοὺς
2748 4470 2959 4535 ἄλλους,
2988 4469 3103 4521 ὅσοι
3124 4466 3408 4536 περιέπειν
3443 4464 3507 4516 τὸ
3538 4481 3679 4517 παν-

422 4582 774 4637 conahantur
804 4579 872 4632 ".

624 4669 913 4725 LXXXVI.
953 4699 1025 4711 —
1061 4668 1312 4724 ACACIO
1348 4661 1805 4721 MEMORIALIO.

498 4766 801 4821 Sacrorum
838 4771 1016 4833 mysta
1047 4761 1265 4831 Moyses
1303 4760 1586 4830 obliquum
1634 4756 1851 4810 duobus
1894 4768 1995 4805 ma-

427 4857 596 4912 nibus
628 4857 914 4911 sustinens
954 4854 1211 4909 baculum
1255 4852 1561 4906 imitatione
1596 4848 1879 4902 Christum
1911 4860 2007 4900 ex-

428 4954 700 5019 primens,
752 4947 847 5016 qui
904 4960 1072 5016 supra
1131 4959 1356 4998 crucem
1412 4958 1612 4996 manus
1663 4937 2006 4997 extenderat,

428 5040 748 5094 Amalecum
773 5040 827 5092 in
854 5037 1039 5107 fugam
1071 5037 1235 5091 vertit
1256 5037 1324 5089 ’⁷.
1346 5034 1641 5103 Propterea
1666 5046 1770 5085 nos
1792 5043 2012 5099 quoque

429 5133 485 5187 in
514 5133 765 5187 oratione
812 5147 1008 5186 manus
1036 5129 1401 5185 extendentes
1449 5128 1717 5183 Satanam
1766 5122 2010 5178 debella-

432 5242 580 5280 mus.
628 5224 687 5278 Si
730 5233 968 5287 rectum,
1015 5239 1126 5278 non
1161 5221 1447 5290 obliquum
1490 5217 1746 5273 baculum
1786 5223 2009 5269 sanctus

434 5317 648 5387 Moyses
677 5314 1013 5381 sustinebat,
1044 5329 1151 5382 qua
1198 5313 1413 5366 ratione
1449 5324 1649 5364 manus
1681 5321 1823 5359 opus
1848 5317 2007 5369 urge-

434 5410 547 5471 bat,
569 5405 959 5475 indigebatque
988 5404 1311 5474 adjumento
1341 5400 1600 5463 Aaronis,
1631 5406 1683 5453 et
1711 5395 1873 5458 Huri,
1912 5392 2006 5462 qui

435 5508 566 5560 hinc
591 5512 757 5574 atque
780 5502 933 5557 illinc
964 5516 1161 5555 manus
1192 5500 1342 5554 illius
1373 5497 1633 5551 fulcirent
1661 5492 1746 5545 θεῖ’

507 5696 553 5725 ’⁸³
580 5692 758 5748 .Iudic.
790 5708 844 5752 ν,
868 5691 958 5745 2i.
1036 5690 1082 5722 ⁸⁹
1129 5688 1268 5745 Psal.
1307 5704 1444 5752 xvn,
1476 5684 1564 5742 36.
1596 5683 1683 5737 ‘55.

1760 5682 1805 5713 9°
1840 5678 1969 5732 Luc.
2006 5693 2061 5731 π.
2126 5673 2211 5725 l9.
2288 5671 2331 5703 ⁹¹
2366 5667 2496 5721 Luc.
2521 5681 2598 5721 τι.
2630 5664 2700 5717 46
2733 5681 2747 5723 ;
2812 5660 3005 5714 Matth.
3049 5676 3204 5732 mut,

2104 4572 2258 4640 άγιον
2291 4567 2451 4635 σῶμα
2496 4563 2590 4617 καὶ
2627 4564 2685 4614 ἐν
2714 4562 2847 4630 τιμῇ
2884 4558 3157 4611 ποιεῖσθαι
3180 4553 3540 4617 ἐσπούδαζον.

2387 4660 2529 4723 ῐιςο.
2549 4686 2619 4695 --
2641 4652 2905 4721 ΑΚΑΚΙῼ
2942 4649 3398 4719 ΜΕΜΟΡΙΑΛΙῼ.

2177 4750 2379 4820 Μωσῆς
2400 4752 2429 4801 ὁ
2471 4745 2793 4814 ἱεροφάντης
2822 4741 3057 4809 πλαγίαν
3092 4741 3187 4793 ἐπὶ
3215 4740 3326 4794 τῶν
3363 4738 3458 4792 δύο
3482 4738 3682 4810 χειρῶν

2105 4845 2324 4915 κρατῶν
2357 4842 2455 4911 τὴν
2475 4839 2689 4912 ῥάϐδον,
2735 4836 2879 4889 κατὰ
2914 4835 3147 4905 μίμησιν
3181 4832 3276 4886 τοῦ
3323 4833 3419 4885 ἐπὶ
3449 4835 3684 4903 σταυροῦ

2108 4938 2208 4999 τὰς
2257 4937 2446 5004 χεῖρας
2504 4929 2927 4989 διαπετάσαντος
2976 4924 3244 4996 Χριστοῦ,
3286 4923 3380 4977 τὸν
3437 4923 3683 4994 Ἀμαλὴγ

2109 5022 2482 5094 ἐτροπώσατο.
2514 5019 2604 5071 Διὸ
2628 5018 2721 5070 καὶ
2748 5017 2908 5086 ἡμεῖς
2938 5014 3039 5077 τὰς
3075 5016 3264 5084 χεῖρας
3288 5014 3368 5073 είς
3393 5013 3564 5083 εὐχὴν
3598 5015 3684 5066 ὲκ-

2106 5118 2371 5178 τείνοντες
2412 5112 2653 5181 νικῶμεν
2706 5109 2799 5162 τὸν
2850 5108 3116 5160 Σατανᾶν.
3165 5107 3229 5159 Εἰ
3270 5104 3437 5175 ὀρθὴν
3478 5108 3577 5158 καὶ
3614 5106 3685 5174 μὴ

2108 5208 2344 5276 πλαγίαν
2383 5205 2481 5273 τὴν
2518 5202 2710 5274 ῥάϐδον
2742 5200 3005 5266 Δκατεῖχεν
3046 5197 3075 5248 6
3105 5196 3260 5265 ἅγιος
3288 5196 3553 5264 Μωῦσῆς,
3575 5195 3684 5256 πῶς

2106 5299 2356 5367 ἐϐαρεῖτο
2408 5293 2507 5354 τὰς
2538 5293 2759 5361 χεῖρας,
2802 5286 2892 5339 καὶ
2936 5285 3124 5359 χρείαν
3170 5284 3282 5352 εἶχε
3326 5281 3421 5334 τοῦ
3476 5284 3684 5353 ’Λαρὼν

2116 5390 2209 5445 καὶ
2266 5385 2363 5440 τοῦ
2424 5385 2528 5453 *Ωρ
2588 5376 3062 5448 ὑποστηριζόντων
3139 5374 3288 5427 ἔνθεν
3338 5375 3437 5436 τὰς
3501 5379 3684 5446 χεῖρας

2117 5478 2279 5537 αὑτοῦ
2310 5496 2325 5538 ;

3270 5682 3319 5707 .›.
3398 5658 3442 5687 ⁸³
3479 5655 3665 5711 Matth.

580 5727 758 5748 ..ιω-ι.
797 5727 815 5743 ν
874 5727 958 5745 ε...
1130 5727 1147 5742 ι
1314 5727 1418 5741 η...
1476 5727 1564 5742 vv.
1608 5727 1683 5737 -v.

440 5781 516 5827 ιι,
556 5766 643 5819 28.
722 5764 768 5795 ”
792 5732 926 5818 Gien.
966 5759 1131 5828 v,29.
1170 5727 1250 5791 δ’*
1278 5729 1529 5820 ϐεηλι,
1555 5754 1646 5807 22.
1737 5753 1781 5783 9⁵
1813 5749 1971 5803 Joau.

2087 5762 2122 5809 γ,
2157 5744 2205 5797 1.
2282 5740 2329 5773 ’⁸
2360 5738 2490 5794 ibid.
2526 5738 2611 5791 2'38.
2688 5735 2731 5763 ¹¹⁷
2768 5732 2939 5785 Exod.
2979 5747 3105 5792 xm,
3135 5730 3186 5784 9.
3264 5729 3308 5759 ⁸⁸
3336 5727 3469 5782 ibid.
3503 5727 3588 5780 12.
