  <div class='ocr_page' id='page_1' title='image "/cluster/home/n/w/nwhite01/storage/ocr_20150623/79/nnc1.0038021404/078.png"; bbox 0 0 3822 6216; ppageno 0'>
   <div class='ocr_carea' id='block_1_1' title="bbox 172 276 265 341">
    <p class='ocr_par' dir='ltr' id='par_1_1' title="bbox 172 276 265 341">
     <span class='ocr_line' id='line_1_1' title="bbox 172 276 265 341; baseline 0 0"><span class='ocrx_word' id='word_1_1' title='bbox 172 276 265 341; x_wconf 76' lang='grc'><strong>121</strong></span> 
     </span>
    </p>
   </div>
   <div class='ocr_carea' id='block_1_2' title="bbox 698 392 1241 459">
    <p class='ocr_par' dir='ltr' id='par_1_2' title="bbox 698 392 1241 459">
     <span class='ocr_line' id='line_1_2' title="bbox 698 392 1241 459; baseline -0.002 -12"><span class='ocrx_word' id='word_1_2' title='bbox 698 394 824 447; x_wconf 81' lang='grc' dir='ltr'><strong>ΗΖ¹.</strong></span> <span class='ocrx_word' id='word_1_3' title='bbox 848 424 919 432; x_wconf 90' lang='grc'><strong>-</strong></span> <span class='ocrx_word' id='word_1_4' title='bbox 952 392 1037 458; x_wconf 84' lang='grc' dir='ltr'>Τῷ</span> <span class='ocrx_word' id='word_1_5' title='bbox 1060 393 1241 459; x_wconf 80' lang='grc' dir='ltr'>αὐτῷ.</span> 
     </span>
    </p>
   </div>
   <div class='ocr_carea' id='block_1_3' title="bbox 252 484 1763 556">
    <p class='ocr_par' dir='ltr' id='par_1_3' title="bbox 252 484 1763 556">
     <span class='ocr_line' id='line_1_3' title="bbox 252 484 1763 556; baseline -0.003 -17"><span class='ocrx_word' id='word_1_6' title='bbox 252 484 571 554; x_wconf 78' lang='grc' dir='ltr'>Ἐπωφελὲς</span> <span class='ocrx_word' id='word_1_7' title='bbox 617 485 684 538; x_wconf 78' lang='grc' dir='ltr'><strong>ἂν</strong></span> <span class='ocrx_word' id='word_1_8' title='bbox 717 485 802 556; x_wconf 73' lang='grc' dir='ltr'>εἴη</span> <span class='ocrx_word' id='word_1_9' title='bbox 848 486 927 550; x_wconf 88' lang='grc' dir='ltr'>ὼς</span> <span class='ocrx_word' id='word_1_10' title='bbox 964 486 1057 538; x_wconf 75' lang='grc' dir='ltr'>ἐπὶ</span> <span class='ocrx_word' id='word_1_11' title='bbox 1091 486 1153 538; x_wconf 79' lang='grc' dir='ltr'>τὸ</span> <span class='ocrx_word' id='word_1_12' title='bbox 1201 485 1454 538; x_wconf 86' lang='grc' dir='ltr'>πλεῖστον</span> <span class='ocrx_word' id='word_1_13' title='bbox 1488 484 1551 538; x_wconf 76' lang='grc' dir='ltr'>τὸ</span> <span class='ocrx_word' id='word_1_14' title='bbox 1600 502 1763 538; x_wconf 88' lang='grc' dir='ltr'>σταυ-</span> 
     </span>
    </p>
   </div>
   <div class='ocr_carea' id='block_1_4' title="bbox 169 575 1761 648">
    <p class='ocr_par' dir='ltr' id='par_1_4' title="bbox 169 575 1761 648">
     <span class='ocr_line' id='line_1_4' title="bbox 169 575 1761 648; baseline 0 -20"><span class='ocrx_word' id='word_1_15' title='bbox 169 576 397 648; x_wconf 78' lang='grc' dir='ltr'>ροειδῶς</span> <span class='ocrx_word' id='word_1_16' title='bbox 422 576 721 646; x_wconf 77' lang='grc' dir='ltr'>εὖχεσθαι’</span> <span class='ocrx_word' id='word_1_17' title='bbox 756 576 901 630; x_wconf 83' lang='grc' dir='ltr'>οὓτω</span> <span class='ocrx_word' id='word_1_18' title='bbox 937 577 1045 648; x_wconf 79' lang='grc' dir='ltr'><strong>γὰρ</strong></span> <span class='ocrx_word' id='word_1_19' title='bbox 1075 576 1449 647; x_wconf 81' lang='grc' dir='ltr'>εὐλογούμεθα</span> <span class='ocrx_word' id='word_1_20' title='bbox 1484 577 1634 646; x_wconf 83' lang='grc' dir='ltr'>παρὰ</span> <span class='ocrx_word' id='word_1_21' title='bbox 1668 575 1761 628; x_wconf 78' lang='grc' dir='ltr'>τοῦ</span> 
     </span>
    </p>
   </div>
   <div class='ocr_carea' id='block_1_5' title="bbox 169 666 1763 739">
    <p class='ocr_par' dir='ltr' id='par_1_5' title="bbox 169 666 1763 739">
     <span class='ocr_line' id='line_1_5' title="bbox 169 666 1763 739; baseline -0.001 -19"><span class='ocrx_word' id='word_1_22' title='bbox 169 666 335 733; x_wconf 76' lang='grc' dir='ltr'>θεοῦ,</span> <span class='ocrx_word' id='word_1_23' title='bbox 368 671 467 721; x_wconf 82' lang='grc' dir='ltr'>καὶ</span> <span class='ocrx_word' id='word_1_24' title='bbox 497 668 691 732; x_wconf 79' lang='grc' dir='ltr'>ἄλλους</span> <span class='ocrx_word' id='word_1_25' title='bbox 727 668 893 721; x_wconf 78' lang='grc' dir='ltr'>πάλιν</span> <span class='ocrx_word' id='word_1_26' title='bbox 932 671 1092 739; x_wconf 79' lang='grc' dir='ltr'>ἡμεῖς</span> <span class='ocrx_word' id='word_1_27' title='bbox 1125 667 1478 738; x_wconf 79' lang='grc' dir='ltr'>εὐλογοῦμεν.</span> <span class='ocrx_word' id='word_1_28' title='bbox 1508 667 1618 720; x_wconf 76' lang='grc' dir='ltr'>Καὶ</span> <span class='ocrx_word' id='word_1_29' title='bbox 1654 666 1763 737; x_wconf 82' lang='grc' dir='ltr'>γὰρ</span> 
     </span>
    </p>
   </div>
   <div class='ocr_carea' id='block_1_6' title="bbox 169 758 1765 831">
    <p class='ocr_par' dir='ltr' id='par_1_6' title="bbox 169 758 1765 831">
     <span class='ocr_line' id='line_1_6' title="bbox 169 758 1765 831; baseline 0 -20"><span class='ocrx_word' id='word_1_30' title='bbox 169 762 197 812; x_wconf 78' lang='grc' dir='ltr'><strong>ό</strong></span> <span class='ocrx_word' id='word_1_31' title='bbox 221 760 512 823; x_wconf 80' lang='grc' dir='ltr'><strong>θεσπέσιος</strong></span> <span class='ocrx_word' id='word_1_32' title='bbox 538 762 746 830; x_wconf 82' lang='grc' dir='ltr'><strong>Μωσῆς</strong></span> <span class='ocrx_word' id='word_1_33' title='bbox 788 760 887 830; x_wconf 82' lang='grc' dir='ltr'><strong>τὴν</strong></span> <span class='ocrx_word' id='word_1_34' title='bbox 917 760 1123 831; x_wconf 81' lang='grc' dir='ltr'>σκηνὴν</span> <span class='ocrx_word' id='word_1_35' title='bbox 1157 758 1512 828; x_wconf 81' lang='grc' dir='ltr'>ὲγκαινίζων,</span> <span class='ocrx_word' id='word_1_36' title='bbox 1551 760 1645 813; x_wconf 76' lang='grc' dir='ltr'><strong>καὶ</strong></span> <span class='ocrx_word' id='word_1_37' title='bbox 1678 762 1765 811; x_wconf 84' lang='grc' dir='ltr'><strong>ὲν-</strong></span> 
     </span>
    </p>
   </div>
   <div class='ocr_carea' id='block_1_7' title="bbox 170 848 1765 921">
    <p class='ocr_par' dir='ltr' id='par_1_7' title="bbox 170 848 1765 921">
     <span class='ocr_line' id='line_1_7' title="bbox 170 848 1765 921; baseline 0 -21"><span class='ocrx_word' id='word_1_38' title='bbox 170 849 439 915; x_wconf 75' lang='grc' dir='ltr'>Βρονιζων</span> <span class='ocrx_word' id='word_1_39' title='bbox 486 851 641 920; x_wconf 80' lang='grc' dir='ltr'>ἰερέα</span> <span class='ocrx_word' id='word_1_40' title='bbox 692 850 785 903; x_wconf 80' lang='grc' dir='ltr'><strong>τὸν</strong></span> <span class='ocrx_word' id='word_1_41' title='bbox 836 852 1033 904; x_wconf 82' lang='grc' dir='ltr'>οἰκεῖον</span> <span class='ocrx_word' id='word_1_42' title='bbox 1083 848 1352 920; x_wconf 83' lang='grc' dir='ltr'>ἀδελφὺν,</span> <span class='ocrx_word' id='word_1_43' title='bbox 1401 848 1765 921; x_wconf 86' lang='grc' dir='ltr'>σταυροειδῶς</span> 
     </span>
    </p>
   </div>
   <div class='ocr_carea' id='block_1_8' title="bbox 171 941 1765 1014">
    <p class='ocr_par' dir='ltr' id='par_1_8' title="bbox 171 941 1765 1014">
     <span class='ocr_line' id='line_1_8' title="bbox 171 941 1765 1014; baseline 0.001 -22"><span class='ocrx_word' id='word_1_44' title='bbox 171 944 274 1004; x_wconf 74' lang='grc' dir='ltr'><strong>τας</strong></span> <span class='ocrx_word' id='word_1_45' title='bbox 332 944 522 1012; x_wconf 83' lang='grc' dir='ltr'>χεῖρας</span> <span class='ocrx_word' id='word_1_46' title='bbox 576 945 660 1006; x_wconf 89' lang='grc' dir='ltr'><strong>εἰς</strong></span> <span class='ocrx_word' id='word_1_47' title='bbox 708 942 938 1014; x_wconf 81' lang='grc' dir='ltr'>οὐρανὸν</span> <span class='ocrx_word' id='word_1_48' title='bbox 988 944 1269 1007; x_wconf 76' lang='grc' dir='ltr'>ἐκτείνας,</span> <span class='ocrx_word' id='word_1_49' title='bbox 1321 944 1627 1013; x_wconf 80' lang='grc' dir='ltr'>ηὑλόγησεν</span> <span class='ocrx_word' id='word_1_50' title='bbox 1671 941 1765 993; x_wconf 81' lang='grc' dir='ltr'><strong>τὸν</strong></span> 
     </span>
    </p>
   </div>
   <div class='ocr_carea' id='block_1_9' title="bbox 173 1033 1764 1107">
    <p class='ocr_par' dir='ltr' id='par_1_9' title="bbox 173 1033 1764 1107">
     <span class='ocr_line' id='line_1_9' title="bbox 173 1033 1764 1107; baseline -0.001 -21"><span class='ocrx_word' id='word_1_51' title='bbox 173 1034 328 1086; x_wconf 83' lang='grc' dir='ltr'>λαόν.</span> <span class='ocrx_word' id='word_1_52' title='bbox 356 1034 504 1104; x_wconf 81' lang='grc' dir='ltr'>Πλὴν</span> <span class='ocrx_word' id='word_1_53' title='bbox 540 1035 724 1104; x_wconf 82' lang='grc' dir='ltr'>μέντοι</span> <span class='ocrx_word' id='word_1_54' title='bbox 752 1037 847 1089; x_wconf 81' lang='grc' dir='ltr'><strong>καὶ</strong></span> <span class='ocrx_word' id='word_1_55' title='bbox 870 1034 1044 1089; x_wconf 81' lang='grc' dir='ltr'>ταῦτα</span> <span class='ocrx_word' id='word_1_56' title='bbox 1072 1036 1377 1107; x_wconf 76' lang='grc' dir='ltr'><strong>εἰρηκότες,</strong></span> <span class='ocrx_word' id='word_1_57' title='bbox 1412 1036 1514 1107; x_wconf 81' lang='grc' dir='ltr'><strong>τὴν</strong></span> <span class='ocrx_word' id='word_1_58' title='bbox 1564 1033 1764 1105; x_wconf 77' lang='grc' dir='ltr'>εὐσεϐῆ</span> 
     </span>
    </p>
   </div>
   <div class='ocr_carea' id='block_1_10' title="bbox 169 1126 1763 1197">
    <p class='ocr_par' dir='ltr' id='par_1_10' title="bbox 169 1126 1763 1197">
     <span class='ocr_line' id='line_1_10' title="bbox 169 1126 1763 1197; baseline 0.001 -20"><span class='ocrx_word' id='word_1_59' title='bbox 169 1126 269 1177; x_wconf 82' lang='grc' dir='ltr'><strong>καὶ</strong></span> <span class='ocrx_word' id='word_1_60' title='bbox 317 1126 574 1196; x_wconf 72' lang='grc' dir='ltr'>εὐπρεπῆ</span> <span class='ocrx_word' id='word_1_61' title='bbox 642 1127 993 1196; x_wconf 86' lang='grc' dir='ltr'>γονυκλισίαν</span> <span class='ocrx_word' id='word_1_62' title='bbox 1051 1126 1306 1197; x_wconf 81' lang='grc' dir='ltr'><strong>οὐδαμῶς</strong></span> <span class='ocrx_word' id='word_1_63' title='bbox 1371 1126 1763 1196; x_wconf 84' lang='grc' dir='ltr'>ἀναιρήσομεν.</span> 
     </span>
    </p>
   </div>
   <div class='ocr_carea' id='block_1_11' title="bbox 169 1216 1764 1291">
    <p class='ocr_par' dir='ltr' id='par_1_11' title="bbox 169 1216 1764 1291">
     <span class='ocr_line' id='line_1_11' title="bbox 169 1216 1764 1291; baseline -0.001 -21"><span class='ocrx_word' id='word_1_64' title='bbox 169 1218 284 1270; x_wconf 74' lang='grc' dir='ltr'><strong>Καὶ</strong></span> <span class='ocrx_word' id='word_1_65' title='bbox 308 1216 421 1288; x_wconf 78' lang='grc' dir='ltr'>γὰρ</span> <span class='ocrx_word' id='word_1_66' title='bbox 448 1218 650 1285; x_wconf 79' lang='grc' dir='ltr'><strong>Δανιὴλ</strong></span> <span class='ocrx_word' id='word_1_67' title='bbox 672 1221 701 1271; x_wconf 88' lang='grc' dir='ltr'><strong>ό</strong></span> <span class='ocrx_word' id='word_1_68' title='bbox 726 1221 1012 1289; x_wconf 82' lang='grc' dir='ltr'><strong>προφήτης</strong></span> <span class='ocrx_word' id='word_1_69' title='bbox 1033 1218 1223 1291; x_wconf 83' lang='grc' dir='ltr'>τρίτην</span> <span class='ocrx_word' id='word_1_70' title='bbox 1247 1217 1424 1289; x_wconf 83' lang='grc' dir='ltr'>ὥραν,</span> <span class='ocrx_word' id='word_1_71' title='bbox 1453 1217 1546 1270; x_wconf 75' lang='grc' dir='ltr'><strong>καὶ</strong></span> <span class='ocrx_word' id='word_1_72' title='bbox 1575 1216 1764 1286; x_wconf 72' lang='grc' dir='ltr'>ἕκτην,</span> 
     </span>
    </p>
   </div>
   <div class='ocr_carea' id='block_1_12' title="bbox 167 1308 1766 1380">
    <p class='ocr_par' dir='ltr' id='par_1_12' title="bbox 167 1308 1766 1380">
     <span class='ocr_line' id='line_1_12' title="bbox 167 1308 1766 1380; baseline 0.003 -21"><span class='ocrx_word' id='word_1_73' title='bbox 167 1308 264 1359; x_wconf 74' lang='grc' dir='ltr'>καὶ</span> <span class='ocrx_word' id='word_1_74' title='bbox 290 1310 527 1380; x_wconf 81' lang='grc' dir='ltr'>ἐννάτην</span> <span class='ocrx_word' id='word_1_75' title='bbox 556 1310 825 1380; x_wconf 77' lang='grc' dir='ltr'><strong>κάμπτων</strong></span> <span class='ocrx_word' id='word_1_76' title='bbox 852 1312 948 1364; x_wconf 74' lang='grc' dir='ltr'><strong>ἐπὶ</strong></span> <span class='ocrx_word' id='word_1_77' title='bbox 976 1311 1075 1374; x_wconf 63' lang='grc' dir='ltr'>τῆς</span> <span class='ocrx_word' id='word_1_78' title='bbox 1109 1311 1215 1373; x_wconf 69' lang='grc' dir='ltr'>γῆς</span> <span class='ocrx_word' id='word_1_79' title='bbox 1260 1310 1328 1363; x_wconf 80' lang='grc' dir='ltr'><strong>τὰ</strong></span> <span class='ocrx_word' id='word_1_80' title='bbox 1361 1311 1587 1379; x_wconf 89' lang='grc' dir='ltr'>γόνατα,</span> <span class='ocrx_word' id='word_1_81' title='bbox 1620 1326 1766 1379; x_wconf 79' lang='grc' dir='ltr'>παρ-</span> 
     </span>
    </p>
   </div>
   <div class='ocr_carea' id='block_1_13' title="bbox 170 1399 682 1456">
    <p class='ocr_par' dir='ltr' id='par_1_13' title="bbox 170 1399 682 1456">
     <span class='ocr_line' id='line_1_13' title="bbox 170 1399 682 1456; baseline 0.008 -5"><span class='ocrx_word' id='word_1_82' title='bbox 170 1399 367 1454; x_wconf 73' lang='grc' dir='ltr'>εκάλει</span> <span class='ocrx_word' id='word_1_83' title='bbox 399 1403 498 1455; x_wconf 80' lang='grc' dir='ltr'><strong>τὸν</strong></span> <span class='ocrx_word' id='word_1_84' title='bbox 525 1403 682 1456; x_wconf 87' lang='grc' dir='ltr'>Θεόν.</span> 
     </span>
    </p>
   </div>
   <div class='ocr_carea' id='block_1_14' title="bbox 697 1494 1255 1561">
    <p class='ocr_par' dir='ltr' id='par_1_14' title="bbox 697 1494 1255 1561">
     <span class='ocr_line' id='line_1_14' title="bbox 697 1494 1255 1561; baseline 0.004 -14"><span class='ocrx_word' id='word_1_85' title='bbox 697 1494 831 1549; x_wconf 78' lang='lat' dir='ltr'><strong>HH&#39;.</strong></span> <span class='ocrx_word' id='word_1_86' title='bbox 856 1524 925 1534; x_wconf 91' lang='lat'><strong>-—</strong></span> <span class='ocrx_word' id='word_1_87' title='bbox 962 1494 1045 1559; x_wconf 83' lang='grc' dir='ltr'><strong>Τῷ</strong></span> <span class='ocrx_word' id='word_1_88' title='bbox 1073 1494 1255 1561; x_wconf 81' lang='grc' dir='ltr'>αὐτῷ.</span> 
     </span>
    </p>
   </div>
   <div class='ocr_carea' id='block_1_15' title="bbox 240 1584 1766 1661">
    <p class='ocr_par' dir='ltr' id='par_1_15' title="bbox 240 1584 1766 1661">
     <span class='ocr_line' id='line_1_15' title="bbox 240 1584 1766 1661; baseline 0.003 -24"><span class='ocrx_word' id='word_1_89' title='bbox 240 1584 455 1655; x_wconf 75' lang='grc' dir='ltr'>Δανιὴλ</span> <span class='ocrx_word' id='word_1_90' title='bbox 494 1585 597 1656; x_wconf 80' lang='grc' dir='ltr'>μὲν</span> <span class='ocrx_word' id='word_1_91' title='bbox 626 1587 702 1650; x_wconf 83' lang='grc' dir='ltr'>ὡς</span> <span class='ocrx_word' id='word_1_92' title='bbox 729 1588 950 1658; x_wconf 76' lang='grc' dir='ltr'>οἰκέτης</span> <span class='ocrx_word' id='word_1_93' title='bbox 982 1590 1207 1659; x_wconf 87' lang='grc' dir='ltr'>γνήσιος</span> <span class='ocrx_word' id='word_1_94' title='bbox 1246 1589 1333 1642; x_wconf 74' lang='grc' dir='ltr'>διὰ</span> <span class='ocrx_word' id='word_1_95' title='bbox 1364 1589 1670 1661; x_wconf 70' lang='grc' dir='ltr'>προσευχῆς</span> <span class='ocrx_word' id='word_1_96' title='bbox 1698 1589 1766 1641; x_wconf 81' lang='grc' dir='ltr'>τὰ</span> 
     </span>
    </p>
   </div>
   <div class='ocr_carea' id='block_1_16' title="bbox 167 1676 1765 1752">
    <p class='ocr_par' dir='ltr' id='par_1_16' title="bbox 167 1676 1765 1752">
     <span class='ocr_line' id='line_1_16' title="bbox 167 1676 1765 1752; baseline 0.003 -24"><span class='ocrx_word' id='word_1_97' title='bbox 167 1676 283 1729; x_wconf 78' lang='grc' dir='ltr'><strong>τῶν</strong></span> <span class='ocrx_word' id='word_1_98' title='bbox 310 1676 549 1730; x_wconf 83' lang='grc' dir='ltr'>λεόντων</span> <span class='ocrx_word' id='word_1_99' title='bbox 584 1679 643 1731; x_wconf 65' lang='grc' dir='ltr'>ἐν</span> <span class='ocrx_word' id='word_1_100' title='bbox 671 1678 750 1747; x_wconf 83' lang='grc' dir='ltr'><strong>τῷ</strong></span> <span class='ocrx_word' id='word_1_101' title='bbox 779 1680 970 1749; x_wconf 79' lang='grc' dir='ltr'>λάκκῳ</span> <span class='ocrx_word' id='word_1_102' title='bbox 1018 1681 1284 1750; x_wconf 77' lang='grc' dir='ltr'>ἐνέφραξε</span> <span class='ocrx_word' id='word_1_103' title='bbox 1335 1682 1599 1752; x_wconf 84' lang='grc' dir='ltr'>στόματα.</span> <span class='ocrx_word' id='word_1_104' title='bbox 1630 1681 1765 1749; x_wconf 86' lang='grc' dir='ltr'>Χρι-</span> 
     </span>
    </p>
   </div>
   <div class='ocr_carea' id='block_1_17' title="bbox 169 1750 1837 1844">
    <p class='ocr_par' dir='ltr' id='par_1_17' title="bbox 169 1750 1837 1844">
     <span class='ocr_line' id='line_1_17' title="bbox 169 1750 1837 1844; baseline 0 -22"><span class='ocrx_word' id='word_1_105' title='bbox 169 1770 298 1833; x_wconf 80' lang='grc' dir='ltr'>στὸς</span> <span class='ocrx_word' id='word_1_106' title='bbox 319 1770 379 1822; x_wconf 91' lang='grc' dir='ltr'>δὲ</span> <span class='ocrx_word' id='word_1_107' title='bbox 404 1769 642 1824; x_wconf 83' lang='grc' dir='ltr'>ότούτου</span> <span class='ocrx_word' id='word_1_108' title='bbox 665 1772 943 1842; x_wconf 82' lang='grc' dir='ltr'>Δεσπότης</span> <span class='ocrx_word' id='word_1_109' title='bbox 975 1774 1081 1843; x_wconf 74' lang='grc' dir='ltr'>ἰδία</span> <span class='ocrx_word' id='word_1_110' title='bbox 1109 1774 1347 1844; x_wconf 79' lang='grc' dir='ltr'>ἐξουσίᾳ,</span> <span class='ocrx_word' id='word_1_111' title='bbox 1370 1750 1479 1826; x_wconf 75' lang='grc' dir='ltr'>τῶν</span> <span class='ocrx_word' id='word_1_112' title='bbox 1498 1772 1766 1843; x_wconf 80' lang='grc' dir='ltr'>πυλωρῶν</span> <span class='ocrx_word' id='word_1_113' title='bbox 1800 1750 1837 1803; x_wconf 70' lang='grc' dir='ltr'>Β</span> 
     </span>
    </p>
   </div>
   <div class='ocr_carea' id='block_1_18' title="bbox 169 1858 1767 1933">
    <p class='ocr_par' dir='ltr' id='par_1_18' title="bbox 169 1858 1767 1933">
     <span class='ocr_line' id='line_1_18' title="bbox 169 1858 1767 1933; baseline 0 -20"><span class='ocrx_word' id='word_1_114' title='bbox 169 1858 266 1913; x_wconf 75' lang='grc' dir='ltr'><strong>τοῦ</strong></span> <span class='ocrx_word' id='word_1_115' title='bbox 300 1859 432 1930; x_wconf 66' lang='grc' dir='ltr'>ᾅδου</span> <span class='ocrx_word' id='word_1_116' title='bbox 468 1862 566 1913; x_wconf 80' lang='grc' dir='ltr'><strong>καὶ</strong></span> <span class='ocrx_word' id='word_1_117' title='bbox 606 1862 714 1915; x_wconf 81' lang='grc' dir='ltr'>τῶν</span> <span class='ocrx_word' id='word_1_118' title='bbox 774 1862 1012 1931; x_wconf 81' lang='grc' dir='ltr'>ἁμειδῶν</span> <span class='ocrx_word' id='word_1_119' title='bbox 1053 1864 1306 1933; x_wconf 84' lang='grc' dir='ltr'>φρουρῶν</span> <span class='ocrx_word' id='word_1_120' title='bbox 1332 1864 1429 1932; x_wconf 86' lang='grc' dir='ltr'>τῆς</span> <span class='ocrx_word' id='word_1_121' title='bbox 1466 1864 1646 1916; x_wconf 86' lang='grc' dir='ltr'>ὲκείσε</span> <span class='ocrx_word' id='word_1_122' title='bbox 1677 1863 1767 1926; x_wconf 80' lang='grc' dir='ltr'><strong>ζο-</strong></span> 
     </span>
    </p>
   </div>
   <div class='ocr_carea' id='block_1_19' title="bbox 173 1954 1768 2026">
    <p class='ocr_par' dir='ltr' id='par_1_19' title="bbox 173 1954 1768 2026">
     <span class='ocr_line' id='line_1_19' title="bbox 173 1954 1768 2026; baseline -0.001 -19"><span class='ocrx_word' id='word_1_123' title='bbox 173 1954 504 2023; x_wconf 77' lang='grc' dir='ltr'>φερωτάτης</span> <span class='ocrx_word' id='word_1_124' title='bbox 528 1954 755 2023; x_wconf 77' lang='grc' dir='ltr'>εἱρκτῆς</span> <span class='ocrx_word' id='word_1_125' title='bbox 783 1955 910 2018; x_wconf 75' lang='grc' dir='ltr'>τοὺς</span> <span class='ocrx_word' id='word_1_126' title='bbox 940 1957 1227 2026; x_wconf 69' lang='grc' dir='ltr'>φάρυγγας</span> <span class='ocrx_word' id='word_1_127' title='bbox 1244 1956 1507 2009; x_wconf 74' lang='grc' dir='ltr'>ἔκλεισεν.</span> <span class='ocrx_word' id='word_1_128' title='bbox 1527 1956 1635 2007; x_wconf 70' lang='grc' dir='ltr'><strong>Καὶ</strong></span> <span class='ocrx_word' id='word_1_129' title='bbox 1659 1954 1768 2025; x_wconf 85' lang='grc' dir='ltr'>γὰρ</span> 
     </span>
    </p>
   </div>
   <div class='ocr_carea' id='block_1_20' title="bbox 173 2044 1771 2119">
    <p class='ocr_par' dir='ltr' id='par_1_20' title="bbox 173 2044 1771 2119">
     <span class='ocr_line' id='line_1_20' title="bbox 173 2044 1771 2119; baseline 0.004 -24"><span class='ocrx_word' id='word_1_130' title='bbox 173 2044 367 2115; x_wconf 77' lang='grc' dir='ltr'>εἴρητο</span> <span class='ocrx_word' id='word_1_131' title='bbox 402 2047 766 2117; x_wconf 72' lang='grc' dir='ltr'>προφητικῶς</span> <span class='ocrx_word' id='word_1_132' title='bbox 803 2048 863 2100; x_wconf 83' lang='grc' dir='ltr'>ὲν</span> <span class='ocrx_word' id='word_1_133' title='bbox 904 2051 971 2118; x_wconf 86' lang='grc' dir='ltr'><strong>τῇ</strong></span> <span class='ocrx_word' id='word_1_134' title='bbox 1018 2049 1187 2119; x_wconf 73' lang='grc' dir='ltr'>βίϐλῳ</span> <span class='ocrx_word' id='word_1_135' title='bbox 1226 2049 1323 2103; x_wconf 77' lang='grc' dir='ltr'>τοῦ</span> <span class='ocrx_word' id='word_1_136' title='bbox 1364 2049 1513 2101; x_wconf 81' lang='grc' dir='ltr'><strong>Ἰώϐ-</strong></span> <span class='ocrx_word' id='word_1_137' title='bbox 1547 2067 1564 2098; x_wconf 84' lang='grc' dir='ltr'><strong>ι</strong></span> <span class='ocrx_word' id='word_1_138' title='bbox 1604 2046 1771 2101; x_wconf 82' lang='grc' dir='ltr'>Ἀνοί-</span> 
     </span>
    </p>
   </div>
   <div class='ocr_carea' id='block_1_21' title="bbox 176 2140 1768 2217">
    <p class='ocr_par' dir='ltr' id='par_1_21' title="bbox 176 2140 1768 2217">
     <span class='ocr_line' id='line_1_21' title="bbox 176 2140 1768 2217; baseline 0.005 -26"><span class='ocrx_word' id='word_1_139' title='bbox 176 2140 367 2205; x_wconf 81' lang='grc' dir='ltr'>γονταί</span> <span class='ocrx_word' id='word_1_140' title='bbox 428 2157 513 2193; x_wconf 93' lang='grc' dir='ltr'><strong>σοι</strong></span> <span class='ocrx_word' id='word_1_141' title='bbox 545 2141 696 2211; x_wconf 78' lang='grc' dir='ltr'>φόϐῳ</span> <span class='ocrx_word' id='word_1_142' title='bbox 728 2141 897 2194; x_wconf 83' lang='grc' dir='ltr'>πύλαι</span> <span class='ocrx_word' id='word_1_143' title='bbox 929 2144 1184 2208; x_wconf 81' lang='grc' dir='ltr'>θανάτου,</span> <span class='ocrx_word' id='word_1_144' title='bbox 1244 2144 1488 2216; x_wconf 74' lang='grc' dir='ltr'>πυλωροὶ</span> <span class='ocrx_word' id='word_1_145' title='bbox 1543 2146 1599 2199; x_wconf 86' lang='grc' dir='ltr'>δὲ</span> <span class='ocrx_word' id='word_1_146' title='bbox 1640 2146 1768 2217; x_wconf 72' lang='grc' dir='ltr'>ᾅδου</span> 
     </span>
    </p>
   </div>
   <div class='ocr_carea' id='block_1_22' title="bbox 175 2232 1771 2304">
    <p class='ocr_par' dir='ltr' id='par_1_22' title="bbox 175 2232 1771 2304">
     <span class='ocr_line' id='line_1_22' title="bbox 175 2232 1771 2304; baseline 0.003 -19"><span class='ocrx_word' id='word_1_147' title='bbox 175 2232 379 2295; x_wconf 74' lang='grc' dir='ltr'>ἰδόντες</span> <span class='ocrx_word' id='word_1_148' title='bbox 415 2249 480 2284; x_wconf 88' lang='grc' dir='ltr'><strong>σε</strong></span> <span class='ocrx_word' id='word_1_149' title='bbox 532 2232 796 2302; x_wconf 77' lang='grc' dir='ltr'>ἔπτηξαν.</span> <span class='ocrx_word' id='word_1_150' title='bbox 843 2253 864 2286; x_wconf 72' lang='grc' dir='ltr'><strong>ι</strong></span> <span class='ocrx_word' id='word_1_151' title='bbox 906 2235 1118 2299; x_wconf 82' lang='grc' dir='ltr'>Ζῶντες</span> <span class='ocrx_word' id='word_1_152' title='bbox 1163 2235 1413 2304; x_wconf 82' lang='grc' dir='ltr'>λέγονται</span> <span class='ocrx_word' id='word_1_153' title='bbox 1461 2239 1509 2289; x_wconf 89' lang='grc' dir='ltr'>οἱ</span> <span class='ocrx_word' id='word_1_154' title='bbox 1549 2237 1771 2290; x_wconf 80' lang='grc' dir='ltr'>πιστεύ-</span> 
     </span>
    </p>
   </div>
   <div class='ocr_carea' id='block_1_23' title="bbox 171 2322 1765 2394">
    <p class='ocr_par' dir='ltr' id='par_1_23' title="bbox 171 2322 1765 2394">
     <span class='ocr_line' id='line_1_23' title="bbox 171 2322 1765 2394; baseline 0.004 -21"><span class='ocrx_word' id='word_1_155' title='bbox 171 2338 363 2386; x_wconf 81' lang='grc' dir='ltr'>σαντες</span> <span class='ocrx_word' id='word_1_156' title='bbox 400 2322 482 2392; x_wconf 84' lang='grc' dir='ltr'>τῷ</span> <span class='ocrx_word' id='word_1_157' title='bbox 522 2322 766 2393; x_wconf 84' lang='grc' dir='ltr'>Χριστῷ,</span> <span class='ocrx_word' id='word_1_158' title='bbox 798 2325 982 2394; x_wconf 75' lang='grc' dir='ltr'>νεκροὶ</span> <span class='ocrx_word' id='word_1_159' title='bbox 1017 2325 1075 2377; x_wconf 79' lang='grc' dir='ltr'>δὲ</span> <span class='ocrx_word' id='word_1_160' title='bbox 1120 2325 1235 2378; x_wconf 76' lang='grc' dir='ltr'>ὅσοι</span> <span class='ocrx_word' id='word_1_161' title='bbox 1286 2324 1765 2394; x_wconf 77' lang='grc' dir='ltr'>μὴ“ὲπίστευσαν“</span> 
     </span>
    </p>
   </div>
   <div class='ocr_carea' id='block_1_24' title="bbox 170 2410 1770 2487">
    <p class='ocr_par' dir='ltr' id='par_1_24' title="bbox 170 2410 1770 2487">
     <span class='ocr_line' id='line_1_24' title="bbox 170 2410 1770 2487; baseline 0.004 -25"><span class='ocrx_word' id='word_1_162' title='bbox 170 2410 363 2480; x_wconf 76' lang='grc' dir='ltr'>διόπερ</span> <span class='ocrx_word' id='word_1_163' title='bbox 412 2412 766 2480; x_wconf 81' lang='grc' dir='ltr'>γέγραπται·</span> <span class='ocrx_word' id='word_1_164' title='bbox 805 2414 958 2466; x_wconf 78' lang='grc' dir='ltr'><strong>«Καὶ</strong></span> <span class='ocrx_word' id='word_1_165' title='bbox 1001 2413 1205 2483; x_wconf 78' lang='grc' dir='ltr'>ἐστάθη</span> <span class='ocrx_word' id='word_1_166' title='bbox 1258 2413 1469 2485; x_wconf 83' lang='grc' dir='ltr'>Ἀαρὼν</span> <span class='ocrx_word' id='word_1_167' title='bbox 1507 2418 1534 2469; x_wconf 89' lang='grc' dir='ltr'>ὁ</span> <span class='ocrx_word' id='word_1_168' title='bbox 1593 2418 1770 2487; x_wconf 79' lang='grc' dir='ltr'>ἱερεὺς</span> 
     </span>
    </p>
   </div>
   <div class='ocr_carea' id='block_1_25' title="bbox 167 2504 1768 2575">
    <p class='ocr_par' dir='ltr' id='par_1_25' title="bbox 167 2504 1768 2575">
     <span class='ocr_line' id='line_1_25' title="bbox 167 2504 1768 2575; baseline 0.004 -17"><span class='ocrx_word' id='word_1_169' title='bbox 167 2505 448 2575; x_wconf 76' lang='grc' dir='ltr'>ἀνάμεσον</span> <span class='ocrx_word' id='word_1_170' title='bbox 480 2504 590 2557; x_wconf 83' lang='grc' dir='ltr'>τῶν</span> <span class='ocrx_word' id='word_1_171' title='bbox 610 2505 829 2568; x_wconf 74' lang='grc' dir='ltr'>ζώντων</span> <span class='ocrx_word' id='word_1_172' title='bbox 853 2507 945 2559; x_wconf 79' lang='grc' dir='ltr'><strong>καὶ</strong></span> <span class='ocrx_word' id='word_1_173' title='bbox 967 2506 1075 2560; x_wconf 85' lang='grc' dir='ltr'><strong>τῶν</strong></span> <span class='ocrx_word' id='word_1_174' title='bbox 1097 2508 1477 2562; x_wconf 81' lang='grc' dir='ltr'>ἀποθανόντων</span> <span class='ocrx_word' id='word_1_175' title='bbox 1527 2529 1545 2561; x_wconf 76' lang='lat' dir='ltr'><strong>I</strong></span> <span class='ocrx_word' id='word_1_176' title='bbox 1581 2512 1768 2564; x_wconf 84' lang='grc' dir='ltr'>Μετα-</span> 
     </span>
    </p>
   </div>
   <div class='ocr_carea' id='block_1_26' title="bbox 170 2597 1770 2672">
    <p class='ocr_par' dir='ltr' id='par_1_26' title="bbox 170 2597 1770 2672">
     <span class='ocr_line' id='line_1_26' title="bbox 170 2597 1770 2672; baseline 0.021 -31"><span class='ocrx_word' id='word_1_177' title='bbox 170 2598 231 2663; x_wconf 68' lang='grc' dir='ltr'><strong>ξὺ</strong></span> <span class='ocrx_word' id='word_1_178' title='bbox 266 2597 380 2667; x_wconf 74' lang='grc' dir='ltr'>γάρ</span> <span class='ocrx_word' id='word_1_179' title='bbox 456 2598 609 2650; x_wconf 76' lang='grc' dir='ltr'>ἐστιν</span> <span class='ocrx_word' id='word_1_180' title='bbox 651 2600 680 2651; x_wconf 88' lang='grc' dir='ltr'><strong>ὁ</strong></span> <span class='ocrx_word' id='word_1_181' title='bbox 724 2599 1005 2669; x_wconf 77' lang='grc' dir='ltr'>Δεσπότης</span> <span class='ocrx_word' id='word_1_182' title='bbox 1037 2600 1297 2670; x_wconf 63' lang='grc' dir='ltr'>Χριστὸς.</span> <span class='ocrx_word' id='word_1_183' title='bbox 1331 2600 1441 2654; x_wconf 73' lang='grc' dir='ltr'>τῶν</span> <span class='ocrx_word' id='word_1_184' title='bbox 1484 2618 1543 2653; x_wconf 84' lang='grc' dir='ltr'>τε</span> <span class='ocrx_word' id='word_1_185' title='bbox 1587 2619 1770 2672; x_wconf 55' lang='grc' dir='ltr'>παραυ·</span> 
     </span>
    </p>
   </div>
   <div class='ocr_carea' id='block_1_27' title="bbox 170 2688 1770 2767">
    <p class='ocr_par' dir='ltr' id='par_1_27' title="bbox 170 2688 1770 2767">
     <span class='ocr_line' id='line_1_27' title="bbox 170 2688 1770 2767; baseline 0.006 -26"><span class='ocrx_word' id='word_1_186' title='bbox 170 2688 489 2758; x_wconf 77' lang='grc' dir='ltr'>δεξαμένων</span> <span class='ocrx_word' id='word_1_187' title='bbox 517 2691 705 2755; x_wconf 81' lang='grc' dir='ltr'>αὐτὸν,</span> <span class='ocrx_word' id='word_1_188' title='bbox 744 2693 841 2744; x_wconf 74' lang='grc' dir='ltr'>καὶ</span> <span class='ocrx_word' id='word_1_189' title='bbox 891 2692 999 2745; x_wconf 80' lang='grc' dir='ltr'><strong>τῶν</strong></span> <span class='ocrx_word' id='word_1_190' title='bbox 1050 2694 1127 2762; x_wconf 80' lang='grc' dir='ltr'>μὴ</span> <span class='ocrx_word' id='word_1_191' title='bbox 1175 2693 1544 2766; x_wconf 83' lang='grc' dir='ltr'>βουληθέντων</span> <span class='ocrx_word' id='word_1_192' title='bbox 1588 2714 1770 2767; x_wconf 87' lang='grc' dir='ltr'>παρα-</span> 
     </span>
    </p>
   </div>
   <div class='ocr_carea' id='block_1_28' title="bbox 171 2782 1772 2858">
    <p class='ocr_par' dir='ltr' id='par_1_28' title="bbox 171 2782 1772 2858">
     <span class='ocr_line' id='line_1_28' title="bbox 171 2782 1772 2858; baseline 0.004 -23"><span class='ocrx_word' id='word_1_193' title='bbox 171 2782 457 2849; x_wconf 78' lang='grc' dir='ltr'>δέξασθαι.</span> <span class='ocrx_word' id='word_1_194' title='bbox 488 2784 603 2836; x_wconf 77' lang='grc' dir='ltr'>Καὶ</span> <span class='ocrx_word' id='word_1_195' title='bbox 642 2788 909 2855; x_wconf 86' lang='grc' dir='ltr'>μαρτυρεῖ</span> <span class='ocrx_word' id='word_1_196' title='bbox 953 2786 1219 2857; x_wconf 76' lang='grc' dir='ltr'>Ἰωάννης</span> <span class='ocrx_word' id='word_1_197' title='bbox 1255 2789 1284 2841; x_wconf 88' lang='grc' dir='ltr'><strong>ὀ</strong></span> <span class='ocrx_word' id='word_1_198' title='bbox 1329 2788 1640 2858; x_wconf 80' lang='grc' dir='ltr'>Βαπτιστὴς</span> <span class='ocrx_word' id='word_1_199' title='bbox 1686 2789 1772 2842; x_wconf 82' lang='grc' dir='ltr'><strong>λέ-</strong></span> 
     </span>
    </p>
   </div>
   <div class='ocr_carea' id='block_1_29' title="bbox 172 2876 1773 2953">
    <p class='ocr_par' dir='ltr' id='par_1_29' title="bbox 172 2876 1773 2953">
     <span class='ocr_line' id='line_1_29' title="bbox 172 2876 1773 2953; baseline 0.004 -25"><span class='ocrx_word' id='word_1_200' title='bbox 172 2893 281 2941; x_wconf 78' lang='grc' dir='ltr'><strong>γων</strong></span> <span class='ocrx_word' id='word_1_201' title='bbox 307 2877 394 2947; x_wconf 83' lang='grc' dir='ltr'>τῷ</span> <span class='ocrx_word' id='word_1_202' title='bbox 424 2876 540 2946; x_wconf 85' lang='grc' dir='ltr'><strong>λαῷ</strong></span> <span class='ocrx_word' id='word_1_203' title='bbox 588 2877 682 2930; x_wconf 76' lang='grc' dir='ltr'><strong>ἐπὶ</strong></span> <span class='ocrx_word' id='word_1_204' title='bbox 729 2878 823 2930; x_wconf 83' lang='grc' dir='ltr'>τοῦ</span> <span class='ocrx_word' id='word_1_205' title='bbox 864 2879 1128 2948; x_wconf 71' lang='grc' dir='ltr'>Ἰορδάνου</span> <span class='ocrx_word' id='word_1_206' title='bbox 1149 2918 1166 2943; x_wconf 91' lang='grc'><strong>,</strong></span> <span class='ocrx_word' id='word_1_207' title='bbox 1194 2881 1277 2933; x_wconf 84' lang='grc' dir='ltr'>ὅτι</span> <span class='ocrx_word' id='word_1_208' title='bbox 1331 2897 1356 2933; x_wconf 83' lang='grc'><em>‹</em></span> <span class='ocrx_word' id='word_1_209' title='bbox 1388 2881 1570 2945; x_wconf 84' lang='grc' dir='ltr'>Μέσος</span> <span class='ocrx_word' id='word_1_210' title='bbox 1617 2881 1773 2953; x_wconf 86' lang='grc' dir='ltr'>ὑμῶν</span> 
     </span>
    </p>
   </div>
   <div class='ocr_carea' id='block_1_30' title="bbox 173 2970 1189 3041">
    <p class='ocr_par' dir='ltr' id='par_1_30' title="bbox 173 2970 1189 3041">
     <span class='ocr_line' id='line_1_30' title="bbox 173 2970 1189 3041; baseline 0.004 -20"><span class='ocrx_word' id='word_1_211' title='bbox 173 2970 436 3032; x_wconf 68' lang='grc' dir='ltr'>ἔστηκεν,</span> <span class='ocrx_word' id='word_1_212' title='bbox 461 2971 635 3041; x_wconf 82' lang='grc' dir='ltr'>ὅνπερ</span> <span class='ocrx_word' id='word_1_213' title='bbox 667 2971 824 3040; x_wconf 79' lang='grc' dir='ltr'>ὑμεῖς</span> <span class='ocrx_word' id='word_1_214' title='bbox 853 2972 1119 3039; x_wconf 84' lang='grc' dir='ltr'>ἀγνοεῖτε.</span> <span class='ocrx_word' id='word_1_215' title='bbox 1170 2993 1189 3025; x_wconf 76' lang='grc' dir='ltr'><strong>ι</strong></span> 
     </span>
    </p>
   </div>
   <div class='ocr_carea' id='block_1_31' title="bbox 691 3064 1277 3131">
    <p class='ocr_par' dir='ltr' id='par_1_31' title="bbox 691 3064 1277 3131">
     <span class='ocr_line' id='line_1_31' title="bbox 691 3064 1277 3131; baseline 0.003 -14"><span class='ocrx_word' id='word_1_216' title='bbox 691 3064 817 3117; x_wconf 58' lang='grc' dir='ltr'><strong>ΠΘἎ</strong></span> <span class='ocrx_word' id='word_1_217' title='bbox 851 3095 925 3104; x_wconf 91' lang='grc'><strong>-</strong></span> <span class='ocrx_word' id='word_1_218' title='bbox 970 3064 1054 3131; x_wconf 83' lang='grc' dir='ltr'><strong>Τῷ</strong></span> <span class='ocrx_word' id='word_1_219' title='bbox 1096 3065 1277 3131; x_wconf 81' lang='grc' dir='ltr'>αὐτῷ.</span> 
     </span>
    </p>
   </div>
   <div class='ocr_carea' id='block_1_32' title="bbox 246 3099 1846 3229">
    <p class='ocr_par' dir='ltr' id='par_1_32' title="bbox 246 3099 1846 3229">
     <span class='ocr_line' id='line_1_32' title="bbox 246 3099 1846 3229; baseline 0.003 -21"><span class='ocrx_word' id='word_1_220' title='bbox 246 3155 533 3226; x_wconf 73' lang='grc' dir='ltr'>Βλαϐερδν</span> <span class='ocrx_word' id='word_1_221' title='bbox 573 3157 715 3224; x_wconf 80' lang='grc' dir='ltr'>ἄγαν</span> <span class='ocrx_word' id='word_1_222' title='bbox 760 3156 824 3210; x_wconf 78' lang='grc' dir='ltr'>τὸ</span> <span class='ocrx_word' id='word_1_223' title='bbox 869 3099 1054 3225; x_wconf 55' lang='grc' dir='ltr'>λόγονμ</span> <span class='ocrx_word' id='word_1_224' title='bbox 1090 3099 1260 3229; x_wconf 55' lang='lat' dir='ltr'><strong>and:</strong></span> <span class='ocrx_word' id='word_1_225' title='bbox 1303 3175 1364 3212; x_wconf 89' lang='grc' dir='ltr'><strong>τε</strong></span> <span class='ocrx_word' id='word_1_226' title='bbox 1406 3158 1503 3212; x_wconf 74' lang='grc' dir='ltr'><strong>καὶ</strong></span> <span class='ocrx_word' id='word_1_227' title='bbox 1546 3159 1776 3228; x_wconf 79' lang='grc' dir='ltr'>ἀκερδῆ,</span> <span class='ocrx_word' id='word_1_228' title='bbox 1800 3099 1846 3158; x_wconf 72' lang='lat' dir='ltr'><strong><em>C</em></strong></span> 
     </span>
    </p>
   </div>
   <div class='ocr_carea' id='block_1_33' title="bbox 1398 282 2215 347">
    <p class='ocr_par' dir='ltr' id='par_1_33' title="bbox 1398 282 2215 347">
     <span class='ocr_line' id='line_1_33' title="bbox 1398 282 2215 347; baseline 0.006 -6"><span class='ocrx_word' id='word_1_229' title='bbox 1398 282 1936 343; x_wconf 81' lang='lat' dir='ltr'><strong>EPISTOLARUM</strong></span> <span class='ocrx_word' id='word_1_230' title='bbox 1979 286 2125 347; x_wconf 89' lang='lat' dir='ltr'><strong>LIB.</strong></span> <span class='ocrx_word' id='word_1_231' title='bbox 2166 287 2215 346; x_wconf 91' lang='grc' dir='ltr'><strong>Ι.</strong></span> 
     </span>
    </p>
   </div>
   <div class='ocr_carea' id='block_1_34' title="bbox 1794 403 1841 455">
    <p class='ocr_par' dir='ltr' id='par_1_34' title="bbox 1794 403 1841 455">
     <span class='ocr_line' id='line_1_34' title="bbox 1794 403 1841 455; baseline 0 0"><span class='ocrx_word' id='word_1_232' title='bbox 1794 403 1841 455; x_wconf 86' lang='grc' dir='ltr'><strong>Α</strong></span> 
     </span>
    </p>
   </div>
   <div class='ocr_carea' id='block_1_35' title="bbox 3339 280 3443 345">
    <p class='ocr_par' dir='ltr' id='par_1_35' title="bbox 3339 280 3443 345">
     <span class='ocr_line' id='line_1_35' title="bbox 3339 280 3443 345; baseline 0.01 -1"><span class='ocrx_word' id='word_1_233' title='bbox 3339 280 3443 345; x_wconf 74' lang='grc'><strong>122</strong></span> 
     </span>
    </p>
   </div>
   <div class='ocr_carea' id='block_1_36' title="bbox 2310 396 2974 451">
    <p class='ocr_par' dir='ltr' id='par_1_36' title="bbox 2310 396 2974 451">
     <span class='ocr_line' id='line_1_36' title="bbox 2310 396 2974 451; baseline -0.002 -1"><span class='ocrx_word' id='word_1_234' title='bbox 2310 396 2617 451; x_wconf 85' lang='lat' dir='ltr'><strong>LXXXVII.</strong></span> <span class='ocrx_word' id='word_1_235' title='bbox 2656 428 2726 437; x_wconf 94' lang='lat'><strong><em>—</em></strong></span> <span class='ocrx_word' id='word_1_236' title='bbox 2769 397 2974 451; x_wconf 81' lang='lat' dir='ltr'><strong>Eidem.</strong></span> 
     </span>
    </p>
   </div>
   <div class='ocr_carea' id='block_1_37' title="bbox 1935 488 3445 559">
    <p class='ocr_par' dir='ltr' id='par_1_37' title="bbox 1935 488 3445 559">
     <span class='ocr_line' id='line_1_37' title="bbox 1935 488 3445 559; baseline 0 -16"><span class='ocrx_word' id='word_1_237' title='bbox 1935 488 2395 545; x_wconf 85' lang='lat' dir='ltr'><strong>Percommodum</strong></span> <span class='ocrx_word' id='word_1_238' title='bbox 2428 490 2596 544; x_wconf 75' lang='lat' dir='ltr'><strong>fuerit</strong></span> <span class='ocrx_word' id='word_1_239' title='bbox 2618 500 2677 543; x_wconf 85' lang='grc' dir='ltr'><strong>ιιι</strong></span> <span class='ocrx_word' id='word_1_240' title='bbox 2717 490 3013 559; x_wconf 88' lang='lat' dir='ltr'><strong>plurimum</strong></span> <span class='ocrx_word' id='word_1_241' title='bbox 3044 489 3229 542; x_wconf 86' lang='lat' dir='ltr'><strong>crucis</strong></span> <span class='ocrx_word' id='word_1_242' title='bbox 3261 490 3445 558; x_wconf 65' lang='lat' dir='ltr'><strong>figurae</strong></span> 
     </span>
    </p>
   </div>
   <div class='ocr_carea' id='block_1_38' title="bbox 1863 580 3440 651">
    <p class='ocr_par' dir='ltr' id='par_1_38' title="bbox 1863 580 3440 651">
     <span class='ocr_line' id='line_1_38' title="bbox 1863 580 3440 651; baseline 0.001 -18"><span class='ocrx_word' id='word_1_243' title='bbox 1863 596 1966 635; x_wconf 90' lang='lat' dir='ltr'><strong>nos</strong></span> <span class='ocrx_word' id='word_1_244' title='bbox 1994 580 2104 651; x_wconf 82' lang='lat'><strong><em>39</em></strong></span> <span class='ocrx_word' id='word_1_245' title='bbox 2146 583 2403 636; x_wconf 85' lang='lat' dir='ltr'><strong>manibus</strong></span> <span class='ocrx_word' id='word_1_246' title='bbox 2442 581 2879 646; x_wconf 85' lang='lat' dir='ltr'><strong>conformantes,</strong></span> <span class='ocrx_word' id='word_1_247' title='bbox 2918 595 3107 651; x_wconf 85' lang='lat' dir='ltr'><strong>preces</strong></span> <span class='ocrx_word' id='word_1_248' title='bbox 3142 582 3440 634; x_wconf 75' lang='lat' dir='ltr'><strong>effundere.</strong></span> 
     </span>
    </p>
   </div>
   <div class='ocr_carea' id='block_1_39' title="bbox 1866 672 3445 743">
    <p class='ocr_par' dir='ltr' id='par_1_39' title="bbox 1866 672 3445 743">
     <span class='ocr_line' id='line_1_39' title="bbox 1866 672 3445 743; baseline 0.001 -17"><span class='ocrx_word' id='word_1_249' title='bbox 1866 672 1959 727; x_wconf 86' lang='lat' dir='ltr'><strong>Sic</strong></span> <span class='ocrx_word' id='word_1_250' title='bbox 1989 674 2137 727; x_wconf 83' lang='lat' dir='ltr'><strong>enim</strong></span> <span class='ocrx_word' id='word_1_251' title='bbox 2164 673 2306 728; x_wconf 88' lang='lat' dir='ltr'><strong>Deus</strong></span> <span class='ocrx_word' id='word_1_252' title='bbox 2335 675 2495 729; x_wconf 89' lang='lat' dir='ltr'><strong>nobis</strong></span> <span class='ocrx_word' id='word_1_253' title='bbox 2524 674 2824 739; x_wconf 88' lang='lat' dir='ltr'><strong>benedicit,</strong></span> <span class='ocrx_word' id='word_1_254' title='bbox 2854 689 3158 743; x_wconf 91' lang='lat' dir='ltr'><strong>rursusque</strong></span> <span class='ocrx_word' id='word_1_255' title='bbox 3190 689 3292 728; x_wconf 85' lang='lat' dir='ltr'><strong>nos</strong></span> <span class='ocrx_word' id='word_1_256' title='bbox 3322 672 3445 727; x_wconf 86' lang='lat' dir='ltr'><strong>aliis</strong></span> 
     </span>
    </p>
   </div>
   <div class='ocr_carea' id='block_1_40' title="bbox 1864 765 3447 837">
    <p class='ocr_par' dir='ltr' id='par_1_40' title="bbox 1864 765 3447 837">
     <span class='ocr_line' id='line_1_40' title="bbox 1864 765 3447 837; baseline 0 -18"><span class='ocrx_word' id='word_1_257' title='bbox 1864 765 2246 821; x_wconf 84' lang='lat' dir='ltr'><strong>benedicimus</strong></span> <span class='ocrx_word' id='word_1_258' title='bbox 2274 767 2340 819; x_wconf 83' lang='lat'><strong>”.</strong></span> <span class='ocrx_word' id='word_1_259' title='bbox 2375 766 2606 822; x_wconf 79' lang='lat' dir='ltr'><strong>Divinus</strong></span> <span class='ocrx_word' id='word_1_260' title='bbox 2632 768 2836 821; x_wconf 85' lang='lat' dir='ltr'><strong>etenim</strong></span> <span class='ocrx_word' id='word_1_261' title='bbox 2864 766 3083 837; x_wconf 80' lang='lat' dir='ltr'><strong>Moyses</strong></span> <span class='ocrx_word' id='word_1_262' title='bbox 3116 767 3447 820; x_wconf 83' lang='lat' dir='ltr'><strong>tabernacu-</strong></span> 
     </span>
    </p>
   </div>
   <div class='ocr_carea' id='block_1_41' title="bbox 1862 854 3442 919">
    <p class='ocr_par' dir='ltr' id='par_1_41' title="bbox 1862 854 3442 919">
     <span class='ocr_line' id='line_1_41' title="bbox 1862 854 3442 919; baseline -0.001 -11"><span class='ocrx_word' id='word_1_263' title='bbox 1862 855 1976 908; x_wconf 90' lang='lat' dir='ltr'><strong>lum</strong></span> <span class='ocrx_word' id='word_1_264' title='bbox 2011 870 2371 919; x_wconf 85' lang='lat' dir='ltr'><strong>consecrans,</strong></span> <span class='ocrx_word' id='word_1_265' title='bbox 2398 865 2453 910; x_wconf 85' lang='lat' dir='ltr'><strong>et</strong></span> <span class='ocrx_word' id='word_1_266' title='bbox 2498 859 2722 910; x_wconf 75' lang='lat' dir='ltr'><strong>fratrem</strong></span> <span class='ocrx_word' id='word_1_267' title='bbox 2764 872 2925 911; x_wconf 88' lang='lat' dir='ltr'><strong>suum</strong></span> <span class='ocrx_word' id='word_1_268' title='bbox 2957 855 3010 909; x_wconf 92' lang='lat' dir='ltr'><strong>iu</strong></span> <span class='ocrx_word' id='word_1_269' title='bbox 3047 854 3231 909; x_wconf 81' lang='lat' dir='ltr'><strong>sedem</strong></span> <span class='ocrx_word' id='word_1_270' title='bbox 3262 870 3442 910; x_wconf 85' lang='lat' dir='ltr'><strong>sacer-</strong></span> 
     </span>
    </p>
   </div>
   <div class='ocr_carea' id='block_1_42' title="bbox 1863 946 3445 1009">
    <p class='ocr_par' dir='ltr' id='par_1_42' title="bbox 1863 946 3445 1009">
     <span class='ocr_line' id='line_1_42' title="bbox 1863 946 3445 1009; baseline 0 -10"><span class='ocrx_word' id='word_1_271' title='bbox 1863 946 2052 1000; x_wconf 91' lang='lat' dir='ltr'><strong>dotum</strong></span> <span class='ocrx_word' id='word_1_272' title='bbox 2109 946 2409 1009; x_wconf 76' lang='lat' dir='ltr'><strong>collocaris,</strong></span> <span class='ocrx_word' id='word_1_273' title='bbox 2461 946 2527 999; x_wconf 90' lang='lat' dir='ltr'><strong>ad</strong></span> <span class='ocrx_word' id='word_1_274' title='bbox 2583 947 2806 999; x_wconf 87' lang='lat' dir='ltr'><strong>modum</strong></span> <span class='ocrx_word' id='word_1_275' title='bbox 2862 948 3045 1001; x_wconf 87' lang='lat' dir='ltr'><strong>crucis</strong></span> <span class='ocrx_word' id='word_1_276' title='bbox 3086 946 3346 1001; x_wconf 86' lang='lat' dir='ltr'><strong>manibus</strong></span> <span class='ocrx_word' id='word_1_277' title='bbox 3389 947 3445 1000; x_wconf 92' lang='lat' dir='ltr'><strong>in</strong></span> 
     </span>
    </p>
   </div>
   <div class='ocr_carea' id='block_1_43' title="bbox 1864 1039 3449 1110">
    <p class='ocr_par' dir='ltr' id='par_1_43' title="bbox 1864 1039 3449 1110">
     <span class='ocr_line' id='line_1_43' title="bbox 1864 1039 3449 1110; baseline 0 -17"><span class='ocrx_word' id='word_1_278' title='bbox 1864 1040 2064 1093; x_wconf 74' lang='lat' dir='ltr'><strong>cmlum</strong></span> <span class='ocrx_word' id='word_1_279' title='bbox 2111 1041 2375 1110; x_wconf 80' lang='lat' dir='ltr'><strong>expansis</strong></span> <span class='ocrx_word' id='word_1_280' title='bbox 2423 1040 2706 1094; x_wconf 77' lang='lat' dir='ltr'><strong>benedixit</strong></span> <span class='ocrx_word' id='word_1_281' title='bbox 2746 1040 2949 1110; x_wconf 90' lang='lat' dir='ltr'><strong>populo</strong></span> <span class='ocrx_word' id='word_1_282' title='bbox 2983 1043 3021 1092; x_wconf 88' lang='lat'><strong>&#39;.</strong></span> <span class='ocrx_word' id='word_1_283' title='bbox 3071 1039 3135 1093; x_wconf 87' lang='lat' dir='ltr'><strong>Et</strong></span> <span class='ocrx_word' id='word_1_284' title='bbox 3174 1041 3299 1094; x_wconf 75' lang='lat' dir='ltr'><strong>licet</strong></span> <span class='ocrx_word' id='word_1_285' title='bbox 3333 1039 3449 1093; x_wconf 72' lang='lat' dir='ltr'><strong>hmo</strong></span> 
     </span>
    </p>
   </div>
   <div class='ocr_carea' id='block_1_44' title="bbox 1864 1132 3448 1203">
    <p class='ocr_par' dir='ltr' id='par_1_44' title="bbox 1864 1132 3448 1203">
     <span class='ocr_line' id='line_1_44' title="bbox 1864 1132 3448 1203; baseline -0.001 -16"><span class='ocrx_word' id='word_1_286' title='bbox 1864 1132 2135 1199; x_wconf 86' lang='lat' dir='ltr'><strong>dicamus,</strong></span> <span class='ocrx_word' id='word_1_287' title='bbox 2186 1149 2461 1202; x_wconf 85' lang='lat' dir='ltr'><strong>nusquam</strong></span> <span class='ocrx_word' id='word_1_288' title='bbox 2518 1142 2700 1186; x_wconf 77' lang='lat' dir='ltr'><strong>tamen</strong></span> <span class='ocrx_word' id='word_1_289' title='bbox 2750 1134 2895 1202; x_wconf 82' lang='lat' dir='ltr'><strong>piam</strong></span> <span class='ocrx_word' id='word_1_290' title='bbox 2961 1142 3017 1187; x_wconf 89' lang='lat' dir='ltr'><strong>et</strong></span> <span class='ocrx_word' id='word_1_291' title='bbox 3055 1134 3312 1187; x_wconf 84' lang='lat' dir='ltr'><strong>decoram</strong></span> <span class='ocrx_word' id='word_1_292' title='bbox 3353 1147 3448 1203; x_wconf 78' lang='lat' dir='ltr'><strong>ge-</strong></span> 
     </span>
    </p>
   </div>
   <div class='ocr_carea' id='block_1_45' title="bbox 1866 1222 3450 1293">
    <p class='ocr_par' dir='ltr' id='par_1_45' title="bbox 1866 1222 3450 1293">
     <span class='ocr_line' id='line_1_45' title="bbox 1866 1222 3450 1293; baseline -0.003 -13"><span class='ocrx_word' id='word_1_293' title='bbox 1866 1242 2038 1280; x_wconf 90' lang='lat' dir='ltr'><strong>nuum</strong></span> <span class='ocrx_word' id='word_1_294' title='bbox 2075 1225 2367 1279; x_wconf 79' lang='lat' dir='ltr'><strong>ﬂexionem</strong></span> <span class='ocrx_word' id='word_1_295' title='bbox 2406 1225 2473 1280; x_wconf 88' lang='lat' dir='ltr'><strong>de</strong></span> <span class='ocrx_word' id='word_1_296' title='bbox 2506 1226 2692 1279; x_wconf 87' lang='lat' dir='ltr'><strong>medio</strong></span> <span class='ocrx_word' id='word_1_297' title='bbox 2739 1225 3004 1279; x_wconf 88' lang='lat' dir='ltr'><strong>tollimus.</strong></span> <span class='ocrx_word' id='word_1_298' title='bbox 3048 1224 3317 1293; x_wconf 85' lang='lat' dir='ltr'><strong>Propheta</strong></span> <span class='ocrx_word' id='word_1_299' title='bbox 3368 1222 3450 1277; x_wconf 90' lang='lat' dir='ltr'><strong>si-</strong></span> 
     </span>
    </p>
   </div>
   <div class='ocr_carea' id='block_1_46' title="bbox 1864 1318 3452 1388">
    <p class='ocr_par' dir='ltr' id='par_1_46' title="bbox 1864 1318 3452 1388">
     <span class='ocr_line' id='line_1_46' title="bbox 1864 1318 3452 1388; baseline -0.001 -18"><span class='ocrx_word' id='word_1_300' title='bbox 1864 1319 2087 1388; x_wconf 86' lang='lat' dir='ltr'><strong>quidem</strong></span> <span class='ocrx_word' id='word_1_301' title='bbox 2125 1318 2311 1371; x_wconf 83' lang='lat' dir='ltr'><strong>Daniel</strong></span> <span class='ocrx_word' id='word_1_302' title='bbox 2364 1318 2498 1372; x_wconf 88' lang='lat' dir='ltr'><strong>hora</strong></span> <span class='ocrx_word' id='word_1_303' title='bbox 2546 1319 2727 1382; x_wconf 84' lang='lat' dir='ltr'><strong>tertia,</strong></span> <span class='ocrx_word' id='word_1_304' title='bbox 2782 1326 2936 1371; x_wconf 83' lang='lat' dir='ltr'><strong>sexta</strong></span> <span class='ocrx_word' id='word_1_305' title='bbox 2998 1325 3053 1371; x_wconf 89' lang='lat' dir='ltr'><strong>et</strong></span> <span class='ocrx_word' id='word_1_306' title='bbox 3101 1331 3248 1371; x_wconf 86' lang='lat' dir='ltr'><strong>nona</strong></span> <span class='ocrx_word' id='word_1_307' title='bbox 3285 1328 3452 1387; x_wconf 85' lang='lat' dir='ltr'><strong>super</strong></span> 
     </span>
    </p>
   </div>
   <div class='ocr_carea' id='block_1_47' title="bbox 1868 1407 3142 1478">
    <p class='ocr_par' dir='ltr' id='par_1_47' title="bbox 1868 1407 3142 1478">
     <span class='ocr_line' id='line_1_47' title="bbox 1868 1407 3142 1478; baseline -0.001 -16"><span class='ocrx_word' id='word_1_308' title='bbox 1868 1419 2075 1465; x_wconf 84' lang='lat' dir='ltr'><strong>terram</strong></span> <span class='ocrx_word' id='word_1_309' title='bbox 2110 1424 2287 1478; x_wconf 84' lang='lat' dir='ltr'><strong>genua</strong></span> <span class='ocrx_word' id='word_1_310' title='bbox 2316 1407 2562 1471; x_wconf 74' lang='lat' dir='ltr'><strong>ﬂectens,</strong></span> <span class='ocrx_word' id='word_1_311' title='bbox 2597 1408 2764 1461; x_wconf 80' lang='lat' dir='ltr'><strong>Deum</strong></span> <span class='ocrx_word' id='word_1_312' title='bbox 2802 1410 3066 1460; x_wconf 80' lang='lat' dir='ltr'><strong>exorabat</strong></span> <span class='ocrx_word' id='word_1_313' title='bbox 3097 1409 3142 1461; x_wconf 84' lang='grc'><strong>¹.</strong></span> 
     </span>
    </p>
   </div>
   <div class='ocr_carea' id='block_1_48' title="bbox 2304 1498 2994 1554">
    <p class='ocr_par' dir='ltr' id='par_1_48' title="bbox 2304 1498 2994 1554">
     <span class='ocr_line' id='line_1_48' title="bbox 2304 1498 2994 1554; baseline -0.001 0"><span class='ocrx_word' id='word_1_314' title='bbox 2304 1498 2640 1554; x_wconf 79' lang='lat' dir='ltr'><strong>LXXXVIII.</strong></span> <span class='ocrx_word' id='word_1_315' title='bbox 2676 1514 2746 1538; x_wconf 57' lang='grc' dir='ltr'>-δ</span> <span class='ocrx_word' id='word_1_316' title='bbox 2789 1498 2994 1553; x_wconf 83' lang='lat' dir='ltr'><strong>Eidem.</strong></span> 
     </span>
    </p>
   </div>
   <div class='ocr_carea' id='block_1_49' title="bbox 1938 1588 3451 1663">
    <p class='ocr_par' dir='ltr' id='par_1_49' title="bbox 1938 1588 3451 1663">
     <span class='ocr_line' id='line_1_49' title="bbox 1938 1588 3451 1663; baseline -0.004 -16"><span class='ocrx_word' id='word_1_317' title='bbox 1938 1593 2132 1649; x_wconf 86' lang='lat' dir='ltr'><strong>Daniel</strong></span> <span class='ocrx_word' id='word_1_318' title='bbox 2184 1593 2409 1663; x_wconf 90' lang='lat' dir='ltr'><strong>quidem</strong></span> <span class='ocrx_word' id='word_1_319' title='bbox 2467 1592 2545 1646; x_wconf 84' lang='lat' dir='ltr'><strong>uti</strong></span> <span class='ocrx_word' id='word_1_320' title='bbox 2593 1607 2788 1648; x_wconf 82' lang='lat' dir='ltr'><strong>servus</strong></span> <span class='ocrx_word' id='word_1_321' title='bbox 2837 1605 3138 1661; x_wconf 77' lang='lat' dir='ltr'><strong>germanus</strong></span> <span class='ocrx_word' id='word_1_322' title='bbox 3185 1588 3240 1642; x_wconf 92' lang='lat' dir='ltr'><strong>in</strong></span> <span class='ocrx_word' id='word_1_323' title='bbox 3296 1589 3451 1642; x_wconf 84' lang='lat' dir='ltr'><strong>fovea</strong></span> 
     </span>
    </p>
   </div>
   <div class='ocr_carea' id='block_1_50' title="bbox 1867 1680 3454 1740">
    <p class='ocr_par' dir='ltr' id='par_1_50' title="bbox 1867 1680 3454 1740">
     <span class='ocr_line' id='line_1_50' title="bbox 1867 1680 3454 1740; baseline -0.005 -1"><span class='ocrx_word' id='word_1_324' title='bbox 1867 1687 2121 1740; x_wconf 84' lang='lat' dir='ltr'><strong>oratione</strong></span> <span class='ocrx_word' id='word_1_325' title='bbox 2174 1685 2393 1739; x_wconf 85' lang='lat' dir='ltr'><strong>leonum</strong></span> <span class='ocrx_word' id='word_1_326' title='bbox 2443 1699 2541 1737; x_wconf 89' lang='lat' dir='ltr'><strong>ora</strong></span> <span class='ocrx_word' id='word_1_327' title='bbox 2599 1683 2883 1737; x_wconf 87' lang='lat' dir='ltr'><strong>obturavit</strong></span> <span class='ocrx_word' id='word_1_328' title='bbox 2929 1683 2970 1735; x_wconf 89' lang='grc'><strong>³.</strong></span> <span class='ocrx_word' id='word_1_329' title='bbox 3020 1680 3278 1735; x_wconf 87' lang='lat' dir='ltr'><strong>Christus</strong></span> <span class='ocrx_word' id='word_1_330' title='bbox 3322 1692 3454 1731; x_wconf 88' lang='lat' dir='ltr'><strong>vero</strong></span> 
     </span>
    </p>
   </div>
   <div class='ocr_carea' id='block_1_51' title="bbox 1873 1767 3453 1846">
    <p class='ocr_par' dir='ltr' id='par_1_51' title="bbox 1873 1767 3453 1846">
     <span class='ocr_line' id='line_1_51' title="bbox 1873 1767 3453 1846; baseline -0.008 -16"><span class='ocrx_word' id='word_1_331' title='bbox 1873 1779 2020 1832; x_wconf 85' lang='lat' dir='ltr'><strong>illius</strong></span> <span class='ocrx_word' id='word_1_332' title='bbox 2044 1778 2310 1832; x_wconf 85' lang='lat' dir='ltr'><strong>Dominus</strong></span> <span class='ocrx_word' id='word_1_333' title='bbox 2337 1776 2556 1846; x_wconf 84' lang='lat' dir='ltr'><strong>propria</strong></span> <span class='ocrx_word' id='word_1_334' title='bbox 2583 1776 2915 1829; x_wconf 89' lang='lat' dir='ltr'><strong>auctoritate</strong></span> <span class='ocrx_word' id='word_1_335' title='bbox 2933 1772 3235 1841; x_wconf 89' lang='lat' dir='ltr'><strong>ianitorum</strong></span> <span class='ocrx_word' id='word_1_336' title='bbox 3265 1767 3453 1828; x_wconf 81' lang='lat' dir='ltr'><strong>inferi,</strong></span> 
     </span>
    </p>
   </div>
   <div class='ocr_carea' id='block_1_52' title="bbox 1871 1861 3454 1925">
    <p class='ocr_par' dir='ltr' id='par_1_52' title="bbox 1871 1861 3454 1925">
     <span class='ocr_line' id='line_1_52' title="bbox 1871 1861 3454 1925; baseline -0.007 -1"><span class='ocrx_word' id='word_1_337' title='bbox 1871 1880 1925 1924; x_wconf 93' lang='lat' dir='ltr'><strong>et</strong></span> <span class='ocrx_word' id='word_1_338' title='bbox 1956 1869 2449 1925; x_wconf 85' lang='lat' dir='ltr'><strong>tenebricosissimi</strong></span> <span class='ocrx_word' id='word_1_339' title='bbox 2487 1868 2687 1922; x_wconf 85' lang='lat' dir='ltr'><strong>ibidem</strong></span> <span class='ocrx_word' id='word_1_340' title='bbox 2720 1865 2964 1919; x_wconf 85' lang='lat' dir='ltr'><strong>carceris</strong></span> <span class='ocrx_word' id='word_1_341' title='bbox 2996 1861 3289 1917; x_wconf 81' lang='lat' dir='ltr'><strong>custodum</strong></span> <span class='ocrx_word' id='word_1_342' title='bbox 3324 1876 3454 1914; x_wconf 79' lang='lat' dir='ltr'><strong>cru-</strong></span> 
     </span>
    </p>
   </div>
   <div class='ocr_carea' id='block_1_53' title="bbox 1872 1952 3454 2028">
    <p class='ocr_par' dir='ltr' id='par_1_53' title="bbox 1872 1952 3454 2028">
     <span class='ocr_line' id='line_1_53' title="bbox 1872 1952 3454 2028; baseline -0.006 -12"><span class='ocrx_word' id='word_1_343' title='bbox 1872 1963 2074 2016; x_wconf 87' lang='lat' dir='ltr'><strong>delium</strong></span> <span class='ocrx_word' id='word_1_344' title='bbox 2103 1962 2293 2015; x_wconf 82' lang='lat' dir='ltr'><strong>fauces</strong></span> <span class='ocrx_word' id='word_1_345' title='bbox 2321 1960 2556 2014; x_wconf 86' lang='lat' dir='ltr'><strong>occlusit</strong></span> <span class='ocrx_word' id='word_1_346' title='bbox 2589 1977 2602 2014; x_wconf 93' lang='lat'>:</span> <span class='ocrx_word' id='word_1_347' title='bbox 2636 1957 2784 2028; x_wconf 86' lang='lat' dir='ltr'><strong>quod</strong></span> <span class='ocrx_word' id='word_1_348' title='bbox 2819 1955 3293 2027; x_wconf 67' lang='lat' dir='ltr'><strong>prievaticinatum</strong></span> <span class='ocrx_word' id='word_1_349' title='bbox 3334 1952 3454 2006; x_wconf 86' lang='lat' dir='ltr'><strong>fue-</strong></span> 
     </span>
    </p>
   </div>
   <div class='ocr_carea' id='block_1_54' title="bbox 1872 2048 3454 2120">
    <p class='ocr_par' dir='ltr' id='par_1_54' title="bbox 1872 2048 3454 2120">
     <span class='ocr_line' id='line_1_54' title="bbox 1872 2048 3454 2120; baseline -0.006 -14"><span class='ocrx_word' id='word_1_350' title='bbox 1872 2065 1959 2108; x_wconf 86' lang='lat' dir='ltr'><strong>rat</strong></span> <span class='ocrx_word' id='word_1_351' title='bbox 1992 2056 2043 2108; x_wconf 93' lang='lat' dir='ltr'><strong>iu</strong></span> <span class='ocrx_word' id='word_1_352' title='bbox 2081 2056 2221 2108; x_wconf 82' lang='lat' dir='ltr'><strong>libro</strong></span> <span class='ocrx_word' id='word_1_353' title='bbox 2248 2053 2351 2108; x_wconf 82' lang='lat' dir='ltr'><strong>.Iob</strong></span> <span class='ocrx_word' id='word_1_354' title='bbox 2389 2073 2402 2107; x_wconf 89' lang='lat'><strong>:</strong></span> <span class='ocrx_word' id='word_1_355' title='bbox 2450 2072 2469 2104; x_wconf 82' lang='grc' dir='ltr'><strong>ι</strong></span> <span class='ocrx_word' id='word_1_356' title='bbox 2514 2051 2845 2120; x_wconf 83' lang='lat' dir='ltr'><strong>Aperientur</strong></span> <span class='ocrx_word' id='word_1_357' title='bbox 2898 2048 2997 2101; x_wconf 88' lang='lat' dir='ltr'><strong>tihi</strong></span> <span class='ocrx_word' id='word_1_358' title='bbox 3046 2048 3244 2100; x_wconf 87' lang='lat' dir='ltr'><strong>timore</strong></span> <span class='ocrx_word' id='word_1_359' title='bbox 3284 2053 3454 2114; x_wconf 64' lang='lat' dir='ltr'><strong>porta</strong></span> 
     </span>
    </p>
   </div>
   <div class='ocr_carea' id='block_1_55' title="bbox 1874 2143 3454 2213">
    <p class='ocr_par' dir='ltr' id='par_1_55' title="bbox 1874 2143 3454 2213">
     <span class='ocr_line' id='line_1_55' title="bbox 1874 2143 3454 2213; baseline -0.004 -15"><span class='ocrx_word' id='word_1_360' title='bbox 1874 2146 2071 2201; x_wconf 89' lang='lat' dir='ltr'><strong>mortis</strong></span> <span class='ocrx_word' id='word_1_361' title='bbox 2107 2163 2121 2199; x_wconf 91' lang='lat'><strong>:</strong></span> <span class='ocrx_word' id='word_1_362' title='bbox 2151 2145 2429 2213; x_wconf 88' lang='lat' dir='ltr'><strong>ianitores</strong></span> <span class='ocrx_word' id='word_1_363' title='bbox 2461 2160 2593 2197; x_wconf 79' lang='lat' dir='ltr'><strong>vero</strong></span> <span class='ocrx_word' id='word_1_364' title='bbox 2627 2145 2929 2198; x_wconf 85' lang='lat' dir='ltr'><strong>inferorum</strong></span> <span class='ocrx_word' id='word_1_365' title='bbox 2957 2143 3208 2197; x_wconf 81' lang='lat' dir='ltr'><strong>videntes</strong></span> <span class='ocrx_word' id='word_1_366' title='bbox 3240 2149 3293 2196; x_wconf 90' lang='lat' dir='ltr'><strong>te</strong></span> <span class='ocrx_word' id='word_1_367' title='bbox 3321 2156 3454 2195; x_wconf 88' lang='lat' dir='ltr'><strong>con-</strong></span> 
     </span>
    </p>
   </div>
   <div class='ocr_carea' id='block_1_56' title="bbox 1874 2218 3454 2303">
    <p class='ocr_par' dir='ltr' id='par_1_56' title="bbox 1874 2234 3454 2303">
     <span class='ocr_line' id='line_1_56' title="bbox 1874 2234 3454 2303; baseline -0.003 -12"><span class='ocrx_word' id='word_1_368' title='bbox 1874 2245 2219 2292; x_wconf 87' lang='lat' dir='ltr'><strong>tremuerunt</strong></span> <span class='ocrx_word' id='word_1_369' title='bbox 2273 2237 2316 2291; x_wconf 79' lang='grc'><strong>⁸⁵.</strong></span> <span class='ocrx_word' id='word_1_370' title='bbox 2380 2257 2398 2290; x_wconf 76' lang='grc' dir='ltr'><strong>ι</strong></span> <span class='ocrx_word' id='word_1_371' title='bbox 2451 2238 2557 2303; x_wconf 85' lang='lat' dir='ltr'><strong>Qui</strong></span> <span class='ocrx_word' id='word_1_372' title='bbox 2613 2238 2838 2291; x_wconf 83' lang='lat' dir='ltr'><strong>Christo</strong></span> <span class='ocrx_word' id='word_1_373' title='bbox 2897 2237 3292 2299; x_wconf 85' lang='lat' dir='ltr'><strong>crediderunt,</strong></span> <span class='ocrx_word' id='word_1_374' title='bbox 3344 2234 3454 2288; x_wconf 82' lang='lat' dir='ltr'><strong>vivi</strong></span> 
     </span>
    </p>
   </div>
   <div class='ocr_carea' id='block_1_57' title="bbox 1874 2327 3455 2397">
    <p class='ocr_par' dir='ltr' id='par_1_57' title="bbox 1874 2327 3455 2397">
     <span class='ocr_line' id='line_1_57' title="bbox 1874 2327 3455 2397; baseline -0.001 -16"><span class='ocrx_word' id='word_1_375' title='bbox 1874 2335 2306 2397; x_wconf 89' lang='lat' dir='ltr'><strong>nuncupantur;</strong></span> <span class='ocrx_word' id='word_1_376' title='bbox 2340 2328 2566 2389; x_wconf 82' lang='lat' dir='ltr'><strong>mortui,</strong></span> <span class='ocrx_word' id='word_1_377' title='bbox 2599 2329 2691 2395; x_wconf 86' lang='lat' dir='ltr'><strong>qui</strong></span> <span class='ocrx_word' id='word_1_378' title='bbox 2728 2340 2834 2381; x_wconf 88' lang='lat' dir='ltr'><strong>non</strong></span> <span class='ocrx_word' id='word_1_379' title='bbox 2859 2327 3218 2382; x_wconf 85' lang='lat' dir='ltr'><strong>crediderunt</strong></span> <span class='ocrx_word' id='word_1_380' title='bbox 3244 2345 3256 2381; x_wconf 94' lang='lat'>:</span> <span class='ocrx_word' id='word_1_381' title='bbox 3282 2342 3455 2395; x_wconf 89' lang='lat' dir='ltr'><strong>quare</strong></span> 
     </span>
    </p>
   </div>
   <div class='ocr_carea' id='block_1_58' title="bbox 1874 2415 3457 2484">
    <p class='ocr_par' dir='ltr' id='par_1_58' title="bbox 1874 2415 3457 2484">
     <span class='ocr_line' id='line_1_58' title="bbox 1874 2415 3457 2484; baseline -0.002 -12"><span class='ocrx_word' id='word_1_382' title='bbox 1874 2418 2143 2484; x_wconf 85' lang='lat' dir='ltr'><strong>scriptum</strong></span> <span class='ocrx_word' id='word_1_383' title='bbox 2180 2426 2302 2471; x_wconf 89' lang='lat' dir='ltr'><strong>est:</strong></span> <span class='ocrx_word' id='word_1_384' title='bbox 2339 2434 2359 2466; x_wconf 78' lang='grc' dir='ltr'><strong>ι</strong></span> <span class='ocrx_word' id='word_1_385' title='bbox 2401 2415 2466 2469; x_wconf 88' lang='lat' dir='ltr'><strong>Et</strong></span> <span class='ocrx_word' id='word_1_386' title='bbox 2493 2418 2646 2471; x_wconf 82' lang='lat' dir='ltr'><strong>stetit</strong></span> <span class='ocrx_word' id='word_1_387' title='bbox 2674 2419 2857 2470; x_wconf 81' lang='lat' dir='ltr'><strong>Aaron</strong></span> <span class='ocrx_word' id='word_1_388' title='bbox 2888 2416 3151 2471; x_wconf 88' lang='lat' dir='ltr'><strong>sacerdos</strong></span> <span class='ocrx_word' id='word_1_389' title='bbox 3186 2417 3240 2470; x_wconf 92' lang='lat' dir='ltr'><strong>in</strong></span> <span class='ocrx_word' id='word_1_390' title='bbox 3274 2415 3457 2469; x_wconf 87' lang='lat' dir='ltr'><strong>medio</strong></span> 
     </span>
    </p>
   </div>
   <div class='ocr_carea' id='block_1_59' title="bbox 1872 2506 3453 2562">
    <p class='ocr_par' dir='ltr' id='par_1_59' title="bbox 1872 2506 3453 2562">
     <span class='ocr_line' id='line_1_59' title="bbox 1872 2506 3453 2562; baseline -0.003 -1"><span class='ocrx_word' id='word_1_391' title='bbox 1872 2508 2121 2561; x_wconf 87' lang='lat' dir='ltr'><strong>vivorum</strong></span> <span class='ocrx_word' id='word_1_392' title='bbox 2198 2514 2253 2561; x_wconf 89' lang='lat' dir='ltr'><strong>et</strong></span> <span class='ocrx_word' id='word_1_393' title='bbox 2308 2507 2698 2561; x_wconf 83' lang='lat' dir='ltr'><strong>defunctorum</strong></span> <span class='ocrx_word' id='word_1_394' title='bbox 2755 2508 2798 2559; x_wconf 82' lang='grc'><strong>⁸.</strong></span> <span class='ocrx_word' id='word_1_395' title='bbox 2869 2527 2888 2559; x_wconf 73' lang='grc' dir='ltr'><strong>ι</strong></span> <span class='ocrx_word' id='word_1_396' title='bbox 2951 2506 3165 2562; x_wconf 81' lang='lat' dir='ltr'><strong>Medius</strong></span> <span class='ocrx_word' id='word_1_397' title='bbox 3250 2508 3453 2561; x_wconf 83' lang='lat' dir='ltr'><strong>etenim</strong></span> 
     </span>
    </p>
   </div>
   <div class='ocr_carea' id='block_1_60' title="bbox 1872 2598 3456 2669">
    <p class='ocr_par' dir='ltr' id='par_1_60' title="bbox 1872 2598 3456 2669">
     <span class='ocr_line' id='line_1_60' title="bbox 1872 2598 3456 2669; baseline -0.004 -13"><span class='ocrx_word' id='word_1_398' title='bbox 1872 2601 2127 2656; x_wconf 87' lang='lat' dir='ltr'><strong>Christus</strong></span> <span class='ocrx_word' id='word_1_399' title='bbox 2172 2598 2435 2653; x_wconf 88' lang='lat' dir='ltr'><strong>Dominus</strong></span> <span class='ocrx_word' id='word_1_400' title='bbox 2476 2608 2564 2655; x_wconf 92' lang='lat' dir='ltr'><strong>est</strong></span> <span class='ocrx_word' id='word_1_401' title='bbox 2611 2600 2752 2653; x_wconf 87' lang='lat' dir='ltr'><strong>inter</strong></span> <span class='ocrx_word' id='word_1_402' title='bbox 2779 2615 2898 2663; x_wconf 89' lang='lat' dir='ltr'><strong>eos,</strong></span> <span class='ocrx_word' id='word_1_403' title='bbox 2939 2599 3033 2669; x_wconf 87' lang='lat' dir='ltr'><strong>qui</strong></span> <span class='ocrx_word' id='word_1_404' title='bbox 3064 2614 3186 2652; x_wconf 91' lang='lat' dir='ltr'><strong>eum</strong></span> <span class='ocrx_word' id='word_1_405' title='bbox 3219 2612 3456 2667; x_wconf 80' lang='lat' dir='ltr'><strong>excepe-</strong></span> 
     </span>
    </p>
   </div>
   <div class='ocr_carea' id='block_1_61' title="bbox 1873 2688 3459 2759">
    <p class='ocr_par' dir='ltr' id='par_1_61' title="bbox 1873 2688 3459 2759">
     <span class='ocr_line' id='line_1_61' title="bbox 1873 2688 3459 2759; baseline -0.001 -15"><span class='ocrx_word' id='word_1_406' title='bbox 1873 2697 2024 2754; x_wconf 88' lang='lat' dir='ltr'><strong>runt,</strong></span> <span class='ocrx_word' id='word_1_407' title='bbox 2052 2698 2109 2745; x_wconf 87' lang='lat' dir='ltr'><strong>ct</strong></span> <span class='ocrx_word' id='word_1_408' title='bbox 2133 2705 2251 2754; x_wconf 90' lang='lat' dir='ltr'><strong>eos,</strong></span> <span class='ocrx_word' id='word_1_409' title='bbox 2278 2691 2371 2759; x_wconf 92' lang='lat' dir='ltr'><strong>qui</strong></span> <span class='ocrx_word' id='word_1_410' title='bbox 2398 2690 2691 2743; x_wconf 89' lang='lat' dir='ltr'><strong>noluerunt</strong></span> <span class='ocrx_word' id='word_1_411' title='bbox 2719 2705 2843 2744; x_wconf 91' lang='lat' dir='ltr'><strong>eum</strong></span> <span class='ocrx_word' id='word_1_412' title='bbox 2869 2690 3147 2759; x_wconf 74' lang='lat' dir='ltr'><strong>excipere.</strong></span> <span class='ocrx_word' id='word_1_413' title='bbox 3185 2688 3459 2743; x_wconf 85' lang='lat' dir='ltr'><strong>Testimo-</strong></span> 
     </span>
    </p>
   </div>
   <div class='ocr_carea' id='block_1_62' title="bbox 1874 2780 3459 2853">
    <p class='ocr_par' dir='ltr' id='par_1_62' title="bbox 1874 2780 3459 2853">
     <span class='ocr_line' id='line_1_62' title="bbox 1874 2780 3459 2853; baseline 0 -17"><span class='ocrx_word' id='word_1_414' title='bbox 1874 2782 2082 2850; x_wconf 91' lang='lat' dir='ltr'><strong>nioque</strong></span> <span class='ocrx_word' id='word_1_415' title='bbox 2122 2797 2226 2836; x_wconf 90' lang='lat' dir='ltr'><strong>suo</strong></span> <span class='ocrx_word' id='word_1_416' title='bbox 2268 2782 2320 2836; x_wconf 90' lang='lat' dir='ltr'><strong>id</strong></span> <span class='ocrx_word' id='word_1_417' title='bbox 2352 2782 2549 2853; x_wconf 87' lang='lat' dir='ltr'><strong>probat</strong></span> <span class='ocrx_word' id='word_1_418' title='bbox 2582 2781 2827 2836; x_wconf 81' lang='lat' dir='ltr'><strong>Joannes</strong></span> <span class='ocrx_word' id='word_1_419' title='bbox 2879 2780 3124 2851; x_wconf 81' lang='lat' dir='ltr'><strong>Baptista</strong></span> <span class='ocrx_word' id='word_1_420' title='bbox 3171 2781 3459 2851; x_wconf 87' lang='lat' dir='ltr'><strong>alloquens</strong></span> 
     </span>
    </p>
   </div>
   <div class='ocr_carea' id='block_1_63' title="bbox 1874 2873 3459 2948">
    <p class='ocr_par' dir='ltr' id='par_1_63' title="bbox 1874 2873 3459 2948">
     <span class='ocr_line' id='line_1_63' title="bbox 1874 2873 3459 2948; baseline 0.002 -22"><span class='ocrx_word' id='word_1_421' title='bbox 1874 2876 2138 2948; x_wconf 82' lang='lat' dir='ltr'><strong>populum</strong></span> <span class='ocrx_word' id='word_1_422' title='bbox 2202 2876 2257 2929; x_wconf 87' lang='lat' dir='ltr'><strong>in</strong></span> <span class='ocrx_word' id='word_1_423' title='bbox 2317 2874 2563 2930; x_wconf 72' lang='lat' dir='ltr'><strong>Iordane</strong></span> <span class='ocrx_word' id='word_1_424' title='bbox 2619 2893 2631 2929; x_wconf 89' lang='lat'><strong>:</strong></span> <span class='ocrx_word' id='word_1_425' title='bbox 2691 2892 2711 2925; x_wconf 76' lang='grc' dir='ltr'><strong>ι</strong></span> <span class='ocrx_word' id='word_1_426' title='bbox 2766 2873 2979 2931; x_wconf 81' lang='lat' dir='ltr'><strong>Medius</strong></span> <span class='ocrx_word' id='word_1_427' title='bbox 3030 2883 3274 2931; x_wconf 90' lang='lat' dir='ltr'><strong>vestrum</strong></span> <span class='ocrx_word' id='word_1_428' title='bbox 3324 2882 3459 2938; x_wconf 82' lang='lat' dir='ltr'><strong>stat.</strong></span> 
     </span>
    </p>
   </div>
   <div class='ocr_carea' id='block_1_64' title="bbox 1875 2965 2591 3039">
    <p class='ocr_par' dir='ltr' id='par_1_64' title="bbox 1875 2965 2591 3039">
     <span class='ocr_line' id='line_1_64' title="bbox 1875 2965 2591 3039; baseline -0.01 -17"><span class='ocrx_word' id='word_1_429' title='bbox 1875 2982 2041 3039; x_wconf 84' lang='lat' dir='ltr'><strong>quem</strong></span> <span class='ocrx_word' id='word_1_430' title='bbox 2062 2982 2161 3023; x_wconf 86' lang='lat' dir='ltr'><strong>vos</strong></span> <span class='ocrx_word' id='word_1_431' title='bbox 2187 2965 2458 3039; x_wconf 84' lang='lat' dir='ltr'><strong>ignoratis</strong></span> <span class='ocrx_word' id='word_1_432' title='bbox 2485 2966 2527 3019; x_wconf 78' lang='lat'><strong>°.</strong></span> <span class='ocrx_word' id='word_1_433' title='bbox 2573 2984 2591 3015; x_wconf 74' lang='grc' dir='ltr'><strong>ι</strong></span> 
     </span>
    </p>
   </div>
   <div class='ocr_carea' id='block_1_65' title="bbox 2258 3056 3017 3113">
    <p class='ocr_par' dir='ltr' id='par_1_65' title="bbox 2258 3056 3017 3113">
     <span class='ocr_line' id='line_1_65' title="bbox 2258 3056 3017 3113; baseline -0.003 0"><span class='ocrx_word' id='word_1_434' title='bbox 2258 3100 2265 3103; x_wconf 89' lang='grc'><strong><em>-</em></strong></span> <span class='ocrx_word' id='word_1_435' title='bbox 2372 3057 2665 3113; x_wconf 83' lang='lat' dir='ltr'><strong>LXXXIX.</strong></span> <span class='ocrx_word' id='word_1_436' title='bbox 2703 3088 2773 3100; x_wconf 93' lang='grc'><strong>--</strong></span> <span class='ocrx_word' id='word_1_437' title='bbox 2810 3056 3017 3112; x_wconf 80' lang='lat' dir='ltr'><strong>Eidem.</strong></span> 
     </span>
    </p>
   </div>
   <div class='ocr_carea' id='block_1_66' title="bbox 1949 3151 3459 3223">
    <p class='ocr_par' dir='ltr' id='par_1_66' title="bbox 1949 3151 3459 3223">
     <span class='ocr_line' id='line_1_66' title="bbox 1949 3151 3459 3223; baseline -0.003 -16"><span class='ocrx_word' id='word_1_438' title='bbox 1949 3151 2126 3219; x_wconf 83' lang='lat' dir='ltr'><strong>Quam</strong></span> <span class='ocrx_word' id='word_1_439' title='bbox 2156 3151 2700 3223; x_wconf 81' lang='lat' dir='ltr'><strong>perniciosissimum</strong></span> <span class='ocrx_word' id='word_1_440' title='bbox 2746 3159 2854 3214; x_wconf 87' lang='lat' dir='ltr'><strong>est,</strong></span> <span class='ocrx_word' id='word_1_441' title='bbox 2884 3164 3196 3204; x_wconf 88' lang='lat' dir='ltr'><strong>sermonem</strong></span> <span class='ocrx_word' id='word_1_442' title='bbox 3236 3164 3459 3213; x_wconf 86' lang='lat' dir='ltr'><strong>vanum,</strong></span> 
     </span>
    </p>
   </div>
   <div class='ocr_carea' id='block_1_67' title="bbox 177 3242 1771 3321">
    <p class='ocr_par' dir='ltr' id='par_1_67' title="bbox 177 3246 1771 3321">
     <span class='ocr_line' id='line_1_67' title="bbox 177 3246 1771 3321; baseline 0.003 -23"><span class='ocrx_word' id='word_1_443' title='bbox 177 3246 269 3299; x_wconf 78' lang='grc' dir='ltr'><strong>καὶ</strong></span> <span class='ocrx_word' id='word_1_444' title='bbox 300 3247 382 3318; x_wconf 80' lang='grc' dir='ltr'>μὴ</span> <span class='ocrx_word' id='word_1_445' title='bbox 416 3246 864 3318; x_wconf 85' lang='grc' dir='ltr'>συμϐαλλόμενον</span> <span class='ocrx_word' id='word_1_446' title='bbox 888 3251 955 3318; x_wconf 78' lang='grc' dir='ltr'>τῇ</span> <span class='ocrx_word' id='word_1_447' title='bbox 984 3252 1333 3318; x_wconf 77' lang='grc' dir='ltr'>πνευματικῇ</span> <span class='ocrx_word' id='word_1_448' title='bbox 1367 3249 1619 3320; x_wconf 78' lang='grc' dir='ltr'>οἰκοδομῇ</span> <span class='ocrx_word' id='word_1_449' title='bbox 1645 3267 1771 3321; x_wconf 75' lang='grc' dir='ltr'><strong>’προ⁴</strong></span> 
     </span>
    </p>
   </div>
   <div class='ocr_carea' id='block_1_68' title="bbox 1883 3242 3457 3321">
    <p class='ocr_par' dir='ltr' id='par_1_68' title="bbox 1883 3242 3457 3315">
     <span class='ocr_line' id='line_1_68' title="bbox 1883 3242 3457 3315; baseline -0.002 -15"><span class='ocrx_word' id='word_1_450' title='bbox 1883 3256 1937 3302; x_wconf 88' lang='lat' dir='ltr'><strong>et</strong></span> <span class='ocrx_word' id='word_1_451' title='bbox 1972 3246 2250 3308; x_wconf 85' lang='lat' dir='ltr'><strong>inutilem,</strong></span> <span class='ocrx_word' id='word_1_452' title='bbox 2279 3253 2336 3299; x_wconf 92' lang='lat' dir='ltr'><strong>et</strong></span> <span class='ocrx_word' id='word_1_453' title='bbox 2367 3243 2605 3314; x_wconf 86' lang='lat' dir='ltr'><strong>spiritali</strong></span> <span class='ocrx_word' id='word_1_454' title='bbox 2652 3242 2887 3297; x_wconf 60' lang='lat' dir='ltr'><strong>aedilicio</strong></span> <span class='ocrx_word' id='word_1_455' title='bbox 2917 3242 3028 3315; x_wconf 63' lang='grc'><strong>40</strong></span> <span class='ocrx_word' id='word_1_456' title='bbox 3075 3243 3298 3297; x_wconf 73' lang='grc' dir='ltr'>Ιηίιιίιιθ</span> <span class='ocrx_word' id='word_1_457' title='bbox 3332 3258 3457 3298; x_wconf 90' lang='lat' dir='ltr'><strong>con-</strong></span> 
     </span>
    </p>
   </div>
   <div class='ocr_carea' id='block_1_69' title="bbox 177 3337 1776 3413">
    <p class='ocr_par' dir='ltr' id='par_1_69' title="bbox 177 3337 1776 3413">
     <span class='ocr_line' id='line_1_69' title="bbox 177 3337 1776 3413; baseline 0.003 -24"><span class='ocrx_word' id='word_1_458' title='bbox 177 3337 368 3405; x_wconf 81' lang='grc' dir='ltr'>φὲρειν</span> <span class='ocrx_word' id='word_1_459' title='bbox 400 3339 469 3390; x_wconf 68' lang='grc' dir='ltr'>ἐκ</span> <span class='ocrx_word' id='word_1_460' title='bbox 524 3338 812 3408; x_wconf 83' lang='grc' dir='ltr'>στόματος,</span> <span class='ocrx_word' id='word_1_461' title='bbox 857 3339 1059 3409; x_wconf 81' lang='grc' dir='ltr'>ὁμοίως</span> <span class='ocrx_word' id='word_1_462' title='bbox 1099 3342 1193 3393; x_wconf 77' lang='grc' dir='ltr'><strong>καὶ</strong></span> <span class='ocrx_word' id='word_1_463' title='bbox 1243 3340 1304 3391; x_wconf 76' lang='grc' dir='ltr'>τὸ</span> <span class='ocrx_word' id='word_1_464' title='bbox 1356 3341 1578 3410; x_wconf 77' lang='grc' dir='ltr'>τρέφειν</span> <span class='ocrx_word' id='word_1_465' title='bbox 1611 3344 1668 3394; x_wconf 80' lang='grc' dir='ltr'>ὲν</span> <span class='ocrx_word' id='word_1_466' title='bbox 1710 3344 1776 3413; x_wconf 78' lang='grc' dir='ltr'>τῇ</span> 
     </span>
    </p>
   </div>
   <div class='ocr_carea' id='block_1_70' title="bbox 179 3425 1774 3503">
    <p class='ocr_par' dir='ltr' id='par_1_70' title="bbox 179 3425 1774 3503">
     <span class='ocr_line' id='line_1_70' title="bbox 179 3425 1774 3503; baseline 0.005 -26"><span class='ocrx_word' id='word_1_467' title='bbox 179 3425 381 3497; x_wconf 75' lang='grc' dir='ltr'>καρδίᾳ</span> <span class='ocrx_word' id='word_1_468' title='bbox 416 3425 550 3487; x_wconf 79' lang='grc' dir='ltr'>τοὺς</span> <span class='ocrx_word' id='word_1_469' title='bbox 585 3427 739 3495; x_wconf 71' lang='grc' dir='ltr'>ὄφεις</span> <span class='ocrx_word' id='word_1_470' title='bbox 786 3429 883 3482; x_wconf 80' lang='grc' dir='ltr'>καὶ</span> <span class='ocrx_word' id='word_1_471' title='bbox 933 3430 1066 3491; x_wconf 79' lang='grc' dir='ltr'>τοὺς</span> <span class='ocrx_word' id='word_1_472' title='bbox 1126 3429 1423 3500; x_wconf 85' lang='grc' dir='ltr'>σκορπίους</span> <span class='ocrx_word' id='word_1_473' title='bbox 1454 3431 1565 3483; x_wconf 88' lang='grc' dir='ltr'><strong>τῶν</strong></span> <span class='ocrx_word' id='word_1_474' title='bbox 1609 3449 1774 3503; x_wconf 86' lang='grc' dir='ltr'>πονη-</span> 
     </span>
    </p>
   </div>
   <div class='ocr_carea' id='block_1_71' title="bbox 183 3514 628 3586">
    <p class='ocr_par' dir='ltr' id='par_1_71' title="bbox 183 3514 628 3586">
     <span class='ocr_line' id='line_1_71' title="bbox 183 3514 628 3586; baseline 0.004 -20"><span class='ocrx_word' id='word_1_475' title='bbox 183 3514 291 3585; x_wconf 82' lang='grc' dir='ltr'>ρῶν</span> <span class='ocrx_word' id='word_1_476' title='bbox 316 3514 628 3586; x_wconf 84' lang='grc' dir='ltr'>λογισμῶν.</span> 
     </span>
    </p>
   </div>
   <div class='ocr_carea' id='block_1_72' title="bbox 723 3608 1243 3675">
    <p class='ocr_par' dir='ltr' id='par_1_72' title="bbox 723 3608 1243 3675">
     <span class='ocr_line' id='line_1_72' title="bbox 723 3608 1243 3675; baseline 0.004 -13"><span class='ocrx_word' id='word_1_477' title='bbox 723 3613 793 3675; x_wconf 55' lang='lat' dir='ltr'><strong>If.</strong></span> <span class='ocrx_word' id='word_1_478' title='bbox 821 3639 893 3649; x_wconf 90' lang='lat'><strong>--</strong></span> <span class='ocrx_word' id='word_1_479' title='bbox 937 3608 1021 3673; x_wconf 83' lang='grc' dir='ltr'><strong>Τῷ</strong></span> <span class='ocrx_word' id='word_1_480' title='bbox 1062 3608 1243 3675; x_wconf 82' lang='grc' dir='ltr'>αὐτῷ.</span> 
     </span>
    </p>
   </div>
   <div class='ocr_carea' id='block_1_73' title="bbox 248 3699 1777 3772">
    <p class='ocr_par' dir='ltr' id='par_1_73' title="bbox 248 3699 1777 3772">
     <span class='ocr_line' id='line_1_73' title="bbox 248 3699 1777 3772; baseline 0.001 -20"><span class='ocrx_word' id='word_1_481' title='bbox 248 3699 453 3763; x_wconf 80' lang='grc' dir='ltr'>Ποθείς</span> <span class='ocrx_word' id='word_1_482' title='bbox 498 3699 702 3768; x_wconf 82' lang='grc' dir='ltr'>γνῶναι</span> <span class='ocrx_word' id='word_1_483' title='bbox 750 3700 850 3763; x_wconf 72' lang='grc' dir='ltr'><strong>τὰς</strong></span> <span class='ocrx_word' id='word_1_484' title='bbox 884 3701 993 3753; x_wconf 84' lang='grc' dir='ltr'><strong>τῶν</strong></span> <span class='ocrx_word' id='word_1_485' title='bbox 1037 3701 1454 3772; x_wconf 85' lang='grc' dir='ltr'>πατριαρχικῶν</span> <span class='ocrx_word' id='word_1_486' title='bbox 1496 3702 1777 3770; x_wconf 82' lang='grc' dir='ltr'>ὀνομάτων</span> 
     </span>
    </p>
   </div>
   <div class='ocr_carea' id='block_1_74' title="bbox 181 3792 1775 3866">
    <p class='ocr_par' dir='ltr' id='par_1_74' title="bbox 181 3792 1775 3866">
     <span class='ocr_line' id='line_1_74' title="bbox 181 3792 1775 3866; baseline 0.002 -21"><span class='ocrx_word' id='word_1_487' title='bbox 181 3792 504 3863; x_wconf 69' lang='grc' dir='ltr'>ἑρμηνείας.</span> <span class='ocrx_word' id='word_1_488' title='bbox 542 3794 653 3847; x_wconf 75' lang='grc' dir='ltr'>Καὶ</span> <span class='ocrx_word' id='word_1_489' title='bbox 695 3793 759 3864; x_wconf 80' lang='grc' dir='ltr'>δὴ</span> <span class='ocrx_word' id='word_1_490' title='bbox 792 3794 931 3858; x_wconf 84' lang='grc' dir='ltr'>λέξω</span> <span class='ocrx_word' id='word_1_491' title='bbox 966 3811 1047 3847; x_wconf 86' lang='grc' dir='ltr'><strong>σοι</strong></span> <span class='ocrx_word' id='word_1_492' title='bbox 1068 3795 1291 3857; x_wconf 85' lang='grc' dir='ltr'>ταύτας.</span> <span class='ocrx_word' id='word_1_493' title='bbox 1330 3796 1557 3866; x_wconf 76' lang='grc' dir='ltr'>Ῥουϐὴν</span> <span class='ocrx_word' id='word_1_494' title='bbox 1600 3798 1775 3866; x_wconf 77' lang='grc' dir='ltr'>ἑρμη-</span> 
     </span>
    </p>
   </div>
   <div class='ocr_carea' id='block_1_75' title="bbox 180 3883 1771 3956">
    <p class='ocr_par' dir='ltr' id='par_1_75' title="bbox 180 3883 1771 3956">
     <span class='ocr_line' id='line_1_75' title="bbox 180 3883 1771 3956; baseline 0.003 -20"><span class='ocrx_word' id='word_1_495' title='bbox 180 3884 426 3948; x_wconf 79' lang='grc' dir='ltr'>νεύεται,</span> <span class='ocrx_word' id='word_1_496' title='bbox 477 3883 634 3952; x_wconf 77' lang='grc' dir='ltr'><strong>ὀρῶν</strong></span> <span class='ocrx_word' id='word_1_497' title='bbox 679 3887 845 3950; x_wconf 74' lang='grc' dir='ltr'>υἱόςο</span> <span class='ocrx_word' id='word_1_498' title='bbox 904 3886 1131 3956; x_wconf 86' lang='grc' dir='ltr'>Συμεὼν</span> <span class='ocrx_word' id='word_1_499' title='bbox 1177 3886 1256 3949; x_wconf 82' lang='grc' dir='ltr'><strong>δὲ,</strong></span> <span class='ocrx_word' id='word_1_500' title='bbox 1295 3887 1533 3953; x_wconf 80' lang='grc' dir='ltr'>ὑπακοὴ</span> <span class='ocrx_word' id='word_1_501' title='bbox 1584 3887 1733 3941; x_wconf 88' lang='grc' dir='ltr'>Θεοῦ</span> <span class='ocrx_word' id='word_1_502' title='bbox 1759 3903 1771 3915; x_wconf 83' lang='lat'><strong><em>°</em></strong></span> 
     </span>
    </p>
   </div>
   <div class='ocr_carea' id='block_1_76' title="bbox 183 3977 1772 4048">
    <p class='ocr_par' dir='ltr' id='par_1_76' title="bbox 183 3977 1772 4048">
     <span class='ocr_line' id='line_1_76' title="bbox 183 3977 1772 4048; baseline 0.001 -17"><span class='ocrx_word' id='word_1_503' title='bbox 183 3978 335 4045; x_wconf 78' lang='grc' dir='ltr'>Λευῒ,</span> <span class='ocrx_word' id='word_1_504' title='bbox 392 3977 733 4045; x_wconf 75' lang='grc' dir='ltr'>κολλητὸς,</span> <span class='ocrx_word' id='word_1_505' title='bbox 786 3979 1037 4032; x_wconf 80' lang='grc' dir='ltr'>τουτέστι</span> <span class='ocrx_word' id='word_1_506' title='bbox 1091 3979 1212 4047; x_wconf 83' lang='grc' dir='ltr'><strong>Θεῷ</strong></span> <span class='ocrx_word' id='word_1_507' title='bbox 1261 3978 1772 4048; x_wconf 80' lang='grc' dir='ltr'>προσκολλὼμενος,</span> 
     </span>
    </p>
   </div>
   <div class='ocr_carea' id='block_1_77' title="bbox 185 4067 1776 4142">
    <p class='ocr_par' dir='ltr' id='par_1_77' title="bbox 185 4067 1776 4142">
     <span class='ocr_line' id='line_1_77' title="bbox 185 4067 1776 4142; baseline -0.001 -19"><span class='ocrx_word' id='word_1_508' title='bbox 185 4071 275 4123; x_wconf 78' lang='grc' dir='ltr'><strong>καὶ</strong></span> <span class='ocrx_word' id='word_1_509' title='bbox 303 4067 740 4142; x_wconf 74' lang='grc' dir='ltr'>προσχρωτίζων</span> <span class='ocrx_word' id='word_1_510' title='bbox 760 4085 774 4099; x_wconf 89' lang='grc'><strong>·</strong></span> <span class='ocrx_word' id='word_1_511' title='bbox 811 4069 1037 4133; x_wconf 83' lang='grc' dir='ltr'>Ἰούδας,</span> <span class='ocrx_word' id='word_1_512' title='bbox 1082 4069 1525 4138; x_wconf 77' lang='grc' dir='ltr'>ἐξομολόγησις</span> <span class='ocrx_word' id='word_1_513' title='bbox 1551 4088 1564 4101; x_wconf 79' lang='grc'><em>’</em></span> <span class='ocrx_word' id='word_1_514' title='bbox 1604 4069 1776 4122; x_wconf 78' lang='grc' dir='ltr'>Ἰσσα-</span> 
     </span>
    </p>
   </div>
   <div class='ocr_carea' id='block_1_78' title="bbox 187 4161 1772 4232">
    <p class='ocr_par' dir='ltr' id='par_1_78' title="bbox 187 4161 1772 4232">
     <span class='ocr_line' id='line_1_78' title="bbox 187 4161 1772 4232; baseline -0.013 -16"><span class='ocrx_word' id='word_1_515' title='bbox 187 4180 309 4232; x_wconf 78' lang='grc' dir='ltr'>χαρ,</span> <span class='ocrx_word' id='word_1_516' title='bbox 341 4161 569 4229; x_wconf 82' lang='grc' dir='ltr'>μισθὸς</span> <span class='ocrx_word' id='word_1_517' title='bbox 590 4161 811 4230; x_wconf 78' lang='grc' dir='ltr'><strong>ἁγίων·</strong></span> <span class='ocrx_word' id='word_1_518' title='bbox 841 4161 1152 4227; x_wconf 86' lang='grc' dir='ltr'>Ζαϐουλὼν,</span> <span class='ocrx_word' id='word_1_519' title='bbox 1191 4164 1367 4229; x_wconf 68' lang='grc' dir='ltr'><strong>ῥύσις</strong></span> <span class='ocrx_word' id='word_1_520' title='bbox 1420 4164 1772 4230; x_wconf 66' lang='grc' dir='ltr'><strong>νυκτερίας.</strong></span> 
     </span>
    </p>
   </div>
   <div class='ocr_carea' id='block_1_79' title="bbox 197 4254 1771 4326">
    <p class='ocr_par' dir='ltr' id='par_1_79' title="bbox 197 4254 1771 4326">
     <span class='ocr_line' id='line_1_79' title="bbox 197 4254 1771 4326; baseline 0.001 -17"><span class='ocrx_word' id='word_1_521' title='bbox 197 4255 417 4326; x_wconf 78' lang='grc' dir='ltr'>Ἰωσὴφ,</span> <span class='ocrx_word' id='word_1_522' title='bbox 442 4255 667 4323; x_wconf 65' lang='grc' dir='ltr'>Κιιρίου</span> <span class='ocrx_word' id='word_1_523' title='bbox 686 4254 1005 4322; x_wconf 79' lang='grc' dir='ltr'>προσθήκη</span> <span class='ocrx_word' id='word_1_524' title='bbox 1030 4272 1043 4285; x_wconf 82' lang='grc'><em>’</em></span> <span class='ocrx_word' id='word_1_525' title='bbox 1076 4256 1356 4325; x_wconf 73' lang='grc' dir='ltr'>Βενιαμὶν,</span> <span class='ocrx_word' id='word_1_526' title='bbox 1387 4257 1518 4322; x_wconf 80' lang='grc' dir='ltr'>υἱὸς</span> <span class='ocrx_word' id='word_1_527' title='bbox 1541 4255 1771 4321; x_wconf 70' lang='grc' dir='ltr'>δεξιᾶςο</span> 
     </span>
    </p>
   </div>
   <div class='ocr_carea' id='block_1_80' title="bbox 187 4346 1773 4419">
    <p class='ocr_par' dir='ltr' id='par_1_80' title="bbox 187 4346 1773 4419">
     <span class='ocr_line' id='line_1_80' title="bbox 187 4346 1773 4419; baseline 0.001 -18"><span class='ocrx_word' id='word_1_528' title='bbox 187 4349 309 4414; x_wconf 51' lang='lat' dir='ltr'><strong>Adv,</strong></span> <span class='ocrx_word' id='word_1_529' title='bbox 335 4349 564 4417; x_wconf 74' lang='grc' dir='ltr'>κρΙσις-</span> <span class='ocrx_word' id='word_1_530' title='bbox 597 4346 908 4416; x_wconf 78' lang='grc' dir='ltr'>Νεφθαλὶμ,</span> <span class='ocrx_word' id='word_1_531' title='bbox 942 4348 1260 4416; x_wconf 77' lang='grc' dir='ltr'>ἀνειμένον</span> <span class='ocrx_word' id='word_1_532' title='bbox 1296 4349 1609 4419; x_wconf 79' lang='grc' dir='ltr'>στέλεχος,</span> <span class='ocrx_word' id='word_1_533' title='bbox 1654 4350 1773 4419; x_wconf 72' lang='grc' dir='ltr'>ἦτοι</span> 
     </span>
    </p>
   </div>
   <div class='ocr_carea' id='block_1_81' title="bbox 1881 3334 3458 3405">
    <p class='ocr_par' dir='ltr' id='par_1_81' title="bbox 1881 3334 3458 3405">
     <span class='ocr_line' id='line_1_81' title="bbox 1881 3334 3458 3405; baseline -0.002 -11"><span class='ocrx_word' id='word_1_534' title='bbox 1881 3340 2175 3395; x_wconf 86' lang='lat' dir='ltr'><strong>ducentem</strong></span> <span class='ocrx_word' id='word_1_535' title='bbox 2234 3355 2299 3393; x_wconf 80' lang='lat' dir='ltr'><strong>ex</strong></span> <span class='ocrx_word' id='word_1_536' title='bbox 2355 3353 2453 3391; x_wconf 90' lang='lat' dir='ltr'><strong>ore</strong></span> <span class='ocrx_word' id='word_1_537' title='bbox 2501 3336 2751 3405; x_wconf 83' lang='lat' dir='ltr'><strong>proferre</strong></span> <span class='ocrx_word' id='word_1_538' title='bbox 2804 3354 2819 3391; x_wconf 90' lang='lat'><strong>:</strong></span> <span class='ocrx_word' id='word_1_539' title='bbox 2876 3336 3134 3389; x_wconf 87' lang='lat' dir='ltr'><strong>similiter</strong></span> <span class='ocrx_word' id='word_1_540' title='bbox 3183 3337 3234 3389; x_wconf 85' lang='lat' dir='ltr'><strong>iII</strong></span> <span class='ocrx_word' id='word_1_541' title='bbox 3293 3334 3458 3391; x_wconf 78' lang='lat' dir='ltr'><strong>corde</strong></span> 
     </span>
    </p>
   </div>
   <div class='ocr_carea' id='block_1_82' title="bbox 1877 3426 3457 3500">
    <p class='ocr_par' dir='ltr' id='par_1_82' title="bbox 1877 3426 3457 3500">
     <span class='ocr_line' id='line_1_82' title="bbox 1877 3426 3457 3500; baseline -0.003 -16"><span class='ocrx_word' id='word_1_542' title='bbox 1877 3430 2095 3484; x_wconf 89' lang='lat' dir='ltr'><strong>nutrire</strong></span> <span class='ocrx_word' id='word_1_543' title='bbox 2142 3438 2452 3500; x_wconf 85' lang='lat' dir='ltr'><strong>serpentes,</strong></span> <span class='ocrx_word' id='word_1_544' title='bbox 2489 3434 2545 3482; x_wconf 89' lang='lat' dir='ltr'><strong>et</strong></span> <span class='ocrx_word' id='word_1_545' title='bbox 2576 3426 2903 3496; x_wconf 88' lang='lat' dir='ltr'><strong>scorpiones</strong></span> <span class='ocrx_word' id='word_1_546' title='bbox 2939 3426 3208 3480; x_wconf 85' lang='lat' dir='ltr'><strong>malarum</strong></span> <span class='ocrx_word' id='word_1_547' title='bbox 3252 3426 3457 3497; x_wconf 76' lang='lat' dir='ltr'><strong>cogita-</strong></span> 
     </span>
    </p>
   </div>
   <div class='ocr_carea' id='block_1_83' title="bbox 1878 3522 2115 3576">
    <p class='ocr_par' dir='ltr' id='par_1_83' title="bbox 1878 3522 2115 3576">
     <span class='ocr_line' id='line_1_83' title="bbox 1878 3522 2115 3576; baseline -0.004 0"><span class='ocrx_word' id='word_1_548' title='bbox 1878 3522 2115 3576; x_wconf 91' lang='lat' dir='ltr'><strong>tiouum.</strong></span> 
     </span>
    </p>
   </div>
   <div class='ocr_carea' id='block_1_84' title="bbox 2439 3608 2909 3666">
    <p class='ocr_par' dir='ltr' id='par_1_84' title="bbox 2439 3608 2909 3666">
     <span class='ocr_line' id='line_1_84' title="bbox 2439 3608 2909 3666; baseline -0.009 0"><span class='ocrx_word' id='word_1_549' title='bbox 2439 3610 2549 3666; x_wconf 85' lang='lat' dir='ltr'><strong>XC.</strong></span> <span class='ocrx_word' id='word_1_550' title='bbox 2590 3638 2663 3652; x_wconf 94' lang='lat'><em>-</em></span> <span class='ocrx_word' id='word_1_551' title='bbox 2700 3608 2909 3662; x_wconf 81' lang='lat' dir='ltr'><strong>Eidem.</strong></span> 
     </span>
    </p>
   </div>
   <div class='ocr_carea' id='block_1_85' title="bbox 1949 3700 3461 3773">
    <p class='ocr_par' dir='ltr' id='par_1_85' title="bbox 1949 3700 3461 3773">
     <span class='ocr_line' id='line_1_85' title="bbox 1949 3700 3461 3773; baseline -0.001 -15"><span class='ocrx_word' id='word_1_552' title='bbox 1949 3704 2120 3773; x_wconf 88' lang='lat' dir='ltr'><strong>Cupis</strong></span> <span class='ocrx_word' id='word_1_553' title='bbox 2156 3703 2599 3773; x_wconf 85' lang='lat' dir='ltr'><strong>patriarcharum</strong></span> <span class='ocrx_word' id='word_1_554' title='bbox 2642 3704 2925 3758; x_wconf 87' lang='lat' dir='ltr'><strong>nominum</strong></span> <span class='ocrx_word' id='word_1_555' title='bbox 2964 3700 3461 3772; x_wconf 85' lang='lat' dir='ltr'><strong>interpretationes</strong></span> 
     </span>
    </p>
   </div>
   <div class='ocr_carea' id='block_1_86' title="bbox 1877 3793 3451 3864">
    <p class='ocr_par' dir='ltr' id='par_1_86' title="bbox 1877 3793 3451 3864">
     <span class='ocr_line' id='line_1_86' title="bbox 1877 3793 3451 3864; baseline -0.005 -13"><span class='ocrx_word' id='word_1_556' title='bbox 1877 3797 2165 3851; x_wconf 83' lang='lat' dir='ltr'><strong>addiscere</strong></span> <span class='ocrx_word' id='word_1_557' title='bbox 2198 3797 2242 3849; x_wconf 90' lang='lat'><strong>&quot;.</strong></span> <span class='ocrx_word' id='word_1_558' title='bbox 2290 3794 2495 3849; x_wconf 86' lang='lat' dir='ltr'><strong>Morem</strong></span> <span class='ocrx_word' id='word_1_559' title='bbox 2543 3795 2641 3849; x_wconf 89' lang='lat' dir='ltr'><strong>tibi</strong></span> <span class='ocrx_word' id='word_1_560' title='bbox 2682 3809 2889 3864; x_wconf 83' lang='lat' dir='ltr'><strong>geram.</strong></span> <span class='ocrx_word' id='word_1_561' title='bbox 2939 3793 3132 3847; x_wconf 75' lang='lat' dir='ltr'><strong>Ruben</strong></span> <span class='ocrx_word' id='word_1_562' title='bbox 3177 3793 3451 3856; x_wconf 86' lang='lat' dir='ltr'><strong>redditur,</strong></span> 
     </span>
    </p>
   </div>
   <div class='ocr_carea' id='block_1_87' title="bbox 1887 3883 3455 3954">
    <p class='ocr_par' dir='ltr' id='par_1_87' title="bbox 1887 3883 3455 3954">
     <span class='ocr_line' id='line_1_87' title="bbox 1887 3883 3455 3954; baseline -0.003 -13"><span class='ocrx_word' id='word_1_563' title='bbox 1887 3887 2078 3941; x_wconf 74' lang='lat' dir='ltr'><strong>Videas</strong></span> <span class='ocrx_word' id='word_1_564' title='bbox 2106 3886 2294 3954; x_wconf 78' lang='lat' dir='ltr'><strong>ﬁlius;</strong></span> <span class='ocrx_word' id='word_1_565' title='bbox 2326 3885 2569 3946; x_wconf 85' lang='lat' dir='ltr'><strong>Simeon.</strong></span> <span class='ocrx_word' id='word_1_566' title='bbox 2623 3884 2932 3940; x_wconf 79' lang='lat' dir='ltr'><strong>Obedienlia</strong></span> <span class='ocrx_word' id='word_1_567' title='bbox 2972 3885 3100 3947; x_wconf 84' lang='lat' dir='ltr'><strong>Dei;</strong></span> <span class='ocrx_word' id='word_1_568' title='bbox 3136 3883 3285 3949; x_wconf 85' lang='lat' dir='ltr'><strong>Levi,</strong></span> <span class='ocrx_word' id='word_1_569' title='bbox 3323 3900 3455 3937; x_wconf 88' lang='lat' dir='ltr'><strong>con-</strong></span> 
     </span>
    </p>
   </div>
   <div class='ocr_carea' id='block_1_88' title="bbox 1874 3976 3454 4050">
    <p class='ocr_par' dir='ltr' id='par_1_88' title="bbox 1874 3976 3454 4050">
     <span class='ocr_line' id='line_1_88' title="bbox 1874 3976 3454 4050; baseline -0.002 -20"><span class='ocrx_word' id='word_1_570' title='bbox 1874 3979 2193 4050; x_wconf 82' lang='lat' dir='ltr'><strong>glutinatus,</strong></span> <span class='ocrx_word' id='word_1_571' title='bbox 2239 3976 2348 4033; x_wconf 88' lang='lat' dir='ltr'><strong>Deo</strong></span> <span class='ocrx_word' id='word_1_572' title='bbox 2373 3992 2571 4046; x_wconf 89' lang='lat' dir='ltr'><strong>nempe</strong></span> <span class='ocrx_word' id='word_1_573' title='bbox 2599 3977 2871 4039; x_wconf 78' lang='lat' dir='ltr'><strong>adnexus,</strong></span> <span class='ocrx_word' id='word_1_574' title='bbox 2917 3985 2973 4031; x_wconf 89' lang='lat' dir='ltr'><strong>et</strong></span> <span class='ocrx_word' id='word_1_575' title='bbox 3009 3976 3229 4045; x_wconf 87' lang='lat' dir='ltr'><strong>corpori</strong></span> <span class='ocrx_word' id='word_1_576' title='bbox 3272 3976 3454 4030; x_wconf 84' lang='lat' dir='ltr'><strong>conli-</strong></span> 
     </span>
    </p>
   </div>
   <div class='ocr_carea' id='block_1_89' title="bbox 1877 4066 3458 4139">
    <p class='ocr_par' dir='ltr' id='par_1_89' title="bbox 1877 4066 3458 4139">
     <span class='ocr_line' id='line_1_89' title="bbox 1877 4066 3458 4139; baseline -0.004 -14"><span class='ocrx_word' id='word_1_577' title='bbox 1877 4086 2050 4139; x_wconf 78' lang='lat' dir='ltr'><strong>guus;</strong></span> <span class='ocrx_word' id='word_1_578' title='bbox 2096 4068 2293 4131; x_wconf 86' lang='lat' dir='ltr'><strong>Judas.</strong></span> <span class='ocrx_word' id='word_1_579' title='bbox 2329 4067 2652 4137; x_wconf 79' lang='lat' dir='ltr'><strong>Confessio;</strong></span> <span class='ocrx_word' id='word_1_580' title='bbox 2684 4068 2962 4131; x_wconf 81' lang='lat' dir='ltr'><strong>lssacliar,</strong></span> <span class='ocrx_word' id='word_1_581' title='bbox 3000 4066 3203 4121; x_wconf 80' lang='lat' dir='ltr'><strong>Merces</strong></span> <span class='ocrx_word' id='word_1_582' title='bbox 3246 4078 3458 4121; x_wconf 81' lang='lat' dir='ltr'><strong>saneto-</strong></span> 
     </span>
    </p>
   </div>
   <div class='ocr_carea' id='block_1_90' title="bbox 1875 4158 3460 4229">
    <p class='ocr_par' dir='ltr' id='par_1_90' title="bbox 1875 4158 3460 4229">
     <span class='ocr_line' id='line_1_90' title="bbox 1875 4158 3460 4229; baseline -0.003 -11"><span class='ocrx_word' id='word_1_583' title='bbox 1875 4180 2033 4229; x_wconf 84' lang='lat' dir='ltr'><strong>rum;</strong></span> <span class='ocrx_word' id='word_1_584' title='bbox 2068 4162 2342 4225; x_wconf 82' lang='lat' dir='ltr'><strong>Zabulon,</strong></span> <span class='ocrx_word' id='word_1_585' title='bbox 2374 4160 2653 4215; x_wconf 79' lang='lat' dir='ltr'><strong>Nocturna</strong></span> <span class='ocrx_word' id='word_1_586' title='bbox 2685 4162 2965 4225; x_wconf 82' lang='lat' dir='ltr'><strong>liberntio;</strong></span> <span class='ocrx_word' id='word_1_587' title='bbox 2990 4158 3219 4229; x_wconf 68' lang='lat' dir='ltr'><strong>Ioseph,</strong></span> <span class='ocrx_word' id='word_1_588' title='bbox 3247 4159 3460 4214; x_wconf 83' lang='lat' dir='ltr'><strong>Domini</strong></span> 
     </span>
    </p>
   </div>
   <div class='ocr_carea' id='block_1_91' title="bbox 1874 4251 3459 4320">
    <p class='ocr_par' dir='ltr' id='par_1_91' title="bbox 1874 4251 3459 4320">
     <span class='ocr_line' id='line_1_91' title="bbox 1874 4251 3459 4320; baseline -0.004 -9"><span class='ocrx_word' id='word_1_589' title='bbox 1874 4255 2329 4317; x_wconf 84' lang='lat' dir='ltr'><strong>additamentum;</strong></span> <span class='ocrx_word' id='word_1_590' title='bbox 2379 4253 2701 4320; x_wconf 84' lang='lat' dir='ltr'><strong>Beniamin,</strong></span> <span class='ocrx_word' id='word_1_591' title='bbox 2755 4252 2940 4306; x_wconf 76' lang='lat' dir='ltr'><strong>Filius</strong></span> <span class='ocrx_word' id='word_1_592' title='bbox 2990 4253 3252 4313; x_wconf 57' lang='grc' dir='ltr'><strong>ἀρέσειεν-αξξ</strong></span> <span class='ocrx_word' id='word_1_593' title='bbox 3303 4251 3459 4317; x_wconf 86' lang='lat' dir='ltr'><strong>Dau,</strong></span> 
     </span>
    </p>
   </div>
   <div class='ocr_carea' id='block_1_92' title="bbox 1874 4343 3450 4414">
    <p class='ocr_par' dir='ltr' id='par_1_92' title="bbox 1874 4343 3450 4414">
     <span class='ocr_line' id='line_1_92' title="bbox 1874 4343 3450 4414; baseline -0.001 -15"><span class='ocrx_word' id='word_1_594' title='bbox 1874 4346 2188 4403; x_wconf 71' lang='lat' dir='ltr'><strong>Iudicium;</strong></span> <span class='ocrx_word' id='word_1_595' title='bbox 2236 4343 2622 4414; x_wconf 82' lang='lat' dir='ltr'><strong>Nephthalim,</strong></span> <span class='ocrx_word' id='word_1_596' title='bbox 2695 4343 2968 4397; x_wconf 72' lang='lat' dir='ltr'><strong>Demissus</strong></span> <span class='ocrx_word' id='word_1_597' title='bbox 3024 4353 3271 4407; x_wconf 76' lang='lat' dir='ltr'><strong>truncus,</strong></span> <span class='ocrx_word' id='word_1_598' title='bbox 3332 4343 3450 4398; x_wconf 88' lang='lat' dir='ltr'><strong>sive</strong></span> 
     </span>
    </p>
   </div>
   <div class='ocr_carea' id='block_1_93' title="bbox 186 4434 1771 4509">
    <p class='ocr_par' dir='ltr' id='par_1_93' title="bbox 186 4437 1769 4509">
     <span class='ocr_line' id='line_1_93' title="bbox 186 4437 1769 4509; baseline -0.001 -17"><span class='ocrx_word' id='word_1_599' title='bbox 186 4437 500 4508; x_wconf 68' lang='grc' dir='ltr'>προσευχὴ</span> <span class='ocrx_word' id='word_1_600' title='bbox 522 4454 536 4467; x_wconf 86' lang='grc'><strong>·</strong></span> <span class='ocrx_word' id='word_1_601' title='bbox 570 4437 698 4501; x_wconf 81' lang='grc' dir='ltr'>Γὰδ,</span> <span class='ocrx_word' id='word_1_602' title='bbox 750 4439 1191 4503; x_wconf 81' lang='grc' dir='ltr'>εὐεπίτευκτος,</span> <span class='ocrx_word' id='word_1_603' title='bbox 1234 4440 1402 4507; x_wconf 71' lang='grc' dir='ltr'>ἤγουν</span> <span class='ocrx_word' id='word_1_604' title='bbox 1434 4438 1769 4509; x_wconf 73' lang='grc' dir='ltr'>τυγχάνων-ο</span> 
     </span>
    </p>
   </div>
   <div class='ocr_carea' id='block_1_94' title="bbox 1883 4434 3455 4509">
    <p class='ocr_par' dir='ltr' id='par_1_94' title="bbox 1883 4434 3455 4504">
     <span class='ocr_line' id='line_1_94' title="bbox 1883 4434 3455 4504; baseline -0.002 -13"><span class='ocrx_word' id='word_1_605' title='bbox 1883 4437 2109 4501; x_wconf 77' lang='lat' dir='ltr'><strong>Oratio;</strong></span> <span class='ocrx_word' id='word_1_606' title='bbox 2150 4434 2290 4500; x_wconf 88' lang='lat' dir='ltr'><strong>Gad,</strong></span> <span class='ocrx_word' id='word_1_607' title='bbox 2331 4436 2415 4488; x_wconf 83' lang='lat' dir='ltr'><strong>Ad</strong></span> <span class='ocrx_word' id='word_1_608' title='bbox 2463 4435 2781 4504; x_wconf 83' lang='lat' dir='ltr'><strong>loquendum</strong></span> <span class='ocrx_word' id='word_1_609' title='bbox 2824 4435 3026 4504; x_wconf 78' lang='lat' dir='ltr'><strong>facilis,</strong></span> <span class='ocrx_word' id='word_1_610' title='bbox 3071 4451 3167 4489; x_wconf 88' lang='lat' dir='ltr'><strong>seu</strong></span> <span class='ocrx_word' id='word_1_611' title='bbox 3220 4436 3289 4488; x_wconf 90' lang='lat' dir='ltr'><strong>ad</strong></span> <span class='ocrx_word' id='word_1_612' title='bbox 3332 4451 3455 4489; x_wconf 84' lang='lat' dir='ltr'><strong>con-</strong></span> 
     </span>
    </p>
   </div>
   <div class='ocr_carea' id='block_1_95' title="bbox 199 4529 1208 4603">
    <p class='ocr_par' dir='ltr' id='par_1_95' title="bbox 199 4529 1208 4603">
     <span class='ocr_line' id='line_1_95' title="bbox 199 4529 1208 4603; baseline -0.001 -18"><span class='ocrx_word' id='word_1_613' title='bbox 199 4532 389 4603; x_wconf 60' lang='lat' dir='ltr'><strong>‘Aoﬁp,</strong></span> <span class='ocrx_word' id='word_1_614' title='bbox 428 4529 720 4594; x_wconf 77' lang='grc' dir='ltr'>πλοῦτος,</span> <span class='ocrx_word' id='word_1_615' title='bbox 748 4531 781 4598; x_wconf 82' lang='grc' dir='ltr'>ἢ</span> <span class='ocrx_word' id='word_1_616' title='bbox 809 4531 1208 4598; x_wconf 80' lang='grc' dir='ltr'>μακαρισμός.</span> 
     </span>
    </p>
   </div>
   <div class='ocr_carea' id='block_1_96' title="bbox 686 4619 1268 4687">
    <p class='ocr_par' dir='ltr' id='par_1_96' title="bbox 686 4619 1268 4687">
     <span class='ocr_line' id='line_1_96' title="bbox 686 4619 1268 4687; baseline 0.005 -14"><span class='ocrx_word' id='word_1_617' title='bbox 686 4620 803 4686; x_wconf 58' lang='grc' dir='ltr'><strong>ιιΑυ.</strong></span> <span class='ocrx_word' id='word_1_618' title='bbox 837 4650 909 4659; x_wconf 93' lang='lat'><strong>—</strong></span> <span class='ocrx_word' id='word_1_619' title='bbox 959 4619 1048 4685; x_wconf 85' lang='grc' dir='ltr'><strong>Τῷ</strong></span> <span class='ocrx_word' id='word_1_620' title='bbox 1085 4619 1268 4687; x_wconf 82' lang='grc' dir='ltr'>αὐτῷ.</span> 
     </span>
    </p>
   </div>
   <div class='ocr_carea' id='block_1_97' title="bbox 266 4711 1774 4785">
    <p class='ocr_par' dir='ltr' id='par_1_97' title="bbox 266 4711 1774 4785">
     <span class='ocr_line' id='line_1_97' title="bbox 266 4711 1774 4785; baseline 0.001 -18"><span class='ocrx_word' id='word_1_621' title='bbox 266 4713 598 4779; x_wconf 79' lang='grc' dir='ltr'>Ἐναλλὰξας</span> <span class='ocrx_word' id='word_1_622' title='bbox 623 4711 725 4774; x_wconf 82' lang='grc' dir='ltr'>τὰς</span> <span class='ocrx_word' id='word_1_623' title='bbox 764 4714 950 4782; x_wconf 83' lang='grc' dir='ltr'>χεῖρας</span> <span class='ocrx_word' id='word_1_624' title='bbox 987 4713 1016 4764; x_wconf 84' lang='grc' dir='ltr'>ὁ</span> <span class='ocrx_word' id='word_1_625' title='bbox 1059 4711 1211 4780; x_wconf 79' lang='grc' dir='ltr'>ἆγιος</span> <span class='ocrx_word' id='word_1_626' title='bbox 1247 4712 1464 4779; x_wconf 85' lang='grc' dir='ltr'>Ἰακὼϐ,</span> <span class='ocrx_word' id='word_1_627' title='bbox 1493 4714 1619 4777; x_wconf 82' lang='grc' dir='ltr'>τοὺς</span> <span class='ocrx_word' id='word_1_628' title='bbox 1645 4715 1774 4785; x_wconf 72' lang='grc' dir='ltr'>περὶ</span> 
     </span>
    </p>
   </div>
   <div class='ocr_carea' id='block_1_98' title="bbox 191 4805 1773 4878">
    <p class='ocr_par' dir='ltr' id='par_1_98' title="bbox 191 4805 1773 4878">
     <span class='ocr_line' id='line_1_98' title="bbox 191 4805 1773 4878; baseline 0.001 -20"><span class='ocrx_word' id='word_1_629' title='bbox 191 4806 292 4858; x_wconf 82' lang='grc' dir='ltr'>τῶν</span> <span class='ocrx_word' id='word_1_630' title='bbox 337 4806 586 4878; x_wconf 75' lang='grc' dir='ltr'>Ἐφραὶμ</span> <span class='ocrx_word' id='word_1_631' title='bbox 648 4806 745 4858; x_wconf 87' lang='grc' dir='ltr'><strong>καί</strong></span> <span class='ocrx_word' id='word_1_632' title='bbox 789 4806 879 4856; x_wconf 85' lang='grc' dir='ltr'><strong>τὸν</strong></span> <span class='ocrx_word' id='word_1_633' title='bbox 930 4806 1235 4873; x_wconf 71' lang='grc' dir='ltr'>Μανασσῆν</span> <span class='ocrx_word' id='word_1_634' title='bbox 1294 4805 1621 4875; x_wconf 78' lang='grc' dir='ltr'>ηὐλόγησεν.</span> <span class='ocrx_word' id='word_1_635' title='bbox 1663 4809 1773 4860; x_wconf 82' lang='grc' dir='ltr'><strong>Καὶ</strong></span> 
     </span>
    </p>
   </div>
   <div class='ocr_carea' id='block_1_99' title="bbox 196 4896 1773 4969">
    <p class='ocr_par' dir='ltr' id='par_1_99' title="bbox 196 4896 1773 4969">
     <span class='ocr_line' id='line_1_99' title="bbox 196 4896 1773 4969; baseline 0.003 -21"><span class='ocrx_word' id='word_1_636' title='bbox 196 4899 355 4968; x_wconf 76' lang='grc' dir='ltr'>βλέπε</span> <span class='ocrx_word' id='word_1_637' title='bbox 386 4900 448 4951; x_wconf 79' lang='grc' dir='ltr'><strong>τὸ</strong></span> <span class='ocrx_word' id='word_1_638' title='bbox 477 4897 821 4967; x_wconf 83' lang='grc' dir='ltr'>Θαυμαστόν·</span> <span class='ocrx_word' id='word_1_639' title='bbox 848 4899 914 4967; x_wconf 79' lang='grc' dir='ltr'>τῇ</span> <span class='ocrx_word' id='word_1_640' title='bbox 952 4896 1063 4965; x_wconf 86' lang='grc' dir='ltr'><strong>γὰρ</strong></span> <span class='ocrx_word' id='word_1_641' title='bbox 1110 4897 1381 4969; x_wconf 82' lang='grc' dir='ltr'>ἐναλλαγῇ</span> <span class='ocrx_word' id='word_1_642' title='bbox 1420 4899 1530 4951; x_wconf 84' lang='grc' dir='ltr'>τῶν</span> <span class='ocrx_word' id='word_1_643' title='bbox 1572 4898 1773 4968; x_wconf 83' lang='grc' dir='ltr'>χειρῶν</span> 
     </span>
    </p>
   </div>
   <div class='ocr_carea' id='block_1_100' title="bbox 194 4988 1774 5060">
    <p class='ocr_par' dir='ltr' id='par_1_100' title="bbox 194 4988 1774 5060">
     <span class='ocr_line' id='line_1_100' title="bbox 194 4988 1774 5060; baseline 0.002 -19"><span class='ocrx_word' id='word_1_644' title='bbox 194 4990 513 5052; x_wconf 79' lang='grc' dir='ltr'>ὲκτυπὼσας</span> <span class='ocrx_word' id='word_1_645' title='bbox 540 4989 634 5041; x_wconf 81' lang='grc' dir='ltr'><strong>τὸν</strong></span> <span class='ocrx_word' id='word_1_646' title='bbox 683 4989 918 5059; x_wconf 80' lang='grc' dir='ltr'>σταυρὸν</span> <span class='ocrx_word' id='word_1_647' title='bbox 964 4988 1059 5041; x_wconf 81' lang='grc' dir='ltr'>τοῦ</span> <span class='ocrx_word' id='word_1_648' title='bbox 1104 4990 1333 5059; x_wconf 81' lang='grc' dir='ltr'>Κυρίου,</span> <span class='ocrx_word' id='word_1_649' title='bbox 1380 4991 1623 5060; x_wconf 79' lang='grc' dir='ltr'>παρέσχε</span> <span class='ocrx_word' id='word_1_650' title='bbox 1660 4994 1774 5055; x_wconf 85' lang='grc' dir='ltr'>τοῖς</span> 
     </span>
    </p>
   </div>
   <div class='ocr_carea' id='block_1_101' title="bbox 194 5080 1773 5153">
    <p class='ocr_par' dir='ltr' id='par_1_101' title="bbox 194 5080 1773 5153">
     <span class='ocr_line' id='line_1_101' title="bbox 194 5080 1773 5153; baseline 0.001 -19"><span class='ocrx_word' id='word_1_651' title='bbox 194 5084 429 5150; x_wconf 80' lang='grc' dir='ltr'>ἐγγόνοις</span> <span class='ocrx_word' id='word_1_652' title='bbox 461 5081 560 5143; x_wconf 79' lang='grc' dir='ltr'>τὰς</span> <span class='ocrx_word' id='word_1_653' title='bbox 585 5081 737 5143; x_wconf 78' lang='grc' dir='ltr'>Θείας</span> <span class='ocrx_word' id='word_1_654' title='bbox 763 5080 1035 5148; x_wconf 80' lang='grc' dir='ltr'>εὐλογίας,</span> <span class='ocrx_word' id='word_1_655' title='bbox 1067 5083 1161 5133; x_wconf 81' lang='grc' dir='ltr'>καὶ</span> <span class='ocrx_word' id='word_1_656' title='bbox 1193 5083 1375 5151; x_wconf 79' lang='grc' dir='ltr'>τίθησι</span> <span class='ocrx_word' id='word_1_657' title='bbox 1419 5082 1517 5135; x_wconf 85' lang='grc' dir='ltr'>τὸν,</span> <span class='ocrx_word' id='word_1_658' title='bbox 1559 5083 1773 5153; x_wconf 84' lang='grc' dir='ltr'>πρῶτον</span> 
     </span>
    </p>
   </div>
   <div class='ocr_carea' id='block_1_102' title="bbox 197 5172 1276 5247">
    <p class='ocr_par' dir='ltr' id='par_1_102' title="bbox 197 5172 1276 5247">
     <span class='ocr_line' id='line_1_102' title="bbox 197 5172 1276 5247; baseline 0 -21"><span class='ocrx_word' id='word_1_659' title='bbox 197 5174 445 5247; x_wconf 80' lang='grc' dir='ltr'>δεύτερον</span> <span class='ocrx_word' id='word_1_660' title='bbox 497 5174 593 5227; x_wconf 76' lang='grc' dir='ltr'>καὶ</span> <span class='ocrx_word' id='word_1_661' title='bbox 624 5173 721 5225; x_wconf 77' lang='grc' dir='ltr'>τὸν.</span> <span class='ocrx_word' id='word_1_662' title='bbox 752 5173 1005 5242; x_wconf 83' lang='grc' dir='ltr'>δεύτερον</span> <span class='ocrx_word' id='word_1_663' title='bbox 1036 5172 1276 5242; x_wconf 85' lang='grc' dir='ltr'>πρῶτον.</span> 
     </span>
    </p>
   </div>
   <div class='ocr_carea' id='block_1_103' title="bbox 685 5262 1268 5330">
    <p class='ocr_par' dir='ltr' id='par_1_103' title="bbox 685 5262 1268 5330">
     <span class='ocr_line' id='line_1_103' title="bbox 685 5262 1268 5330; baseline 0.003 -15"><span class='ocrx_word' id='word_1_664' title='bbox 685 5263 801 5330; x_wconf 59' lang='lat' dir='ltr'><strong>HB&#39;.</strong></span> <span class='ocrx_word' id='word_1_665' title='bbox 843 5295 915 5303; x_wconf 98' lang='lat'><strong>—</strong></span> <span class='ocrx_word' id='word_1_666' title='bbox 967 5263 1051 5329; x_wconf 83' lang='grc' dir='ltr'><strong>Τῷ</strong></span> <span class='ocrx_word' id='word_1_667' title='bbox 1088 5262 1268 5328; x_wconf 80' lang='grc' dir='ltr'>αὐτῷ.</span> 
     </span>
    </p>
   </div>
   <div class='ocr_carea' id='block_1_104' title="bbox 274 5354 1771 5428">
    <p class='ocr_par' dir='ltr' id='par_1_104' title="bbox 274 5354 1771 5428">
     <span class='ocr_line' id='line_1_104' title="bbox 274 5354 1771 5428; baseline -0.001 -17"><span class='ocrx_word' id='word_1_668' title='bbox 274 5357 331 5411; x_wconf 86' lang='grc'><strong>’0</strong></span> <span class='ocrx_word' id='word_1_669' title='bbox 358 5355 596 5428; x_wconf 83' lang='grc' dir='ltr'>σταυρὸς</span> <span class='ocrx_word' id='word_1_670' title='bbox 644 5354 885 5426; x_wconf 83' lang='grc' dir='ltr'>Χριστοῦ</span> <span class='ocrx_word' id='word_1_671' title='bbox 932 5354 1027 5407; x_wconf 79' lang='grc' dir='ltr'>τοῦ</span> <span class='ocrx_word' id='word_1_672' title='bbox 1074 5354 1590 5423; x_wconf 83' lang='grc' dir='ltr'>φιλανθρωποτάτου</span> <span class='ocrx_word' id='word_1_673' title='bbox 1642 5357 1771 5421; x_wconf 81' lang='grc' dir='ltr'>τοὺς</span> 
     </span>
    </p>
   </div>
   <div class='ocr_carea' id='block_1_105' title="bbox 202 5444 1774 5515">
    <p class='ocr_par' dir='ltr' id='par_1_105' title="bbox 202 5444 1774 5515">
     <span class='ocr_line' id='line_1_105' title="bbox 202 5444 1774 5515; baseline 0 -16"><span class='ocrx_word' id='word_1_674' title='bbox 202 5447 439 5513; x_wconf 81' lang='grc' dir='ltr'>πρώτους</span> <span class='ocrx_word' id='word_1_675' title='bbox 489 5445 777 5514; x_wconf 84' lang='grc' dir='ltr'>δευτέρους</span> <span class='ocrx_word' id='word_1_676' title='bbox 819 5444 1070 5511; x_wconf 81' lang='grc' dir='ltr'>ἀπέδειξε</span> <span class='ocrx_word' id='word_1_677' title='bbox 1100 5444 1188 5497; x_wconf 86' lang='grc' dir='ltr'>διὰ</span> <span class='ocrx_word' id='word_1_678' title='bbox 1238 5445 1337 5515; x_wconf 76' lang='grc' dir='ltr'>τὴν</span> <span class='ocrx_word' id='word_1_679' title='bbox 1390 5445 1540 5514; x_wconf 86' lang='grc' dir='ltr'>σφῶν</span> <span class='ocrx_word' id='word_1_680' title='bbox 1584 5445 1774 5510; x_wconf 78' lang='grc' dir='ltr'>ἀλαζο-</span> 
     </span>
    </p>
   </div>
   <div class='ocr_carea' id='block_1_106' title="bbox 267 5648 1425 5717">
    <p class='ocr_par' dir='ltr' id='par_1_106' title="bbox 267 5648 1425 5717">
     <span class='ocr_line' id='line_1_106' title="bbox 267 5648 1425 5717; baseline -0.003 -12"><span class='ocrx_word' id='word_1_681' title='bbox 267 5649 308 5680; x_wconf 76' lang='lat'><strong><em>”</em></strong></span> <span class='ocrx_word' id='word_1_682' title='bbox 341 5652 512 5705; x_wconf 75' lang='lat' dir='ltr'><strong>Exod.</strong></span> <span class='ocrx_word' id='word_1_683' title='bbox 546 5667 737 5717; x_wconf 71' lang='lat' dir='ltr'><strong>nux,</strong></span> <span class='ocrx_word' id='word_1_684' title='bbox 768 5652 857 5704; x_wconf 70' lang='grc'><strong>43.</strong></span> <span class='ocrx_word' id='word_1_685' title='bbox 938 5651 951 5681; x_wconf 86' lang='grc'>¹</span> <span class='ocrx_word' id='word_1_686' title='bbox 991 5648 1163 5703; x_wconf 87' lang='lat' dir='ltr'><strong>Levit.</strong></span> <span class='ocrx_word' id='word_1_687' title='bbox 1221 5666 1294 5708; x_wconf 77' lang='lat' dir='ltr'><strong>Ix.</strong></span> <span class='ocrx_word' id='word_1_688' title='bbox 1331 5648 1425 5702; x_wconf 71' lang='lat'><strong>2‘2.-</strong></span> 
     </span>
    </p>
   </div>
   <div class='ocr_carea' id='block_1_107' title="bbox 1526 5647 1965 5714">
    <p class='ocr_par' dir='ltr' id='par_1_107' title="bbox 1526 5647 1965 5714">
     <span class='ocr_line' id='line_1_107' title="bbox 1526 5647 1965 5714; baseline 0.009 -13"><span class='ocrx_word' id='word_1_689' title='bbox 1526 5652 1546 5681; x_wconf 86' lang='grc'>²</span> <span class='ocrx_word' id='word_1_690' title='bbox 1578 5647 1714 5704; x_wconf 88' lang='lat' dir='ltr'><strong>Dan.</strong></span> <span class='ocrx_word' id='word_1_691' title='bbox 1767 5665 1843 5714; x_wconf 66' lang='lat' dir='ltr'><strong>vI,</strong></span> <span class='ocrx_word' id='word_1_692' title='bbox 1881 5650 1965 5707; x_wconf 77' lang='grc'><strong>15.</strong></span> 
     </span>
    </p>
   </div>
   <div class='ocr_carea' id='block_1_108' title="bbox 1872 4528 3209 4593">
    <p class='ocr_par' dir='ltr' id='par_1_108' title="bbox 1872 4528 3209 4593">
     <span class='ocr_line' id='line_1_108' title="bbox 1872 4528 3209 4593; baseline -0.003 -7"><span class='ocrx_word' id='word_1_693' title='bbox 1872 4530 2253 4593; x_wconf 75' lang='lat' dir='ltr'><strong>suesceudum;</strong></span> <span class='ocrx_word' id='word_1_694' title='bbox 2278 4529 2467 4591; x_wconf 86' lang='lat' dir='ltr'><strong>Asser,</strong></span> <span class='ocrx_word' id='word_1_695' title='bbox 2494 4528 2734 4590; x_wconf 78' lang='lat' dir='ltr'><strong>Divitiw,</strong></span> <span class='ocrx_word' id='word_1_696' title='bbox 2761 4530 2879 4583; x_wconf 81' lang='lat' dir='ltr'><strong>sive</strong></span> <span class='ocrx_word' id='word_1_697' title='bbox 2900 4528 3209 4582; x_wconf 86' lang='lat' dir='ltr'><strong>Beatitudo.</strong></span> 
     </span>
    </p>
   </div>
   <div class='ocr_carea' id='block_1_109' title="bbox 2422 4620 2923 4676">
    <p class='ocr_par' dir='ltr' id='par_1_109' title="bbox 2422 4620 2923 4676">
     <span class='ocr_line' id='line_1_109' title="bbox 2422 4620 2923 4676; baseline 0.002 -1"><span class='ocrx_word' id='word_1_698' title='bbox 2422 4620 2560 4675; x_wconf 85' lang='lat' dir='ltr'><strong>XCI.</strong></span> <span class='ocrx_word' id='word_1_699' title='bbox 2601 4652 2672 4661; x_wconf 90' lang='lat'><strong>—-</strong></span> <span class='ocrx_word' id='word_1_700' title='bbox 2712 4620 2923 4676; x_wconf 85' lang='lat' dir='ltr'><strong>Eidem.</strong></span> 
     </span>
    </p>
   </div>
   <div class='ocr_carea' id='block_1_110' title="bbox 1944 4712 3457 4779">
    <p class='ocr_par' dir='ltr' id='par_1_110' title="bbox 1944 4712 3457 4779">
     <span class='ocr_line' id='line_1_110' title="bbox 1944 4712 3457 4779; baseline -0.005 -8"><span class='ocrx_word' id='word_1_701' title='bbox 1944 4715 2309 4771; x_wconf 85' lang='lat' dir='ltr'><strong>Commutatis</strong></span> <span class='ocrx_word' id='word_1_702' title='bbox 2361 4715 2620 4768; x_wconf 90' lang='lat' dir='ltr'><strong>manibus</strong></span> <span class='ocrx_word' id='word_1_703' title='bbox 2673 4725 2902 4769; x_wconf 89' lang='lat' dir='ltr'><strong>sanctus</strong></span> <span class='ocrx_word' id='word_1_704' title='bbox 2952 4712 3124 4767; x_wconf 86' lang='lat' dir='ltr'><strong>Jacob</strong></span> <span class='ocrx_word' id='word_1_705' title='bbox 3182 4712 3311 4775; x_wconf 86' lang='lat' dir='ltr'><strong>illis,</strong></span> <span class='ocrx_word' id='word_1_706' title='bbox 3363 4712 3457 4779; x_wconf 89' lang='lat' dir='ltr'><strong>qui</strong></span> 
     </span>
    </p>
   </div>
   <div class='ocr_carea' id='block_1_111' title="bbox 1873 4801 3456 4876">
    <p class='ocr_par' dir='ltr' id='par_1_111' title="bbox 1873 4801 3456 4876">
     <span class='ocr_line' id='line_1_111' title="bbox 1873 4801 3456 4876; baseline -0.006 -13"><span class='ocrx_word' id='word_1_707' title='bbox 1873 4809 2022 4863; x_wconf 89' lang='lat' dir='ltr'><strong>circa</strong></span> <span class='ocrx_word' id='word_1_708' title='bbox 2054 4806 2312 4876; x_wconf 80' lang='lat' dir='ltr'><strong>Ephraim</strong></span> <span class='ocrx_word' id='word_1_709' title='bbox 2355 4817 2534 4871; x_wconf 89' lang='lat' dir='ltr'><strong>erant,</strong></span> <span class='ocrx_word' id='word_1_710' title='bbox 2570 4814 2625 4859; x_wconf 92' lang='lat' dir='ltr'><strong>et</strong></span> <span class='ocrx_word' id='word_1_711' title='bbox 2650 4805 2960 4858; x_wconf 81' lang='lat' dir='ltr'><strong>Manassem</strong></span> <span class='ocrx_word' id='word_1_712' title='bbox 3000 4802 3281 4857; x_wconf 79' lang='lat' dir='ltr'><strong>benedixit</strong></span> <span class='ocrx_word' id='word_1_713' title='bbox 3310 4801 3355 4857; x_wconf 85' lang='grc'><strong>⁸.</strong></span> <span class='ocrx_word' id='word_1_714' title='bbox 3394 4801 3456 4854; x_wconf 83' lang='lat' dir='ltr'><strong>Et</strong></span> 
     </span>
    </p>
   </div>
   <div class='ocr_carea' id='block_1_112' title="bbox 1871 4898 3438 4966">
    <p class='ocr_par' dir='ltr' id='par_1_112' title="bbox 1871 4898 3438 4966">
     <span class='ocr_line' id='line_1_112' title="bbox 1871 4898 3438 4966; baseline -0.006 -11"><span class='ocrx_word' id='word_1_715' title='bbox 1871 4909 2005 4955; x_wconf 87' lang='lat' dir='ltr'><strong>nota</strong></span> <span class='ocrx_word' id='word_1_716' title='bbox 2046 4900 2288 4966; x_wconf 89' lang='lat' dir='ltr'><strong>mirum;</strong></span> <span class='ocrx_word' id='word_1_717' title='bbox 2339 4900 2469 4953; x_wconf 90' lang='lat' dir='ltr'><strong>dum</strong></span> <span class='ocrx_word' id='word_1_718' title='bbox 2518 4898 2667 4953; x_wconf 88' lang='lat' dir='ltr'><strong>enim</strong></span> <span class='ocrx_word' id='word_1_719' title='bbox 2721 4912 2785 4950; x_wconf 89' lang='lat' dir='ltr'><strong>ea</strong></span> <span class='ocrx_word' id='word_1_720' title='bbox 2835 4911 3097 4949; x_wconf 87' lang='lat' dir='ltr'><strong>manuum</strong></span> <span class='ocrx_word' id='word_1_721' title='bbox 3159 4902 3438 4948; x_wconf 86' lang='lat' dir='ltr'><strong>connuuta</strong></span> 
     </span>
    </p>
   </div>
   <div class='ocr_carea' id='block_1_113' title="bbox 1874 4988 3453 5062">
    <p class='ocr_par' dir='ltr' id='par_1_113' title="bbox 1874 4988 3453 5062">
     <span class='ocr_line' id='line_1_113' title="bbox 1874 4988 3453 5062; baseline -0.005 -15"><span class='ocrx_word' id='word_1_722' title='bbox 1874 4994 2047 5056; x_wconf 88' lang='lat' dir='ltr'><strong>tione,</strong></span> <span class='ocrx_word' id='word_1_723' title='bbox 2075 5008 2243 5047; x_wconf 90' lang='lat' dir='ltr'><strong>cruce</strong></span> <span class='ocrx_word' id='word_1_724' title='bbox 2274 4991 2491 5046; x_wconf 91' lang='lat' dir='ltr'><strong>Domini</strong></span> <span class='ocrx_word' id='word_1_725' title='bbox 2526 4993 2783 5062; x_wconf 82' lang='lat' dir='ltr'><strong>ﬁgurata,</strong></span> <span class='ocrx_word' id='word_1_726' title='bbox 2815 4990 2933 5045; x_wconf 86' lang='lat' dir='ltr'><strong>suis</strong></span> <span class='ocrx_word' id='word_1_727' title='bbox 2957 4990 3196 5059; x_wconf 70' lang='lat' dir='ltr'><strong>pnsteris</strong></span> <span class='ocrx_word' id='word_1_728' title='bbox 3239 4988 3453 5041; x_wconf 73' lang='lat' dir='ltr'><strong>divinas</strong></span> 
     </span>
    </p>
   </div>
   <div class='ocr_carea' id='block_1_114' title="bbox 1875 5078 3453 5151">
    <p class='ocr_par' dir='ltr' id='par_1_114' title="bbox 1875 5078 3453 5151">
     <span class='ocr_line' id='line_1_114' title="bbox 1875 5078 3453 5151; baseline -0.004 -13"><span class='ocrx_word' id='word_1_729' title='bbox 1875 5083 2296 5138; x_wconf 87' lang='lat' dir='ltr'><strong>benedictioues</strong></span> <span class='ocrx_word' id='word_1_730' title='bbox 2354 5082 2659 5151; x_wconf 76' lang='lat' dir='ltr'><strong>elargitur,</strong></span> <span class='ocrx_word' id='word_1_731' title='bbox 2722 5080 2772 5134; x_wconf 92' lang='lat' dir='ltr'><strong>id</strong></span> <span class='ocrx_word' id='word_1_732' title='bbox 2833 5088 3056 5149; x_wconf 75' lang='lat' dir='ltr'><strong>pra-stat</strong></span> <span class='ocrx_word' id='word_1_733' title='bbox 3124 5090 3181 5132; x_wconf 88' lang='lat' dir='ltr'><strong>ut</strong></span> <span class='ocrx_word' id='word_1_734' title='bbox 3246 5078 3453 5147; x_wconf 72' lang='lat' dir='ltr'><strong>primus</strong></span> 
     </span>
    </p>
   </div>
   <div class='ocr_carea' id='block_1_115' title="bbox 1874 5172 2978 5244">
    <p class='ocr_par' dir='ltr' id='par_1_115' title="bbox 1874 5172 2978 5244">
     <span class='ocr_line' id='line_1_115' title="bbox 1874 5172 2978 5244; baseline -0.007 -13"><span class='ocrx_word' id='word_1_735' title='bbox 1874 5176 2173 5241; x_wconf 88' lang='lat' dir='ltr'><strong>secundus,</strong></span> <span class='ocrx_word' id='word_1_736' title='bbox 2228 5182 2284 5230; x_wconf 91' lang='lat' dir='ltr'><strong>et</strong></span> <span class='ocrx_word' id='word_1_737' title='bbox 2317 5174 2599 5229; x_wconf 83' lang='lat' dir='ltr'><strong>secundus</strong></span> <span class='ocrx_word' id='word_1_738' title='bbox 2626 5174 2839 5244; x_wconf 89' lang='lat' dir='ltr'><strong>primus</strong></span> <span class='ocrx_word' id='word_1_739' title='bbox 2866 5172 2978 5223; x_wconf 85' lang='lat' dir='ltr'><strong>fiat.</strong></span> 
     </span>
    </p>
   </div>
   <div class='ocr_carea' id='block_1_116' title="bbox 2398 5259 2931 5315">
    <p class='ocr_par' dir='ltr' id='par_1_116' title="bbox 2398 5259 2931 5315">
     <span class='ocr_line' id='line_1_116' title="bbox 2398 5259 2931 5315; baseline -0.008 0"><span class='ocrx_word' id='word_1_740' title='bbox 2398 5260 2560 5315; x_wconf 83' lang='lat' dir='ltr'><strong>XCII.</strong></span> <span class='ocrx_word' id='word_1_741' title='bbox 2610 5287 2683 5301; x_wconf 89' lang='lat'><strong>—</strong></span> <span class='ocrx_word' id='word_1_742' title='bbox 2722 5259 2931 5313; x_wconf 85' lang='lat' dir='ltr'><strong>Eidem.</strong></span> 
     </span>
    </p>
   </div>
   <div class='ocr_carea' id='block_1_117' title="bbox 1948 5351 3452 5421">
    <p class='ocr_par' dir='ltr' id='par_1_117' title="bbox 1948 5351 3452 5421">
     <span class='ocr_line' id='line_1_117' title="bbox 1948 5351 3452 5421; baseline -0.003 -13"><span class='ocrx_word' id='word_1_743' title='bbox 1948 5353 2095 5408; x_wconf 84' lang='lat' dir='ltr'><strong>Crux</strong></span> <span class='ocrx_word' id='word_1_744' title='bbox 2124 5353 2333 5408; x_wconf 85' lang='lat' dir='ltr'><strong>Christi</strong></span> <span class='ocrx_word' id='word_1_745' title='bbox 2358 5352 2752 5407; x_wconf 87' lang='lat' dir='ltr'><strong>humanissimi</strong></span> <span class='ocrx_word' id='word_1_746' title='bbox 2774 5351 2982 5421; x_wconf 86' lang='lat' dir='ltr'><strong>primos</strong></span> <span class='ocrx_word' id='word_1_747' title='bbox 3010 5360 3230 5419; x_wconf 80' lang='lat' dir='ltr'><strong>propter</strong></span> <span class='ocrx_word' id='word_1_748' title='bbox 3262 5365 3452 5404; x_wconf 88' lang='lat' dir='ltr'><strong>eorum</strong></span> 
     </span>
    </p>
   </div>
   <div class='ocr_carea' id='block_1_118' title="bbox 1881 5443 3448 5517">
    <p class='ocr_par' dir='ltr' id='par_1_118' title="bbox 1881 5443 3448 5517">
     <span class='ocr_line' id='line_1_118' title="bbox 1881 5443 3448 5517; baseline -0.003 -13"><span class='ocrx_word' id='word_1_749' title='bbox 1881 5446 2199 5517; x_wconf 87' lang='lat' dir='ltr'><strong>superbiam</strong></span> <span class='ocrx_word' id='word_1_750' title='bbox 2245 5454 2300 5500; x_wconf 90' lang='lat' dir='ltr'><strong>et</strong></span> <span class='ocrx_word' id='word_1_751' title='bbox 2348 5446 2721 5517; x_wconf 78' lang='lat' dir='ltr'><strong>arrogantiam</strong></span> <span class='ocrx_word' id='word_1_752' title='bbox 2774 5443 3046 5500; x_wconf 88' lang='lat' dir='ltr'><strong>secundos</strong></span> <span class='ocrx_word' id='word_1_753' title='bbox 3073 5443 3273 5498; x_wconf 56' lang='lat' dir='ltr'><strong>eiii-cit.</strong></span> <span class='ocrx_word' id='word_1_754' title='bbox 3316 5444 3448 5499; x_wconf 73' lang='lat' dir='ltr'><strong>Hinc</strong></span> 
     </span>
    </p>
   </div>
   <div class='ocr_carea' id='block_1_119' title="bbox 2074 5648 2743 5721">
    <p class='ocr_par' dir='ltr' id='par_1_119' title="bbox 2074 5648 2743 5721">
     <span class='ocr_line' id='line_1_119' title="bbox 2074 5648 2743 5721; baseline 0.004 -19"><span class='ocrx_word' id='word_1_755' title='bbox 2074 5648 2265 5704; x_wconf 77' lang='lat' dir='ltr'><strong>’Dan.</strong></span> <span class='ocrx_word' id='word_1_756' title='bbox 2327 5664 2442 5714; x_wconf 76' lang='lat' dir='ltr'><strong>xw,</strong></span> <span class='ocrx_word' id='word_1_757' title='bbox 2505 5650 2526 5703; x_wconf 78' lang='grc'>1</span> <span class='ocrx_word' id='word_1_758' title='bbox 2590 5665 2743 5721; x_wconf 73' lang='lat' dir='ltr'><strong>seqq.</strong></span> 
     </span>
    </p>
   </div>
   <div class='ocr_carea' id='block_1_120' title="bbox 209 5715 2637 5793">
    <p class='ocr_par' dir='ltr' id='par_1_120' title="bbox 209 5715 2637 5793">
     <span class='ocr_line' id='line_1_120' title="bbox 209 5715 2637 5793; baseline 0.002 -22"><span class='ocrx_word' id='word_1_759' title='bbox 209 5715 397 5777; x_wconf 66' lang='lat' dir='ltr'><strong>&#39;Ntuu.</strong></span> <span class='ocrx_word' id='word_1_760' title='bbox 437 5738 552 5787; x_wconf 73' lang='grc' dir='ltr'>ινι.</span> <span class='ocrx_word' id='word_1_761' title='bbox 579 5721 664 5777; x_wconf 79' lang='grc'><strong>48.</strong></span> <span class='ocrx_word' id='word_1_762' title='bbox 724 5715 763 5753; x_wconf 62' lang='grc'><strong>’⁸</strong></span> <span class='ocrx_word' id='word_1_763' title='bbox 789 5719 948 5776; x_wconf 79' lang='lat' dir='ltr'><strong>Joan.</strong></span> <span class='ocrx_word' id='word_1_764' title='bbox 980 5736 1019 5785; x_wconf 92' lang='lat' dir='ltr'><strong>I,</strong></span> <span class='ocrx_word' id='word_1_765' title='bbox 1048 5722 1137 5775; x_wconf 73' lang='lat'><strong>‘26.</strong></span> <span class='ocrx_word' id='word_1_766' title='bbox 1210 5722 1232 5752; x_wconf 78' lang='grc'><em>³</em></span> <span class='ocrx_word' id='word_1_767' title='bbox 1257 5719 1393 5775; x_wconf 85' lang='lat' dir='ltr'><strong>Gen.</strong></span> <span class='ocrx_word' id='word_1_768' title='bbox 1428 5736 1574 5789; x_wconf 59' lang='grc' dir='ltr'>χιιι,</span> <span class='ocrx_word' id='word_1_769' title='bbox 1600 5721 1635 5777; x_wconf 80' lang='grc'>5</span> <span class='ocrx_word' id='word_1_770' title='bbox 1709 5736 1868 5793; x_wconf 79' lang='lat' dir='ltr'><strong>seqq.</strong></span> <span class='ocrx_word' id='word_1_771' title='bbox 1946 5721 2120 5777; x_wconf 76' lang='lat' dir='ltr'><strong>l’Geu.</strong></span> <span class='ocrx_word' id='word_1_772' title='bbox 2155 5737 2340 5787; x_wconf 69' lang='lat' dir='ltr'><strong>XLVIII,</strong></span> <span class='ocrx_word' id='word_1_773' title='bbox 2372 5721 2436 5775; x_wconf 74' lang='grc' dir='ltr'>Η</span> <span class='ocrx_word' id='word_1_774' title='bbox 2481 5736 2637 5791; x_wconf 81' lang='lat' dir='ltr'><strong>seqq.</strong></span> 
     </span>
    </p>
   </div>
   <div class='ocr_carea' id='block_1_121' title="bbox 2862 5644 3561 5717">
    <p class='ocr_par' dir='ltr' id='par_1_121' title="bbox 2862 5644 3561 5717">
     <span class='ocr_line' id='line_1_121' title="bbox 2862 5644 3561 5717; baseline -0.003 -12"><span class='ocrx_word' id='word_1_775' title='bbox 2862 5647 3029 5705; x_wconf 75' lang='lat' dir='ltr'><strong>&quot;Job.</strong></span> <span class='ocrx_word' id='word_1_776' title='bbox 3087 5664 3310 5717; x_wconf 72' lang='lat' dir='ltr'><strong>xxxvm,</strong></span> <span class='ocrx_word' id='word_1_777' title='bbox 3360 5644 3451 5703; x_wconf 83' lang='grc'><strong>17.</strong></span> <span class='ocrx_word' id='word_1_778' title='bbox 3560 5686 3561 5689; x_wconf 60' lang='grc' dir='ltr'><strong>η</strong></span> 
     </span>
    </p>
   </div>
  </div>
