  <div class='ocr_page' id='page_1' title='image "/cluster/home/n/w/nwhite01/storage/ocr_20150623/79/nnc1.0038021404/079.png"; bbox 0 0 3822 6216; ppageno 0'>
   <div class='ocr_carea' id='block_1_1' title="bbox 366 294 1985 361">
    <p class='ocr_par' dir='ltr' id='par_1_1' title="bbox 366 296 1979 361">
     <span class='ocr_line' id='line_1_1' title="bbox 366 296 1979 361; baseline -0.001 -2"><span class='ocrx_word' id='word_1_1' title='bbox 366 296 470 361; x_wconf 72' lang='lat'><strong>123</strong></span> <span class='ocrx_word' id='word_1_2' title='bbox 1836 299 1895 357; x_wconf 88' lang='lat' dir='ltr'><strong>S.</strong></span> <span class='ocrx_word' id='word_1_3' title='bbox 1931 298 1979 357; x_wconf 83' lang='lat' dir='ltr'><strong>N</strong></span> 
     </span>
    </p>
   </div>
   <div class='ocr_carea' id='block_1_2' title="bbox 2100 294 3647 361">
    <p class='ocr_par' dir='ltr' id='par_1_2' title="bbox 3547 294 3647 359">
     <span class='ocr_line' id='line_1_2' title="bbox 3547 294 3647 359; baseline 0.01 -2"><span class='ocrx_word' id='word_1_4' title='bbox 3547 294 3647 359; x_wconf 62' lang='grc'><strong>128</strong></span> 
     </span>
    </p>
   </div>
   <div class='ocr_carea' id='block_1_3' title="bbox 362 409 1985 483">
    <p class='ocr_par' dir='ltr' id='par_1_3' title="bbox 362 409 1985 481">
     <span class='ocr_line' id='line_1_3' title="bbox 362 409 1985 481; baseline -0.001 -16"><span class='ocrx_word' id='word_1_5' title='bbox 362 414 440 465; x_wconf 87' lang='lat' dir='ltr'><strong>ait</strong></span> <span class='ocrx_word' id='word_1_6' title='bbox 482 411 777 480; x_wconf 76' lang='lat' dir='ltr'><strong>Apostolus</strong></span> <span class='ocrx_word' id='word_1_7' title='bbox 817 409 1043 472; x_wconf 71' lang='lat' dir='ltr'><strong>.Iudteis,</strong></span> <span class='ocrx_word' id='word_1_8' title='bbox 1093 430 1109 461; x_wconf 82' lang='grc' dir='ltr'>ι</span> <span class='ocrx_word' id='word_1_9' title='bbox 1164 410 1330 465; x_wconf 75' lang='lat' dir='ltr'><strong>Vobis</strong></span> <span class='ocrx_word' id='word_1_10' title='bbox 1377 413 1665 481; x_wconf 81' lang='lat' dir='ltr'><strong>oportebat</strong></span> <span class='ocrx_word' id='word_1_11' title='bbox 1715 413 1985 481; x_wconf 74' lang='lat' dir='ltr'><strong>primum</strong></span> 
     </span>
    </p>
   </div>
   <div class='ocr_carea' id='block_1_4' title="bbox 2100 409 3640 483">
    <p class='ocr_par' dir='ltr' id='par_1_4' title="bbox 2100 410 3640 483">
     <span class='ocr_line' id='line_1_4' title="bbox 2100 410 3640 483; baseline 0.002 -20"><span class='ocrx_word' id='word_1_12' title='bbox 2100 412 2203 464; x_wconf 68' lang='lat' dir='ltr'><strong>aiav</strong></span> <span class='ocrx_word' id='word_1_13' title='bbox 2249 412 2343 464; x_wconf 65' lang='grc' dir='ltr'>καὶ</span> <span class='ocrx_word' id='word_1_14' title='bbox 2391 410 2826 483; x_wconf 79' lang='grc' dir='ltr'><strong>ὑπερηφάνειαν.</strong></span> <span class='ocrx_word' id='word_1_15' title='bbox 2881 411 2991 464; x_wconf 84' lang='grc' dir='ltr'>Καί</span> <span class='ocrx_word' id='word_1_16' title='bbox 3036 428 3203 481; x_wconf 80' lang='grc' dir='ltr'>φησιν</span> <span class='ocrx_word' id='word_1_17' title='bbox 3248 416 3277 464; x_wconf 87' lang='grc' dir='ltr'><strong>ὀ</strong></span> <span class='ocrx_word' id='word_1_18' title='bbox 3320 413 3640 479; x_wconf 74' lang='grc' dir='ltr'>Ἀπόστολος</span> 
     </span>
    </p>
   </div>
   <div class='ocr_carea' id='block_1_5' title="bbox 363 502 1985 575">
    <p class='ocr_par' dir='ltr' id='par_1_5' title="bbox 363 504 1948 575">
     <span class='ocr_line' id='line_1_5' title="bbox 363 504 1948 575; baseline 0.002 -17"><span class='ocrx_word' id='word_1_19' title='bbox 363 506 510 575; x_wconf 84' lang='lat' dir='ltr'><strong>loqui</strong></span> <span class='ocrx_word' id='word_1_20' title='bbox 548 504 774 558; x_wconf 82' lang='lat' dir='ltr'><strong>verbum</strong></span> <span class='ocrx_word' id='word_1_21' title='bbox 826 504 941 567; x_wconf 84' lang='lat' dir='ltr'><strong>Dei,</strong></span> <span class='ocrx_word' id='word_1_22' title='bbox 985 505 1079 573; x_wconf 88' lang='lat' dir='ltr'><strong>qui</strong></span> <span class='ocrx_word' id='word_1_23' title='bbox 1114 521 1179 557; x_wconf 79' lang='lat' dir='ltr'><strong>ex</strong></span> <span class='ocrx_word' id='word_1_24' title='bbox 1234 506 1451 559; x_wconf 84' lang='lat' dir='ltr'><strong>semine</strong></span> <span class='ocrx_word' id='word_1_25' title='bbox 1486 504 1718 558; x_wconf 79' lang='lat' dir='ltr'><strong>Abraltte</strong></span> <span class='ocrx_word' id='word_1_26' title='bbox 1764 507 1898 559; x_wconf 70' lang='lat' dir='ltr'><strong>estis</strong></span> <span class='ocrx_word' id='word_1_27' title='bbox 1934 524 1948 561; x_wconf 90' lang='lat'><strong>:</strong></span> 
     </span>
    </p>
   </div>
   <div class='ocr_carea' id='block_1_6' title="bbox 2100 502 3641 575">
    <p class='ocr_par' dir='ltr' id='par_1_6' title="bbox 2100 502 3641 575">
     <span class='ocr_line' id='line_1_6' title="bbox 2100 502 3641 575; baseline 0.004 -22"><span class='ocrx_word' id='word_1_28' title='bbox 2100 505 2171 564; x_wconf 65' lang='lat' dir='ltr'><strong>oi;</strong></span> <span class='ocrx_word' id='word_1_29' title='bbox 2210 502 2509 567; x_wconf 73' lang='grc' dir='ltr'><strong>Ἰουδαίοις,</strong></span> <span class='ocrx_word' id='word_1_30' title='bbox 2538 504 2621 556; x_wconf 82' lang='grc' dir='ltr'><strong>ὅτι</strong></span> <span class='ocrx_word' id='word_1_31' title='bbox 2658 524 2676 554; x_wconf 78' lang='grc' dir='ltr'>ι</span> <span class='ocrx_word' id='word_1_32' title='bbox 2723 504 2886 573; x_wconf 83' lang='grc' dir='ltr'><strong>Ὑμῖν</strong></span> <span class='ocrx_word' id='word_1_33' title='bbox 2924 503 3171 574; x_wconf 80' lang='grc' dir='ltr'>ὑπῆρχεν</span> <span class='ocrx_word' id='word_1_34' title='bbox 3215 506 3518 573; x_wconf 83' lang='grc' dir='ltr'>ἀναγκαῖον</span> <span class='ocrx_word' id='word_1_35' title='bbox 3552 525 3641 575; x_wconf 81' lang='grc' dir='ltr'>χο-</span> 
     </span>
    </p>
   </div>
   <div class='ocr_carea' id='block_1_7' title="bbox 364 596 1953 667">
    <p class='ocr_par' dir='ltr' id='par_1_7' title="bbox 364 596 1953 667">
     <span class='ocr_line' id='line_1_7' title="bbox 364 596 1953 667; baseline 0.002 -18"><span class='ocrx_word' id='word_1_36' title='bbox 364 597 458 650; x_wconf 88' lang='lat' dir='ltr'><strong>sed</strong></span> <span class='ocrx_word' id='word_1_37' title='bbox 502 596 762 664; x_wconf 89' lang='lat' dir='ltr'><strong>quoniam</strong></span> <span class='ocrx_word' id='word_1_38' title='bbox 817 596 1005 649; x_wconf 78' lang='lat' dir='ltr'><strong>divina</strong></span> <span class='ocrx_word' id='word_1_39' title='bbox 1043 597 1259 665; x_wconf 85' lang='lat' dir='ltr'><strong>eloquia</strong></span> <span class='ocrx_word' id='word_1_40' title='bbox 1306 597 1558 666; x_wconf 77' lang='lat' dir='ltr'><strong>rejieitis,</strong></span> <span class='ocrx_word' id='word_1_41' title='bbox 1602 607 1655 651; x_wconf 84' lang='lat' dir='ltr'><strong>et</strong></span> <span class='ocrx_word' id='word_1_42' title='bbox 1697 598 1953 667; x_wconf 58' lang='lat' dir='ltr'><strong>indignos</strong></span> 
     </span>
    </p>
   </div>
   <div class='ocr_carea' id='block_1_8' title="bbox 362 687 1953 761">
    <p class='ocr_par' dir='ltr' id='par_1_8' title="bbox 362 687 1953 761">
     <span class='ocr_line' id='line_1_8' title="bbox 362 687 1953 761; baseline 0.002 -22"><span class='ocrx_word' id='word_1_43' title='bbox 362 703 463 741; x_wconf 87' lang='lat' dir='ltr'><strong>vos</strong></span> <span class='ocrx_word' id='word_1_44' title='bbox 490 687 702 741; x_wconf 81' lang='lat' dir='ltr'><strong>fecis&#39;is</strong></span> <span class='ocrx_word' id='word_1_45' title='bbox 728 696 935 740; x_wconf 70' lang='lat' dir='ltr'><strong>acterna</strong></span> <span class='ocrx_word' id='word_1_46' title='bbox 964 688 1091 750; x_wconf 79' lang='lat' dir='ltr'><strong>vita,</strong></span> <span class='ocrx_word' id='word_1_47' title='bbox 1123 704 1252 742; x_wconf 77' lang='lat' dir='ltr'><strong>ecce</strong></span> <span class='ocrx_word' id='word_1_48' title='bbox 1282 689 1333 741; x_wconf 78' lang='grc' dir='ltr'><strong>ιιι</strong></span> <span class='ocrx_word' id='word_1_49' title='bbox 1386 698 1665 758; x_wconf 90' lang='lat' dir='ltr'><strong>postertun</strong></span> <span class='ocrx_word' id='word_1_50' title='bbox 1700 689 1803 761; x_wconf 67' lang='grc'><strong>41</strong></span> <span class='ocrx_word' id='word_1_51' title='bbox 1842 706 1953 744; x_wconf 75' lang='lat' dir='ltr'><strong>ser-</strong></span> 
     </span>
    </p>
   </div>
   <div class='ocr_carea' id='block_1_9' title="bbox 364 781 1950 855">
    <p class='ocr_par' dir='ltr' id='par_1_9' title="bbox 364 781 1950 855">
     <span class='ocr_line' id='line_1_9' title="bbox 364 781 1950 855; baseline 0.004 -22"><span class='ocrx_word' id='word_1_52' title='bbox 364 796 579 835; x_wconf 88' lang='lat' dir='ltr'><strong>monem</strong></span> <span class='ocrx_word' id='word_1_53' title='bbox 632 781 1006 836; x_wconf 75' lang='lat' dir='ltr'><strong>convertimus</strong></span> <span class='ocrx_word' id='word_1_54' title='bbox 1051 782 1115 835; x_wconf 91' lang='lat' dir='ltr'><strong>ad</strong></span> <span class='ocrx_word' id='word_1_55' title='bbox 1163 792 1351 853; x_wconf 83' lang='lat' dir='ltr'><strong>gentes</strong></span> <span class='ocrx_word' id='word_1_56' title='bbox 1383 785 1437 850; x_wconf 82' lang='lat'><strong>’;</strong></span> <span class='ocrx_word' id='word_1_57' title='bbox 1485 804 1504 836; x_wconf 74' lang='grc' dir='ltr'><strong>ι</strong></span> <span class='ocrx_word' id='word_1_58' title='bbox 1546 795 1603 837; x_wconf 90' lang='grc' dir='ltr'><strong>ιιι</strong></span> <span class='ocrx_word' id='word_1_59' title='bbox 1653 785 1950 855; x_wconf 88' lang='lat' dir='ltr'><strong>impleatur</strong></span> 
     </span>
    </p>
   </div>
   <div class='ocr_carea' id='block_1_10' title="bbox 362 872 1948 942">
    <p class='ocr_par' dir='ltr' id='par_1_10' title="bbox 362 872 1948 942">
     <span class='ocr_line' id='line_1_10' title="bbox 362 872 1948 942; baseline 0.004 -17"><span class='ocrx_word' id='word_1_60' title='bbox 362 872 509 941; x_wconf 89' lang='lat' dir='ltr'><strong>quod</strong></span> <span class='ocrx_word' id='word_1_61' title='bbox 558 873 766 926; x_wconf 86' lang='lat' dir='ltr'><strong>dictum</strong></span> <span class='ocrx_word' id='word_1_62' title='bbox 826 886 909 927; x_wconf 78' lang='lat' dir='ltr'><strong>est</strong></span> <span class='ocrx_word' id='word_1_63' title='bbox 964 890 993 926; x_wconf 92' lang='lat' dir='ltr'><strong>a</strong></span> <span class='ocrx_word' id='word_1_64' title='bbox 1048 876 1209 930; x_wconf 86' lang='lat' dir='ltr'><strong>Patre</strong></span> <span class='ocrx_word' id='word_1_65' title='bbox 1268 875 1407 932; x_wconf 82' lang='lat' dir='ltr'><strong>Filio</strong></span> <span class='ocrx_word' id='word_1_66' title='bbox 1464 880 1517 932; x_wconf 90' lang='lat' dir='ltr'><strong>in</strong></span> <span class='ocrx_word' id='word_1_67' title='bbox 1581 878 1723 932; x_wconf 89' lang='lat' dir='ltr'><strong>libro</strong></span> <span class='ocrx_word' id='word_1_68' title='bbox 1774 877 1948 942; x_wconf 68' lang='lat' dir='ltr'><strong>Isaiae,</strong></span> 
     </span>
    </p>
   </div>
   <div class='ocr_carea' id='block_1_11' title="bbox 370 962 1949 1034">
    <p class='ocr_par' dir='ltr' id='par_1_11' title="bbox 370 962 1949 1034">
     <span class='ocr_line' id='line_1_11' title="bbox 370 962 1949 1034; baseline 0.004 -22"><span class='ocrx_word' id='word_1_69' title='bbox 370 983 386 1012; x_wconf 78' lang='grc' dir='ltr'><strong>ι</strong></span> <span class='ocrx_word' id='word_1_70' title='bbox 424 962 586 1017; x_wconf 87' lang='lat' dir='ltr'><strong>Posni</strong></span> <span class='ocrx_word' id='word_1_71' title='bbox 637 973 689 1018; x_wconf 89' lang='lat' dir='ltr'><strong>te</strong></span> <span class='ocrx_word' id='word_1_72' title='bbox 728 967 783 1017; x_wconf 90' lang='lat' dir='ltr'><strong>in</strong></span> <span class='ocrx_word' id='word_1_73' title='bbox 846 966 1019 1018; x_wconf 86' lang='lat' dir='ltr'><strong>lucem</strong></span> <span class='ocrx_word' id='word_1_74' title='bbox 1068 966 1336 1034; x_wconf 77' lang='lat' dir='ltr'><strong>gentium,</strong></span> <span class='ocrx_word' id='word_1_75' title='bbox 1388 974 1448 1020; x_wconf 86' lang='lat' dir='ltr'><strong>ut</strong></span> <span class='ocrx_word' id='word_1_76' title='bbox 1493 967 1571 1022; x_wconf 85' lang='lat' dir='ltr'><strong>sis</strong></span> <span class='ocrx_word' id='word_1_77' title='bbox 1616 966 1672 1020; x_wconf 89' lang='lat' dir='ltr'><strong>in</strong></span> <span class='ocrx_word' id='word_1_78' title='bbox 1715 966 1949 1021; x_wconf 86' lang='lat' dir='ltr'><strong>salutem</strong></span> 
     </span>
    </p>
   </div>
   <div class='ocr_carea' id='block_1_12' title="bbox 364 1056 1324 1126">
    <p class='ocr_par' dir='ltr' id='par_1_12' title="bbox 364 1056 1324 1126">
     <span class='ocr_line' id='line_1_12' title="bbox 364 1056 1324 1126; baseline 0 -17"><span class='ocrx_word' id='word_1_79' title='bbox 364 1072 539 1126; x_wconf 75' lang='lat' dir='ltr'><strong>usque</strong></span> <span class='ocrx_word' id='word_1_80' title='bbox 570 1056 635 1110; x_wconf 87' lang='lat' dir='ltr'><strong>ad</strong></span> <span class='ocrx_word' id='word_1_81' title='bbox 666 1067 973 1110; x_wconf 82' lang='lat' dir='ltr'><strong>extremum</strong></span> <span class='ocrx_word' id='word_1_82' title='bbox 1010 1068 1169 1113; x_wconf 69' lang='lat' dir='ltr'><strong>terra:</strong></span> <span class='ocrx_word' id='word_1_83' title='bbox 1199 1060 1263 1114; x_wconf 85' lang='grc'><strong>¹⁰.</strong></span> <span class='ocrx_word' id='word_1_84' title='bbox 1304 1078 1324 1109; x_wconf 74' lang='grc' dir='ltr'><strong>ι</strong></span> 
     </span>
    </p>
   </div>
   <div class='ocr_carea' id='block_1_13' title="bbox 891 1328 1413 1386">
    <p class='ocr_par' dir='ltr' id='par_1_13' title="bbox 891 1328 1413 1386">
     <span class='ocr_line' id='line_1_13' title="bbox 891 1328 1413 1386; baseline 0.006 -3"><span class='ocrx_word' id='word_1_85' title='bbox 891 1328 1072 1383; x_wconf 79' lang='lat' dir='ltr'>XCIII.</span> <span class='ocrx_word' id='word_1_86' title='bbox 1101 1361 1169 1371; x_wconf 93' lang='lat'><strong>—</strong></span> <span class='ocrx_word' id='word_1_87' title='bbox 1202 1329 1413 1386; x_wconf 81' lang='lat' dir='ltr'><strong>Eidem.</strong></span> 
     </span>
    </p>
   </div>
   <div class='ocr_carea' id='block_1_14' title="bbox 434 1418 1952 1495">
    <p class='ocr_par' dir='ltr' id='par_1_14' title="bbox 434 1418 1952 1495">
     <span class='ocr_line' id='line_1_14' title="bbox 434 1418 1952 1495; baseline 0.004 -22"><span class='ocrx_word' id='word_1_88' title='bbox 434 1418 735 1475; x_wconf 77' lang='lat' dir='ltr'><strong>Considera</strong></span> <span class='ocrx_word' id='word_1_89' title='bbox 766 1421 895 1475; x_wconf 90' lang='lat' dir='ltr'><strong>mihi</strong></span> <span class='ocrx_word' id='word_1_90' title='bbox 928 1438 990 1475; x_wconf 75' lang='lat' dir='ltr'><strong>ex</strong></span> <span class='ocrx_word' id='word_1_91' title='bbox 1014 1421 1278 1487; x_wconf 75' lang='lat' dir='ltr'><strong>Hebraeis,</strong></span> <span class='ocrx_word' id='word_1_92' title='bbox 1302 1425 1394 1493; x_wconf 91' lang='lat' dir='ltr'><strong>qui</strong></span> <span class='ocrx_word' id='word_1_93' title='bbox 1419 1424 1794 1485; x_wconf 88' lang='lat' dir='ltr'><strong>crediderunt.</strong></span> <span class='ocrx_word' id='word_1_94' title='bbox 1814 1440 1952 1495; x_wconf 84' lang='lat' dir='ltr'><strong>quo-</strong></span> 
     </span>
    </p>
   </div>
   <div class='ocr_carea' id='block_1_15' title="bbox 366 1509 1949 1581">
    <p class='ocr_par' dir='ltr' id='par_1_15' title="bbox 366 1509 1949 1581">
     <span class='ocr_line' id='line_1_15' title="bbox 366 1509 1949 1581; baseline 0.004 -18"><span class='ocrx_word' id='word_1_95' title='bbox 366 1509 530 1563; x_wconf 89' lang='lat' dir='ltr'><strong>modo</strong></span> <span class='ocrx_word' id='word_1_96' title='bbox 561 1510 625 1563; x_wconf 90' lang='lat' dir='ltr'><strong>ad</strong></span> <span class='ocrx_word' id='word_1_97' title='bbox 653 1511 1091 1580; x_wconf 64' lang='lat' dir='ltr'><strong>praedicationem</strong></span> <span class='ocrx_word' id='word_1_98' title='bbox 1119 1514 1495 1581; x_wconf 88' lang='lat' dir='ltr'><strong>apostolorum</strong></span> <span class='ocrx_word' id='word_1_99' title='bbox 1521 1515 1808 1579; x_wconf 83' lang='lat' dir='ltr'><strong>accedant,</strong></span> <span class='ocrx_word' id='word_1_100' title='bbox 1835 1526 1949 1569; x_wconf 90' lang='lat' dir='ltr'><strong>tum</strong></span> 
     </span>
    </p>
   </div>
   <div class='ocr_carea' id='block_1_16' title="bbox 367 1603 1951 1679">
    <p class='ocr_par' dir='ltr' id='par_1_16' title="bbox 367 1603 1951 1679">
     <span class='ocr_line' id='line_1_16' title="bbox 367 1603 1951 1679; baseline 0.005 -22"><span class='ocrx_word' id='word_1_101' title='bbox 367 1603 719 1673; x_wconf 85' lang='lat' dir='ltr'><strong>postmodum</strong></span> <span class='ocrx_word' id='word_1_102' title='bbox 786 1605 1103 1673; x_wconf 79' lang='lat' dir='ltr'><strong>intelliges.</strong></span> <span class='ocrx_word' id='word_1_103' title='bbox 1165 1608 1445 1675; x_wconf 92' lang='lat' dir='ltr'><strong>quomodo</strong></span> <span class='ocrx_word' id='word_1_104' title='bbox 1506 1609 1667 1679; x_wconf 89' lang='lat' dir='ltr'><strong>primi</strong></span> <span class='ocrx_word' id='word_1_105' title='bbox 1721 1610 1951 1665; x_wconf 88' lang='lat' dir='ltr'><strong>secundi</strong></span> 
     </span>
    </p>
   </div>
   <div class='ocr_carea' id='block_1_17' title="bbox 367 1698 1949 1773">
    <p class='ocr_par' dir='ltr' id='par_1_17' title="bbox 367 1698 1949 1773">
     <span class='ocr_line' id='line_1_17' title="bbox 367 1698 1949 1773; baseline 0.004 -24"><span class='ocrx_word' id='word_1_106' title='bbox 367 1698 801 1760; x_wconf 88' lang='lat' dir='ltr'><strong>constituantur,</strong></span> <span class='ocrx_word' id='word_1_107' title='bbox 853 1707 911 1752; x_wconf 88' lang='grc' dir='ltr'><strong>ιιι</strong></span> <span class='ocrx_word' id='word_1_108' title='bbox 967 1701 1262 1765; x_wconf 83' lang='lat' dir='ltr'><strong>impleatur</strong></span> <span class='ocrx_word' id='word_1_109' title='bbox 1294 1702 1517 1755; x_wconf 87' lang='lat' dir='ltr'><strong>verbum</strong></span> <span class='ocrx_word' id='word_1_110' title='bbox 1574 1702 1800 1773; x_wconf 82' lang='lat' dir='ltr'><strong>Moysis,</strong></span> <span class='ocrx_word' id='word_1_111' title='bbox 1856 1703 1949 1772; x_wconf 90' lang='lat' dir='ltr'><strong>qui</strong></span> 
     </span>
    </p>
   </div>
   <div class='ocr_carea' id='block_1_18' title="bbox 370 1779 2027 1860">
    <p class='ocr_par' dir='ltr' id='par_1_18' title="bbox 370 1779 2027 1860">
     <span class='ocr_line' id='line_1_18' title="bbox 370 1779 2027 1860; baseline 0.005 -19"><span class='ocrx_word' id='word_1_112' title='bbox 370 1791 607 1857; x_wconf 76' lang='lat' dir='ltr'><strong>posteris</strong></span> <span class='ocrx_word' id='word_1_113' title='bbox 640 1791 915 1844; x_wconf 84' lang='lat' dir='ltr'><strong>Abraham</strong></span> <span class='ocrx_word' id='word_1_114' title='bbox 959 1792 1404 1860; x_wconf 70' lang='lat' dir='ltr'><strong>pt&#39;azvaticinatus</strong></span> <span class='ocrx_word' id='word_1_115' title='bbox 1453 1794 1672 1847; x_wconf 70' lang='lat' dir='ltr'><strong>dixerat</strong></span> <span class='ocrx_word' id='word_1_116' title='bbox 1712 1815 1724 1850; x_wconf 87' lang='lat'><strong>:</strong></span> <span class='ocrx_word' id='word_1_117' title='bbox 1778 1814 1796 1846; x_wconf 77' lang='grc' dir='ltr'>ι</span> <span class='ocrx_word' id='word_1_118' title='bbox 1838 1796 1953 1849; x_wconf 85' lang='lat' dir='ltr'><strong>Erit</strong></span> <span class='ocrx_word' id='word_1_119' title='bbox 1986 1779 2027 1835; x_wconf 73' lang='grc' dir='ltr'><strong><em>Β</em></strong></span> 
     </span>
    </p>
   </div>
   <div class='ocr_carea' id='block_1_19' title="bbox 373 1883 1956 1955">
    <p class='ocr_par' dir='ltr' id='par_1_19' title="bbox 373 1883 1956 1955">
     <span class='ocr_line' id='line_1_19' title="bbox 373 1883 1956 1955; baseline 0.008 -22"><span class='ocrx_word' id='word_1_120' title='bbox 373 1883 706 1950; x_wconf 78' lang='lat' dir='ltr'><strong>proselytus,</strong></span> <span class='ocrx_word' id='word_1_121' title='bbox 738 1885 941 1952; x_wconf 83' lang='lat' dir='ltr'><strong>quiest</strong></span> <span class='ocrx_word' id='word_1_122' title='bbox 976 1886 1027 1936; x_wconf 78' lang='grc' dir='ltr'><strong>ιιι</strong></span> <span class='ocrx_word' id='word_1_123' title='bbox 1084 1894 1173 1945; x_wconf 87' lang='lat' dir='ltr'><strong>te,</strong></span> <span class='ocrx_word' id='word_1_124' title='bbox 1230 1901 1428 1954; x_wconf 88' lang='lat' dir='ltr'><strong>supra,</strong></span> <span class='ocrx_word' id='word_1_125' title='bbox 1475 1904 1673 1955; x_wconf 83' lang='lat' dir='ltr'><strong>supra;</strong></span> <span class='ocrx_word' id='word_1_126' title='bbox 1725 1897 1780 1943; x_wconf 92' lang='lat' dir='ltr'><strong>tu</strong></span> <span class='ocrx_word' id='word_1_127' title='bbox 1826 1906 1956 1945; x_wconf 81' lang='lat' dir='ltr'><strong>vero</strong></span> 
     </span>
    </p>
   </div>
   <div class='ocr_carea' id='block_1_20' title="bbox 371 1973 1953 2042">
    <p class='ocr_par' dir='ltr' id='par_1_20' title="bbox 371 1973 1953 2042">
     <span class='ocr_line' id='line_1_20' title="bbox 371 1973 1953 2042; baseline 0.006 -17"><span class='ocrx_word' id='word_1_128' title='bbox 371 1973 534 2041; x_wconf 77' lang='lat' dir='ltr'><strong>infra,</strong></span> <span class='ocrx_word' id='word_1_129' title='bbox 566 1975 743 2042; x_wconf 80' lang='lat' dir='ltr'><strong>infra;</strong></span> <span class='ocrx_word' id='word_1_130' title='bbox 778 1978 865 2031; x_wconf 88' lang='lat' dir='ltr'><strong>ille</strong></span> <span class='ocrx_word' id='word_1_131' title='bbox 890 1977 1269 2032; x_wconf 84' lang='lat' dir='ltr'><strong>dominabitur</strong></span> <span class='ocrx_word' id='word_1_132' title='bbox 1291 1981 1392 2041; x_wconf 91' lang='lat' dir='ltr'><strong>tui,</strong></span> <span class='ocrx_word' id='word_1_133' title='bbox 1422 1990 1479 2033; x_wconf 91' lang='lat' dir='ltr'><strong>tu</strong></span> <span class='ocrx_word' id='word_1_134' title='bbox 1506 1997 1632 2034; x_wconf 74' lang='lat' dir='ltr'><strong>vero</strong></span> <span class='ocrx_word' id='word_1_135' title='bbox 1650 1982 1953 2035; x_wconf 88' lang='lat' dir='ltr'><strong>dominium</strong></span> 
     </span>
    </p>
   </div>
   <div class='ocr_carea' id='block_1_21' title="bbox 370 2063 1957 2135">
    <p class='ocr_par' dir='ltr' id='par_1_21' title="bbox 370 2063 1957 2135">
     <span class='ocr_line' id='line_1_21' title="bbox 370 2063 1957 2135; baseline 0.006 -20"><span class='ocrx_word' id='word_1_136' title='bbox 370 2063 604 2125; x_wconf 86' lang='lat' dir='ltr'><strong>subibis,</strong></span> <span class='ocrx_word' id='word_1_137' title='bbox 636 2064 723 2117; x_wconf 87' lang='lat' dir='ltr'><strong>ille</strong></span> <span class='ocrx_word' id='word_1_138' title='bbox 748 2066 839 2119; x_wconf 85' lang='lat' dir='ltr'><strong>liet</strong></span> <span class='ocrx_word' id='word_1_139' title='bbox 870 2067 921 2118; x_wconf 92' lang='lat' dir='ltr'><strong>in</strong></span> <span class='ocrx_word' id='word_1_140' title='bbox 948 2075 1131 2135; x_wconf 87' lang='lat' dir='ltr'><strong>caput.</strong></span> <span class='ocrx_word' id='word_1_141' title='bbox 1163 2078 1217 2120; x_wconf 94' lang='lat' dir='ltr'><strong>tu</strong></span> <span class='ocrx_word' id='word_1_142' title='bbox 1251 2068 1303 2121; x_wconf 93' lang='lat' dir='ltr'><strong>in</strong></span> <span class='ocrx_word' id='word_1_143' title='bbox 1334 2068 1566 2122; x_wconf 84' lang='lat' dir='ltr'><strong>caudam</strong></span> <span class='ocrx_word' id='word_1_144' title='bbox 1602 2071 1671 2121; x_wconf 85' lang='grc'><strong>¹¹.</strong></span> <span class='ocrx_word' id='word_1_145' title='bbox 1708 2089 1725 2120; x_wconf 78' lang='grc' dir='ltr'><strong>ι</strong></span> <span class='ocrx_word' id='word_1_146' title='bbox 1762 2070 1957 2125; x_wconf 79' lang='lat' dir='ltr'><strong>Prose-</strong></span> 
     </span>
    </p>
   </div>
   <div class='ocr_carea' id='block_1_22' title="bbox 372 2152 1957 2233">
    <p class='ocr_par' dir='ltr' id='par_1_22' title="bbox 372 2152 1957 2233">
     <span class='ocr_line' id='line_1_22' title="bbox 372 2152 1957 2233; baseline 0.008 -28"><span class='ocrx_word' id='word_1_147' title='bbox 372 2152 542 2224; x_wconf 73' lang='lat' dir='ltr'><strong>Iylum</strong></span> <span class='ocrx_word' id='word_1_148' title='bbox 594 2166 774 2211; x_wconf 88' lang='lat' dir='ltr'><strong>autem</strong></span> <span class='ocrx_word' id='word_1_149' title='bbox 830 2160 1063 2229; x_wconf 79' lang='lat' dir='ltr'><strong>appellat</strong></span> <span class='ocrx_word' id='word_1_150' title='bbox 1124 2161 1407 2230; x_wconf 87' lang='lat' dir='ltr'><strong>populum,</strong></span> <span class='ocrx_word' id='word_1_151' title='bbox 1448 2162 1543 2231; x_wconf 86' lang='lat' dir='ltr'><strong>qui</strong></span> <span class='ocrx_word' id='word_1_152' title='bbox 1585 2178 1648 2216; x_wconf 78' lang='lat' dir='ltr'><strong>ex</strong></span> <span class='ocrx_word' id='word_1_153' title='bbox 1700 2164 1957 2233; x_wconf 79' lang='lat' dir='ltr'><strong>gentibus</strong></span> 
     </span>
    </p>
   </div>
   <div class='ocr_carea' id='block_1_23' title="bbox 370 2246 875 2304">
    <p class='ocr_par' dir='ltr' id='par_1_23' title="bbox 370 2246 875 2304">
     <span class='ocr_line' id='line_1_23' title="bbox 370 2246 875 2304; baseline 0.012 -6"><span class='ocrx_word' id='word_1_154' title='bbox 370 2246 592 2300; x_wconf 65' lang='lat' dir='ltr'><strong>Clu-isto</strong></span> <span class='ocrx_word' id='word_1_155' title='bbox 621 2250 875 2304; x_wconf 83' lang='lat' dir='ltr'><strong>credidit.</strong></span> 
     </span>
    </p>
   </div>
   <div class='ocr_carea' id='block_1_24' title="bbox 911 2343 1433 2400">
    <p class='ocr_par' dir='ltr' id='par_1_24' title="bbox 911 2343 1433 2400">
     <span class='ocr_line' id='line_1_24' title="bbox 911 2343 1433 2400; baseline 0.008 -4"><span class='ocrx_word' id='word_1_156' title='bbox 911 2343 1091 2398; x_wconf 71' lang='lat' dir='ltr'><strong>XCIV.</strong></span> <span class='ocrx_word' id='word_1_157' title='bbox 1123 2376 1193 2385; x_wconf 90' lang='lat'><strong><em>—</em></strong></span> <span class='ocrx_word' id='word_1_158' title='bbox 1224 2343 1433 2400; x_wconf 80' lang='lat' dir='ltr'><strong>Eidem.</strong></span> 
     </span>
    </p>
   </div>
   <div class='ocr_carea' id='block_1_25' title="bbox 445 2432 1957 2509">
    <p class='ocr_par' dir='ltr' id='par_1_25' title="bbox 445 2432 1957 2509">
     <span class='ocr_line' id='line_1_25' title="bbox 445 2432 1957 2509; baseline 0.006 -24"><span class='ocrx_word' id='word_1_159' title='bbox 445 2432 661 2488; x_wconf 79' lang='lat' dir='ltr'><strong>Levitas</strong></span> <span class='ocrx_word' id='word_1_160' title='bbox 691 2438 887 2490; x_wconf 73' lang='lat' dir='ltr'><strong>scribis</strong></span> <span class='ocrx_word' id='word_1_161' title='bbox 912 2441 1042 2491; x_wconf 83' lang='lat' dir='ltr'><strong>mihi</strong></span> <span class='ocrx_word' id='word_1_162' title='bbox 1068 2440 1372 2495; x_wconf 80' lang='lat' dir='ltr'><strong>mooacltos</strong></span> <span class='ocrx_word' id='word_1_163' title='bbox 1391 2454 1517 2493; x_wconf 87' lang='lat' dir='ltr'><strong>esse</strong></span> <span class='ocrx_word' id='word_1_164' title='bbox 1545 2440 1867 2509; x_wconf 77' lang='lat' dir='ltr'><strong>Conligtms,</strong></span> <span class='ocrx_word' id='word_1_165' title='bbox 1902 2449 1957 2494; x_wconf 91' lang='lat' dir='ltr'><strong>et</strong></span> 
     </span>
    </p>
   </div>
   <div class='ocr_carea' id='block_1_26' title="bbox 375 2519 1959 2592">
    <p class='ocr_par' dir='ltr' id='par_1_26' title="bbox 375 2519 1959 2592">
     <span class='ocr_line' id='line_1_26' title="bbox 375 2519 1959 2592; baseline 0.008 -21"><span class='ocrx_word' id='word_1_166' title='bbox 375 2519 484 2575; x_wconf 76' lang='lat' dir='ltr'><strong>Deo</strong></span> <span class='ocrx_word' id='word_1_167' title='bbox 515 2525 950 2589; x_wconf 66' lang='lat' dir='ltr'><strong>conglutinatos.</strong></span> <span class='ocrx_word' id='word_1_168' title='bbox 983 2538 1035 2581; x_wconf 86' lang='lat' dir='ltr'><strong>et.</strong></span> <span class='ocrx_word' id='word_1_169' title='bbox 1069 2527 1185 2582; x_wconf 70' lang='lat' dir='ltr'><strong>haec</strong></span> <span class='ocrx_word' id='word_1_170' title='bbox 1230 2530 1503 2592; x_wconf 86' lang='lat' dir='ltr'><strong>sentiens,</strong></span> <span class='ocrx_word' id='word_1_171' title='bbox 1554 2530 1795 2583; x_wconf 73' lang='lat' dir='ltr'><strong>maxime</strong></span> <span class='ocrx_word' id='word_1_172' title='bbox 1831 2530 1959 2584; x_wconf 67' lang='lat' dir='ltr'><strong>usui</strong></span> 
     </span>
    </p>
   </div>
   <div class='ocr_carea' id='block_1_27' title="bbox 373 2615 697 2669">
    <p class='ocr_par' dir='ltr' id='par_1_27' title="bbox 373 2615 697 2669">
     <span class='ocr_line' id='line_1_27' title="bbox 373 2615 697 2669; baseline 0.006 -2"><span class='ocrx_word' id='word_1_173' title='bbox 373 2615 471 2669; x_wconf 87' lang='lat' dir='ltr'><strong>tibi</strong></span> <span class='ocrx_word' id='word_1_174' title='bbox 508 2616 697 2669; x_wconf 79' lang='lat' dir='ltr'><strong>fueris.</strong></span> 
     </span>
    </p>
   </div>
   <div class='ocr_carea' id='block_1_28' title="bbox 678 2706 1647 2768">
    <p class='ocr_par' dir='ltr' id='par_1_28' title="bbox 678 2706 1647 2768">
     <span class='ocr_line' id='line_1_28' title="bbox 678 2706 1647 2768; baseline 0.008 -8"><span class='ocrx_word' id='word_1_175' title='bbox 678 2706 833 2761; x_wconf 76' lang='lat' dir='ltr'><strong>XCV.</strong></span> <span class='ocrx_word' id='word_1_176' title='bbox 868 2738 934 2753; x_wconf 65' lang='grc' dir='ltr'><strong>ρ-</strong></span> <span class='ocrx_word' id='word_1_177' title='bbox 984 2709 1283 2765; x_wconf 66' lang='lat' dir='ltr'><strong>BABYbe</strong></span> <span class='ocrx_word' id='word_1_178' title='bbox 1327 2712 1647 2768; x_wconf 76' lang='lat' dir='ltr'><strong>DIACONO.</strong></span> 
     </span>
    </p>
   </div>
   <div class='ocr_carea' id='block_1_29' title="bbox 448 2798 1960 2876">
    <p class='ocr_par' dir='ltr' id='par_1_29' title="bbox 448 2798 1960 2876">
     <span class='ocr_line' id='line_1_29' title="bbox 448 2798 1960 2876; baseline 0.007 -27"><span class='ocrx_word' id='word_1_179' title='bbox 448 2798 593 2852; x_wconf 85' lang='lat' dir='ltr'><strong>Bona</strong></span> <span class='ocrx_word' id='word_1_180' title='bbox 622 2802 840 2868; x_wconf 83' lang='lat' dir='ltr'><strong>quidem</strong></span> <span class='ocrx_word' id='word_1_181' title='bbox 878 2804 1112 2857; x_wconf 84' lang='lat' dir='ltr'><strong>verbosa</strong></span> <span class='ocrx_word' id='word_1_182' title='bbox 1150 2805 1401 2858; x_wconf 87' lang='lat' dir='ltr'><strong>oratione</strong></span> <span class='ocrx_word' id='word_1_183' title='bbox 1436 2807 1707 2876; x_wconf 85' lang='lat' dir='ltr'><strong>loqueris.</strong></span> <span class='ocrx_word' id='word_1_184' title='bbox 1733 2815 1787 2861; x_wconf 87' lang='lat' dir='ltr'><strong>et</strong></span> <span class='ocrx_word' id='word_1_185' title='bbox 1818 2807 1960 2860; x_wconf 84' lang='lat' dir='ltr'><strong>mala</strong></span> 
     </span>
    </p>
   </div>
   <div class='ocr_carea' id='block_1_30' title="bbox 379 2894 1962 2971">
    <p class='ocr_par' dir='ltr' id='par_1_30' title="bbox 379 2894 1962 2971">
     <span class='ocr_line' id='line_1_30' title="bbox 379 2894 1962 2971; baseline 0.008 -30"><span class='ocrx_word' id='word_1_186' title='bbox 379 2894 459 2947; x_wconf 78' lang='lat' dir='ltr'><strong>vel</strong></span> <span class='ocrx_word' id='word_1_187' title='bbox 512 2894 748 2949; x_wconf 72' lang='lat' dir='ltr'><strong>maxime</strong></span> <span class='ocrx_word' id='word_1_188' title='bbox 784 2899 1019 2965; x_wconf 83' lang='lat' dir='ltr'><strong>peragis,</strong></span> <span class='ocrx_word' id='word_1_189' title='bbox 1072 2900 1255 2968; x_wconf 81' lang='lat' dir='ltr'><strong>specie</strong></span> <span class='ocrx_word' id='word_1_190' title='bbox 1305 2901 1602 2971; x_wconf 88' lang='lat' dir='ltr'><strong>siquidem,</strong></span> <span class='ocrx_word' id='word_1_191' title='bbox 1651 2910 1707 2956; x_wconf 89' lang='lat' dir='ltr'><strong>et</strong></span> <span class='ocrx_word' id='word_1_192' title='bbox 1773 2903 1962 2955; x_wconf 82' lang='lat' dir='ltr'><strong>multi-</strong></span> 
     </span>
    </p>
   </div>
   <div class='ocr_carea' id='block_1_31' title="bbox 382 2987 1963 3057">
    <p class='ocr_par' dir='ltr' id='par_1_31' title="bbox 382 2987 1963 3057">
     <span class='ocr_line' id='line_1_31' title="bbox 382 2987 1963 3057; baseline 0.006 -18"><span class='ocrx_word' id='word_1_193' title='bbox 382 2987 573 3055; x_wconf 89' lang='lat' dir='ltr'><strong>loquio</strong></span> <span class='ocrx_word' id='word_1_194' title='bbox 612 2988 928 3057; x_wconf 80' lang='lat' dir='ltr'><strong>probitatis,</strong></span> <span class='ocrx_word' id='word_1_195' title='bbox 961 3000 1015 3044; x_wconf 80' lang='lat' dir='ltr'><strong>et</strong></span> <span class='ocrx_word' id='word_1_196' title='bbox 1038 3008 1253 3045; x_wconf 89' lang='lat' dir='ltr'><strong>morum</strong></span> <span class='ocrx_word' id='word_1_197' title='bbox 1285 2994 1596 3049; x_wconf 87' lang='lat' dir='ltr'><strong>honestatis</strong></span> <span class='ocrx_word' id='word_1_198' title='bbox 1640 2994 1809 3057; x_wconf 79' lang='lat' dir='ltr'><strong>leves,</strong></span> <span class='ocrx_word' id='word_1_199' title='bbox 1843 2997 1963 3049; x_wconf 87' lang='lat' dir='ltr'><strong>ine-</strong></span> 
     </span>
    </p>
   </div>
   <div class='ocr_carea' id='block_1_32' title="bbox 2061 598 3639 670">
    <p class='ocr_par' dir='ltr' id='par_1_32' title="bbox 2061 598 3639 670">
     <span class='ocr_line' id='line_1_32' title="bbox 2061 598 3639 670; baseline 0.001 -21"><span class='ocrx_word' id='word_1_200' title='bbox 2061 598 2303 668; x_wconf 76' lang='grc' dir='ltr'>ρηγῆσαι</span> <span class='ocrx_word' id='word_1_201' title='bbox 2328 598 2421 651; x_wconf 85' lang='grc' dir='ltr'><strong>τὸν</strong></span> <span class='ocrx_word' id='word_1_202' title='bbox 2454 598 2635 665; x_wconf 79' lang='grc' dir='ltr'>λόγον,</span> <span class='ocrx_word' id='word_1_203' title='bbox 2668 599 2779 660; x_wconf 80' lang='grc' dir='ltr'>τοῖς</span> <span class='ocrx_word' id='word_1_204' title='bbox 2818 600 2881 652; x_wconf 85' lang='grc' dir='ltr'><strong>ὲκ</strong></span> <span class='ocrx_word' id='word_1_205' title='bbox 2918 600 3233 669; x_wconf 77' lang='grc' dir='ltr'>σπέρματος</span> <span class='ocrx_word' id='word_1_206' title='bbox 3274 601 3369 653; x_wconf 78' lang='grc' dir='ltr'>τοῦ</span> <span class='ocrx_word' id='word_1_207' title='bbox 3400 602 3639 670; x_wconf 78' lang='grc' dir='ltr'><strong>μεγάλου</strong></span> 
     </span>
    </p>
   </div>
   <div class='ocr_carea' id='block_1_33' title="bbox 2072 674 3638 761">
    <p class='ocr_par' dir='ltr' id='par_1_33' title="bbox 2072 674 3638 761">
     <span class='ocr_line' id='line_1_33' title="bbox 2072 674 3638 761; baseline 0.001 -18"><span class='ocrx_word' id='word_1_208' title='bbox 2072 690 2357 760; x_wconf 72' lang='grc' dir='ltr'>Ἀὔραάμο</span> <span class='ocrx_word' id='word_1_209' title='bbox 2392 690 2580 759; x_wconf 74' lang='grc' dir='ltr'>ἐπειδὴ</span> <span class='ocrx_word' id='word_1_210' title='bbox 2611 690 2666 743; x_wconf 86' lang='grc' dir='ltr'>δὲ</span> <span class='ocrx_word' id='word_1_211' title='bbox 2696 674 3107 761; x_wconf 62' lang='grc' dir='ltr'>ἀποστρέφεσθε</span> <span class='ocrx_word' id='word_1_212' title='bbox 3135 691 3232 761; x_wconf 79' lang='grc' dir='ltr'><strong>τὴν</strong></span> <span class='ocrx_word' id='word_1_213' title='bbox 3259 692 3407 745; x_wconf 76' lang='grc' dir='ltr'>Θείαν</span> <span class='ocrx_word' id='word_1_214' title='bbox 3435 694 3638 761; x_wconf 79' lang='grc' dir='ltr'>ἀκρόα-</span> 
     </span>
    </p>
   </div>
   <div class='ocr_carea' id='block_1_34' title="bbox 2060 784 3642 853">
    <p class='ocr_par' dir='ltr' id='par_1_34' title="bbox 2060 784 3642 853">
     <span class='ocr_line' id='line_1_34' title="bbox 2060 784 3642 853; baseline -0.004 -15"><span class='ocrx_word' id='word_1_215' title='bbox 2060 804 2165 840; x_wconf 82' lang='grc' dir='ltr'>σιν,</span> <span class='ocrx_word' id='word_1_216' title='bbox 2216 786 2309 837; x_wconf 72' lang='grc' dir='ltr'>καὶ</span> <span class='ocrx_word' id='word_1_217' title='bbox 2344 784 2596 847; x_wconf 78' lang='grc' dir='ltr'>ἀναξίους</span> <span class='ocrx_word' id='word_1_218' title='bbox 2630 784 2969 852; x_wconf 80' lang='grc' dir='ltr'>πεποιήκατε</span> <span class='ocrx_word' id='word_1_219' title='bbox 3022 784 3248 846; x_wconf 73' lang='grc' dir='ltr'>ἑαυτοὺς</span> <span class='ocrx_word' id='word_1_220' title='bbox 3288 785 3385 853; x_wconf 88' lang='grc' dir='ltr'><strong>τῆς</strong></span> <span class='ocrx_word' id='word_1_221' title='bbox 3423 784 3642 836; x_wconf 78' lang='grc' dir='ltr'>αἰωνίου</span> 
     </span>
    </p>
   </div>
   <div class='ocr_carea' id='block_1_35' title="bbox 2059 875 3638 944">
    <p class='ocr_par' dir='ltr' id='par_1_35' title="bbox 2059 875 3638 944">
     <span class='ocr_line' id='line_1_35' title="bbox 2059 875 3638 944; baseline -0.001 -15"><span class='ocrx_word' id='word_1_222' title='bbox 2059 877 2226 941; x_wconf 78' lang='grc' dir='ltr'>ζωῆς,</span> <span class='ocrx_word' id='word_1_223' title='bbox 2289 876 2395 930; x_wconf 76' lang='grc' dir='ltr'>ἰδοὺ</span> <span class='ocrx_word' id='word_1_224' title='bbox 2435 876 2621 929; x_wconf 78' lang='grc' dir='ltr'>λοιπὸν</span> <span class='ocrx_word' id='word_1_225' title='bbox 2662 877 2740 937; x_wconf 84' lang='grc' dir='ltr'><strong>είς</strong></span> <span class='ocrx_word' id='word_1_226' title='bbox 2789 875 2857 927; x_wconf 84' lang='grc' dir='ltr'>τὰ</span> <span class='ocrx_word' id='word_1_227' title='bbox 2891 875 3017 944; x_wconf 77' lang='grc' dir='ltr'>ἔθνη</span> <span class='ocrx_word' id='word_1_228' title='bbox 3059 875 3150 929; x_wconf 70' lang='grc' dir='ltr'>τὸν</span> <span class='ocrx_word' id='word_1_229' title='bbox 3191 877 3347 944; x_wconf 73' lang='grc' dir='ltr'>λόγον</span> <span class='ocrx_word' id='word_1_230' title='bbox 3400 878 3638 928; x_wconf 81' lang='grc' dir='ltr'>ἐκτείνο-</span> 
     </span>
    </p>
   </div>
   <div class='ocr_carea' id='block_1_36' title="bbox 2064 966 3638 1038">
    <p class='ocr_par' dir='ltr' id='par_1_36' title="bbox 2064 966 3638 1038">
     <span class='ocr_line' id='line_1_36' title="bbox 2064 966 3638 1038; baseline -0.001 -18"><span class='ocrx_word' id='word_1_231' title='bbox 2064 986 2162 1038; x_wconf 87' lang='grc' dir='ltr'><strong>μεν</strong></span> <span class='ocrx_word' id='word_1_232' title='bbox 2236 988 2254 1019; x_wconf 72' lang='grc' dir='ltr'><strong>ι</strong></span> <span class='ocrx_word' id='word_1_233' title='bbox 2288 970 2375 1021; x_wconf 83' lang='grc' dir='ltr'><strong>ἵνα</strong></span> <span class='ocrx_word' id='word_1_234' title='bbox 2420 969 2682 1038; x_wconf 68' lang='grc' dir='ltr'>πλημυῡῇ</span> <span class='ocrx_word' id='word_1_235' title='bbox 2736 968 2796 1020; x_wconf 79' lang='grc' dir='ltr'><strong>τὸ</strong></span> <span class='ocrx_word' id='word_1_236' title='bbox 2842 966 3033 1036; x_wconf 78' lang='grc' dir='ltr'>λεχθὲν</span> <span class='ocrx_word' id='word_1_237' title='bbox 3068 966 3222 1033; x_wconf 81' lang='grc' dir='ltr'>παρὰ</span> <span class='ocrx_word' id='word_1_238' title='bbox 3271 967 3366 1019; x_wconf 84' lang='grc' dir='ltr'>τοῦ</span> <span class='ocrx_word' id='word_1_239' title='bbox 3423 967 3638 1035; x_wconf 44' lang='lat' dir='ltr'><strong>Harpe;</strong></span> 
     </span>
    </p>
   </div>
   <div class='ocr_carea' id='block_1_37' title="bbox 2060 1055 3640 1128">
    <p class='ocr_par' dir='ltr' id='par_1_37' title="bbox 2060 1055 3640 1128">
     <span class='ocr_line' id='line_1_37' title="bbox 2060 1055 3640 1128; baseline -0.005 -17"><span class='ocrx_word' id='word_1_240' title='bbox 2060 1057 2135 1128; x_wconf 82' lang='grc' dir='ltr'><strong>τῷ</strong></span> <span class='ocrx_word' id='word_1_241' title='bbox 2183 1057 2298 1127; x_wconf 78' lang='grc' dir='ltr'><strong>Υίῷ</strong></span> <span class='ocrx_word' id='word_1_242' title='bbox 2327 1059 2386 1111; x_wconf 83' lang='grc' dir='ltr'>ὲν</span> <span class='ocrx_word' id='word_1_243' title='bbox 2419 1061 2486 1126; x_wconf 83' lang='grc' dir='ltr'>τῇ</span> <span class='ocrx_word' id='word_1_244' title='bbox 2530 1056 2694 1124; x_wconf 76' lang='grc' dir='ltr'>βίϐλῳ</span> <span class='ocrx_word' id='word_1_245' title='bbox 2733 1057 2955 1108; x_wconf 78' lang='grc' dir='ltr'>Ἡσαΐου</span> <span class='ocrx_word' id='word_1_246' title='bbox 2976 1069 2988 1081; x_wconf 85' lang='lat'>&#39;</span> <span class='ocrx_word' id='word_1_247' title='bbox 3023 1074 3041 1105; x_wconf 77' lang='grc' dir='ltr'><strong>ι</strong></span> <span class='ocrx_word' id='word_1_248' title='bbox 3075 1055 3295 1124; x_wconf 75' lang='grc' dir='ltr'>Τέοηκὰ</span> <span class='ocrx_word' id='word_1_249' title='bbox 3326 1072 3385 1106; x_wconf 90' lang='grc' dir='ltr'><strong>σε</strong></span> <span class='ocrx_word' id='word_1_250' title='bbox 3416 1057 3495 1115; x_wconf 84' lang='grc' dir='ltr'><strong>είς</strong></span> <span class='ocrx_word' id='word_1_251' title='bbox 3527 1055 3640 1121; x_wconf 78' lang='grc' dir='ltr'><strong>φῶς</strong></span> 
     </span>
    </p>
   </div>
   <div class='ocr_carea' id='block_1_38' title="bbox 2058 1143 3643 1219">
    <p class='ocr_par' dir='ltr' id='par_1_38' title="bbox 2058 1143 3643 1219">
     <span class='ocr_line' id='line_1_38' title="bbox 2058 1143 3643 1219; baseline -0.004 -16"><span class='ocrx_word' id='word_1_252' title='bbox 2058 1149 2230 1205; x_wconf 71' lang='grc' dir='ltr'>ἐθνῶν</span> <span class='ocrx_word' id='word_1_253' title='bbox 2262 1148 2357 1202; x_wconf 82' lang='grc' dir='ltr'>τοῦ</span> <span class='ocrx_word' id='word_1_254' title='bbox 2406 1143 2545 1201; x_wconf 82' lang='grc' dir='ltr'><strong>εἷναί</strong></span> <span class='ocrx_word' id='word_1_255' title='bbox 2577 1165 2636 1201; x_wconf 89' lang='grc' dir='ltr'><strong>σε</strong></span> <span class='ocrx_word' id='word_1_256' title='bbox 2686 1150 2766 1209; x_wconf 86' lang='grc' dir='ltr'>εἰς</span> <span class='ocrx_word' id='word_1_257' title='bbox 2815 1147 3088 1219; x_wconf 77' lang='grc' dir='ltr'><strong>σωτηρίαν</strong></span> <span class='ocrx_word' id='word_1_258' title='bbox 3130 1147 3231 1209; x_wconf 81' lang='grc' dir='ltr'>ἓως</span> <span class='ocrx_word' id='word_1_259' title='bbox 3267 1148 3501 1215; x_wconf 74' lang='grc' dir='ltr'>ἐσχάτου</span> <span class='ocrx_word' id='word_1_260' title='bbox 3544 1148 3643 1213; x_wconf 82' lang='grc' dir='ltr'><strong>τῆς</strong></span> 
     </span>
    </p>
   </div>
   <div class='ocr_carea' id='block_1_39' title="bbox 2060 1243 2242 1313">
    <p class='ocr_par' dir='ltr' id='par_1_39' title="bbox 2060 1243 2242 1313">
     <span class='ocr_line' id='line_1_39' title="bbox 2060 1243 2242 1313; baseline -0.011 -18"><span class='ocrx_word' id='word_1_261' title='bbox 2060 1243 2185 1313; x_wconf 84' lang='grc' dir='ltr'>γῆς.</span> <span class='ocrx_word' id='word_1_262' title='bbox 2223 1260 2242 1293; x_wconf 75' lang='grc' dir='ltr'><strong>ι</strong></span> 
     </span>
    </p>
   </div>
   <div class='ocr_carea' id='block_1_40' title="bbox 2590 1329 3117 1401">
    <p class='ocr_par' dir='ltr' id='par_1_40' title="bbox 2590 1329 3117 1401">
     <span class='ocr_line' id='line_1_40' title="bbox 2590 1329 3117 1401; baseline -0.006 -15"><span class='ocrx_word' id='word_1_263' title='bbox 2590 1334 2700 1401; x_wconf 69' lang='grc' dir='ltr'><strong>ιιΓν.</strong></span> <span class='ocrx_word' id='word_1_264' title='bbox 2727 1364 2796 1372; x_wconf 92' lang='grc'><strong><em>-</em></strong></span> <span class='ocrx_word' id='word_1_265' title='bbox 2822 1330 2904 1396; x_wconf 83' lang='grc' dir='ltr'><strong>Τῷ</strong></span> <span class='ocrx_word' id='word_1_266' title='bbox 2937 1329 3117 1395; x_wconf 81' lang='grc' dir='ltr'>αὐτῷ.</span> 
     </span>
    </p>
   </div>
   <div class='ocr_carea' id='block_1_41' title="bbox 2129 1420 3653 1497">
    <p class='ocr_par' dir='ltr' id='par_1_41' title="bbox 2129 1420 3653 1497">
     <span class='ocr_line' id='line_1_41' title="bbox 2129 1420 3653 1497; baseline -0.006 -17"><span class='ocrx_word' id='word_1_267' title='bbox 2129 1427 2303 1480; x_wconf 80' lang='grc' dir='ltr'><strong>Βλέπε</strong></span> <span class='ocrx_word' id='word_1_268' title='bbox 2337 1442 2428 1497; x_wconf 86' lang='grc' dir='ltr'><strong>μοι</strong></span> <span class='ocrx_word' id='word_1_269' title='bbox 2453 1427 2577 1489; x_wconf 78' lang='grc' dir='ltr'>τοὺς</span> <span class='ocrx_word' id='word_1_270' title='bbox 2626 1427 2685 1491; x_wconf 75' lang='grc' dir='ltr'><strong>ἐξ</strong></span> <span class='ocrx_word' id='word_1_271' title='bbox 2716 1422 3483 1495; x_wconf 74' lang='grc' dir='ltr'>Ἐβραίων(1)πιττεύοντας,</span> <span class='ocrx_word' id='word_1_272' title='bbox 3533 1420 3653 1482; x_wconf 85' lang='grc' dir='ltr'><strong>πῶς</strong></span> 
     </span>
    </p>
   </div>
   <div class='ocr_carea' id='block_1_42' title="bbox 2058 1512 3655 1592">
    <p class='ocr_par' dir='ltr' id='par_1_42' title="bbox 2058 1512 3655 1592">
     <span class='ocr_line' id='line_1_42' title="bbox 2058 1512 3655 1592; baseline -0.006 -20"><span class='ocrx_word' id='word_1_273' title='bbox 2058 1519 2453 1592; x_wconf 83' lang='grc' dir='ltr'>προσέρχονται</span> <span class='ocrx_word' id='word_1_274' title='bbox 2503 1517 2582 1588; x_wconf 84' lang='grc' dir='ltr'>τῷ</span> <span class='ocrx_word' id='word_1_275' title='bbox 2636 1516 2952 1589; x_wconf 75' lang='grc' dir='ltr'>κηρύγματι</span> <span class='ocrx_word' id='word_1_276' title='bbox 3008 1514 3116 1568; x_wconf 83' lang='grc' dir='ltr'><strong>τῶν</strong></span> <span class='ocrx_word' id='word_1_277' title='bbox 3160 1512 3498 1575; x_wconf 80' lang='grc' dir='ltr'>ἀποστόλων,</span> <span class='ocrx_word' id='word_1_278' title='bbox 3557 1513 3655 1564; x_wconf 78' lang='grc' dir='ltr'><strong>καὶ</strong></span> 
     </span>
    </p>
   </div>
   <div class='ocr_carea' id='block_1_43' title="bbox 2057 1606 3654 1683">
    <p class='ocr_par' dir='ltr' id='par_1_43' title="bbox 2057 1606 3654 1683">
     <span class='ocr_line' id='line_1_43' title="bbox 2057 1606 3654 1683; baseline -0.004 -19"><span class='ocrx_word' id='word_1_279' title='bbox 2057 1616 2292 1683; x_wconf 79' lang='grc' dir='ltr'>νοήσεις,</span> <span class='ocrx_word' id='word_1_280' title='bbox 2321 1610 2439 1674; x_wconf 84' lang='grc' dir='ltr'>πῶς</span> <span class='ocrx_word' id='word_1_281' title='bbox 2474 1612 2524 1663; x_wconf 74' lang='lat' dir='ltr'><strong>oi</strong></span> <span class='ocrx_word' id='word_1_282' title='bbox 2568 1610 2775 1679; x_wconf 82' lang='grc' dir='ltr'>πρῶτοι</span> <span class='ocrx_word' id='word_1_283' title='bbox 2803 1610 3045 1677; x_wconf 82' lang='grc' dir='ltr'><strong>δεύτεροι</strong></span> <span class='ocrx_word' id='word_1_284' title='bbox 3076 1607 3526 1667; x_wconf 81' lang='grc' dir='ltr'>ἀποδείκνυνται,</span> <span class='ocrx_word' id='word_1_285' title='bbox 3562 1606 3654 1657; x_wconf 83' lang='grc' dir='ltr'><strong>ἵνα</strong></span> 
     </span>
    </p>
   </div>
   <div class='ocr_carea' id='block_1_44' title="bbox 2059 1696 3657 1770">
    <p class='ocr_par' dir='ltr' id='par_1_44' title="bbox 2059 1696 3657 1770">
     <span class='ocr_line' id='line_1_44' title="bbox 2059 1696 3657 1770; baseline -0.004 -18"><span class='ocrx_word' id='word_1_286' title='bbox 2059 1701 2319 1770; x_wconf 82' lang='grc' dir='ltr'><strong>πληρωθῇ</strong></span> <span class='ocrx_word' id='word_1_287' title='bbox 2351 1702 2379 1752; x_wconf 77' lang='grc' dir='ltr'>ὁ</span> <span class='ocrx_word' id='word_1_288' title='bbox 2429 1699 2583 1767; x_wconf 80' lang='grc' dir='ltr'>λόγος</span> <span class='ocrx_word' id='word_1_289' title='bbox 2620 1697 2712 1750; x_wconf 78' lang='grc' dir='ltr'>τοῦ</span> <span class='ocrx_word' id='word_1_290' title='bbox 2768 1698 3009 1759; x_wconf 79' lang='grc' dir='ltr'>Μωσέως</span> <span class='ocrx_word' id='word_1_291' title='bbox 3041 1696 3521 1767; x_wconf 77' lang='grc' dir='ltr'>προφητεύσαντος</span> <span class='ocrx_word' id='word_1_292' title='bbox 3542 1698 3657 1757; x_wconf 80' lang='grc' dir='ltr'>τοῖς</span> 
     </span>
    </p>
   </div>
   <div class='ocr_carea' id='block_1_45' title="bbox 2056 1787 3656 1861">
    <p class='ocr_par' dir='ltr' id='par_1_45' title="bbox 2056 1787 3656 1861">
     <span class='ocr_line' id='line_1_45' title="bbox 2056 1787 3656 1861; baseline -0.005 -15"><span class='ocrx_word' id='word_1_293' title='bbox 2056 1794 2345 1861; x_wconf 74' lang='grc' dir='ltr'>ἀπογόνοις</span> <span class='ocrx_word' id='word_1_294' title='bbox 2376 1791 2469 1845; x_wconf 85' lang='grc' dir='ltr'>τοῦ</span> <span class='ocrx_word' id='word_1_295' title='bbox 2518 1790 2790 1861; x_wconf 81' lang='grc' dir='ltr'>Ἀβραὰμ,</span> <span class='ocrx_word' id='word_1_296' title='bbox 2831 1791 2923 1843; x_wconf 88' lang='grc' dir='ltr'><strong>καί</strong></span> <span class='ocrx_word' id='word_1_297' title='bbox 2958 1790 3231 1857; x_wconf 80' lang='grc' dir='ltr'>λέγοντος,</span> <span class='ocrx_word' id='word_1_298' title='bbox 3275 1790 3358 1841; x_wconf 86' lang='grc' dir='ltr'><strong>ὃτι</strong></span> <span class='ocrx_word' id='word_1_299' title='bbox 3400 1808 3417 1839; x_wconf 79' lang='grc' dir='ltr'>ι</span> <span class='ocrx_word' id='word_1_300' title='bbox 3454 1787 3656 1839; x_wconf 83' lang='grc' dir='ltr'>Ἔσται</span> 
     </span>
    </p>
   </div>
   <div class='ocr_carea' id='block_1_46' title="bbox 2056 1881 3651 1957">
    <p class='ocr_par' dir='ltr' id='par_1_46' title="bbox 2056 1881 3651 1957">
     <span class='ocr_line' id='line_1_46' title="bbox 2056 1881 3651 1957; baseline -0.003 -19"><span class='ocrx_word' id='word_1_301' title='bbox 2056 1889 2084 1938; x_wconf 87' lang='grc' dir='ltr'>ὁ</span> <span class='ocrx_word' id='word_1_302' title='bbox 2112 1886 2447 1957; x_wconf 80' lang='grc' dir='ltr'>προσήλυτος</span> <span class='ocrx_word' id='word_1_303' title='bbox 2475 1888 2502 1938; x_wconf 87' lang='grc' dir='ltr'><em>ὀ</em></span> <span class='ocrx_word' id='word_1_304' title='bbox 2531 1887 2587 1937; x_wconf 81' lang='grc' dir='ltr'>ὲν</span> <span class='ocrx_word' id='word_1_305' title='bbox 2615 1886 2719 1949; x_wconf 78' lang='grc' dir='ltr'>σοὶ,</span> <span class='ocrx_word' id='word_1_306' title='bbox 2750 1883 2863 1937; x_wconf 78' lang='grc' dir='ltr'>ἄνω</span> <span class='ocrx_word' id='word_1_307' title='bbox 2889 1885 3001 1937; x_wconf 81' lang='grc' dir='ltr'>ἄνω</span> <span class='ocrx_word' id='word_1_308' title='bbox 3022 1899 3035 1912; x_wconf 90' lang='grc'><strong>·</strong></span> <span class='ocrx_word' id='word_1_309' title='bbox 3063 1885 3127 1937; x_wconf 79' lang='grc' dir='ltr'><strong>σί)</strong></span> <span class='ocrx_word' id='word_1_310' title='bbox 3156 1883 3234 1947; x_wconf 76' lang='grc' dir='ltr'><strong>δὲ,</strong></span> <span class='ocrx_word' id='word_1_311' title='bbox 3271 1882 3425 1935; x_wconf 78' lang='grc' dir='ltr'>κάτω</span> <span class='ocrx_word' id='word_1_312' title='bbox 3458 1881 3614 1933; x_wconf 84' lang='grc' dir='ltr'>κάτω</span> <span class='ocrx_word' id='word_1_313' title='bbox 3639 1896 3651 1907; x_wconf 84' lang='lat'><strong>&#39;</strong></span> 
     </span>
    </p>
   </div>
   <div class='ocr_carea' id='block_1_47' title="bbox 2058 1976 3653 2049">
    <p class='ocr_par' dir='ltr' id='par_1_47' title="bbox 2058 1976 3653 2049">
     <span class='ocr_line' id='line_1_47' title="bbox 2058 1976 3653 2049; baseline -0.004 -17"><span class='ocrx_word' id='word_1_314' title='bbox 2058 1982 2263 2043; x_wconf 76' lang='grc' dir='ltr'>ἐκεῖνος</span> <span class='ocrx_word' id='word_1_315' title='bbox 2305 1978 2461 2049; x_wconf 79' lang='grc' dir='ltr'>ἄρξει</span> <span class='ocrx_word' id='word_1_316' title='bbox 2509 1995 2625 2041; x_wconf 93' lang='grc' dir='ltr'>σου,</span> <span class='ocrx_word' id='word_1_317' title='bbox 2664 1979 2729 2031; x_wconf 77' lang='grc' dir='ltr'><strong>σὺ</strong></span> <span class='ocrx_word' id='word_1_318' title='bbox 2754 1978 2812 2031; x_wconf 79' lang='grc' dir='ltr'>δὲ</span> <span class='ocrx_word' id='word_1_319' title='bbox 2858 1976 3111 2048; x_wconf 81' lang='grc' dir='ltr'><strong>ἀρχθήσῃ</strong></span> <span class='ocrx_word' id='word_1_320' title='bbox 3138 1993 3149 2004; x_wconf 91' lang='grc'><strong>·</strong></span> <span class='ocrx_word' id='word_1_321' title='bbox 3182 1978 3390 2038; x_wconf 86' lang='grc' dir='ltr'>ἐκεῖνος</span> <span class='ocrx_word' id='word_1_322' title='bbox 3421 1976 3653 2041; x_wconf 77' lang='grc' dir='ltr'>γενήσε-</span> 
     </span>
    </p>
   </div>
   <div class='ocr_carea' id='block_1_48' title="bbox 2057 2065 3657 2139">
    <p class='ocr_par' dir='ltr' id='par_1_48' title="bbox 2057 2065 3657 2139">
     <span class='ocr_line' id='line_1_48' title="bbox 2057 2065 3657 2139; baseline -0.002 -18"><span class='ocrx_word' id='word_1_323' title='bbox 2057 2088 2145 2121; x_wconf 88' lang='grc' dir='ltr'><strong>ται</strong></span> <span class='ocrx_word' id='word_1_324' title='bbox 2194 2072 2273 2130; x_wconf 87' lang='grc' dir='ltr'>εἰς</span> <span class='ocrx_word' id='word_1_325' title='bbox 2322 2069 2586 2139; x_wconf 80' lang='grc' dir='ltr'>κεφαλὴν,</span> <span class='ocrx_word' id='word_1_326' title='bbox 2622 2069 2684 2121; x_wconf 78' lang='grc' dir='ltr'><strong>σὺ</strong></span> <span class='ocrx_word' id='word_1_327' title='bbox 2728 2069 2783 2120; x_wconf 84' lang='grc' dir='ltr'>δὲ</span> <span class='ocrx_word' id='word_1_328' title='bbox 2812 2070 2892 2129; x_wconf 87' lang='grc' dir='ltr'>εἰς</span> <span class='ocrx_word' id='word_1_329' title='bbox 2916 2069 3106 2137; x_wconf 70' lang='grc' dir='ltr'>οὐράν.</span> <span class='ocrx_word' id='word_1_330' title='bbox 3146 2087 3164 2118; x_wconf 73' lang='grc' dir='ltr'><strong>ι</strong></span> <span class='ocrx_word' id='word_1_331' title='bbox 3217 2068 3571 2137; x_wconf 83' lang='grc' dir='ltr'>Προσήλυτον</span> <span class='ocrx_word' id='word_1_332' title='bbox 3597 2065 3657 2118; x_wconf 86' lang='grc' dir='ltr'><em>δέ</em></span> 
     </span>
    </p>
   </div>
   <div class='ocr_carea' id='block_1_49' title="bbox 2059 2161 3593 2232">
    <p class='ocr_par' dir='ltr' id='par_1_49' title="bbox 2059 2161 3593 2232">
     <span class='ocr_line' id='line_1_49' title="bbox 2059 2161 3593 2232; baseline -0.001 -18"><span class='ocrx_word' id='word_1_333' title='bbox 2059 2180 2190 2232; x_wconf 82' lang='grc' dir='ltr'>φησι</span> <span class='ocrx_word' id='word_1_334' title='bbox 2231 2162 2321 2215; x_wconf 75' lang='grc' dir='ltr'><strong>τὸν</strong></span> <span class='ocrx_word' id='word_1_335' title='bbox 2362 2162 2420 2226; x_wconf 77' lang='grc' dir='ltr'><strong>ἐξ</strong></span> <span class='ocrx_word' id='word_1_336' title='bbox 2447 2162 2616 2215; x_wconf 85' lang='grc' dir='ltr'>ὲθνῶν</span> <span class='ocrx_word' id='word_1_337' title='bbox 2649 2162 2725 2232; x_wconf 82' lang='grc' dir='ltr'><strong>τῷ</strong></span> <span class='ocrx_word' id='word_1_338' title='bbox 2754 2161 2972 2232; x_wconf 79' lang='grc' dir='ltr'>Χριστῷ</span> <span class='ocrx_word' id='word_1_339' title='bbox 3008 2161 3414 2213; x_wconf 62' lang='grc' dir='ltr'>πεπιστευκότα</span> <span class='ocrx_word' id='word_1_340' title='bbox 3443 2161 3593 2213; x_wconf 86' lang='grc' dir='ltr'>λαόν.</span> 
     </span>
    </p>
   </div>
   <div class='ocr_carea' id='block_1_50' title="bbox 2589 2340 3112 2410">
    <p class='ocr_par' dir='ltr' id='par_1_50' title="bbox 2589 2340 3112 2410">
     <span class='ocr_line' id='line_1_50' title="bbox 2589 2340 3112 2410; baseline 0 -15"><span class='ocrx_word' id='word_1_341' title='bbox 2589 2347 2665 2410; x_wconf 50' lang='grc' dir='ltr'><strong>ιφ</strong></span> <span class='ocrx_word' id='word_1_342' title='bbox 2688 2384 2700 2397; x_wconf 93' lang='grc'><strong>.</strong></span> <span class='ocrx_word' id='word_1_343' title='bbox 2722 2370 2795 2384; x_wconf 89' lang='lat'><strong>—-</strong></span> <span class='ocrx_word' id='word_1_344' title='bbox 2819 2340 2901 2406; x_wconf 83' lang='grc' dir='ltr'><strong>Τῷ</strong></span> <span class='ocrx_word' id='word_1_345' title='bbox 2930 2342 3112 2406; x_wconf 78' lang='grc' dir='ltr'>αὐτῷ.</span> 
     </span>
    </p>
   </div>
   <div class='ocr_carea' id='block_1_51' title="bbox 2133 2436 3660 2509">
    <p class='ocr_par' dir='ltr' id='par_1_51' title="bbox 2133 2436 3660 2509">
     <span class='ocr_line' id='line_1_51' title="bbox 2133 2436 3660 2509; baseline -0.004 -18"><span class='ocrx_word' id='word_1_346' title='bbox 2133 2439 2364 2501; x_wconf 80' lang='grc' dir='ltr'>Λευῖτας</span> <span class='ocrx_word' id='word_1_347' title='bbox 2380 2437 2610 2509; x_wconf 74' lang='grc' dir='ltr'>γράφεις</span> <span class='ocrx_word' id='word_1_348' title='bbox 2638 2437 3005 2506; x_wconf 68' lang='grc' dir='ltr'>μοιὺπὰρχειν</span> <span class='ocrx_word' id='word_1_349' title='bbox 3018 2436 3142 2497; x_wconf 78' lang='grc' dir='ltr'>τοὺς</span> <span class='ocrx_word' id='word_1_350' title='bbox 3176 2436 3463 2506; x_wconf 65' lang='grc' dir='ltr'>μοειαχοῦς,</span> <span class='ocrx_word' id='word_1_351' title='bbox 3492 2451 3660 2505; x_wconf 87' lang='grc' dir='ltr'>προσ-</span> 
     </span>
    </p>
   </div>
   <div class='ocr_carea' id='block_1_52' title="bbox 2060 2527 3659 2605">
    <p class='ocr_par' dir='ltr' id='par_1_52' title="bbox 2060 2527 3659 2605">
     <span class='ocr_line' id='line_1_52' title="bbox 2060 2527 3659 2605; baseline -0.004 -18"><span class='ocrx_word' id='word_1_352' title='bbox 2060 2533 2425 2605; x_wconf 72' lang='grc' dir='ltr'>χρωτίζοντας</span> <span class='ocrx_word' id='word_1_353' title='bbox 2472 2531 2567 2584; x_wconf 84' lang='grc' dir='ltr'>καὶ</span> <span class='ocrx_word' id='word_1_354' title='bbox 2604 2531 2976 2600; x_wconf 79' lang='grc' dir='ltr'>κολλωμενους</span> <span class='ocrx_word' id='word_1_355' title='bbox 3023 2528 3161 2599; x_wconf 79' lang='grc' dir='ltr'>Θεῷ,</span> <span class='ocrx_word' id='word_1_356' title='bbox 3210 2529 3304 2580; x_wconf 70' lang='grc' dir='ltr'>καὶ</span> <span class='ocrx_word' id='word_1_357' title='bbox 3355 2527 3508 2580; x_wconf 79' lang='grc' dir='ltr'>ταῦτ’</span> <span class='ocrx_word' id='word_1_358' title='bbox 3570 2528 3659 2580; x_wconf 79' lang='grc' dir='ltr'><strong>ὲν-</strong></span> 
     </span>
    </p>
   </div>
   <div class='ocr_carea' id='block_1_53' title="bbox 2064 2621 2857 2694">
    <p class='ocr_par' dir='ltr' id='par_1_53' title="bbox 2064 2621 2857 2694">
     <span class='ocr_line' id='line_1_53' title="bbox 2064 2621 2857 2694; baseline -0.004 -18"><span class='ocrx_word' id='word_1_359' title='bbox 2064 2622 2199 2676; x_wconf 87' lang='grc' dir='ltr'>νοῶν</span> <span class='ocrx_word' id='word_1_360' title='bbox 2228 2622 2569 2694; x_wconf 78' lang='grc' dir='ltr'>κεκέρδακας</span> <span class='ocrx_word' id='word_1_361' title='bbox 2602 2621 2857 2691; x_wconf 78' lang='grc' dir='ltr'>μέγιστα.</span> 
     </span>
    </p>
   </div>
   <div class='ocr_carea' id='block_1_54' title="bbox 2396 2711 3265 2783">
    <p class='ocr_par' dir='ltr' id='par_1_54' title="bbox 2396 2711 3265 2783">
     <span class='ocr_line' id='line_1_54' title="bbox 2396 2711 3265 2783; baseline -0.005 -17"><span class='ocrx_word' id='word_1_362' title='bbox 2396 2714 2513 2780; x_wconf 58' lang='grc' dir='ltr'><strong>ιιΕἎ</strong></span> <span class='ocrx_word' id='word_1_363' title='bbox 2547 2745 2614 2754; x_wconf 91' lang='grc'><strong><em>--</em></strong></span> <span class='ocrx_word' id='word_1_364' title='bbox 2639 2712 2911 2783; x_wconf 77' lang='grc' dir='ltr'><strong>ΒΑΒΥΛᾼ</strong></span> <span class='ocrx_word' id='word_1_365' title='bbox 2942 2711 3265 2781; x_wconf 76' lang='grc' dir='ltr'><strong>ΔΙΑΚΟΝῼ.</strong></span> 
     </span>
    </p>
   </div>
   <div class='ocr_carea' id='block_1_55' title="bbox 2134 2802 3661 2875">
    <p class='ocr_par' dir='ltr' id='par_1_55' title="bbox 2134 2802 3661 2875">
     <span class='ocr_line' id='line_1_55' title="bbox 2134 2802 3661 2875; baseline -0.002 -17"><span class='ocrx_word' id='word_1_366' title='bbox 2134 2805 2291 2859; x_wconf 75' lang='grc' dir='ltr'>Καλὰ</span> <span class='ocrx_word' id='word_1_367' title='bbox 2319 2806 2416 2875; x_wconf 84' lang='grc' dir='ltr'>μὲν</span> <span class='ocrx_word' id='word_1_368' title='bbox 2439 2805 2580 2857; x_wconf 75' lang='grc' dir='ltr'>πάνυ</span> <span class='ocrx_word' id='word_1_369' title='bbox 2609 2804 2811 2863; x_wconf 83' lang='grc' dir='ltr'>λαλεῖς,</span> <span class='ocrx_word' id='word_1_370' title='bbox 2841 2803 2988 2856; x_wconf 75' lang='grc' dir='ltr'>κακὰ</span> <span class='ocrx_word' id='word_1_371' title='bbox 3018 2803 3072 2854; x_wconf 78' lang='grc' dir='ltr'>δὲ</span> <span class='ocrx_word' id='word_1_372' title='bbox 3104 2802 3226 2854; x_wconf 75' lang='grc' dir='ltr'>λίαν</span> <span class='ocrx_word' id='word_1_373' title='bbox 3256 2803 3520 2868; x_wconf 77' lang='grc' dir='ltr'>πράττεις</span> <span class='ocrx_word' id='word_1_374' title='bbox 3549 2821 3560 2831; x_wconf 89' lang='grc'><strong>·</strong></span> <span class='ocrx_word' id='word_1_375' title='bbox 3598 2805 3661 2855; x_wconf 75' lang='grc' dir='ltr'>ἐν</span> 
     </span>
    </p>
   </div>
   <div class='ocr_carea' id='block_1_56' title="bbox 2063 2891 3651 2969">
    <p class='ocr_par' dir='ltr' id='par_1_56' title="bbox 2063 2891 3651 2969">
     <span class='ocr_line' id='line_1_56' title="bbox 2063 2891 3651 2969; baseline -0.004 -19"><span class='ocrx_word' id='word_1_376' title='bbox 2063 2916 2173 2969; x_wconf 87' lang='grc' dir='ltr'><strong>γαρ</strong></span> <span class='ocrx_word' id='word_1_377' title='bbox 2220 2897 2282 2968; x_wconf 84' lang='grc' dir='ltr'>δὴ</span> <span class='ocrx_word' id='word_1_378' title='bbox 2329 2899 2569 2966; x_wconf 83' lang='grc' dir='ltr'>σχήμασι</span> <span class='ocrx_word' id='word_1_379' title='bbox 2601 2896 2695 2947; x_wconf 75' lang='grc' dir='ltr'>καὶ</span> <span class='ocrx_word' id='word_1_380' title='bbox 2726 2896 2933 2965; x_wconf 78' lang='grc' dir='ltr'>ῥήμασι</span> <span class='ocrx_word' id='word_1_381' title='bbox 2975 2894 3073 2961; x_wconf 84' lang='grc' dir='ltr'><strong>τῆς</strong></span> <span class='ocrx_word' id='word_1_382' title='bbox 3118 2892 3527 2958; x_wconf 82' lang='grc' dir='ltr'>καλοκαγαθίας</span> <span class='ocrx_word' id='word_1_383' title='bbox 3561 2891 3651 2957; x_wconf 68' lang='grc' dir='ltr'><strong>ἐξ·</strong></span> 
     </span>
    </p>
   </div>
   <div class='ocr_carea' id='block_1_57' title="bbox 2066 2984 3663 3055">
    <p class='ocr_par' dir='ltr' id='par_1_57' title="bbox 2066 2984 3663 3055">
     <span class='ocr_line' id='line_1_57' title="bbox 2066 2984 3663 3055; baseline -0.004 -13"><span class='ocrx_word' id='word_1_384' title='bbox 2066 2988 2289 3042; x_wconf 81' lang='grc' dir='ltr'>απατῶν</span> <span class='ocrx_word' id='word_1_385' title='bbox 2339 2989 2463 3049; x_wconf 75' lang='grc' dir='ltr'>τοὺς</span> <span class='ocrx_word' id='word_1_386' title='bbox 2511 2986 2769 3055; x_wconf 78' lang='grc' dir='ltr'>κούφους,</span> <span class='ocrx_word' id='word_1_387' title='bbox 2824 2985 2917 3037; x_wconf 71' lang='grc' dir='ltr'><strong>καὶ</strong></span> <span class='ocrx_word' id='word_1_388' title='bbox 2970 2984 3227 3053; x_wconf 83' lang='grc' dir='ltr'>κρύπτων</span> <span class='ocrx_word' id='word_1_389' title='bbox 3281 2984 3381 3052; x_wconf 83' lang='grc' dir='ltr'><strong>τὴν</strong></span> <span class='ocrx_word' id='word_1_390' title='bbox 3456 2984 3663 3036; x_wconf 71' lang='grc' dir='ltr'>σαυτοῦ</span> 
     </span>
    </p>
   </div>
   <div class='ocr_carea' id='block_1_58' title="bbox 381 3076 1985 3182">
    <p class='ocr_par' dir='ltr' id='par_1_58' title="bbox 381 3081 1963 3157">
     <span class='ocr_line' id='line_1_58' title="bbox 381 3081 1963 3157; baseline 0.006 -28"><span class='ocrx_word' id='word_1_391' title='bbox 381 3092 612 3149; x_wconf 79' lang='lat' dir='ltr'><strong>piosque</strong></span> <span class='ocrx_word' id='word_1_392' title='bbox 650 3081 935 3143; x_wconf 88' lang='lat' dir='ltr'><strong>deltnlens,</strong></span> <span class='ocrx_word' id='word_1_393' title='bbox 968 3092 1021 3137; x_wconf 81' lang='lat' dir='ltr'><strong>et</strong></span> <span class='ocrx_word' id='word_1_394' title='bbox 1061 3093 1209 3137; x_wconf 87' lang='lat' dir='ltr'><strong>tuam</strong></span> <span class='ocrx_word' id='word_1_395' title='bbox 1243 3093 1432 3156; x_wconf 58' lang='lat' dir='ltr'><strong>tegens</strong></span> <span class='ocrx_word' id='word_1_396' title='bbox 1474 3087 1902 3157; x_wconf 84' lang='lat' dir='ltr'><strong>improbitatem,</strong></span> <span class='ocrx_word' id='word_1_397' title='bbox 1933 3102 1963 3139; x_wconf 85' lang='lat' dir='ltr'><strong>a</strong></span> 
     </span>
    </p>
   </div>
   <div class='ocr_carea' id='block_1_59' title="bbox 2100 3076 3660 3182">
    <p class='ocr_par' dir='ltr' id='par_1_59' title="bbox 2105 3076 3660 3150">
     <span class='ocr_line' id='line_1_59' title="bbox 2105 3076 3660 3150; baseline -0.004 -15"><span class='ocrx_word' id='word_1_398' title='bbox 2105 3083 2384 3150; x_wconf 73' lang='grc' dir='ltr'>καιὸτητα,</span> <span class='ocrx_word' id='word_1_399' title='bbox 2423 3080 2727 3150; x_wconf 66' lang='grc' dir='ltr'>κατάφορος</span> <span class='ocrx_word' id='word_1_400' title='bbox 2746 3080 2975 3148; x_wconf 80' lang='grc' dir='ltr'>εὑρίσκῃ</span> <span class='ocrx_word' id='word_1_401' title='bbox 3007 3082 3117 3136; x_wconf 79' lang='grc' dir='ltr'>τοῖς</span> <span class='ocrx_word' id='word_1_402' title='bbox 3140 3076 3524 3145; x_wconf 72' lang='grc' dir='ltr'>εὐφρονοὺσιν,</span> <span class='ocrx_word' id='word_1_403' title='bbox 3556 3077 3660 3129; x_wconf 81' lang='grc' dir='ltr'><strong>οὑκ</strong></span> 
     </span>
    </p>
   </div>
   <div class='ocr_carea' id='block_1_60' title="bbox 380 3173 1963 3243">
    <p class='ocr_par' dir='ltr' id='par_1_60' title="bbox 380 3173 1963 3243">
     <span class='ocr_line' id='line_1_60' title="bbox 380 3173 1963 3243; baseline 0.004 -20"><span class='ocrx_word' id='word_1_404' title='bbox 380 3186 529 3223; x_wconf 78' lang='lat' dir='ltr'><strong>same</strong></span> <span class='ocrx_word' id='word_1_405' title='bbox 561 3174 762 3225; x_wconf 85' lang='lat' dir='ltr'><strong>tuentis</strong></span> <span class='ocrx_word' id='word_1_406' title='bbox 797 3173 1116 3229; x_wconf 87' lang='lat' dir='ltr'><strong>hominibus</strong></span> <span class='ocrx_word' id='word_1_407' title='bbox 1154 3175 1312 3228; x_wconf 76' lang='lat' dir='ltr'><strong>facile</strong></span> <span class='ocrx_word' id='word_1_408' title='bbox 1343 3190 1407 3229; x_wconf 90' lang='lat' dir='ltr'><strong>ac</strong></span> <span class='ocrx_word' id='word_1_409' title='bbox 1441 3174 1740 3230; x_wconf 82' lang='lat' dir='ltr'><strong>manifesto</strong></span> <span class='ocrx_word' id='word_1_410' title='bbox 1763 3177 1963 3243; x_wconf 70' lang='lat' dir='ltr'><strong>depre-</strong></span> 
     </span>
    </p>
   </div>
   <div class='ocr_carea' id='block_1_61' title="bbox 384 3262 1963 3336">
    <p class='ocr_par' dir='ltr' id='par_1_61' title="bbox 384 3262 1963 3336">
     <span class='ocr_line' id='line_1_61' title="bbox 384 3262 1963 3336; baseline 0.007 -22"><span class='ocrx_word' id='word_1_411' title='bbox 384 3262 663 3323; x_wconf 78' lang='lat' dir='ltr'><strong>Iteuderis,</strong></span> <span class='ocrx_word' id='word_1_412' title='bbox 701 3280 808 3317; x_wconf 92' lang='lat' dir='ltr'><strong>non</strong></span> <span class='ocrx_word' id='word_1_413' title='bbox 841 3282 904 3319; x_wconf 78' lang='lat' dir='ltr'><strong>ex</strong></span> <span class='ocrx_word' id='word_1_414' title='bbox 939 3267 1006 3320; x_wconf 91' lang='lat' dir='ltr'><strong>iis</strong></span> <span class='ocrx_word' id='word_1_415' title='bbox 1036 3283 1156 3335; x_wconf 73' lang='lat' dir='ltr'><strong>qua:</strong></span> <span class='ocrx_word' id='word_1_416' title='bbox 1187 3266 1349 3331; x_wconf 86' lang='lat' dir='ltr'><strong>dicis,</strong></span> <span class='ocrx_word' id='word_1_417' title='bbox 1389 3277 1441 3322; x_wconf 89' lang='lat' dir='ltr'><strong>et</strong></span> <span class='ocrx_word' id='word_1_418' title='bbox 1481 3268 1734 3336; x_wconf 85' lang='lat' dir='ltr'><strong>simulas,</strong></span> <span class='ocrx_word' id='word_1_419' title='bbox 1773 3268 1868 3325; x_wconf 84' lang='lat' dir='ltr'><strong>sed</strong></span> <span class='ocrx_word' id='word_1_420' title='bbox 1898 3288 1963 3325; x_wconf 81' lang='lat' dir='ltr'><strong>ex</strong></span> 
     </span>
    </p>
   </div>
   <div class='ocr_carea' id='block_1_62' title="bbox 383 3355 897 3425">
    <p class='ocr_par' dir='ltr' id='par_1_62' title="bbox 383 3355 897 3425">
     <span class='ocr_line' id='line_1_62' title="bbox 383 3355 897 3425; baseline 0.008 -17"><span class='ocrx_word' id='word_1_421' title='bbox 383 3355 450 3408; x_wconf 88' lang='lat' dir='ltr'><strong>iis</strong></span> <span class='ocrx_word' id='word_1_422' title='bbox 478 3370 597 3423; x_wconf 69' lang='lat' dir='ltr'><strong>quae</strong></span> <span class='ocrx_word' id='word_1_423' title='bbox 627 3359 897 3425; x_wconf 85' lang='lat' dir='ltr'><strong>Operaris.</strong></span> 
     </span>
    </p>
   </div>
   <div class='ocr_carea' id='block_1_63' title="bbox 742 3450 1611 3523">
    <p class='ocr_par' dir='ltr' id='par_1_63' title="bbox 742 3450 1611 3523">
     <span class='ocr_line' id='line_1_63' title="bbox 742 3450 1611 3523; baseline -0.005 -15"><span class='ocrx_word' id='word_1_424' title='bbox 742 3450 848 3523; x_wconf 63' lang='lat'><strong>5.2</strong></span> <span class='ocrx_word' id='word_1_425' title='bbox 887 3451 1073 3506; x_wconf 73' lang='lat' dir='ltr'><strong>XCVI.</strong></span> <span class='ocrx_word' id='word_1_426' title='bbox 1115 3486 1183 3494; x_wconf 92' lang='lat'><strong>-—</strong></span> <span class='ocrx_word' id='word_1_427' title='bbox 1218 3450 1611 3509; x_wconf 78' lang='lat' dir='ltr'><strong>SOTERIONI.</strong></span> 
     </span>
    </p>
   </div>
   <div class='ocr_carea' id='block_1_64' title="bbox 461 3540 1965 3615">
    <p class='ocr_par' dir='ltr' id='par_1_64' title="bbox 461 3540 1965 3615">
     <span class='ocr_line' id='line_1_64' title="bbox 461 3540 1965 3615; baseline 0.002 -23"><span class='ocrx_word' id='word_1_428' title='bbox 461 3559 480 3592; x_wconf 77' lang='grc' dir='ltr'>ι</span> <span class='ocrx_word' id='word_1_429' title='bbox 524 3540 641 3596; x_wconf 89' lang='lat' dir='ltr'><strong>Non</strong></span> <span class='ocrx_word' id='word_1_430' title='bbox 679 3543 922 3608; x_wconf 84' lang='lat' dir='ltr'><strong>timebis,</strong></span> <span class='ocrx_word' id='word_1_431' title='bbox 989 3545 1190 3615; x_wconf 83' lang='lat' dir='ltr'><strong>inquit,</strong></span> <span class='ocrx_word' id='word_1_432' title='bbox 1226 3562 1254 3598; x_wconf 91' lang='lat' dir='ltr'><strong>a</strong></span> <span class='ocrx_word' id='word_1_433' title='bbox 1299 3545 1497 3599; x_wconf 88' lang='lat' dir='ltr'><strong>timore</strong></span> <span class='ocrx_word' id='word_1_434' title='bbox 1540 3545 1904 3607; x_wconf 83' lang='lat' dir='ltr'><strong>nocturno“,</strong></span> <span class='ocrx_word' id='word_1_435' title='bbox 1948 3563 1965 3595; x_wconf 75' lang='grc' dir='ltr'><strong>ι</strong></span> 
     </span>
    </p>
   </div>
   <div class='ocr_carea' id='block_1_65' title="bbox 384 3634 1973 3707">
    <p class='ocr_par' dir='ltr' id='par_1_65' title="bbox 384 3634 1973 3707">
     <span class='ocr_line' id='line_1_65' title="bbox 384 3634 1973 3707; baseline 0.002 -19"><span class='ocrx_word' id='word_1_436' title='bbox 384 3634 630 3689; x_wconf 82' lang='lat' dir='ltr'><strong>ltumano</strong></span> <span class='ocrx_word' id='word_1_437' title='bbox 664 3653 880 3707; x_wconf 85' lang='lat' dir='ltr'><strong>nempe,</strong></span> <span class='ocrx_word' id='word_1_438' title='bbox 920 3646 975 3692; x_wconf 90' lang='lat' dir='ltr'><strong>et</strong></span> <span class='ocrx_word' id='word_1_439' title='bbox 1020 3637 1399 3703; x_wconf 61' lang='lat' dir='ltr'><strong>diemoniaco;</strong></span> <span class='ocrx_word' id='word_1_440' title='bbox 1456 3654 1695 3707; x_wconf 80' lang='lat' dir='ltr'><strong>na-rque</strong></span> <span class='ocrx_word' id='word_1_441' title='bbox 1749 3637 1973 3691; x_wconf 83' lang='lat' dir='ltr'><strong>divinus</strong></span> 
     </span>
    </p>
   </div>
   <div class='ocr_carea' id='block_1_66' title="bbox 386 3729 1972 3798">
    <p class='ocr_par' dir='ltr' id='par_1_66' title="bbox 386 3729 1972 3798">
     <span class='ocr_line' id='line_1_66' title="bbox 386 3729 1972 3798; baseline 0.002 -18"><span class='ocrx_word' id='word_1_442' title='bbox 386 3729 556 3780; x_wconf 88' lang='lat' dir='ltr'><strong>timor</strong></span> <span class='ocrx_word' id='word_1_443' title='bbox 588 3744 687 3782; x_wconf 91' lang='lat' dir='ltr'><strong>cor</strong></span> <span class='ocrx_word' id='word_1_444' title='bbox 711 3730 1007 3789; x_wconf 88' lang='lat' dir='ltr'><strong>consolans</strong></span> <span class='ocrx_word' id='word_1_445' title='bbox 1049 3732 1310 3796; x_wconf 88' lang='lat' dir='ltr'><strong>diurnns,</strong></span> <span class='ocrx_word' id='word_1_446' title='bbox 1339 3740 1393 3785; x_wconf 86' lang='lat' dir='ltr'><strong>et</strong></span> <span class='ocrx_word' id='word_1_447' title='bbox 1432 3731 1653 3787; x_wconf 88' lang='lat' dir='ltr'><strong>lucidus</strong></span> <span class='ocrx_word' id='word_1_448' title='bbox 1687 3745 1972 3798; x_wconf 85' lang='lat' dir='ltr'><strong>nuncupa-</strong></span> 
     </span>
    </p>
   </div>
   <div class='ocr_carea' id='block_1_67' title="bbox 391 3826 504 3872">
    <p class='ocr_par' dir='ltr' id='par_1_67' title="bbox 391 3826 504 3872">
     <span class='ocr_line' id='line_1_67' title="bbox 391 3826 504 3872; baseline 0.018 -2"><span class='ocrx_word' id='word_1_449' title='bbox 391 3826 504 3872; x_wconf 86' lang='lat' dir='ltr'><strong>tur.</strong></span> 
     </span>
    </p>
   </div>
   <div class='ocr_carea' id='block_1_68' title="bbox 915 3910 1457 3968">
    <p class='ocr_par' dir='ltr' id='par_1_68' title="bbox 915 3910 1457 3968">
     <span class='ocr_line' id='line_1_68' title="bbox 915 3910 1457 3968; baseline 0.007 -4"><span class='ocrx_word' id='word_1_450' title='bbox 915 3910 1122 3967; x_wconf 71' lang='lat' dir='ltr'>XCVII.</span> <span class='ocrx_word' id='word_1_451' title='bbox 1146 3942 1197 3952; x_wconf 90' lang='lat'><em>—</em></span> <span class='ocrx_word' id='word_1_452' title='bbox 1249 3911 1457 3968; x_wconf 81' lang='lat' dir='ltr'><strong>Eidem.</strong></span> 
     </span>
    </p>
   </div>
   <div class='ocr_carea' id='block_1_69' title="bbox 469 3998 1976 4073">
    <p class='ocr_par' dir='ltr' id='par_1_69' title="bbox 469 3998 1976 4073">
     <span class='ocr_line' id='line_1_69' title="bbox 469 3998 1976 4073; baseline 0.006 -24"><span class='ocrx_word' id='word_1_453' title='bbox 469 4016 488 4048; x_wconf 73' lang='grc' dir='ltr'>ι</span> <span class='ocrx_word' id='word_1_454' title='bbox 535 3998 813 4067; x_wconf 83' lang='lat' dir='ltr'><strong>Sapientia</strong></span> <span class='ocrx_word' id='word_1_455' title='bbox 836 4002 891 4055; x_wconf 89' lang='lat' dir='ltr'><strong>itt</strong></span> <span class='ocrx_word' id='word_1_456' title='bbox 917 4003 1157 4056; x_wconf 79' lang='lat' dir='ltr'><strong>exitibus</strong></span> <span class='ocrx_word' id='word_1_457' title='bbox 1188 4001 1442 4057; x_wconf 86' lang='lat' dir='ltr'><strong>laudatur</strong></span> <span class='ocrx_word' id='word_1_458' title='bbox 1463 4004 1527 4055; x_wconf 84' lang='grc'><strong>¹³.</strong></span> <span class='ocrx_word' id='word_1_459' title='bbox 1553 4022 1570 4054; x_wconf 84' lang='grc' dir='ltr'><strong>ι</strong></span> <span class='ocrx_word' id='word_1_460' title='bbox 1606 4006 1674 4056; x_wconf 86' lang='lat' dir='ltr'><strong>At</strong></span> <span class='ocrx_word' id='word_1_461' title='bbox 1705 4020 1976 4073; x_wconf 87' lang='lat' dir='ltr'><strong>quosnam</strong></span> 
     </span>
    </p>
   </div>
   <div class='ocr_carea' id='block_1_70' title="bbox 396 4092 1979 4166">
    <p class='ocr_par' dir='ltr' id='par_1_70' title="bbox 396 4092 1979 4166">
     <span class='ocr_line' id='line_1_70' title="bbox 396 4092 1979 4166; baseline 0.004 -21"><span class='ocrx_word' id='word_1_462' title='bbox 396 4092 487 4146; x_wconf 87' lang='lat' dir='ltr'><strong>bic</strong></span> <span class='ocrx_word' id='word_1_463' title='bbox 516 4094 699 4149; x_wconf 76' lang='lat' dir='ltr'><strong>exitus</strong></span> <span class='ocrx_word' id='word_1_464' title='bbox 730 4095 987 4149; x_wconf 80' lang='lat' dir='ltr'><strong>Salomon</strong></span> <span class='ocrx_word' id='word_1_465' title='bbox 1017 4096 1341 4163; x_wconf 78' lang='lat' dir='ltr'><strong>nuncupat?</strong></span> <span class='ocrx_word' id='word_1_466' title='bbox 1374 4095 1478 4149; x_wconf 87' lang='lat' dir='ltr'><strong>Eos</strong></span> <span class='ocrx_word' id='word_1_467' title='bbox 1523 4112 1741 4164; x_wconf 81' lang='lat' dir='ltr'><strong>nempe,</strong></span> <span class='ocrx_word' id='word_1_468' title='bbox 1782 4097 1873 4166; x_wconf 86' lang='lat' dir='ltr'><strong>qui</strong></span> <span class='ocrx_word' id='word_1_469' title='bbox 1910 4112 1979 4151; x_wconf 77' lang='lat' dir='ltr'><strong>ex</strong></span> 
     </span>
    </p>
   </div>
   <div class='ocr_carea' id='block_1_71' title="bbox 392 4186 1729 4243">
    <p class='ocr_par' dir='ltr' id='par_1_71' title="bbox 392 4186 1729 4243">
     <span class='ocr_line' id='line_1_71' title="bbox 392 4186 1729 4243; baseline 0.002 -3"><span class='ocrx_word' id='word_1_470' title='bbox 392 4201 493 4240; x_wconf 89' lang='lat' dir='ltr'><strong>ore</strong></span> <span class='ocrx_word' id='word_1_471' title='bbox 520 4196 794 4242; x_wconf 89' lang='lat' dir='ltr'><strong>rectorum</strong></span> <span class='ocrx_word' id='word_1_472' title='bbox 829 4186 1087 4243; x_wconf 80' lang='lat' dir='ltr'><strong>Ecclesiae</strong></span> <span class='ocrx_word' id='word_1_473' title='bbox 1119 4188 1409 4241; x_wconf 83' lang='lat' dir='ltr'><strong>doctorum</strong></span> <span class='ocrx_word' id='word_1_474' title='bbox 1446 4198 1729 4243; x_wconf 86' lang='lat' dir='ltr'><strong>emanant.</strong></span> 
     </span>
    </p>
   </div>
   <div class='ocr_carea' id='block_1_72' title="bbox 642 4278 1736 4337">
    <p class='ocr_par' dir='ltr' id='par_1_72' title="bbox 642 4278 1736 4337">
     <span class='ocr_line' id='line_1_72' title="bbox 642 4278 1736 4337; baseline 0.002 -5"><span class='ocrx_word' id='word_1_475' title='bbox 642 4278 875 4333; x_wconf 71' lang='grc' dir='ltr'>Χιῖνιιι.</span> <span class='ocrx_word' id='word_1_476' title='bbox 911 4312 981 4321; x_wconf 93' lang='lat'><strong><em>—</em></strong></span> <span class='ocrx_word' id='word_1_477' title='bbox 1027 4280 1324 4335; x_wconf 75' lang='lat' dir='ltr'><strong>SILVANO</strong></span> <span class='ocrx_word' id='word_1_478' title='bbox 1378 4281 1736 4337; x_wconf 77' lang='lat' dir='ltr'><strong>EPISCUPO.</strong></span> 
     </span>
    </p>
   </div>
   <div class='ocr_carea' id='block_1_73' title="bbox 474 4369 1979 4440">
    <p class='ocr_par' dir='ltr' id='par_1_73' title="bbox 474 4369 1979 4440">
     <span class='ocr_line' id='line_1_73' title="bbox 474 4369 1979 4440; baseline 0.002 -18"><span class='ocrx_word' id='word_1_479' title='bbox 474 4370 618 4425; x_wconf 86' lang='lat' dir='ltr'><strong>Elias</strong></span> <span class='ocrx_word' id='word_1_480' title='bbox 650 4369 942 4425; x_wconf 85' lang='lat' dir='ltr'><strong>Thesbiles</strong></span> <span class='ocrx_word' id='word_1_481' title='bbox 968 4388 1091 4425; x_wconf 90' lang='lat' dir='ltr'><strong>cum</strong></span> <span class='ocrx_word' id='word_1_482' title='bbox 1141 4373 1246 4426; x_wconf 88' lang='lat' dir='ltr'><strong>sub</strong></span> <span class='ocrx_word' id='word_1_483' title='bbox 1297 4373 1480 4440; x_wconf 89' lang='lat' dir='ltr'><strong>planta</strong></span> <span class='ocrx_word' id='word_1_484' title='bbox 1525 4372 1979 4435; x_wconf 75' lang='lat' dir='ltr'><strong>obdormivisset,</strong></span> 
     </span>
    </p>
   </div>
   <div class='ocr_carea' id='block_1_74' title="bbox 2070 3168 3667 3246">
    <p class='ocr_par' dir='ltr' id='par_1_74' title="bbox 2070 3168 3667 3246">
     <span class='ocr_line' id='line_1_74' title="bbox 2070 3168 3667 3246; baseline -0.003 -16"><span class='ocrx_word' id='word_1_485' title='bbox 2070 3177 2129 3242; x_wconf 81' lang='grc' dir='ltr'><strong>ἐξ</strong></span> <span class='ocrx_word' id='word_1_486' title='bbox 2180 3171 2254 3229; x_wconf 80' lang='grc' dir='ltr'>ὧν</span> <span class='ocrx_word' id='word_1_487' title='bbox 2304 3176 2482 3242; x_wconf 79' lang='grc' dir='ltr'>λέγεις</span> <span class='ocrx_word' id='word_1_488' title='bbox 2518 3176 2613 3228; x_wconf 76' lang='grc' dir='ltr'><strong>καὶ</strong></span> <span class='ocrx_word' id='word_1_489' title='bbox 2658 3174 2889 3246; x_wconf 75' lang='grc' dir='ltr'>πλάττῃ,</span> <span class='ocrx_word' id='word_1_490' title='bbox 2925 3173 3040 3227; x_wconf 71' lang='grc' dir='ltr'>ἀλλ’</span> <span class='ocrx_word' id='word_1_491' title='bbox 3078 3174 3140 3239; x_wconf 78' lang='grc' dir='ltr'>ἐξ</span> <span class='ocrx_word' id='word_1_492' title='bbox 3188 3168 3262 3227; x_wconf 83' lang='grc' dir='ltr'>ὧν</span> <span class='ocrx_word' id='word_1_493' title='bbox 3299 3172 3532 3244; x_wconf 74' lang='grc' dir='ltr'>ἐργάζῃ,</span> <span class='ocrx_word' id='word_1_494' title='bbox 3568 3174 3667 3243; x_wconf 67' lang='grc' dir='ltr'><strong>ῥα-</strong></span> 
     </span>
    </p>
   </div>
   <div class='ocr_carea' id='block_1_75' title="bbox 2068 3267 2876 3337">
    <p class='ocr_par' dir='ltr' id='par_1_75' title="bbox 2068 3267 2876 3337">
     <span class='ocr_line' id='line_1_75' title="bbox 2068 3267 2876 3337; baseline -0.001 -16"><span class='ocrx_word' id='word_1_495' title='bbox 2068 3269 2196 3332; x_wconf 87' lang='grc' dir='ltr'>δίως</span> <span class='ocrx_word' id='word_1_496' title='bbox 2226 3267 2759 3337; x_wconf 77' lang='grc' dir='ltr'>καταλαμϐανόντων</span> <span class='ocrx_word' id='word_1_497' title='bbox 2795 3284 2876 3320; x_wconf 87' lang='grc' dir='ltr'><strong>σε.</strong></span> 
     </span>
    </p>
   </div>
   <div class='ocr_carea' id='block_1_76' title="bbox 2532 3446 3168 3512">
    <p class='ocr_par' dir='ltr' id='par_1_76' title="bbox 2532 3446 3168 3512">
     <span class='ocr_line' id='line_1_76' title="bbox 2532 3446 3168 3512; baseline 0 -14"><span class='ocrx_word' id='word_1_498' title='bbox 2532 3447 2747 3512; x_wconf 55' lang='grc' dir='ltr'><strong>ιιςορ-</strong></span> <span class='ocrx_word' id='word_1_499' title='bbox 2776 3446 3168 3499; x_wconf 77' lang='grc' dir='ltr'><strong>ΣΩΤιιΡιΩΝι.</strong></span> 
     </span>
    </p>
   </div>
   <div class='ocr_carea' id='block_1_77' title="bbox 2150 3534 3664 3607">
    <p class='ocr_par' dir='ltr' id='par_1_77' title="bbox 2150 3534 3664 3607">
     <span class='ocr_line' id='line_1_77' title="bbox 2150 3534 3664 3607; baseline -0.002 -20"><span class='ocrx_word' id='word_1_500' title='bbox 2150 3554 2168 3587; x_wconf 82' lang='grc' dir='ltr'>ι</span> <span class='ocrx_word' id='word_1_501' title='bbox 2213 3536 2289 3589; x_wconf 76' lang='grc' dir='ltr'>(ὶὺ</span> <span class='ocrx_word' id='word_1_502' title='bbox 2322 3535 2630 3607; x_wconf 79' lang='grc' dir='ltr'>φοδηοήσῃ,</span> <span class='ocrx_word' id='word_1_503' title='bbox 2682 3538 2869 3604; x_wconf 76' lang='grc' dir='ltr'>φησὶν,</span> <span class='ocrx_word' id='word_1_504' title='bbox 2907 3535 3017 3589; x_wconf 82' lang='grc' dir='ltr'><strong>ἀπὸ</strong></span> <span class='ocrx_word' id='word_1_505' title='bbox 3057 3536 3228 3604; x_wconf 76' lang='grc' dir='ltr'>φόϐου</span> <span class='ocrx_word' id='word_1_506' title='bbox 3256 3534 3601 3604; x_wconf 79' lang='grc' dir='ltr'>νυκτερινοῦ,</span> <span class='ocrx_word' id='word_1_507' title='bbox 3642 3550 3664 3583; x_wconf 75' lang='grc' dir='ltr'>ι</span> 
     </span>
    </p>
   </div>
   <div class='ocr_carea' id='block_1_78' title="bbox 2073 3624 3668 3697">
    <p class='ocr_par' dir='ltr' id='par_1_78' title="bbox 2073 3624 3668 3697">
     <span class='ocr_line' id='line_1_78' title="bbox 2073 3624 3668 3697; baseline -0.003 -16"><span class='ocrx_word' id='word_1_508' title='bbox 2073 3628 2319 3681; x_wconf 67' lang='grc' dir='ltr'>τουτέστι</span> <span class='ocrx_word' id='word_1_509' title='bbox 2370 3627 2465 3680; x_wconf 77' lang='grc' dir='ltr'><strong>τοῦ</strong></span> <span class='ocrx_word' id='word_1_510' title='bbox 2510 3627 2850 3697; x_wconf 76' lang='grc' dir='ltr'>ἀνθρωπίνου</span> <span class='ocrx_word' id='word_1_511' title='bbox 2921 3628 3019 3681; x_wconf 72' lang='grc' dir='ltr'>καὶ</span> <span class='ocrx_word' id='word_1_512' title='bbox 3076 3627 3171 3680; x_wconf 73' lang='grc' dir='ltr'>τοῦ</span> <span class='ocrx_word' id='word_1_513' title='bbox 3226 3624 3622 3692; x_wconf 82' lang='grc' dir='ltr'>δαιμονιὼδους</span> <span class='ocrx_word' id='word_1_514' title='bbox 3653 3641 3668 3654; x_wconf 91' lang='grc'><strong>·</strong></span> 
     </span>
    </p>
   </div>
   <div class='ocr_carea' id='block_1_79' title="bbox 2073 3716 3678 3789">
    <p class='ocr_par' dir='ltr' id='par_1_79' title="bbox 2073 3716 3678 3789">
     <span class='ocr_line' id='line_1_79' title="bbox 2073 3716 3678 3789; baseline -0.002 -18"><span class='ocrx_word' id='word_1_515' title='bbox 2073 3720 2103 3771; x_wconf 78' lang='grc' dir='ltr'>ὁ</span> <span class='ocrx_word' id='word_1_516' title='bbox 2124 3718 2233 3789; x_wconf 79' lang='grc' dir='ltr'>γὰρ</span> <span class='ocrx_word' id='word_1_517' title='bbox 2262 3718 2325 3786; x_wconf 82' lang='grc' dir='ltr'>δὴ</span> <span class='ocrx_word' id='word_1_518' title='bbox 2357 3718 2496 3780; x_wconf 71' lang='lat' dir='ltr'><strong>Gaio;</strong></span> <span class='ocrx_word' id='word_1_519' title='bbox 2527 3717 2690 3787; x_wconf 77' lang='grc' dir='ltr'>φόϐος</span> <span class='ocrx_word' id='word_1_520' title='bbox 2720 3717 3027 3786; x_wconf 78' lang='grc' dir='ltr'>εὐφραίνων</span> <span class='ocrx_word' id='word_1_521' title='bbox 3060 3719 3158 3787; x_wconf 83' lang='grc' dir='ltr'>τὴν</span> <span class='ocrx_word' id='word_1_522' title='bbox 3186 3716 3442 3787; x_wconf 78' lang='grc' dir='ltr'>καρδίαν,</span> <span class='ocrx_word' id='word_1_523' title='bbox 3478 3717 3678 3785; x_wconf 73' lang='grc' dir='ltr'>ὴμεριο</span> 
     </span>
    </p>
   </div>
   <div class='ocr_carea' id='block_1_80' title="bbox 2076 3809 2879 3879">
    <p class='ocr_par' dir='ltr' id='par_1_80' title="bbox 2076 3809 2879 3879">
     <span class='ocr_line' id='line_1_80' title="bbox 2076 3809 2879 3879; baseline -0.002 -16"><span class='ocrx_word' id='word_1_524' title='bbox 2076 3811 2166 3872; x_wconf 82' lang='grc' dir='ltr'><strong>νὸς</strong></span> <span class='ocrx_word' id='word_1_525' title='bbox 2196 3812 2290 3864; x_wconf 77' lang='grc' dir='ltr'>καὶ</span> <span class='ocrx_word' id='word_1_526' title='bbox 2316 3809 2576 3879; x_wconf 76' lang='grc' dir='ltr'>φωτεινὸς</span> <span class='ocrx_word' id='word_1_527' title='bbox 2606 3809 2879 3862; x_wconf 80' lang='grc' dir='ltr'>καλεῖται.</span> 
     </span>
    </p>
   </div>
   <div class='ocr_carea' id='block_1_81' title="bbox 2590 3899 3140 3968">
    <p class='ocr_par' dir='ltr' id='par_1_81' title="bbox 2590 3899 3140 3968">
     <span class='ocr_line' id='line_1_81' title="bbox 2590 3899 3140 3968; baseline 0.004 -15"><span class='ocrx_word' id='word_1_528' title='bbox 2590 3903 2702 3968; x_wconf 74' lang='lat' dir='ltr'><strong>L_Z&#39;.</strong></span> <span class='ocrx_word' id='word_1_529' title='bbox 2719 3931 2792 3941; x_wconf 97' lang='lat'><strong>—</strong></span> <span class='ocrx_word' id='word_1_530' title='bbox 2824 3899 2907 3966; x_wconf 83' lang='grc' dir='ltr'><strong>Τῷ</strong></span> <span class='ocrx_word' id='word_1_531' title='bbox 2960 3899 3140 3965; x_wconf 86' lang='grc' dir='ltr'>αὐτῷ.</span> 
     </span>
    </p>
   </div>
   <div class='ocr_carea' id='block_1_82' title="bbox 2156 3991 3678 4064">
    <p class='ocr_par' dir='ltr' id='par_1_82' title="bbox 2156 3991 3678 4064">
     <span class='ocr_line' id='line_1_82' title="bbox 2156 3991 3678 4064; baseline -0.003 -17"><span class='ocrx_word' id='word_1_532' title='bbox 2156 4015 2174 4047; x_wconf 77' lang='grc' dir='ltr'>ι</span> <span class='ocrx_word' id='word_1_533' title='bbox 2222 3995 2393 4064; x_wconf 78' lang='grc' dir='ltr'>Σοφία</span> <span class='ocrx_word' id='word_1_534' title='bbox 2443 3996 2501 4048; x_wconf 81' lang='grc' dir='ltr'>ὲν</span> <span class='ocrx_word' id='word_1_535' title='bbox 2551 3993 2754 4059; x_wconf 77' lang='grc' dir='ltr'>ἐξόδοις</span> <span class='ocrx_word' id='word_1_536' title='bbox 2824 3995 3098 4063; x_wconf 82' lang='grc' dir='ltr'>ὑμνεῖται.</span> <span class='ocrx_word' id='word_1_537' title='bbox 3156 4013 3175 4045; x_wconf 75' lang='grc' dir='ltr'><strong>ι</strong></span> <span class='ocrx_word' id='word_1_538' title='bbox 3232 3993 3424 4054; x_wconf 89' lang='grc' dir='ltr'>Ποίαις</span> <span class='ocrx_word' id='word_1_539' title='bbox 3471 3991 3678 4055; x_wconf 62' lang='grc' dir='ltr'>ἐξόὼις</span> 
     </span>
    </p>
   </div>
   <div class='ocr_carea' id='block_1_83' title="bbox 2081 4083 3679 4160">
    <p class='ocr_par' dir='ltr' id='par_1_83' title="bbox 2081 4083 3679 4160">
     <span class='ocr_line' id='line_1_83' title="bbox 2081 4083 3679 4160; baseline -0.005 -16"><span class='ocrx_word' id='word_1_540' title='bbox 2081 4086 2189 4160; x_wconf 82' lang='grc' dir='ltr'><strong>ἇρά</strong></span> <span class='ocrx_word' id='word_1_541' title='bbox 2222 4106 2353 4160; x_wconf 82' lang='grc' dir='ltr'>φησι</span> <span class='ocrx_word' id='word_1_542' title='bbox 2384 4087 2667 4157; x_wconf 85' lang='grc' dir='ltr'>Σολομών;</span> <span class='ocrx_word' id='word_1_543' title='bbox 2698 4083 2775 4140; x_wconf 85' lang='grc' dir='ltr'><strong>Ἦ</strong></span> <span class='ocrx_word' id='word_1_544' title='bbox 2817 4087 2997 4156; x_wconf 78' lang='grc' dir='ltr'>δῆλον,</span> <span class='ocrx_word' id='word_1_545' title='bbox 3048 4087 3131 4139; x_wconf 86' lang='grc' dir='ltr'>ὃτι</span> <span class='ocrx_word' id='word_1_546' title='bbox 3158 4088 3279 4147; x_wconf 82' lang='grc' dir='ltr'>ταῖς</span> <span class='ocrx_word' id='word_1_547' title='bbox 3315 4085 3402 4137; x_wconf 73' lang='grc' dir='ltr'><strong>διὰ</strong></span> <span class='ocrx_word' id='word_1_548' title='bbox 3430 4085 3525 4137; x_wconf 69' lang='grc' dir='ltr'><strong>τοῦ</strong></span> <span class='ocrx_word' id='word_1_549' title='bbox 3555 4087 3679 4137; x_wconf 78' lang='grc' dir='ltr'><strong>στὸο</strong></span> 
     </span>
    </p>
   </div>
   <div class='ocr_carea' id='block_1_84' title="bbox 2084 4176 3558 4255">
    <p class='ocr_par' dir='ltr' id='par_1_84' title="bbox 2084 4176 3558 4255">
     <span class='ocr_line' id='line_1_84' title="bbox 2084 4176 3558 4255; baseline -0.006 -17"><span class='ocrx_word' id='word_1_550' title='bbox 2084 4201 2252 4255; x_wconf 84' lang='grc' dir='ltr'>ματος</span> <span class='ocrx_word' id='word_1_551' title='bbox 2303 4182 2413 4236; x_wconf 81' lang='grc' dir='ltr'>τῶν</span> <span class='ocrx_word' id='word_1_552' title='bbox 2463 4179 2642 4252; x_wconf 85' lang='grc' dir='ltr'>ὀρθῶν</span> <span class='ocrx_word' id='word_1_553' title='bbox 2675 4178 3013 4232; x_wconf 75' lang='grc' dir='ltr'>διδασκάλων</span> <span class='ocrx_word' id='word_1_554' title='bbox 3045 4176 3147 4245; x_wconf 85' lang='grc' dir='ltr'><strong>τῆς</strong></span> <span class='ocrx_word' id='word_1_555' title='bbox 3202 4176 3558 4245; x_wconf 76' lang='grc' dir='ltr'>Ἐκκλησίας.</span> 
     </span>
    </p>
   </div>
   <div class='ocr_carea' id='block_1_85' title="bbox 2401 4269 3353 4340">
    <p class='ocr_par' dir='ltr' id='par_1_85' title="bbox 2401 4269 3353 4340">
     <span class='ocr_line' id='line_1_85' title="bbox 2401 4269 3353 4340; baseline -0.004 -15"><span class='ocrx_word' id='word_1_556' title='bbox 2401 4273 2524 4340; x_wconf 58' lang='lat' dir='ltr'><strong>tur.</strong></span> <span class='ocrx_word' id='word_1_557' title='bbox 2550 4302 2620 4311; x_wconf 88' lang='lat'><strong><em>—</em></strong></span> <span class='ocrx_word' id='word_1_558' title='bbox 2642 4270 2938 4339; x_wconf 77' lang='grc' dir='ltr'><strong>ΣΙΛΒΛΝῼ</strong></span> <span class='ocrx_word' id='word_1_559' title='bbox 2978 4269 3353 4337; x_wconf 78' lang='grc' dir='ltr'><strong>ΕΠΙΣΚΟΠῼ.</strong></span> 
     </span>
    </p>
   </div>
   <div class='ocr_carea' id='block_1_86' title="bbox 2165 4359 3675 4432">
    <p class='ocr_par' dir='ltr' id='par_1_86' title="bbox 2165 4359 3675 4432">
     <span class='ocr_line' id='line_1_86' title="bbox 2165 4359 3675 4432; baseline -0.004 -14"><span class='ocrx_word' id='word_1_560' title='bbox 2165 4366 2351 4427; x_wconf 86' lang='grc' dir='ltr'>Ἥλίας</span> <span class='ocrx_word' id='word_1_561' title='bbox 2400 4365 2428 4416; x_wconf 90' lang='grc' dir='ltr'>ὁ</span> <span class='ocrx_word' id='word_1_562' title='bbox 2471 4361 2735 4432; x_wconf 80' lang='grc' dir='ltr'>Θεσὸίτης</span> <span class='ocrx_word' id='word_1_563' title='bbox 2788 4362 2891 4414; x_wconf 77' lang='grc' dir='ltr'><strong>ὑπὸ</strong></span> <span class='ocrx_word' id='word_1_564' title='bbox 2942 4360 3107 4428; x_wconf 73' lang='grc' dir='ltr'>φυτὸν</span> <span class='ocrx_word' id='word_1_565' title='bbox 3165 4359 3530 4428; x_wconf 72' lang='grc' dir='ltr'>καθευδήσας,</span> <span class='ocrx_word' id='word_1_566' title='bbox 3579 4361 3675 4412; x_wconf 69' lang='grc' dir='ltr'><strong>καὶ</strong></span> 
     </span>
    </p>
   </div>
   <div class='ocr_carea' id='block_1_87' title="bbox 398 4451 1985 4530">
    <p class='ocr_par' dir='ltr' id='par_1_87' title="bbox 398 4461 1972 4530">
     <span class='ocr_line' id='line_1_87' title="bbox 398 4461 1972 4530; baseline 0.003 -17"><span class='ocrx_word' id='word_1_567' title='bbox 398 4469 775 4527; x_wconf 83' lang='lat' dir='ltr'><strong>experrectus,</strong></span> <span class='ocrx_word' id='word_1_568' title='bbox 802 4461 866 4513; x_wconf 87' lang='lat' dir='ltr'><strong>ad</strong></span> <span class='ocrx_word' id='word_1_569' title='bbox 892 4470 1055 4529; x_wconf 87' lang='lat' dir='ltr'><strong>caput</strong></span> <span class='ocrx_word' id='word_1_570' title='bbox 1082 4462 1255 4530; x_wconf 89' lang='lat' dir='ltr'><strong>ipsius</strong></span> <span class='ocrx_word' id='word_1_571' title='bbox 1283 4478 1476 4530; x_wconf 85' lang='lat' dir='ltr'><strong>panem</strong></span> <span class='ocrx_word' id='word_1_572' title='bbox 1516 4464 1972 4524; x_wconf 77' lang='lat' dir='ltr'><strong>subeinericium.</strong></span> 
     </span>
    </p>
   </div>
   <div class='ocr_carea' id='block_1_88' title="bbox 2100 4451 3681 4530">
    <p class='ocr_par' dir='ltr' id='par_1_88' title="bbox 2100 4451 3681 4530">
     <span class='ocr_line' id='line_1_88' title="bbox 2100 4451 3681 4530; baseline -0.003 -21"><span class='ocrx_word' id='word_1_573' title='bbox 2100 4457 2327 4530; x_wconf 74' lang='grc' dir='ltr'>ιγερθεὶς</span> <span class='ocrx_word' id='word_1_574' title='bbox 2385 4456 2488 4526; x_wconf 74' lang='grc' dir='ltr'>ὁρᾷ</span> <span class='ocrx_word' id='word_1_575' title='bbox 2530 4454 2667 4525; x_wconf 85' lang='grc' dir='ltr'>πρὸς</span> <span class='ocrx_word' id='word_1_576' title='bbox 2710 4453 2953 4521; x_wconf 69' lang='grc' dir='ltr'>κεφαλῆς</span> <span class='ocrx_word' id='word_1_577' title='bbox 3000 4451 3164 4505; x_wconf 82' lang='grc' dir='ltr'>αὑτοῦ</span> <span class='ocrx_word' id='word_1_578' title='bbox 3214 4452 3523 4521; x_wconf 79' lang='grc' dir='ltr'>ἐγκρυφίαν</span> <span class='ocrx_word' id='word_1_579' title='bbox 3584 4453 3681 4505; x_wconf 74' lang='grc' dir='ltr'><strong>καὶ</strong></span> 
     </span>
    </p>
   </div>
   <div class='ocr_carea' id='block_1_89' title="bbox 399 4553 1978 4623">
    <p class='ocr_par' dir='ltr' id='par_1_89' title="bbox 399 4553 1978 4623">
     <span class='ocr_line' id='line_1_89' title="bbox 399 4553 1978 4623; baseline 0.004 -20"><span class='ocrx_word' id='word_1_580' title='bbox 399 4558 457 4603; x_wconf 88' lang='lat' dir='ltr'><strong>et</strong></span> <span class='ocrx_word' id='word_1_581' title='bbox 492 4566 587 4603; x_wconf 84' lang='lat' dir='ltr'><strong>vas</strong></span> <span class='ocrx_word' id='word_1_582' title='bbox 622 4566 778 4619; x_wconf 65' lang='lat' dir='ltr'><strong>aqua:</strong></span> <span class='ocrx_word' id='word_1_583' title='bbox 806 4554 1095 4620; x_wconf 79' lang='lat' dir='ltr'><strong>conspexit</strong></span> <span class='ocrx_word' id='word_1_584' title='bbox 1126 4553 1189 4606; x_wconf 67' lang='grc'><strong>¹⁸.</strong></span> <span class='ocrx_word' id='word_1_585' title='bbox 1229 4554 1364 4617; x_wconf 82' lang='lat' dir='ltr'><strong>Quis</strong></span> <span class='ocrx_word' id='word_1_586' title='bbox 1411 4554 1579 4623; x_wconf 78' lang='lat' dir='ltr'><strong>igitur</strong></span> <span class='ocrx_word' id='word_1_587' title='bbox 1610 4556 1733 4609; x_wconf 91' lang='lat' dir='ltr'><strong>talis</strong></span> <span class='ocrx_word' id='word_1_588' title='bbox 1763 4565 1867 4621; x_wconf 88' lang='lat' dir='ltr'><strong>est,</strong></span> <span class='ocrx_word' id='word_1_589' title='bbox 1919 4565 1978 4609; x_wconf 92' lang='lat' dir='ltr'><strong>ut</strong></span> 
     </span>
    </p>
   </div>
   <div class='ocr_carea' id='block_1_90' title="bbox 406 4643 1982 4719">
    <p class='ocr_par' dir='ltr' id='par_1_90' title="bbox 406 4643 1982 4719">
     <span class='ocr_line' id='line_1_90' title="bbox 406 4643 1982 4719; baseline 0.004 -24"><span class='ocrx_word' id='word_1_590' title='bbox 406 4643 648 4697; x_wconf 86' lang='lat' dir='ltr'><strong>inveniat</strong></span> <span class='ocrx_word' id='word_1_591' title='bbox 691 4660 883 4713; x_wconf 86' lang='lat' dir='ltr'><strong>panem</strong></span> <span class='ocrx_word' id='word_1_592' title='bbox 934 4647 1367 4701; x_wconf 73' lang='lat' dir='ltr'>SUbl&#39;IIIL&#39;fICIIIIII</span> <span class='ocrx_word' id='word_1_593' title='bbox 1398 4650 1562 4716; x_wconf 86' lang='lat' dir='ltr'><strong>capiti</strong></span> <span class='ocrx_word' id='word_1_594' title='bbox 1597 4666 1760 4718; x_wconf 85' lang='lat' dir='ltr'><strong>quam</strong></span> <span class='ocrx_word' id='word_1_595' title='bbox 1796 4651 1982 4719; x_wconf 86' lang='lat' dir='ltr'><strong>proxi-</strong></span> 
     </span>
    </p>
   </div>
   <div class='ocr_carea' id='block_1_91' title="bbox 407 4737 1981 4810">
    <p class='ocr_par' dir='ltr' id='par_1_91' title="bbox 407 4737 1981 4810">
     <span class='ocr_line' id='line_1_91' title="bbox 407 4737 1981 4810; baseline 0.006 -23"><span class='ocrx_word' id='word_1_596' title='bbox 407 4751 581 4798; x_wconf 89' lang='lat' dir='ltr'><strong>mum,</strong></span> <span class='ocrx_word' id='word_1_597' title='bbox 627 4737 680 4789; x_wconf 91' lang='lat' dir='ltr'><strong>in</strong></span> <span class='ocrx_word' id='word_1_598' title='bbox 713 4754 823 4806; x_wconf 88' lang='lat' dir='ltr'><strong>quo</strong></span> <span class='ocrx_word' id='word_1_599' title='bbox 854 4739 1034 4808; x_wconf 86' lang='lat' dir='ltr'><strong>capite</strong></span> <span class='ocrx_word' id='word_1_600' title='bbox 1077 4742 1287 4801; x_wconf 90' lang='lat' dir='ltr'><strong>insunt,</strong></span> <span class='ocrx_word' id='word_1_601' title='bbox 1322 4752 1380 4793; x_wconf 86' lang='grc' dir='ltr'><strong>ιιι</strong></span> <span class='ocrx_word' id='word_1_602' title='bbox 1412 4742 1580 4794; x_wconf 85' lang='lat' dir='ltr'><strong>tradit</strong></span> <span class='ocrx_word' id='word_1_603' title='bbox 1628 4740 1886 4795; x_wconf 78' lang='lat' dir='ltr'><strong>Salomon</strong></span> <span class='ocrx_word' id='word_1_604' title='bbox 1916 4744 1981 4810; x_wconf 72' lang='grc' dir='ltr'><strong>ιδ,</strong></span> 
     </span>
    </p>
   </div>
   <div class='ocr_carea' id='block_1_92' title="bbox 406 4827 1983 4901">
    <p class='ocr_par' dir='ltr' id='par_1_92' title="bbox 406 4827 1983 4901">
     <span class='ocr_line' id='line_1_92' title="bbox 406 4827 1983 4901; baseline 0.005 -22"><span class='ocrx_word' id='word_1_605' title='bbox 406 4827 550 4880; x_wconf 92' lang='lat' dir='ltr'><strong>oculi</strong></span> <span class='ocrx_word' id='word_1_606' title='bbox 593 4828 859 4896; x_wconf 86' lang='lat' dir='ltr'><strong>sapientis</strong></span> <span class='ocrx_word' id='word_1_607' title='bbox 917 4829 1349 4885; x_wconf 77' lang='lat' dir='ltr'><strong>iltlt&#39;lleclttult‘s:</strong></span> <span class='ocrx_word' id='word_1_608' title='bbox 1405 4832 1488 4883; x_wconf 85' lang='lat' dir='ltr'><strong>vel</strong></span> <span class='ocrx_word' id='word_1_609' title='bbox 1537 4847 1565 4883; x_wconf 91' lang='lat' dir='ltr'><strong>a</strong></span> <span class='ocrx_word' id='word_1_610' title='bbox 1607 4836 1690 4900; x_wconf 86' lang='lat' dir='ltr'><strong>pia</strong></span> <span class='ocrx_word' id='word_1_611' title='bbox 1735 4835 1983 4901; x_wconf 85' lang='lat' dir='ltr'><strong>postula-</strong></span> 
     </span>
    </p>
   </div>
   <div class='ocr_carea' id='block_1_93' title="bbox 411 4918 1980 4991">
    <p class='ocr_par' dir='ltr' id='par_1_93' title="bbox 411 4918 1980 4991">
     <span class='ocr_line' id='line_1_93' title="bbox 411 4918 1980 4991; baseline 0.004 -20"><span class='ocrx_word' id='word_1_612' title='bbox 411 4918 592 4983; x_wconf 88' lang='lat' dir='ltr'><strong>tione,</strong></span> <span class='ocrx_word' id='word_1_613' title='bbox 638 4928 693 4971; x_wconf 65' lang='grc' dir='ltr'>οι</span> <span class='ocrx_word' id='word_1_614' title='bbox 741 4920 982 4990; x_wconf 74' lang='lat' dir='ltr'><strong>legitima</strong></span> <span class='ocrx_word' id='word_1_615' title='bbox 1040 4922 1324 4990; x_wconf 70' lang='grc' dir='ltr'><strong>ιιυιιιὶυιιο.</strong></span> <span class='ocrx_word' id='word_1_616' title='bbox 1372 4922 1719 4990; x_wconf 73' lang='lat' dir='ltr'><strong>spiritualem</strong></span> <span class='ocrx_word' id='word_1_617' title='bbox 1784 4939 1980 4991; x_wconf 84' lang='lat' dir='ltr'><strong>panem</strong></span> 
     </span>
    </p>
   </div>
   <div class='ocr_carea' id='block_1_94' title="bbox 410 5009 1988 5080">
    <p class='ocr_par' dir='ltr' id='par_1_94' title="bbox 410 5009 1988 5080">
     <span class='ocr_line' id='line_1_94' title="bbox 410 5009 1988 5080; baseline 0.003 -20"><span class='ocrx_word' id='word_1_618' title='bbox 410 5009 649 5061; x_wconf 87' lang='lat' dir='ltr'><strong>animam</strong></span> <span class='ocrx_word' id='word_1_619' title='bbox 672 5010 1061 5071; x_wconf 81' lang='lat' dir='ltr'><strong>enutrieutetn,</strong></span> <span class='ocrx_word' id='word_1_620' title='bbox 1086 5020 1139 5063; x_wconf 90' lang='lat' dir='ltr'><strong>et</strong></span> <span class='ocrx_word' id='word_1_621' title='bbox 1178 5026 1375 5080; x_wconf 83' lang='lat' dir='ltr'><strong>aquam</strong></span> <span class='ocrx_word' id='word_1_622' title='bbox 1414 5010 1699 5063; x_wconf 82' lang='lat' dir='ltr'><strong>salientem</strong></span> <span class='ocrx_word' id='word_1_623' title='bbox 1734 5009 1789 5062; x_wconf 91' lang='lat' dir='ltr'><strong>itt</strong></span> <span class='ocrx_word' id='word_1_624' title='bbox 1824 5010 1988 5064; x_wconf 85' lang='lat' dir='ltr'><strong>vitam</strong></span> 
     </span>
    </p>
   </div>
   <div class='ocr_carea' id='block_1_95' title="bbox 408 5102 704 5154">
    <p class='ocr_par' dir='ltr' id='par_1_95' title="bbox 408 5102 704 5154">
     <span class='ocr_line' id='line_1_95' title="bbox 408 5102 704 5154; baseline 0 -1"><span class='ocrx_word' id='word_1_625' title='bbox 408 5102 704 5154; x_wconf 60' lang='lat' dir='ltr'><strong>mlcrnant?</strong></span> 
     </span>
    </p>
   </div>
   <div class='ocr_carea' id='block_1_96' title="bbox 924 5192 1460 5248">
    <p class='ocr_par' dir='ltr' id='par_1_96' title="bbox 924 5192 1460 5248">
     <span class='ocr_line' id='line_1_96' title="bbox 924 5192 1460 5248; baseline -0.004 -3"><span class='ocrx_word' id='word_1_626' title='bbox 924 5192 1110 5248; x_wconf 75' lang='lat' dir='ltr'><strong>XCEX.</strong></span> <span class='ocrx_word' id='word_1_627' title='bbox 1144 5225 1210 5238; x_wconf 74' lang='grc' dir='ltr'><strong>σσ-</strong></span> <span class='ocrx_word' id='word_1_628' title='bbox 1257 5192 1460 5246; x_wconf 81' lang='lat' dir='ltr'><strong>Eidem.</strong></span> 
     </span>
    </p>
   </div>
   <div class='ocr_carea' id='block_1_97' title="bbox 485 5280 1985 5354">
    <p class='ocr_par' dir='ltr' id='par_1_97' title="bbox 485 5280 1985 5354">
     <span class='ocr_line' id='line_1_97' title="bbox 485 5280 1985 5354; baseline 0.002 -20"><span class='ocrx_word' id='word_1_629' title='bbox 485 5280 587 5347; x_wconf 87' lang='lat' dir='ltr'><strong>Qui</strong></span> <span class='ocrx_word' id='word_1_630' title='bbox 625 5283 839 5339; x_wconf 83' lang='lat' dir='ltr'><strong>animas</strong></span> <span class='ocrx_word' id='word_1_631' title='bbox 888 5301 1015 5339; x_wconf 82' lang='lat' dir='ltr'><strong>suas</strong></span> <span class='ocrx_word' id='word_1_632' title='bbox 1052 5301 1287 5354; x_wconf 76' lang='lat' dir='ltr'><strong>purgare</strong></span> <span class='ocrx_word' id='word_1_633' title='bbox 1320 5290 1598 5352; x_wconf 81' lang='lat' dir='ltr'><strong>satagunt,</strong></span> <span class='ocrx_word' id='word_1_634' title='bbox 1634 5299 1740 5334; x_wconf 86' lang='lat' dir='ltr'><strong>non</strong></span> <span class='ocrx_word' id='word_1_635' title='bbox 1770 5290 1985 5337; x_wconf 85' lang='lat' dir='ltr'><strong>tantum</strong></span> 
     </span>
    </p>
   </div>
   <div class='ocr_carea' id='block_1_98' title="bbox 416 5375 1991 5447">
    <p class='ocr_par' dir='ltr' id='par_1_98' title="bbox 416 5375 1991 5447">
     <span class='ocr_line' id='line_1_98' title="bbox 416 5375 1991 5447; baseline 0.003 -20"><span class='ocrx_word' id='word_1_636' title='bbox 416 5391 578 5445; x_wconf 85' lang='lat' dir='ltr'><strong>pane,</strong></span> <span class='ocrx_word' id='word_1_637' title='bbox 604 5386 657 5429; x_wconf 84' lang='lat' dir='ltr'><strong>et</strong></span> <span class='ocrx_word' id='word_1_638' title='bbox 688 5392 825 5447; x_wconf 86' lang='lat' dir='ltr'><strong>aqua</strong></span> <span class='ocrx_word' id='word_1_639' title='bbox 862 5379 1217 5432; x_wconf 68' lang='lat' dir='ltr'><strong>intel’et-tnali</strong></span> <span class='ocrx_word' id='word_1_640' title='bbox 1261 5378 1505 5439; x_wconf 83' lang='lat' dir='ltr'><strong>allluant,</strong></span> <span class='ocrx_word' id='word_1_641' title='bbox 1544 5375 1639 5430; x_wconf 84' lang='lat' dir='ltr'><strong>scd</strong></span> <span class='ocrx_word' id='word_1_642' title='bbox 1666 5391 1865 5431; x_wconf 84' lang='lat' dir='ltr'><strong>carnes</strong></span> <span class='ocrx_word' id='word_1_643' title='bbox 1887 5378 1991 5432; x_wconf 86' lang='lat' dir='ltr'><strong>sibi</strong></span> 
     </span>
    </p>
   </div>
   <div class='ocr_carea' id='block_1_99' title="bbox 489 5534 942 5598">
    <p class='ocr_par' dir='ltr' id='par_1_99' title="bbox 489 5534 942 5598">
     <span class='ocr_line' id='line_1_99' title="bbox 489 5534 942 5598; baseline 0.004 -11"><span class='ocrx_word' id='word_1_644' title='bbox 489 5534 511 5565; x_wconf 80' lang='grc'><strong><em>⁹</em></strong></span> <span class='ocrx_word' id='word_1_645' title='bbox 547 5538 663 5589; x_wconf 79' lang='lat' dir='ltr'><strong>Act.</strong></span> <span class='ocrx_word' id='word_1_646' title='bbox 700 5552 818 5598; x_wconf 81' lang='lat' dir='ltr'><strong>xut,</strong></span> <span class='ocrx_word' id='word_1_647' title='bbox 856 5535 942 5589; x_wconf 71' lang='grc'><strong>46.</strong></span> 
     </span>
    </p>
   </div>
   <div class='ocr_carea' id='block_1_100' title="bbox 422 5604 904 5671">
    <p class='ocr_par' dir='ltr' id='par_1_100' title="bbox 422 5604 904 5671">
     <span class='ocr_line' id='line_1_100' title="bbox 422 5604 904 5671; baseline 0 -12"><span class='ocrx_word' id='word_1_648' title='bbox 422 5605 465 5636; x_wconf 74' lang='grc'><strong>³⁸</strong></span> <span class='ocrx_word' id='word_1_649' title='bbox 503 5604 681 5661; x_wconf 80' lang='lat' dir='ltr'><strong>Eccle.</strong></span> <span class='ocrx_word' id='word_1_650' title='bbox 709 5621 766 5671; x_wconf 88' lang='grc' dir='ltr'>ιι,</span> <span class='ocrx_word' id='word_1_651' title='bbox 822 5607 904 5661; x_wconf 73' lang='grc' dir='ltr'><strong>Η.</strong></span> 
     </span>
    </p>
   </div>
   <div class='ocr_carea' id='block_1_101' title="bbox 1042 5532 2483 5599">
    <p class='ocr_par' dir='ltr' id='par_1_101' title="bbox 1042 5532 2483 5599">
     <span class='ocr_line' id='line_1_101' title="bbox 1042 5532 2483 5599; baseline -0.002 -8"><span class='ocrx_word' id='word_1_652' title='bbox 1042 5539 1084 5569; x_wconf 85' lang='grc'>¹⁰</span> <span class='ocrx_word' id='word_1_653' title='bbox 1110 5540 1217 5594; x_wconf 75' lang='lat' dir='ltr'><strong>lsa.</strong></span> <span class='ocrx_word' id='word_1_654' title='bbox 1246 5553 1393 5599; x_wconf 76' lang='lat' dir='ltr'><strong>xm,</strong></span> <span class='ocrx_word' id='word_1_655' title='bbox 1418 5533 1466 5587; x_wconf 88' lang='grc'><strong>6.</strong></span> <span class='ocrx_word' id='word_1_656' title='bbox 1507 5535 1546 5567; x_wconf 82' lang='grc'>¹¹</span> <span class='ocrx_word' id='word_1_657' title='bbox 1582 5532 1736 5589; x_wconf 87' lang='lat' dir='ltr'><strong>Dent.</strong></span> <span class='ocrx_word' id='word_1_658' title='bbox 1771 5552 1959 5598; x_wconf 74' lang='lat' dir='ltr'><strong>xxvnt,</strong></span> <span class='ocrx_word' id='word_1_659' title='bbox 1982 5534 2071 5588; x_wconf 70' lang='grc'><strong>45.</strong></span> <span class='ocrx_word' id='word_1_660' title='bbox 2101 5534 2143 5565; x_wconf 77' lang='grc'><strong>’⁵</strong></span> <span class='ocrx_word' id='word_1_661' title='bbox 2166 5533 2311 5589; x_wconf 84' lang='lat' dir='ltr'><strong>Psal.</strong></span> <span class='ocrx_word' id='word_1_662' title='bbox 2339 5550 2422 5598; x_wconf 79' lang='lat' dir='ltr'><strong>xc,</strong></span> <span class='ocrx_word' id='word_1_663' title='bbox 2450 5534 2483 5588; x_wconf 85' lang='lat'><strong>5</strong></span> 
     </span>
    </p>
   </div>
   <div class='ocr_carea' id='block_1_102' title="bbox 2079 4542 3681 4618">
    <p class='ocr_par' dir='ltr' id='par_1_102' title="bbox 2079 4542 3681 4618">
     <span class='ocr_line' id='line_1_102' title="bbox 2079 4542 3681 4618; baseline -0.004 -17"><span class='ocrx_word' id='word_1_664' title='bbox 2079 4548 2379 4618; x_wconf 70' lang='grc' dir='ltr'>καμψάκην</span> <span class='ocrx_word' id='word_1_665' title='bbox 2436 4545 2647 4608; x_wconf 79' lang='grc' dir='ltr'>ὓδατος.</span> <span class='ocrx_word' id='word_1_666' title='bbox 2674 4545 2769 4599; x_wconf 80' lang='grc' dir='ltr'>Τίς</span> <span class='ocrx_word' id='word_1_667' title='bbox 2801 4543 2979 4595; x_wconf 81' lang='grc' dir='ltr'>τοίνυν</span> <span class='ocrx_word' id='word_1_668' title='bbox 3025 4542 3366 4612; x_wconf 78' lang='grc' dir='ltr'>τηλικοῦτος,</span> <span class='ocrx_word' id='word_1_669' title='bbox 3415 4542 3561 4595; x_wconf 70' lang='grc' dir='ltr'>ὥστε</span> <span class='ocrx_word' id='word_1_670' title='bbox 3589 4543 3681 4594; x_wconf 89' lang='grc' dir='ltr'>εὑ-</span> 
     </span>
    </p>
   </div>
   <div class='ocr_carea' id='block_1_103' title="bbox 2084 4629 3679 4712">
    <p class='ocr_par' dir='ltr' id='par_1_103' title="bbox 2084 4629 3679 4712">
     <span class='ocr_line' id='line_1_103' title="bbox 2084 4629 3679 4712; baseline -0.003 -20"><span class='ocrx_word' id='word_1_671' title='bbox 2084 4658 2196 4712; x_wconf 87' lang='grc' dir='ltr'>ρειν</span> <span class='ocrx_word' id='word_1_672' title='bbox 2229 4637 2554 4709; x_wconf 73' lang='grc' dir='ltr'>ἐγκρυφίαν,</span> <span class='ocrx_word' id='word_1_673' title='bbox 2617 4636 2755 4706; x_wconf 83' lang='grc' dir='ltr'>πρὸς</span> <span class='ocrx_word' id='word_1_674' title='bbox 2806 4634 3048 4704; x_wconf 77' lang='grc' dir='ltr'>κεφαλῆς</span> <span class='ocrx_word' id='word_1_675' title='bbox 3106 4635 3378 4704; x_wconf 87' lang='grc' dir='ltr'>κείμενον,</span> <span class='ocrx_word' id='word_1_676' title='bbox 3413 4637 3471 4687; x_wconf 80' lang='grc' dir='ltr'><strong>ὲν</strong></span> <span class='ocrx_word' id='word_1_677' title='bbox 3587 4652 3679 4687; x_wconf 65' lang='grc' dir='ltr'>κει</span> 
     </span>
    </p>
   </div>
   <div class='ocr_carea' id='block_1_104' title="bbox 2084 4723 3677 4801">
    <p class='ocr_par' dir='ltr' id='par_1_104' title="bbox 2084 4723 3677 4801">
     <span class='ocr_line' id='line_1_104' title="bbox 2084 4723 3677 4801; baseline -0.003 -18"><span class='ocrx_word' id='word_1_678' title='bbox 2084 4732 2224 4801; x_wconf 80' lang='grc' dir='ltr'>φαλῇ</span> <span class='ocrx_word' id='word_1_679' title='bbox 2269 4730 2536 4800; x_wconf 85' lang='grc' dir='ltr'>ὑπάρχειν</span> <span class='ocrx_word' id='word_1_680' title='bbox 2578 4727 2723 4794; x_wconf 79' lang='grc' dir='ltr'>λέγει</span> <span class='ocrx_word' id='word_1_681' title='bbox 2772 4723 3026 4796; x_wconf 84' lang='grc' dir='ltr'>Σολομὼν</span> <span class='ocrx_word' id='word_1_682' title='bbox 3056 4727 3180 4789; x_wconf 83' lang='grc' dir='ltr'>τοὺς</span> <span class='ocrx_word' id='word_1_683' title='bbox 3214 4725 3529 4795; x_wconf 75' lang='grc' dir='ltr'>ὀφθαλμοὺς</span> <span class='ocrx_word' id='word_1_684' title='bbox 3578 4726 3677 4779; x_wconf 70' lang='grc' dir='ltr'>τοῦ</span> 
     </span>
    </p>
   </div>
   <div class='ocr_carea' id='block_1_105' title="bbox 2087 4817 3681 4891">
    <p class='ocr_par' dir='ltr' id='par_1_105' title="bbox 2087 4817 3681 4891">
     <span class='ocr_line' id='line_1_105' title="bbox 2087 4817 3681 4891; baseline -0.003 -15"><span class='ocrx_word' id='word_1_685' title='bbox 2087 4822 2251 4891; x_wconf 69' lang='grc' dir='ltr'>σοφοῦ</span> <span class='ocrx_word' id='word_1_686' title='bbox 2288 4823 2412 4885; x_wconf 78' lang='grc' dir='ltr'>τοὺς</span> <span class='ocrx_word' id='word_1_687' title='bbox 2441 4819 2663 4890; x_wconf 75' lang='grc' dir='ltr'>νοητοὺς</span> <span class='ocrx_word' id='word_1_688' title='bbox 2692 4835 2706 4849; x_wconf 87' lang='grc'><strong>·</strong></span> <span class='ocrx_word' id='word_1_689' title='bbox 2756 4818 2788 4887; x_wconf 84' lang='grc' dir='ltr'>ἢ</span> <span class='ocrx_word' id='word_1_690' title='bbox 2839 4818 2948 4871; x_wconf 83' lang='grc' dir='ltr'><strong>ἀπὸ</strong></span> <span class='ocrx_word' id='word_1_691' title='bbox 2981 4817 3236 4880; x_wconf 75' lang='grc' dir='ltr'>εὐσεϐοῦς</span> <span class='ocrx_word' id='word_1_692' title='bbox 3268 4818 3553 4888; x_wconf 78' lang='grc' dir='ltr'>ζητήσεως</span> <span class='ocrx_word' id='word_1_693' title='bbox 3582 4821 3681 4873; x_wconf 75' lang='grc' dir='ltr'><strong>καὶ</strong></span> 
     </span>
    </p>
   </div>
   <div class='ocr_carea' id='block_1_106' title="bbox 2086 4909 3681 4984">
    <p class='ocr_par' dir='ltr' id='par_1_106' title="bbox 2086 4909 3681 4984">
     <span class='ocr_line' id='line_1_106' title="bbox 2086 4909 3681 4984; baseline -0.001 -17"><span class='ocrx_word' id='word_1_694' title='bbox 2086 4916 2355 4984; x_wconf 83' lang='grc' dir='ltr'>αἰτήσεως</span> <span class='ocrx_word' id='word_1_695' title='bbox 2396 4911 2643 4983; x_wconf 83' lang='grc' dir='ltr'>γνησίας,</span> <span class='ocrx_word' id='word_1_696' title='bbox 2678 4909 2770 4963; x_wconf 77' lang='grc' dir='ltr'><strong>τὸν</strong></span> <span class='ocrx_word' id='word_1_697' title='bbox 2807 4910 3178 4980; x_wconf 80' lang='grc' dir='ltr'>πνευματικὸν</span> <span class='ocrx_word' id='word_1_698' title='bbox 3227 4911 3391 4980; x_wconf 86' lang='grc' dir='ltr'>ἄρτον</span> <span class='ocrx_word' id='word_1_699' title='bbox 3420 4911 3513 4963; x_wconf 82' lang='grc' dir='ltr'><strong>τὸν</strong></span> <span class='ocrx_word' id='word_1_700' title='bbox 3552 4912 3681 4981; x_wconf 77' lang='grc' dir='ltr'>τρέ-</span> 
     </span>
    </p>
   </div>
   <div class='ocr_carea' id='block_1_107' title="bbox 2088 5000 3681 5075">
    <p class='ocr_par' dir='ltr' id='par_1_107' title="bbox 2088 5000 3681 5075">
     <span class='ocr_line' id='line_1_107' title="bbox 2088 5000 3681 5075; baseline -0.001 -17"><span class='ocrx_word' id='word_1_701' title='bbox 2088 5023 2256 5075; x_wconf 83' lang='grc' dir='ltr'>φοντα</span> <span class='ocrx_word' id='word_1_702' title='bbox 2301 5005 2399 5075; x_wconf 80' lang='grc' dir='ltr'>τὴν</span> <span class='ocrx_word' id='word_1_703' title='bbox 2443 5003 2620 5074; x_wconf 71' lang='grc' dir='ltr'>ψυχὴν</span> <span class='ocrx_word' id='word_1_704' title='bbox 2660 5002 2751 5055; x_wconf 74' lang='grc' dir='ltr'><strong>καὶ</strong></span> <span class='ocrx_word' id='word_1_705' title='bbox 2783 5000 2845 5054; x_wconf 82' lang='grc' dir='ltr'><strong>τὸ</strong></span> <span class='ocrx_word' id='word_1_706' title='bbox 2886 5002 3029 5071; x_wconf 78' lang='grc' dir='ltr'>ὕδωρ</span> <span class='ocrx_word' id='word_1_707' title='bbox 3059 5001 3354 5071; x_wconf 83' lang='grc' dir='ltr'>ἀλλόμενον</span> <span class='ocrx_word' id='word_1_708' title='bbox 3414 5005 3496 5066; x_wconf 87' lang='grc' dir='ltr'>εἰς</span> <span class='ocrx_word' id='word_1_709' title='bbox 3530 5002 3681 5074; x_wconf 74' lang='grc' dir='ltr'>ζωὴν</span> 
     </span>
    </p>
   </div>
   <div class='ocr_carea' id='block_1_108' title="bbox 2086 5098 2339 5164">
    <p class='ocr_par' dir='ltr' id='par_1_108' title="bbox 2086 5098 2339 5164">
     <span class='ocr_line' id='line_1_108' title="bbox 2086 5098 2339 5164; baseline -0.008 -11"><span class='ocrx_word' id='word_1_710' title='bbox 2086 5098 2301 5153; x_wconf 80' lang='grc' dir='ltr'>αἰώνιον</span> <span class='ocrx_word' id='word_1_711' title='bbox 2323 5114 2339 5164; x_wconf 90' lang='grc'>;</span> 
     </span>
    </p>
   </div>
   <div class='ocr_carea' id='block_1_109' title="bbox 2599 5185 3134 5254">
    <p class='ocr_par' dir='ltr' id='par_1_109' title="bbox 2599 5185 3134 5254">
     <span class='ocr_line' id='line_1_109' title="bbox 2599 5185 3134 5254; baseline 0.002 -14"><span class='ocrx_word' id='word_1_712' title='bbox 2599 5185 2716 5254; x_wconf 77' lang='lat'><strong>‘16&#39;.</strong></span> <span class='ocrx_word' id='word_1_713' title='bbox 2745 5219 2816 5228; x_wconf 95' lang='lat'><strong>—</strong></span> <span class='ocrx_word' id='word_1_714' title='bbox 2842 5185 2926 5251; x_wconf 84' lang='grc' dir='ltr'><strong>Τῷ</strong></span> <span class='ocrx_word' id='word_1_715' title='bbox 2953 5186 3134 5251; x_wconf 84' lang='grc' dir='ltr'>αὐτῷ.</span> 
     </span>
    </p>
   </div>
   <div class='ocr_carea' id='block_1_110' title="bbox 2166 5277 3676 5350">
    <p class='ocr_par' dir='ltr' id='par_1_110' title="bbox 2166 5277 3676 5350">
     <span class='ocr_line' id='line_1_110' title="bbox 2166 5277 3676 5350; baseline -0.003 -16"><span class='ocrx_word' id='word_1_716' title='bbox 2166 5282 2227 5334; x_wconf 84' lang='grc' dir='ltr'>Οί</span> <span class='ocrx_word' id='word_1_717' title='bbox 2253 5280 2350 5344; x_wconf 75' lang='grc' dir='ltr'><strong>τὰς</strong></span> <span class='ocrx_word' id='word_1_718' title='bbox 2394 5279 2569 5350; x_wconf 74' lang='grc' dir='ltr'>ψυχὰς</span> <span class='ocrx_word' id='word_1_719' title='bbox 2613 5280 2818 5333; x_wconf 77' lang='grc' dir='ltr'>ἑαυτῶν</span> <span class='ocrx_word' id='word_1_720' title='bbox 2872 5280 3111 5346; x_wconf 77' lang='grc' dir='ltr'>ἀγνίζειν</span> <span class='ocrx_word' id='word_1_721' title='bbox 3161 5277 3576 5341; x_wconf 69' lang='grc' dir='ltr'>σπουδάζοντες,</span> <span class='ocrx_word' id='word_1_722' title='bbox 3615 5278 3676 5330; x_wconf 77' lang='grc' dir='ltr'><strong>οὑ</strong></span> 
     </span>
    </p>
   </div>
   <div class='ocr_carea' id='block_1_111' title="bbox 2104 5370 3676 5445">
    <p class='ocr_par' dir='ltr' id='par_1_111' title="bbox 2104 5370 3676 5445">
     <span class='ocr_line' id='line_1_111' title="bbox 2104 5370 3676 5445; baseline -0.003 -19"><span class='ocrx_word' id='word_1_723' title='bbox 2104 5376 2262 5445; x_wconf 75' lang='grc' dir='ltr'>μόνον</span> <span class='ocrx_word' id='word_1_724' title='bbox 2304 5373 2469 5445; x_wconf 79' lang='grc' dir='ltr'>ἄρτου</span> <span class='ocrx_word' id='word_1_725' title='bbox 2495 5373 2590 5425; x_wconf 71' lang='grc' dir='ltr'>καὶ</span> <span class='ocrx_word' id='word_1_726' title='bbox 2628 5371 2816 5435; x_wconf 83' lang='grc' dir='ltr'>ὓδατος</span> <span class='ocrx_word' id='word_1_727' title='bbox 2862 5370 3053 5441; x_wconf 81' lang='grc' dir='ltr'>νοητοῦ</span> <span class='ocrx_word' id='word_1_728' title='bbox 3090 5370 3506 5439; x_wconf 80' lang='grc' dir='ltr'>εὐπορήσουσιν,</span> <span class='ocrx_word' id='word_1_729' title='bbox 3538 5370 3676 5422; x_wconf 71' lang='grc' dir='ltr'><strong>ἀλλᾶ</strong></span> 
     </span>
    </p>
   </div>
   <div class='ocr_carea' id='block_1_112' title="bbox 2584 5525 3667 5595">
    <p class='ocr_par' dir='ltr' id='par_1_112' title="bbox 2584 5525 3667 5595">
     <span class='ocr_line' id='line_1_112' title="bbox 2584 5525 3667 5595; baseline -0.007 -9"><span class='ocrx_word' id='word_1_730' title='bbox 2584 5531 2628 5563; x_wconf 82' lang='grc'>¹³</span> <span class='ocrx_word' id='word_1_731' title='bbox 2666 5528 2892 5593; x_wconf 80' lang='lat' dir='ltr'><strong>Prov.t,</strong></span> <span class='ocrx_word' id='word_1_732' title='bbox 2921 5527 3015 5583; x_wconf 69' lang='grc' dir='ltr'><strong>ΞΟ.</strong></span> <span class='ocrx_word' id='word_1_733' title='bbox 3094 5526 3136 5558; x_wconf 68' lang='grc' dir='ltr'>’δ</span> <span class='ocrx_word' id='word_1_734' title='bbox 3164 5525 3227 5580; x_wconf 92' lang='lat' dir='ltr'><strong>lll</strong></span> <span class='ocrx_word' id='word_1_735' title='bbox 3291 5526 3422 5595; x_wconf 80' lang='lat' dir='ltr'><strong>Reg.</strong></span> <span class='ocrx_word' id='word_1_736' title='bbox 3471 5542 3586 5589; x_wconf 77' lang='lat' dir='ltr'><strong>xu,</strong></span> <span class='ocrx_word' id='word_1_737' title='bbox 3612 5525 3667 5579; x_wconf 73' lang='grc' dir='ltr'><strong>Β.</strong></span> 
     </span>
    </p>
   </div>
   <div class='ocr_carea' id='block_1_113' title="bbox 491 5756 1985 5836">
    <p class='ocr_par' dir='ltr' id='par_1_113' title="bbox 491 5758 1985 5836">
     <span class='ocr_line' id='line_1_113' title="bbox 491 5758 1985 5836; baseline -0.003 -17"><span class='ocrx_word' id='word_1_738' title='bbox 491 5765 571 5836; x_wconf 79' lang='grc' dir='ltr'><strong>(ι)</strong></span> <span class='ocrx_word' id='word_1_739' title='bbox 605 5762 729 5836; x_wconf 76' lang='lat' dir='ltr'><strong>Legi</strong></span> <span class='ocrx_word' id='word_1_740' title='bbox 765 5764 961 5820; x_wconf 82' lang='lat' dir='ltr'><strong>debere</strong></span> <span class='ocrx_word' id='word_1_741' title='bbox 996 5762 1115 5825; x_wconf 76' lang='grc' dir='ltr'>τοὺς</span> <span class='ocrx_word' id='word_1_742' title='bbox 1159 5760 1216 5827; x_wconf 77' lang='grc' dir='ltr'>ἐξ</span> <span class='ocrx_word' id='word_1_743' title='bbox 1246 5758 1415 5813; x_wconf 79' lang='grc' dir='ltr'>ἐθνῶν</span> <span class='ocrx_word' id='word_1_744' title='bbox 1444 5769 1560 5815; x_wconf 83' lang='grc' dir='ltr'>ιυιιι</span> <span class='ocrx_word' id='word_1_745' title='bbox 1590 5774 1787 5817; x_wconf 86' lang='lat' dir='ltr'><strong>sensus</strong></span> <span class='ocrx_word' id='word_1_746' title='bbox 1818 5758 1985 5816; x_wconf 73' lang='lat' dir='ltr'><strong>indica</strong></span> 
     </span>
    </p>
   </div>
   <div class='ocr_carea' id='block_1_114' title="bbox 2100 5756 2996 5836">
    <p class='ocr_par' dir='ltr' id='par_1_114' title="bbox 2100 5756 2996 5832">
     <span class='ocr_line' id='line_1_114' title="bbox 2100 5756 2996 5832; baseline 0.006 -19"><span class='ocrx_word' id='word_1_747' title='bbox 2100 5774 2163 5814; x_wconf 88' lang='lat' dir='ltr'><strong>un</strong></span> <span class='ocrx_word' id='word_1_748' title='bbox 2197 5757 2345 5831; x_wconf 86' lang='lat' dir='ltr'><strong>quod</strong></span> <span class='ocrx_word' id='word_1_749' title='bbox 2379 5756 2608 5817; x_wconf 78' lang='lat' dir='ltr'><strong>inferius</strong></span> <span class='ocrx_word' id='word_1_750' title='bbox 2640 5759 2905 5832; x_wconf 84' lang='lat' dir='ltr'><strong>sequitur,</strong></span> <span class='ocrx_word' id='word_1_751' title='bbox 2943 5758 2996 5793; x_wconf 65' lang='grc' dir='ltr'><strong>ν’</strong></span> 
     </span>
    </p>
   </div>
  </div>
