3822 6216
203 262 309 329 125

1439 270 1976 334 EPlSTOLARUM
2010 270 2148 336 LIB'
2192 279 2240 340 Ι.

3390 283 3495 349 126

199 382 310 451 γὰρ
352 381 459 434 καὶ
506 381 685 452 κρεῶν
732 382 1110 448 ὲπιτεύξονται
1142 400 1155 413 ·
1188 381 1392 437 τέλειον
1434 385 1543 455 γάρ
1592 386 1801 455 ἐστινὴ

1914 393 2069 445 etiam
2098 396 2395 447 habebunt.
2420 393 2638 447 Solidus
2669 410 2905 467 namque
2932 398 3109 460 cibus.
3144 409 3202 454 ut
3237 401 3311 453 ait
3342 402 3490 472 Apo-

202 472 411 543 στερεὰ
460 473 667 542 τροφὴ.
698 471 774 535 ὥς
824 490 989 542 φησιν
1034 476 1061 526 6
1125 474 1447 536 Ἀπόστολος
1475 493 1489 506 ·
1536 476 1629 526 καὶ
1674 492 1808 545 προ-

197 567 493 632 αναφωνεῖ
510 566 749 633 Μωῦσῆς
768 564 847 633 τῷ
865 565 978 634 λαῷ
1014 565 1205 632 λέγων’
1237 586 1255 617 ι
1278 565 1594 634 Ἀγνίσασθε
1608 568 1686 629 εἰς
1708 568 1811 634 τὴν

198 658 421 728 αὔριον,
459 659 563 710 καὶ
578 657 818 726 φάγεσθε
839 659 975 727 κρέα
996 675 1043 710 ἰ
1078 659 1216 729 κρέα
1249 660 1446 728 νοήσας
1475 659 1536 711 τό
1560 675 1618 712 τε
1667 658 1809 709 θεῖον

198 749 391 818 σῶμα,
432 749 634 820 ὥσπερ
660 744 754 802 οὖν
806 749 1077 803 ἐσθίουσιν
1122 751 1173 803 οἱ
1213 750 1395 802 πιστοὶ
1426 751 1519 803 ἐπὶ
1558 750 1655 819 τῆς
1710 750 1805 800 ὲκ-

198 840 461 911 κλησίας,
512 843 607 894 καὶ
635 842 734 912 τὴν
766 841 968 912 γνῶσιν
1001 843 1347 914 Χριστιανῶν
1388 844 1489 913 τὴν
1530 858 1810 914 μακαριω-

198 936 393 1005 τάτην,
448 937 553 988 καὶ
582 935 773 989 πασῶν
805 932 1114 1006 ὑπερτέραν
1142 935 1255 988 τῶν
1307 935 1585 1004 γνώσεων.

731 1027 808 1083 P'.
841 1062 911 1069 —
948 1028 1031 1093 Τῷ
1087 1029 1270 1093 αὐτῷ.

265 1116 343 1174 Εὖ
406 1123 517 1176 καὶ
544 1121 706 1175 τοῦτο
738 1124 909 1191 φάναι
953 1121 1044 1174 τὸν
1070 1122 1247 1191 μέγαν
1279 1123 1520 1176 Μωῦσέα
1546 1138 1558 1150 ·
1603 1142 1622 1171 ι
1671 1121 1808 1190 Οὐχὶ

197 1218 482 1286 σήμερον,
511 1214 830 1286 ἁλλάὓριον
851 1213 1125 1285 βριῦσεσθε
1164 1214 1306 1281 κρέα
1334 1232 1347 1245 ·
1383 1235 1400 1265 ι
1422 1215 1513 1267 ἵνα
1538 1213 1690 1283 δείξῃ
1715 1214 1805 1265 τὸν

195 1307 395 1377 χρόνον
429 1307 532 1361 τὸν
582 1307 719 1377 μετὰ
739 1307 841 1376 τὴν
887 1306 1181 1376 ἐπιδημίαν
1225 1305 1463 1378 Χριστοῦ
1508 1305 1602 1358 τοῦ
1644 1304 1804 1369 Θεοῦ,

196 1401 294 1452 καὶ
342 1401 637 1453 Δεσπότου
682 1400 793 1453 τῶν
836 1400 995 1453 ὅλων.
1033 1397 1249 1452 Ἐκεῖνα
1283 1400 1383 1468 μὲν
1429 1398 1538 1469 γὰρ
1566 1400 1633 1451 τὰ
1669 1396 1805 1469 κρέα

194 1490 295 1558 τῆς
350 1492 811 1562 ὀρτυγομήτρας,
860 1492 939 1555 είς
981 1491 1170 1561 ὀργὴν,
1221 1493 1315 1544 καὶ
1373 1492 1658 1562 στρόφους,
1714 1492 1807 1543 καὶ

198 1585 434 1655 φθορὰν,
510 1586 611 1639 καὶ
678 1585 911 1655 χολέραν
972 1586 1083 1648 τοῖς
1163 1582 1434 1653 Ἑϐραίοις
1497 1584 1656 1656 ἐξέϐη
1687 1601 1698 1613 ·
1737 1584 1805 1637 τὰ

197 1678 243 1728 δ’
272 1678 536 1746 ἡμέτερα
573 1678 1012 1748 παμμακάριστα
1040 1677 1177 1746 κρέα
1211 1677 1396 1745 ρὦιν,
1436 1678 1530 1730 καὶ
1554 1678 1803 1746 δύναμιν,

1913 487 2089 538 stoltts
2123 486 2187 547 ³⁸,
2229 488 2530 552 perfectum
2571 485 2702 554 quid
2749 496 2856 550 est,
2898 496 2952 542 et
2986 489 3229 557 pra-dicit
3271 490 3488 561 Moyses

1914 573 2111 639 populo
2144 588 2157 623 :
2198 591 2217 621 ι
2257 571 2609 627 Sanctilieate
2640 587 2735 627 vos
2764 575 2817 628 in
2860 579 3188 639 crastinum,
3211 590 3261 632 et
3327 596 3487 634 com-

1910 661 2085 716 edatis
2106 676 2300 717 carnes
2325 664 2403 729 ‘7;
2444 682 2462 714 ι
2493 679 2688 719 carnes
2729 667 3038 737 intelligens
3081 669 3329 724 divinum
3361 688 3487 726 cor-

1912 767 2037 821 pus.
2085 755 2231 822 quod
2289 755 2475 810 ﬁdeles
2524 757 2578 809 in
2628 756 2735 827 43
2793 758 3034 813 Ecclesia
3080 762 3399 824 comedunt,
3434 772 3491 817 et

1912 846 2283 901 beatissimam
2309 848 2748 903 Christianorum
2783 852 3179 923 cognitionem,
3215 856 3491 924 cognitio-

1910 938 2073 993 nibus
2102 938 2361 993 omnibus
2388 940 2774 994 excelsiorem.

2492 1032 2557 1085 C.
2587 1062 2657 1072 —
2688 1031 2898 1087 Eidem.

1983 1124 2151 1180 Recte
2182 1125 2360 1180 ethoc
2386 1126 2633 1180 divinum
2676 1126 2897 1199 Moysen
2943 1128 3157 1186 dixisse
3197 1130 3485 1185 novimus:

1915 1235 1935 1267 ι
1966 1216 2081 1270 Non
2108 1218 2289 1281 hodie,
2312 1218 2409 1272 sed
2446 1234 2570 1273 cras
2594 1235 2791 1273 carnes
2818 1221 3174 1286 comedetisp
3198 1230 3250 1276 ut
3274 1234 3489 1291 tempus

1909 1320 2032 1380 post
2060 1310 2265 1363 Christi
2309 1310 2427 1374 Dei,
2449 1320 2502 1365 et
2531 1326 2715 1364 rerum
2747 1312 2995 1365 omnium
3034 1312 3245 1367 Domini
3279 1313 3488 1366 adven-

1910 1408 2023 1455 tum
2059 1410 2538 1456 commonstraret.
2580 1401 2792 1457 Carnes
2835 1404 3034 1459 etenim
3077 1414 3486 1475 ortygometrm,

1912 1494 1965 1545 in
1999 1493 2455 1562 indignationem,
2498 1502 2553 1547 et
2584 1494 2855 1557 volvulos,
2883 1504 2936 1548 et
2967 1497 3402 1566 corruptionem.
3433 1504 3490 1549 et

1908 1584 2190 1638 choleram
2234 1584 2474 1639 Hebraeis
2511 1586 2784 1640 cecidere.
2830 1588 2897 1639 At
2928 1598 3128 1641 nostrae
3156 1604 3321 1656 quam
3360 1588 3489 1641 bea-

1910 1678 2137 1731 tissima:
2178 1693 2375 1732 carnes
2419 1676 2756 1741 ﬁrmitatem,
2804 1679 2992 1741 robur,
3044 1680 3241 1733 bonam
3271 1679 3481 1733 valetu-

201 1734 554 1831 καὶ-,αὺξίαη
588 1734 869 1836 εὐθυμίαν.
890 1784 947 1832 τε
976 1734 1244 1837 καὶιζωὴιν
1274 1734 1492 1821 αἰώνιον
1521 1734 1802 1837 χαρίζεται

1914 1767 2116 1829 dinem,
2151 1768 2605 1833 consolationem,
2670 1778 2724 1823 et
2781 1770 2948 1825 vitam
2984 1780 3245 1824 aeternam
3298 1770 3489 1824 conci-

200 1859 339 1911 πᾶσι
354 1860 478 1921 τοῖς
506 1858 898 1924 καταξιωθεῖσι
932 1859 1370 1929 μεταλαμϐάνειν
1390 1860 1590 1914 αὐτῶν.

718 1951 843 2003 PA'.
861 1980 934 1989 —
955 1948 1036 2014 Τῷ
1050 1950 1230 2015 αὐτῷ.

272 2040 341 2092 Τί
372 2040 710 2111 θαυμάζεις,
750 2046 800 2096 εἰ
842 2043 1020 2114 κρεῶν
1057 2045 1419 2111 τυγχάνουσιν
1461 2046 1809 2112 ἀϊδίων,.καὶ

209 2132 482 2202 μηδαμῶς
516 2135 899 2205 φθειρομένων
927 2137 978 2189 οἱ
1008 2136 1104 2189 τοῦ
1139 2138 1378 2208 Χριστοῦ
1396 2139 1603 2192 οἰκέται
1633 2140 1807 2191 εὐνοϊ-

206 2226 312 2287 κοὶ,
343 2225 674 2295 ἀγνίζοντες
700 2229 930 2293 ἑαυτοὺς
981 2229 1059 2301 τῷ
1084 2228 1236 2299 φόϐῳ
1272 2228 1429 2293 Θεοῦ,
1466 2231 1561 2284 καὶ
1602 2234 1667 2302 τῇ
1724 2231 1810 2285 πί-

214 2335 351 2383 στει,
375 2321 482 2373 καὶ
520 2323 635 2384 τοῖς
686 2319 1120 2391 κατορθώμασι;
1163 2321 1278 2375 Καὶ
1302 2322 1449 2376 οἴνου
1498 2324 1608 2393 γὰρ
1642 2327 1808 2377 εὐπο-

206 2413 435 2483 ρήσουσι
493 2412 669 2476 θείου,
728 2412 986 2484 καθάπερ
1037 2414 1066 2466 6
1146 2411 1357 2478 δίκαιος
1399 2414 1521 2468 Νῶε
1562 2416 1808 2486 γεωργὸς

205 2506 419 2572 γέγονε,
476 2506 581 2558 καὶ
641 2504 1030 2574 ὲφιλοκάλησε,
1067 2506 1345 2574 φυτεύσας
1397 2506 1495 2576 τὴν
1542 2508 1805 2577 ἄμπελον.

218 2597 604 2667 Ὑπερβάντες
645 2597 753 2669 γὰρ
802 2597 895 2650 τὸν
955 2596 1343 2670 κατακλυσμὸν
1384 2598 1482 2667 τῆς
1522 2599 1806 2662 ἀπιστίας,

206 2688 509 2742 πεπὼκασι
572 2688 666 2742 τὸν
714 2688 974 2759 νηφάλιον
1024 2687 1208 2752 οἶνον,
1259 2693 1354 2743 καὶ
1401 2689 1807 2760 ἐμεθύσθησαν,

210 2780 389 2844 καθὼς
417 2781 448 2833 6
486 2779 661 2834 Δαυῖδ
692 2781 842 2849 λέγει
870 2799 885 2814 ·
921 2799 940 2833 ι
976 2782 1050 2834 Τὸ
1094 2783 1353 2852 ποτήριον
1391 2782 1486 2835 τοῦ
1538 2782 1673 2836 Θεοῦ
1707 2801 1808 2854 με·

208 2868 397 2923 θύσκει
432 2886 509 2939 με
545 2870 843 2937 κράτιστα·
882 2890 900 2922 ι
922 2871 1015 2925 καὶ
1039 2871 1403 2941 μεθυσθέντες
1417 2870 1808 2940 γεγύμνωνται

209 2962 644 3033 ἀνεπαίσχυντον
680 2965 962 3033 γύμνωσιν
986 2980 999 2993 ο
1021 2964 1185 3017 καλὸν
1210 2967 1319 3036 γὰρ
1337 2963 1675 3035 γυμνοῦσθαι
1697 2964 1800 3034 τῆς

208 3053 477 3124 πονηρίας
512 3054 615 3107 καὶ
640 3050 739 3123 τῆς
776 3054 1054 3125 ἀνοησίας.

745 3147 867 3202 PB'.
892 3176 961 3186 —
984 3146 1067 3212 Τῷ
1088 3142 1271 3211 αὐτῷ.

282 3254 301 3288 ι
321 3237 382 3291 '0
404 3236 569 3301 Θεὸς,
603 3238 634 3290 6
665 3236 801 3301 Θεὸς
837 3252 961 3307 μου,
989 3238 1224 3309 πρόσχες
1254 3250 1344 3308 μοι
1372 3251 1386 3269 ο
1418 3239 1505 3292 ἵνα
1527 3256 1578 3292 τ.
1605 3240 1807 3308 ἐγκατ-

210 3324 391 3392 έλιπές
431 3345 507 3399 με
546 3346 561 3393 ;
602 3345 623 3379 ι
672 3328 738 3381 ὲκ
760 3326 1055 3399 προσώπου
1096 3329 1191 3381 τοῦ
1228 3331 1284 3382 ἐν
1319 3329 1398 3400 τῷ
1424 3332 1654 3401 εἰκοστῷ
1711 3333 1807 3385 καὶ

210 3417 411 3490 πρώτῳ
461 3420 685 3490 εῖρηται
735 3418 976 3490 ψαλμῷο
1007 3419 1123 3473 ἀλλ’
1170 3421 1271 3474 οὐκ
1322 3422 1481 3484 αὐτὸς
1512 3423 1807 3490 ἐγκαταλέ-

210 3507 455 3571 λειπται.
492 3513 530 3583 ἢ
555 3510 662 3565 ὑπὸ
694 3510 790 3565 τοῦ
837 3511 1070 3582 Πατρὸς,
1103 3510 1135 3582 ἦ
1171 3512 1276 3565 ὑπὸ
1306 3513 1407 3581 τῆς
1454 3513 1647 3567 ἑαυτοῦ
1689 3513 1807 3567 θεό-

211 3615 388 3672 τητος,
407 3605 491 3667 ὡς
527 3603 674 3657 δοκεῖ
700 3605 1019 3675 Ἀρειανοῖς,
1051 3605 1275 3666 καὶτοῖς
1302 3604 1674 3675 Εὐνομιανοῖς,
1706 3604 1809 3657 ὧσ-

216 3710 316 3763 περ
370 3694 739 3766 φοβουμένοις
775 3695 835 3749 τὸ
863 3696 1059 3761 πάθος,
1119 3698 1212 3749 καὶ
1244 3696 1332 3749 διὰ
1374 3697 1534 3751 τοῦτο
1583 3697 1803 3751 συστελ-

214 3783 458 3855 λομένοις
510 3787 620 3840 ἀπὸ
670 3787 766 3841 τοῦ
813 3788 1138 3859 πάσχοντος.
1182 3789 1281 3852 Τίς
1312 3790 1422 3860 γὰρ
1451 3790 1542 3841 τὸν
1577 3790 1804 3861 Σωτῆρα

214 3876 248 3946 ἦ
279 3879 612 3949 γεννηθῆναι
659 3882 809 3935 κάτω
853 3881 953 3954 τὴν
1003 3881 1200 3952 ἀρχὴν,
1248 3882 1281 3952 ἢ
1325 3882 1419 3934 ἐπὶ
1440 3882 1531 3934 τὸν
1566 3881 1805 3951 σταυρὸν

218 3970 460 4023 ἀνελθεῖν
494 3971 949 4042 κατηνάγκασεν;
988 3972 1062 4025 Οὐ
1102 3972 1213 4043 γὰρ
1242 3973 1451 4035 ἀκοντὶ,
1490 3972 1606 4024 ἀλλ’
1651 3974 1805 4025 ἑκουσ-

221 4061 345 4127 σῖως
383 4064 482 4116 ἐπὶ
533 4063 625 4116 τὸν
659 4064 892 4135 σταυρὸν
922 4059 1053 4133 ἦλθε
1094 4066 1191 4117 σὺν
1222 4065 1389 4136 πολλῇ
1425 4064 1744 4132 ἀγαλλιάσει
1779 4082 1792 4097 ·

222 4153 323 4222 πρὸ
368 4155 482 4225 γὰρ
535 4154 750 4207 πολλῶν
799 4153 1025 4224 ἡμερῶν
1070 4158 1185 4217 τοῖς
1247 4155 1517 4224 μαθηταῖς
1568 4155 1753 4224 ἔλεγεν
1785 4170 1799 4183 ·

227 4258 246 4287 ι
270 4238 395 4294 Ἰδοὺ
427 4242 796 4313 ἀναϐαίνομεν
824 4245 904 4306 εἰς
948 4242 1319 4315 Ἰερεσόλυμα,
1351 4246 1443 4297 καὶ
1466 4248 1494 4299 6
1543 4246 1670 4310 Υίὸς
1700 4245 1794 4299 τοῦ

225 4332 510 4403 ἀνθρώπου
563 4335 1002 4405 παραδοθήσεται
1053 4338 1134 4399 εἰς
1172 4336 1233 4389 τὸ
1274 4337 1664 4407 ὲμπαιχθῆναι,
1707 4338 1803 4391 καὶ

1912 1860 2070 1923 liaut,
2098 1860 2186 1925 iis,
2221 1860 2313 1930 qui
2346 1861 2508 1931 digne
2534 1876 2723 1914 earmn
2758 1861 3059 1931 participes
3081 1861 3416 1916 eiliciuntur.

2494 1952 2583 2005 Cl.
2612 1983 2683 1992 —
2718 1952 2921 2007 Eidem.

1981 2045 2121 2112 Quid
2149 2048 2521 2115 obstupescis,
2556 2048 2598 2100 si
2643 2049 2892 2101 carnium
2926 2058 3278 2109 aaternarum,
3324 2043 3490 2099 nulli-

1910 2154 2015 2206 que
2040 2141 2380 2207 corruptioui
2408 2139 2772 2192 obnoxiarnm
2808 2138 3103 2207 participes
3123 2136 3259 2189 ﬁunt
3284 2133 3488 2188 Christi

1909 2230 2095 2284 dilecti
2146 2232 2318 2295 servi,
2354 2232 2445 2299 qui
2492 2232 2704 2299 seipstis
2740 2231 2938 2282 timore
2974 2227 3107 2294 Dei,
3144 2235 3198 2281 et
3252 2224 3377 2290 ﬁde,
3434 2234 3489 2277 et

1914 2326 2190 2392 pratclaris
2242 2322 2580 2376 facinoribus
2629 2322 2897 2390 purgant?
2941 2320 3052 2373 imo
3092 2318 3281 2371 divino
3322 2315 3488 2369 etiam

1910 2417 2036 2468 vino
2067 2414 2455 2481 abundabunt;
2496 2413 2959 2484 quemadmodum
2988 2411 3175 2481 justus
3206 2406 3320 2461 Noe
3348 2406 3494 2475 agri-

1909 2508 2029 2560 cola
2069 2507 2247 2562 factus
2292 2515 2397 2569 est,
2435 2516 2489 2561 et
2533 2507 2833 2573 plantatam
2860 2520 2887 2554 ιι
2913 2518 2970 2554 se
2996 2499 3205 2551 vineam
3244 2499 3492 2553 studiose

1907 2601 2295 2667 eleganterque
2321 2599 2491 2652 coluit
2510 2598 2574 2652 ’⁸.
2602 2594 2819 2651 Emeusi
2848 2593 3117 2664 siquidem
3149 2589 3492 2647 inﬁdelitatis

1911 2689 2149 2743 illuviem
2176 2688 2356 2741 vinum
2385 2689 2632 2743 sobrium
2657 2688 2935 2749 biberunt,
2955 2694 3009 2737 et
3040 2683 3298 2737 inebriati
3329 2687 3490 2742 sunt;

1912 2789 1971 2834 ut
1993 2778 2161 2832 David
2196 2779 2405 2848 inquit:
2432 2798 2450 2828 ι
2472 2778 2623 2832 Calix
2648 2775 2740 2831 Dei
2768 2776 3051 2829 inebrians
3079 2789 3162 2828 me
3180 2769 3492 2826 valentissi-

1908 2887 1996 2925 me
2019 2873 2091 2937 ul;
2119 2890 2137 2923 ι
2172 2879 2226 2929 et
2258 2871 2456 2925 madidi
2486 2870 2859 2923 denudatioue
2890 2866 3123 2936 quadam
3156 2862 3495 2919 verecundiae

1910 2966 2098 3019 nescia
2130 2963 2570 3018 denudantnr‘“.
2610 2961 2819 3016 Bonum
2865 2961 3069 3031 quippe
3098 2968 3184 3013 est
3220 2954 3490 3025 improbi—

1830 3089 1877 3151 Ο
1907 3065 2037 3121 tate,
2074 3071 2237 3127 atque
2272 3057 2637 3127 imprudentia
2667 3054 2958 3110 denudari.

2466 3147 2578 3202 CII.
2614 3178 2682 3187 -—
2722 3146 2931 3201 Eidem.

1986 3259 2004 3292 ι
2042 3238 2205 3301 Deus,
2237 3238 2378 3295 Deus
2407 3256 2585 3305 meus,
2622 3239 2839 3294 intende
2874 3239 3029 3302 mihi,
3065 3238 3268 3308 utquid
3297 3236 3493 3293 dereli-

1892 3332 2077 3401 'quisti
2099 3334 2236 3384 ine“
2253 3331 2306 3384 ‘3»
2329 3331 2439 3403 44.
2451 3348 2515 3385 ex
2540 3347 2770 3400 persona
2787 3330 2986 3385 Chriin
3011 3332 3220 3400 psalmo
3236 3330 3494 3385 vicesimo

1906 3421 2085 3490 primo
2101 3420 2324 3474 dicitur.
2341 3420 2447 3474 Sed
2465 3438 2571 3474 non
2594 3422 2711 3489 ipse
2728 3419 3025 3474 derelictus
3043 3430 3125 3475 est
3150 3422 3230 3473 vel
3256 3436 3285 3473 a
3307 3419 3492 3481 Patre,

1905 3513 2036 3567 vela
2054 3528 2150 3567 sua
2166 3512 2386 3573 deitate,
2407 3513 2684 3578 utAriani,
2703 3511 3135 3581 Eunomianique
3148 3512 3491 3576 existimant,

1906 3611 2164 3672 tanquam
2183 3603 2217 3656 ii
2236 3604 2327 3672 qui
2349 3604 2659 3672 passionem
2677 3612 2945 3670 metuunt,
2968 3602 3195 3673 ideoque
3208 3617 3327 3656 eam
3351 3619 3379 3655 a
3396 3618 3492 3672 pa-

1907 3697 2077 3750 tiente
2101 3697 2410 3750 retrahuut.
2434 3695 2570 3761 Quis
2588 3695 2730 3750 enim
2753 3696 3123 3760 Servatorem,
3143 3707 3231 3749 aut
3254 3696 3489 3766 primum

1906 3787 1959 3842 in
1981 3788 2188 3841 mundo
2204 3791 2381 3851 nasci,
2405 3796 2499 3840 aut
2522 3788 2573 3840 in
2600 3802 2820 3841 crucem
2843 3789 3143 3842 ascendere
3165 3787 3369 3855 coegit?
3386 3784 3492 3840 Ne-

1905 3897 2015 3952 que
2048 3881 2191 3935 enim
2228 3880 2458 3947 invitus,
2496 3878 2591 3934 sed
2620 3880 2809 3934 volens
2836 3896 2898 3933 ac
2929 3881 3105 3933 libens
3156 3879 3327 3932 multa
3361 3894 3489 3933 cum

1906 3974 2191 4028 alacritate
2223 3971 2278 4025 in
2313 3987 2531 4025 crucem
2590 3987 2917 4041 progressus
2974 3979 3105 4024 cst:
3161 3979 3287 4024 ante
3339 3970 3487 4025 enim

1908 4066 2113 4119 multos
2138 4065 2257 4119 dies
2289 4063 2577 4132 discipulis
2606 4064 2824 4115 dim-bat
2854 4080 2867 4115 :
2903 4079 2920 4111 ι
2971 4061 3112 4115 Ecce
3145 4062 3491 4115 ascendimus

1910 4156 2319 4226 Hierosolyma,
2365 4164 2417 4209 et
2471 4153 2642 4209 Filius
2683 4154 2924 4206 hominis
2973 4153 3220 4207 tradetur
3253 4152 3318 4205 ad
3353 4150 3488 4203 illu-

1906 4250 2166 4309 dendum,
2213 4258 2267 4302 et
2306 4246 2764 4316 cruciﬁgendum,
2800 4266 2817 4296 ι
2853 4257 2908 4299 et
2944 4261 3139 4299 czetera
3168 4246 3237 4299 “.
3282 4244 3386 4297 Sed
3433 4243 3488 4298 in

1907 4340 2090 4407 seipso
2123 4354 2234 4399 rem
2272 4346 2518 4391 uestram
2555 4336 2821 4405 conﬁngit
2867 4350 2880 4387 :
2928 4352 3162 4404 namque
3211 4336 3375 4389 homo
3417 4333 3491 4387 fa-

229 4424 625 4495 σταυρωθῆναι,
668 4445 685 4476 ι
730 4426 920 4479 καὶτὰ
972 4427 1118 4495 ἑξῆς.
1161 4427 1299 4479 Ἀλλ’
1332 4429 1389 4480 ἐν
1437 4427 1614 4497 ἑαυτῷ
1642 4430 1802 4482 τυποῖ

1914 4443 2065 4495 etus,
2119 4429 2296 4484 modis
2350 4430 2607 4482 omnilms
2655 4444 2966 4482 sermonem
3020 4443 3119 4499 pro
3173 4427 3489 4482 hominibus

227 4515 284 4567 τὸ
306 4518 592 4587 ἡμέτερον·
624 4518 908 4589 ἄνθρωπος
934 4519 1042 4587 γὰρ
1084 4521 1397 4589 γενόμενος,
1433 4522 1650 4581 πάντως
1679 4524 1808 4587 τοὺς

229 4605 408 4673 λόγους
452 4609 593 4680 ὑπὲρ
628 4610 933 4679 ἀνθρώπων
966 4615 1222 4665 ποιεῖται⁶
1256 4612 1372 4665 ἀλλ’
1401 4613 1686 4683 ἅνθρωπος
1716 4631 1806 4680 γε·

232 4699 413 4765 γονὼς,
446 4702 550 4754 οὐκ
595 4701 933 4773 ὴλλοτριὼθη
977 4704 1071 4757 τοῦ
1100 4706 1369 4775 ὑπάρχειν
1404 4704 1535 4768 Θεὸς
1567 4707 1659 4758 καὶ
1692 4705 1806 4759 Κύ-

233 4808 341 4863 ριος
366 4792 473 4846 τῶν
496 4793 656 4848 ὅλων.
682 4795 1020 4863 Σημειωτέον
1053 4798 1161 4866 γὰρ
1196 4798 1388 4850 ταῦτα.
1431 4798 1648 4868 Ἐπειδὴ
1675 4794 1796 4859 οὖν,

237 4882 405 4948 καθὼς
445 4888 474 4938 6
502 4885 825 4950 Ἀπόστολος
871 4886 1037 4953 λέγει,
1076 4890 1290 4959 μορφὴν
1323 4888 1508 4941 δούλου
1544 4890 1804 4960 ὲφὸρεσεν

234 4974 260 5024 6
290 4976 486 5046 Κύριος
511 4979 618 5030 τῶν
649 4978 807 5039 ὅλων.
841 4980 897 5031 ὲν
925 4980 1102 5050 ἑαυτῴ
1131 4984 1293 5032 τυποῖ
1326 4980 1386 5033 τὸ
1411 4982 1701 5051 ἡμέτερον,
1729 4980 1804 5045 ὡς

238 5065 497 5134 δικολόγος
533 5070 698 5139 μηδὲν
718 5071 1146 5140 διηρπαγμένος,
1174 5072 1372 5141 μᾶλλον
1392 5072 1448 5124 δὲ
1476 5073 1800 5143 συνήγορος,

248 5158 410 5226 λέγων
441 5162 582 5232 ὑπὲρ
613 5162 708 5214 τοῦ
742 5162 1168 5233 τυραννηθέντος
1189 5163 1325 5233 πρὸς
1348 5164 1438 5216 τὸν
1465 5164 1806 5234 καθηγούμε-

1906 4523 2088 4589 habet,
2115 4532 2169 4577 et
2205 4525 2368 4574 homo
2402 4521 2578 4575 factus
2615 4536 2721 4572 non
2754 4520 2940 4574 amisit
2980 4530 3043 4574 ut
3098 4519 3242 4574 Deus
3287 4520 3380 4582 sit,
3434 4528 3489 4572 et

1904 4615 2147 4677 omnium
2196 4612 2483 4666 Dominus.
2517 4611 2651 4676 Quae
2702 4611 3016 4665 adnotanda
3061 4619 3211 4665 sunt.
3256 4609 3489 4675 Quando

1903 4706 2089 4776 igitur,
2147 4714 2204 4757 ut
2254 4705 2548 4773 Apostolus
2582 4705 2659 4755 ait
2690 4704 2757 4767 ’³,
2815 4702 3046 4756 formam
3108 4701 3254 4755 servi
3308 4700 3490 4753 induit

1902 4799 2145 4853 omnium
2184 4797 2477 4857 Dominus,
2534 4796 2586 4849 in
2633 4797 2817 4864 Seipso
2865 4810 2977 4849 rem
3028 4803 3276 4848 nostram
3326 4792 3489 4847 effor-

1904 4900 2032 4956 niat_
2089 4901 2349 4959 tauquam
2409 4901 2595 4944 orator
2654 4891 2805 4943 nullo
2854 4888 3019 4942 modo
3057 4888 3352 4948 seductus.
3390 4882 3487 4939 sed

1904 4995 2191 5052 patronus,
2230 4995 2284 5037 et
2318 4985 2641 5044 advocatus,
2670 4996 2895 5034 comam
2928 4980 3118 5034 dicens
3157 4993 3255 5047 pro
3297 4986 3486 5047 tyran-

1903 5078 2030 5131 uide
2076 5074 2473 5145 Oppresso,ad
2529 5076 2825 5143 pl'OVitlcizB
2872 5072 3187 5141 praefectum
3230 5089 3243 5123 :
3288 5068 3485 5122 Alllicti

1902 5182 2118 5226 sumus,
2148 5165 2396 5233 depressi
2432 5182 2647 5228 sumus,
2674 5164 2870 5232 direpti
2913 5178 3130 5224 smnus,
3174 5160 3487 5227 justissime

242 5266 321 5301 νον
363 5252 456 5321 τῆς
497 5255 796 5323 ἐπαρχίας·
863 5255 1233 5324 Ἱέθλίμμεθα,
1267 5258 1799 5326 κατα-πεπονήμεθα,

1914 5260 2171 5321 iudicum.
2208 5257 2309 5311 Pro
2358 5257 2517 5310 nobis
2561 5258 2743 5324 itaque
2786 5255 3042 5308 Christus
3069 5254 3146 5306 ait.
3186 5270 3199 5306 :
3252 5269 3270 5302 ι
3315 5251 3481 5309 Deus,

241 5339 662 5414 ὁιηρπὰχθημεν,
692 5346 992 5399 δικαιότατε
1015 5347 1121 5400 τῶν
1138 5348 1428 5402 δικαστῶν.
1448 5348 1617 5419 ’Υπὲρ
1646 5350 1805 5419 ἡμῶν

245 5432 405 5485 τοίνυν
440 5437 469 5488 6
513 5437 747 5506 Χριστός
793 5455 958 5506 φησιν
987 5454 1000 5466 ·
1049 5457 1068 5489 ι
1121 5439 1178 5490 '0
1226 5438 1380 5502 Θεὸς,
1420 5441 1448 5492 ὁ
1479 5440 1612 5503 Θεός
1678 5459 1803 5511 μου,

248 5524 463 5591 πρόσχες
490 5543 602 5594 μοι.
644 5548 661 5578 ι
710 5527 845 5589 Θεὸς
877 5528 975 5596 μὲν
1006 5527 1113 5579 τῶν
1144 5528 1281 5581 ὅλων
1315 5532 1344 5582 ὁ
1379 5531 1571 5597 Πατὴρ
1602 5534 1699 5587 σὺν
1726 5532 1802 5602 τῷ

315 5658 349 5685 ¹⁸
381 5658 539 5714 ΙΙρὶιΓ.
573 5680 647 5718 ιι.
689 5663 776 5716 Η.
879 5665 920 5693 ¹⁷
956 5664 1114 5720 Num.
1166 5682 1243 5729 ιι,
1280 5665 1364 5726 18,

254 5737 351 5790 ιιι,
386 5734 427 5784 1.
502 5734 545 5761 ’³
569 5732 760 5788 Matth.
787 5750 878 5802 xx,
912 5736 998 5793 18.
1078 5736 1123 5769 ⁸³
1150 5734 1384 5807 Philipp.
1414 5751 1473 5804 li,
1509 5738 1557 5792 7.

1447 5662 1657 5740 "Gen.
1718 5684 1793 5733 Ix,
1841 5669 1912 5724 20
1961 5685 2113 5740 seqq.

1906 5346 2047 5402 Deus
2081 5362 2257 5411 meus,
2292 5347 2514 5401 intende
2548 5348 2738 5399 mihi.)
2783 5344 2923 5400 Deus
2948 5342 3201 5412 equidem
3238 5340 3483 5395 omnium

1905 5437 2066 5493 Pater
2104 5455 2229 5492 cum
2279 5437 2422 5490 Filio
2456 5438 2509 5490 in
2541 5437 2825 5492 ert-alioue
2859 5437 3145 5501 omnium;
3180 5434 3322 5488 Deus
3356 5446 3487 5486 vero

1910 5532 2031 5586 Filii
2064 5531 2223 5587 Pater
2262 5531 2468 5585 dicitur
2498 5533 2802 5585 secundum
2854 5528 3252 5583 incarnationis
3280 5534 3484 5582 mvste-

2195 5668 2236 5701 ¹⁹
2262 5667 2407 5725 Psal.
2438 5683 2566 5736 xm,
2598 5667 2650 5722 7.
2744 5669 2788 5700 ²⁰
2818 5667 2952 5725 ch.
2994 5683 3067 5723 Ix.
3100 5667 3191 5722 2|.
3268 5664 3481 5722 “Psal.
