3822 6216
336 303 436 369 127

1802 313 1862 373 S.
1905 314 2067 374 NILI

3507 298 3605 362 128

337 423 503 473 rium.
536 419 594 472 In
626 434 684 474 se
712 415 833 489 i‘ps-o
858 420 1062 489 itaque.
1086 429 1145 476 ut
1174 437 1341 492 supra
1364 423 1500 486 dixi,
1524 441 1636 479 rem
1668 436 1912 479 nostram
1946 480 1947 483 η

2077 426 2136 498 ἱῷ
2182 428 2240 481 ὲν
2281 426 2357 496 τῷ
2401 427 2585 479 κτίσαι
2644 423 2715 477 τὰ
2756 424 2935 478 πάντα
2962 465 2977 487 ,
3005 421 3140 485 Θεὸς
3197 419 3253 473 δὲ
3293 415 3392 472 τοῦ
3424 416 3559 470 Υίοῦ
3583 418 3609 469 ὁ

333 510 591 565 Christus
629 511 857 579 ellingit.
898 512 1146 583 Namque
1174 531 1276 569 nos
1305 518 1541 585 primum
1572 534 1794 571 eramus
1825 519 1918 570 de-

2024 518 2213 588 Πατὴρ
2245 517 2486 585 λέγεται,
2518 516 2661 570 κατὰ
2685 516 2784 586 τὴν
2822 515 3088 585 ἐνσαρκον
3115 511 3451 580 οἰκονομίαν.
3472 509 3607 561 Ὠσ-

333 603 537 668 relicti,
573 619 719 656 nunc
750 605 961 673 accepti
994 616 1048 659 et
1074 606 1273 660 servati
1308 607 1445 660 nulli
1477 609 1722 677 passioni
1747 610 1947 667 obuu-v

2077 627 2131 681 ιρ
2174 610 2356 662 τοίνυν
2395 608 2723 679 προείρηκα,
2757 610 2814 659 ὲν
2849 604 3029 675 ἑαυτῷ
3075 608 3105 658 ὁ
3155 603 3394 673 Χριστὸς
3446 603 3609 653 τυποί

338 694 630 750 xiiChristi
662 698 937 764 passione.
964 697 1437 762 Quemadmodum
1460 708 1514 753 et
1549 701 1918 767 insipientiam

337 792 605 846 nostram,
628 796 681 841 et
710 789 897 856 lapsus
919 788 1023 843 sibi
1053 790 1355 855 asciscens,
1388 791 1500 845 haec
1521 807 1614 860 per
1649 793 1919 860 psalmum

337 877 634 929 enuntiat:
672 877 1022 932 manifesmm
1060 882 1208 933 enim
1250 891 1335 935 est
1411 884 1683 951 psalmum
1728 882 1923 937 vicesi-

341 982 489 1020 mum
532 967 639 1037 45
673 969 908 1037 primum
950 970 1015 1023 ad
1052 970 1336 1027 Christum
1387 971 1606 1025 referri.
1661 971 1922 1041 Ejusdem

336 1059 738 1127 speculationis
766 1070 871 1125 est,
914 1061 1191 1127 eumdem,
1224 1080 1290 1118 ex
1326 1064 1531 1132 quibus
1570 1080 1764 1134 passus
1816 1073 1922 1129 est,

337 1151 707 1208 obedientiam
740 1154 1025 1218 didicisse,
1071 1166 1129 1211 ut
1166 1156 1243 1209 ait
1275 1157 1574 1226 Apostolus
1600 1159 1684 1223 ¹⁴;
1717 1160 1927 1211 clamor

338 1243 528 1308 etiam,
559 1256 612 1299 et
643 1246 921 1316 Iacrymaz,
946 1257 1000 1301 et
1032 1263 1245 1316 preces,
1267 1259 1317 1301 et
1350 1249 1661 1310 exauditio,
1686 1259 1738 1303 et
1770 1265 1925 1303 reve-

341 1340 538 1405 rentia,
572 1355 694 1409 qua:
723 1340 872 1394 velut
904 1340 1098 1394 alienae
1149 1338 1346 1393 fahulze
1399 1350 1555 1393 actor
1588 1342 1763 1394 aliena
1806 1358 1927 1411 per-

343 1444 481 1483 sona
523 1440 740 1499 sumpta
780 1430 970 1494 refert,
1007 1440 1063 1484 et
1108 1447 1205 1501 pro
1236 1418 1397 1486 nobis
1430 1433 1567 1487 mire
1610 1433 1825 1488 intexit.
1862 1434 1931 1488 Ut

342 1524 489 1574 enim
521 1524 752 1576 verbum
784 1539 960 1592 neque
994 1524 1415 1592 sulijiciebatur,
1452 1541 1628 1594 neque
1676 1542 1783 1578 non
1833 1542 1931 1579 au-

344 1610 640 1665 diebatur:
676 1613 789 1667 haec
812 1614 955 1667 enim
983 1616 1205 1683 propria
1237 1623 1367 1669 sunt
1396 1631 1608 1679 eorum,
1635 1617 1728 1685 qui
1752 1617 1932 1670 alieno
1993 1610 1999 1617 ’

346 1702 593 1757 dominio
643 1713 991 1773 premuntur,
1043 1716 1098 1759 et
1146 1708 1418 1763 secundas
1459 1721 1643 1778 partes
1696 1709 1929 1774 habent;

348 1794 483 1848 illud
504 1795 723 1864 quidem
766 1798 1004 1852 sanioris
1035 1799 1317 1853 hominum
1374 1802 1608 1860 mentis.
1659 1801 1761 1854 hoc
1802 1818 1932 1855 vero

347 1900 564 1948 eorum,
596 1888 689 1956 qui
718 1888 869 1958 digni
913 1891 1198 1959 punitione.
1232 1901 1381 1947 sunt.
1434 1892 1608 1946 Porro
1656 1905 1709 1945 ut
1759 1893 1934 1948 forma

350 1979 494 2033 servi
529 1979 772 2047 seipsum
806 1997 911 2034 una
935 1998 1060 2035 cum
1086 1985 1369 2038 conservis
1390 1993 1444 2039 et
1471 1987 1649 2040 servis
1669 1987 1933 2053 demittit,

350 2076 406 2121 et
440 2068 584 2138 quod
615 2069 849 2122 aliorum
889 2078 995 2133 est,
1042 2070 1095 2123 iu
1143 2087 1202 2125 se
1235 2070 1509 2133 ell'ormat,
1547 2084 1717 2127 totum
1756 2090 1841 2129 me
1880 2076 1935 2128 in

352 2159 534 2226 seipse
568 2158 748 2214 ferens
780 2176 905 2214 cum
948 2163 1106 2226 meis,
1148 2172 1205 2215 ut
1238 2165 1290 2217 in
1336 2165 1519 2234 seipse
1572 2167 1715 2219 sicut
1755 2182 1936 2220 ceram

356 2247 543 2317 ignis,
596 2257 687 2300 aut
736 2256 895 2303 terra:
947 2266 1205 2319 vaporem
1261 2254 1362 2316 sol,
1408 2254 1553 2321 quod
1621 2255 1777 2324 pejus
1830 2267 1936 2316 est,

356 2339 632 2406 absumat,
670 2341 893 2410 ipseque
921 2358 1136 2406 eorum,
1157 2360 1279 2412 quae
1310 2345 1457 2398 illius
1482 2357 1629 2410 sunt,
1666 2348 1940 2415 partirt'ps

358 2439 582 2499 propter
611 2433 1053 2487 commistionem
1097 2435 1244 2489 llam.
1291 2434 1584 2506 Propterea
1615 2454 1780 2505 opere
1821 2437 1942 2505 ipso

356 2524 728 2579 obedientiam
756 2525 1031 2592 honestat,
1059 2526 1317 2596 illiusque
1348 2528 1603 2595 passione
1628 2528 1747 2598 ipsa
1778 2543 1944 2595 expe-

359 2616 651 2670 rimentum
690 2618 857 2687 capit.
891 2616 1077 2688 Neque
1117 2620 1262 2673 enim
1295 2621 1431 2675 satis
1463 2629 1547 2674 est
1575 2619 1941 2689 propositum.

358 2706 821 2777 quemadmodum
849 2724 1026 2777 neque
1059 2710 1243 2771 nobis,
1276 2711 1381 2765 nisi
1411 2727 1507 2781 per
1532 2726 1696 2780 opera
1720 2710 1945 2779 gradia-

362 2812 506 2852 ntur.
536 2796 687 2868 Opus
716 2799 861 2851 enim
903 2808 986 2853 est
1020 2801 1287 2870 propositi
1318 2805 1796 2855 commo;.strati0.

644 2889 779 2945 Clll.
818 2919 877 2930 —-
904 2890 1162 2946 EUTHIO
1199 2892 1660 2948 PROVINCIALI.

434 2980 539 3046 Qui
573 2989 627 3036 te
666 2997 873 3037 maeror
910 2983 1147 3051 invasit;
1190 2986 1451 3051 gaudium
1494 2987 1686 3055 ingens
1717 2984 1813 3038 tibi
1850 2984 1948 3040 de-

2022 702 2083 755 τὺ
2116 701 2403 770 ἡμέτερον.
2421 700 2609 767 Ἡμεῖς
2629 700 2737 767 γάρ
2768 701 2935 768 ἐσμεν
2965 698 3015 750 οἱ
3042 692 3611 764 ἐγκαταλελειμμένοι

2026 792 2241 865 πρώην,
2282 792 2378 845 νῦν
2412 792 2470 845 δὲ
2492 791 2975 861 προσειλημμένοι,
3008 790 3105 841 καὶ
3135 784 3470 854 σεσωσμένοι
3500 784 3612 845 τοῖς

2025 886 2121 941 τοῦ
2144 885 2391 950 ἀπαθοῦς
2419 885 2657 957 Χριστοῦ
2690 884 2942 937 πάθεσιν.
2975 882 3189 951 Ὠσπερ
3209 879 3306 933 καὶ
3324 877 3424 948 τὴν
3440 878 3613 944 ἀφρο-

2031 981 2196 1051 σύνην
2229 979 2405 1049 ἡμῶν,
2447 978 2543 1030 καὶ
2584 976 2643 1030 τὸ
2673 974 2995 1045 πλημμελὲς
3047 972 3420 1039 οἰκειούμενος
3438 967 3615 1021 ταῦτα

2026 1073 2115 1126 διὰ
2148 1072 2243 1126 τοῦ
2265 1071 2481 1141 ψαλμοῦ
2515 1086 2647 1140 φησι
2675 1085 2688 1099 ·
2726 1068 2915 1137 ἐπειδὴ
2952 1065 3219 1137 πρόδηλος
3250 1065 3327 1125 εἰς
3365 1061 3611 1131 Χριστὸν

2028 1165 2057 1216 ὁ
2094 1160 2339 1225 εἰκοστὸς
2388 1160 2605 1232 πρῶτος
2652 1157 2866 1228 ψαλμὸς
2899 1155 3252 1227 ἀναφέρεται.
3286 1151 3400 1221 Τῆς
3424 1151 3483 1205 δὲ
3517 1151 3615 1204 αύ-

2029 1253 2128 1323 τῆς
2169 1252 2353 1321 ἔχεται
2392 1251 2624 1321 θεωρίας
2653 1249 2748 1303 καὶ
2786 1248 2847 1301 τὸ
2893 1247 3086 1317 μαθεῖν
3138 1245 3303 1298 αὐτὸν
3351 1243 3453 1313 τὴν
3510 1243 3617 1295 ὐπ-

2040 1345 2212 1416 ακοὴν
2268 1343 2327 1409 ἐξ
2366 1336 2441 1397 ὧν
2479 1342 2705 1403 ἔπαθεν,
2758 1339 2948 1409 ὥσπερ
2990 1339 3158 1407 φησὶν
3201 1336 3232 1388 ὁ
3270 1333 3618 1397 Ἀπὸστολος,

2030 1440 2065 1507 ἥ
2111 1456 2171 1491 τε
2214 1435 2456 1508 κραυγὴ,
2505 1437 2600 1489 καὶ
2629 1435 2698 1489 τὰ
2748 1433 2985 1502 δάκρυα,
3042 1432 3134 1484 καὶ
3188 1428 3251 1482 τὸ
3312 1426 3617 1489 ἱκετεῦσαι,

2034 1532 2130 1585 καὶ
2154 1529 2217 1585 τδ
2249 1528 2695 1598 είσακουσθῆναι,
2740 1526 2836 1579 καὶ
2884 1524 2947 1577 τὸ
3015 1522 3261 1585 εὐλαϐὲς,
3319 1519 3620 1590 άπερδρα·

2036 1626 2436 1696 ματουργείται
2462 1663 2477 1687 ,
2546 1622 2641 1677 καὶ
2733 1620 2993 1673 πλέκεται
3087 1614 3407 1685 θαυμασίως
3477 1613 3624 1682 ὑπὲρ

2036 1718 2215 1789 ἡμῶν.
2251 1718 2342 1781 Ὠς
2387 1716 2484 1787 μὲν
2536 1713 2644 1785 γὰρ
2676 1713 2855 1781 λόγος,
2905 1709 3030 1764 οὒτε
3081 1710 3321 1777 ὑπήκοος
3364 1702 3459 1777 ἦν,
3493 1704 3623 1759 οὔτε

2037 1810 2270 1881 ἀνήκοος
2294 1824 2309 1839 ο
2360 1808 2469 1861 τῶν
2497 1807 2606 1877 γὰρ
2651 1808 2757 1861 ὑπὸ
2781 1810 2937 1878 χεῖρα
2963 1804 3137 1858 ταῦτα
3166 1803 3260 1856 καὶ
3298 1801 3405 1854 τῶν
3433 1799 3623 1854 δευτέ-

2038 1918 2167 1974 ρων,
2207 1900 2267 1953 τὸ
2298 1899 2396 1970 μὲν
2424 1899 2533 1953 τῶν
2566 1898 3109 1970 εύγνωμονεστέρων,
3139 1895 3200 1948 τὸ
3227 1893 3286 1947 δὲ
3314 1892 3423 1946 τῶν
3452 1890 3625 1956 ἀξίων

2038 1992 2332 2056 κολάσεως.
2388 1991 2479 2055 Ὠς
2505 1992 2562 2046 δὲ
2599 1991 2787 2045 δούλου
2827 1990 3030 2062 μορφὴ,
3061 1985 3488 2057 συγκαταβαίνει
3510 1986 3626 2047 τοῖς

2036 2084 2367 2156 ὁμοδούλοις,
2398 2085 2492 2138 καὶ
2522 2083 2749 2147 δούλοις,
2790 2082 2882 2136 καὶ
2911 2080 3213 2152 μορφοῦται
3234 2078 3296 2131 τδ
3315 2076 3624 2145 ἀλλότριον,

2040 2178 2159 2232 ὅλον
2217 2178 2276 2230 ὲν
2310 2176 2489 2246 ἑαυτῷ
2535 2176 2637 2247 ἐμὲ
2685 2174 2870 2243 φέρων
2906 2172 3045 2243 μετὰ
3072 2170 3181 2224 τῶν
3223 2168 3396 2239 ἐμῶν.
3444 2168 3531 2219 ἵνα
3568 2169 3626 2220 itv

2042 2265 2222 2336 ἑαυτῷ
2265 2265 2554 2335 δαπανήσῃ
2586 2264 2648 2317 τὸ
2669 2265 2872 2333 χεῖρον,
2907 2261 2984 2325 ὡς
3013 2260 3182 2330 κηρὸν
3211 2257 3344 2328 πῦρ,
3371 2256 3405 2326 ἢ
3435 2256 3511 2317 ὡς
3538 2257 3628 2309 ἀτ·

2045 2358 2171 2425 μίδα
2208 2357 2310 2426 γῆς
2334 2357 2507 2427 ἥλιος,
2529 2353 2685 2423 κάγὼ
2716 2352 3007 2424 μεταλάὸω
3026 2352 3138 2405 τῶν
3167 2350 3383 2404 ἐκείνου
3415 2349 3503 2403 διὰ
3527 2352 3629 2417 τὴν

2044 2451 2369 2520 σύγκρασιν.
2418 2447 2517 2501 Διὰ
2574 2446 2733 2499 τοῦτο
2780 2444 2930 2517 ἔργῳ
2984 2445 3123 2515 τιμᾷ
3194 2443 3295 2512 τὴν
3346 2442 3625 2508 ὑπακοὴν,

2044 2544 2138 2597 καὶ
2166 2542 2427 2611 πειρᾶται
2457 2539 2664 2607 ταύτης
2693 2540 2760 2592 ὲκ
2790 2538 2885 2592 τοῦ
2904 2537 3117 2591 παθεῖν.
3154 2538 3230 2589 υὺ
3246 2537 3357 2604 γάρ
3385 2534 3574 2587 ἰκανὸν
3597 2536 3629 2603 η

2041 2636 2303 2698 διάθεσις,
2345 2634 2535 2704 ὥσπερ
2576 2631 2698 2685 οὐδὲ
2728 2633 2880 2700 ἡμῖν,
2907 2631 2956 2682 εί
2994 2630 3068 2700 μὴ
3111 2629 3198 2681 διὰ
3225 2628 3332 2680 τῶν
3365 2628 3633 2696 πραγμά-

2043 2726 2154 2780 τῶν
2202 2725 2563 2798 χωρήσωμεν.
2601 2722 2803 2791 Ἔργον
2842 2720 2953 2791 γὰρ
2997 2717 3274 2783 ἀπόδειξις
3312 2716 3633 2779 διαθέσεως.

2400 2896 2520 2949 Pl".
2554 2923 2624 2934 ——
2647 2894 2851 2966 ΕΥΘΙῼ
2898 2892 3272 2963 ΕΠΑΡΧιΚῼ.

2129 2990 2195 3043 Ἦ
2222 2987 2478 3058 συμϐάσά
2523 3004 2609 3039 σοι
2646 2986 2793 3055 λύπη
2828 2986 3004 3057 χαράν
3050 2986 3293 3056 μεγάλην
3339 2984 3639 3053 μνηστεύεο

364 3083 619 3141 ερυιιεειε,
651 3074 760 3127 imo
788 3084 840 3130 et
867 3076 1066 3130 erratis
1098 3076 1206 3130 tuis
1244 3075 1618 3131 abundantem
1660 3076 1946 3132 remissio-

2077 3099 2161 3143 ται,
2204 3079 2336 3134 ἀλλὰ
2362 3079 2457 3131 καὶ
2495 3079 2689 3147 ἄφεσιν
2721 3079 2911 3148 ἱκανὴν
2952 3076 3203 3148 προξενεί
3242 3074 3353 3127 τῶν
3392 3074 3640 3128 διεπται-

368 3182 491 3221 nem
522 3168 806 3221 conciliat.

684 3258 821 3315 CIV.
856 3290 922 3300 ——-
951 3256 1276 3313 CAPITONI
1327 3258 1645 3319 DIACONO.

442 3351 584 3407 Dicit
616 3351 887 3407 Jerentias
923 3353 1186 3422 propheta
1214 3368 1279 3407 ex
1317 3369 1553 3422 persona
1597 3354 1691 3409 Dei
1734 3353 1953 3411 delictis

372 3446 576 3499 sauciae
610 3454 662 3499 et
716 3446 868 3515 lepra
918 3445 1110 3499 obsitze
1157 3446 1355 3499 animae
1403 3465 1416 3500 :
1478 3464 1497 3498 ι
1540 3447 1685 3502 Ecce
1728 3463 1830 3518 ego
1873 3448 1953 3502 iIli

373 3537 663 3592 cicatrices
698 3538 937 3603 obduco,
964 3547 1307 3609 apportoque
1346 3538 1671 3605 remedium,
1702 3548 1757 3594 et
1779 3540 1955 3595 medi-

376 3629 514 3684 cabo
545 3646 688 3691 eam,
727 3638 781 3684 et
814 3631 1179 3687 inanil'estabo
1215 3631 1347 3701 ipsis
1390 3646 1606 3701 pacem,
1643 3631 1755 3704 46
1788 3640 1842 3686 et
1892 3632 1956 3686 ll-

378 3719 525 3786 dem,
553 3729 607 3774 et
638 3737 744 3775 non
777 3724 1115 3778 recordabor
1146 3723 1385 3792 amplius
1422 3731 1798 3793 peccatorum,
1837 3738 1959 3794 qua:

380 3824 747 3884 peccaverunt
786 3815 917 3868 mihi
947 3816 1015 3871 ".
1057 3836 1075 3867 ι
1124 3817 1260 3869 Illud
1295 3825 1505 3879 autem,
1554 3818 1830 3871 cicatrices
1865 3816 1960 3870 ob-

379 3906 594 3972 ducam,
646 3908 782 3962 satis
836 3909 1224 3977 percommode
1264 3908 1634 3978 applicabitur
1680 3910 1867 3979 leprze,
1903 3911 1959 3964 in

382 3997 625 4054 Levitico
652 3999 941 4069 descripta:
970 4001 1035 4052 '°.
1066 4000 1280 4065 Quibus
1306 4014 1438 4054 vero
1487 3999 1628 4057 Deus
1669 4001 1962 4057 cicatrices

384 4089 628 4155 obducit,
676 4099 731 4145 et
777 4091 985 4160 quibus
1016 4092 1298 4155 medetur,
1345 4091 1415 4146 iis
1467 4100 1521 4145 et
1566 4092 1960 4161 cogitationum

384 4195 599 4250 pacem,
636 4189 692 4235 et
730 4181 890 4237 ﬁdem
945 4182 1081 4237 nulli
1134 4182 1468 4237 hmsitationi
1521 4183 1835 4248 obnoxiam,
1868 4181 1961 4238 sed

386 4272 624 4337 ﬁrmam,
653 4288 718 4329 ac
748 4274 998 4329 stabilem
1036 4272 1374 4328 manilestat.
1408 4274 1620 4340 Quibus
1661 4276 1844 4344 itaque
1880 4275 1962 4329 ci-

385 4365 622 4419 catrices
654 4364 905 4421 obductae
942 4374 1091 4429 sunt,
1123 4366 1183 4430 ii,
1219 4374 1276 4419 ut
1308 4368 1657 4421 manifestum
1702 4375 1809 4431 est,
1840 4382 1965 4437 per-

2054 3174 2267 3245 σμένων
2296 3189 2397 3225 σοι.

2362 3261 2476 3316 PA'.
2506 3291 2576 3301 —
2610 3261 2945 3314 ΚΑΠΠὩΝΙ
2988 3259 3313 3329 ΔΙΑΚΟΝῼ.

2123 3358 2289 3429 Φησὶν
2322 3357 2591 3427 Ἱερεμίας
2616 3357 2644 3409 ὁ
2671 3356 2958 3426 προφήτης
2976 3356 3039 3406 ὲκ
3068 3350 3365 3423 προσώπου
3392 3351 3487 3404 τοῦ
3503 3349 3644 3402 θεοῦ

2055 3449 2191 3521 πρὸς
2219 3449 2319 3520 τὴν
2362 3450 2485 3512 ταῖς
2544 3446 2842 3517 ἁμαρτίαις
2876 3444 3368 3516 τραυματωθεῖσαν
3422 3444 3520 3496 καὶ
3557 3444 3648 3496 λε-

2056 3543 2370 3615 πρωθεῖσαν
2414 3541 2631 3612 ψυχήν·
2669 3557 2688 3590 ι
2730 3539 2861 3591 Ἰδοὺ
2903 3536 3016 3605 ἐγὼ
3072 3536 3260 3605 ἁνάγω
3313 3534 3649 3588 συνούλωσιν

2057 3638 2219 3707 αὐτῇ,
2248 3634 2343 3689 καὶ
2370 3634 2530 3703 ίαμα,
2556 3632 2651 3686 καὶ
2682 3630 2955 3701 ἱατρεύσω
2980 3630 3172 3697 αὐτὴν,
3216 3628 3311 3681 καὶ
3341 3626 3649 3698 φανερώσω

2058 3729 2241 3790 αὐτοῖς
2266 3728 2510 3797 είρήνην,
2548 3723 2643 3777 καὶ
2682 3724 2884 3787 πίστιν,
2922 3723 3017 3775 καί
3052 3723 3115 3774 οὐ
3162 3721 3236 3792 μὴ
3275 3718 3500 3790 μνησθῶ
3539 3719 3651 3772 τῶν

2059 3818 2365 3890 ἁμαρτιῶν,
2394 3810 2469 3872 ὧν
2488 3815 2737 3887 ἤμαρτόν
2776 3831 2886 3884 μοι.
2924 3832 2942 3863 ι
2981 3812 3075 3878 Τὸ,
3120 3811 3250 3865 ιδοὺ
3290 3810 3410 3864 νῦν
3446 3809 3654 3879 ἀγάγω

2061 3911 2470 3974 σ-υνούλωσιν,
2510 3908 2783 3980 χρήσιμόν
2818 3908 2936 3959 ἐστι
2967 3904 3392 3976 παραληφθῆναι
3430 3905 3513 3966 είς
3550 3904 3651 3972 τὴν

2062 4003 2274 4073 λέπραν
2291 4003 2350 4054 ἐν
2362 4000 2439 4072 τῷ
2452 3998 2724 4068 Δευῖτικῷ
2740 4014 2914 4068 γεγρα
2922 3998 3153 4068 μμένην.
3170 3991 3265 4059 Οἷς
3284 3994 3524 4057 δὲὸΘεδς
3548 3995 3651 4065 τὴν

2066 4094 2393 4147 συνούλωσιν
2421 4092 2634 4160 ἀνάγει,
2670 4091 2765 4144 καὶ
2796 4090 2891 4153 οὓς
2919 4088 3177 4159 ίατρεύει,
3200 4086 3411 4149 τούτοις
3438 4088 3533 4139 καὶ
3552 4086 3655 4155 τὴν

2065 4187 2288 4257 εἰρήνην
2319 4184 2421 4254 τῆς
2447 4183 2707 4247 διανοίας,
2756 4182 2853 4236 καὶ
2873 4180 2971 4252 τὴν
3000 4179 3184 4233 πίστιν
3206 4180 3306 4250 τὴν
3332 4178 3658 4232 ἀδίστακτον

2065 4276 2163 4329 καὶ
2213 4274 2535 4346 στερεμνίαν
2584 4275 2826 4344 φανεροῖ.
2873 4274 2936 4324 Oi.
2985 4270 3167 4323 τοίνυν
3200 4268 3655 4331 συνουλωθέντες,

2065 4369 2222 4437 δῆλον
2247 4369 2328 4421 ὅτι
2357 4368 2419 4420 τὸ
2454 4367 2635 4421 τέλεον
2658 4364 3022 4435 καθαρθέντες
3052 4363 3151 4434 τὴν
3169 4361 3366 4432 ψυχὴν,
3400 4361 3464 4413 τὺ
3497 4360 3659 4431 χάρι-

390 4456 532 4511 lecte
582 4457 765 4511 anima
812 4459 1063 4529 purgati,
1109 4459 1313 4513 donum
1370 4460 1835 4528 impassibilitatis
1882 4475 1947 4514 re

2077 4476 2187 4529 σμα
2213 4461 2310 4528 τῆς
2340 4456 2613 4520 ἀπαθείας
2641 4454 2979 4525 κομίζονται.

391 4551 635 4616 portant.

953 4637 1064 4694 CV.
1093 4670 1164 4679 —
1191 4638 1395 4693 Eidem.

462 4723 634 4780 Etiam
669 4742 763 4796 per
797 4728 928 4789 vim,
962 4736 1143 4784 mente
1178 4730 1277 4783 tibi
1315 4728 1580 4800 diligendi
1612 4741 1762 4794 sunt,
1793 4727 1887 4797 qui
1921 4727 1977 4783 in

394 4818 694 4874 invidentia
730 4822 1035 4883 hominum,
1071 4832 1126 4875 et
1165 4822 1293 4875 odio
1334 4830 1488 4877 sunt.

948 4929 1079 4985 CVI.
1118 4962 1183 4971 —
1219 4929 1427 4985 Eidem.

468 5041 766 5097 Invidentia
799 5053 1118 5110 serpentum
1152 5043 1348 5106 instar,
1378 5050 1432 5094 et
1462 5042 1848 5107 amaritudine,
1870 5042 1981 5097 odii

400 5136 602 5189 tinctus
644 5152 706 5190 es
750 5153 764 5188 :
815 5135 910 5190 sed
957 5136 1127 5189 habes
1172 5135 1378 5203 lignum
1433 5134 1728 5203 pretiosam
1767 5134 1982 5187 Domini

402 5242 643 5291 crucem,
699 5244 821 5298 qum
876 5226 1174 5281 dummodo
1227 5228 1396 5290 velis,
1451 5242 1689 5280 amaram
1771 5241 1983 5280 morum

407 5330 626 5373 tuorum
675 5333 873 5387 aquam
907 5320 961 5371 in
1007 5318 1223 5370 dulcem
1274 5326 1488 5371 vertere
1521 5326 1720 5386 potest.
1753 5315 1885 5369 Nam
1926 5326 1984 5371 et

408 5426 643 5480 magnus
684 5410 895 5480 Moyses
924 5412 966 5441 "
998 5410 1201 5478 lignum
1253 5408 1584 5479 immergens
1617 5408 1670 5461 in
1707 5409 1989 5463 amarissi-

412 5517 556 5553 mam
597 5500 745 5553 Mara
772 5516 988 5569 aquam,
1027 5500 1214 5555 subito
1243 5498 1481 5564 dulcem,
1517 5507 1571 5553 et
1613 5498 1983 5569 perplacidam

412 5592 611 5649 elicuit.

488 5720 533 5749 “
584 5717 743 5774 llcbr.
775 5734 804 5771 v
870 5719 921 5772 8.
1001 5720 1043 5747 ³⁵
1117 5716 1314 5773 Jercm.
1350 5735 1539 5781 utin,
1575 5718 1606 5771 6
1637 5718 1688 5771 8.

2579 4632 2701 4684 PE'.
2737 4660 2806 4670 —
2843 4628 2926 4694 Τῷ
2960 4624 3142 4692 αὐτῷ.

2144 4726 2264 4796 Χρή
2303 4741 2361 4777 σε
2412 4722 2696 4794 βιάζεσθαι
2748 4722 2844 4777 καὶ
2889 4721 3062 4790 φιλεῖν
3110 4717 3252 4772 κατὰ
3284 4716 3379 4786 τὴν
3421 4717 3664 4771 διάνοιαν

2075 4820 2201 4882 τοὺς
2228 4816 2624 4887 φθονουμένους
2656 4813 2998 4885 ἀνθρώπους.

2587 4925 2724 4990 PG’.
2753 4952 2823 4962 —
2850 4920 2932 4987 Τῷ
2958 4918 3137 4985 αὐτῷ.

2162 5035 2404 5105 Ἐὁάφης
2453 5032 2546 5085 τὸν
2592 5031 2856 5101 λογισμὸν
2908 5029 2986 5098 τῷ
3032 5025 3253 5098 ὀφιὼδει
3283 5024 3464 5094 φθόνῳ
3505 5025 3574 5094 τῇ
3609 5039 3670 5077 τε

2081 5127 2279 5197 πικρία
2304 5128 2403 5194 τῆς
2457 5124 2786 5195 βασκανίας·
2838 5122 2953 5176 ἀλλ’
2980 5123 3123 5192 ἔχεις
3169 5119 3323 5184 ξύλον
3365 5117 3551 5187 τίμιον
3585 5116 3669 5168 τὸν

2086 5218 2318 5287 σταυρὸν
2346 5216 2441 5269 τοῦ
2468 5218 2697 5285 Κυρίου,
2727 5217 2823 5269 ἐὰν
2853 5215 3105 5286 θελήσῃς,
3133 5212 3431 5282 δυνάμενον
3461 5210 3670 5276 γλυκᾶαο

2087 5328 2174 5364 ναι
2201 5310 2261 5362 τὸ
2292 5308 2489 5380 πικρὸν
2516 5307 2658 5380 ὕδωρ
2687 5307 2781 5361 τοῦ
2813 5308 2977 5377 ἡθους
3007 5324 3121 5359 σου.
3160 5305 3269 5358 Καὶ
3301 5302 3411 5372 γάρ
3439 5304 3466 5353 ὁ
3499 5301 3670 5370 μέγας

2089 5402 2293 5472 Μωσῆς
2329 5402 2485 5465 ξύλον
2522 5399 2776 5471 ἐμϐαλὼν
2815 5402 2895 5461 εἰς
2936 5400 2995 5452 τὸ
3031 5397 3358 5468 πικρότατον
3400 5392 3545 5461 ὕδωρ
3575 5391 3670 5458 τῆς

2089 5496 2337 5566 Μερῤἄς,
2379 5493 2554 5561 γλυκὺ
2601 5491 2804 5554 εὐθέως
2869 5491 2964 5544 καὶ
3020 5488 3291 5561 προσηνὲς
3348 5486 3471 5539 λίαν
3517 5482 3671 5536 τοῦτε

2090 5586 2481 5658 ἀπειργάσατο.

1767 5719 1809 5746 ἀ
1845 5717 2015 5773 ιυιίι.
2050 5730 2169 5779 xm,
2230 5716 2312 5769 ll.
2391 5715 2433 5747 ³⁷
2476 5713 2643 5767 Exod.
2680 5728 2766 5777 xv,
2792 5711 2881 5764 25.
