3822 6216
173 288 270 351 129

475 398 592 449 ην.
624 426 694 436 -
728 393 1103 462 ΖΩΣΙΜΙΛΝῼ
1137 390 1453 460 ΜΟΝΑΧῼ.

239 510 258 542 ι
295 487 495 555 Ἦνμείς
517 486 594 547 δὲ,
626 486 792 555 φησὶν
819 485 849 535 ό
876 484 1029 552 ἆγιος
1047 482 1308 551 Μωῦσῆς,
1326 482 1426 532 οὐκ
1455 479 1680 546 οἴδαμεν
1698 478 1750 530 τί

170 584 417 651 θύσωμεν
452 578 660 650 Κυρίῳ,
691 577 798 641 ἕως
826 575 921 629 τοῦ
949 576 1283 645 πορευθῆναι
1306 574 1452 644 ἡμᾶς
1474 572 1593 625 ὁδὸν
1614 573 1753 641 ἠμε-

174 675 276 745 ρῶν
300 673 472 744 τριῶν
487 673 567 734 είς
592 672 694 740 τὴν
719 669 947 742 ἔρημον.
973 687 990 719 ι
1013 669 1151 739 Παρ⁹
1170 669 1299 737 ἡμῖν
1335 666 1495 719 θυσία
1522 667 1556 735 ἡ
1587 680 1755 733 προσ·

171 768 298 837 ευχὴ
322 768 543 826 νοεῖται,
573 761 781 833 ἔρημος
805 762 863 813 δὲ
886 759 1223 822 κατάστασίς
1246 759 1330 822 τίς
1357 760 1506 810 ἐστιν
1529 757 1753 826 ἐστερη-

175 860 303 931 μένη
356 856 553 910 παθῶν
607 854 839 922 ἀλόγων,
893 853 1032 924 ὅπερ
1084 852 1400 919 τελειότητα
1458 848 1755 921 όριζόμεθα

172 949 325 1005 εἶναι.
345 948 604 1003 Τοιοῦτον
632 947 821 1014 ἂνεῖη,
841 947 1027 1016 φησὶν,
1061 946 1202 1014 ὑπὲρ
1226 943 1402 1012 ὑμῶν,
1432 944 1459 995 ὁ
1496 940 1752 993 ’Δπόστο-

173 1044 256 1105 λος
276 1060 290 1073 ο
317 1041 379 1093 τὸ
405 1042 538 1110 γάρ.
570 1040 635 1091 Τί
662 1036 1096 1109 προσευξώμεθα
1140 1036 1261 1088 καθ’
1285 1034 1313 1087 ὃ
1342 1035 1446 1097 δεῖ,
1468 1034 1570 1087 οὑκ
1608 1033 1757 1085 οἴδα-

175 1153 270 1205 μεν
301 1134 467 1203 μέχρι
497 1131 890 1193 καταστάσεως
940 1128 1042 1198 τῆς
1080 1127 1325 1190 ἀπαθοῦς
1356 1143 1415 1178 τε
1460 1126 1554 1179 καὶ
1580 1124 1755 1178 καθα-

174 1228 285 1298 ρᾶς.
321 1225 396 1278 Οὐ
432 1225 546 1294 γάρ
600 1224 820 1283 πάντως
878 1220 973 1273 καὶ
1032 1221 1151 1272 τάτε
1184 1218 1442 1281 τοιαύτας
1490 1214 1675 1286 εύχὰς,
1721 1216 1755 1286 ἢ

171 1317 373 1380 ἑννοίας
396 1317 617 1383 ἕξομεν,
647 1315 763 1377 οίας
794 1312 889 1366 νῦν
930 1311 1299 1382 διοχλούμενοι
1327 1310 1432 1362 ὑπὸ
1459 1308 1570 1361 τῶν
1605 1310 1759 1362 ἐναν-

168 1411 315 1465 τίων.

650 1582 777 1637 PH'.
811 1610 877 1619 --
902 1579 1271 1650 ΦΛΑΒΙΑΝῼ.

244 1677 431 1729 Ἐοικε
485 1676 551 1726 τὸ
604 1672 931 1744 ἡγεμονικὸν
956 1670 1065 1723 τῶν
1111 1670 1283 1738 ἁγίων
1336 1668 1514 1737 πυξίῳ
1556 1666 1685 1729 τινὶ,
1724 1666 1757 1735 ἢ

1388 275 1925 337 EPISTOLARUM
1969 275 2115 334 LIB.
2152 274 2198 332 Ι.

3337 266 3439 331 130

2120 380 2277 437 CVII.
2311 411 2376 420 -—
2410 377 2787 433 SOSIMIANO
2834 376 3188 431 MONACIIO.

1932 496 1949 526 ι
1990 475 2101 531 Nos
2133 490 2283 533 vero.
2317 474 2392 525 ait
2424 482 2650 527 sanctus
2684 472 2919 541 Moyses,
2974 474 3252 525 nescimus
3301 471 3436 540 quid

1856 568 2090 622 Domino
2139 567 2617 629 saeriticabimus,
2687 578 2978 635 quousque
3030 564 3441 618 ambulabimus

1858 662 1999 714 viam
2042 660 2206 714 trium
2234 660 2445 713 dierum
2486 660 2539 712 in
2578 673 2826 711 eremum
2854 658 2917 710 ³⁸.
2963 676 2981 707 ι
3021 657 3176 725 Apud
3216 672 3321 713 nos
3351 674 3441 710 sa-

1855 753 2128 807 crificium
2193 754 2371 807 oratio
2412 764 2523 817 est;
2576 752 2829 806 desertus
2889 750 3139 805 conditio
3194 753 3441 820 quaedam

1858 845 2039 899 brutis
2071 845 2362 898 affectibus
2408 845 2659 914 spoliata,
2692 860 2856 913 quam
2894 842 3289 912 perfectionem
3319 859 3445 898 esse

1857 936 2171 991 definimus.
2211 936 2340 989 Tale
2368 936 2649 1006 quidpiam
2680 936 2787 988 erit
2807 937 2873 988 de.
2899 935 3081 1001 nobis,
3106 936 3182 988 ait
3211 938 3446 1005 Aposto-

1859 1028 1943 1082 lus
1970 1028 2043 1091 ";
2074 1026 2203 1080 illud
2240 1026 2387 1079 enim
2416 1044 2429 1079 :
2467 1025 2627 1091 Quid,
2653 1024 2759 1095 47
2789 1025 2864 1077 uti
2897 1025 3147 1087 addecet,
3173 1024 3443 1078 orandum

1858 1119 1950 1179 sit,
1985 1117 2129 1171 haud
2171 1120 2420 1171 novimus
2452 1134 2627 1187 usque
2657 1118 2726 1170 ad
2770 1118 3226 1172 constitutionem
3272 1119 3446 1172 null.s

1860 1211 2170 1271 affectibus.
2204 1212 2367 1265 nullis
2395 1212 2657 1264 sordibus
2697 1212 3032 1277 obnoxiam;
3068 1226 3249 1279 neque
3294 1211 3443 1265 enim

1862 1316 1992 1360 tunc
2039 1306 2259 1359 easdem
2311 1306 2536 1357 omnino
2585 1307 2887 1367 orationes,
2930 1311 3025 1356 aut
3078 1303 3448 1373 cogitationes

1864 1398 2210 1459 habebimus.
2253 1384 2447 1468 quales
2488 1414 2635 1452 nunc
2670 1397 2935 1451 habemus
2989 1398 3057 1451 ab
3102 1396 3445 1451 adversariis

1865 1491 2243 1545 interturbati.

2312 1579 2584 1636 CVIll.-—
2625 1578 2990 1634 FLAVHNO.
3076 1602 3083 1610 ’

1938 1668 2217 1739 Praecipua
2254 1683 2575 1725 sanctorum
2613 1672 2809 1723 animae
2848 1686 2975 1739 pars
3018 1669 3305 1739 pugillari,
3336 1671 3453 1724 sive

172 1768 352 1838 δέλτῳ.
386 1769 449 1819 ἐν
483 1761 530 1834 ᾧ
559 1766 908 1836 καταγράφει
945 1764 975 1815 ό
1003 1762 1133 1825 Θεὸς
1184 1762 1331 1830 άπερ
1358 1760 1616 1830 λεχθῆναι
1645 1758 1764 1811 δέον

1891 1762 2033 1825 ibro,
2071 1763 2121 1814 in
2156 1777 2267 1830 quo
2310 1762 2450 1815 Deus
2492 1763 2694 1831 populo
2726 1778 2829 1814 sno
2860 1761 3128 1814 edicenda
3168 1760 3449 1821 inscribit,

172 1860 246 1929 τῷ
440 1856 631 1909 αὐτοῦ.
670 1856 899 1926 Εἴρηται
942 1852 1073 1921 γοῦν
1121 1852 1202 1923 τῷ
1248 1858 1503 1922 προφήτῃ
1563 1850 1763 1903 Ἀϐὀα-

176 1950 343 2018 κούμ·
380 1968 401 1999 ι
434 1948 653 2017 Γράψον
686 1948 876 2016 ὅρασιν
908 1946 1000 1999 ἐπὶ
1024 1944 1235 2009 πυξίου.
1277 1964 1295 1996 ο
1328 1944 1406 2014 Τῇ
1437 1944 1544 2013 γάρ
1569 1940 1764 1995 ἐαυτοῦ

175 2041 380 2111 διανοίᾳ
420 2040 717 2108 ἐγκύπτων
746 2039 774 2089 ὁ
811 2037 990 2106 άγιος,
1032 2035 1130 2089 καὶ
1158 2037 1239 2099 είς
1279 2035 1443 2088 αὑτὸν
1474 2035 1639 2106 ὀρῶν,
1672 2035 1767 2087 καὶ

177 2134 307 2195 ὅλως
337 2133 472 2185 είσω
532 2127 1033 2199 συνεστραμμένος,
1089 2127 1257 2179 οἱονεὶ
1307 2126 1623 2196 ἐντυγχάνει
1654 2126 1765 2187 τοῖς

178 2223 615 2293 καταγραφείσιν
663 2221 769 2273 ὑπὸ
816 2219 952 2273 Θεοῦ
981 2220 1077 2273 ἐπὶ
1122 2222 1222 2290 τὴν
1256 2218 1452 2272 ἑαυτοῦ
1502 2219 1765 2279 διάνοιαν,

180 2318 269 2369 καὶ
304 2316 481 2377 οὕτως
511 2312 840 2381 ἐπαγγέλλει
872 2312 952 2382 τῷ
983 2311 1121 2383 λαῷ.

484 2407 611 2460 PB’.
648 2438 717 2447 —
749 2406 1045 2476 areoth
1075 2404 1453 2475 ΣΑΜΑΡΙΊᾘ.

255 2502 319 2555 Ἦ
348 2500 618 2569 ἐπιστολή
649 2515 742 2551 σου
774 2499 1017 2551 τοιοῦτον
1045 2498 1157 2567 ἔχει
1186 2497 1385 2549 τύπον·
1421 2496 1482 2548 Ei
1508 2494 1607 2564 μὲν
1638 2496 1665 2547 ὁ
1692 2496 1769 2557 είς

180 2594 271 2665 τὴν
296 2594 402 2663 γῆν
455 2593 693 2663 σπαρείς
725 2594 869 2654 σῖτος
902 2590 979 2660 μὴ
1030 2589 1345 2659 διεσήπετο,
1400 2582 1544 2656 εἶχεν
1579 2586 1771 2641 ἐλπίδα

181 2687 535 2747 ἀναστάσεως
582 2684 643 2737 τὸ
683 2682 1028 2754 ἀνθρώπινον
1080 2682 1262 2752 σῶμα.
1311 2683 1373 2735 Εἰ
1418 2682 1475 2735 δὲ
1518 2684 1547 2735 ὁ
1603 2685 1767 2747 σῖτος,

181 2780 294 2849 ἢτοι
329 2780 596 2831 παντοῖον
627 2776 843 2847 γένημα
868 2774 1212 2844 καταϐληθὲν
1232 2775 1312 2838 είς
1335 2775 1434 2843 τὴν
1466 2773 1572 2843 γῆν
1601 2776 1771 2844 σήπε-

181 2889 287 2935 ται,
305 2872 405 2925 καὶ
426 2871 492 2924 τὸ
522 2869 680 2938 σῶμα
700 2867 795 2920 τοῦ
822 2867 1113 2938 ἀνθρώπου
1139 2868 1219 2929 είς
1247 2866 1456 2937 τέφραν
1501 2868 1595 2920 καί⁵
1624 2866 1773 2919 κόνιν

184 2964 528 3037 κεχώρηκεν,
568 2963 622 3015 τί
661 2979 750 3032 μοι
776 2960 1197 3029 κατεπαγγέλλῃ
1223 2950 1524 3013 ἀνάστασιν
1553 2959 1773 3013 ἔσεσθαι

183 3062 285 3112 τῶν
335 3056 705 3129 ἀνθρωπίνων
768 3054 1073 3124 σωμάτωνς
1141 3051 1283 3120 Ἐγὼ
1333 3052 1390 3105 δέ
1449 3069 1592 3121 φημι
1638 3051 1775 3120 πρὸς

186 3150 388 3204 ταῦτα’
463 3146 771 3215 Ἀνάγνωθί
822 3163 914 3218 μοι
965 3145 1065 3216 τὴν
1110 3145 1285 3217 ἀρχὴν
1329 3144 1430 3215 τῆς
1468 3145 1506 3196 Γ
1510 3145 1772 3207 ενέσεως·

191 3262 209 3295 ι
247 3244 353 3296 Καὶ
381 3240 585 3295 ἐλαϐεν
611 3242 638 3293 ὁ
662 3239 793 3299 Θεὸς
840 3236 969 3308 χοῦν
997 3238 1107 3291 άπὸ
1136 3238 1233 3307 τῆς
1266 3237 1389 3307 γῆς.
1442 3238 1537 3291 καὶ⁷
1576 3238 1777 3291 ἔπλασε

185 3338 273 3390 τὸν
297 3335 614 3406 ἄνθρωπον.
661 3349 681 3383 ι
722 3330 789 3383 Τί
841 3329 1021 3382 τοίνυν
1055 3329 1361 3382 διαλλάττει
1399 3330 1428 3383 ὁ
1457 3331 1522 3382 ἐκ
1544 3330 1643 3400 τῆς
1673 3331 1777 3399 γῆς

186 3426 307 3497 19:3;
340 3426 443 3495 τῆς
499 3423 705 3492 τέφρας
738 3420 833 3473 καὶ
860 3422 1055 3481 κόνεως
1079 3436 1094 3485 ;
1123 3419 1333 3491 Ὥσπερ
1356 3420 1533 3473 τοίνυν
1559 3422 1616 3473 ὲν
1638 3424 1778 3492 ἀρχῇ

189 3521 249 3570 ἐκ
276 3521 379 3587 γῆς
410 3515 542 3586 χοὸς
571 3510 989 3581 κατεσκευάσθη
1021 3512 1082 3563 τὸ
1110 3511 1291 3580 σῶμα,
1325 3514 1416 3565 καὶ
1449 3513 1778 3584 ἐνεπνεύσθη

190 3607 291 3659 ὑπὸ
317 3606 487 3669 Θεοῦ,
518 3605 613 3655 καὶ
651 3602 853 3672 ἐστάθη
883 3602 1167 3672 ἄνθρωπος
1201 3602 1306 3654 ὑπὸ
1329 3602 1454 3665 τοὺς
1486 3604 1653 3667 πόδας
1684 3606 1780 3657 αύ-

190 3697 282 3749 τοῦ
308 3712 322 3724 ’
358 3695 540 3758 οὕτως
574 3694 737 3747 πάλιν
793 3695 857 3745 ἐκ
890 3693 1011 3762 χοὸς
1047 3694 1141 3745 καὶ
1169 3694 1233 3745 ἐκ
1285 3693 1493 3764 τέφρας
1544 3696 1637 3746 ἐπὶ
1683 3699 1783 3765 τῆς

193 3789 511 3849 συντελείας
557 3786 654 3839 τοῦ
683 3786 949 3857 παρόντος
1001 3785 1219 3850 αἰῶνος,
1268 3788 1334 3857 τῇ
1365 3788 1659 3854 προστάξει
1689 3789 1784 3842 καὶ

193 3881 419 3950 δυνάμει
449 3879 548 3931 τοῦ
578 3878 737 3941 Θεοῦ,
771 3879 1193 3948 ἑξαναστήσεται
1223 3879 1292 3931 τά
1334 3878 1651 3949 ἀνθρώπινα
1683 3882 1786 3933 σώ-

200 3994 339 4045 ματα
368 3975 473 4037 τάς
504 3973 639 4037 ἰδίας
674 3972 1018 4026 ἀπολαϐόντα
1056 3973 1252 4040 ψυχάς,
1287 3974 1382 4023 καὶ
1409 3973 1503 4026 ἐπὶ
1551 3974 1677 4037 τοὺς
1704 3975 1785 4026 oi-

196 4070 373 4131 κείους
404 4069 699 4138 στήσονται
732 4066 920 4130 πόδας,
987 4067 1065 4128 εἰς
1104 4065 1260 4130 δόξαν
1318 4067 1408 4118 καὶ
1444 4066 1663 4119 ἔπαινον
1692 4067 1785 4120 τοῦ

201 4164 374 4216 πάντα
403 4161 702 4231 θαυμαστά
729 4159 1098 4230 ἐργαζομένου
1124 4162 1329 4229 Δημιου
1340 4158 1469 4227 ργοῦ
1498 4162 1605 4213 των
1627 4161 1784 4215 ὅλων.

720 4343 823 4394 Pl'.
859 4372 929 4384 -
974 4339 1058 4407 τῷ
1086 4340 1268 4407 αὐτῷ.

1866 1856 2227 1908 assimilatur.
2290 1853 2471 1919 Quare
2534 1857 2815 1924 prophetae
2883 1852 3139 1906 llabacuc
3197 1854 3450 1907 dicitur:

1872 1967 1891 2000 ι
1926 1948 2119 2003 Scribe
2142 1950 2407 2002 visionem
2446 1950 2497 2000 in
2526 1948 2722 2002 tabella
2750 1946 2933 2012 ³⁰·¹⁹;›
2973 1962 3208 2015 namque
3241 1948 3295 1999 in
3329 1962 3455 2016 pro-

1868 2040 2041 2109 priam
2074 2049 2311 2092 mentem
2358 2053 2588 2093 sanctus
2616 2039 3029 2106 introspiciens.
3060 2046 3115 2090 et
3153 2039 3207 2090 in
3255 2047 3455 2091 semet-

1869 2133 2048 2201 ipsum
2095 2134 2288 2185 oculos
2324 2132 2533 2198 figens,
2584 2137 2848 2198 totusilue
2883 2130 2936 2181 in
2974 2129 3222 2183 internas
3266 2139 3455 2198 partes

1868 2237 2197 2283 Conversus,
2242 2223 2449 2291 scripta
2492 2236 2522 2274 a
2570 2220 2681 2276 Deo
2715 2222 2766 2274 i.i
2807 2236 2908 2276 sua
2938 2228 3124 2275 mente
3154 2222 3452 2290 comperit,

1869 2319 2060 2388 sicque
2089 2318 2343 2371 enuntiat
2377 2317 2601 2387 populo.

2083 2409 2222 2465 CIX.
2266 2438 2335 2450 —-
2376 2403 2782 2462 AI’HTIIONIO
2825 2403 3233 2461 ΞΑΜΑΒΙΤΑΞ.

1943 2504 2164 2558 Littera:
2191 2512 2299 2556 tua:
2330 2502 2478 2556 hunc
2527 2500 2581 2553 in
2613 2503 2837 2553 modum
2874 2499 3237 2555 emirmantur
3270 2517 3284 2553 :
3319 2497 3365 2553 si
3402 2497 3459 2551 in

1872 2610 2017 2653 terra
2058 2612 2289 2667 granum
2345 2594 2671 2665 projectum,
2730 2608 2837 2646 non
2888 2599 3254 2661 putresceret,
3304 2607 3456 2662 spem

1874 2704 2010 2745 sane
2041 2687 2470 2743 resurrectionis
2501 2686 2740 2755 aliquam
2771 2700 2976 2754 corpus
3010 2684 3238 2738 haberet
3268 2685 3460 2737 huma-

1874 2800 2028 2839 num.
2063 2780 2219 2848 Quod
2266 2780 2311 2834 si
2363 2778 2726 2842 frumentum,
2777 2788 2832 2832 et
2879 2779 3247 2849 quodcunque
3309 2779 3457 2833 aliud

1874 2890 2097 2948 germen
2132 2874 2186 2927 in
2231 2886 2434 2927 terram
2470 2872 2780 2925 immissum
2824 2872 3114 2940 putresrit,
3157 2880 3214 2923 et
3250 2885 3460 2941 corpus

1876 2966 2161 3020 hominum
2197 2964 2251 3017 in
2301 2964 2570 3023 cinerem,
2623 2977 2686 3016 ac
2726 2964 3009 3031 pulverem
3050 2961 3291 3016 fatiscit:
3327 2962 3458 3033 quid

1877 3056 2012 3110 mihi
2065 3054 2214 3109 omni
2270 3053 2679 3109 asseveratione
2735 3052 3103 3103 humanorum
3163 3065 3461 3120 corporum

1882 3148 2345 3204 resurrectionem
2398 3144 2639 3213 futuram
2674 3141 2948 3197 aﬂirmas?
2973 3143 3051 3194 Ad
3090 3144 3202 3196 haec
3230 3143 3346 3212 ipse
3376 3159 3463 3198 re-

1882 3240 2146 3310 spondeo.
2190 3237 2457 3292 Percurre
2510 3235 2742 3290 Genesis
2787 3236 3052 3290 initium:
3095 3261 3112 3286 ι
3154 3236 3219 3288 ΕΙ.
3252 3237 3465 3305 accepit

1883 3333 2027 3387 Dens
2068 3333 2347 3404 pulverem
2381 3348 2410 3383 e
2450 3338 2616 3393 terra,
2656 3338 2710 3383 et
2752 3327 3011 3381 formarit
3052 3329 3325 3384 hominem
3358 3330 3459 3381 ".n

1882 3424 2015 3491 ane
2043 3440 2174 3494 ergo
2208 3423 2515 3476 differentia
2557 3430 2641 3475 est
2678 3423 2823 3473 inter
2855 3421 3137 3489 pulverem
3192 3436 3259 3475 ex
3292 3429 3463 3483 terra,

1883 3527 1933 3570 et
1965 3516 2230 3577 cinerem,
2259 3524 2312 3567 et
2342 3514 2653 3583 pulverem?
2690 3510 3161 3577 Quemadmodum
3190 3515 3376 3582 itaque
3399 3529 3465 3566 ex

1886 3606 2053 3660 humo
2093 3614 2251 3659 terra:
2298 3604 2569 3674 principio
2603 3617 2809 3672 corpus
2843 3614 3224 3657 constructum
3271 3612 3376 3669 est,
3411 3616 3467 3658 et

1886 3698 2138 3768 Spiritum
2171 3714 2234 3752 ex
2274 3696 2383 3751 Deo
2422 3698 2657 3764 accepit,
2702 3697 2972 3765 stetitque
3025 3697 3188 3751 homo
3236 3697 3467 3766 pedibus

1886 3790 2027 3855 suis,
2058 3790 2140 3843 sic
2174 3803 2370 3842 rursus
2402 3803 2466 3840 ex
2498 3794 2643 3839 terra
2677 3793 2729 3840 et
2761 3787 2946 3840 cinere
2974 3784 3086 3857 48
3132 3786 3185 3839 in
3230 3799 3469 3856 prasen-

1887 3884 1960 3936 tis
1993 3882 2179 3937 saeculi
2215 3881 2342 3946 fine,
2373 3880 2607 3950 imperio
2641 3895 2702 3932 ac
2732 3879 2989 3933 facultate
3024 3879 3206 3932 divina
3232 3894 3467 3949 corpora

1890 3975 2129 4027 humana
2164 3979 2473 4043 resurgent.
2506 3971 2760 4041 proprias
2793 3968 3197 4024 reassumentia
3225 3970 3463 4027 animas.

1888 4076 1943 4121 et
1980 4067 2222 4137 propriis
2257 4066 2481 4121 stabunt
2514 4064 2748 4134 pedibus
2779 4063 2837 4116 in
2870 4063 3129 4132 gloriam,
3165 4072 3220 4117 et
3250 4063 3467 4117 laudem

1892 4161 2060 4225 illius,
2104 4159 2200 4231 qui
2243 4158 2427 4212 omnia
2472 4159 2613 4211 mira
2661 4163 2944 4225 operatur,
3000 4156 3251 4209 omnium
3307 4154 3473 4211 Crea-

1892 4256 2051 4311 toris.

2438 4340 2554 4397 CX.
2593 4372 2661 4383 —
2698 4340 2905 4395 Eidem.

270 4434 487 4501 Ὥσπερ
514 4432 594 4501 τῷ
619 4434 839 4505 μεγάλῳ
887 4434 1139 4505 Ἀϐραάμ
1186 4437 1220 4504 ἡ
1262 4434 1443 4498 πίστις
1478 4434 1773 4503 λελόγισται

1957 4436 2433 4505 Quemadmodum
2492 4450 2692 4504 magno
2744 4432 2977 4487 Abrahae
3030 4432 3165 4489 fides
3220 4444 3474 4504 reputata

207 4525 282 4589 είς
312 4525 681 4591 δικαιοσύνην,
706 4525 849 4577 οὕτω
874 4527 969 4577 καὶ
996 4526 1079 4577 σοὶ
1110 4526 1416 4579 πιστεύοντι
1460 4528 1539 4590 είς
1576 4527 1786 4598 νεκρῶν

209 4616 521 4681 ἀνάστασιν,
555 4616 714 4686 είπερ
744 4616 838 4668 καὶ
868 4616 1240 4682 πιστεύσειας,
1291 4616 1607 4688 δικαιοσύνη
1632 4617 1787 4688 παρὰ

208 4708 283 4778 τῷ
314 4707 434 4760 Θεὼ
478 4707 689 4777 μεγάλη
725 4706 1126 4778 λογισθήσεται.

704 4801 854 4854 PlA'.
882 4830 953 4841 —
982 4799 1064 4871 Τῷ
1110 4799 1290 4865 αὐτῷ.

279 4893 667 4964 Γεγράφηκας,
697 4895 781 4946 ὅτι
816 4895 859 4946 Τ
862 4895 920 4947 ὸν
950 4895 1146 4947 κόκκον
1179 4894 1273 4947 τοῦ
1301 4894 1449 4947 σίτου
1479 4894 1676 4956 άλὲσω,
1696 4896 1790 4948 καὶ

217 4986 420 5053 ποιήσω
445 4984 694 5053 ἄλευρον.
723 4984 842 5037 Κᾶν
869 4985 1127 5055 μυριάκις
1158 4986 1366 5055 σπείρω
1396 4986 1558 5039 αὑτὸν
1588 4989 1668 5049 είς
1694 4988 1792 5057 τὴν

217 5074 333 5143 γῆν,
363 5075 465 5127 ούκ
497 5075 578 5127 ἔτι
609 5074 978 5143 ζωογονεῖται,
1020 5077 1134 5129 ἀλλ’
1178 5077 1288 5129 οὐδ’
1337 5078 1703 5143 ἐξανίσταται,
1731 5080 1792 5130 ού

221 5165 291 5235 μὴ
322 5165 617 5237 βλαστήσει
664 5167 815 5228 ποτὲ,
863 5167 925 5219 οὐ
963 5167 1037 5238 μὴ
1081 5170 1530 5239 καρποφορήσειο
1558 5170 1702 5221 οὕτω
1730 5169 1794 5241 δὴ

219 5259 306 5308 καὶ
324 5259 384 5310 τὸ
418 5259 578 5329 σῶμα
602 5260 795 5312 σποδιά
828 5263 923 5313 καὶ
949 5261 1095 5323 κόνις
1123 5263 1434 5331 γενόμενον,
1481 5262 1581 5315 οὐκ
1612 5263 1679 5316 ἂν
1704 5262 1794 5315 δύο

221 5368 363 5404 ναιτο
390 5352 471 5406 ἑτι
501 5354 884 5421 ἐξαναστῆναι,
939 5354 970 5424 ἢ
1020 5353 1185 5422 ζῆσαι
1237 5356 1603 5408 παντάπασιν.
1653 5355 1793 5408 Ἀλλ’

222 5444 327 5511 ἐγὼ
369 5461 451 5497 σοι
482 5445 646 5498 πάλιν
695 5446 791 5496 καὶ
839 5443 934 5496 νῦν
980 5445 1052 5497 τὰ
1080 5446 1219 5499 αὐτὰ
1254 5448 1662 5517 προσαγάγοιμι
1700 5450 1797 5503 σὺν

225 5537 484 5607 πραότητι
530 5538 772 5607 ῥήματα,
830 5534 972 5608 ἅπερ
1003 5538 1096 5590 καὶ
1132 5538 1298 5591 πάλαι
1352 5540 1681 5607 ἐπέσταλκα,
1714 5542 1795 5595 ὅτι

295 5718 338 5749 ³³
363 5718 659 5782 Ειοά.ιιιι,
716 5717 802 5771 ‘26.
832 5718 920 5771 27.
1000 5721 1041 5751 ⁸⁸
1066 5718 1223 5776 ﬂeui.
1266 5737 1386 5787 vni,
1421 5722 1507 5777 26.

1891 4533 1993 4587 fuit
2033 4532 2385 4601 inqiustitiaﬂl
2423 4529 2468 4562 “
2494 4570 2509 4592 ,
2547 4530 2622 4583 ita
2654 4537 2708 4582 et
2745 4528 2841 4581 tibi
2874 4527 3259 4584 defunctorum
3293 4545 3473 4583 resur-

1890 4625 2124 4679 rectioni
2172 4624 2329 4680 fidem
2380 4624 2661 4677 adhibenti
2690 4642 2702 4677 :
2734 4626 2780 4677 si
2811 4622 2975 4677 modo
3023 4638 3264 4692 unquam
3314 4623 3475 4676 fidem

1893 4717 2234 4780 adhibueris,
2261 4715 2471 4787 iustitia
2498 4715 2639 4785 apud
2678 4715 2842 4768 Deum
2880 4715 3075 4785 ingens
3108 4715 3476 4785 reputabitur.

2424 4807 2560 4864 CXI.
2594 4839 2661 4847 -Α
2698 4808 2902 4864 Eidem.

1971 4901 2254 4971 Scripsisti
2281 4921 2293 4955 :
2346 4900 2592 4955 Granum
2634 4902 2892 4955 frumenti
2922 4901 3145 4965 molam,
3174 4908 3229 4955 et
3256 4899 3312 4953 in
3345 4896 3476 4953 fari-

1902 5011 2026 5050 nam
2059 4996 2321 5064 redigam.
2357 4994 2408 5049 ld
2442 4994 2568 5047 licet
2602 4995 2801 5049 millies
2834 4994 2889 5048 in
2918 5004 3121 5048 terram
3169 4993 3475 5049 seininave-

1903 5087 2029 5151 rim,
2057 5101 2165 5139 non
2201 5085 2437 5155 amplius
2472 5086 2773 5146 reriviscit,
2800 5084 2912 5137 imo
2938 5100 3041 5137 nec
3079 5092 3349 5153 resurget,
3378 5098 3478 5139 nec

1905 5195 2145 5246 unquam
2196 5178 2449 5233 Surculos
2494 5178 2729 5241 emittet,
2781 5193 2959 5247 neque
3007 5176 3218 5232 fructus
3257 5176 3478 5243 afferet;

1903 5274 2020 5341 pari
2057 5272 2271 5324 ratione
2305 5278 2358 5323 et
2381 5284 2585 5338 corpus
2608 5270 2770 5335 cinis,
2798 5284 2861 5322 ac
2897 5270 3078 5337 pulvis
3119 5270 3346 5332 factum.
3373 5285 3479 5324 non

1906 5366 2109 5434 poterit
2162 5379 2475 5432 resurgere,
2516 5380 2695 5431 neque
2736 5364 3011 5417 ullatenus
3066 5363 3232 5417 vitam
3276 5365 3478 5418 vivere.

1904 5458 1972 5509 At
2003 5456 2140 5524 ipse,
2171 5472 2331 5525 quem
2362 5456 2498 5510 alias
2532 5454 2629 5509 tibi
2673 5456 2931 5509 miseram
2968 5471 3303 5520 sermonem,
3333 5472 3477 5509 eum.

1904 5547 2027 5601 dem
2051 5562 2199 5601 nunc
2227 5562 2352 5600 cum
2380 5545 2696 5617 placiditate
2729 5556 2990 5615 repetam.
3012 5546 3481 5613 Quemadmodum

1594 5725 1709 5757 ³ο.ιν

1889 5741 1948 5782 ιο.
1986 5742 2047 5794 ιι,
2078 5726 2131 5780 5.
2199 5728 2244 5760 ὀ
2278 5724 2413 5782 Gen.
2452 5742 2510 5797 ιι,
2544 5727 2598 5779 7.
2675 5728 2716 5759 ²¹
2741 5725 2877 5792 Gen,
2914 5741 3002 5793 xv,
3044 5726 3077 5779 6
3107 5743 3121 5793 ;
3156 5724 3292 5779 Rom
3332 5740 3403 5792 iv,
3428 5724 3480 5781 5.
