3822 6216
366 275 461 339 131

1829 276 1889 335 s.
1931 276 2095 365 NILI

3522 274 3626 335 132

368 399 604 457 prmunn
641 399 705 437 ex
743 392 886 436 terra
929 383 1092 436 homo
1126 383 1468 451 potentiapet
1492 392 1608 437 arte
1643 385 1935 453 sapientis-

2049 384 2237 453 ὥσπερ
2267 382 2363 452 τὴν
2392 381 2565 451 ἀρχὴν
2592 382 2654 433 ἐκ
2679 381 2798 451 χοὸς
2822 380 3104 451 ἄνθρωπος
3136 380 3412 451 ἀνεδείχθη
3444 385 3509 451 τῇ
3534 384 3627 434 δυ-

366 478 515 534 simi.
552 492 615 529 ac
664 476 1057 545 omnipotentis
1100 476 1313 527 Domini
1359 477 1605 529 substitit
1637 495 1648 529 :
1687 479 1758 529 ita
1795 489 1847 527 et
1880 477 1935 529 in

367 571 474 623 [ine
508 574 791 638 praesentis
825 569 1008 622 smculi
1044 587 1105 619 ex
1157 570 1340 622 cinere
1389 570 1635 637 corrupti
1688 569 1939 638 corporis

363 662 695 716 resurrectio
730 662 838 721 ﬁet,
878 671 931 712 et
967 669 1213 729 resurget
1259 660 1445 721 homo.
1492 663 1598 714 vita
1647 662 1942 728 animoque

364 752 628 821 praeditus
657 753 1271 821 pristina-corrnptioue
1296 752 1532 819 abjeeta,
1562 764 1616 807 et
1643 754 1828 807 divina
1858 754 1941 806 in-

361 844 816 914 corruptibilitate
848 855 1187 916 comparatu.

886 1110 1045 1167 CXII.
1081 1142 1153 1152 ο-
1194 1110 1399 1166 Eidem.

431 1201 624 1256 Dixisti
655 1202 1022 1257 humanorum
1055 1219 1346 1273 corporum
1377 1203 1596 1257 cineres
1630 1201 1739 1255 huc
1774 1212 1939 1270 atque

361 1290 491 1344 illuc
518 1292 818 1359 dissipatos
854 1306 883 1344 a
925 1290 1135 1353 venus.
1184 1303 1239 1345 et
1279 1293 1444 1346 veluti
1480 1291 1592 1364 49
1631 1292 1938 1345 ventilabro

356 1380 631 1451 jar-tatus:
703 1391 757 1434 et
799 1382 931 1451 quid
969 1384 1075 1437 erit
1117 1383 1293 1435 ultra?
1344 1383 1448 1437 Sed
1500 1385 1804 1452 perpendas
1855 1398 1940 1435 ve-

362 1471 477 1532 lim,
526 1471 796 1525 undenam
847 1484 991 1524 terra
1040 1474 1307 1541 producta
1337 1481 1443 1537 est,
1475 1473 1619 1526 unde
1668 1472 1829 1541 ignis,
1883 1480 1940 1525 et

360 1576 477 1624 aer.
511 1571 566 1616 et
606 1578 744 1633 aqua
789 1565 1075 1618 substitit?
1109 1564 1254 1619 Sane
1293 1566 1522 1619 omnino
1554 1580 1619 1619 ex
1661 1574 1712 1619 te
1740 1562 1937 1617 scisci-

360 1653 521 1718 tanti,
543 1665 874 1724 nugamenta
899 1655 1142 1723 gentium
1176 1656 1333 1725 longe
1357 1656 1600 1724 abigens.
1627 1664 1680 1708 et
1703 1653 1937 1722 pseudo-

362 1744 810 1814 philosomiorum
862 1748 1099 1817 ineptias
1154 1757 1484 1801 exsecratus
1535 1748 1933 1817 respondebis:
1971 1729 2013 1785 Β

358 1849 427 1887 ex
456 1849 523 1888 eo
550 1835 696 1905 quod
739 1852 846 1890 non
889 1845 1031 1899 erat.
1078 1854 1133 1891 tu
1180 1837 1230 1891 id
1267 1839 1410 1907 quod
1443 1846 1549 1905 est,
1600 1840 1869 1893 elementa
1907 1855 1939 1893 a

362 1923 471 1979 Deo
501 1927 767 1995 producta
801 1927 993 1983 fuisse.
1030 1927 1148 1997 Ipse
1179 1929 1342 1983 etiam
1381 1928 1537 1982 edico
1581 1930 1677 1982 tibi
1707 1946 1720 1982 :
1746 1945 1938 1998 quem-

359 2017 651 2072 admodum
685 2036 753 2073 ex
813 2022 879 2075 iis
933 2038 1054 2091 qua:
1082 2037 1189 2076 non
1218 2030 1400 2086 erant,
1431 2021 1498 2074 ad
1534 2021 1759 2091 id'quod
1785 2032 1937 2088 sunt,

356 2107 543 2161 oumia
575 2116 710 2161 nutu
745 2110 866 2164 solo
904 2111 1105 2163 divina:
1147 2110 1451 2163 voluntatis
1489 2110 1821 2174 substitere;
1865 2111 1940 2162 ita

358 2213 427 2255 ex
458 2212 524 2253 eo
550 2199 758 2265 cinere,
788 2201 882 2270 qui
912 2216 941 2254 a
974 2210 1027 2255 te
1053 2202 1374 2271 deperditus
1410 2218 1534 2255 esse
1563 2202 1938 2265 existimatur,

359 2288 730 2345 humanorum
762 2308 1059 2364 corporum
1095 2297 1429 2348 resurrectio
1457 2294 1585 2348 crit.

882 2384 1065 2439 CXIII.
1104 2415 1177 2426 —
1219 2383 1427 2439 Eidem.

430 2480 798 2549 Omnipotens
832 2476 996 2537 Deus.
1031 2478 1123 2546 qui
1153 2477 1517 2543 exsiccatum,
1553 2487 1608 2531 et
1652 2476 1773 2531 sine
1814 2490 1942 2530 cor-

363 2574 471 2626 tice
503 2570 755 2624 baculum
783 2566 987 2637 Moysis
1015 2567 1153 2620 miro
1184 2567 1423 2635 quodam
1460 2565 1622 2619 modo
1654 2566 1705 2618 in
1740 2565 1941 2617 auinial

360 2661 687 2722 animatum,
713 2672 1018 2727 repensque
1046 2657 1359 2710 immutavit
1382 2658 1456 2720 ²¹;
1478 2656 1644 2709 draco
1668 2656 1938 2722 siquidem

360 2764 481 2809 erat
515 2750 801 2811 terribilis,
833 2756 888 2801 et
917 2745 1131 2817 Moyses
1167 2747 1219 2799 in
1253 2746 1438 2815 fugam
1483 2762 1543 2799 se
1578 2744 1728 2799 dedit
1778 2748 1941 2797 mira-

358 2845 484 2901 culo
518 2841 845 2913 perterritus
877 2857 891 2893 :
926 2846 981 2893 et
1010 2840 1100 2907 qui
1141 2838 1377 2891 Aaroms
1411 2838 1666 2890 baculum
1706 2837 1936 2898 siccum,

356 2951 412 2994 et
444 2936 624 3005 ipsum
660 2934 889 2986 multum
914 2941 1041 2984 ante
1075 2938 1312 2999 tempus,
1345 2930 1552 2998 absque
1583 2941 1748 2989 terra,
1773 2938 1827 2983 et
1855 2946 1938 2982 ra-

358 3023 601 3084 dicibus,
632 3029 687 3075 et
712 3020 933 3089 pluviis,
965 3030 1018 3073 et
1050 3020 1197 3072 aeris
1238 3021 1520 3087 temperie,
1552 3020 1633 3074 vel
1678 3020 1795 3073 sola
1838 3036 1932 3073 vu-

360 3114 572 3170 luutate
606 3126 714 3165 una
751 3121 915 3164 nocte
949 3092 1170 3180 germen
1200 3110 1477 3173 emittere,
1504 3122 1555 3162 ct
1582 3110 1709 3161 folia
1739 3118 1936 3179 gratio-

359 3206 617 3279 sissima,
679 3214 733 3257 et
789 3202 1026 3256 fructum
1084 3194 1513 3271 pulcherrimum
1547 3239 1561 3260 ,
1623 3200 1802 3255 ellecit
1853 3202 1935 3267 ²³;

356 3296 546 3352 omnia
594 3309 830 3363 namque
876 3292 985 3347 Deo
1036 3295 1422 3361 nnmipotenti,
1473 3295 1559 3345 cui
1590 3296 1770 3347 onmia
1804 3295 1936 3348 obe-

360 3389 545 3452 diunt,
597 3386 884 3457 possibilia
927 3392 1059 3439 sunt
1104 3401 1118 3439 :
1168 3386 1289 3454 ipse
1344 3386 1458 3438 ictu
1500 3386 1647 3438 oculi
1690 3395 1938 3454 tempore

358 3480 546 3535 debito
574 3492 805 3547 corpora
842 3479 1073 3531 humana
1106 3491 1392 3545 resurgere
1421 3477 1603 3538 taciet,
1640 3493 1736 3532 sua
1761 3478 1937 3548 gratia

359 3571 716 3641 pullulantia,
750 3577 803 3621 et
833 3568 885 3621 in
921 3577 1134 3621 tantum
1166 3567 1390 3633 decora,
1432 3575 1489 3620 ut
1526 3567 1717 3620 divino
1756 3572 1937 3637 splen-

357 3665 495 3717 dore
517 3660 802 3715 inanimati
833 3660 965 3714 solis
992 3658 1178 3713 radios
1199 3675 1362 3728 quam
1390 3661 1625 3713 maxime
1651 3671 1933 3729 superem.

363 3754 595 3824 ‘Iibique
627 3754 957 3822 persuadeat
983 3766 1147 3805 verus
1176 3750 1267 3805 Dei
1301 3765 1497 3803 servus
1518 3789 1533 3813 ,
1565 3752 1657 3819 qui
1700 3766 1765 3805 ex
1798 3750 1933 3804 Sina

359 3858 549 3903 monte
597 3844 811 3899 Iuciferi
862 3846 1040 3897 instar
1075 3840 1385 3903 descendit,
1435 3850 1489 3894 et
1545 3842 1935 3909 splendorilms

359 3937 611 4008 corporis
638 3934 935 4006 gloriosus,
973 3943 1031 3986 ιιι
1066 3949 1158 4002 per
1194 3931 1269 3995 id,
1300 3932 1447 4000 quod
1478 3936 1801 4002 apparebat,
1853 3934 1937 3985 lu.-

360 4038 541 4084 turam
569 4045 637 4082 ex
672 4029 784 4081 alto
816 4028 1047 4096 gratiam
1100 4024 1416 4080 hominibus
1458 4035 1933 4093 pranuonstrarct.

391 4223 500 4297 50
525 4220 711 4278 CXIV.
742 4250 813 4261 —
844 4218 1098 4275 GMNAE
1131 4215 1493 4274 COPIARUM
1538 4217 1862 4275 DUCTUIlI.

433 4315 648 4369 Rursus
680 4328 909 4382 magnus
942 4326 1225 4380 copiarum
1262 4310 1462 4364 ductor
1491 4325 1586 4378 per
1622 4310 1837 4364 litteras
1869 4312 1934 4362 ad

2042 477 2201 545 νάμει
2225 476 2320 526 καὶ
2349 478 2413 544 τῇ
2440 475 2603 546 τέχνῃ
2647 473 2741 525 τοῦ
2772 473 3043 539 πανσόφου
3082 475 3177 525 καὶ
3214 473 3626 542 πάνταίσχύον-

2040 585 2131 620 τος
2194 568 2422 636 Κυρίου,
2484 566 2625 618 οὕτω
2673 567 2769 617 καὶ
2819 566 2875 615 ἐν
2922 564 2997 634 τῷ
3023 565 3164 616 τέλει
3206 564 3300 616 τοῦ
3356 565 3629 633 παρόντος

2040 660 2230 721 αἰῶνος
2276 663 2337 710 ἐκ
2365 659 2464 725 τῆς
2514 656 2734 717 σποδιᾶς
2785 662 3074 723 γενήσεται
3120 656 3150 723 ἡ
3189 654 3486 712 ἀνάστασις
3530 651 3626 702 τοῦ

2042 750 2382 820 ἐφθαρμένον
2411 749 2679 817 σώματος,
2702 748 2796 801 καὶ
2825 747 3250 815 ἐξαναστήσεται
3283 747 3310 798 ὁ
3332 744 3428 798 ἄνθ
3440 759 3626 813 ρωπος

2044 841 2397 909 ζωοποιηθείς
2446 858 2503 892 τε
2539 844 2631 892 καὶ
2658 840 2948 911 ψυχωθεὶς.
2983 840 3081 910 τὴν
3109 840 3206 908 μὲν
3243 835 3627 909 προλαϐοῦσαν

2043 936 2251 1009 φθορὰν
2278 933 2759 1002 ἁποτιναξάμενος,
2791 933 3222 1000 ἐπενδυσάμενος
3247 932 3305 985 δὲ
3336 930 3437 1000 τὴν
3469 929 3626 982 θείαν

2042 1026 2371 1097 ἀφθαρσίαν.

2535 1116 2683 1170 PlB'.
2722 1144 2789 1155 -—
2824 1112 2907 1178 Τῷ
2944 1111 3123 1177 αὐτῷ.

2114 1208 2369 1279 Εἴρηκας,
2410 1206 2507 1276 τὴν
2544 1204 2767 1257 σποδιὰν
2804 1203 2913 1257 τῶν
2963 1200 3318 1271 ἀνθρωπίνων
3353 1201 3627 1270 σωμάτων

2041 1301 2145 1354 ὑπὸ
2172 1300 2279 1353 τῶν
2308 1299 2526 1368 ἀνέμων
2572 1297 2818 1366 πανταχῆ
2866 1294 3357 1365 διασκορπισθῆναί
3396 1311 3457 1346 τε
3528 1293 3625 1346 καὶ

2039 1392 2391 1463 λικμηθῆναι,
2417 1391 2509 1443 καὶ
2534 1389 2584 1442 τί
2612 1389 2824 1453 λοιπόν;
2868 1387 3007 1440 Ἀλλ’
3035 1386 3286 1456 ἐννόησόν
3314 1404 3423 1455 μοι,
3456 1385 3624 1438 πόθεν

2038 1486 2072 1554 ἠ
2105 1485 2176 1554 γῆ
2210 1480 2645 1549 κατεσκευάσθη,
2683 1479 2846 1533 πόθεν
2880 1480 3011 1551 πῦρ,
3049 1481 3143 1531 καὶ
3188 1480 3316 1548 ἀὴρ,
3352 1480 3448 1531 καὶ
3477 1478 3625 1547 ὕδωρ

2041 1577 2378 1645 ὐφέστηκεν;
2432 1575 2658 1638 Πάντως
2707 1574 2853 1644 ὲρείς
2897 1573 2975 1643 τῷ
3029 1573 3374 1645 ἐπερωτῶντι
3413 1591 3474 1626 σε
3514 1574 3629 1625 τῶν

2053 1667 2382 1736 Ἑλληνικῶν
2411 1666 2600 1737 πόρρω
2634 1663 2851 1735 φεύγων
2890 1664 3455 1737 παραφλυαρημάτων
3476 1704 3491 1725 ,
3530 1663 3629 1714 καὶ

2042 1757 2335 1813 ἀποπτύων
2362 1757 2485 1820 τοὺς
2514 1757 2715 1827 λήρους
2744 1756 2854 1809 τῶν
2879 1756 3375 1825 ψευδοφιλοσόφων,
3403 1756 3629 1817 πάντως

2042 1850 2208 1919 ἐρεῖς,
2240 1849 2321 1900 ὅτι
2354 1848 2417 1899 ὲκ
2444 1845 2537 1899 τοῦ
2575 1847 2650 1916 μὴ
2678 1846 2829 1908 ὄντος
2852 1848 2931 1908 εἰς
2963 1846 3024 1898 τὸ
3053 1842 3193 1898 εἶναι
3232 1845 3338 1898 ὑπὸ
3371 1844 3466 1898 τοῦ
3488 1846 3629 1899 Θεοῦ

2040 1941 2109 1992 τὰ
2166 1941 2403 2009 στοιχεῖα
2461 1938 2738 2009 παρήχθη.
2774 1938 2946 2005 Κάγὼ
2997 1938 3174 1991 τοίνυν
3209 1938 3354 2008 φημί
3385 1956 3489 2001 σοι,
3542 1939 3629 1992 ὅτι

2042 2032 2296 2101 καθάπερ
2325 2034 2389 2083 ἐκ
2423 2031 2495 2103 μὴ
2518 2032 2686 2084 ὅντων
2715 2032 2795 2093 εἰς
2826 2030 2886 2083 τὸ
2915 2026 3147 2085 εἶναιτὰ
3175 2033 3353 2085 πάντα
3383 2032 3628 2101 ὑφέστη-

2042 2140 2104 2175 κε
2133 2126 2197 2193 τῇ
2223 2126 2359 2193 ῥοπῇ
2388 2125 2523 2195 μόνῃ
2554 2122 2648 2175 τοῦ
2676 2122 2820 2175 θείου
2850 2122 3208 2192 βουλήματος,
3234 2122 3410 2186 οὕτως
3436 2126 3501 2176 ὲκ
3524 2124 3627 2193 τῆς

2038 2216 2245 2286 τέφρας
2282 2215 2496 2284 ἐκείνης
2533 2217 2632 2284 τῆς
2672 2215 2822 2286 παρὰ
2874 2217 2956 2267 σοὶ
2985 2211 3347 2285 νομιζομένης
3381 2214 3627 2267 manu.

2044 2306 2190 2367 σθαι,
2220 2308 2254 2376 η
2284 2307 2580 2369 ἀνάστασις
2620 2306 2775 2360 ἔσται
2802 2306 2911 2361 τῶν
2940 2306 3297 2377 ἀνθρωπίνων
3326 2308 3624 2377 σωμάτων.

2530 2398 2675 2451 PII".
2710 2428 2783 2443 νην
2814 2396 2899 2463 Τῷ
2940 2397 3122 2462 αὐτῷ.

2122 2488 2178 2540 ’0
2229 2487 2635 2557 παντοδύναμος
2683 2488 2834 2551 Θεὸς,
2883 2490 2911 2539 ό
2961 2490 3060 2558 τὴν
3095 2487 3294 2558 ῥάὗδον
3338 2488 3627 2552 Μωῦσέως

2040 2577 2384 2646 ὲξηραμένην
2442 2576 2534 2631 καὶ
2564 2576 2785 2643 ἄφλοιον
2822 2575 3140 2645 παραδόξως
3181 2574 3504 2645 μεταϐαλὼν
3544 2577 3629 2638 είς

2042 2666 2178 2728 ζῶον
2208 2667 2450 2735 ἔμψυχόν
2484 2684 2543 2717 τε
2577 2668 2671 2720 καὶ
2734 2667 2902 2737 ἕρπον
2952 2667 3187 2737 (δράκων
3230 2666 3340 2736 γὰρ
3366 2661 3434 2735 ἦν
3465 2666 3627 2735 φοϐε-

2044 2759 2155 2830 ρὸς,
2183 2759 2279 2814 καὶ
2305 2759 2495 2828 φεύγει
2520 2760 2759 2830 Μωῦσῆς
2786 2760 2844 2813 τὸ
2870 2760 3054 2831 θαῦμα
3086 2761 3504 2828 καταπλαγεὶςι,
3531 2762 3629 2816 καὶ

2039 2850 2186 2920 ὁτὴν
2237 2850 2329 2902 τοῦ
2375 2851 2580 2920 Ἀαρὼν
2634 2852 2830 2922 ῥάϐδον
2881 2852 3050 2923 ξηρὰν
3077 2853 3427 2923 πολυχρόνιον
3453 2854 3630 2922 ὑπάρ.

2040 2957 2241 3010 χουσαν
2273 2941 2397 3011 δίχα
2429 2945 2551 3011 γῆς,
2583 2943 2677 2995 καὶ
2700 2942 2874 3013 ῥίζης,
2898 2944 2993 2998 καὶ
3024 2944 3268 3014 ὄμϐρων,
3300 2946 3394 2997 καὶ
3425 2945 3629 3015 εὑκραυ

2046 3033 2167 3095 σίας
2220 3033 2420 3103 ἀέρων,
2473 3037 2538 3105 τῇ
2585 3034 2803 3105 θελήσει
2838 3036 2933 3088 καὶ
2967 3036 3102 3107 μόνῃ
3132 3036 3219 3089 διὰ
3251 3038 3383 3105 μιᾶς
3429 3036 3621 3099 νυκτὸς

2042 3128 2408 3197 ἐκϐλαστῆσαι
2432 3128 2684 3199 ποιήσας,
2711 3128 2886 3196 φύλλα
2905 3146 2963 3180 τε
2989 3129 3347 3200 χαριέστατα,
3370 3129 3464 3181 καὶ
3492 3146 3622 3198 καρο

2041 3220 2141 3273 πον
2171 3220 2504 3290 ὡραιότατον
2537 3220 2733 3291 (πάντα
2772 3220 2880 3291 γὰρ
2920 3220 3120 3277 δυνατὰ
3157 3221 3278 3291 Θεῷ
3311 3224 3620 3290 παντοκράσ

2038 3328 2155 3381 τορι
2186 3312 2281 3364 καὶ
2311 3312 2487 3366 πάντα
2525 3311 2780 3380 ἰσχύοντι)
2811 3327 2825 3340 ·
2862 3312 3023 3376 αὐτὸς
3063 3315 3120 3365 ἐν
3160 3314 3294 3384 ῥιπῇ
3340 3313 3618 3384 ὀφθαλμοῦ

2039 3402 2395 3466 ὲξαναστὴσει
2438 3402 2617 3473 καιρῷ
2670 3401 2748 3471 τῷ
2799 3404 3131 3472 προσήκοντι
3184 3402 3255 3457 τὰ
3302 3402 3619 3472 ἀνθρώπεια

2040 3492 2290 3563 σώματα,
2314 3494 2575 3547 θάλλοντα
2602 3496 2667 3564 τῇ
2689 3494 2883 3550 ἑαυτοῦ
2904 3494 3111 3563 χάριτι,
3133 3496 3227 3551 καὶ
3248 3494 3621 3565 ἀγλαῖξόμενα

2040 3585 2132 3637 ἐπὶ
2152 3584 2423 3645 τοσοῦτον,
2458 3584 2598 3637 ὥστε
2636 3586 2997 3655 ὑπερνικῆσαι
3022 3588 3085 3656 τῇ
3118 3585 3238 3657 θείᾳ
3274 3588 3623 3657 λαμπρότητι

2038 3677 2135 3738 τὰς
2169 3676 2341 3744 αὐγὰς
2365 3662 2461 3728 τοῦ
2492 3676 2699 3746 ἀψύχου
2734 3678 2899 3747 ἡλίου.
2937 3677 3046 3731 Καὶ
3094 3679 3327 3732 πειθέτω
3356 3696 3413 3730 σε
3446 3681 3621 3732 Μωῦ-

2040 3766 2141 3834 σῆς
2178 3766 2205 3815 ό
2233 3766 2451 3834 γνήσιος
2482 3766 2753 3835 θεράπων
2803 3765 2896 3819 τοῦ
2946 3765 3272 3836 κρείττονος,
3328 3768 3620 3837 φωσφόρος

2039 3852 2313 3906 κατελθὼν
2346 3856 2406 3905 ὲκ
2440 3853 2534 3907 τοῦ
2572 3855 2781 3908 Σιναίου
2807 3855 2987 3925 ὅρους,
3022 3856 3115 3909 καὶ
3144 3856 3233 3909 τὸν
3261 3858 3445 3926 χρῶτα
3470 3857 3619 3909 δεδος

2039 3944 2300 4011 ξασμένος
2330 3948 2448 4006 ταῖς
2476 3946 2834 4015 λαμπηδόσιν,
2863 3949 3009 4010 ὅπως
3031 3948 3117 3999 διὰ
3142 3948 3236 3999 τοῦ
3286 3952 3622 4017 φαινομένου

2039 4033 2293 4105 προδείξῃ
2346 4034 2443 4104 τὴν
2496 4035 2794 4105 μέλλουσαν
2850 4038 3009 4106 χάριν
3062 4036 3257 4105 ὑψόθεν
3304 4039 3619 4109 ἀνθρώποις

2039 4128 2395 4201 παρέχεσθαι.

2321 4222 2463 4275 PIA'.
2495 4251 2562 4261 —
2590 4220 2800 4292 ΓΑΙΝᾼ
2844 4222 3329 4294 ΣΤΡΑΤΙΙΛΑΤῌ.

2113 4312 2278 4367 Πάλιν
2310 4315 2442 4384 μῖν
2471 4309 2604 4384 ἧκεν
2633 4315 2660 4365 ὁ
2690 4315 2862 4383 μέγας
2899 4315 3275 4386 στρατηλάτης
3318 4317 3406 4370 διὰ
3432 4334 3618 4389 γραμ-

362 4423 464 4463 nos
498 4406 645 4460 venit
669 4418 823 4458 arma
852 4416 1012 4456 cerea
1044 4401 1333 4469 objiciens,
1367 4416 1477 4453 non
1513 4416 1634 4469 qua:
1658 4418 1724 4454 ex
1752 4403 1935 4471 seipso

2049 4408 2226 4479 μάτων
2254 4405 2322 4458 τὰ
2349 4406 2546 4476 κήρινα
2577 4405 3013 4475 προὸαλλὸμενος
3044 4408 3203 4471 ὅπλα,
3244 4411 3342 4463 οὐκ
3365 4411 3455 4476 ἀεῃ*
3488 4414 3620 4463 ὲεω-

362 4497 660 4570 possideat,
687 4496 783 4549 sed
813 4494 1035 4549 aliunde
1053 4492 1415 4562 opprobriose
1437 4494 1768 4562 suscipiens.
1799 4496 1936 4547 hcce

359 4592 532 4656 enim,
577 4588 673 4651 ait,
723 4588 944 4642 divinus
992 4584 1293 4654 Apostolus
1339 4582 1471 4638 Jesu
1537 4585 1933 4641 demissionem

360 4685 572 4741 edixit;
602 4683 671 4737 ad
702 4696 799 4736 eos
829 4680 1053 4740 etenim,
1076 4678 1169 4747 qui
1193 4694 1260 4731 ex
1290 4674 1535 4731 Hebraeis
1561 4678 1933 4740 crediderant.

362 4777 592 4833 scribit:
632 4793 651 4827 ‹
691 4774 919 4842 Semper
949 4771 1084 4824 vivit
1109 4769 1271 4825 Jcsus
1304 4767 1479 4823 Filius
1514 4768 1606 4822 Dei
1651 4770 1717 4821 ad
1763 4769 1934 4822 inter-

362 4871 674 4942 pellandum
722 4882 824 4937 pro
878 4864 1040 4919 nobis
1070 4864 1137 4917 “.
1179 4880 1197 4914 ι
1260 4861 1648 4915 Verumtamen
1700 4868 1934 4914 noscant

286 4943 296 4956 ’
361 4965 455 5036 qui
490 4963 587 5017 tibi
625 4965 740 5015 lucc
769 4958 835 5012 ad
867 4953 1221 5010 scribendum
1258 4964 1586 5022 suggerunt,
1623 4950 1935 5005 Servatoris

362 5055 759 5118 beatissimam,
814 5059 871 5104 et
922 5046 1429 5103 decantatissimam
1494 5044 1935 5113 dispositionem,

364 5164 464 5220 pro
498 5146 655 5201 nobis
706 5141 1202 5209 interpellationem
1245 5152 1389 5198 esse,
1438 5136 1857 5203 nttucuparique
1904 5150 1935 5186 a

359 5239 583 5296 deifcris
605 5276 621 5301 ,
656 5246 709 5291 et
744 5233 1102 5301 diviniloquis
1135 5228 1472 5283 hominibus.

905 5412 1062 5468 CXV.
1095 5440 1163 5450 ——
1200 5409 1403 5461 Eidem.

429 5508 800 5578 Interpellare,
842 5526 948 5560 non
996 5518 1048 5560 ut
1100 5506 1397 5557 Illlliml‘lltll
1450 5499 1832 5561 consuetudo,
1880 5508 1935 5551 ct

434 5685 478 5717 ”
512 5684 679 5740 Exod.
710 5700 775 5750 Iv,
828 5684 881 5739 θ.
941 5684 984 5714 ³³
1021 5681 1188 5737 Num.
1228 5698 1358 5746 mi,
1412 5681 1462 5737 8.

1543 5681 1585 5715 "
1609 5681 1771 5739 llebr.
1797 5697 1891 5748 νιν,
1916 5682 2004 5737 25.

2037 4499 2125 4554 τοῦ
2160 4498 2505 4568 κτησάμενος
2535 4498 2732 4562 ταῦτα,
2764 4498 2880 4551 ἀλλ’
2926 4500 3195 4569 ἑτέρωθεν
3216 4502 3433 4572 ψεκτῶς
3463 4522 3620 4575 πορι-

2036 4592 2289 4659 σάμενος.
2339 4589 2470 4642 Ἰδοὺ
2507 4588 2613 4661 γὰρ
2634 4630 2649 4655 ,
2683 4590 2868 4659 φησὶν,
2902 4592 2930 4643 ό
2979 4592 3121 4656 θεῖος
3169 4594 3491 4658 Ἀπόστολος
3518 4600 3619 4667 τὴν

2033 4683 2300 4736 ὑπόϐασιν
2338 4681 2430 4733 τοῦ
2482 4681 2657 4751 Ἰησοῦ
2697 4682 3068 4753 ἐξεφώνησεν
3116 4688 3320 4756 γράφει
3368 4688 3477 4758 γὰρ
3505 4696 3619 4751 τοῖς

2032 4776 2092 4841 ἐξ
2135 4776 2399 4845 Ἐϐραίων
2429 4777 2889 4842 πεπιστευκόσιν,
2933 4779 3014 4833 ὅτι
3051 4798 3070 4829 ‹
3109 4781 3347 4834 Πάντοτε
3383 4782 3449 4854 ζῇ
3511 4785 3617 4851 Ἰη-

2038 4869 2164 4932 σοῦς
2194 4871 2222 4922 ὁ
2244 4870 2370 4932 Υἱὸς
2397 4867 2489 4921 τοῦ
2511 4868 2645 4922 Θεοῦ
2666 4870 2746 4931 είς
2763 4870 2824 4923 τὸ
2854 4872 3202 4942 ἐντυγχάνειν
3232 4875 3371 4945 ὑπὲρ
3397 4876 3609 4947 ἡμῶν..

2049 4962 2212 5014 Ἀλλὰ
2251 4961 2673 5029 γινωσκέτωσαν
2713 4964 2763 5015 οἱ
2812 4964 3203 5029 ὺποϐάλλοντές
3253 4984 3336 5021 σοι
3389 4971 3615 5023 τοιαῦτα

2036 5053 2392 5112 ἐπιστέλλειν,
2444 5053 2634 5123 ὅτιπερ
2690 5056 2724 5124 ἡ
2777 5054 2869 5107 τοῦ
2914 5057 3163 5126 Σωτῆρος
3215 5063 3612 5134 μακαριωτάτη

2039 5146 2133 5199 καὶ
2189 5144 2566 5214 πολυύμνητος
2622 5147 2949 5217 οἰκονομία,
3005 5151 3224 5220 ἐντυχία
3263 5153 3401 5223 ὑπὲρ
3456 5156 3616 5225 ἡμῶν

2039 5235 2294 5304 ὑπάρχει,
2331 5234 2770 5305 προσηγόρευται
2794 5254 2849 5289 τε
2890 5238 2984 5289 καὶ
3026 5240 3270 5296 καλεῖται
3320 5247 3475 5314 παρὰ
3502 5250 3615 5308 τοῖς

2043 5325 2317 5397 θεοφόροις
2359 5325 2454 5379 καὶ
2489 5326 2772 5395 θεηγόροις
2802 5328 3080 5399 ἀνδράσιν.

2536 5417 2683 5471 ΡΙΕ’.
2711 5445 2781 5457 -·-
2817 5416 2897 5482 Τῷ
2936 5419 3116 5484 αὐτῷ.

2115 5508 2187 5561 Τὸ
2227 5506 2596 5577 ἐντυγχάνειν,
2656 5509 2753 5578 οὐχ
2787 5509 2973 5582 ὥσπερ
3097 5512 3195 5564 τῶν
3248 5512 3457 5567 πολλῶν
3490 5531 3613 5569 συν·
