3822 6216
149 240 224 308 133
1314 235 1687 298 EPISTULA?

1803 229 1850 288 Μ
1892 227 2037 287 LIB.
2075 225 2120 283 Ι.

3257 219 3357 286 134

147 359 286 428 ᾐθεια,
316 357 404 410 καὶ
438 355 498 407 τὸ
537 353 720 423 ζητεῖν
746 351 1045 422 ἐκδίκησιν,
1077 349 1190 418 ἔχει
1215 349 1396 414 (τοῦτο
1427 349 1536 416 γάρ
1569 361 1684 406 πως

1803 337 2074 406 postulare
2127 333 2416 392 ultionem.
2462 330 2661 400 exponi
2713 331 2920 395 debet;
2975 332 3075 385 hoc
3113 348 3350 402 namque.

147 451 216 502 mi
233 445 636 516 ταπεινότητος),
661 443 798 497 ἀλλὰ
820 443 880 496 τὸ
908 441 1229 512 πρεσϐεύειν
1257 441 1394 508 ὑπὲρ
1419 437 1575 508 ἡμῶν
1601 435 1679 505 τῷ

145 544 255 608 λόγῳ
281 540 371 609 τῆς
403 537 694 607 μεσιτείας,
730 535 982 605 καθάπερ
1028 535 1123 587 καὶ
1167 535 1228 585 τὸ
1272 532 1496 600 Πνεῦμα
1541 530 1679 598 ὑπὲρ

145 633 268 702 ήμῶν
294 631 630 700 ἐντυγχάνειν
668 627 907 694 λέγεται.
945 646 962 678 ι
1001 620 1096 688 Εἷς
1131 625 1238 696 γὰρ
1283 623 1434 684 Θεὸς,
1479 615 1558 684 εἷς
1587 619 1680 673 καὶ

143 722 336 794 μεσίτης
367 721 496 773 Θεοῦ
548 721 645 773 καὶ
681 719 983 789 ἀνθρώπων
1005 759 1018 781 ,
1073 717 1362 786 ἄνθρωπος
1409 713 1614 784 Ἰησοῦς
1652 713 1682 765 ὁ

144 814 358 886 Χριπός.
389 832 407 864 ι
446 811 779 882 Πρεσϐεύειν
818 811 926 882 γὰρ
967 810 1188 878 λέγεται
1228 808 1308 861 ἔτι
1347 809 1442 860 καὶ
1479 807 1573 858 νῦν
1606 806 1681 869 ὡς
1717 831 1720 834 λ

141 909 388 976 ἅνθρωπος
415 904 556 975 ὑπὲρ
579 905 679 972 τῆς
709 905 848 972 ἐμῆς
874 903 1168 973 σωτηρίας,
1193 902 1275 954 ὅτι
1302 900 1440 970 μετὰ.
1465 899 1558 951 τοῦ
1586 897 1682 950 σώ·

145 999 286 1068 ματός
311 1000 469 1060 ἐστιν,
503 990 678 1068 οὗπερ
710 997 1065 1066 προσέλαϐεν,
1096 997 1201 1058 ἕως
1231 994 1299 1047 ἂν
1340 993 1440 1063 ἐμὲ
1481 993 1683 1063 ποιήσῃ

141 1088 244 1140 θείων
283 1090 344 1157 τῇ
370 1087 596 1156 δυνάμει
642 1087 743 1156 τῆς
790 1085 1279 1154 ἐνανθρωπήσεως,
1331 1082 1434 1135 κᾶν
1490 1081 1684 1152 μηκέτι

143 1181 259 1231 κατὰ
285 1180 455 1249 σάρκα
477 1176 831 1246 γινώσκεται.
863 1177 931 1230 τά
961 1175 1200 1245 σαρκικὰ
1219 1176 1360 1242 λέγω
1393 1175 1560 1242 πάθη.
1591 1174 1686 1225 καὶ

141 1271 282 1340 χωρὶς
302 1269 395 1338 τῆς
421 1268 697 1337 ἁμαρτίας
718 1269 983 1336 ἡμέτερα.
1019 1266 1176 1320 υύτω
1202 1268 1258 1320 δὲ
1280 1268 1373 1319 καὶ
1402 1265 1688 1337 παράκλη-

138 1375 214 1410 τον
242 1357 424 1427 ἔχομεν
460 1357 599 1428 πρὸς
632 1357 721 1409 τὸν
762 1357 983 1424 Πατέρα
1021 1356 1251 1424 Ἰησοῦν,
1301 1355 1401 1424 οὐχ
1429 1355 1502 1416 ὡς
1546 1353 1686 1424 ὑπὲρ

138 1449 271 1519 ἡμῶν
317 1449 840 1519 προκυλινδούμενον
886 1450 981 1502 τοῦ
1021 1449 1268 1519 Πατρὸς,
1313 1452 1404 1501 καὶ
1452 1449 1689 1518 προσπί-

139 1556 315 1592 πτοντα
339 1539 620 1605 δουλικῶς,
649 1539 832 1606 ἄπαγε
859 1539 955 1610 τὴν
986 1539 1181 1610 δούλην
1211 1540 1379 1602 ὅντως
1411 1540 1688 1604 ὑπόνοιαν,

138 1631 216 1681 καί
241 1631 475 1694 ἀναξίαν.
505 1630 647 1683 υῦτε
673 1631 783 1701 γὰρ
806 1631 898 1684 τοῦ
937 1632 1151 1701 Πατρὺς
1179 1631 1336 1685 τοῦτο
1385 1633 1687 1702 ἐπιζητεῖν,

1781 423 2191 497 quodammodo
2220 421 2574 474 demissionis
2601 419 2764 474 fuerit
2793 441 2805 475 :
2841 422 2935 475 sed
2965 437 3064 491 pro
3098 424 3277 484 nobis.
3303 433 3361 476 ut

1784 518 2052 572 mediator
2078 525 2183 579 est,
2245 513 2573 583 legationem
2607 513 2781 577 obire,
2819 513 2934 568 sive
2967 530 3158 584 preces
3185 516 3370 582 elTun-_

1782 610 1946 673 dere;
1987 607 2448 678 quemadmodum
2485 615 2538 657 et
2574 603 2819 674 Spiritus
2852 622 2952 674 pro
2993 607 3158 661 nobis
3186 607 3359 661 inter-

1783 702 1990 772 pellare
2022 699 2224 753 dicitur
2255 697 2318 750 ".
2359 715 2376 747 ι
2414 695 2564 750 Unus
2601 697 2750 751 enim
2789 697 2954 761 Deus,
2995 713 3140 753 unus
3167 707 3219 754 et
3250 715 3366 754 me-

1783 791 1962 846 diator
1991 789 2084 843 Dei
2123 798 2176 841 et
2210 788 2492 841 hominum
2543 787 2708 840 homo
2757 786 2921 842 Jesus
2967 785 3222 843 Christus
3243 790 3312 842 ¹⁶.
3344 807 3366 839 ι

1784 881 1953 935 Orare
1981 880 2256 947 siquidem
2305 877 2372 930 ad
2421 878 2536 930 haec
2589 893 2766 946 usque
2815 885 3064 946 tempora
3107 893 3205 948 pro
3245 894 3400 932 mea.

1786 974 1964 1027 salute
2004 971 2208 1026 dicitur
2262 979 2321 1022 ut
2362 970 2558 1032 homo,
2608 970 2756 1039 quod
2802 987 2928 1024 cum
2976 985 3208 1040 oorpore
3257 981 3368 1034 est,

1787 1067 1930 1135 quod
1963 1063 2286 1133 assumpsit,
2319 1063 2494 1116 donec
2531 1079 2616 1116 me
2645 1062 2813 1116 Deum
2849 1064 3250 1118 incarnationis
3273 1081 3371 1135 po-

1787 1160 1960 1213 tentia
1985 1156 2170 1221 faciat,
2199 1157 2324 1209 licet
2350 1156 2592 1208 nondum
2629 1155 2931 1209 secundum
2954 1172 3176 1210 carnem
3208 1173 3373 1226 agno-

1788 1259 1997 1312 scatur,
2025 1264 2280 1310 cat-neos,
2320 1250 2576 1317 inquam,
2612 1259 2964 1317 nostrosque,
2993 1265 3102 1304 uno
3141 1259 3374 1319 excepto

1789 1355 2040 1417 peccato,
2092 1344 2342 1397 allectus.
2389 1340 2456 1394 Et
2508 1341 2612 1395 bac
2669 1343 2884 1396 ratione
2944 1343 3368 1396 intercessorem

1790 1439 1936 1508 apud
1964 1439 2206 1502 Patrem,
2235 1437 2448 1501 .lesum,
2486 1453 2596 1490 non
2635 1435 2728 1504 qui
2777 1451 2876 1505 pro
2911 1437 3072 1491 nobis
3101 1444 3235 1489 ante
3269 1434 3371 1488 l’a-

1793 1543 1926 1586 trem
1985 1531 2285 1588 volutetur.
2352 1543 2416 1581 ac
2470 1542 2758 1582 servorum
2819 1543 2970 1582 more
3019 1527 3371 1594 procumbat,

1794 1623 1972 1693 abjice
2001 1623 2142 1676 hanc
2169 1638 2294 1676 vere
2316 1636 2528 1675 servam
2553 1630 2607 1673 et
2637 1619 2917 1689 indignam
2947 1619 3331 1690 cogitationem
3358 1637 3369 1670 :

136 1719 240 1772 οὔτε
270 1721 356 1774 τοῦ
402 1721 535 1774 Υἱοῦ
567 1723 819 1792 πάσχειν,
852 1723 885 1794 ἢ
916 1724 992 1786 ὡς
1028 1725 1156 1794 περὶ
1194 1723 1328 1778 Θεοῦ
1358 1723 1687 1778 διανοεῖσθαι

1803 1711 1896 1782 51
1917 1728 2091 1782 neque
2120 1713 2264 1765 enim
2293 1714 2343 1764 id
2376 1709 2556 1764 Patris
2579 1721 2662 1763 est
2695 1719 2896 1778 petere,
2934 1724 3112 1777 neque
3135 1707 3257 1762 Filii
3292 1716 3378 1761 t0—

134 1811 331 1868 δίκαιον.
369 1813 508 1867 Ἀλλ’
539 1816 567 1867 ὁ
601 1815 810 1885 Ἰησοῦς
832 1816 1099 1870 πέπονθεν
1129 1817 1206 1880 ὠς
1235 1817 1544 1888 ἄνθρωπος,
1573 1817 1690 1870 πεί-

1792 1805 2003 1861 lerare:
2036 1804 2121 1860 vel
2143 1804 2210 1857 de
2230 1823 2296 1858 co
2319 1812 2580 1872 tanquam
2607 1802 2675 1856 tle
2697 1800 2806 1856 Deo
2831 1802 2935 1856 ista
2972 1803 3182 1855 sentire
3207 1799 3375 1855 debe-

137 1904 206 1956 θει
233 1909 514 1977 καρτερεῖν
559 1907 636 1970 ὼς
667 1907 838 1975 Λόγος
865 1909 962 1962 καὶ
1001 1910 1354 1980 παραινέττπς.
1379 1909 1548 1963 Τοῦτο
1580 1909 1687 1978 γὰρ

1803 1913 1938 1953 Inus.
1983 1899 2054 1951 At
2099 1894 2260 1951 Jesus
2295 1911 2494 1965 passus
2527 1903 2613 1949 est
2645 1903 2704 1946 ut
2733 1894 2916 1951 honm.
2949 1901 3010 1946 ut
3042 1892 3285 1947 Verbum
3319 1901 3374 1945 et

134 1993 205 2048 δεῖ
231 2013 284 2049 σε
309 2001 446 2050 νοεῖν
479 1997 580 2050 τὶν
609 2000 979 2070 παράκλησιν.

605 2199 738 2267 Ρις
740 2205 774 2254 ⁷.
802 2231 869 2240 -
895 2200 978 2268 Τῷ
1007 2203 1190 2268 αὐτῷ.

207 2310 595 2384 Ἀναμνήσθητί
636 2333 726 2384 μοι
754 2316 862 2369 τῶν
890 2317 984 2370 τοῦ
1017 2319 1267 2389 Σωτῆρος
1298 2319 1560 2390 ῥημάτων
1606 2317 1693 2372 λέ-

137 2418 297 2469 Tam;
326 2446 341 2469 ,
388 2424 406 2454 σ
431 2407 626 2460 Πάντα
677 2408 776 2460 ὅσα
828 2408 943 2478 ἔχει
970 2422 998 2461 o
1029 2411 1238 2481 Πατὴρ,
1295 2411 1404 2480 ἐμά
1460 2413 1607 2463 ἐστιν
1627 2428 1640 2440 '
1668 2431 1686 2461 ι

138 2495 242 2544 καί·
280 2515 297 2546 ι
329 2497 384 2548 'U
400 2497 668 2566 ἑωρακὼς
712 2501 832 2568 ἐμὲ,
866 2500 1078 2573 ἑώρακε
1107 2504 1196 2555 τὸν
1230 2504 1447 2574 Πατέρα
1471 2521 1483 2533 ·
1516 2527 1531 2556 ι
1573 2507 1690 2565 καὶ,

138 2583 230 2647 Σοὶ,
272 2589 460 2660 Πέτρε,
514 2591 707 2661 δίδωμι
741 2592 1073 2657 αὐθεντικῶς
1101 2595 1200 2658 τὰς
1235 2596 1443 2657 κλεῖδας
1479 2599 1574 2664 τῆς
1606 2595 1696 2665 βα-

139 2679 312 2742 σιλείας
347 2683 455 2734 τῶν
490 2683 761 2753 οὐρανῶν,
798 2686 932 2739 διότι
957 2687 1076 2757 οὐχὶ
1116 2687 1318 2753 δοῦλον,
1341 2690 1461 2742 οὐδὲ
1492 2690 1695 2759 ὐπουρ-

137 2769 628 2843 τὸν,ἢλειτουργὸν
652 2817 667 2841 ,
728 2777 847 2830 οὐδὲ
901 2778 1006 2848 μὴν
1068 2781 1410 2851 ὑποχείριον,
1467 2780 1694 2852 ἢάλλό-

136 2864 278 2930 ςυλον
325 2867 424 2936 τῆς
482 2867 582 2920 τοῦ
638 2869 854 2940 Πατρδς
891 2871 1075 2936 οὐσίας
1107 2890 1174 2942 με
1202 2873 1498 2942 κέκληκας,
1558 2872 1694 2926 ἀλλὰ

135 2955 328 3022 γνήσιον
359 2957 490 3010 Υἱὸν
527 2958 796 3030 ὑπάρχειν
833 2977 900 3030 με
929 2961 1020 3014 τοῦ
1053 2961 1253 3026 ζῶντος
1291 2963 1428 3015 Θεοῦ
1483 2964 1694 3034 ὡμολό-

135 3061 284 3113 γησας
328 3049 387 3113 ἐξ
427 3051 836 3119 ἀποκαλύψεως
885 3052 982 3105 τοῦ
1016 3053 1269 3125 οὐρανίου
1309 3054 1537 3124 Πατρός.
1588 3056 1687 3108 Καὶ

1803 3066 1953 3120 tione
2009 3064 2256 3119 rtelestis
2313 3059 2491 3115 Patris
2556 3060 2739 3114 fassus
2805 3073 2866 3111 es
2921 3057 2988 3110 ’³.

135 3138 272 3189 πάλιν
311 3143 339 3192 ὁ
375 3143 776 3213 εὐαγγελιστὴς
851 3147 1090 3216 εἴρηκεν,
1149 3149 1231 3200 ὃτι
1295 3147 1394 3200 Διὰ
1449 3147 1608 3200 τοῦτο
1647 3148 1696 3200 οί

142 3228 358 3285 Ἰουδαῖοι
393 3235 491 3286 τὸν
522 3234 729 3302 Ἰησοῦν
756 3235 981 3289 ἐδίωκον
1004 3253 1017 3266 ο
1039 3239 1101 3290 οὐ
1136 3239 1296 3307 μόνον
1336 3238 1456 3291 καθ’
1491 3239 1518 3291 ὅ
1559 3256 1608 3292 τι
1637 3240 1698 3291 τὸ

135 3320 386 3378 Σάῶατον
437 3326 620 3389 ἔλυεν,
684 3327 910 3381 ἀλλ’ὅτι
953 3330 1047 3382 καὶ
1096 3330 1287 3383 ἑαυτὸν
1344 3331 1696 3384 ἀπεδείκνυεν

131 3416 324 3482 γνήσιον
359 3417 488 3470 Υίὺν
525 3413 664 3470 εἶναι
697 3419 790 3471 τοῦ
826 3419 981 3475 θεοῦ.
1003 3424 1094 3473 καὶ
1116 3424 1229 3475 ἴσον
1261 3424 1401 3476 κατὰ
1428 3424 1605 3476 πάντα
1622 3422 1696 3491 τῷ

130 3504 342 3576 οὐοανίῳ
370 3509 574 3578 Πατρί.

556 3601 703 3655 PIZ'.
738 3632 809 3641 -
836 3602 1240 3676 summa.

189 3691 509 3766 Κατατελᾷν
528 3711 620 3747 σου
640 3695 868 3756 πολλοὺς
888 3695 996 3748 τῶν
1022 3697 1314 3768 ὀρθοδόξων
1336 3715 1411 3751 πα
1419 3697 1694 3768 ρασκευά-

130 3778 248 3848 ζεις,
288 3791 568 3856 μυστήρια
605 3788 674 3840 τὰ
728 3787 969 3858 μυθάρια
1001 3789 1200 3844 καλῶν.
1234 3790 1378 3861 Πλὴν
1409 3793 1501 3844 καὶ
1546 3794 1695 3844 πᾶσα

131 3872 318 3943 αἵρεσις
377 3877 488 3943 ἔξω
545 3877 644 3946 τῆς
718 3878 954 3946 Χριστοῦ
1017 3878 1274 3949 βαίνουσα
1329 3879 1693 3949 Ἐκκλησίας,

133 3969 391 4041 μυστήρια
435 3971 699 4040 ὀνομάζει
731 3971 800 4024 τά
851 3974 1346 4044 παραφρονήματα.
1408 3971 1564 4025 υύτω
1602 3972 1696 4025 καὶ

131 4059 400 4130 Μανιχαῖοι
449 4064 731 4132 μυστήρια
762 4062 858 4115 καὶ
895 4063 1182 4134 θησαυρῶν
1233 4063 1453 4132 ἀγαθῶν
1491 4065 1697 4116 ἀποκα-

133 4147 347 4205 λοῦσιτά
374 4152 563 4222 βιϐλία
589 4157 687 4223 τῆς
712 4152 1050 4217 δυσσεϐείας,
1074 4154 1166 4207 καὶ
1192 4155 1288 4225 τῆς
1321 4155 1693 4226 παρανομίας·

137 4240 224 4310 ἥδη
251 4244 358 4312 γὰρ
390 4246 702 4316 ἐνεργεῖται
729 4245 790 4298 τὸ
824 4247 1120 4316 μυστήριον
1148 4248 1246 4318 τῆς
1278 4248 1572 4303 ἀπωλείας.

460 4361 618 4413 Ριιιι.
651 4360 946 4431 ΕΠΠἸ)Νῼ
984 4362 1350 4418 ΚΟΥΡΣΟΡΙ.

203 4453 411 4524 Ἐπειδὴ
458 4456 591 4516 τοὺς
651 4454 826 4516 θείους
887 4454 1118 4524 λόγουςὸ
1153 4457 1302 4526 ἅγιος
1359 4457 1600 4528 Μωῦσῆς
1632 4461 1699 4530 τῇ

129 4544 351 4617 ἀσαφείᾳ
371 4547 671 4616 ἐκάλυψεν,
701 4549 788 4601 ἵνα
818 4549 894 4619 μὴ
917 4549 1214 4619 νομίσωσιν
1241 4550 1381 4604 αὐτὰ
1398 4551 1448 4603 oi
1466 4551 1526 4604 τὸ
1548 4568 1699 4614 τηνι-

131 4637 308 4702 καῦτα,
332 4641 427 4693 καὶ
445 4641 498 4692 οἱ
517 4640 612 4693 νῦν
631 4640 722 4692 καὶ
755 4640 893 4710 μετὰ
921 4641 1092 4694 ταῦτα
1115 4642 1308 4713 μωροὶ,
1339 4642 1432 4695 καὶ
1454 4644 1700 4696 ἁσύνετοι

128 4730 227 4782 τῶν
260 4730 552 4804 Ἐϐραίων,
584 4733 659 4796 ὠς
684 4733 882 4796 αὐτοὺς
907 4734 1307 4805 μεμαρτύρηκε
1340 4733 1514 4802 λέγων
1541 4737 1598 4787 ἐν
1627 4737 1694 4806 τῇ

133 4823 331 4896 μεγάλῃ
354 4823 469 4895 ὼδῇ
499 4841 512 4854 ·
547 4845 566 4876 ε
589 4819 757 4888 Οὗτος
785 4825 912 4888 λαὸς
963 4826 1166 4898 μωρὸς,
1207 4829 1300 4882 καὶ
1335 4828 1455 4898 οὐχὶ
1513 4828 1696 4894 σοφὸς,

131 4918 278 4980 γενεὰ
314 4917 735 4988 ἐξεστραμμένη
778 4919 948 4985 ἐστὶν,
1006 4920 1114 4971 υίοὶ
1152 4918 1226 4988 μὴ
1264 4918 1479 4988 ἔχοντες
1514 4920 1698 4974 πίστιν

129 5010 182 5061 ἐν
236 5011 473 5076 ἑαυτοῖς,
528 5009 852 5081 πειράζουσι
907 5011 1001 5062 καὶ
1059 5009 1559 5080 παραπικραίνουσι
1609 5014 1700 5065 τὸν

128 5101 353 5174 Κύριονο
388 5125 408 5158 ι
443 5105 534 5157 διὰ
584 5105 742 5156 τοῦτο
794 5102 1060 5173 κάλυμμα
1109 5103 1350 5156 ἐπετίθει
1393 5103 1473 5174 τῷ
1514 5105 1700 5175 οἰκείῳ

193 5303 236 5334 ’³
264 5302 344 5357 Ro
369 5324 376 5349 ι
404 5345 424 5363 .
453 5321 572 5358 vttt.
602 5304 692 5360 9.6.

130 5387 178 5437 τ,
234 5377 316 5428 18.
393 5379 438 5407 ³⁸
467 5377 508 5431 ιι
537 5375 702 5431 Thes.
757 5392 816 5442 ιι,
856 5377 906 5430 7.
1013 5377 1057 5408 ³⁸
1123 5379 1276 5431 Deut.
1313 5393 1482 5442 χχχιι,
1515 5379 1569 5430 5.

195 5539 267 5607 (ἓ)
301 5537 463 5591 ilnnc
501 5537 703 5594 librum
760 5539 1087 5611 Thesaurum
1146 5547 1307 5592 vocat
1364 5540 1700 5611 Epiphanius

133 5604 311 5664 ἤπιΞεὶ
343 5612 436 5670 (ili,
474 5627 529 5680 ιι.
565 5611 650 5670 13.
688 5611 778 5664 ubi
817 5609 1012 5680 μικρὸν
1047 5608 1318 5680 θησαυρὸν
1360 5604 1698 5664 οιὶιιὶιιιυιιιο-

138 5690 227 5736 rat.
286 5679 573 5752 θησαυρὸν
621 5679 1124 5749 οιὶίιιηίορριιιιεηιι
1185 5679 1442 5738 secratcs
1501 5683 1595 5737 lib.
1662 5697 1699 5741 I.

800 5304 896 5386 ιε’-1
933 5304 1069 5386 Τί,ἔῖ⁸
1100 5322 1160 5386 ,μ
1199 5305 1252 5360 5,
1330 5306 1374 5338 ’τ
1398 5304 1555 5386 Joan.
1586 5324 1687 5370 xvt1

1803 5351 1818 5366 .
1895 5303 1940 5338 ’⁸
1967 5307 2128 5368 Joan.
2164 5327 2274 5363 xw.
2313 5309 2399 5364 ιιι.
2476 5312 2522 5341 ¹¹¹
2577 5308 2766 5362 Matth.
2811 5323 2922 5371 xvi,
2957 5306 3044 5360 18.

1793 1991 2044 2046 hortator
2072 1988 2420 2042 tolerantiam
2447 1987 2662 2042 suadet.
2690 1985 2754 2039 Et
2784 1986 2866 2039 sic
2897 1984 3226 2054 intercessio
3274 1981 3363 2036 in-

1791 2081 2084 2154 telligenda
2113 2089 2220 2135 est.

2331 2209 2518 2267 CXVI.
2560 2243 2627 2256 α-
2663 2209 2865 2264 Eidem.

1866 2326 2176 2382 Recordare
2213 2327 2376 2381 sodes
2416 2326 2706 2381 verborum
2741 2322 3054 2377 Servatoris
3085 2321 3318 2376 dicentis
3357 2340 3373 2378 ι

1801 2436 1820 2470 ι
1862 2418 2062 2472 Omnia
2119 2433 2242 2487 quae
2291 2417 2457 2470 habet
2511 2415 2688 2476 Pater,
2742 2429 2860 2467 mea
2914 2420 3047 2466 sunt
3081 2412 3158 2475 ’7;
3200 2429 3219 2462 ι
3275 2421 3371 2465 et:

1802 2527 1820 2561 ι
1858 2509 1961 2574 Qui
2009 2509 2142 2562 vidit
2178 2525 2282 2568 me,
2331 2506 2470 2560 vidit
2514 2514 2567 2560 et
2605 2503 2818 2558 Patrem
2850 2503 2931 2566 ης
2972 2522 2991 2554 ι
3054 2511 3106 2556 et
3140 2519 3154 2556 :
3228 2500 3374 2560 Tibi,

1794 2600 1980 2665 Petre,
2016 2601 2086 2656 do
2118 2601 2448 2655 auctoritate
2494 2614 2610 2652 mea
2653 2598 2838 2651 claves
2879 2595 3031 2665 regni
3061 2596 3325 2651 ca:lorum
3361 2611 3376 2648 :

1797 2705 2086 2766 prepterca
2118 2695 2262 2762 quod
2308 2708 2417 2746 non
2465 2707 2711 2753 servum,
2766 2705 2944 2758 neque
2995 2688 3377 2750 auxiliarium,

1797 2804 1977 2858 neque
2009 2789 2346 2850 ministrum,
2395 2786 2567 2840 multo
2602 2784 2783 2837 minus
2818 2783 3051 2852 imperio
3093 2782 3383 2851 subjacen-

1799 2886 1930 2940 tem,
1968 2881 2049 2932 vel
2081 2895 2109 2930 a
2141 2889 2368 2948 paterna
2401 2874 2712 2932 substantia
2751 2875 2991 2928 alienum
3023 2889 3109 2928 me
3138 2873 3379 2941 compcl-

1801 2971 1946 3035 lasti,
1979 2971 2073 3025 sed
2101 2984 2292 3024 verum
2326 2968 2524 3022 Filium
2555 2983 2680 3043 esse
2704 2982 2789 3019 me
2815 2965 2919 3017 vivi
2948 2964 3040 3018 Dei
3073 2979 3139 3017 ex
3164 2963 3384 3018 revela-

3055 3053 3382 3124 Rursusque

1803 3155 2141 3225 evangelista
2221 3149 2358 3204 dixit
2401 3167 2416 3204 :
2470 3148 2956 3220 ProptereaJndmi
2985 3147 3380 3217 .lesumpersev

1803 3247 2132 3317 quebantur,
2168 3259 2277 3296 non
2313 3250 2525 3295 tantum
2572 3242 2716 3310 quod
2763 3239 3064 3294 Sabhatunt
3113 3241 3386 3305 solvebat,

1804 3337 1900 3393 sed
1931 3333 2266 3404 etiamquod
2299 3332 2654 3401 semetipsum
2697 3330 3029 3386 ostendebat
3073 3345 3260 3383 verum
3297 3328 3355 3383 Fi

1805 3430 1939 3483 lium
1994 3442 2118 3482 esse
2164 3425 2280 3489 Dei,
2333 3431 2390 3478 et
2449 3424 2685 3478 similem
2750 3421 2804 3476 iu
2861 3422 3122 3475 euntibus
3171 3421 3384 3475 t-mlesti

1807 3519 1950 3573 l‘atri
1979 3519 2045 3570 ³ο.

2220 3603 2432 3660 CXVII.
2470 3635 2539 3645 -—-
2580 3601 2952 3658 EVANDRIO.

1875 3699 2171 3769 Plerosque
2211 3709 2357 3754 recte
2398 3701 2701 3753 sentientes
2733 3697 2826 3750 tibi
2862 3696 3089 3750 illudere
3124 3694 3279 3757 facis,
3313 3693 3385 3747 fa-

1803 3793 1975 3848 bellas
2040 3791 2300 3862 mysteria
2366 3804 2715 3860 nuncupatis.
2780 3787 2972 3843 Oinnis
3029 3788 3386 3843 nihilominus

1805 3891 1953 3936 secta
1988 3875 2153 3934 extra'
2189 3879 2280 3934 Dei
2320 3879 2624 3935 Ecclesiam
2664 3879 2926 3933 aberrans
2971 3877 3204 3947 ineptias
3254 3892 3385 3931 suas

1803 3974 2066 4045 mysteria
2100 3981 2280 4027 vocat.
2313 3971 2438 4026 Pari
2474 3972 2685 4026 ratione
2719 3970 3002 4026 Manichaei
3039 3969 3294 4041 mysteria
3331 3980 3387 4025 et

1805 4069 2120 4123 thesaurum
2172 4067 2377 4120 bonum
2427 4065 2726 4134 impietatis
2759 4079 2894 4123 suae.
2923 4078 2986 4117 ac
3018 4062 3386 4132 improbitatis

1803 4161 1976 4214 libros
2001 4158 2278 4230 appellant
2305 4174 2320 4212 :
2357 4173 2593 4228 namque
2615 4157 2728 4227 jam
2759 4172 2926 4228 opere
2951 4155 3230 4226 perficitur
3260 4171 3386 4226 per-

1731 4291 1776 4347 ι)
1803 4254 2028 4308 ditionis
2057 4253 2375 4322 mysterium
2411 4252 2454 4283 ³¹

2024 4384 2128 4454 52
2162 4383 2392 4439 cxvut.
2427 4415 2496 4426 -
2529 4382 2826 4440 EPIGONO
2851 4382 3174 4440 CERSORI.

1870 4475 2104 4541 Quando
2130 4475 2347 4528 divinos
2368 4489 2652 4529 sermones
2673 4481 2898 4528 sanctus
2919 4473 3131 4544 Moyses
3153 4473 3387 4526 obscure

1799 4564 2016 4621 extulit.
2052 4577 2120 4616 ne
2154 4577 2249 4617 eos
2284 4562 2374 4631 qui
2417 4569 2531 4615 tum
2566 4569 2748 4626 erant,
2791 4570 2846 4615 et
2877 4576 3022 4613 ntmc
3065 4561 3288 4621 vivunt,
3332 4566 3385 4611 et

1802 4652 2145 4722 postmodum
2168 4652 2333 4706 futuri
2353 4661 2502 4717 sunt,
2531 4651 2710 4714 stulti,
2741 4652 3021 4721 ineptique
3052 4648 3266 4704 Hebraei
3299 4649 3384 4701 iu-

1801 4745 2128 4815 telligerent,
2161 4754 2217 4796 ut
2245 4744 2360 4813 ipse
2395 4744 2713 4798 testimonio
2737 4758 2839 4797 suo
2867 4743 2919 4795 in
2949 4755 3144 4810 magno
3168 4739 3385 4794 cantico

1799 4839 2222 4905 comprobavit:
2266 4857 2284 4890 ‹
2325 4836 2425 4892 ilic
2470 4838 2704 4907 populus
2737 4851 2837 4890 nec
2871 4844 3069 4900 mente,
3114 4851 3212 4888 nec
3253 4849 3382 4888 cou-

1799 4929 1926 4983 silio
1951 4931 2231 4999 prteditus,
2265 4930 2549 5000 generatio
2574 4929 2805 4984 distorta
2837 4937 2922 4982 est
2951 4945 2964 4981 :
3002 4928 3096 4981 lilii
3128 4942 3235 4980 non
3281 4926 3381 4981 ha-

1800 5021 1994 5076 bentes
2044 5022 2200 5076 Iidem
2239 5022 2290 5074 in
2323 5022 2632 5092 semetipsis
2656 5061 2670 5085 ,
2706 5029 2943 5080 tentant,
2975 5029 3029 5074 et
3056 5027 3381 5090 exasperant

1809 5111 2100 5166 Dominum
2134 5113 2208 5178 ";
2250 5131 2268 5164 ι
2306 5121 2593 5182 prepterea
2630 5111 2873 5165 velamen
2901 5110 3209 5180 apponebat
3252 5123 3380 5179 pro-

3147 5304 3192 5337 ³⁸
3216 5303 3377 5359 Joan.

1812 5556 1932 5608 cap.
1964 5540 2055 5602 2‘2,
2087 5549 2140 5593 et
2174 5539 2457 5612 Suidasnin
2488 5556 2621 5594 voce
2644 5542 2855 5612 Μάνης.
2886 5543 3213 5599 Τίιρδαιιηιηι
3256 5547 3374 5599 Hic.-

1815 5627 2102 5686 rouymum
2138 5623 2324 5686 contra
2376 5611 2716 5686 Viminalium
2747 5611 2802 5686 et
2837 5617 2901 5668 ad
2941 5616 3043 5671 lsa.
3077 5633 3196 5686 (τη).
3231 5632 3390 5675 LXIV.

1807 5672 2177 5751 Corcumtus,
2213 5681 2357 5737 Man.
2395 5672 2460 5738 Ε.
2494 5682 2554 5738 G.
2589 5683 2628 5750 i,
2657 5684 2780 5738 618.
2809 5687 2869 5740 (.3.
