3822 6216
374 265 476 329 135
1846 248 1883 307 S

3530 238 3633 303 136

371 383 502 451 prim
542 374 862 448 praelocenti
909 371 1102 435 faciei;
1155 380 1209 423 et
1261 370 1363 423 hac
1399 368 1613 422 ratione
1658 364 1880 436 prudent

2123 361 2519 433 ταστράπτοντι
2543 361 2841 432 προσώπῳ,
2875 365 2970 416 καὶ
3001 362 3175 427 οὕτως
3209 362 3481 430 διελέγετο
3519 365 3632 426 τοῖς

375 484 423 527 3t
469 472 562 540 qui
604 468 873 539 sapientia
922 463 1215 534 [Egyptios
1254 461 1675 521 aemulabantur,
1711 458 1884 526 alloqu

1767 458 1956 526 loque-
2062 455 2273 523 νοητοῖς
2311 453 2405 505 καὶ
2438 452 2865 521 Αίγυπτιὰζουσι
2901 457 2967 523 τῇ
2997 456 3276 526 φρονήσει.

375 574 532 619 batur
555 561 623 616 ³⁸.
681 628 698 638 α

912 646 1101 702 (ΖΧΙΧ.
1133 675 1199 686 --
1233 642 1440 696 Eidem.

2561 636 2703 690 PIO’.
2738 666 2809 678 —
2840 635 2925 702 Τῷ
2961 635 3140 701 αὐτῷ.

446 743 665 798 Faciem
695 740 896 811 Moysis
932 742 1112 791 lumen
1139 752 1261 791 esse
1293 730 1647 788 Pentateuchi
1677 728 1954 790 existima,

2135 728 2426 798 Πρόσωπον
2454 729 2733 793 Μωῦσέως
2768 728 2961 799 νόησον
2990 726 3130 782 εἶναι
3159 729 3219 781 τὸ
3242 745 3358 796 φως
3378 727 3478 797 τῆς
3504 728 3644 779 [Iav-

379 838 621 893 velamen
652 837 933 890 beatorum
959 845 1273 885 sermonum
1303 825 1713 887 (ὠδιουνίιιιιεηι,
1740 831 1793 875 et
1812 837 1881 889 qu

2133 816 2356 887 ητεύχου,
2393 819 2654 888 κάλυμμα
2673 819 2730 871 δὲ
2752 819 2811 872 τὸ
2838 819 3046 887 ἀσαφὲς
3090 817 3197 869 τῶν
3228 814 3518 887 μακαρίων
3550 813 3642 865 λό-

380 928 680 1000 parabolis,
721 933 816 977 aut
866 920 1154 992 symbolis,
1206 919 1321 971 sive
1364 916 1526 970 etiam
1575 910 1889 981 tenigmatib

2138 929 2195 973 ιν,
2248 911 2343 963 καὶ
2385 910 2446 964 τὸ
2492 910 2878 982 παραδολικδν,
2925 910 2959 981 ἢ
3016 906 3365 979 συμϐολικὸν,
3432 905 3530 958 καὶ
3582 904 3647 957 τὸ

380 996 719 1090 exprimitur.
765 1015 828 1069 Et
869 1021 1097 1069 sanctus
1134 1010 1350 1081 Moyses
1388 1022 1553 1075 super
1596 1012 1761 1075 puteo
1788 1002 1853 1067 “,

2138 1003 2478 1073 οιγματῶδες.
2540 1005 2648 1057 Καὶ
2701 1004 2846 1072 λέγει
2875 1006 2902 1057 ὁ
2928 1004 3082 1072 ἅγιος
3153 999 3395 1069 Μωῦσῆς
3423 1000 3517 1049 ἐπὶ
3550 996 3647 1049 τοῦ

382 1129 490 1185 quo
521 1126 713 1165 omnes
742 1108 948 1169 bibere,
981 1104 1245 1158 nonuuila
1288 1115 1384 1170 per
1423 1098 1642 1151 modum
1691 1095 1891 1166 parabo

2137 1095 2321 1159 ιέατος,
2343 1095 2469 1167 ὅθεν
2494 1095 2695 1159 πάντες
2717 1094 3029 1158 πεπώκασι,
3069 1087 3456 1162 παραϐολικῶς
3480 1106 3607 1141 τινα
3631 1102 3646 1117 ⁸

384 1184 590 1269 refert;
627 1198 973 1270 postmodum
1010 1195 1162 1250 addit
1194 1213 1207 1247 :
1245 1212 1263 1243 ‹
1298 1191 1591 1260 Propterea
1628 1187 1837 1251 dicent,
1868 1202 1893 1256 q

2142 1189 2161 1239 ἱ
2201 1188 2327 1257 ἑξῆς
2373 1189 2656 1260 ἐπιφέρει’
2699 1188 2797 1242 Διὰ
2845 1187 3001 1241 τοῦτο
3037 1184 3254 1257 ἐροῦσιν
3299 1185 3351 1237 οἱ
3388 1184 3651 1252 αἰνιγμα-

384 1293 628 1364 captiose
651 1296 707 1343 et
734 1286 991 1357 perplexe
1023 1290 1350 1351 argutantur
1387 1280 1502 1332 lucc
1529 1284 1583 1331 et
1611 1278 1725 1330 haec
1755 1274 1823 1326 ³⁵.

1207 1290 1350 1333 mtur
1387 1280 1502 1332 lucc
1529 1284 1583 1331 et
1611 1278 1725 1330 haec
1755 1274 1823 1326 ³⁸.
2068 1282 2249 1335 τισταὶ
2289 1281 2413 1336 τάδε
2446 1284 2538 1335 καὶ
2569 1281 2716 1335 τάδε.

935 1385 1103 1442 CXX.
1127 1413 1199 1424 --
1222 1382 1434 1436 Eidem.

2560 1376 2690 1428 PK'.
2724 1404 2796 1414 —-
2825 1372 2908 1438 Τῷ
2925 1370 3108 1437 αὐτῷ.

456 1487 514 1543 Si
554 1503 679 1543 cum
717 1484 975 1555 Iacrymis
1020 1482 1088 1535 ad
1132 1479 1417 1535 Christum
1462 1482 1816 1531 convertatur
1861 1470 1964 1527 He-

2155 1468 2281 1522 Ἐὰν
2313 1468 2451 1539 μετὰ
2475 1466 2756 1539 κλαυθμοῦ
2778 1467 2914 1539 πρὸς
2942 1465 3034 1519 τὸν
3066 1463 3301 1535 Χριστὸν
3327 1460 3657 1533 ἐπιστρέψει

387 1583 591 1643 brieus,
627 1580 892 1634 infantem
923 1590 1091 1645 agens
1125 1570 1433 1627 secundum
1478 1583 1730 1638 puerum,
1776 1565 1896 1620 lsm:

2153 1561 2387 1631 Εὖραῖος
2430 1560 2711 1631 νηπιάζων
2742 1557 2885 1612 κατὰ
2922 1558 2983 1611 τὸ
3019 1556 3216 1629 βρέφος
3269 1557 3330 1609 τὸ
3358 1556 3661 1625 λεγόμενον

388 1676 617 1735 dictum,
650 1671 936 1725 oculorum
986 1665 1210 1726 mentis,
1254 1663 1404 1732 Agar
1455 1667 1783 1729 nuncupata:
1822 1656 1897 1711 vel

2149 1654 2334 1724 ςμαὴλ,
2372 1654 2740 1723 περιαιρεῖται
2775 1650 2839 1702 τὸ
2879 1649 3146 1718 κάλυμμα
3198 1647 3308 1700 τῶν
3355 1645 3658 1715 ὀφθαλμῶν

390 1714 617 1735 “mm...
652 1714 936 1725 νυ...-..-...
987 1714 1210 1726 ---------,
1254 1714 1335 1732 --υ
1382 1714 1391 1716 ἡ
1457 1714 1466 1715 ,
1586 1714 1589 1715 ,
1645 1714 1658 1729 ,

390 1785 514 1823 men
544 1763 836 1822 abstrahit.
870 1772 1149 1829 propeque
1194 1755 1409 1809 invenit
1442 1768 1639 1822 aquam
1682 1751 1859 1804 vivam
1890 1768 1899 1801 ε

2150 1714 2579 1814 ξδωὶνώξτῆξ
2624 1742 2962 1813 καλουμένης
3008 1714 3208 1808 ίᾸγαρ,
3263 1739 3359 1792 καὶ
3402 1714 3659 1805 γέγγῦθεν

390 1861 532 1913 vime
563 1856 883 1924 Scriptum,
929 1852 1005 1904 uti
1054 1847 1281 1902 addecet
1324 1847 1651 1915 expositam,
1700 1844 1850 1912 potui
1886 1857 1899 1893 ε

2155 1837 2323 1907 ρίσκει
2364 1835 2425 1887 τὸ
2467 1832 2576 1899 ζῶν
2635 1832 2780 1904 ὕδωρ
2822 1833 2919 1902 τῆς
2958 1830 3110 1893 θείας
3159 1829 3382 1900 Γραφῆς
3426 1828 3664 1889 δεόντως

392 1919 819 2007 commodafam,
855 1949 1020 2008 atque
1053 1935 1405 2007 pellucidum,
1450 1943 1502 1988 et
1540 1934 1610 1987 ab
1660 1930 1901 1985 iulidelit.‘

2163 1927 2431 1998 ιηνευθὲν,
2487 1925 2713 1995 πότιμόν
2738 1942 2798 1977 τε
2849 1924 2945 1977 καὶ
2966 1922 3208 1991 διαυγὲς,
3247 1919 3459 1975 καὶτοῦ
3503 1920 3672 1974 θανά.-

395 2037 593 2093 mortis
618 2035 936 2088 liberautem
962 2028 1031 2080 ³⁸.

2078 2039 2174 2075 του
2203 2024 2303 2093 τῆς
2328 2020 2585 2082 ἀπιστίας
2607 2019 2807 2089 λυτρού
2816 2034 2998 2089 μενον.

849 2122 954 2193 53
996 2118 1185 2175 CXXI.
1215 2149 1286 2161 --
1319 2118 1529 2172 Eidem.

2576 2108 2753 2166 PKA'.
2771 2140 2843 2150 —-
2859 2108 2944 2175 Τῷ
2976 2106 3155 2172 αὐτῷ.

466 2221 768 2290 Quousque
807 2214 1024 2269 Ilebraai
1062 2214 1222 2267 iidem
1270 2212 1440 2266 beata:
1474 2211 1626 2263 Sara:
1659 2221 1769 2261 non
1805 2218 1975 2274 posst-

2164 2205 2357 2277 Μέχρις
2384 2204 2450 2259 ἂν
2489 2205 2562 2274 μὴ
2589 2206 2877 2275 κτήσονται
2912 2203 2971 2256 δὲ
3013 2203 3061 2255 οἱ
3093 2199 3333 2273 Ἑϐραῖοι
3361 2199 3460 2270 τὴν
3482 2198 3673 2251 πίστιν

396 2315 648 2375 debuut,
678 2286 854 2366 serva:
882 2309 1030 2377 Agar
1080 2320 1282 2360 nomen
1334 2318 1526 2359 eorum
1573 2300 1742 2355 menti
1792 2296 1905 2367 app?

2167 2313 2183 2359 ;
2208 2296 2482 2365 μακαρίας
2505 2296 2740 2367 Σάρρας,
2773 2293 2870 2362 τῆς
2902 2291 3160 2355 οἱκέτιδος
3196 2291 3377 2359 Ἀγαρ
3408 2288 3469 2340 τὸ
3498 2286 3676 2356 ὄνομα.

399 2408 636 2480 gendum
664 2415 745 2460 est
777 2405 846 2458 ³⁷.

2089 2390 2154 2458 τῇ
2192 2385 2387 2458 γνώμῃ
2412 2386 2589 2439 αὐτῶν
2615 2384 2968 2455 ἐπιφημίζειν
2992 2384 3128 2436 δέον.

921 2492 1135 2550 CXXII.
1172 2520 1243 2533 —-
1269 2487 1477 2542 Eidem.

2572 2475 2750 2531 PKB'.
2779 2505 2849 2516 --
2876 2475 2963 2541 Τῷ
2987 2474 3167 2539 αὐτῷ.

470 2589 642 2644 Multa
711 2587 1124 2656 speculatione,
1196 2592 1251 2635 et
1304 2575 1669 2646 intelligentia
1747 2568 1979 2624 Mosaica

2171 2569 2285 2623 ὐτι
2355 2568 2554 2638 πολλῆς
2614 2566 2847 2636 θεωρίας
2910 2566 3008 2620 καὶ
3079 2567 3317 2636 νοήσεως
3388 2564 3566 2618 δεῖται
3617 2562 3680 2615 τὸ

404 2684 657 2751 scripta.
709 2693 927 2731 necnon
982 2671 1253 2745 profunda
1310 2666 1715 2739 perquisitione
1746 2660 1913 2729 indigi

2170 2660 2389 2716 υσαῖκὺν
2430 2659 2685 2731 γράμμα,
2738 2658 2831 2712 καὶ
2878 2657 3101 2729 βαθείας
3136 2658 3385 2729 ἐρεύνης,
3438 2656 3679 2711 πειθέτω

405 2747 742 2845 persuadeat
805 2778 858 2822 te
924 2767 1159 2837 mystica
1220 2758 1575 2830 compellatio
1625 2753 1773 2825 putei
1819 2751 1914 2805 visi

2213 2752 2246 2822 ἡ
2288 2752 2525 2821 μυστικὴ
2579 2749 2918 2822 προσηγορία
2963 2750 3057 2804 τοῦ
3109 2749 3339 2821 φρέατος
3396 2748 3495 2819 τῆς
3541 2747 3680 2819 ἀρά-

406 2868 497 2921 nis
524 2865 591 2920 ³⁸.

2098 2859 2256 2906 σεως.

903 2946 1138 3005 CXXIII.
1180 2976 1248 2986 -—
1285 2942 1494 2996 Eidem.

2596 2933 2769 2987 PKI".
2801 2963 2869 2973 ——
2898 2931 2983 2998 Τῷ
3002 2930 3182 2996 αὐτῷ.

478 3046 558 3101 Ne
592 3043 824 3115 patiaris
856 3043 910 3099 in
950 3042 1036 3094 his
1067 3082 1080 3103 ,
1137 3052 1259 3107 quae
1290 3046 1343 3090 te
1377 3032 1729 3103 opprimunt,
1761 3026 1987 3081 infortu-

2176 3026 2260 3098 Μὴ
2286 3024 2554 3098 καταδέξῃ
2580 3026 2636 3079 ὲν
2653 3027 2773 3088 ταῖς
2795 3025 3148 3089 ὲπελθούσαις
3177 3026 3480 3096 συμφοραῖς
3503 3040 3685 3092 παρα-

412 3139 521 3193 uiis
555 3152 709 3206 spem
760 3134 963 3188 bonam
1001 3129 1277 3198 abjicere,
1315 3138 1496 3193 neque
1560 3120 1761 3175 divinae
1797 3132 1921 3186 exs;

2175 3136 2258 3173 σαι
2281 3120 2342 3173 τὸ
2367 3118 2576 3181 εὔελπι,
2630 3117 2765 3189 μηδὲ
2804 3118 3047 3189 χαλάσῃς
3078 3117 3137 3170 τὸ
3164 3116 3333 3186 κέρας
3379 3117 3479 3185 τῆς
3526 3114 3684 3178 θείας

410 3230 674 3285 ctationis
707 3242 878 3280 cornu
911 3225 1143 3278 relaxes.
1168 3217 1351 3273 Facile
1384 3216 1529 3269 enim
1558 3212 1668 3267 Deo
1697 3221 1805 3273 est,
1838 3223 1919 3263 mo

2177 3211 2446 3274 οσδοκίας.
2490 3210 2646 3281 Ῥᾷον
2697 3210 2804 3279 γὰρ
2852 3209 2931 3280 τῷ
2958 3208 3077 3279 Θεῷ
3101 3208 3413 3281 βουληθέντι
3446 3208 3516 3260 τὰ
3548 3226 3686 3261 σκυ-

410 3322 651 3379 voluerit
680 3361 695 3385 ,
729 3318 910 3373 tristia
938 3318 992 3369 iu
1026 3316 1151 3368 lzeta
1187 3322 1525 3377 auimnaque
1551 3311 1900 3359 convertere.

2175 3306 2427 3377 ωπότερα
2486 3305 2579 3357 ἐπὶ
2648 3304 2710 3356 τὸ
2768 3304 2953 3375 ἱλαρόν
3007 3321 3068 3356 τε
3120 3302 3213 3355 καὶ
3267 3302 3496 3374 φαιδρὸν
3550 3318 3684 3372 μετ-

659 3490 898 3550 CXXIV.
929 3520 999 3530 —
1031 3480 1421 3541 BENJAMINO
1461 3476 1787 3534 IIEBIUEO.
2105 3416 2163 3451 εν

2105 3399 2346 3467 ενέγκαι.

2444 3483 2615 3539 ΡΚΔ’.
2640 3485 3065 3538 -ΒΕΝΙΑΜΙΝ
3089 3484 3356 3555 ΕΒΡΛῙῼ.

487 3593 586 3648 Ais
637 3600 691 3645 te
744 3589 800 3642 in
859 3583 1049 3638 multis
1098 3578 1287 3634 Iesum
1344 3577 1656 3637 celebrare,
1705 3570 1802 3626 sed
1858 3570 1996 3639 quod

2183 3579 2409 3639 Φάσκεις
2449 3579 2506 3629 ὲν
2529 3576 2741 3638 πολλοῖς
2770 3577 2863 3627 τὸν
2906 3573 3112 3644 Ἰησοῦν
3143 3576 3407 3639 ἐπαινεῖν,
3434 3575 3493 3629 ὲν
3524 3574 3586 3628 δὲ
3614 3575 3692 3644 τῷ

421 3686 731 3741 Sabbatum
762 3680 857 3732 ille
891 3672 1202 3746 neglexerit
1229 3710 1243 3733 ,
1276 3665 1737 3733 dissolveritque,
1770 3661 1930 3730 iniqu?

2180 3671 2353 3743 Lpt65i'v
2401 3670 2561 3721 αὑτὸν
2597 3669 2692 3721 καὶ
2718 3667 2878 3721 λῦσαι
2904 3668 2964 3721 τὸ
2999 3667 3303 3732 Σάϐϐατον,
3334 3669 3430 3721 καὶ
3473 3670 3689 3740 σφόδρα

421 3779 565 3833 simo
591 3774 778 3828 animo
809 3771 978 3823 ferre.
1017 3762 1411 3819 Verumtamen
1447 3756 1724 3810 hominem
1753 3753 1807 3806 in
1846 3768 1930 3806 om

2185 3764 2463 3816 ανακτεῖν.
2486 3760 2629 3813 Ἀλλ’
2652 3762 2712 3813 οὐ
2735 3761 2965 3815 πάντοτε
2984 3762 3175 3831 νήπιον
3196 3760 3300 3833 χρὴ
3318 3762 3585 3830 ὑπάρχειν
3602 3764 3694 3814 τὶν

423 3880 645 3939 tempus
674 3863 964 3935 parvulum
1022 3871 1149 3911 esse
1204 3869 1314 3907 non
1356 3851 1534 3904 decet.
1587 3845 1835 3915 Namque
1882 3860 1932 3899 cr

2184 3854 2420 3924 θρωπον·
2458 3852 2534 3914 εἰς
2553 3851 2721 3922 ἄνδρα
2755 3852 2864 3922 γάρ
2886 3869 2969 3913 τις
3001 3851 3246 3913 τελέσας,
3274 3852 3373 3904 οὐκ
3405 3851 3693 3915 ἓτιὰνέξε-

426 3963 555 4033 quis
609 3959 674 4012 ad
727 3955 941 4009 virilem
1004 3956 1221 4002 a'tatem
1267 3941 1636 4013 perveniens,
1695 3954 1803 3992 non
1852 3952 1931 4006 req

2185 3966 2201 3998 t
2218 3944 2531 4008 ποτίζεσθαι
2556 3944 2810 4011 γάλακτι,
2849 3943 2944 3996 καὶ
2962 3946 2989 3997 ὁ
3013 3943 3147 4013 πρὸς
3177 3944 3245 3996 τὰ
3260 3945 3369 3996 τῶν
3387 3945 3694 4013 φιλοσόφων

428 4028 617 4108 animo
650 4049 851 4110 ferret,
886 4044 933 4100 si
975 4043 1119 4094 lacte
1152 4047 1409 4108 potatur;
1441 4041 1496 4087 et
1530 4030 1624 4101 qui
1665 4029 1731 4082 ad
1767 4028 1937 4098 philos

2184 4038 2359 4106 μήσας
2398 4034 2712 4106 μαθήματα,
2756 4035 2855 4087 οὐκ
2891 4034 2957 4088 ἄν
2986 4034 3342 4098 καταδέξαιτο
3386 4036 3693 4106 ἁλφαϐήτῳ

429 4146 622 4218 phicas
648 4139 976 4209 disciplinas
1005 4133 1233 4205 gradum
1275 4129 1443 4193 fecit,
1490 4142 1601 4180 non
1656 4124 1815 4178 facile
1843 4136 1938 4177 sus

2185 4130 2567 4199 δοσκαρτερεϊν.
2598 4126 2712 4198 Πρὸ
2740 4126 2918 4179 τοίνυν
2947 4125 3043 4178 τοῦ
3073 4126 3170 4196 τὴν
3212 4127 3462 4196 οὐράνιον
3505 4128 3694 4195 ἐπιδη-

428 4212 583 4290 nebit
624 4232 805 4285 adhuc
838 4229 894 4283 in
933 4223 1209 4294 alphabeti
1255 4220 1449 4273 ordine
1486 4217 1811 4288 perdurare.
1844 4212 1937 4283 Igil

2188 4239 2289 4291 ισαι
2311 4221 2501 4289 σοφίαν
2527 4222 2637 4282 τοῖς
2667 4218 2995 4289 ἀνθρώποις,
3030 4217 3173 4286 καλὴ
3209 4216 3504 4289 ἐτύγχανεν
3525 4221 3560 4287 ἡ
3604 4220 3697 4272 τοῦ

431 4339 559 4382 ante
612 4321 862 4380 cmlestis
919 4316 1209 4388 sapientiae
1259 4315 1314 4367 in
1380 4312 1629 4365 homines
1676 4306 1940 4360 adventum

2188 4309 2396 4363 ιὸὗάτου
2423 4308 2825 4379 παρατήρησις,
2864 4306 2960 4359 καὶ
2987 4305 3285 4375 ὠφέλιμος,
3320 4305 3415 4361 νῦν
3445 4307 3521 4371 δὲ,
3556 4325 3629 4361 κα
3642 4309 3697 4359 τὰ

431 4419 643 4491 optima
706 4422 826 4471 erat
881 4409 1109 4466 Sabbati
1176 4405 1530 4467 observatio,
1587 4408 1643 4456 et
1707 4398 1900 4462 utilis;

2190 4418 2217 4452 ν
2251 4398 2493 4472 Χριστοῦ
2521 4397 2952 4468 ἐπιδημίαν,οὐκ
2966 4397 3103 4450 ἐστιι
3145 4397 3448 4468 ἐπιτήδειος
3469 4414 3484 4431 ·
3512 4400 3699 4451 ὲπάίω

434 4526 581 4566 nunc
604 4516 729 4578 post
761 4504 969 4560 Christi
1015 4501 1310 4555 adventura
1360 4492 1715 4550 accommoda
1751 4506 1860 4544 non
1910 4503 1940 4542 e

2190 4509 2231 4561 ιρ
2254 4491 2343 4544 καὶ
2379 4487 2601 4560 ἡμερῶν
2616 4487 2711 4540 καὶ
2733 4487 2960 4559 χρόνων,
2999 4486 3097 4540 καὶ
3129 4488 3330 4551 παντὸς
3351 4488 3447 4541 τοῦ
3489 4487 3699 4557 κόσμου

436 4603 616 4672 Supra
647 4600 791 4653 enim
828 4603 884 4649 et
912 4595 1032 4647 dies
1061 4599 1114 4646 et
1161 4598 1411 4658 tempora
1433 4627 1450 4653 ,
1511 4593 1566 4639 et
1596 4580 1860 4638 tnundum
1898 4596 1945 4633 ui

1242 4603 1450 4658 upora,
1511 4593 1566 4639 et
1596 4580 1860 4638 tnundum
1898 4579 2021 4633 uui-
2123 4586 2383 4657 φρονήσει
2407 4580 2751 4653 Χριστιανός.

434 4707 654 4751 versum
680 4686 1035 4745 Christianus
1065 4682 1260 4751 sapiet.

878 4777 987 4851 54
1023 4770 1234 4831 (ΖΜΝ.
1264 4802 1333 4812 -
1367 4768 1576 4823 Eidem.

2610 4761 2787 4815 exe.
2813 4789 2879 4802 -
2916 4760 3003 4832 Τῷ
3034 4758 3216 4825 αὐτῷ.

508 4873 590 4930 Ne
663 4871 962 4943 permirum
1018 4866 1119 4921 tibi
1175 4863 1429 4925 accidat,
1492 4860 1659 4913 Deum
1713 4855 2017 4925 antiquitus

2199 4858 2292 4928 Μὴ
2324 4854 2589 4926 ξενισθῇς,
2636 4854 2754 4916 πῶς
2787 4852 2958 4905 πάλαι
2990 4852 3089 4923 μὲν
3117 4855 3144 4906 ὁ
3166 4852 3301 4916 Θεὸς
3336 4852 3397 4906 τὸ
3422 4851 3701 4907 Σάϐϐατον

441 4942 675 5022 Sabbati
724 4960 1173 5015 observationem
1246 4951 1585 5019 praecepisse
1639 4946 1706 5006 ³⁸,
1767 4951 1820 4998 et
1882 4958 1950 4996 nu

2202 4950 2312 5018 ρεῑν
2343 4946 2643 5010 διετάξατο,
2678 4944 2773 4998 νῦν
2798 4944 2855 4997 δὲ
2878 4945 2979 5013 τὴν
3021 4944 3280 5014 τοιαύτην
3306 4942 3489 4997 ἀθετεῖ
3518 4962 3705 5016 παρα-

441 5058 679 5113 similem
725 5050 1172 5108 observationem
1219 5046 1477 5112 rejicere.
1508 5038 1678 5092 Vides
1707 5036 1852 5091 enim
1884 5049 1949 5088 ve

2203 5058 2379 5112 ρησιν.
2416 5039 2578 5110 Ὁρᾷς
2599 5038 2709 5109 γὰρ
2740 5036 2975 5099 παλαιάς
2996 5053 3057 5089 τε
3095 5038 3187 5091 καὶ
3211 5037 3408 5108 νεαρὰς
3435 5038 3705 5102 διατάξεις

443 5166 534 5206 res
581 5154 945 5213 recentesque
1009 5141 1421 5213 imperatorum
1444 5142 1791 5186 terrenarum
1820 5141 1952 5181 cons

2195 5133 2397 5186 ισιλέων
2435 5133 2661 5203 γηΐνων,
2695 5128 2887 5200 πρώην
2921 5128 3019 5199 μὲν
3055 5130 3174 5182 τόδε
3239 5131 3299 5183 τὸ
3340 5133 3578 5201 πρᾶγμα
3618 5132 3704 5183 θε-

446 5241 691 5297 tutiones
740 5246 900 5289 antea
930 5248 1045 5289 rem
1100 5232 1242 5283 haue
1275 5204 1595 5281 decrevisse
1617 5261 1633 5284 ,
1667 5218 1955 5291 postmodo

2196 5225 2462 5290 ιισάντων,
2502 5222 2599 5277 νῦν
2624 5222 2680 5275 δὲ
2706 5218 3080 5275 καταλυόντων
3106 5222 3165 5274 τὸ
3188 5221 3456 5293 προλαὸὸν
3483 5222 3705 5293 νομοθὲ-

447 5334 556 5386 alio
587 5338 753 5399 atque
785 5327 895 5381 alio
923 5335 1167 5393 tempore
1199 5320 1373 5388 legem
1413 5324 1571 5368 antea
1624 5312 1788 5365 latam
1822 5307 2025 5365 dissol-
2128 5336 2299 5390 τημα,

447 5436 597 5475 vere.

461 5622 999 5751 .."EE;3d.‘ixx18v,
1032 5618 1222 5675 ’ὀὶ-55.
1327 5616 1369 5649 ³⁵
1395 5613 1555 5670 Num.
1601 5628 1710 5681 xxi,
1750 5612 1833 5667 l8.
1911 5610 1956 5644 ³³
1985 5606 2115 5664 ibid.
2144 5607 2233 5661 27.
2266 5603 2465 5662 “Gen.
2497 5620 2609 5672 xvi,
2655 5604 2678 5659 I
2752 5620 2905 5675 seqq.
3016 5603 3059 5635 ³⁷
3104 5605 3234 5659 ibid.
3350 5604 3393 5637 ³⁸
3422 5604 3555 5660 ibid.
3620 5607 3704 5661 14.

612 5709 737 5749 κου.
782 5709 851 5747 ιι
924 5709 977 5746 δ.
