  <div class='ocr_page' id='page_1' title='image "/cluster/home/n/w/nwhite01/storage/ocr_20150623/79/nnc1.0038021404/086.png"; bbox 0 0 3822 6216; ppageno 0'>
   <div class='ocr_carea' id='block_1_1' title="bbox 173 271 250 339">
    <p class='ocr_par' dir='ltr' id='par_1_1' title="bbox 173 271 250 339">
     <span class='ocr_line' id='line_1_1' title="bbox 173 271 250 339; baseline 0.052 -4"><span class='ocrx_word' id='word_1_1' title='bbox 173 271 250 339; x_wconf 74' lang='lat'><strong>131</strong></span> 
     </span>
    </p>
   </div>
   <div class='ocr_carea' id='block_1_2' title="bbox 222 467 1693 547">
    <p class='ocr_par' dir='ltr' id='par_1_2' title="bbox 222 467 1693 547">
     <span class='ocr_line' id='line_1_2' title="bbox 222 467 1693 547; baseline -0.005 -17"><span class='ocrx_word' id='word_1_2' title='bbox 222 474 393 547; x_wconf 73' lang='grc' dir='ltr'>Νόμιζε</span> <span class='ocrx_word' id='word_1_3' title='bbox 421 491 503 545; x_wconf 87' lang='grc' dir='ltr'><strong>μοι</strong></span> <span class='ocrx_word' id='word_1_4' title='bbox 530 473 628 544; x_wconf 80' lang='grc' dir='ltr'><strong>τὴν</strong></span> <span class='ocrx_word' id='word_1_5' title='bbox 649 473 743 527; x_wconf 81' lang='grc' dir='ltr'><strong>τοῦ</strong></span> <span class='ocrx_word' id='word_1_6' title='bbox 766 471 900 526; x_wconf 77' lang='grc' dir='ltr'>Θεοῦ</span> <span class='ocrx_word' id='word_1_7' title='bbox 930 473 1118 540; x_wconf 68' lang='grc' dir='ltr'>σοφίαν</span> <span class='ocrx_word' id='word_1_8' title='bbox 1140 470 1350 541; x_wconf 83' lang='grc' dir='ltr'>μητέρα</span> <span class='ocrx_word' id='word_1_9' title='bbox 1385 470 1506 524; x_wconf 87' lang='grc' dir='ltr'><strong>τινά</strong></span> <span class='ocrx_word' id='word_1_10' title='bbox 1532 467 1693 537; x_wconf 74' lang='grc' dir='ltr'>εἶναι,</span> 
     </span>
    </p>
   </div>
   <div class='ocr_carea' id='block_1_3' title="bbox 76 558 1693 636">
    <p class='ocr_par' dir='ltr' id='par_1_3' title="bbox 76 558 1693 636">
     <span class='ocr_line' id='line_1_3' title="bbox 76 558 1693 636; baseline -0.002 -15"><span class='ocrx_word' id='word_1_11' title='bbox 76 558 91 573; x_wconf 49' lang='grc'>⁸</span> <span class='ocrx_word' id='word_1_12' title='bbox 166 568 324 621; x_wconf 75' lang='grc' dir='ltr'>καίνῦν</span> <span class='ocrx_word' id='word_1_13' title='bbox 338 567 423 636; x_wconf 78' lang='grc' dir='ltr'>μὲν</span> <span class='ocrx_word' id='word_1_14' title='bbox 445 565 520 636; x_wconf 80' lang='grc' dir='ltr'>τῷ</span> <span class='ocrx_word' id='word_1_15' title='bbox 538 565 718 636; x_wconf 84' lang='grc' dir='ltr'>νηπίῳ</span> <span class='ocrx_word' id='word_1_16' title='bbox 730 566 821 619; x_wconf 84' lang='grc' dir='ltr'><strong>τὸν</strong></span> <span class='ocrx_word' id='word_1_17' title='bbox 834 565 1034 635; x_wconf 81' lang='grc' dir='ltr'>μαστὸν</span> <span class='ocrx_word' id='word_1_18' title='bbox 1044 564 1408 625; x_wconf 77' lang='grc' dir='ltr'>ὲπιδιδοῦσαν,</span> <span class='ocrx_word' id='word_1_19' title='bbox 1442 566 1535 617; x_wconf 72' lang='grc' dir='ltr'>καὶ</span> <span class='ocrx_word' id='word_1_20' title='bbox 1558 563 1693 633; x_wconf 82' lang='grc' dir='ltr'><strong>βοῶ-</strong></span> 
     </span>
    </p>
   </div>
   <div class='ocr_carea' id='block_1_4' title="bbox 166 651 1693 726">
    <p class='ocr_par' dir='ltr' id='par_1_4' title="bbox 166 651 1693 726">
     <span class='ocr_line' id='line_1_4' title="bbox 166 651 1693 726; baseline -0.004 -14"><span class='ocrx_word' id='word_1_21' title='bbox 166 678 261 720; x_wconf 85' lang='grc' dir='ltr'>σαν,</span> <span class='ocrx_word' id='word_1_22' title='bbox 278 660 453 719; x_wconf 81' lang='grc' dir='ltr'>Καλὸν,</span> <span class='ocrx_word' id='word_1_23' title='bbox 470 656 806 723; x_wconf 62' lang='grc' dir='ltr'>καλὸνετοῦτὸ</span> <span class='ocrx_word' id='word_1_24' title='bbox 823 674 907 724; x_wconf 88' lang='grc' dir='ltr'><strong>γε,</strong></span> <span class='ocrx_word' id='word_1_25' title='bbox 929 651 1029 707; x_wconf 83' lang='grc' dir='ltr'>εἷθ’</span> <span class='ocrx_word' id='word_1_26' title='bbox 1048 655 1171 708; x_wconf 80' lang='grc' dir='ltr'>ὕστε</span> <span class='ocrx_word' id='word_1_27' title='bbox 1181 672 1272 724; x_wconf 88' lang='grc' dir='ltr'><strong>ρον</strong></span> <span class='ocrx_word' id='word_1_28' title='bbox 1292 656 1427 726; x_wconf 85' lang='grc' dir='ltr'>πρὸς</span> <span class='ocrx_word' id='word_1_29' title='bbox 1442 656 1542 725; x_wconf 84' lang='grc' dir='ltr'><strong>τὴν</strong></span> <span class='ocrx_word' id='word_1_30' title='bbox 1570 672 1693 707; x_wconf 87' lang='grc' dir='ltr'>στε-</span> 
     </span>
    </p>
   </div>
   <div class='ocr_carea' id='block_1_5' title="bbox 170 746 1695 823">
    <p class='ocr_par' dir='ltr' id='par_1_5' title="bbox 170 746 1695 823">
     <span class='ocr_line' id='line_1_5' title="bbox 170 746 1695 823; baseline -0.004 -18"><span class='ocrx_word' id='word_1_31' title='bbox 170 753 275 823; x_wconf 76' lang='grc' dir='ltr'>ρεὰν</span> <span class='ocrx_word' id='word_1_32' title='bbox 321 752 508 821; x_wconf 65' lang='grc' dir='ltr'>τροφὴν</span> <span class='ocrx_word' id='word_1_33' title='bbox 570 750 664 803; x_wconf 87' lang='grc' dir='ltr'><strong>τὸν</strong></span> <span class='ocrx_word' id='word_1_34' title='bbox 719 748 887 802; x_wconf 83' lang='grc' dir='ltr'>παῖδα</span> <span class='ocrx_word' id='word_1_35' title='bbox 920 746 1268 811; x_wconf 68' lang='grc' dir='ltr'><strong>ἐλαύνουσαν,</strong></span> <span class='ocrx_word' id='word_1_36' title='bbox 1305 746 1402 800; x_wconf 79' lang='grc' dir='ltr'><strong>καὶ</strong></span> <span class='ocrx_word' id='word_1_37' title='bbox 1436 747 1566 817; x_wconf 83' lang='grc' dir='ltr'>χολῇ</span> <span class='ocrx_word' id='word_1_38' title='bbox 1605 746 1695 799; x_wconf 86' lang='grc' dir='ltr'><strong>τὸν</strong></span> 
     </span>
    </p>
   </div>
   <div class='ocr_carea' id='block_1_6' title="bbox 166 837 1696 913">
    <p class='ocr_par' dir='ltr' id='par_1_6' title="bbox 166 837 1696 913">
     <span class='ocr_line' id='line_1_6' title="bbox 166 837 1696 913; baseline -0.004 -17"><span class='ocrx_word' id='word_1_39' title='bbox 166 844 332 912; x_wconf 81' lang='grc' dir='ltr'>μαστὸν</span> <span class='ocrx_word' id='word_1_40' title='bbox 368 843 763 913; x_wconf 79' lang='grc' dir='ltr'>περιχρίουσαν,</span> <span class='ocrx_word' id='word_1_41' title='bbox 793 840 885 893; x_wconf 79' lang='grc' dir='ltr'><strong>καὶ</strong></span> <span class='ocrx_word' id='word_1_42' title='bbox 922 839 1231 910; x_wconf 77' lang='grc' dir='ltr'>κράζουσαν</span> <span class='ocrx_word' id='word_1_43' title='bbox 1259 838 1496 908; x_wconf 84' lang='grc' dir='ltr'>συνεχῶς</span> <span class='ocrx_word' id='word_1_44' title='bbox 1525 878 1539 900; x_wconf 96' lang='grc'><strong>,</strong></span> <span class='ocrx_word' id='word_1_45' title='bbox 1592 837 1696 890; x_wconf 85' lang='grc' dir='ltr'><strong>Σα-</strong></span> 
     </span>
    </p>
   </div>
   <div class='ocr_carea' id='block_1_7' title="bbox 164 933 953 1007">
    <p class='ocr_par' dir='ltr' id='par_1_7' title="bbox 164 933 953 1007">
     <span class='ocr_line' id='line_1_7' title="bbox 164 933 953 1007; baseline -0.005 -17"><span class='ocrx_word' id='word_1_46' title='bbox 164 936 290 1007; x_wconf 76' lang='grc' dir='ltr'>πρδν,</span> <span class='ocrx_word' id='word_1_47' title='bbox 308 937 503 1007; x_wconf 80' lang='grc' dir='ltr'>σαπρὸν</span> <span class='ocrx_word' id='word_1_48' title='bbox 522 933 681 988; x_wconf 82' lang='grc' dir='ltr'>τοῦτό</span> <span class='ocrx_word' id='word_1_49' title='bbox 704 951 790 1003; x_wconf 90' lang='grc' dir='ltr'>γε.</span> <span class='ocrx_word' id='word_1_50' title='bbox 934 985 953 1004; x_wconf 69' lang='grc'><em>,</em></span> 
     </span>
    </p>
   </div>
   <div class='ocr_carea' id='block_1_8' title="bbox 570 1022 1159 1091">
    <p class='ocr_par' dir='ltr' id='par_1_8' title="bbox 570 1022 1159 1091">
     <span class='ocr_line' id='line_1_8' title="bbox 570 1022 1159 1091; baseline -0.003 -12"><span class='ocrx_word' id='word_1_51' title='bbox 570 1022 573 1023; x_wconf 17' lang='grc' dir='ltr'><em>ν</em></span> <span class='ocrx_word' id='word_1_52' title='bbox 652 1027 824 1080; x_wconf 82' lang='grc' dir='ltr'><strong>ΡΚΖ¹.</strong></span> <span class='ocrx_word' id='word_1_53' title='bbox 865 1025 946 1091; x_wconf 81' lang='grc' dir='ltr'><strong>Τῷ</strong></span> <span class='ocrx_word' id='word_1_54' title='bbox 979 1025 1159 1090; x_wconf 80' lang='grc' dir='ltr'>αὐτῷ.</span> 
     </span>
    </p>
   </div>
   <div class='ocr_carea' id='block_1_9' title="bbox 222 1118 1692 1189">
    <p class='ocr_par' dir='ltr' id='par_1_9' title="bbox 222 1118 1692 1189">
     <span class='ocr_line' id='line_1_9' title="bbox 222 1118 1692 1189; baseline -0.004 -16"><span class='ocrx_word' id='word_1_55' title='bbox 222 1121 383 1187; x_wconf 81' lang='grc' dir='ltr'>Λέγεις</span> <span class='ocrx_word' id='word_1_56' title='bbox 432 1118 522 1172; x_wconf 84' lang='grc' dir='ltr'><strong>τὸν</strong></span> <span class='ocrx_word' id='word_1_57' title='bbox 566 1119 769 1173; x_wconf 83' lang='grc' dir='ltr'>Μωσέα</span> <span class='ocrx_word' id='word_1_58' title='bbox 826 1119 1108 1189; x_wconf 79' lang='grc' dir='ltr'><strong>εἰρηκέναι</strong></span> <span class='ocrx_word' id='word_1_59' title='bbox 1155 1121 1216 1170; x_wconf 79' lang='grc' dir='ltr'>ὲν</span> <span class='ocrx_word' id='word_1_60' title='bbox 1265 1120 1692 1185; x_wconf 84' lang='grc' dir='ltr'>Δευτερονομιῳ,</span> 
     </span>
    </p>
   </div>
   <div class='ocr_carea' id='block_1_10' title="bbox 165 1206 1695 1282">
    <p class='ocr_par' dir='ltr' id='par_1_10' title="bbox 165 1206 1695 1282">
     <span class='ocr_line' id='line_1_10' title="bbox 165 1206 1695 1282; baseline -0.004 -18"><span class='ocrx_word' id='word_1_61' title='bbox 165 1212 229 1264; x_wconf 78' lang='grc' dir='ltr'>ὅτι</span> <span class='ocrx_word' id='word_1_62' title='bbox 253 1231 266 1262; x_wconf 88' lang='grc' dir='ltr'><strong>ι</strong></span> <span class='ocrx_word' id='word_1_63' title='bbox 289 1212 562 1282; x_wconf 77' lang='grc' dir='ltr'><strong>Προφήτην</strong></span> <span class='ocrx_word' id='word_1_64' title='bbox 589 1212 717 1282; x_wconf 83' lang='grc' dir='ltr'>ὑμῖν</span> <span class='ocrx_word' id='word_1_65' title='bbox 750 1212 1042 1281; x_wconf 84' lang='grc' dir='ltr'>ἀναστήσει</span> <span class='ocrx_word' id='word_1_66' title='bbox 1091 1209 1294 1279; x_wconf 78' lang='grc' dir='ltr'>Κύριος</span> <span class='ocrx_word' id='word_1_67' title='bbox 1318 1211 1345 1261; x_wconf 86' lang='grc' dir='ltr'>ὁ</span> <span class='ocrx_word' id='word_1_68' title='bbox 1373 1208 1505 1270; x_wconf 82' lang='grc' dir='ltr'><strong>Θεὸς</strong></span> <span class='ocrx_word' id='word_1_69' title='bbox 1538 1206 1695 1277; x_wconf 84' lang='grc' dir='ltr'>ὑμῶν</span> 
     </span>
    </p>
   </div>
   <div class='ocr_carea' id='block_1_11' title="bbox 156 1293 1690 1373">
    <p class='ocr_par' dir='ltr' id='par_1_11' title="bbox 156 1293 1690 1373">
     <span class='ocr_line' id='line_1_11' title="bbox 156 1293 1690 1373; baseline -0.004 -17"><span class='ocrx_word' id='word_1_70' title='bbox 156 1305 207 1356; x_wconf 68' lang='grc' dir='ltr'>ἐκ</span> <span class='ocrx_word' id='word_1_71' title='bbox 230 1303 323 1356; x_wconf 81' lang='grc' dir='ltr'><strong>τῶν</strong></span> <span class='ocrx_word' id='word_1_72' title='bbox 345 1303 584 1372; x_wconf 81' lang='grc' dir='ltr'><strong>ἀδελφῶν</strong></span> <span class='ocrx_word' id='word_1_73' title='bbox 641 1302 794 1373; x_wconf 83' lang='grc' dir='ltr'>ὑμῶν</span> <span class='ocrx_word' id='word_1_74' title='bbox 842 1302 917 1365; x_wconf 82' lang='grc' dir='ltr'>ὡς</span> <span class='ocrx_word' id='word_1_75' title='bbox 941 1302 1062 1372; x_wconf 75' lang='grc' dir='ltr'>ἐμέ.</span> <span class='ocrx_word' id='word_1_76' title='bbox 1101 1320 1119 1353; x_wconf 81' lang='grc' dir='ltr'><strong>ι</strong></span> <span class='ocrx_word' id='word_1_77' title='bbox 1173 1300 1471 1371; x_wconf 79' lang='grc' dir='ltr'><strong>Προφήτην</strong></span> <span class='ocrx_word' id='word_1_78' title='bbox 1512 1293 1690 1363; x_wconf 80' lang='grc' dir='ltr'>εἶπεν,</span> 
     </span>
    </p>
   </div>
   <div class='ocr_carea' id='block_1_12' title="bbox 154 1390 1690 1466">
    <p class='ocr_par' dir='ltr' id='par_1_12' title="bbox 154 1390 1690 1466">
     <span class='ocr_line' id='line_1_12' title="bbox 154 1390 1690 1466; baseline 0.001 -21"><span class='ocrx_word' id='word_1_79' title='bbox 154 1394 249 1465; x_wconf 73' lang='grc' dir='ltr'>οὐχὶ</span> <span class='ocrx_word' id='word_1_80' title='bbox 273 1395 411 1447; x_wconf 82' lang='grc' dir='ltr'>Θεὸν.</span> <span class='ocrx_word' id='word_1_81' title='bbox 447 1394 570 1457; x_wconf 78' lang='grc' dir='ltr'>Πῶς</span> <span class='ocrx_word' id='word_1_82' title='bbox 600 1390 694 1448; x_wconf 83' lang='grc' dir='ltr'><strong>οὖν</strong></span> <span class='ocrx_word' id='word_1_83' title='bbox 721 1395 854 1448; x_wconf 86' lang='grc' dir='ltr'>Θεὸν</span> <span class='ocrx_word' id='word_1_84' title='bbox 881 1391 1021 1448; x_wconf 79' lang='grc' dir='ltr'>εἶναι</span> <span class='ocrx_word' id='word_1_85' title='bbox 1070 1395 1162 1453; x_wconf 79' lang='grc' dir='ltr'><strong>τὸν</strong></span> <span class='ocrx_word' id='word_1_86' title='bbox 1202 1393 1410 1466; x_wconf 80' lang='grc' dir='ltr'>Ἰησοῦν</span> <span class='ocrx_word' id='word_1_87' title='bbox 1465 1393 1690 1461; x_wconf 85' lang='grc' dir='ltr'>λέγετε;</span> 
     </span>
    </p>
   </div>
   <div class='ocr_carea' id='block_1_13' title="bbox 163 1480 1694 1558">
    <p class='ocr_par' dir='ltr' id='par_1_13' title="bbox 163 1480 1694 1558">
     <span class='ocr_line' id='line_1_13' title="bbox 163 1480 1694 1558; baseline 0 -20"><span class='ocrx_word' id='word_1_88' title='bbox 163 1486 232 1548; x_wconf 82' lang='grc' dir='ltr'>Ὡς</span> <span class='ocrx_word' id='word_1_89' title='bbox 282 1487 445 1558; x_wconf 78' lang='grc' dir='ltr'>νηπίῳ</span> <span class='ocrx_word' id='word_1_90' title='bbox 504 1505 607 1548; x_wconf 90' lang='grc' dir='ltr'>σοι,</span> <span class='ocrx_word' id='word_1_91' title='bbox 642 1480 688 1539; x_wconf 83' lang='grc' dir='ltr'><strong>ὦ</strong></span> <span class='ocrx_word' id='word_1_92' title='bbox 719 1488 963 1552; x_wconf 81' lang='grc' dir='ltr'>Ίουδαίε,</span> <span class='ocrx_word' id='word_1_93' title='bbox 1015 1486 1326 1553; x_wconf 78' lang='grc' dir='ltr'>συψελλίζει</span> <span class='ocrx_word' id='word_1_94' title='bbox 1356 1488 1385 1540; x_wconf 86' lang='grc' dir='ltr'>ὁ</span> <span class='ocrx_word' id='word_1_95' title='bbox 1412 1486 1694 1554; x_wconf 83' lang='grc' dir='ltr'>πάνσοφος</span> 
     </span>
    </p>
   </div>
   <div class='ocr_carea' id='block_1_14' title="bbox 151 1574 1692 1649">
    <p class='ocr_par' dir='ltr' id='par_1_14' title="bbox 151 1574 1692 1649">
     <span class='ocr_line' id='line_1_14' title="bbox 151 1574 1692 1649; baseline 0 -19"><span class='ocrx_word' id='word_1_96' title='bbox 151 1575 375 1647; x_wconf 71' lang='grc' dir='ltr'>Μωὺσῆς,</span> <span class='ocrx_word' id='word_1_97' title='bbox 429 1578 584 1632; x_wconf 73' lang='grc' dir='ltr'>οὔπω</span> <span class='ocrx_word' id='word_1_98' title='bbox 638 1577 944 1649; x_wconf 87' lang='grc' dir='ltr'>τρανότατα</span> <span class='ocrx_word' id='word_1_99' title='bbox 996 1578 1211 1647; x_wconf 85' lang='grc' dir='ltr'>τολμῶν</span> <span class='ocrx_word' id='word_1_100' title='bbox 1260 1595 1343 1631; x_wconf 88' lang='grc' dir='ltr'><strong>σοι</strong></span> <span class='ocrx_word' id='word_1_101' title='bbox 1373 1576 1544 1641; x_wconf 80' lang='grc' dir='ltr'>δεῖξαι</span> <span class='ocrx_word' id='word_1_102' title='bbox 1597 1574 1692 1630; x_wconf 80' lang='grc' dir='ltr'>τοῦ</span> 
     </span>
    </p>
   </div>
   <div class='ocr_carea' id='block_1_15' title="bbox 150 1668 1690 1742">
    <p class='ocr_par' dir='ltr' id='par_1_15' title="bbox 150 1668 1690 1742">
     <span class='ocr_line' id='line_1_15' title="bbox 150 1668 1690 1742; baseline 0 -21"><span class='ocrx_word' id='word_1_103' title='bbox 150 1670 348 1738; x_wconf 73' lang='grc' dir='ltr'>Χριστοῦ</span> <span class='ocrx_word' id='word_1_104' title='bbox 380 1678 475 1741; x_wconf 82' lang='grc' dir='ltr'>τὴν</span> <span class='ocrx_word' id='word_1_105' title='bbox 512 1670 759 1741; x_wconf 78' lang='grc' dir='ltr'>θεότητα.</span> <span class='ocrx_word' id='word_1_106' title='bbox 806 1670 976 1724; x_wconf 84' lang='grc' dir='ltr'>Ὅταν</span> <span class='ocrx_word' id='word_1_107' title='bbox 1014 1670 1194 1723; x_wconf 81' lang='grc' dir='ltr'>τοίνυν</span> <span class='ocrx_word' id='word_1_108' title='bbox 1233 1669 1363 1742; x_wconf 79' lang='grc' dir='ltr'><strong>δέξῃ</strong></span> <span class='ocrx_word' id='word_1_109' title='bbox 1400 1669 1564 1722; x_wconf 89' lang='grc' dir='ltr'>αὑτὸν</span> <span class='ocrx_word' id='word_1_110' title='bbox 1614 1668 1690 1732; x_wconf 84' lang='grc' dir='ltr'>ὡς</span> 
     </span>
    </p>
   </div>
   <div class='ocr_carea' id='block_1_16' title="bbox 150 1762 1695 1833">
    <p class='ocr_par' dir='ltr' id='par_1_16' title="bbox 150 1762 1695 1833">
     <span class='ocr_line' id='line_1_16' title="bbox 150 1762 1695 1833; baseline 0.003 -21"><span class='ocrx_word' id='word_1_111' title='bbox 150 1763 397 1833; x_wconf 73' lang='grc' dir='ltr'><strong>προφήτην</strong></span> <span class='ocrx_word' id='word_1_112' title='bbox 430 1765 574 1817; x_wconf 84' lang='grc' dir='ltr'><strong>κατά</strong></span> <span class='ocrx_word' id='word_1_113' title='bbox 605 1765 697 1817; x_wconf 91' lang='grc' dir='ltr'><strong>τὸν</strong></span> <span class='ocrx_word' id='word_1_114' title='bbox 733 1764 935 1817; x_wconf 86' lang='grc' dir='ltr'>Μωσέα</span> <span class='ocrx_word' id='word_1_115' title='bbox 957 1804 971 1827; x_wconf 95' lang='grc'><strong>,</strong></span> <span class='ocrx_word' id='word_1_116' title='bbox 1006 1762 1100 1816; x_wconf 77' lang='grc' dir='ltr'><strong>καὶ</strong></span> <span class='ocrx_word' id='word_1_117' title='bbox 1134 1762 1382 1833; x_wconf 75' lang='grc' dir='ltr'><strong>βασιλέα,</strong></span> <span class='ocrx_word' id='word_1_118' title='bbox 1430 1762 1524 1815; x_wconf 67' lang='grc' dir='ltr'><strong>καὶ</strong></span> <span class='ocrx_word' id='word_1_119' title='bbox 1576 1780 1695 1816; x_wconf 88' lang='grc' dir='ltr'>ποι-</span> 
     </span>
    </p>
   </div>
   <div class='ocr_carea' id='block_1_17' title="bbox 150 1852 1695 1924">
    <p class='ocr_par' dir='ltr' id='par_1_17' title="bbox 150 1852 1695 1924">
     <span class='ocr_line' id='line_1_17' title="bbox 150 1852 1695 1924; baseline 0 -19"><span class='ocrx_word' id='word_1_120' title='bbox 150 1854 264 1922; x_wconf 84' lang='grc' dir='ltr'>μένα</span> <span class='ocrx_word' id='word_1_121' title='bbox 300 1852 493 1924; x_wconf 78' lang='grc' dir='ltr'>πραῢν,</span> <span class='ocrx_word' id='word_1_122' title='bbox 540 1854 636 1908; x_wconf 74' lang='grc' dir='ltr'>καὶ</span> <span class='ocrx_word' id='word_1_123' title='bbox 685 1854 989 1924; x_wconf 76' lang='grc' dir='ltr'>ἀκτήμονά,</span> <span class='ocrx_word' id='word_1_124' title='bbox 1016 1854 1139 1907; x_wconf 79' lang='grc' dir='ltr'>τότε</span> <span class='ocrx_word' id='word_1_125' title='bbox 1189 1853 1352 1917; x_wconf 79' lang='grc' dir='ltr'>αὐτὸς</span> <span class='ocrx_word' id='word_1_126' title='bbox 1383 1855 1412 1906; x_wconf 86' lang='grc' dir='ltr'>ὁ</span> <span class='ocrx_word' id='word_1_127' title='bbox 1438 1854 1695 1924; x_wconf 82' lang='grc' dir='ltr'>μέγιστος</span> 
     </span>
    </p>
   </div>
   <div class='ocr_carea' id='block_1_18' title="bbox 148 1946 1697 2018">
    <p class='ocr_par' dir='ltr' id='par_1_18' title="bbox 148 1946 1697 2018">
     <span class='ocr_line' id='line_1_18' title="bbox 148 1946 1697 2018; baseline 0.002 -21"><span class='ocrx_word' id='word_1_128' title='bbox 148 1948 397 2016; x_wconf 62' lang='grc' dir='ltr'>προφήτης</span> <span class='ocrx_word' id='word_1_129' title='bbox 420 1948 518 2000; x_wconf 76' lang='grc' dir='ltr'><strong>καὶ</strong></span> <span class='ocrx_word' id='word_1_130' title='bbox 540 1947 793 2018; x_wconf 80' lang='grc' dir='ltr'>έγκριτος</span> <span class='ocrx_word' id='word_1_131' title='bbox 825 1946 1168 2016; x_wconf 68' lang='grc' dir='ltr'>ἀποκαλύψει</span> <span class='ocrx_word' id='word_1_132' title='bbox 1213 1964 1294 2000; x_wconf 88' lang='grc' dir='ltr'><strong>σοι</strong></span> <span class='ocrx_word' id='word_1_133' title='bbox 1343 1947 1507 2000; x_wconf 84' lang='grc' dir='ltr'>αὑτὸν</span> <span class='ocrx_word' id='word_1_134' title='bbox 1562 1947 1697 2001; x_wconf 83' lang='grc' dir='ltr'>Θεὸν</span> 
     </span>
    </p>
   </div>
   <div class='ocr_carea' id='block_1_19' title="bbox 145 2037 1696 2110">
    <p class='ocr_par' dir='ltr' id='par_1_19' title="bbox 145 2037 1696 2110">
     <span class='ocr_line' id='line_1_19' title="bbox 145 2037 1696 2110; baseline 0.003 -22"><span class='ocrx_word' id='word_1_135' title='bbox 145 2037 377 2108; x_wconf 68' lang='grc' dir='ltr'>ὑπάρχειν</span> <span class='ocrx_word' id='word_1_136' title='bbox 420 2037 699 2109; x_wconf 87' lang='grc' dir='ltr'>ἀληθινὸν,</span> <span class='ocrx_word' id='word_1_137' title='bbox 750 2039 1078 2107; x_wconf 82' lang='grc' dir='ltr'>ἀσωμάτως,</span> <span class='ocrx_word' id='word_1_138' title='bbox 1129 2041 1223 2092; x_wconf 81' lang='grc' dir='ltr'>καὶ</span> <span class='ocrx_word' id='word_1_139' title='bbox 1260 2039 1531 2110; x_wconf 86' lang='grc' dir='ltr'>ἀχρόνως,</span> <span class='ocrx_word' id='word_1_140' title='bbox 1588 2040 1696 2110; x_wconf 87' lang='grc' dir='ltr'><strong>πρὸ</strong></span> 
     </span>
    </p>
   </div>
   <div class='ocr_carea' id='block_1_20' title="bbox 148 2126 1693 2197">
    <p class='ocr_par' dir='ltr' id='par_1_20' title="bbox 148 2126 1693 2197">
     <span class='ocr_line' id='line_1_20' title="bbox 148 2126 1693 2197; baseline 0.001 -18"><span class='ocrx_word' id='word_1_141' title='bbox 148 2129 332 2179; x_wconf 75' lang='grc' dir='ltr'>πάντων</span> <span class='ocrx_word' id='word_1_142' title='bbox 368 2128 473 2181; x_wconf 80' lang='grc' dir='ltr'><strong>τῶν</strong></span> <span class='ocrx_word' id='word_1_143' title='bbox 512 2129 726 2182; x_wconf 79' lang='grc' dir='ltr'><strong>αἰώνων</strong></span> <span class='ocrx_word' id='word_1_144' title='bbox 766 2126 1104 2197; x_wconf 77' lang='grc' dir='ltr'>γεννηθέντα</span> <span class='ocrx_word' id='word_1_145' title='bbox 1142 2129 1207 2180; x_wconf 84' lang='grc' dir='ltr'>ὲκ</span> <span class='ocrx_word' id='word_1_146' title='bbox 1240 2126 1377 2185; x_wconf 77' lang='grc' dir='ltr'>Θεοῦ</span> <span class='ocrx_word' id='word_1_147' title='bbox 1416 2127 1693 2197; x_wconf 82' lang='grc' dir='ltr'>ἀληθινοῦ.</span> 
     </span>
    </p>
   </div>
   <div class='ocr_carea' id='block_1_21' title="bbox 150 2214 1731 2291">
    <p class='ocr_par' dir='ltr' id='par_1_21' title="bbox 150 2214 1731 2291">
     <span class='ocr_line' id='line_1_21' title="bbox 150 2214 1731 2291; baseline -0.001 -20"><span class='ocrx_word' id='word_1_148' title='bbox 150 2219 303 2290; x_wconf 76' lang='grc' dir='ltr'>Ἔχεις</span> <span class='ocrx_word' id='word_1_149' title='bbox 325 2219 379 2274; x_wconf 77' lang='grc' dir='ltr'><strong>δὲ</strong></span> <span class='ocrx_word' id='word_1_150' title='bbox 430 2218 849 2291; x_wconf 77' lang='grc' dir='ltr'>μαρτυροῦντας</span> <span class='ocrx_word' id='word_1_151' title='bbox 890 2221 955 2289; x_wconf 81' lang='grc' dir='ltr'>τῇ</span> <span class='ocrx_word' id='word_1_152' title='bbox 1000 2218 1215 2289; x_wconf 84' lang='grc' dir='ltr'>θεότητι</span> <span class='ocrx_word' id='word_1_153' title='bbox 1262 2217 1358 2270; x_wconf 82' lang='grc' dir='ltr'>τοῦ</span> <span class='ocrx_word' id='word_1_154' title='bbox 1424 2216 1691 2288; x_wconf 82' lang='grc' dir='ltr'><strong>Χριστοῦ,</strong></span> <span class='ocrx_word' id='word_1_155' title='bbox 1720 2214 1731 2225; x_wconf 88' lang='grc'><em>’</em></span> 
     </span>
    </p>
   </div>
   <div class='ocr_carea' id='block_1_22' title="bbox 146 2310 1689 2383">
    <p class='ocr_par' dir='ltr' id='par_1_22' title="bbox 146 2310 1689 2383">
     <span class='ocr_line' id='line_1_22' title="bbox 146 2310 1689 2383; baseline -0.001 -18"><span class='ocrx_word' id='word_1_156' title='bbox 146 2314 227 2365; x_wconf 79' lang='grc' dir='ltr'>καὶ</span> <span class='ocrx_word' id='word_1_157' title='bbox 249 2316 308 2383; x_wconf 80' lang='grc' dir='ltr'>τῇ</span> <span class='ocrx_word' id='word_1_158' title='bbox 336 2312 638 2382; x_wconf 75' lang='grc' dir='ltr'>οἰκονομίᾳ,</span> <span class='ocrx_word' id='word_1_159' title='bbox 666 2311 877 2374; x_wconf 80' lang='grc' dir='ltr'>πάντας</span> <span class='ocrx_word' id='word_1_160' title='bbox 910 2311 1036 2373; x_wconf 80' lang='grc' dir='ltr'>τοὺς</span> <span class='ocrx_word' id='word_1_161' title='bbox 1069 2310 1347 2379; x_wconf 78' lang='grc' dir='ltr'>ἀοιδίμους</span> <span class='ocrx_word' id='word_1_162' title='bbox 1384 2311 1689 2380; x_wconf 79' lang='grc' dir='ltr'>προφήτας,</span> 
     </span>
    </p>
   </div>
   <div class='ocr_carea' id='block_1_23' title="bbox 143 2404 1331 2479">
    <p class='ocr_par' dir='ltr' id='par_1_23' title="bbox 143 2404 1331 2479">
     <span class='ocr_line' id='line_1_23' title="bbox 143 2404 1331 2479; baseline -0.003 -20"><span class='ocrx_word' id='word_1_163' title='bbox 143 2408 309 2471; x_wconf 82' lang='grc' dir='ltr'>οίτινες</span> <span class='ocrx_word' id='word_1_164' title='bbox 337 2406 606 2479; x_wconf 77' lang='grc' dir='ltr'>ἐξηγηταὶ</span> <span class='ocrx_word' id='word_1_165' title='bbox 634 2404 731 2459; x_wconf 79' lang='grc' dir='ltr'><strong>τοῦ</strong></span> <span class='ocrx_word' id='word_1_166' title='bbox 756 2405 923 2475; x_wconf 86' lang='grc' dir='ltr'>νόμου</span> <span class='ocrx_word' id='word_1_167' title='bbox 951 2405 1331 2474; x_wconf 75' lang='grc' dir='ltr'>τυγχάνουσιν.</span> 
     </span>
    </p>
   </div>
   <div class='ocr_carea' id='block_1_24' title="bbox 567 2496 1199 2562">
    <p class='ocr_par' dir='ltr' id='par_1_24' title="bbox 567 2496 1199 2562">
     <span class='ocr_line' id='line_1_24' title="bbox 567 2496 1199 2562; baseline -0.003 -11"><span class='ocrx_word' id='word_1_168' title='bbox 567 2498 757 2551; x_wconf 80' lang='grc' dir='ltr'><strong>ΡΚΗ’.</strong></span> <span class='ocrx_word' id='word_1_169' title='bbox 787 2526 855 2536; x_wconf 93' lang='lat'><strong>—</strong></span> <span class='ocrx_word' id='word_1_170' title='bbox 882 2496 966 2562; x_wconf 86' lang='grc' dir='ltr'><strong>Τῷ</strong></span> <span class='ocrx_word' id='word_1_171' title='bbox 1016 2496 1199 2561; x_wconf 83' lang='grc' dir='ltr'>αὐτῷ.</span> 
     </span>
    </p>
   </div>
   <div class='ocr_carea' id='block_1_25' title="bbox 199 2587 1701 2662">
    <p class='ocr_par' dir='ltr' id='par_1_25' title="bbox 199 2587 1701 2662">
     <span class='ocr_line' id='line_1_25' title="bbox 199 2587 1701 2662; baseline -0.005 -17"><span class='ocrx_word' id='word_1_172' title='bbox 199 2592 297 2661; x_wconf 73' lang='grc' dir='ltr'><strong>Οὐχ</strong></span> <span class='ocrx_word' id='word_1_173' title='bbox 320 2593 348 2644; x_wconf 84' lang='grc' dir='ltr'><strong><em>ὁ</em></strong></span> <span class='ocrx_word' id='word_1_174' title='bbox 368 2590 551 2662; x_wconf 84' lang='grc' dir='ltr'>τυχὼν</span> <span class='ocrx_word' id='word_1_175' title='bbox 562 2589 953 2661; x_wconf 68' lang='grc' dir='ltr'>ὲπεκρεμάσθη</span> <span class='ocrx_word' id='word_1_176' title='bbox 982 2604 1062 2642; x_wconf 90' lang='grc' dir='ltr'><strong>σοι</strong></span> <span class='ocrx_word' id='word_1_177' title='bbox 1093 2588 1331 2649; x_wconf 65' lang='grc' dir='ltr'>κίνδυνος</span> <span class='ocrx_word' id='word_1_178' title='bbox 1351 2590 1409 2640; x_wconf 85' lang='grc' dir='ltr'>ὲν</span> <span class='ocrx_word' id='word_1_179' title='bbox 1421 2587 1499 2658; x_wconf 83' lang='grc' dir='ltr'>τῷ</span> <span class='ocrx_word' id='word_1_180' title='bbox 1514 2592 1701 2639; x_wconf 78' lang='grc' dir='ltr'>Δευτε·</span> 
     </span>
    </p>
   </div>
   <div class='ocr_carea' id='block_1_26' title="bbox 145 2679 1697 2754">
    <p class='ocr_par' dir='ltr' id='par_1_26' title="bbox 145 2679 1697 2754">
     <span class='ocr_line' id='line_1_26' title="bbox 145 2679 1697 2754; baseline -0.003 -17"><span class='ocrx_word' id='word_1_181' title='bbox 145 2686 371 2754; x_wconf 82' lang='grc' dir='ltr'>ρονομίῳ,</span> <span class='ocrx_word' id='word_1_182' title='bbox 415 2683 518 2736; x_wconf 75' lang='grc' dir='ltr'>ἐὰν</span> <span class='ocrx_word' id='word_1_183' title='bbox 577 2682 652 2752; x_wconf 82' lang='grc' dir='ltr'>μὴ</span> <span class='ocrx_word' id='word_1_184' title='bbox 678 2680 978 2751; x_wconf 84' lang='grc' dir='ltr'>πιστεύσῃς</span> <span class='ocrx_word' id='word_1_185' title='bbox 1018 2680 1097 2751; x_wconf 84' lang='grc' dir='ltr'>τῷ</span> <span class='ocrx_word' id='word_1_186' title='bbox 1131 2679 1374 2752; x_wconf 79' lang='grc' dir='ltr'>Χριστῷ,</span> <span class='ocrx_word' id='word_1_187' title='bbox 1405 2681 1501 2733; x_wconf 77' lang='grc' dir='ltr'><strong>καὶ</strong></span> <span class='ocrx_word' id='word_1_188' title='bbox 1528 2696 1697 2748; x_wconf 81' lang='grc' dir='ltr'>προσ-</span> 
     </span>
    </p>
   </div>
   <div class='ocr_carea' id='block_1_27' title="bbox 143 2771 1697 2846">
    <p class='ocr_par' dir='ltr' id='par_1_27' title="bbox 143 2771 1697 2846">
     <span class='ocr_line' id='line_1_27' title="bbox 143 2771 1697 2846; baseline -0.001 -21"><span class='ocrx_word' id='word_1_189' title='bbox 143 2776 375 2846; x_wconf 74' lang='grc' dir='ltr'>κυνήσῃς,</span> <span class='ocrx_word' id='word_1_190' title='bbox 429 2775 534 2827; x_wconf 71' lang='grc' dir='ltr'><strong>καὶ</strong></span> <span class='ocrx_word' id='word_1_191' title='bbox 579 2772 898 2845; x_wconf 79' lang='grc' dir='ltr'>ὑπακούσῃς</span> <span class='ocrx_word' id='word_1_192' title='bbox 962 2771 1133 2842; x_wconf 84' lang='grc' dir='ltr'>αὑτῷ,</span> <span class='ocrx_word' id='word_1_193' title='bbox 1189 2772 1284 2825; x_wconf 69' lang='grc' dir='ltr'><strong>καὶ</strong></span> <span class='ocrx_word' id='word_1_194' title='bbox 1327 2772 1603 2841; x_wconf 76' lang='grc' dir='ltr'>ὑποταγῆς</span> <span class='ocrx_word' id='word_1_195' title='bbox 1640 2774 1697 2823; x_wconf 84' lang='grc' dir='ltr'>ὲν</span> 
     </span>
    </p>
   </div>
   <div class='ocr_carea' id='block_1_28' title="bbox 140 2861 1697 2935">
    <p class='ocr_par' dir='ltr' id='par_1_28' title="bbox 140 2861 1697 2935">
     <span class='ocr_line' id='line_1_28' title="bbox 140 2861 1697 2935; baseline -0.006 -16"><span class='ocrx_word' id='word_1_196' title='bbox 140 2871 278 2919; x_wconf 80' lang='grc' dir='ltr'>παντὶ</span> <span class='ocrx_word' id='word_1_197' title='bbox 310 2865 685 2935; x_wconf 74' lang='grc' dir='ltr'>καθηκόντως,</span> <span class='ocrx_word' id='word_1_198' title='bbox 716 2864 854 2933; x_wconf 79' lang='grc' dir='ltr'>Φησὶ</span> <span class='ocrx_word' id='word_1_199' title='bbox 885 2863 995 2933; x_wconf 88' lang='grc' dir='ltr'><strong>γάρ</strong></span> <span class='ocrx_word' id='word_1_200' title='bbox 1025 2865 1052 2915; x_wconf 88' lang='grc' dir='ltr'>ὁ</span> <span class='ocrx_word' id='word_1_201' title='bbox 1083 2861 1386 2931; x_wconf 82' lang='grc' dir='ltr'>νομοθέτης</span> <span class='ocrx_word' id='word_1_202' title='bbox 1411 2877 1423 2890; x_wconf 91' lang='grc'><strong>·</strong></span> <span class='ocrx_word' id='word_1_203' title='bbox 1459 2879 1477 2910; x_wconf 76' lang='grc' dir='ltr'><strong>ι</strong></span> <span class='ocrx_word' id='word_1_204' title='bbox 1504 2862 1697 2912; x_wconf 81' lang='grc' dir='ltr'>Ἔσται</span> 
     </span>
    </p>
   </div>
   <div class='ocr_carea' id='block_1_29' title="bbox 140 2951 1698 3025">
    <p class='ocr_par' dir='ltr' id='par_1_29' title="bbox 140 2951 1698 3025">
     <span class='ocr_line' id='line_1_29' title="bbox 140 2951 1698 3025; baseline -0.004 -17"><span class='ocrx_word' id='word_1_205' title='bbox 140 2955 202 3014; x_wconf 72' lang='grc' dir='ltr'><strong>δὲ,</strong></span> <span class='ocrx_word' id='word_1_206' title='bbox 237 2958 379 3008; x_wconf 74' lang='grc' dir='ltr'>πᾶσα</span> <span class='ocrx_word' id='word_1_207' title='bbox 404 2954 580 3025; x_wconf 72' lang='grc' dir='ltr'>ψυχὴ,</span> <span class='ocrx_word' id='word_1_208' title='bbox 614 2954 735 3024; x_wconf 80' lang='grc' dir='ltr'>ἥτις</span> <span class='ocrx_word' id='word_1_209' title='bbox 760 2955 835 3024; x_wconf 79' lang='grc' dir='ltr'><strong>μὴ</strong></span> <span class='ocrx_word' id='word_1_210' title='bbox 854 2952 1079 3007; x_wconf 85' lang='grc' dir='ltr'>ἀκούσει</span> <span class='ocrx_word' id='word_1_211' title='bbox 1108 2951 1202 3004; x_wconf 83' lang='grc' dir='ltr'>τοῦ</span> <span class='ocrx_word' id='word_1_212' title='bbox 1237 2952 1517 3021; x_wconf 70' lang='grc' dir='ltr'>προφήτου</span> <span class='ocrx_word' id='word_1_213' title='bbox 1557 2951 1698 3002; x_wconf 80' lang='grc' dir='ltr'>ἐκεί-</span> 
     </span>
    </p>
   </div>
   <div class='ocr_carea' id='block_1_30' title="bbox 137 3040 1332 3118">
    <p class='ocr_par' dir='ltr' id='par_1_30' title="bbox 137 3040 1332 3118">
     <span class='ocr_line' id='line_1_30' title="bbox 137 3040 1332 3118; baseline -0.006 -18"><span class='ocrx_word' id='word_1_214' title='bbox 137 3065 232 3111; x_wconf 78' lang='grc' dir='ltr'>νου,</span> <span class='ocrx_word' id='word_1_215' title='bbox 250 3046 770 3118; x_wconf 74' lang='grc' dir='ltr'>ὲξολοθρευθήσεται</span> <span class='ocrx_word' id='word_1_216' title='bbox 797 3047 860 3098; x_wconf 84' lang='grc' dir='ltr'>ὲκ</span> <span class='ocrx_word' id='word_1_217' title='bbox 885 3044 977 3098; x_wconf 80' lang='grc' dir='ltr'>τοῦ</span> <span class='ocrx_word' id='word_1_218' title='bbox 1003 3043 1149 3097; x_wconf 84' lang='grc' dir='ltr'>θείου</span> <span class='ocrx_word' id='word_1_219' title='bbox 1177 3040 1332 3095; x_wconf 76' lang='grc' dir='ltr'>λαοῦ.</span> 
     </span>
    </p>
   </div>
   <div class='ocr_carea' id='block_1_31' title="bbox 356 3134 1420 3207">
    <p class='ocr_par' dir='ltr' id='par_1_31' title="bbox 356 3134 1420 3207">
     <span class='ocr_line' id='line_1_31' title="bbox 356 3134 1420 3207; baseline -0.007 -15"><span class='ocrx_word' id='word_1_220' title='bbox 356 3139 541 3193; x_wconf 76' lang='lat' dir='ltr'><strong>PKB’.</strong></span> <span class='ocrx_word' id='word_1_221' title='bbox 572 3166 644 3177; x_wconf 90' lang='lat'>——</span> <span class='ocrx_word' id='word_1_222' title='bbox 672 3136 1083 3207; x_wconf 78' lang='grc' dir='ltr'><strong>ΑΛΕΞΑΝΔΡῼ</strong></span> <span class='ocrx_word' id='word_1_223' title='bbox 1114 3134 1420 3203; x_wconf 81' lang='grc' dir='ltr'><strong>ΜΟΝΔΧῼ.</strong></span> 
     </span>
    </p>
   </div>
   <div class='ocr_carea' id='block_1_32' title="bbox 197 3223 1700 3303">
    <p class='ocr_par' dir='ltr' id='par_1_32' title="bbox 197 3223 1700 3303">
     <span class='ocr_line' id='line_1_32' title="bbox 197 3223 1700 3303; baseline -0.007 -18"><span class='ocrx_word' id='word_1_224' title='bbox 197 3234 423 3285; x_wconf 72' lang='grc' dir='ltr'>Ἄτοπον</span> <span class='ocrx_word' id='word_1_225' title='bbox 444 3232 588 3303; x_wconf 80' lang='grc' dir='ltr'>δρᾷν</span> <span class='ocrx_word' id='word_1_226' title='bbox 620 3232 855 3301; x_wconf 76' lang='grc' dir='ltr'>πρᾶγμα</span> <span class='ocrx_word' id='word_1_227' title='bbox 906 3228 1085 3290; x_wconf 85' lang='grc' dir='ltr'>δοκεῖς</span> <span class='ocrx_word' id='word_1_228' title='bbox 1145 3244 1258 3296; x_wconf 87' lang='grc' dir='ltr'>μοι,</span> <span class='ocrx_word' id='word_1_229' title='bbox 1294 3227 1350 3278; x_wconf 77' lang='grc' dir='ltr'>ὲν</span> <span class='ocrx_word' id='word_1_230' title='bbox 1376 3224 1455 3295; x_wconf 83' lang='grc' dir='ltr'>τῷ</span> <span class='ocrx_word' id='word_1_231' title='bbox 1494 3223 1700 3294; x_wconf 79' lang='grc' dir='ltr'>μεταξὺ</span> 
     </span>
    </p>
   </div>
   <div class='ocr_carea' id='block_1_33' title="bbox 136 3315 1702 3396">
    <p class='ocr_par' dir='ltr' id='par_1_33' title="bbox 136 3315 1702 3396">
     <span class='ocr_line' id='line_1_33' title="bbox 136 3315 1702 3396; baseline -0.005 -22"><span class='ocrx_word' id='word_1_232' title='bbox 136 3320 322 3396; x_wconf 72' lang='grc' dir='ltr'>ὕϐρεων</span> <span class='ocrx_word' id='word_1_233' title='bbox 349 3326 447 3377; x_wconf 79' lang='grc' dir='ltr'><strong>καὶ</strong></span> <span class='ocrx_word' id='word_1_234' title='bbox 506 3321 682 3393; x_wconf 79' lang='grc' dir='ltr'>θυμοῦ</span> <span class='ocrx_word' id='word_1_235' title='bbox 738 3319 1177 3390; x_wconf 76' lang='grc' dir='ltr'>καταναγκάζειν</span> <span class='ocrx_word' id='word_1_236' title='bbox 1225 3318 1593 3388; x_wconf 61' lang='grc' dir='ltr'>καρποφορεῖν</span> <span class='ocrx_word' id='word_1_237' title='bbox 1622 3315 1702 3367; x_wconf 88' lang='grc' dir='ltr'><strong>σοί</strong></span> 
     </span>
    </p>
   </div>
   <div class='ocr_carea' id='block_1_34' title="bbox 132 3406 1705 3483">
    <p class='ocr_par' dir='ltr' id='par_1_34' title="bbox 132 3406 1705 3483">
     <span class='ocr_line' id='line_1_34' title="bbox 132 3406 1705 3483; baseline -0.008 -13"><span class='ocrx_word' id='word_1_238' title='bbox 132 3434 283 3481; x_wconf 85' lang='grc' dir='ltr'>τινας.</span> <span class='ocrx_word' id='word_1_239' title='bbox 334 3416 521 3470; x_wconf 81' lang='grc' dir='ltr'>Τοῦτο</span> <span class='ocrx_word' id='word_1_240' title='bbox 548 3415 724 3467; x_wconf 83' lang='grc' dir='ltr'>δὀὐκ</span> <span class='ocrx_word' id='word_1_241' title='bbox 766 3413 831 3467; x_wconf 78' lang='grc' dir='ltr'><strong>ἂν</strong></span> <span class='ocrx_word' id='word_1_242' title='bbox 861 3412 1084 3483; x_wconf 83' lang='grc' dir='ltr'>λεχθείη</span> <span class='ocrx_word' id='word_1_243' title='bbox 1149 3410 1518 3480; x_wconf 84' lang='grc' dir='ltr'>καρποφορία,</span> <span class='ocrx_word' id='word_1_244' title='bbox 1570 3406 1705 3460; x_wconf 87' lang='grc' dir='ltr'><strong>ἀλλά</strong></span> 
     </span>
    </p>
   </div>
   <div class='ocr_carea' id='block_1_35' title="bbox 133 3499 1703 3579">
    <p class='ocr_par' dir='ltr' id='par_1_35' title="bbox 133 3499 1703 3579">
     <span class='ocr_line' id='line_1_35' title="bbox 133 3499 1703 3579; baseline -0.008 -15"><span class='ocrx_word' id='word_1_245' title='bbox 133 3508 228 3578; x_wconf 79' lang='grc' dir='ltr'>βία,</span> <span class='ocrx_word' id='word_1_246' title='bbox 256 3510 349 3563; x_wconf 72' lang='grc' dir='ltr'>καὶ</span> <span class='ocrx_word' id='word_1_247' title='bbox 369 3509 698 3579; x_wconf 83' lang='grc' dir='ltr'>αἰσχρότης,</span> <span class='ocrx_word' id='word_1_248' title='bbox 725 3506 821 3561; x_wconf 81' lang='grc' dir='ltr'><strong>καὶ</strong></span> <span class='ocrx_word' id='word_1_249' title='bbox 851 3505 1078 3574; x_wconf 80' lang='grc' dir='ltr'>ἀκαιρία</span> <span class='ocrx_word' id='word_1_250' title='bbox 1114 3502 1339 3573; x_wconf 83' lang='grc' dir='ltr'>ἐσχάτη,</span> <span class='ocrx_word' id='word_1_251' title='bbox 1379 3503 1470 3554; x_wconf 74' lang='grc' dir='ltr'><strong>καὶ</strong></span> <span class='ocrx_word' id='word_1_252' title='bbox 1497 3499 1703 3571; x_wconf 77' lang='grc' dir='ltr'>τραχύο</span> 
     </span>
    </p>
   </div>
   <div class='ocr_carea' id='block_1_36' title="bbox 128 3592 1706 3671">
    <p class='ocr_par' dir='ltr' id='par_1_36' title="bbox 128 3592 1706 3671">
     <span class='ocr_line' id='line_1_36' title="bbox 128 3592 1706 3671; baseline -0.006 -19"><span class='ocrx_word' id='word_1_253' title='bbox 128 3601 268 3671; x_wconf 80' lang='grc' dir='ltr'>τερόν</span> <span class='ocrx_word' id='word_1_254' title='bbox 291 3618 345 3653; x_wconf 82' lang='grc' dir='ltr'><strong>τι</strong></span> <span class='ocrx_word' id='word_1_255' title='bbox 367 3600 484 3654; x_wconf 82' lang='grc' dir='ltr'>τῶν</span> <span class='ocrx_word' id='word_1_256' title='bbox 512 3599 788 3670; x_wconf 82' lang='grc' dir='ltr'>δημοσίων</span> <span class='ocrx_word' id='word_1_257' title='bbox 811 3596 1223 3665; x_wconf 77' lang='grc' dir='ltr'>ἐπιταγμάτων,</span> <span class='ocrx_word' id='word_1_258' title='bbox 1255 3594 1349 3645; x_wconf 82' lang='grc' dir='ltr'><strong>καὶ</strong></span> <span class='ocrx_word' id='word_1_259' title='bbox 1390 3592 1706 3665; x_wconf 83' lang='grc' dir='ltr'>βαρυτάτων</span> 
     </span>
    </p>
   </div>
   <div class='ocr_carea' id='block_1_37' title="bbox 128 3674 1706 3763">
    <p class='ocr_par' dir='ltr' id='par_1_37' title="bbox 128 3674 1706 3763">
     <span class='ocr_line' id='line_1_37' title="bbox 128 3674 1706 3763; baseline -0.008 -15"><span class='ocrx_word' id='word_1_260' title='bbox 128 3674 547 3763; x_wconf 75' lang='grc' dir='ltr'>ἁπαιτημάτων.</span> <span class='ocrx_word' id='word_1_261' title='bbox 592 3690 754 3743; x_wconf 85' lang='grc' dir='ltr'>Ἀλλά</span> <span class='ocrx_word' id='word_1_262' title='bbox 785 3689 1013 3750; x_wconf 76' lang='grc' dir='ltr'>παῦσαι,</span> <span class='ocrx_word' id='word_1_263' title='bbox 1044 3686 1368 3757; x_wconf 84' lang='grc' dir='ltr'>παρακαλῶ,</span> <span class='ocrx_word' id='word_1_264' title='bbox 1402 3686 1501 3756; x_wconf 76' lang='grc' dir='ltr'>τῆς</span> <span class='ocrx_word' id='word_1_265' title='bbox 1536 3685 1706 3755; x_wconf 79' lang='grc' dir='ltr'>ἀπρε-</span> 
     </span>
    </p>
   </div>
   <div class='ocr_carea' id='block_1_38' title="bbox 128 3777 1703 3855">
    <p class='ocr_par' dir='ltr' id='par_1_38' title="bbox 128 3777 1703 3855">
     <span class='ocr_line' id='line_1_38' title="bbox 128 3777 1703 3855; baseline -0.008 -15"><span class='ocrx_word' id='word_1_266' title='bbox 128 3788 273 3848; x_wconf 83' lang='grc' dir='ltr'>πείας</span> <span class='ocrx_word' id='word_1_267' title='bbox 296 3785 538 3853; x_wconf 88' lang='grc' dir='ltr'>ταύτης,</span> <span class='ocrx_word' id='word_1_268' title='bbox 572 3780 842 3855; x_wconf 76' lang='grc' dir='ltr'>μᾶλλονδὲ</span> <span class='ocrx_word' id='word_1_269' title='bbox 870 3779 1130 3849; x_wconf 77' lang='grc' dir='ltr'>σχόλασον</span> <span class='ocrx_word' id='word_1_270' title='bbox 1181 3780 1298 3841; x_wconf 79' lang='grc' dir='ltr'>ταῖς</span> <span class='ocrx_word' id='word_1_271' title='bbox 1354 3777 1703 3848; x_wconf 80' lang='grc' dir='ltr'>προσευχαῖς,</span> 
     </span>
    </p>
   </div>
   <div class='ocr_carea' id='block_1_39' title="bbox 131 3868 1739 3949">
    <p class='ocr_par' dir='ltr' id='par_1_39' title="bbox 131 3868 1739 3949">
     <span class='ocr_line' id='line_1_39' title="bbox 131 3868 1739 3949; baseline -0.009 -17"><span class='ocrx_word' id='word_1_272' title='bbox 131 3880 217 3931; x_wconf 78' lang='grc' dir='ltr'>καὶ</span> <span class='ocrx_word' id='word_1_273' title='bbox 236 3881 300 3949; x_wconf 78' lang='grc' dir='ltr'>τῇ</span> <span class='ocrx_word' id='word_1_274' title='bbox 327 3877 507 3947; x_wconf 79' lang='grc' dir='ltr'>πολλῇ</span> <span class='ocrx_word' id='word_1_275' title='bbox 545 3870 687 3929; x_wconf 83' lang='grc' dir='ltr'>κατὰ</span> <span class='ocrx_word' id='word_1_276' title='bbox 710 3872 891 3943; x_wconf 68' lang='grc' dir='ltr'>ψυχὴν</span> <span class='ocrx_word' id='word_1_277' title='bbox 919 3871 1143 3943; x_wconf 80' lang='grc' dir='ltr'>ἡσυχίᾳ,</span> <span class='ocrx_word' id='word_1_278' title='bbox 1176 3870 1272 3923; x_wconf 72' lang='grc' dir='ltr'><strong>καὶ</strong></span> <span class='ocrx_word' id='word_1_279' title='bbox 1306 3873 1333 3922; x_wconf 82' lang='grc' dir='ltr'>ὁ</span> <span class='ocrx_word' id='word_1_280' title='bbox 1358 3869 1491 3932; x_wconf 79' lang='grc' dir='ltr'>Θεὸς</span> <span class='ocrx_word' id='word_1_281' title='bbox 1518 3868 1708 3936; x_wconf 87' lang='grc' dir='ltr'>διεγεί-</span> <span class='ocrx_word' id='word_1_282' title='bbox 1734 3878 1739 3884; x_wconf 83' lang='grc'><em>’</em></span> 
     </span>
    </p>
   </div>
   <div class='ocr_carea' id='block_1_40' title="bbox 130 3957 1707 4041">
    <p class='ocr_par' dir='ltr' id='par_1_40' title="bbox 130 3957 1707 4041">
     <span class='ocr_line' id='line_1_40' title="bbox 130 3957 1707 4041; baseline -0.01 -17"><span class='ocrx_word' id='word_1_283' title='bbox 130 3972 339 4041; x_wconf 73' lang='grc' dir='ltr'>ρει-τοὺς</span> <span class='ocrx_word' id='word_1_284' title='bbox 363 3969 561 4035; x_wconf 77' lang='grc' dir='ltr'>ἀξίους</span> <span class='ocrx_word' id='word_1_285' title='bbox 594 3966 757 4028; x_wconf 77' lang='grc' dir='ltr'>δντας</span> <span class='ocrx_word' id='word_1_286' title='bbox 784 3963 887 4033; x_wconf 82' lang='grc' dir='ltr'>τῆς</span> <span class='ocrx_word' id='word_1_287' title='bbox 912 3960 1319 4028; x_wconf 78' lang='grc' dir='ltr'>καλοκαγαθίας</span> <span class='ocrx_word' id='word_1_288' title='bbox 1375 3957 1707 4030; x_wconf 75' lang='grc' dir='ltr'>προσφέρειν</span> 
     </span>
    </p>
   </div>
   <div class='ocr_carea' id='block_1_41' title="bbox 128 4049 1709 4133">
    <p class='ocr_par' dir='ltr' id='par_1_41' title="bbox 128 4049 1709 4133">
     <span class='ocr_line' id='line_1_41' title="bbox 128 4049 1709 4133; baseline -0.009 -17"><span class='ocrx_word' id='word_1_289' title='bbox 128 4081 202 4116; x_wconf 78' lang='grc' dir='ltr'><strong>σοι</strong></span> <span class='ocrx_word' id='word_1_290' title='bbox 226 4064 345 4133; x_wconf 78' lang='grc' dir='ltr'>μεθ’</span> <span class='ocrx_word' id='word_1_291' title='bbox 366 4061 585 4122; x_wconf 84' lang='grc' dir='ltr'>ἱκεσίας</span> <span class='ocrx_word' id='word_1_292' title='bbox 616 4059 798 4111; x_wconf 76' lang='grc' dir='ltr'>πᾶσαν</span> <span class='ocrx_word' id='word_1_293' title='bbox 827 4056 1034 4127; x_wconf 85' lang='grc' dir='ltr'>χρείαν.</span> <span class='ocrx_word' id='word_1_294' title='bbox 1066 4056 1130 4108; x_wconf 85' lang='grc' dir='ltr'><strong>Οἱ</strong></span> <span class='ocrx_word' id='word_1_295' title='bbox 1164 4054 1262 4124; x_wconf 81' lang='grc' dir='ltr'>μὲν</span> <span class='ocrx_word' id='word_1_296' title='bbox 1289 4054 1397 4121; x_wconf 85' lang='grc' dir='ltr'>γὰρ</span> <span class='ocrx_word' id='word_1_297' title='bbox 1422 4049 1561 4115; x_wconf 83' lang='grc' dir='ltr'>άξιοι</span> <span class='ocrx_word' id='word_1_298' title='bbox 1586 4067 1709 4118; x_wconf 73' lang='grc' dir='ltr'>τυγσ</span> 
     </span>
    </p>
   </div>
   <div class='ocr_carea' id='block_1_42' title="bbox 124 4142 1709 4224">
    <p class='ocr_par' dir='ltr' id='par_1_42' title="bbox 124 4142 1709 4224">
     <span class='ocr_line' id='line_1_42' title="bbox 124 4142 1709 4224; baseline -0.011 -14"><span class='ocrx_word' id='word_1_299' title='bbox 124 4157 365 4224; x_wconf 83' lang='grc' dir='ltr'>χάνουσιν</span> <span class='ocrx_word' id='word_1_300' title='bbox 396 4151 501 4205; x_wconf 77' lang='grc' dir='ltr'><strong>τοῦ</strong></span> <span class='ocrx_word' id='word_1_301' title='bbox 551 4151 924 4220; x_wconf 80' lang='grc' dir='ltr'>καρποφορεῖν</span> <span class='ocrx_word' id='word_1_302' title='bbox 964 4148 1239 4216; x_wconf 57' lang='grc' dir='ltr'>μοναχῶς,</span> <span class='ocrx_word' id='word_1_303' title='bbox 1261 4147 1311 4196; x_wconf 89' lang='grc' dir='ltr'>οἱ</span> <span class='ocrx_word' id='word_1_304' title='bbox 1347 4144 1404 4196; x_wconf 85' lang='grc' dir='ltr'><strong>δὲ</strong></span> <span class='ocrx_word' id='word_1_305' title='bbox 1431 4142 1709 4205; x_wconf 84' lang='grc' dir='ltr'>παντελῶς</span> 
     </span>
    </p>
   </div>
   <div class='ocr_carea' id='block_1_43' title="bbox 125 4238 1488 4315">
    <p class='ocr_par' dir='ltr' id='par_1_43' title="bbox 125 4238 1488 4315">
     <span class='ocr_line' id='line_1_43' title="bbox 125 4238 1488 4315; baseline -0.009 -14"><span class='ocrx_word' id='word_1_306' title='bbox 125 4248 340 4313; x_wconf 77' lang='grc' dir='ltr'>ἀνάξιοι,</span> <span class='ocrx_word' id='word_1_307' title='bbox 369 4249 473 4300; x_wconf 55' lang='grc' dir='ltr'><strong>καὶ⁸</strong></span> <span class='ocrx_word' id='word_1_308' title='bbox 520 4244 742 4315; x_wconf 78' lang='grc' dir='ltr'>μακρὰν</span> <span class='ocrx_word' id='word_1_309' title='bbox 769 4242 871 4312; x_wconf 80' lang='grc' dir='ltr'>τῆς</span> <span class='ocrx_word' id='word_1_310' title='bbox 908 4240 1103 4312; x_wconf 75' lang='grc' dir='ltr'>βουλῆς</span> <span class='ocrx_word' id='word_1_311' title='bbox 1137 4240 1233 4299; x_wconf 74' lang='grc' dir='ltr'>τοῦ</span> <span class='ocrx_word' id='word_1_312' title='bbox 1260 4238 1488 4307; x_wconf 83' lang='grc' dir='ltr'>Κυρίου.</span> 
     </span>
    </p>
   </div>
   <div class='ocr_carea' id='block_1_44' title="bbox 338 4422 1424 4496">
    <p class='ocr_par' dir='ltr' id='par_1_44' title="bbox 338 4422 1424 4496">
     <span class='ocr_line' id='line_1_44' title="bbox 338 4422 1424 4496; baseline -0.01 -11"><span class='ocrx_word' id='word_1_313' title='bbox 338 4430 473 4484; x_wconf 78' lang='lat' dir='ltr'><strong>PA&#39;.</strong></span> <span class='ocrx_word' id='word_1_314' title='bbox 505 4458 576 4469; x_wconf 81' lang='lat'><strong>—-</strong></span> <span class='ocrx_word' id='word_1_315' title='bbox 601 4425 932 4496; x_wconf 75' lang='grc' dir='ltr'><strong>ΚΛΕΔΡΧῼ</strong></span> <span class='ocrx_word' id='word_1_316' title='bbox 956 4422 1424 4492; x_wconf 79' lang='grc' dir='ltr'><strong>ΝΟΥΜΕΡΑΡΙῼ.</strong></span> 
     </span>
    </p>
   </div>
   <div class='ocr_carea' id='block_1_45' title="bbox 196 4513 1703 4593">
    <p class='ocr_par' dir='ltr' id='par_1_45' title="bbox 196 4513 1703 4593">
     <span class='ocr_line' id='line_1_45' title="bbox 196 4513 1703 4593; baseline -0.01 -13"><span class='ocrx_word' id='word_1_317' title='bbox 196 4523 340 4593; x_wconf 81' lang='grc' dir='ltr'>Ἐγὼ</span> <span class='ocrx_word' id='word_1_318' title='bbox 362 4525 472 4578; x_wconf 82' lang='grc' dir='ltr'><strong>οὐκ</strong></span> <span class='ocrx_word' id='word_1_319' title='bbox 506 4520 575 4575; x_wconf 82' lang='grc' dir='ltr'>ἂν</span> <span class='ocrx_word' id='word_1_320' title='bbox 598 4519 1003 4589; x_wconf 80' lang='grc' dir='ltr'>λοιδωρήσαιμι</span> <span class='ocrx_word' id='word_1_321' title='bbox 1034 4516 1129 4569; x_wconf 83' lang='grc' dir='ltr'><strong>τὸν</strong></span> <span class='ocrx_word' id='word_1_322' title='bbox 1168 4515 1334 4568; x_wconf 84' lang='grc' dir='ltr'>λύκον</span> <span class='ocrx_word' id='word_1_323' title='bbox 1364 4513 1703 4583; x_wconf 79' lang='grc' dir='ltr'>ἁρπάζοντα,</span> 
     </span>
    </p>
   </div>
   <div class='ocr_carea' id='block_1_46' title="bbox 118 4606 1705 4685">
    <p class='ocr_par' dir='ltr' id='par_1_46' title="bbox 118 4606 1705 4685">
     <span class='ocr_line' id='line_1_46' title="bbox 118 4606 1705 4685; baseline -0.008 -14"><span class='ocrx_word' id='word_1_324' title='bbox 118 4618 253 4671; x_wconf 79' lang='grc' dir='ltr'><strong>κατά</strong></span> <span class='ocrx_word' id='word_1_325' title='bbox 307 4616 483 4685; x_wconf 80' lang='grc' dir='ltr'>φύσιν</span> <span class='ocrx_word' id='word_1_326' title='bbox 532 4616 646 4684; x_wconf 82' lang='grc' dir='ltr'>γὰρ</span> <span class='ocrx_word' id='word_1_327' title='bbox 697 4611 875 4665; x_wconf 72' lang='grc' dir='ltr'>ἔνεστι</span> <span class='ocrx_word' id='word_1_328' title='bbox 907 4608 985 4679; x_wconf 83' lang='grc' dir='ltr'>τῷ</span> <span class='ocrx_word' id='word_1_329' title='bbox 1040 4608 1192 4677; x_wconf 83' lang='grc' dir='ltr'>λύκῳ</span> <span class='ocrx_word' id='word_1_330' title='bbox 1235 4608 1295 4660; x_wconf 86' lang='grc' dir='ltr'><strong>τὸ</strong></span> <span class='ocrx_word' id='word_1_331' title='bbox 1344 4606 1705 4678; x_wconf 85' lang='grc' dir='ltr'>ἁρπακτικὸν,</span> 
     </span>
    </p>
   </div>
   <div class='ocr_carea' id='block_1_47' title="bbox 119 4700 1708 4777">
    <p class='ocr_par' dir='ltr' id='par_1_47' title="bbox 119 4700 1708 4777">
     <span class='ocr_line' id='line_1_47' title="bbox 119 4700 1708 4777; baseline -0.008 -13"><span class='ocrx_word' id='word_1_332' title='bbox 119 4710 350 4763; x_wconf 60' lang='lat' dir='ltr'><strong>enabat-tto</strong></span> <span class='ocrx_word' id='word_1_333' title='bbox 370 4710 421 4763; x_wconf 86' lang='grc' dir='ltr'>δ’</span> <span class='ocrx_word' id='word_1_334' title='bbox 446 4708 741 4777; x_wconf 77' lang='grc' dir='ltr'>ἄνθρωπον</span> <span class='ocrx_word' id='word_1_335' title='bbox 765 4701 1102 4773; x_wconf 81' lang='grc' dir='ltr'>κεκτημένον</span> <span class='ocrx_word' id='word_1_336' title='bbox 1129 4700 1342 4769; x_wconf 85' lang='grc' dir='ltr'>λυκώδη</span> <span class='ocrx_word' id='word_1_337' title='bbox 1367 4700 1517 4771; x_wconf 84' lang='grc' dir='ltr'>παρὰ</span> <span class='ocrx_word' id='word_1_338' title='bbox 1544 4700 1708 4768; x_wconf 83' lang='grc' dir='ltr'>φύσιν</span> 
     </span>
    </p>
   </div>
   <div class='ocr_carea' id='block_1_48' title="bbox 117 4802 499 4874">
    <p class='ocr_par' dir='ltr' id='par_1_48' title="bbox 117 4802 499 4874">
     <span class='ocr_line' id='line_1_48' title="bbox 117 4802 499 4874; baseline -0.003 0"><span class='ocrx_word' id='word_1_339' title='bbox 117 4808 209 4874; x_wconf 71' lang='grc' dir='ltr'>τὴν</span> <span class='ocrx_word' id='word_1_340' title='bbox 238 4802 499 4873; x_wconf 77' lang='grc' dir='ltr'>γνώμην-</span> 
     </span>
    </p>
   </div>
   <div class='ocr_carea' id='block_1_49' title="bbox 586 4886 1313 4955">
    <p class='ocr_par' dir='ltr' id='par_1_49' title="bbox 586 4886 1313 4955">
     <span class='ocr_line' id='line_1_49' title="bbox 586 4886 1313 4955; baseline -0.01 -10"><span class='ocrx_word' id='word_1_341' title='bbox 586 4891 761 4945; x_wconf 82' lang='lat' dir='ltr'><strong>PAA&#39;.</strong></span> <span class='ocrx_word' id='word_1_342' title='bbox 796 4918 866 4929; x_wconf 84' lang='lat'><strong><em>—</em></strong></span> <span class='ocrx_word' id='word_1_343' title='bbox 887 4886 1313 4955; x_wconf 75' lang='grc' dir='ltr'><strong>ΔΥΡΗΛῙΑΝῼ.</strong></span> 
     </span>
    </p>
   </div>
   <div class='ocr_carea' id='block_1_50' title="bbox 178 4977 1708 5058">
    <p class='ocr_par' dir='ltr' id='par_1_50' title="bbox 178 4977 1708 5058">
     <span class='ocr_line' id='line_1_50' title="bbox 178 4977 1708 5058; baseline -0.006 -18"><span class='ocrx_word' id='word_1_344' title='bbox 178 4989 277 5042; x_wconf 81' lang='grc' dir='ltr'>Διά</span> <span class='ocrx_word' id='word_1_345' title='bbox 304 4988 407 5042; x_wconf 79' lang='grc' dir='ltr'>τοῦ</span> <span class='ocrx_word' id='word_1_346' title='bbox 454 4984 724 5058; x_wconf 81' lang='grc' dir='ltr'>Ἱερεμίου</span> <span class='ocrx_word' id='word_1_347' title='bbox 745 4985 775 5035; x_wconf 86' lang='grc' dir='ltr'>ὁ</span> <span class='ocrx_word' id='word_1_348' title='bbox 796 4981 1001 5051; x_wconf 79' lang='grc' dir='ltr'>Κύριος</span> <span class='ocrx_word' id='word_1_349' title='bbox 1055 4981 1279 5050; x_wconf 80' lang='grc' dir='ltr'>εἴρηκεν</span> <span class='ocrx_word' id='word_1_350' title='bbox 1307 4996 1322 5008; x_wconf 91' lang='grc'><strong>·</strong></span> <span class='ocrx_word' id='word_1_351' title='bbox 1368 4998 1387 5029; x_wconf 83' lang='grc' dir='ltr'><strong>ι</strong></span> <span class='ocrx_word' id='word_1_352' title='bbox 1421 4977 1708 5049; x_wconf 85' lang='grc' dir='ltr'>Ἐπιστρά-</span> 
     </span>
    </p>
   </div>
   <div class='ocr_carea' id='block_1_51' title="bbox 117 5067 1701 5152">
    <p class='ocr_par' dir='ltr' id='par_1_51' title="bbox 117 5067 1701 5152">
     <span class='ocr_line' id='line_1_51' title="bbox 117 5067 1701 5152; baseline -0.011 -18"><span class='ocrx_word' id='word_1_353' title='bbox 117 5095 245 5150; x_wconf 75' lang='grc' dir='ltr'>φητε</span> <span class='ocrx_word' id='word_1_354' title='bbox 270 5079 416 5152; x_wconf 75' lang='grc' dir='ltr'>πρός</span> <span class='ocrx_word' id='word_1_355' title='bbox 454 5094 555 5149; x_wconf 82' lang='grc' dir='ltr'><strong>με,</strong></span> <span class='ocrx_word' id='word_1_356' title='bbox 589 5074 773 5129; x_wconf 85' lang='grc' dir='ltr'><strong>καὶοὺ</strong></span> <span class='ocrx_word' id='word_1_357' title='bbox 810 5071 987 5142; x_wconf 87' lang='grc' dir='ltr'>μηνιῶ</span> <span class='ocrx_word' id='word_1_358' title='bbox 1036 5072 1164 5141; x_wconf 83' lang='grc' dir='ltr'>ὑμῖν</span> <span class='ocrx_word' id='word_1_359' title='bbox 1205 5070 1286 5133; x_wconf 86' lang='grc' dir='ltr'><strong>εἰς</strong></span> <span class='ocrx_word' id='word_1_360' title='bbox 1323 5069 1415 5122; x_wconf 88' lang='grc' dir='ltr'><strong>τὸν</strong></span> <span class='ocrx_word' id='word_1_361' title='bbox 1459 5067 1653 5122; x_wconf 82' lang='grc' dir='ltr'>αἰῶνα.</span> <span class='ocrx_word' id='word_1_362' title='bbox 1684 5086 1701 5117; x_wconf 81' lang='grc' dir='ltr'><strong>ι</strong></span> 
     </span>
    </p>
   </div>
   <div class='ocr_carea' id='block_1_52' title="bbox 118 5159 1705 5241">
    <p class='ocr_par' dir='ltr' id='par_1_52' title="bbox 118 5159 1705 5241">
     <span class='ocr_line' id='line_1_52' title="bbox 118 5159 1705 5241; baseline -0.008 -16"><span class='ocrx_word' id='word_1_363' title='bbox 118 5170 273 5235; x_wconf 77' lang='grc' dir='ltr'>’Δξια</span> <span class='ocrx_word' id='word_1_364' title='bbox 304 5172 411 5241; x_wconf 81' lang='grc' dir='ltr'><strong>μὲν</strong></span> <span class='ocrx_word' id='word_1_365' title='bbox 434 5170 547 5237; x_wconf 78' lang='grc' dir='ltr'><strong>τῆς</strong></span> <span class='ocrx_word' id='word_1_366' title='bbox 566 5166 785 5221; x_wconf 83' lang='grc' dir='ltr'>αἰωνίου</span> <span class='ocrx_word' id='word_1_367' title='bbox 819 5163 989 5234; x_wconf 82' lang='grc' dir='ltr'>ὀργῆς</span> <span class='ocrx_word' id='word_1_368' title='bbox 1019 5159 1350 5232; x_wconf 82' lang='grc' dir='ltr'>εἰργάσασθε</span> <span class='ocrx_word' id='word_1_369' title='bbox 1382 5161 1705 5231; x_wconf 84' lang='grc' dir='ltr'>πράγματα,</span> 
     </span>
    </p>
   </div>
   <div class='ocr_carea' id='block_1_53' title="bbox 117 5252 1711 5331">
    <p class='ocr_par' dir='ltr' id='par_1_53' title="bbox 117 5252 1711 5331">
     <span class='ocr_line' id='line_1_53' title="bbox 117 5252 1711 5331; baseline -0.006 -15"><span class='ocrx_word' id='word_1_370' title='bbox 117 5262 224 5316; x_wconf 81' lang='grc' dir='ltr'>ἀλλ’</span> <span class='ocrx_word' id='word_1_371' title='bbox 250 5292 253 5293; x_wconf 54' lang='grc' dir='ltr'><strong>ν</strong></span> <span class='ocrx_word' id='word_1_372' title='bbox 276 5261 484 5331; x_wconf 68' lang='grc' dir='ltr'>ἐπειδὴ</span> <span class='ocrx_word' id='word_1_373' title='bbox 531 5257 643 5319; x_wconf 73' lang='grc' dir='ltr'><strong>ἐγὼ</strong></span> <span class='ocrx_word' id='word_1_374' title='bbox 694 5257 943 5326; x_wconf 75' lang='grc' dir='ltr'>ἐλεήμων</span> <span class='ocrx_word' id='word_1_375' title='bbox 998 5254 1250 5324; x_wconf 81' lang='grc' dir='ltr'>ὑπάρχω,</span> <span class='ocrx_word' id='word_1_376' title='bbox 1282 5254 1342 5308; x_wconf 84' lang='grc' dir='ltr'><strong>οὑ</strong></span> <span class='ocrx_word' id='word_1_377' title='bbox 1368 5256 1433 5324; x_wconf 81' lang='grc' dir='ltr'>τῇ</span> <span class='ocrx_word' id='word_1_378' title='bbox 1467 5252 1711 5325; x_wconf 79' lang='grc' dir='ltr'>ὑμετέρᾳ</span> 
     </span>
    </p>
   </div>
   <div class='ocr_carea' id='block_1_54' title="bbox 116 5345 1709 5427">
    <p class='ocr_par' dir='ltr' id='par_1_54' title="bbox 116 5345 1709 5427">
     <span class='ocr_line' id='line_1_54' title="bbox 116 5345 1709 5427; baseline -0.007 -19"><span class='ocrx_word' id='word_1_379' title='bbox 116 5359 281 5427; x_wconf 68' lang='grc' dir='ltr'>κακίᾳ</span> <span class='ocrx_word' id='word_1_380' title='bbox 316 5351 523 5427; x_wconf 82' lang='grc' dir='ltr'>μετρῶ</span> <span class='ocrx_word' id='word_1_381' title='bbox 551 5350 650 5420; x_wconf 77' lang='grc' dir='ltr'>τὴν</span> <span class='ocrx_word' id='word_1_382' title='bbox 678 5347 1112 5419; x_wconf 82' lang='grc' dir='ltr'>φιλανθρωπίαν,</span> <span class='ocrx_word' id='word_1_383' title='bbox 1146 5347 1283 5402; x_wconf 80' lang='grc' dir='ltr'><strong>ἀλλά</strong></span> <span class='ocrx_word' id='word_1_384' title='bbox 1312 5348 1379 5415; x_wconf 77' lang='grc' dir='ltr'>τῇ</span> <span class='ocrx_word' id='word_1_385' title='bbox 1410 5348 1514 5417; x_wconf 77' lang='grc' dir='ltr'><strong>ἐμῇ</strong></span> <span class='ocrx_word' id='word_1_386' title='bbox 1540 5345 1709 5415; x_wconf 82' lang='grc' dir='ltr'>πολλῇ</span> 
     </span>
    </p>
   </div>
   <div class='ocr_carea' id='block_1_55' title="bbox 118 5439 1710 5519">
    <p class='ocr_par' dir='ltr' id='par_1_55' title="bbox 118 5439 1710 5519">
     <span class='ocr_line' id='line_1_55' title="bbox 118 5439 1710 5519; baseline -0.009 -15"><span class='ocrx_word' id='word_1_387' title='bbox 118 5450 441 5519; x_wconf 77' lang='grc' dir='ltr'>ἀγαθότητι.</span> <span class='ocrx_word' id='word_1_388' title='bbox 480 5443 632 5515; x_wconf 80' lang='grc' dir='ltr'>Πλὴν</span> <span class='ocrx_word' id='word_1_389' title='bbox 660 5444 710 5495; x_wconf 83' lang='grc' dir='ltr'><strong>εἰ</strong></span> <span class='ocrx_word' id='word_1_390' title='bbox 733 5440 911 5509; x_wconf 87' lang='grc' dir='ltr'>κάγὼ,</span> <span class='ocrx_word' id='word_1_391' title='bbox 970 5442 1158 5511; x_wconf 79' lang='grc' dir='ltr'>φησὶν,</span> <span class='ocrx_word' id='word_1_392' title='bbox 1199 5439 1422 5508; x_wconf 81' lang='grc' dir='ltr'>ἀγαθὸς,</span> <span class='ocrx_word' id='word_1_393' title='bbox 1455 5439 1551 5491; x_wconf 77' lang='grc' dir='ltr'>καὶ</span> <span class='ocrx_word' id='word_1_394' title='bbox 1590 5439 1710 5509; x_wconf 82' lang='grc' dir='ltr'>φιλ-</span> 
     </span>
    </p>
   </div>
   <div class='ocr_carea' id='block_1_56' title="bbox 118 5521 1709 5612">
    <p class='ocr_par' dir='ltr' id='par_1_56' title="bbox 118 5521 1709 5612">
     <span class='ocr_line' id='line_1_56' title="bbox 118 5521 1709 5612; baseline -0.009 -17"><span class='ocrx_word' id='word_1_395' title='bbox 118 5542 430 5612; x_wconf 78' lang='grc' dir='ltr'>άνθρωπος,</span> <span class='ocrx_word' id='word_1_396' title='bbox 458 5535 603 5590; x_wconf 72' lang='grc' dir='ltr'><strong>ἀλλά</strong></span> <span class='ocrx_word' id='word_1_397' title='bbox 642 5535 707 5587; x_wconf 78' lang='grc' dir='ltr'><strong>σὺ</strong></span> <span class='ocrx_word' id='word_1_398' title='bbox 756 5533 831 5604; x_wconf 72' lang='grc' dir='ltr'>μὴ</span> <span class='ocrx_word' id='word_1_399' title='bbox 878 5530 1239 5585; x_wconf 85' lang='grc' dir='ltr'>ὲπιλανθάνου</span> <span class='ocrx_word' id='word_1_400' title='bbox 1289 5521 1363 5584; x_wconf 81' lang='grc' dir='ltr'>ὧν</span> <span class='ocrx_word' id='word_1_401' title='bbox 1393 5529 1583 5593; x_wconf 83' lang='grc' dir='ltr'>κακῶς</span> <span class='ocrx_word' id='word_1_402' title='bbox 1629 5529 1709 5582; x_wconf 87' lang='grc' dir='ltr'>δι-</span> 
     </span>
    </p>
   </div>
   <div class='ocr_carea' id='block_1_57' title="bbox 1336 269 2143 336">
    <p class='ocr_par' dir='ltr' id='par_1_57' title="bbox 1336 269 2143 336">
     <span class='ocr_line' id='line_1_57' title="bbox 1336 269 2143 336; baseline 0.006 -6"><span class='ocrx_word' id='word_1_403' title='bbox 1336 269 1865 332; x_wconf 81' lang='lat' dir='ltr'><strong>EPISTOLARUM</strong></span> <span class='ocrx_word' id='word_1_404' title='bbox 1906 273 2050 334; x_wconf 85' lang='lat' dir='ltr'><strong>LIB.</strong></span> <span class='ocrx_word' id='word_1_405' title='bbox 2094 274 2143 336; x_wconf 92' lang='grc' dir='ltr'><strong>Ι.</strong></span> 
     </span>
    </p>
   </div>
   <div class='ocr_carea' id='block_1_58' title="bbox 635 376 1766 448">
    <p class='ocr_par' dir='ltr' id='par_1_58' title="bbox 635 376 1766 448">
     <span class='ocr_line' id='line_1_58' title="bbox 635 376 1766 448; baseline 0.001 -15"><span class='ocrx_word' id='word_1_406' title='bbox 635 378 829 448; x_wconf 69' lang='lat' dir='ltr'><strong>PKQ&quot;.</strong></span> <span class='ocrx_word' id='word_1_407' title='bbox 877 377 960 444; x_wconf 80' lang='grc' dir='ltr'><strong>Τῷ</strong></span> <span class='ocrx_word' id='word_1_408' title='bbox 984 376 1163 444; x_wconf 79' lang='grc' dir='ltr'>αὐτῷ.</span> <span class='ocrx_word' id='word_1_409' title='bbox 1721 395 1766 444; x_wconf 74' lang='grc' dir='ltr'>Α</span> 
     </span>
    </p>
   </div>
   <div class='ocr_carea' id='block_1_59' title="bbox 1725 1734 1768 1789">
    <p class='ocr_par' dir='ltr' id='par_1_59' title="bbox 1725 1734 1768 1789">
     <span class='ocr_line' id='line_1_59' title="bbox 1725 1734 1768 1789; baseline 0 0"><span class='ocrx_word' id='word_1_410' title='bbox 1725 1734 1768 1789; x_wconf 81' lang='grc' dir='ltr'><strong>Β</strong></span> 
     </span>
    </p>
   </div>
   <div class='ocr_carea' id='block_1_60' title="bbox 1742 4432 1786 4487">
    <p class='ocr_par' dir='ltr' id='par_1_60' title="bbox 1742 4432 1786 4487">
     <span class='ocr_line' id='line_1_60' title="bbox 1742 4432 1786 4487; baseline 0 0"><span class='ocrx_word' id='word_1_411' title='bbox 1742 4432 1786 4487; x_wconf 88' lang='lat' dir='ltr'><strong>D</strong></span> 
     </span>
    </p>
   </div>
   <div class='ocr_carea' id='block_1_61' title="bbox 2297 377 2869 434">
    <p class='ocr_par' dir='ltr' id='par_1_61' title="bbox 2297 377 2869 434">
     <span class='ocr_line' id='line_1_61' title="bbox 2297 377 2869 434; baseline -0.003 0"><span class='ocrx_word' id='word_1_412' title='bbox 2297 377 2536 434; x_wconf 81' lang='lat' dir='ltr'><strong>CXXVI.</strong></span> <span class='ocrx_word' id='word_1_413' title='bbox 2566 411 2632 417; x_wconf 82' lang='lat'><strong>——</strong></span> <span class='ocrx_word' id='word_1_414' title='bbox 2664 378 2869 433; x_wconf 74' lang='lat' dir='ltr'><strong>Eidem.</strong></span> 
     </span>
    </p>
   </div>
   <div class='ocr_carea' id='block_1_62' title="bbox 1870 474 3378 544">
    <p class='ocr_par' dir='ltr' id='par_1_62' title="bbox 1870 474 3378 544">
     <span class='ocr_line' id='line_1_62' title="bbox 1870 474 3378 544; baseline 0.003 -17"><span class='ocrx_word' id='word_1_415' title='bbox 1870 476 2253 544; x_wconf 77' lang='lat' dir='ltr'><strong>Apprehcnde,</strong></span> <span class='ocrx_word' id='word_1_416' title='bbox 2281 490 2490 544; x_wconf 65' lang='lat' dir='ltr'><strong>quaeso,</strong></span> <span class='ocrx_word' id='word_1_417' title='bbox 2521 474 2708 527; x_wconf 86' lang='lat' dir='ltr'><strong>animo</strong></span> <span class='ocrx_word' id='word_1_418' title='bbox 2740 484 2836 527; x_wconf 87' lang='lat' dir='ltr'><strong>tuo</strong></span> <span class='ocrx_word' id='word_1_419' title='bbox 2857 517 2872 540; x_wconf 86' lang='lat'><strong>,</strong></span> <span class='ocrx_word' id='word_1_420' title='bbox 2920 474 3013 528; x_wconf 72' lang='lat' dir='ltr'><strong>liei</strong></span> <span class='ocrx_word' id='word_1_421' title='bbox 3052 477 3378 544; x_wconf 71' lang='lat' dir='ltr'><strong>sapientiam</strong></span> 
     </span>
    </p>
   </div>
   <div class='ocr_carea' id='block_1_63' title="bbox 1798 564 3381 634">
    <p class='ocr_par' dir='ltr' id='par_1_63' title="bbox 1798 564 3381 634">
     <span class='ocr_line' id='line_1_63' title="bbox 1798 564 3381 634; baseline -0.001 -15"><span class='ocrx_word' id='word_1_422' title='bbox 1798 574 2029 619; x_wconf 87' lang='lat' dir='ltr'><strong>matrem</strong></span> <span class='ocrx_word' id='word_1_423' title='bbox 2089 564 2380 634; x_wconf 81' lang='lat' dir='ltr'><strong>quamdam</strong></span> <span class='ocrx_word' id='word_1_424' title='bbox 2436 579 2595 627; x_wconf 82' lang='lat' dir='ltr'><strong>esse,</strong></span> <span class='ocrx_word' id='word_1_425' title='bbox 2648 580 2796 619; x_wconf 89' lang='lat' dir='ltr'><strong>nunc</strong></span> <span class='ocrx_word' id='word_1_426' title='bbox 2852 565 3074 633; x_wconf 80' lang='lat' dir='ltr'><strong>quidem</strong></span> <span class='ocrx_word' id='word_1_427' title='bbox 3111 567 3381 621; x_wconf 81' lang='lat' dir='ltr'><strong>infantqu</strong></span> 
     </span>
    </p>
   </div>
   <div class='ocr_carea' id='block_1_64' title="bbox 1800 657 3382 729">
    <p class='ocr_par' dir='ltr' id='par_1_64' title="bbox 1800 657 3382 729">
     <span class='ocr_line' id='line_1_64' title="bbox 1800 657 3382 729; baseline 0.001 -17"><span class='ocrx_word' id='word_1_428' title='bbox 1800 675 2067 713; x_wconf 82' lang='lat' dir='ltr'><strong>mammas</strong></span> <span class='ocrx_word' id='word_1_429' title='bbox 2100 659 2504 729; x_wconf 86' lang='lat' dir='ltr'><strong>porrigentem,</strong></span> <span class='ocrx_word' id='word_1_430' title='bbox 2532 658 2971 728; x_wconf 74' lang='lat' dir='ltr'><strong>clamantemque</strong></span> <span class='ocrx_word' id='word_1_431' title='bbox 3009 675 3022 709; x_wconf 91' lang='lat'><strong>:</strong></span> <span class='ocrx_word' id='word_1_432' title='bbox 3060 657 3267 713; x_wconf 89' lang='lat' dir='ltr'><strong>Bonum</strong></span> <span class='ocrx_word' id='word_1_433' title='bbox 3296 669 3382 714; x_wconf 89' lang='lat' dir='ltr'><strong>est</strong></span> 
     </span>
    </p>
   </div>
   <div class='ocr_carea' id='block_1_65' title="bbox 1797 748 3380 821">
    <p class='ocr_par' dir='ltr' id='par_1_65' title="bbox 1797 748 3380 821">
     <span class='ocr_line' id='line_1_65' title="bbox 1797 748 3380 821; baseline -0.003 -15"><span class='ocrx_word' id='word_1_434' title='bbox 1797 752 1933 819; x_wconf 90' lang='lat' dir='ltr'><strong>hoc,</strong></span> <span class='ocrx_word' id='word_1_435' title='bbox 1968 752 2173 806; x_wconf 88' lang='lat' dir='ltr'><strong>bonum</strong></span> <span class='ocrx_word' id='word_1_436' title='bbox 2206 768 2221 817; x_wconf 86' lang='lat'><strong>;</strong></span> <span class='ocrx_word' id='word_1_437' title='bbox 2249 759 2438 821; x_wconf 84' lang='lat' dir='ltr'><strong>postea</strong></span> <span class='ocrx_word' id='word_1_438' title='bbox 2480 750 2551 805; x_wconf 89' lang='lat' dir='ltr'><strong>ad</strong></span> <span class='ocrx_word' id='word_1_439' title='bbox 2599 748 2916 804; x_wconf 89' lang='lat' dir='ltr'><strong>solidiorem</strong></span> <span class='ocrx_word' id='word_1_440' title='bbox 2966 750 3147 803; x_wconf 81' lang='lat' dir='ltr'><strong>cibum</strong></span> <span class='ocrx_word' id='word_1_441' title='bbox 3207 748 3380 803; x_wconf 82' lang='lat' dir='ltr'><strong>ﬁlium</strong></span> 
     </span>
    </p>
   </div>
   <div class='ocr_carea' id='block_1_66' title="bbox 1797 838 3419 907">
    <p class='ocr_par' dir='ltr' id='par_1_66' title="bbox 1797 838 3419 907">
     <span class='ocr_line' id='line_1_66' title="bbox 1797 838 3419 907; baseline -0.001 -9"><span class='ocrx_word' id='word_1_442' title='bbox 1797 842 2195 903; x_wconf 87' lang='lat' dir='ltr'><strong>concitantem,</strong></span> <span class='ocrx_word' id='word_1_443' title='bbox 2226 849 2283 896; x_wconf 90' lang='lat' dir='ltr'><strong>et</strong></span> <span class='ocrx_word' id='word_1_444' title='bbox 2308 841 2434 896; x_wconf 78' lang='lat' dir='ltr'><strong>felle</strong></span> <span class='ocrx_word' id='word_1_445' title='bbox 2453 854 2720 896; x_wconf 82' lang='lat' dir='ltr'><strong>mammas</strong></span> <span class='ocrx_word' id='word_1_446' title='bbox 2743 840 3122 907; x_wconf 88' lang='lat' dir='ltr'><strong>inungentem,</strong></span> <span class='ocrx_word' id='word_1_447' title='bbox 3146 838 3379 907; x_wconf 66' lang='lat' dir='ltr'><strong>saepius-</strong></span> <span class='ocrx_word' id='word_1_448' title='bbox 3416 890 3419 897; x_wconf 91' lang='lat'><strong>.</strong></span> 
     </span>
    </p>
   </div>
   <div class='ocr_carea' id='block_1_67' title="bbox 1799 930 3322 1004">
    <p class='ocr_par' dir='ltr' id='par_1_67' title="bbox 1799 930 3322 1004">
     <span class='ocr_line' id='line_1_67' title="bbox 1799 930 3322 1004; baseline -0.002 -19"><span class='ocrx_word' id='word_1_449' title='bbox 1799 951 1906 1004; x_wconf 89' lang='lat' dir='ltr'><strong>que</strong></span> <span class='ocrx_word' id='word_1_450' title='bbox 1939 935 2333 989; x_wconf 83' lang='lat' dir='ltr'><strong>inclamantem</strong></span> <span class='ocrx_word' id='word_1_451' title='bbox 2370 950 2382 984; x_wconf 91' lang='lat'><strong>:</strong></span> <span class='ocrx_word' id='word_1_452' title='bbox 2418 931 2709 987; x_wconf 81' lang='lat' dir='ltr'><strong>Putridum</strong></span> <span class='ocrx_word' id='word_1_453' title='bbox 2736 939 2822 985; x_wconf 87' lang='lat' dir='ltr'><strong>est</strong></span> <span class='ocrx_word' id='word_1_454' title='bbox 2849 933 2951 985; x_wconf 90' lang='lat' dir='ltr'><strong>hoc</strong></span> <span class='ocrx_word' id='word_1_455' title='bbox 2973 968 2988 991; x_wconf 92' lang='lat'><strong>,</strong></span> <span class='ocrx_word' id='word_1_456' title='bbox 3018 930 3322 1000; x_wconf 76' lang='lat' dir='ltr'><strong>putt‘idum.</strong></span> 
     </span>
    </p>
   </div>
   <div class='ocr_carea' id='block_1_68' title="bbox 2292 1023 2883 1080">
    <p class='ocr_par' dir='ltr' id='par_1_68' title="bbox 2292 1023 2883 1080">
     <span class='ocr_line' id='line_1_68' title="bbox 2292 1023 2883 1080; baseline -0.005 0"><span class='ocrx_word' id='word_1_457' title='bbox 2292 1023 2555 1080; x_wconf 77' lang='lat' dir='ltr'><strong>CXXVII.</strong></span> <span class='ocrx_word' id='word_1_458' title='bbox 2585 1053 2654 1064; x_wconf 90' lang='lat'><strong>—</strong></span> <span class='ocrx_word' id='word_1_459' title='bbox 2676 1024 2883 1077; x_wconf 86' lang='lat' dir='ltr'><strong>Eidem.</strong></span> 
     </span>
    </p>
   </div>
   <div class='ocr_carea' id='block_1_69' title="bbox 1870 1114 3378 1189">
    <p class='ocr_par' dir='ltr' id='par_1_69' title="bbox 1870 1114 3378 1189">
     <span class='ocr_line' id='line_1_69' title="bbox 1870 1114 3378 1189; baseline -0.001 -18"><span class='ocrx_word' id='word_1_460' title='bbox 1870 1117 2128 1174; x_wconf 88' lang='lat' dir='ltr'><strong>lnculcas</strong></span> <span class='ocrx_word' id='word_1_461' title='bbox 2187 1117 2426 1189; x_wconf 78' lang='lat' dir='ltr'><strong>Moysem</strong></span> <span class='ocrx_word' id='word_1_462' title='bbox 2481 1118 2537 1171; x_wconf 85' lang='lat' dir='ltr'><strong>in</strong></span> <span class='ocrx_word' id='word_1_463' title='bbox 2606 1115 3033 1172; x_wconf 88' lang='lat' dir='ltr'><strong>Deuteronomio</strong></span> <span class='ocrx_word' id='word_1_464' title='bbox 3085 1114 3330 1171; x_wconf 75' lang='lat' dir='ltr'><strong>dictasse</strong></span> <span class='ocrx_word' id='word_1_465' title='bbox 3365 1157 3378 1170; x_wconf 96' lang='lat'><strong>.</strong></span> 
     </span>
    </p>
   </div>
   <div class='ocr_carea' id='block_1_70' title="bbox 1802 1205 3385 1278">
    <p class='ocr_par' dir='ltr' id='par_1_70' title="bbox 1802 1205 3385 1278">
     <span class='ocr_line' id='line_1_70' title="bbox 1802 1205 3385 1278; baseline 0.002 -20"><span class='ocrx_word' id='word_1_466' title='bbox 1802 1226 1821 1258; x_wconf 73' lang='grc' dir='ltr'><strong>ι</strong></span> <span class='ocrx_word' id='word_1_467' title='bbox 1859 1207 2194 1278; x_wconf 77' lang='lat' dir='ltr'><strong>Prophetam</strong></span> <span class='ocrx_word' id='word_1_468' title='bbox 2229 1210 2385 1265; x_wconf 78' lang='lat' dir='ltr'><strong>vobis</strong></span> <span class='ocrx_word' id='word_1_469' title='bbox 2421 1208 2714 1264; x_wconf 85' lang='lat' dir='ltr'><strong>suscitabit</strong></span> <span class='ocrx_word' id='word_1_470' title='bbox 2745 1208 3007 1262; x_wconf 85' lang='lat' dir='ltr'><strong>Dominus</strong></span> <span class='ocrx_word' id='word_1_471' title='bbox 3032 1205 3177 1261; x_wconf 81' lang='lat' dir='ltr'><strong>Deus</strong></span> <span class='ocrx_word' id='word_1_472' title='bbox 3203 1215 3385 1261; x_wconf 82' lang='lat' dir='ltr'><strong>vester</strong></span> 
     </span>
    </p>
   </div>
   <div class='ocr_carea' id='block_1_71' title="bbox 1796 1299 3383 1370">
    <p class='ocr_par' dir='ltr' id='par_1_71' title="bbox 1796 1299 3383 1370">
     <span class='ocr_line' id='line_1_71' title="bbox 1796 1299 3383 1370; baseline 0.001 -17"><span class='ocrx_word' id='word_1_473' title='bbox 1796 1315 1862 1353; x_wconf 74' lang='lat' dir='ltr'><strong>ex</strong></span> <span class='ocrx_word' id='word_1_474' title='bbox 1892 1299 2158 1356; x_wconf 73' lang='lat' dir='ltr'><strong>fratribus</strong></span> <span class='ocrx_word' id='word_1_475' title='bbox 2190 1300 2428 1364; x_wconf 89' lang='lat' dir='ltr'><strong>vestris,</strong></span> <span class='ocrx_word' id='word_1_476' title='bbox 2461 1308 2524 1357; x_wconf 91' lang='lat' dir='ltr'><strong>ut</strong></span> <span class='ocrx_word' id='word_1_477' title='bbox 2570 1316 2657 1355; x_wconf 89' lang='lat' dir='ltr'><strong>me</strong></span> <span class='ocrx_word' id='word_1_478' title='bbox 2686 1300 2754 1356; x_wconf 67' lang='grc' dir='ltr'><strong>δί’.</strong></span> <span class='ocrx_word' id='word_1_479' title='bbox 2796 1320 2815 1353; x_wconf 75' lang='grc' dir='ltr'><strong>ι</strong></span> <span class='ocrx_word' id='word_1_480' title='bbox 2846 1299 3170 1370; x_wconf 81' lang='lat' dir='ltr'><strong>Prophetam</strong></span> <span class='ocrx_word' id='word_1_481' title='bbox 3215 1301 3383 1368; x_wconf 78' lang='lat' dir='ltr'><strong>dixit,</strong></span> 
     </span>
    </p>
   </div>
   <div class='ocr_carea' id='block_1_72' title="bbox 1797 1390 3384 1463">
    <p class='ocr_par' dir='ltr' id='par_1_72' title="bbox 1797 1390 3384 1463">
     <span class='ocr_line' id='line_1_72' title="bbox 1797 1390 3384 1463; baseline 0.003 -19"><span class='ocrx_word' id='word_1_482' title='bbox 1797 1407 1909 1445; x_wconf 85' lang='lat' dir='ltr'><strong>non</strong></span> <span class='ocrx_word' id='word_1_483' title='bbox 1964 1390 2159 1446; x_wconf 90' lang='lat' dir='ltr'><strong>Deum.</strong></span> <span class='ocrx_word' id='word_1_484' title='bbox 2220 1393 2511 1460; x_wconf 85' lang='lat' dir='ltr'><strong>Quomodo</strong></span> <span class='ocrx_word' id='word_1_485' title='bbox 2567 1394 2755 1463; x_wconf 82' lang='lat' dir='ltr'><strong>itaque</strong></span> <span class='ocrx_word' id='word_1_486' title='bbox 2800 1392 2971 1449; x_wconf 90' lang='lat' dir='ltr'><strong>Deum</strong></span> <span class='ocrx_word' id='word_1_487' title='bbox 3023 1409 3148 1450; x_wconf 88' lang='lat' dir='ltr'><strong>esse</strong></span> <span class='ocrx_word' id='word_1_488' title='bbox 3194 1392 3384 1451; x_wconf 76' lang='lat' dir='ltr'><strong>Jesam</strong></span> 
     </span>
    </p>
   </div>
   <div class='ocr_carea' id='block_1_73' title="bbox 1795 1482 3385 1555">
    <p class='ocr_par' dir='ltr' id='par_1_73' title="bbox 1795 1482 3385 1555">
     <span class='ocr_line' id='line_1_73' title="bbox 1795 1482 3385 1555; baseline 0.003 -18"><span class='ocrx_word' id='word_1_489' title='bbox 1795 1482 2023 1539; x_wconf 80' lang='lat' dir='ltr'><strong>dicitis?</strong></span> <span class='ocrx_word' id='word_1_490' title='bbox 2055 1482 2343 1555; x_wconf 83' lang='lat' dir='ltr'><strong>Tanquam</strong></span> <span class='ocrx_word' id='word_1_491' title='bbox 2385 1485 2663 1539; x_wconf 84' lang='lat' dir='ltr'><strong>inl’antulo</strong></span> <span class='ocrx_word' id='word_1_492' title='bbox 2692 1485 2791 1539; x_wconf 80' lang='lat' dir='ltr'><strong>tibi</strong></span> <span class='ocrx_word' id='word_1_493' title='bbox 2820 1524 2836 1550; x_wconf 94' lang='lat'><strong>,</strong></span> <span class='ocrx_word' id='word_1_494' title='bbox 2897 1485 2972 1539; x_wconf 89' lang='lat' dir='ltr'><strong>mi</strong></span> <span class='ocrx_word' id='word_1_495' title='bbox 3005 1484 3231 1550; x_wconf 66' lang='lat' dir='ltr'><strong>Iudaee,</strong></span> <span class='ocrx_word' id='word_1_496' title='bbox 3274 1502 3385 1542; x_wconf 87' lang='lat' dir='ltr'><strong>una</strong></span> 
     </span>
    </p>
   </div>
   <div class='ocr_carea' id='block_1_74' title="bbox 1795 1574 3380 1647">
    <p class='ocr_par' dir='ltr' id='par_1_74' title="bbox 1795 1574 3380 1647">
     <span class='ocr_line' id='line_1_74' title="bbox 1795 1574 3380 1647; baseline 0.002 -18"><span class='ocrx_word' id='word_1_497' title='bbox 1795 1574 2033 1631; x_wconf 82' lang='lat' dir='ltr'><strong>balbutit</strong></span> <span class='ocrx_word' id='word_1_498' title='bbox 2078 1576 2529 1646; x_wconf 79' lang='lat' dir='ltr'><strong>sapientissimus</strong></span> <span class='ocrx_word' id='word_1_499' title='bbox 2573 1576 2828 1647; x_wconf 78' lang='lat' dir='ltr'><strong>Moyses,</strong></span> <span class='ocrx_word' id='word_1_500' title='bbox 2880 1591 2989 1631; x_wconf 90' lang='lat' dir='ltr'><strong>non</strong></span> <span class='ocrx_word' id='word_1_501' title='bbox 3033 1578 3247 1634; x_wconf 84' lang='lat' dir='ltr'><strong>audens</strong></span> <span class='ocrx_word' id='word_1_502' title='bbox 3277 1578 3380 1634; x_wconf 90' lang='lat' dir='ltr'><strong>tibi</strong></span> 
     </span>
    </p>
   </div>
   <div class='ocr_carea' id='block_1_75' title="bbox 1797 1666 3382 1738">
    <p class='ocr_par' dir='ltr' id='par_1_75' title="bbox 1797 1666 3382 1738">
     <span class='ocr_line' id='line_1_75' title="bbox 1797 1666 3382 1738; baseline 0.003 -18"><span class='ocrx_word' id='word_1_503' title='bbox 1797 1666 1964 1721; x_wconf 90' lang='lat' dir='ltr'><strong>nimis</strong></span> <span class='ocrx_word' id='word_1_504' title='bbox 1992 1676 2181 1738; x_wconf 89' lang='lat' dir='ltr'><strong>aperte</strong></span> <span class='ocrx_word' id='word_1_505' title='bbox 2212 1669 2558 1723; x_wconf 87' lang='lat' dir='ltr'><strong>divinitatem</strong></span> <span class='ocrx_word' id='word_1_506' title='bbox 2599 1668 2807 1724; x_wconf 85' lang='lat' dir='ltr'><strong>Christi</strong></span> <span class='ocrx_word' id='word_1_507' title='bbox 2837 1669 3121 1725; x_wconf 76' lang='lat' dir='ltr'><strong>exhibere.</strong></span> <span class='ocrx_word' id='word_1_508' title='bbox 3145 1668 3382 1736; x_wconf 85' lang='lat' dir='ltr'><strong>Quando</strong></span> 
     </span>
    </p>
   </div>
   <div class='ocr_carea' id='block_1_76' title="bbox 1798 1757 3383 1830">
    <p class='ocr_par' dir='ltr' id='par_1_76' title="bbox 1798 1757 3383 1830">
     <span class='ocr_line' id='line_1_76' title="bbox 1798 1757 3383 1830; baseline 0.004 -23"><span class='ocrx_word' id='word_1_509' title='bbox 1798 1757 1967 1825; x_wconf 90' lang='lat' dir='ltr'><strong>igitur</strong></span> <span class='ocrx_word' id='word_1_510' title='bbox 1993 1772 2119 1811; x_wconf 90' lang='lat' dir='ltr'><strong>eum</strong></span> <span class='ocrx_word' id='word_1_511' title='bbox 2141 1796 2155 1820; x_wconf 87' lang='lat'><strong>.</strong></span> <span class='ocrx_word' id='word_1_512' title='bbox 2195 1767 2254 1813; x_wconf 90' lang='lat' dir='ltr'><strong>ut</strong></span> <span class='ocrx_word' id='word_1_513' title='bbox 2300 1757 2515 1830; x_wconf 83' lang='lat' dir='ltr'><strong>Moyses</strong></span> <span class='ocrx_word' id='word_1_514' title='bbox 2549 1757 2710 1825; x_wconf 86' lang='lat' dir='ltr'><strong>inﬁt,</strong></span> <span class='ocrx_word' id='word_1_515' title='bbox 2744 1766 3008 1829; x_wconf 88' lang='lat' dir='ltr'><strong>tanquam</strong></span> <span class='ocrx_word' id='word_1_516' title='bbox 3058 1762 3383 1829; x_wconf 82' lang='lat' dir='ltr'><strong>pmphetam</strong></span> 
     </span>
    </p>
   </div>
   <div class='ocr_carea' id='block_1_77' title="bbox 1796 1848 3385 1921">
    <p class='ocr_par' dir='ltr' id='par_1_77' title="bbox 1796 1848 3385 1921">
     <span class='ocr_line' id='line_1_77' title="bbox 1796 1848 3385 1921; baseline 0.004 -20"><span class='ocrx_word' id='word_1_517' title='bbox 1796 1848 2039 1917; x_wconf 78' lang='lat' dir='ltr'><strong>excipies</strong></span> <span class='ocrx_word' id='word_1_518' title='bbox 2064 1891 2078 1913; x_wconf 93' lang='lat'><strong>,</strong></span> <span class='ocrx_word' id='word_1_519' title='bbox 2116 1857 2171 1905; x_wconf 86' lang='lat' dir='ltr'><strong>et</strong></span> <span class='ocrx_word' id='word_1_520' title='bbox 2211 1865 2394 1921; x_wconf 88' lang='lat' dir='ltr'><strong>regem</strong></span> <span class='ocrx_word' id='word_1_521' title='bbox 2417 1889 2433 1913; x_wconf 95' lang='lat'><strong>,</strong></span> <span class='ocrx_word' id='word_1_522' title='bbox 2466 1858 2521 1905; x_wconf 91' lang='lat' dir='ltr'><strong>et</strong></span> <span class='ocrx_word' id='word_1_523' title='bbox 2548 1860 2823 1919; x_wconf 85' lang='lat' dir='ltr'><strong>pastorem</strong></span> <span class='ocrx_word' id='word_1_524' title='bbox 2854 1850 3065 1916; x_wconf 88' lang='lat' dir='ltr'><strong>mitem,</strong></span> <span class='ocrx_word' id='word_1_525' title='bbox 3091 1858 3146 1905; x_wconf 89' lang='lat' dir='ltr'><strong>et</strong></span> <span class='ocrx_word' id='word_1_526' title='bbox 3173 1866 3385 1920; x_wconf 81' lang='lat' dir='ltr'><strong>paupe-</strong></span> 
     </span>
    </p>
   </div>
   <div class='ocr_carea' id='block_1_78' title="bbox 1798 1944 3389 2014">
    <p class='ocr_par' dir='ltr' id='par_1_78' title="bbox 1798 1944 3389 2014">
     <span class='ocr_line' id='line_1_78' title="bbox 1798 1944 3389 2014; baseline 0.003 -21"><span class='ocrx_word' id='word_1_527' title='bbox 1798 1954 1950 2007; x_wconf 90' lang='lat' dir='ltr'><strong>rem,</strong></span> <span class='ocrx_word' id='word_1_528' title='bbox 1991 1951 2122 1997; x_wconf 91' lang='lat' dir='ltr'><strong>tunc</strong></span> <span class='ocrx_word' id='word_1_529' title='bbox 2162 1944 2281 2012; x_wconf 80' lang='lat' dir='ltr'><strong>ipse</strong></span> <span class='ocrx_word' id='word_1_530' title='bbox 2311 1944 2705 2012; x_wconf 87' lang='lat' dir='ltr'><strong>prophetarum</strong></span> <span class='ocrx_word' id='word_1_531' title='bbox 2740 1944 3014 1997; x_wconf 81' lang='lat' dir='ltr'><strong>maximus</strong></span> <span class='ocrx_word' id='word_1_532' title='bbox 3046 1950 3103 1997; x_wconf 92' lang='lat' dir='ltr'><strong>et</strong></span> <span class='ocrx_word' id='word_1_533' title='bbox 3130 1944 3389 2014; x_wconf 80' lang='lat' dir='ltr'><strong>princeps</strong></span> 
     </span>
    </p>
   </div>
   <div class='ocr_carea' id='block_1_79' title="bbox 1798 2031 3387 2103">
    <p class='ocr_par' dir='ltr' id='par_1_79' title="bbox 1798 2031 3387 2103">
     <span class='ocr_line' id='line_1_79' title="bbox 1798 2031 3387 2103; baseline 0.003 -19"><span class='ocrx_word' id='word_1_534' title='bbox 1798 2031 2065 2086; x_wconf 77' lang='lat' dir='ltr'><strong>revelabit</strong></span> <span class='ocrx_word' id='word_1_535' title='bbox 2092 2032 2192 2085; x_wconf 86' lang='lat' dir='ltr'><strong>tibi</strong></span> <span class='ocrx_word' id='word_1_536' title='bbox 2240 2046 2301 2086; x_wconf 88' lang='lat' dir='ltr'><strong>se</strong></span> <span class='ocrx_word' id='word_1_537' title='bbox 2334 2032 2504 2085; x_wconf 87' lang='lat' dir='ltr'><strong>Deum</strong></span> <span class='ocrx_word' id='word_1_538' title='bbox 2546 2046 2671 2087; x_wconf 87' lang='lat' dir='ltr'><strong>esse</strong></span> <span class='ocrx_word' id='word_1_539' title='bbox 2695 2047 2927 2096; x_wconf 88' lang='lat' dir='ltr'><strong>verum,</strong></span> <span class='ocrx_word' id='word_1_540' title='bbox 2964 2032 3085 2087; x_wconf 88' lang='lat' dir='ltr'><strong>sine</strong></span> <span class='ocrx_word' id='word_1_541' title='bbox 3112 2048 3345 2103; x_wconf 84' lang='lat' dir='ltr'><strong>corpore</strong></span> <span class='ocrx_word' id='word_1_542' title='bbox 3369 2072 3387 2099; x_wconf 96' lang='lat'><strong>,</strong></span> 
     </span>
    </p>
   </div>
   <div class='ocr_carea' id='block_1_80' title="bbox 1800 2121 3390 2194">
    <p class='ocr_par' dir='ltr' id='par_1_80' title="bbox 1800 2121 3390 2194">
     <span class='ocr_line' id='line_1_80' title="bbox 1800 2121 3390 2194; baseline 0.003 -18"><span class='ocrx_word' id='word_1_543' title='bbox 1800 2132 1854 2177; x_wconf 92' lang='lat' dir='ltr'><strong>et</strong></span> <span class='ocrx_word' id='word_1_544' title='bbox 1908 2133 2039 2179; x_wconf 89' lang='lat' dir='ltr'><strong>ante</strong></span> <span class='ocrx_word' id='word_1_545' title='bbox 2068 2125 2253 2178; x_wconf 86' lang='lat' dir='ltr'><strong>omnia</strong></span> <span class='ocrx_word' id='word_1_546' title='bbox 2287 2124 2491 2179; x_wconf 75' lang='lat' dir='ltr'><strong>saecula</strong></span> <span class='ocrx_word' id='word_1_547' title='bbox 2530 2138 2597 2178; x_wconf 82' lang='lat' dir='ltr'><strong>ex</strong></span> <span class='ocrx_word' id='word_1_548' title='bbox 2644 2121 2757 2177; x_wconf 89' lang='lat' dir='ltr'><strong>Deo</strong></span> <span class='ocrx_word' id='word_1_549' title='bbox 2784 2138 2916 2179; x_wconf 83' lang='lat' dir='ltr'><strong>vero</strong></span> <span class='ocrx_word' id='word_1_550' title='bbox 2944 2124 3214 2194; x_wconf 77' lang='lat' dir='ltr'><strong>genitum.</strong></span> <span class='ocrx_word' id='word_1_551' title='bbox 3254 2124 3390 2181; x_wconf 85' lang='lat' dir='ltr'><strong>Om-</strong></span> 
     </span>
    </p>
   </div>
   <div class='ocr_carea' id='block_1_81' title="bbox 1800 2214 3385 2287">
    <p class='ocr_par' dir='ltr' id='par_1_81' title="bbox 1800 2214 3385 2287">
     <span class='ocr_line' id='line_1_81' title="bbox 1800 2214 3385 2287; baseline 0.002 -18"><span class='ocrx_word' id='word_1_552' title='bbox 1800 2231 1901 2271; x_wconf 87' lang='lat' dir='ltr'><strong>nes</strong></span> <span class='ocrx_word' id='word_1_553' title='bbox 1926 2230 2060 2270; x_wconf 87' lang='lat' dir='ltr'><strong>vero</strong></span> <span class='ocrx_word' id='word_1_554' title='bbox 2094 2216 2442 2271; x_wconf 84' lang='lat' dir='ltr'><strong>celeberrimi</strong></span> <span class='ocrx_word' id='word_1_555' title='bbox 2471 2216 2752 2286; x_wconf 68' lang='lat' dir='ltr'><strong>propheta:</strong></span> <span class='ocrx_word' id='word_1_556' title='bbox 2773 2258 2788 2282; x_wconf 90' lang='lat'><strong>,</strong></span> <span class='ocrx_word' id='word_1_557' title='bbox 2821 2215 2917 2286; x_wconf 90' lang='lat' dir='ltr'><strong>qui</strong></span> <span class='ocrx_word' id='word_1_558' title='bbox 2954 2214 3091 2286; x_wconf 87' lang='lat' dir='ltr'><strong>legis</strong></span> <span class='ocrx_word' id='word_1_559' title='bbox 3118 2216 3385 2287; x_wconf 79' lang='lat' dir='ltr'><strong>interpre-</strong></span> 
     </span>
    </p>
   </div>
   <div class='ocr_carea' id='block_1_82' title="bbox 1800 2307 3390 2380">
    <p class='ocr_par' dir='ltr' id='par_1_82' title="bbox 1800 2307 3390 2380">
     <span class='ocr_line' id='line_1_82' title="bbox 1800 2307 3390 2380; baseline 0.003 -19"><span class='ocrx_word' id='word_1_560' title='bbox 1800 2316 1883 2364; x_wconf 88' lang='lat' dir='ltr'><strong>tes</strong></span> <span class='ocrx_word' id='word_1_561' title='bbox 1918 2307 2025 2379; x_wconf 83' lang='lat'><strong>55</strong></span> <span class='ocrx_word' id='word_1_562' title='bbox 2074 2317 2243 2371; x_wconf 86' lang='lat' dir='ltr'><strong>sunt,</strong></span> <span class='ocrx_word' id='word_1_563' title='bbox 2298 2308 2577 2364; x_wconf 82' lang='lat' dir='ltr'><strong>divinitati</strong></span> <span class='ocrx_word' id='word_1_564' title='bbox 2631 2308 2879 2375; x_wconf 89' lang='lat' dir='ltr'><strong>Christi,</strong></span> <span class='ocrx_word' id='word_1_565' title='bbox 2930 2318 2986 2363; x_wconf 92' lang='lat' dir='ltr'><strong>et</strong></span> <span class='ocrx_word' id='word_1_566' title='bbox 3036 2309 3390 2380; x_wconf 82' lang='lat' dir='ltr'><strong>dispositioni</strong></span> 
     </span>
    </p>
   </div>
   <div class='ocr_carea' id='block_1_83' title="bbox 1802 2394 3247 2458">
    <p class='ocr_par' dir='ltr' id='par_1_83' title="bbox 1802 2394 3247 2458">
     <span class='ocr_line' id='line_1_83' title="bbox 1802 2394 3247 2458; baseline 0.001 -3"><span class='ocrx_word' id='word_1_567' title='bbox 1802 2402 1965 2457; x_wconf 79' lang='lat' dir='ltr'><strong>[idem</strong></span> <span class='ocrx_word' id='word_1_568' title='bbox 1998 2418 2157 2457; x_wconf 81' lang='lat' dir='ltr'><strong>suam</strong></span> <span class='ocrx_word' id='word_1_569' title='bbox 2202 2403 2489 2458; x_wconf 77' lang='lat' dir='ltr'><strong>exhibent.</strong></span> <span class='ocrx_word' id='word_1_570' title='bbox 3240 2394 3247 2401; x_wconf 81' lang='grc'><em>’</em></span> 
     </span>
    </p>
   </div>
   <div class='ocr_carea' id='block_1_84' title="bbox 2307 2493 2893 2551">
    <p class='ocr_par' dir='ltr' id='par_1_84' title="bbox 2307 2493 2893 2551">
     <span class='ocr_line' id='line_1_84' title="bbox 2307 2493 2893 2551; baseline -0.005 -1"><span class='ocrx_word' id='word_1_571' title='bbox 2307 2493 2587 2551; x_wconf 77' lang='lat' dir='ltr'><strong>CXXVIII.</strong></span> <span class='ocrx_word' id='word_1_572' title='bbox 2610 2525 2679 2537; x_wconf 87' lang='grc'><strong><em>-</em></strong></span> <span class='ocrx_word' id='word_1_573' title='bbox 2708 2494 2893 2548; x_wconf 81' lang='lat' dir='ltr'><strong>Eidem</strong></span> 
     </span>
    </p>
   </div>
   <div class='ocr_carea' id='block_1_85' title="bbox 1870 2586 3391 2658">
    <p class='ocr_par' dir='ltr' id='par_1_85' title="bbox 1870 2586 3391 2658">
     <span class='ocr_line' id='line_1_85' title="bbox 1870 2586 3391 2658; baseline -0.001 -17"><span class='ocrx_word' id='word_1_574' title='bbox 1870 2586 1987 2642; x_wconf 82' lang='lat' dir='ltr'><strong>Non</strong></span> <span class='ocrx_word' id='word_1_575' title='bbox 2022 2594 2489 2644; x_wconf 85' lang='lat' dir='ltr'><strong>contemnendum</strong></span> <span class='ocrx_word' id='word_1_576' title='bbox 2522 2589 2620 2643; x_wconf 89' lang='lat' dir='ltr'><strong>tibi</strong></span> <span class='ocrx_word' id='word_1_577' title='bbox 2663 2588 2973 2658; x_wconf 81' lang='lat' dir='ltr'><strong>periculurn</strong></span> <span class='ocrx_word' id='word_1_578' title='bbox 3010 2586 3291 2657; x_wconf 85' lang='lat' dir='ltr'><strong>impendet</strong></span> <span class='ocrx_word' id='word_1_579' title='bbox 3334 2586 3391 2639; x_wconf 91' lang='lat' dir='ltr'><strong>in</strong></span> 
     </span>
    </p>
   </div>
   <div class='ocr_carea' id='block_1_86' title="bbox 1803 2678 3391 2745">
    <p class='ocr_par' dir='ltr' id='par_1_86' title="bbox 1803 2678 3391 2745">
     <span class='ocr_line' id='line_1_86' title="bbox 1803 2678 3391 2745; baseline 0.004 -12"><span class='ocrx_word' id='word_1_580' title='bbox 1803 2680 2227 2736; x_wconf 83' lang='lat' dir='ltr'><strong>Deuteronomio</strong></span> <span class='ocrx_word' id='word_1_581' title='bbox 2256 2721 2269 2745; x_wconf 95' lang='lat'><strong>,</strong></span> <span class='ocrx_word' id='word_1_582' title='bbox 2336 2684 2382 2737; x_wconf 87' lang='lat' dir='ltr'><strong>si</strong></span> <span class='ocrx_word' id='word_1_583' title='bbox 2436 2680 2664 2738; x_wconf 88' lang='lat' dir='ltr'><strong>Christo</strong></span> <span class='ocrx_word' id='word_1_584' title='bbox 2716 2681 2874 2737; x_wconf 85' lang='lat' dir='ltr'><strong>ﬁdem</strong></span> <span class='ocrx_word' id='word_1_585' title='bbox 2933 2696 3044 2735; x_wconf 87' lang='lat' dir='ltr'><strong>non</strong></span> <span class='ocrx_word' id='word_1_586' title='bbox 3091 2678 3391 2739; x_wconf 72' lang='lat' dir='ltr'><strong>habueris.</strong></span> 
     </span>
    </p>
   </div>
   <div class='ocr_carea' id='block_1_87' title="bbox 1801 2770 3389 2842">
    <p class='ocr_par' dir='ltr' id='par_1_87' title="bbox 1801 2770 3389 2842">
     <span class='ocr_line' id='line_1_87' title="bbox 1801 2770 3389 2842; baseline 0.002 -19"><span class='ocrx_word' id='word_1_587' title='bbox 1801 2770 1988 2841; x_wconf 87' lang='lat' dir='ltr'><strong>illique</strong></span> <span class='ocrx_word' id='word_1_588' title='bbox 2017 2773 2227 2827; x_wconf 84' lang='lat' dir='ltr'><strong>cultum</strong></span> <span class='ocrx_word' id='word_1_589' title='bbox 2253 2815 2268 2838; x_wconf 91' lang='lat'><strong>,</strong></span> <span class='ocrx_word' id='word_1_590' title='bbox 2307 2773 2680 2829; x_wconf 86' lang='lat' dir='ltr'><strong>obedientiam</strong></span> <span class='ocrx_word' id='word_1_591' title='bbox 2708 2811 2723 2837; x_wconf 89' lang='lat'><strong>,</strong></span> <span class='ocrx_word' id='word_1_592' title='bbox 2754 2783 2811 2828; x_wconf 87' lang='lat' dir='ltr'><strong>et</strong></span> <span class='ocrx_word' id='word_1_593' title='bbox 2842 2770 3245 2842; x_wconf 75' lang='lat' dir='ltr'><strong>subjectionem</strong></span> <span class='ocrx_word' id='word_1_594' title='bbox 3277 2786 3389 2826; x_wconf 88' lang='lat' dir='ltr'><strong>non</strong></span> 
     </span>
    </p>
   </div>
   <div class='ocr_carea' id='block_1_88' title="bbox 1800 2862 3391 2935">
    <p class='ocr_par' dir='ltr' id='par_1_88' title="bbox 1800 2862 3391 2935">
     <span class='ocr_line' id='line_1_88' title="bbox 1800 2862 3391 2935; baseline -0.001 -18"><span class='ocrx_word' id='word_1_595' title='bbox 1800 2864 2050 2928; x_wconf 78' lang='lat' dir='ltr'><strong>deferas,</strong></span> <span class='ocrx_word' id='word_1_596' title='bbox 2106 2867 2181 2919; x_wconf 92' lang='lat' dir='ltr'><strong>uti</strong></span> <span class='ocrx_word' id='word_1_597' title='bbox 2226 2866 2531 2933; x_wconf 86' lang='lat' dir='ltr'><strong>convenit,</strong></span> <span class='ocrx_word' id='word_1_598' title='bbox 2563 2866 2619 2920; x_wconf 91' lang='lat' dir='ltr'><strong>in</strong></span> <span class='ocrx_word' id='word_1_599' title='bbox 2660 2865 2945 2921; x_wconf 89' lang='lat' dir='ltr'><strong>omnibus.</strong></span> <span class='ocrx_word' id='word_1_600' title='bbox 2976 2862 3283 2935; x_wconf 85' lang='lat' dir='ltr'><strong>Legislator</strong></span> <span class='ocrx_word' id='word_1_601' title='bbox 3312 2864 3391 2919; x_wconf 85' lang='lat' dir='ltr'><strong>si-</strong></span> 
     </span>
    </p>
   </div>
   <div class='ocr_carea' id='block_1_89' title="bbox 1798 2955 3394 3026">
    <p class='ocr_par' dir='ltr' id='par_1_89' title="bbox 1798 2955 3394 3026">
     <span class='ocr_line' id='line_1_89' title="bbox 1798 2955 3394 3026; baseline -0.001 -17"><span class='ocrx_word' id='word_1_602' title='bbox 1798 2956 2020 3023; x_wconf 83' lang='lat' dir='ltr'><strong>quidem</strong></span> <span class='ocrx_word' id='word_1_603' title='bbox 2040 2955 2479 3013; x_wconf 71' lang='lat' dir='ltr'><strong>aituUniversa</strong></span> <span class='ocrx_word' id='word_1_604' title='bbox 2536 2958 2755 3021; x_wconf 87' lang='lat' dir='ltr'><strong>anima,</strong></span> <span class='ocrx_word' id='word_1_605' title='bbox 2810 2972 2932 3026; x_wconf 66' lang='lat' dir='ltr'><strong>quae</strong></span> <span class='ocrx_word' id='word_1_606' title='bbox 2963 2972 3076 3011; x_wconf 84' lang='lat' dir='ltr'><strong>non</strong></span> <span class='ocrx_word' id='word_1_607' title='bbox 3121 2955 3394 3011; x_wconf 84' lang='lat' dir='ltr'><strong>obedierit</strong></span> 
     </span>
    </p>
   </div>
   <div class='ocr_carea' id='block_1_90' title="bbox 1726 3047 3387 3146">
    <p class='ocr_par' dir='ltr' id='par_1_90' title="bbox 1726 3047 3387 3146">
     <span class='ocr_line' id='line_1_90' title="bbox 1726 3047 3387 3146; baseline -0.001 -47"><span class='ocrx_word' id='word_1_608' title='bbox 1726 3090 1768 3146; x_wconf 65' lang='grc' dir='ltr'>ο</span> <span class='ocrx_word' id='word_1_609' title='bbox 1803 3048 2083 3117; x_wconf 66' lang='lat' dir='ltr'><strong>prophetae</strong></span> <span class='ocrx_word' id='word_1_610' title='bbox 2113 3047 2192 3101; x_wconf 89' lang='lat' dir='ltr'><strong>illi</strong></span> <span class='ocrx_word' id='word_1_611' title='bbox 2216 3086 2231 3112; x_wconf 92' lang='lat'><strong>,</strong></span> <span class='ocrx_word' id='word_1_612' title='bbox 2256 3048 2725 3102; x_wconf 71' lang='lat' dir='ltr'><strong>exterminabitur</strong></span> <span class='ocrx_word' id='word_1_613' title='bbox 2749 3063 2781 3103; x_wconf 77' lang='grc' dir='ltr'><strong>θ</strong></span> <span class='ocrx_word' id='word_1_614' title='bbox 2805 3047 2996 3101; x_wconf 75' lang='lat' dir='ltr'><strong>divino</strong></span> <span class='ocrx_word' id='word_1_615' title='bbox 3027 3048 3236 3117; x_wconf 88' lang='lat' dir='ltr'><strong>populo</strong></span> <span class='ocrx_word' id='word_1_616' title='bbox 3262 3047 3333 3100; x_wconf 74' lang='lat'><strong>“.</strong></span> <span class='ocrx_word' id='word_1_617' title='bbox 3367 3068 3387 3097; x_wconf 74' lang='grc' dir='ltr'><strong>ι</strong></span> 
     </span>
    </p>
   </div>
   <div class='ocr_carea' id='block_1_91' title="bbox 2015 3138 3180 3212">
    <p class='ocr_par' dir='ltr' id='par_1_91' title="bbox 2015 3138 3180 3212">
     <span class='ocr_line' id='line_1_91' title="bbox 2015 3138 3180 3212; baseline 0.003 -20"><span class='ocrx_word' id='word_1_618' title='bbox 2015 3138 2253 3194; x_wconf 79' lang='lat' dir='ltr'><strong>CXXIX.</strong></span> <span class='ocrx_word' id='word_1_619' title='bbox 2280 3170 2349 3179; x_wconf 92' lang='lat'><strong>—-</strong></span> <span class='ocrx_word' id='word_1_620' title='bbox 2378 3138 2810 3194; x_wconf 77' lang='lat' dir='ltr'><strong>ALEXANDRO</strong></span> <span class='ocrx_word' id='word_1_621' title='bbox 2842 3138 3180 3212; x_wconf 73' lang='grc' dir='ltr'><strong>ΜΟΝΑΟῌΟ</strong></span> 
     </span>
    </p>
   </div>
   <div class='ocr_carea' id='block_1_92' title="bbox 1873 3228 3396 3302">
    <p class='ocr_par' dir='ltr' id='par_1_92' title="bbox 1873 3228 3396 3302">
     <span class='ocr_line' id='line_1_92' title="bbox 1873 3228 3396 3302; baseline 0.001 -20"><span class='ocrx_word' id='word_1_622' title='bbox 1873 3228 2181 3284; x_wconf 76' lang='lat' dir='ltr'><strong>Absurdam</strong></span> <span class='ocrx_word' id='word_1_623' title='bbox 2204 3244 2318 3284; x_wconf 88' lang='lat' dir='ltr'><strong>rem</strong></span> <span class='ocrx_word' id='word_1_624' title='bbox 2346 3246 2509 3302; x_wconf 89' lang='lat' dir='ltr'><strong>agere</strong></span> <span class='ocrx_word' id='word_1_625' title='bbox 2534 3230 2665 3297; x_wconf 79' lang='lat' dir='ltr'><strong>mihi</strong></span> <span class='ocrx_word' id='word_1_626' title='bbox 2698 3230 2935 3295; x_wconf 88' lang='lat' dir='ltr'><strong>videris,</strong></span> <span class='ocrx_word' id='word_1_627' title='bbox 2967 3229 3097 3285; x_wconf 90' lang='lat' dir='ltr'><strong>dum</strong></span> <span class='ocrx_word' id='word_1_628' title='bbox 3127 3230 3268 3285; x_wconf 87' lang='lat' dir='ltr'><strong>inter</strong></span> <span class='ocrx_word' id='word_1_629' title='bbox 3307 3230 3396 3284; x_wconf 79' lang='lat' dir='ltr'><strong>in—</strong></span> 
     </span>
    </p>
   </div>
   <div class='ocr_carea' id='block_1_93' title="bbox 1800 3320 3392 3393">
    <p class='ocr_par' dir='ltr' id='par_1_93' title="bbox 1800 3320 3392 3393">
     <span class='ocr_line' id='line_1_93' title="bbox 1800 3320 3392 3393; baseline 0.001 -19"><span class='ocrx_word' id='word_1_630' title='bbox 1800 3322 1980 3390; x_wconf 90' lang='lat' dir='ltr'><strong>jurias</strong></span> <span class='ocrx_word' id='word_1_631' title='bbox 1997 3330 2053 3376; x_wconf 91' lang='lat' dir='ltr'><strong>et</strong></span> <span class='ocrx_word' id='word_1_632' title='bbox 2079 3321 2285 3376; x_wconf 86' lang='lat' dir='ltr'><strong>rabiem</strong></span> <span class='ocrx_word' id='word_1_633' title='bbox 2309 3322 2605 3378; x_wconf 88' lang='lat' dir='ltr'><strong>nonnullos</strong></span> <span class='ocrx_word' id='word_1_634' title='bbox 2627 3322 2727 3377; x_wconf 91' lang='lat' dir='ltr'><strong>tibi</strong></span> <span class='ocrx_word' id='word_1_635' title='bbox 2754 3321 2994 3377; x_wconf 79' lang='lat' dir='ltr'><strong>fruetum</strong></span> <span class='ocrx_word' id='word_1_636' title='bbox 3012 3320 3209 3377; x_wconf 77' lang='lat' dir='ltr'><strong>aﬂcrre</strong></span> <span class='ocrx_word' id='word_1_637' title='bbox 3222 3323 3392 3393; x_wconf 88' lang='lat' dir='ltr'><strong>cogis.</strong></span> 
     </span>
    </p>
   </div>
   <div class='ocr_carea' id='block_1_94' title="bbox 1805 3412 3397 3483">
    <p class='ocr_par' dir='ltr' id='par_1_94' title="bbox 1805 3412 3397 3483">
     <span class='ocr_line' id='line_1_94' title="bbox 1805 3412 3397 3483; baseline 0.001 -18"><span class='ocrx_word' id='word_1_638' title='bbox 1805 3412 1932 3468; x_wconf 68' lang='lat' dir='ltr'><strong>Haec</strong></span> <span class='ocrx_word' id='word_1_639' title='bbox 1966 3428 2075 3466; x_wconf 92' lang='lat' dir='ltr'><strong>non</strong></span> <span class='ocrx_word' id='word_1_640' title='bbox 2116 3414 2335 3468; x_wconf 79' lang='lat' dir='ltr'><strong>dicetur</strong></span> <span class='ocrx_word' id='word_1_641' title='bbox 2378 3412 2662 3468; x_wconf 80' lang='lat' dir='ltr'><strong>fructuum</strong></span> <span class='ocrx_word' id='word_1_642' title='bbox 2694 3412 2985 3483; x_wconf 86' lang='lat' dir='ltr'><strong>perceptio</strong></span> <span class='ocrx_word' id='word_1_643' title='bbox 3009 3456 3024 3479; x_wconf 89' lang='lat'><strong>,</strong></span> <span class='ocrx_word' id='word_1_644' title='bbox 3072 3412 3171 3469; x_wconf 84' lang='lat' dir='ltr'><strong>sed</strong></span> <span class='ocrx_word' id='word_1_645' title='bbox 3200 3413 3309 3477; x_wconf 83' lang='lat' dir='ltr'><strong>vis,</strong></span> <span class='ocrx_word' id='word_1_646' title='bbox 3340 3424 3397 3468; x_wconf 83' lang='lat' dir='ltr'><strong>et</strong></span> 
     </span>
    </p>
   </div>
   <div class='ocr_carea' id='block_1_95' title="bbox 1807 3505 3399 3577">
    <p class='ocr_par' dir='ltr' id='par_1_95' title="bbox 1807 3505 3399 3577">
     <span class='ocr_line' id='line_1_95' title="bbox 1807 3505 3399 3577; baseline -0.002 -16"><span class='ocrx_word' id='word_1_647' title='bbox 1807 3506 2052 3562; x_wconf 87' lang='lat' dir='ltr'><strong>dedecus</strong></span> <span class='ocrx_word' id='word_1_648' title='bbox 2072 3545 2088 3566; x_wconf 89' lang='lat'><strong>.</strong></span> <span class='ocrx_word' id='word_1_649' title='bbox 2133 3514 2189 3560; x_wconf 90' lang='lat' dir='ltr'><strong>et</strong></span> <span class='ocrx_word' id='word_1_650' title='bbox 2219 3515 2467 3560; x_wconf 72' lang='lat' dir='ltr'><strong>extrema</strong></span> <span class='ocrx_word' id='word_1_651' title='bbox 2498 3506 2896 3577; x_wconf 84' lang='lat' dir='ltr'><strong>importunitas</strong></span> <span class='ocrx_word' id='word_1_652' title='bbox 2915 3546 2930 3570; x_wconf 95' lang='lat'><strong>,</strong></span> <span class='ocrx_word' id='word_1_653' title='bbox 2963 3514 3019 3560; x_wconf 90' lang='lat' dir='ltr'><strong>et</strong></span> <span class='ocrx_word' id='word_1_654' title='bbox 3048 3505 3399 3575; x_wconf 82' lang='lat' dir='ltr'><strong>publicarum</strong></span> 
     </span>
    </p>
   </div>
   <div class='ocr_carea' id='block_1_96' title="bbox 1807 3600 3394 3671">
    <p class='ocr_par' dir='ltr' id='par_1_96' title="bbox 1807 3600 3394 3671">
     <span class='ocr_line' id='line_1_96' title="bbox 1807 3600 3394 3671; baseline 0 -17"><span class='ocrx_word' id='word_1_655' title='bbox 1807 3600 2221 3671; x_wconf 88' lang='lat' dir='ltr'><strong>impositionum</strong></span> <span class='ocrx_word' id='word_1_656' title='bbox 2252 3607 2308 3655; x_wconf 89' lang='lat' dir='ltr'><strong>et</strong></span> <span class='ocrx_word' id='word_1_657' title='bbox 2337 3600 2795 3670; x_wconf 87' lang='lat' dir='ltr'><strong>gravissimarum</strong></span> <span class='ocrx_word' id='word_1_658' title='bbox 2836 3600 3193 3656; x_wconf 80' lang='lat' dir='ltr'><strong>exactionum</strong></span> <span class='ocrx_word' id='word_1_659' title='bbox 3238 3616 3394 3655; x_wconf 86' lang='lat' dir='ltr'><strong>acer-</strong></span> 
     </span>
    </p>
   </div>
   <div class='ocr_carea' id='block_1_97' title="bbox 1808 3691 3403 3761">
    <p class='ocr_par' dir='ltr' id='par_1_97' title="bbox 1808 3691 3403 3761">
     <span class='ocr_line' id='line_1_97' title="bbox 1808 3691 3403 3761; baseline 0.001 -14"><span class='ocrx_word' id='word_1_660' title='bbox 1808 3693 1931 3747; x_wconf 88' lang='lat' dir='ltr'><strong>bior</strong></span> <span class='ocrx_word' id='word_1_661' title='bbox 1957 3692 2267 3761; x_wconf 84' lang='lat' dir='ltr'><strong>depressio.</strong></span> <span class='ocrx_word' id='word_1_662' title='bbox 2300 3691 2406 3747; x_wconf 88' lang='lat' dir='ltr'><strong>Sed</strong></span> <span class='ocrx_word' id='word_1_663' title='bbox 2426 3706 2608 3759; x_wconf 86' lang='lat' dir='ltr'><strong>cessa,</strong></span> <span class='ocrx_word' id='word_1_664' title='bbox 2629 3693 2885 3758; x_wconf 87' lang='lat' dir='ltr'><strong>obsecro,</strong></span> <span class='ocrx_word' id='word_1_665' title='bbox 2920 3693 2991 3747; x_wconf 92' lang='lat' dir='ltr'><strong>ab</strong></span> <span class='ocrx_word' id='word_1_666' title='bbox 3008 3692 3109 3746; x_wconf 90' lang='lat' dir='ltr'><strong>hac</strong></span> <span class='ocrx_word' id='word_1_667' title='bbox 3134 3692 3403 3749; x_wconf 73' lang='lat' dir='ltr'><strong>indecen-</strong></span> 
     </span>
    </p>
   </div>
   <div class='ocr_carea' id='block_1_98' title="bbox 1808 3776 3489 3852">
    <p class='ocr_par' dir='ltr' id='par_1_98' title="bbox 1808 3776 3489 3852">
     <span class='ocr_line' id='line_1_98' title="bbox 1808 3776 3489 3852; baseline 0.001 -17"><span class='ocrx_word' id='word_1_668' title='bbox 1808 3783 1921 3847; x_wconf 86' lang='lat' dir='ltr'><strong>tia;</strong></span> <span class='ocrx_word' id='word_1_669' title='bbox 1975 3784 2228 3852; x_wconf 90' lang='lat' dir='ltr'><strong>quinimo</strong></span> <span class='ocrx_word' id='word_1_670' title='bbox 2262 3782 2562 3852; x_wconf 86' lang='lat' dir='ltr'><strong>precibus,</strong></span> <span class='ocrx_word' id='word_1_671' title='bbox 2593 3790 2650 3838; x_wconf 90' lang='lat' dir='ltr'><strong>et</strong></span> <span class='ocrx_word' id='word_1_672' title='bbox 2691 3783 2881 3837; x_wconf 60' lang='lat' dir='ltr'><strong>multte</strong></span> <span class='ocrx_word' id='word_1_673' title='bbox 2923 3782 3228 3839; x_wconf 89' lang='lat' dir='ltr'><strong>secundum</strong></span> <span class='ocrx_word' id='word_1_674' title='bbox 3275 3784 3401 3837; x_wconf 88' lang='lat' dir='ltr'><strong>ani-</strong></span> <span class='ocrx_word' id='word_1_675' title='bbox 3486 3776 3489 3777; x_wconf 49' lang='grc'><strong><em>⁷</em></strong></span> 
     </span>
    </p>
   </div>
   <div class='ocr_carea' id='block_1_99' title="bbox 1809 3874 3401 3945">
    <p class='ocr_par' dir='ltr' id='par_1_99' title="bbox 1809 3874 3401 3945">
     <span class='ocr_line' id='line_1_99' title="bbox 1809 3874 3401 3945; baseline 0.001 -16"><span class='ocrx_word' id='word_1_676' title='bbox 1809 3890 1956 3929; x_wconf 86' lang='lat' dir='ltr'><strong>mam</strong></span> <span class='ocrx_word' id='word_1_677' title='bbox 1986 3875 2159 3945; x_wconf 89' lang='lat' dir='ltr'><strong>quieti</strong></span> <span class='ocrx_word' id='word_1_678' title='bbox 2191 3890 2416 3945; x_wconf 87' lang='lat' dir='ltr'><strong>operam</strong></span> <span class='ocrx_word' id='word_1_679' title='bbox 2451 3890 2594 3931; x_wconf 84' lang='lat' dir='ltr'><strong>nava</strong></span> <span class='ocrx_word' id='word_1_680' title='bbox 2646 3915 2661 3928; x_wconf 93' lang='lat'><strong>.</strong></span> <span class='ocrx_word' id='word_1_681' title='bbox 2707 3883 2765 3931; x_wconf 89' lang='lat' dir='ltr'><strong>et</strong></span> <span class='ocrx_word' id='word_1_682' title='bbox 2810 3874 2956 3931; x_wconf 89' lang='lat' dir='ltr'><strong>Deus</strong></span> <span class='ocrx_word' id='word_1_683' title='bbox 2999 3875 3268 3931; x_wconf 80' lang='lat' dir='ltr'><strong>excitabit</strong></span> <span class='ocrx_word' id='word_1_684' title='bbox 3304 3892 3401 3931; x_wconf 86' lang='lat' dir='ltr'><strong>eos</strong></span> 
     </span>
    </p>
   </div>
   <div class='ocr_carea' id='block_1_100' title="bbox 1811 3966 3403 4037">
    <p class='ocr_par' dir='ltr' id='par_1_100' title="bbox 1811 3966 3403 4037">
     <span class='ocr_line' id='line_1_100' title="bbox 1811 3966 3403 4037; baseline -0.001 -16"><span class='ocrx_word' id='word_1_685' title='bbox 1811 3966 1904 4036; x_wconf 87' lang='lat' dir='ltr'><strong>qui</strong></span> <span class='ocrx_word' id='word_1_686' title='bbox 1957 3966 2109 4036; x_wconf 88' lang='lat' dir='ltr'><strong>digni</strong></span> <span class='ocrx_word' id='word_1_687' title='bbox 2171 3975 2344 4033; x_wconf 88' lang='lat' dir='ltr'><strong>sunt,</strong></span> <span class='ocrx_word' id='word_1_688' title='bbox 2396 3981 2613 4020; x_wconf 90' lang='lat' dir='ltr'><strong>morum</strong></span> <span class='ocrx_word' id='word_1_689' title='bbox 2673 3966 2988 4037; x_wconf 84' lang='lat' dir='ltr'><strong>probitate,</strong></span> <span class='ocrx_word' id='word_1_690' title='bbox 3039 3981 3165 4021; x_wconf 91' lang='lat' dir='ltr'><strong>cum</strong></span> <span class='ocrx_word' id='word_1_691' title='bbox 3214 3966 3403 4022; x_wconf 89' lang='lat' dir='ltr'><strong>libello</strong></span> 
     </span>
    </p>
   </div>
   <div class='ocr_carea' id='block_1_101' title="bbox 1810 4056 3402 4130">
    <p class='ocr_par' dir='ltr' id='par_1_101' title="bbox 1810 4056 3402 4130">
     <span class='ocr_line' id='line_1_101' title="bbox 1810 4056 3402 4130; baseline -0.001 -16"><span class='ocrx_word' id='word_1_692' title='bbox 1810 4057 2044 4130; x_wconf 85' lang='lat' dir='ltr'><strong>supplici</strong></span> <span class='ocrx_word' id='word_1_693' title='bbox 2074 4096 2089 4121; x_wconf 89' lang='lat'><strong>,</strong></span> <span class='ocrx_word' id='word_1_694' title='bbox 2141 4056 2412 4128; x_wconf 90' lang='lat' dir='ltr'><strong>quidquid</strong></span> <span class='ocrx_word' id='word_1_695' title='bbox 2446 4058 2549 4112; x_wconf 81' lang='lat' dir='ltr'><strong>tibi</strong></span> <span class='ocrx_word' id='word_1_696' title='bbox 2593 4073 2734 4126; x_wconf 90' lang='lat' dir='ltr'><strong>opus</strong></span> <span class='ocrx_word' id='word_1_697' title='bbox 2764 4057 2967 4123; x_wconf 80' lang='lat' dir='ltr'><strong>fuerit,</strong></span> <span class='ocrx_word' id='word_1_698' title='bbox 2998 4058 3218 4115; x_wconf 82' lang='lat' dir='ltr'><strong>oﬂ&#39;erre.</strong></span> <span class='ocrx_word' id='word_1_699' title='bbox 3264 4059 3402 4127; x_wconf 85' lang='lat' dir='ltr'><strong>Qui-</strong></span> 
     </span>
    </p>
   </div>
   <div class='ocr_carea' id='block_1_102' title="bbox 1812 4150 3402 4223">
    <p class='ocr_par' dir='ltr' id='par_1_102' title="bbox 1812 4150 3402 4223">
     <span class='ocr_line' id='line_1_102' title="bbox 1812 4150 3402 4223; baseline 0.001 -16"><span class='ocrx_word' id='word_1_700' title='bbox 1812 4151 1940 4207; x_wconf 87' lang='lat' dir='ltr'><strong>dam</strong></span> <span class='ocrx_word' id='word_1_701' title='bbox 1969 4150 2116 4207; x_wconf 89' lang='lat' dir='ltr'><strong>enim</strong></span> <span class='ocrx_word' id='word_1_702' title='bbox 2149 4151 2301 4223; x_wconf 87' lang='lat' dir='ltr'><strong>digni</strong></span> <span class='ocrx_word' id='word_1_703' title='bbox 2348 4158 2513 4215; x_wconf 89' lang='lat' dir='ltr'><strong>sunt,</strong></span> <span class='ocrx_word' id='word_1_704' title='bbox 2545 4151 2640 4221; x_wconf 91' lang='lat' dir='ltr'><strong>qui</strong></span> <span class='ocrx_word' id='word_1_705' title='bbox 2674 4151 2965 4207; x_wconf 87' lang='lat' dir='ltr'><strong>monachis</strong></span> <span class='ocrx_word' id='word_1_706' title='bbox 3005 4154 3245 4207; x_wconf 79' lang='lat' dir='ltr'><strong>fructum</strong></span> <span class='ocrx_word' id='word_1_707' title='bbox 3277 4152 3402 4209; x_wconf 82' lang='lat' dir='ltr'><strong>red-</strong></span> 
     </span>
    </p>
   </div>
   <div class='ocr_carea' id='block_1_103' title="bbox 1811 4244 3399 4315">
    <p class='ocr_par' dir='ltr' id='par_1_103' title="bbox 1811 4244 3399 4315">
     <span class='ocr_line' id='line_1_103' title="bbox 1811 4244 3399 4315; baseline 0.001 -17"><span class='ocrx_word' id='word_1_708' title='bbox 1811 4247 1979 4308; x_wconf 90' lang='lat' dir='ltr'><strong>dant,</strong></span> <span class='ocrx_word' id='word_1_709' title='bbox 2012 4245 2237 4313; x_wconf 83' lang='lat' dir='ltr'><strong>quidam</strong></span> <span class='ocrx_word' id='word_1_710' title='bbox 2288 4259 2420 4298; x_wconf 86' lang='lat' dir='ltr'><strong>vero</strong></span> <span class='ocrx_word' id='word_1_711' title='bbox 2445 4244 2676 4299; x_wconf 90' lang='lat' dir='ltr'><strong>omnino</strong></span> <span class='ocrx_word' id='word_1_712' title='bbox 2703 4245 2914 4315; x_wconf 82' lang='lat' dir='ltr'><strong>indigni</strong></span> <span class='ocrx_word' id='word_1_713' title='bbox 2940 4288 2954 4311; x_wconf 89' lang='lat'><strong>,</strong></span> <span class='ocrx_word' id='word_1_714' title='bbox 2985 4253 3043 4299; x_wconf 92' lang='lat' dir='ltr'><strong>et</strong></span> <span class='ocrx_word' id='word_1_715' title='bbox 3074 4260 3106 4299; x_wconf 91' lang='lat' dir='ltr'><strong>a</strong></span> <span class='ocrx_word' id='word_1_716' title='bbox 3136 4255 3274 4300; x_wconf 92' lang='lat' dir='ltr'><strong>nutu</strong></span> <span class='ocrx_word' id='word_1_717' title='bbox 3306 4245 3399 4301; x_wconf 91' lang='lat' dir='ltr'><strong>Dei</strong></span> 
     </span>
    </p>
   </div>
   <div class='ocr_carea' id='block_1_104' title="bbox 1812 4336 2388 4392">
    <p class='ocr_par' dir='ltr' id='par_1_104' title="bbox 1812 4336 2388 4392">
     <span class='ocr_line' id='line_1_104' title="bbox 1812 4336 2388 4392; baseline -0.002 -1"><span class='ocrx_word' id='word_1_718' title='bbox 1812 4336 2058 4392; x_wconf 78' lang='lat' dir='ltr'><strong>maxime</strong></span> <span class='ocrx_word' id='word_1_719' title='bbox 2092 4336 2388 4392; x_wconf 86' lang='lat' dir='ltr'><strong>distantes.</strong></span> 
     </span>
    </p>
   </div>
   <div class='ocr_carea' id='block_1_105' title="bbox 2007 4425 3194 4485">
    <p class='ocr_par' dir='ltr' id='par_1_105' title="bbox 2007 4425 3194 4485">
     <span class='ocr_line' id='line_1_105' title="bbox 2007 4425 3194 4485; baseline 0.003 -3"><span class='ocrx_word' id='word_1_720' title='bbox 2007 4428 2221 4483; x_wconf 87' lang='lat' dir='ltr'><strong>CXXX.</strong></span> <span class='ocrx_word' id='word_1_721' title='bbox 2251 4459 2317 4471; x_wconf 88' lang='lat'><strong>—-</strong></span> <span class='ocrx_word' id='word_1_722' title='bbox 2348 4425 2722 4483; x_wconf 80' lang='lat' dir='ltr'><strong>CLEARCIIO</strong></span> <span class='ocrx_word' id='word_1_723' title='bbox 2761 4425 3194 4485; x_wconf 76' lang='lat' dir='ltr'><strong>NUMERARIO.</strong></span> 
     </span>
    </p>
   </div>
   <div class='ocr_carea' id='block_1_106' title="bbox 1884 4520 3402 4594">
    <p class='ocr_par' dir='ltr' id='par_1_106' title="bbox 1884 4520 3402 4594">
     <span class='ocr_line' id='line_1_106' title="bbox 1884 4520 3402 4594; baseline 0.003 -21"><span class='ocrx_word' id='word_1_724' title='bbox 1884 4520 2007 4591; x_wconf 85' lang='lat' dir='ltr'><strong>Ipse</strong></span> <span class='ocrx_word' id='word_1_725' title='bbox 2034 4521 2257 4590; x_wconf 90' lang='lat' dir='ltr'><strong>quidem</strong></span> <span class='ocrx_word' id='word_1_726' title='bbox 2290 4536 2575 4590; x_wconf 89' lang='lat' dir='ltr'><strong>nunquam</strong></span> <span class='ocrx_word' id='word_1_727' title='bbox 2610 4521 2833 4590; x_wconf 89' lang='lat' dir='ltr'><strong>lupum,</strong></span> <span class='ocrx_word' id='word_1_728' title='bbox 2879 4522 2924 4577; x_wconf 91' lang='lat' dir='ltr'><strong>si</strong></span> <span class='ocrx_word' id='word_1_729' title='bbox 2954 4523 3224 4594; x_wconf 88' lang='lat' dir='ltr'><strong>subripit,</strong></span> <span class='ocrx_word' id='word_1_730' title='bbox 3268 4537 3402 4578; x_wconf 88' lang='lat' dir='ltr'><strong>con-</strong></span> 
     </span>
    </p>
   </div>
   <div class='ocr_carea' id='block_1_107' title="bbox 1814 4612 3399 4683">
    <p class='ocr_par' dir='ltr' id='par_1_107' title="bbox 1814 4612 3399 4683">
     <span class='ocr_line' id='line_1_107' title="bbox 1814 4612 3399 4683; baseline 0.003 -18"><span class='ocrx_word' id='word_1_731' title='bbox 1814 4614 1964 4667; x_wconf 82' lang='lat' dir='ltr'><strong>vitiis</strong></span> <span class='ocrx_word' id='word_1_732' title='bbox 1991 4616 2266 4679; x_wconf 85' lang='lat' dir='ltr'><strong>onerabo;</strong></span> <span class='ocrx_word' id='word_1_733' title='bbox 2293 4628 2489 4683; x_wconf 88' lang='lat' dir='ltr'><strong>rapere</strong></span> <span class='ocrx_word' id='word_1_734' title='bbox 2518 4613 2728 4667; x_wconf 87' lang='lat' dir='ltr'><strong>etenim</strong></span> <span class='ocrx_word' id='word_1_735' title='bbox 2759 4612 2892 4683; x_wconf 90' lang='lat' dir='ltr'><strong>lupo</strong></span> <span class='ocrx_word' id='word_1_736' title='bbox 2925 4621 3127 4668; x_wconf 85' lang='lat' dir='ltr'><strong>natura</strong></span> <span class='ocrx_word' id='word_1_737' title='bbox 3170 4615 3399 4671; x_wconf 87' lang='lat' dir='ltr'><strong>insitum</strong></span> 
     </span>
    </p>
   </div>
   <div class='ocr_carea' id='block_1_108' title="bbox 1814 4703 3402 4778">
    <p class='ocr_par' dir='ltr' id='par_1_108' title="bbox 1814 4703 3402 4778">
     <span class='ocr_line' id='line_1_108' title="bbox 1814 4703 3402 4778; baseline 0.003 -20"><span class='ocrx_word' id='word_1_738' title='bbox 1814 4703 1924 4776; x_wconf 75' lang='lat'><strong>56</strong></span> <span class='ocrx_word' id='word_1_739' title='bbox 1955 4713 2075 4771; x_wconf 87' lang='lat' dir='ltr'><strong>est;</strong></span> <span class='ocrx_word' id='word_1_740' title='bbox 2113 4705 2208 4759; x_wconf 90' lang='lat' dir='ltr'><strong>sed</strong></span> <span class='ocrx_word' id='word_1_741' title='bbox 2243 4705 2525 4768; x_wconf 85' lang='lat' dir='ltr'><strong>hominem</strong></span> <span class='ocrx_word' id='word_1_742' title='bbox 2546 4743 2562 4769; x_wconf 90' lang='lat'><strong>,</strong></span> <span class='ocrx_word' id='word_1_743' title='bbox 2588 4705 2683 4775; x_wconf 90' lang='lat' dir='ltr'><strong>qui</strong></span> <span class='ocrx_word' id='word_1_744' title='bbox 2717 4705 2965 4777; x_wconf 91' lang='lat' dir='ltr'><strong>lupinam</strong></span> <span class='ocrx_word' id='word_1_745' title='bbox 3003 4713 3240 4763; x_wconf 88' lang='lat' dir='ltr'><strong>mentem</strong></span> <span class='ocrx_word' id='word_1_746' title='bbox 3268 4722 3402 4778; x_wconf 68' lang='lat' dir='ltr'><strong>prae-</strong></span> 
     </span>
    </p>
   </div>
   <div class='ocr_carea' id='block_1_109' title="bbox 1816 4797 3042 4868">
    <p class='ocr_par' dir='ltr' id='par_1_109' title="bbox 1816 4797 3042 4868">
     <span class='ocr_line' id='line_1_109' title="bbox 1816 4797 3042 4868; baseline 0.001 -15"><span class='ocrx_word' id='word_1_747' title='bbox 1816 4807 1899 4854; x_wconf 87' lang='lat' dir='ltr'><strong>ter</strong></span> <span class='ocrx_word' id='word_1_748' title='bbox 1929 4798 2017 4852; x_wconf 89' lang='lat' dir='ltr'><strong>sui</strong></span> <span class='ocrx_word' id='word_1_749' title='bbox 2051 4806 2307 4851; x_wconf 86' lang='lat' dir='ltr'><strong>naturam</strong></span> <span class='ocrx_word' id='word_1_750' title='bbox 2351 4797 2638 4867; x_wconf 85' lang='lat' dir='ltr'><strong>possidet,</strong></span> <span class='ocrx_word' id='word_1_751' title='bbox 2673 4797 3042 4868; x_wconf 86' lang='lat' dir='ltr'><strong>reprehendo.</strong></span> 
     </span>
    </p>
   </div>
   <div class='ocr_carea' id='block_1_110' title="bbox 2147 4887 2940 4946">
    <p class='ocr_par' dir='ltr' id='par_1_110' title="bbox 2147 4887 2940 4946">
     <span class='ocr_line' id='line_1_110' title="bbox 2147 4887 2940 4946; baseline 0 -1"><span class='ocrx_word' id='word_1_752' title='bbox 2147 4890 2384 4946; x_wconf 83' lang='lat' dir='ltr'><strong>CXXXI.</strong></span> <span class='ocrx_word' id='word_1_753' title='bbox 2418 4918 2483 4932; x_wconf 84' lang='lat'><strong>—-</strong></span> <span class='ocrx_word' id='word_1_754' title='bbox 2518 4887 2940 4945; x_wconf 75' lang='lat' dir='ltr'><strong>AURELIANO.</strong></span> 
     </span>
    </p>
   </div>
   <div class='ocr_carea' id='block_1_111' title="bbox 1889 4980 3398 5037">
    <p class='ocr_par' dir='ltr' id='par_1_111' title="bbox 1889 4980 3398 5037">
     <span class='ocr_line' id='line_1_111' title="bbox 1889 4980 3398 5037; baseline 0 -2"><span class='ocrx_word' id='word_1_755' title='bbox 1889 4980 1996 5037; x_wconf 85' lang='lat' dir='ltr'><strong>Per</strong></span> <span class='ocrx_word' id='word_1_756' title='bbox 2028 4980 2323 5036; x_wconf 79' lang='lat' dir='ltr'><strong>Jeremiam</strong></span> <span class='ocrx_word' id='word_1_757' title='bbox 2374 4980 2642 5035; x_wconf 90' lang='lat' dir='ltr'><strong>Dominus</strong></span> <span class='ocrx_word' id='word_1_758' title='bbox 2688 4980 2871 5034; x_wconf 80' lang='lat' dir='ltr'><strong>dixit:</strong></span> <span class='ocrx_word' id='word_1_759' title='bbox 2926 4998 2944 5030; x_wconf 81' lang='grc' dir='ltr'><strong>ι</strong></span> <span class='ocrx_word' id='word_1_760' title='bbox 2997 4980 3398 5035; x_wconf 86' lang='lat' dir='ltr'><strong>Convertimini</strong></span> 
     </span>
    </p>
   </div>
   <div class='ocr_carea' id='block_1_112' title="bbox 1815 5069 3399 5141">
    <p class='ocr_par' dir='ltr' id='par_1_112' title="bbox 1815 5069 3399 5141">
     <span class='ocr_line' id='line_1_112' title="bbox 1815 5069 3399 5141; baseline -0.001 -14"><span class='ocrx_word' id='word_1_761' title='bbox 1815 5073 1884 5128; x_wconf 87' lang='lat' dir='ltr'><strong>ad</strong></span> <span class='ocrx_word' id='word_1_762' title='bbox 1916 5089 2024 5136; x_wconf 89' lang='lat' dir='ltr'><strong>me,</strong></span> <span class='ocrx_word' id='word_1_763' title='bbox 2057 5081 2113 5128; x_wconf 91' lang='lat' dir='ltr'><strong>et</strong></span> <span class='ocrx_word' id='word_1_764' title='bbox 2146 5087 2255 5128; x_wconf 90' lang='lat' dir='ltr'><strong>non</strong></span> <span class='ocrx_word' id='word_1_765' title='bbox 2281 5074 2493 5127; x_wconf 81' lang='lat' dir='ltr'><strong>irascar</strong></span> <span class='ocrx_word' id='word_1_766' title='bbox 2517 5072 2679 5126; x_wconf 88' lang='lat' dir='ltr'><strong>vobis</strong></span> <span class='ocrx_word' id='word_1_767' title='bbox 2707 5072 2761 5125; x_wconf 91' lang='lat' dir='ltr'><strong>in</strong></span> <span class='ocrx_word' id='word_1_768' title='bbox 2790 5073 3055 5127; x_wconf 62' lang='lat' dir='ltr'><strong>sa&#39;culnm</strong></span> <span class='ocrx_word' id='word_1_769' title='bbox 3078 5073 3145 5124; x_wconf 60' lang='grc' dir='ltr'><strong>ι’.</strong></span> <span class='ocrx_word' id='word_1_770' title='bbox 3181 5090 3201 5123; x_wconf 83' lang='grc' dir='ltr'><strong>ι</strong></span> <span class='ocrx_word' id='word_1_771' title='bbox 3228 5069 3399 5141; x_wconf 82' lang='lat' dir='ltr'><strong>Digna</strong></span> 
     </span>
    </p>
   </div>
   <div class='ocr_carea' id='block_1_113' title="bbox 1816 5162 3401 5234">
    <p class='ocr_par' dir='ltr' id='par_1_113' title="bbox 1816 5162 3401 5234">
     <span class='ocr_line' id='line_1_113' title="bbox 1816 5162 3401 5234; baseline -0.001 -15"><span class='ocrx_word' id='word_1_772' title='bbox 1816 5180 1952 5220; x_wconf 89' lang='lat' dir='ltr'><strong>sane</strong></span> <span class='ocrx_word' id='word_1_773' title='bbox 1980 5164 2320 5234; x_wconf 86' lang='lat' dir='ltr'><strong>sempiterno</strong></span> <span class='ocrx_word' id='word_1_774' title='bbox 2365 5162 2553 5216; x_wconf 79' lang='lat' dir='ltr'><strong>lurore</strong></span> <span class='ocrx_word' id='word_1_775' title='bbox 2580 5162 2827 5216; x_wconf 81' lang='lat' dir='ltr'><strong>facinora</strong></span> <span class='ocrx_word' id='word_1_776' title='bbox 2865 5162 3262 5232; x_wconf 87' lang='lat' dir='ltr'><strong>perpetrastis,</strong></span> <span class='ocrx_word' id='word_1_777' title='bbox 3303 5164 3401 5217; x_wconf 88' lang='lat' dir='ltr'><strong>sed</strong></span> 
     </span>
    </p>
   </div>
   <div class='ocr_carea' id='block_1_114' title="bbox 1816 5252 3399 5322">
    <p class='ocr_par' dir='ltr' id='par_1_114' title="bbox 1816 5252 3399 5322">
     <span class='ocr_line' id='line_1_114' title="bbox 1816 5252 3399 5322; baseline -0.001 -13"><span class='ocrx_word' id='word_1_778' title='bbox 1816 5268 1943 5309; x_wconf 89' lang='lat' dir='ltr'><strong>cum</strong></span> <span class='ocrx_word' id='word_1_779' title='bbox 1977 5254 2095 5322; x_wconf 89' lang='lat' dir='ltr'><strong>ipse</strong></span> <span class='ocrx_word' id='word_1_780' title='bbox 2121 5253 2441 5307; x_wconf 81' lang='lat' dir='ltr'><strong>misericors</strong></span> <span class='ocrx_word' id='word_1_781' title='bbox 2468 5252 2610 5317; x_wconf 88' lang='lat' dir='ltr'><strong>sim,</strong></span> <span class='ocrx_word' id='word_1_782' title='bbox 2655 5267 2830 5306; x_wconf 85' lang='lat' dir='ltr'><strong>meam</strong></span> <span class='ocrx_word' id='word_1_783' title='bbox 2863 5252 3262 5307; x_wconf 83' lang='lat' dir='ltr'><strong>humanitatem</strong></span> <span class='ocrx_word' id='word_1_784' title='bbox 3289 5270 3399 5308; x_wconf 81' lang='lat' dir='ltr'><strong>non</strong></span> 
     </span>
    </p>
   </div>
   <div class='ocr_carea' id='block_1_115' title="bbox 1818 5339 3403 5412">
    <p class='ocr_par' dir='ltr' id='par_1_115' title="bbox 1818 5339 3403 5412">
     <span class='ocr_line' id='line_1_115' title="bbox 1818 5339 3403 5412; baseline 0 -14"><span class='ocrx_word' id='word_1_785' title='bbox 1818 5359 1943 5398; x_wconf 89' lang='lat' dir='ltr'><strong>cum</strong></span> <span class='ocrx_word' id='word_1_786' title='bbox 2018 5352 2203 5398; x_wconf 87' lang='lat' dir='ltr'><strong>vestra</strong></span> <span class='ocrx_word' id='word_1_787' title='bbox 2261 5342 2647 5412; x_wconf 86' lang='lat' dir='ltr'><strong>improbitate,</strong></span> <span class='ocrx_word' id='word_1_788' title='bbox 2703 5339 2799 5396; x_wconf 87' lang='lat' dir='ltr'><strong>sed</strong></span> <span class='ocrx_word' id='word_1_789' title='bbox 2856 5355 2981 5395; x_wconf 88' lang='lat' dir='ltr'><strong>cum</strong></span> <span class='ocrx_word' id='word_1_790' title='bbox 3022 5355 3141 5395; x_wconf 87' lang='lat' dir='ltr'><strong>mea</strong></span> <span class='ocrx_word' id='word_1_791' title='bbox 3193 5343 3403 5412; x_wconf 80' lang='lat' dir='ltr'><strong>ingenti</strong></span> 
     </span>
    </p>
   </div>
   <div class='ocr_carea' id='block_1_116' title="bbox 1819 5430 3404 5504">
    <p class='ocr_par' dir='ltr' id='par_1_116' title="bbox 1819 5430 3404 5504">
     <span class='ocr_line' id='line_1_116' title="bbox 1819 5430 3404 5504; baseline -0.004 -13"><span class='ocrx_word' id='word_1_792' title='bbox 1819 5435 2067 5491; x_wconf 88' lang='lat' dir='ltr'><strong>bonitate</strong></span> <span class='ocrx_word' id='word_1_793' title='bbox 2110 5434 2386 5490; x_wconf 86' lang='lat' dir='ltr'><strong>dimetior.</strong></span> <span class='ocrx_word' id='word_1_794' title='bbox 2418 5432 2814 5490; x_wconf 82' lang='lat' dir='ltr'><strong>Verumtamen</strong></span> <span class='ocrx_word' id='word_1_795' title='bbox 2845 5432 2957 5487; x_wconf 88' lang='lat' dir='ltr'><strong>ait:</strong></span> <span class='ocrx_word' id='word_1_796' title='bbox 2989 5430 3103 5487; x_wconf 89' lang='lat' dir='ltr'><strong>Etsi</strong></span> <span class='ocrx_word' id='word_1_797' title='bbox 3150 5432 3269 5504; x_wconf 89' lang='lat' dir='ltr'><strong>ipse</strong></span> <span class='ocrx_word' id='word_1_798' title='bbox 3303 5434 3404 5486; x_wconf 86' lang='lat' dir='ltr'><strong>bo-</strong></span> 
     </span>
    </p>
   </div>
   <div class='ocr_carea' id='block_1_117' title="bbox 1822 5522 3400 5595">
    <p class='ocr_par' dir='ltr' id='par_1_117' title="bbox 1822 5522 3400 5595">
     <span class='ocr_line' id='line_1_117' title="bbox 1822 5522 3400 5595; baseline -0.001 -14"><span class='ocrx_word' id='word_1_799' title='bbox 1822 5542 1929 5583; x_wconf 88' lang='lat' dir='ltr'><strong>nus</strong></span> <span class='ocrx_word' id='word_1_800' title='bbox 1969 5533 2023 5581; x_wconf 87' lang='lat' dir='ltr'><strong>et</strong></span> <span class='ocrx_word' id='word_1_801' title='bbox 2048 5526 2327 5582; x_wconf 88' lang='lat' dir='ltr'><strong>hmnanus</strong></span> <span class='ocrx_word' id='word_1_802' title='bbox 2353 5540 2475 5581; x_wconf 89' lang='lat' dir='ltr'><strong>sum</strong></span> <span class='ocrx_word' id='word_1_803' title='bbox 2501 5566 2517 5593; x_wconf 92' lang='lat'><strong>,</strong></span> <span class='ocrx_word' id='word_1_804' title='bbox 2553 5533 2611 5580; x_wconf 93' lang='lat' dir='ltr'><strong>tu</strong></span> <span class='ocrx_word' id='word_1_805' title='bbox 2660 5532 2847 5580; x_wconf 86' lang='lat' dir='ltr'><strong>tamen</strong></span> <span class='ocrx_word' id='word_1_806' title='bbox 2891 5540 3012 5585; x_wconf 75' lang='lat' dir='ltr'><strong>ana:</strong></span> <span class='ocrx_word' id='word_1_807' title='bbox 3045 5539 3211 5595; x_wconf 80' lang='lat' dir='ltr'><strong>prave</strong></span> <span class='ocrx_word' id='word_1_808' title='bbox 3247 5522 3400 5595; x_wconf 85' lang='lat' dir='ltr'><strong>cogi-</strong></span> 
     </span>
    </p>
   </div>
   <div class='ocr_carea' id='block_1_118' title="bbox 197 5699 1985 5773">
    <p class='ocr_par' dir='ltr' id='par_1_118' title="bbox 197 5699 1985 5773">
     <span class='ocr_line' id='line_1_118' title="bbox 197 5699 1985 5773; baseline -0.011 -1"><span class='ocrx_word' id='word_1_809' title='bbox 197 5717 218 5747; x_wconf 85' lang='grc'>⁶</span> <span class='ocrx_word' id='word_1_810' title='bbox 244 5715 417 5771; x_wconf 84' lang='lat' dir='ltr'><strong>Deut.</strong></span> <span class='ocrx_word' id='word_1_811' title='bbox 455 5724 619 5773; x_wconf 72' lang='lat' dir='ltr'><strong>leII,</strong></span> <span class='ocrx_word' id='word_1_812' title='bbox 660 5707 750 5760; x_wconf 76' lang='grc'><strong>15.</strong></span> <span class='ocrx_word' id='word_1_813' title='bbox 828 5704 868 5735; x_wconf 74' lang='grc'><strong>’⁸⁸</strong></span> <span class='ocrx_word' id='word_1_814' title='bbox 908 5704 1063 5758; x_wconf 84' lang='lat' dir='ltr'><strong>Deut.</strong></span> <span class='ocrx_word' id='word_1_815' title='bbox 1110 5719 1265 5769; x_wconf 64' lang='lat' dir='ltr'><strong>svnt,</strong></span> <span class='ocrx_word' id='word_1_816' title='bbox 1308 5702 1388 5757; x_wconf 89' lang='lat' dir='ltr'><strong>I9.</strong></span> <span class='ocrx_word' id='word_1_817' title='bbox 1468 5703 1512 5734; x_wconf 78' lang='lat'>&quot;</span> <span class='ocrx_word' id='word_1_818' title='bbox 1540 5700 1741 5757; x_wconf 77' lang='lat' dir='ltr'><strong>Jcrcm.</strong></span> <span class='ocrx_word' id='word_1_819' title='bbox 1785 5716 1865 5765; x_wconf 88' lang='grc' dir='ltr'>ιιι,</span> <span class='ocrx_word' id='word_1_820' title='bbox 1900 5699 1985 5753; x_wconf 72' lang='lat' dir='ltr'><strong>I9..</strong></span> 
     </span>
    </p>
   </div>
   <div class='ocr_carea' id='block_1_119' title="bbox 370 5796 1107 5864">
    <p class='ocr_par' dir='ltr' id='par_1_119' title="bbox 370 5796 1107 5864">
     <span class='ocr_line' id='line_1_119' title="bbox 370 5796 1107 5864; baseline -0.012 0"><span class='ocrx_word' id='word_1_821' title='bbox 370 5805 661 5864; x_wconf 69' lang='lat' dir='ltr'><strong>PATIIOL.</strong></span> <span class='ocrx_word' id='word_1_822' title='bbox 696 5798 811 5860; x_wconf 75' lang='lat' dir='ltr'><strong>Gtt.</strong></span> <span class='ocrx_word' id='word_1_823' title='bbox 845 5796 1107 5857; x_wconf 71' lang='lat' dir='ltr'><strong>LXXIX.</strong></span> 
     </span>
    </p>
   </div>
   <div class='ocr_carea' id='block_1_120' title="bbox 3048 5752 3165 5855">
    <p class='ocr_par' dir='ltr' id='par_1_120' title="bbox 3048 5752 3165 5855">
     <span class='ocr_line' id='line_1_120' title="bbox 3048 5752 3165 5855; baseline 0 -94"><span class='ocrx_word' id='word_1_824' title='bbox 3048 5796 3085 5855; x_wconf 67' lang='grc'>5</span> <span class='ocrx_word' id='word_1_825' title='bbox 3156 5752 3165 5761; x_wconf 93' lang='grc'><strong><em>.</em></strong></span> 
     </span>
    </p>
   </div>
  </div>
