3822 6216
425 313 526 379 139

382 550 385 553 ν
424 520 644 582 haheto,
674 526 727 572 te
754 518 807 570 in
840 516 1128 570 Dominum
1161 515 1328 569 Deum
1358 527 1515 581 tuum
1546 516 1772 583 impium
1806 517 1997 579 fuisse,

424 598 583 682 quem
603 626 727 663 eum
753 610 1010 675 lilt'l‘YlllIS
1031 617 1146 662 toto
1170 608 1294 660 vitm
1316 621 1423 660 tute
1443 609 1721 661 curriculo
1739 624 1905 662 exora
1932 607 1999 658 ".

796 699 1058 755 CXXXII.
1089 729 1158 739 —
1191 698 1607 753 GENE'I‘IILIU.

496 812 515 845 ι
566 793 622 847 In
674 808 832 845 camo
880 801 933 845 et
966 792 1120 845 freno
1161 792 1413 845 maxillas
1450 806 1639 844 eorum
1667 829 1682 850 ,
1736 788 2004 859 quemad-

430 886 650 939 modum
676 884 987 945 brutorum,
1014 880 1176 941 Deus,
1201 880 1548 948 constringes
1567 918 1580 943 ,
1611 880 1701 947 qui
1723 879 1819 931 tibi
1853 886 2005 946 terga

419 985 681 1040 vertunt,
725 994 744 1026 ι
808 974 974 1027 David
1031 974 1243 1027 cithara
1286 974 1588 1025 concinens
1641 971 1913 1024 clamabat
1938 969 2001 1021 ⁸⁸⁵.

419 1064 891 1133 Quemadmodum
929 1066 1075 1119 enirn
1126 1080 1328 1134 equum
1387 1064 1512 1117 licet
1567 1064 1794 1116 invitum
1855 1062 2008 1112 l'reuo

419 1159 709 1214 domamus
734 1169 751 1221 ,'
779 1173 886 1210 non
915 1156 1041 1211 odio
1064 1196 1080 1220 ,
1114 1157 1209 1210 sed
1240 1163 1299 1209 ut
1326 1155 1401 1207 illi
1434 1169 1657 1207 cursum
1686 1153 1821 1205 bene
1859 1152 2008 1204 ordi-

418 1257 610 1305 natum
643 1250 1101 1309 constituamus,
1159 1254 1214 1301 et
1266 1246 1642 1300 inordinatum
1697 1244 1870 1313 ipsius
1896 1259 2005 1294 nio-

419 1348 536 1391 tum
584 1336 777 1390 ordine
840 1350 1290 1406 compescamus,
1363 1343 1418 1388 et
1474 1334 1789 1387 indecorum
1846 1340 2010 1399 atque

421 1433 665 1499 ineptum
720 1429 919 1484 saltum
970 1430 1023 1480 in
1060 1427 1389 1479 concinnum
1432 1427 1535 1479 iter
1564 1423 2005 1477 transferamus:

421 1502 498 1574 ita
536 1520 676 1575 Dens
726 1520 772 1574 si
828 1519 1022 1573 viderit
1076 1518 1313 1570 animam
1350 1519 1481 1586 pulli
1523 1517 1696 1569 instar
1724 1530 1784 1567 se
1814 1528 2009 1581 geren-

422 1624 526 1667 tem
553 1655 567 1677 ,
602 1613 977 1666 ealeitrantem
1000 1652 1014 1675 ,
1050 1610 1149 1663 hac
1179 1617 1231 1663 et
1277 1609 1401 1662 illac
1433 1614 1801 1677 pererrantem
1828 1606 1893 1657 ad
1926 1606 2013 1659 de-

421 1704 638 1758 centiUs
663 1719 781 1757 eam
803 1742 818 1767 ,
855 1704 1017 1755 etiam
1052 1701 1096 1753 si
1127 1699 1283 1759 nolit,
1347 1699 1605 1752 traducit.

793 1793 1081 1849 CXXXIII.
1136 1825 1183 1834 —
1216 1790 1635 1845 TIIEODOSIO.

491 1887 794 1956 Plerosque
829 1887 947 1955 ipse
982 1886 1107 1939 novi
1134 1886 1373 1955 egregiis
1418 1884 1766 1939 facinoribus
1817 1883 2013 1937 nobili-

418 1981 522 2034 tari
543 1994 649 2033 non
671 1977 937 2048 potuisse,
957 1977 1050 2030 sed
1067 1977 1355 2046 iniquitate
1376 1977 1583 2045 potius,
1601 1988 1649 2028 et
1672 1974 1778 2045 57
1797 1990 2012 2029 summa

418 2068 769 2139 improbitate
790 2068 1024 2132 ,seipsns
1041 2065 1283 2120 celebres
1307 2079 1372 2118 ac
1393 2066 1712 2119 tremendos
1744 2065 2008 2120 edidisse.

562 2155 861 2214 CXXXIV.
891 2186 960 2196 —
985 2155 1354 2211 SERAPION]
1395 2155 1875 2210 PRESBYTERO.

492 2251 645 2307 «Ubi
696 2260 783 2305 est
846 2250 1142 2304 thesaurus
1197 2258 1364 2312 tuus,
1400 2249 1617 2317 inquit,
1673 2249 1742 2301 ibi
1804 2258 1860 2302 et
1917 2264 2014 2302 cor

417 2350 571 2397 tuum
593 2342 692 2395 ‘5.»
720 2341 912 2407 Qualia
941 2356 1177 2410 namque
1208 2348 1336 2394 sunt
1365 2340 1569 2403 studia,
1611 2356 1746 2409 vaga
1780 2350 1832 2394 et
1865 2342 2013 2394 nullo

416 2432 472 2488 in
514 2436 635 2487 loco
672 2432 1016 2503 quiescentia
1050 2472 1064 2495 ,
1098 2432 1222 2485 talis
1256 2431 1483 2485 omnino
1529 2432 1711 2492 fuerit,
1732 2441 1785 2484 et
1835 2447 2011 2497 mens,

415 2534 470 2578 et
515 2526 817 2587 memoria,
856 2532 910 2577 et
974 2522 1283 2577 intellectus
1340 2524 1507 2577 illius.
1572 2522 1761 2577 Potius
1828 2525 2011 2592 itaque

414 2618 480 2673 ad
509 2618 811 2681 caelestem,
834 2626 887 2672 et
918 2618 1081 2671 nullis
1123 2615 1336 2670 furibus
1368 2616 1662 2670 obnoxium
1692 2618 2007 2671 thesaurum

415 2712 721 2783 prudenter
760 2712 983 2766 animus
1029 2711 1401 2765 intendendus
1449 2720 1557 2766 est.

910 2802 1177 2858 CXXXV.
1209 2833 1279 2841 —
1311 2802 1518 2856 Eidem.

489 2915 507 2947 ι
549 2895 820 2957 Lucerna,
848 2897 945 2962 ait,
975 2897 1222 2965 corporis
1247 2896 1443 2949 oculus
1471 2903 1556 2948 est
1602 2890 1674 2944 “.
1712 2911 1731 2944 ι
1762 2891 2006 2962 Super-na

418 2989 691 3058 siquidem
729 2989 1041 3059 percipiens
1066 2989 1398 3050 intellectus,
1431 2988 1625 3041 oculus
1653 2997 1739 3042 est
1771 2987 1966 3040 anima:
1989 3028 2004 3050 ,

412 3082 593 3137 visum
649 3082 865 3135 [irmum
922 3095 986 3135 ac
1050 3082 1301 3135 stabilem
1352 3079 1676 3149 possidens,
1746 3080 2005 3148 splendo-

413 3188 643 3243 remque
677 3188 838 3227 suum
871 3173 924 3226 in
953 3173 1268 3227 universam
1327 3189 1509 3227 rerum
1543 3174 2001 3243 compositionem

417 3263 819 3317 transmittens.
850 3261 1007 3326 Quod
1052 3262 1098 3314 si
1151 3272 1207 3315 tu
1240 3262 1292 3316 in
1341 3278 1593 3331 asperum
1631 3263 1733 3316 hoc
1783 3272 1835 3316 et
1880 3279 2004 3331 pra-

414 3373 541 3410 vum
599 3365 834 3411 mentem
884 3358 1111 3427 crapula
1137 3396 1151 3419 ,
1193 3357 1625 3423 cogitationibus
1668 3357 2001 3419 inutilibus,

414 3461 469 3503 et
517 3463 641 3517 quae
679 3448 747 3501 ad
817 3446 1081 3501 inferiora
1128 3448 1341 3502 ducunt
1370 3457 1423 3501 et
1474 3449 1799 3518 perditionis
1843 3450 2005 3503 bara-

413 3540 601 3594 thrum
628 3580 645 3607 ,
696 3539 933 3595 ﬂectas:
981 3541 1110 3610 quid
1151 3541 1279 3594 boni
1330 3540 1666 3611 intelligere,
1700 3549 1795 3594 aut
1847 3543 2003 3609 probi

412 3632 709 3686 enuntiare
761 3632 999 3701 prepriis
1051 3631 1483 3701 cogitationibus
1529 3633 1775 3702 poterit?
1825 3633 2004 3698 Quare

414 3739 649 3779 necesse
678 3734 764 3777 est
802 3723 1220 3777 obtenehratnm
1278 3731 1333 3777 et
1383 3722 1661 3776 turbatum
1704 3738 1829 3777 esse
1884 3740 2004 3775 oni-

414 3830 535 3867 nem
570 3814 816 3867 habitqu
855 3813 1040 3867 dubiis
1092 3813 1402 3878 incertum,
1448 3813 1608 3866 veluti
1647 3812 1699 3865 in
1746 3823 1906 3866 nocte
1950 3821 2005 3867 et

412 3906 621 3963 dillicili
656 3905 817 3959 bello.

891 3995 1181 4051 CXXXVI.
1209 4026 1276 4036 -—-
1306 3995 1514 4051 Eidem.

485 4090 749 4144 Dominus
790 4088 1039 4143 decrevit
1075 4107 1090 4145 :
1124 4108 1142 4141 ι
1180 4090 1505 4144 Dicentihus
1536 4091 1668 4144 mihi
1704 4092 1756 4144 in
1792 4091 1880 4143 die
1912 4090 2001 4143 illa

412 4196 442 4233 a
485 4197 569 4235 me
595 4181 899 4250 cognosci,
954 4180 1304 4251 respondebo
1344 4200 1357 4236 :
1393 4180 1510 4235 Non
1553 4184 1675 4237 novi
1708 4198 1807 4236 vos
1841 4184 1926 4249 ‘7;
1976 4200 1995 4233 ι

411 4270 612 4340 quippe
642 4271 736 4340 qui
769 4270 936 4325 verbo
964 4278 1179 4325 tantum
1212 4273 1467 4342 pietatem
1497 4272 1769 4327 colebatis
1790 4317 1802 4336 ,
1834 4287 1999 4342 opera

411 4378 580 4433 prava
616 4362 941 4432 patrabatis.

578 4453 689 4525 58
726 4452 1043 4508 CXXXVII.
1070 4483 1143 4494 —
1171 4452 1417 4508 JOANNI
1462 4455 1811 4511 MONACIIO.

480 4547 765 4602 Danuones
789 4548 963 4602 variis
991 4548 1394 4603 tentationibus
1425 4560 1679 4603 nostrum
1717 4566 1781 4604 os
1811 4552 1994 4603 occlu-

410 4638 540 4693 dere
572 4640 850 4704 nituntur,
882 4654 950 4693 ne
984 4640 1307 4704 laudetnus,
1353 4650 1409 4693 et
1435 4652 1723 4695 cantemus
1748 4684 1761 4708 ,
1795 4654 1850 4697 et
1878 4645 1997 4712 glo-

408 4731 545 4784 riam
570 4731 825 4786 dicamus
857 4731 1169 4785 Conditori.
1206 4750 1223 4782 ι
1279 4730 1386 4786 Sed
1416 4749 1565 4801 spem
1601 4734 1863 4789 habemus
1894 4776 1907 4800 ,
1942 4743 2000 4789 ut

406 4823 483 4874 ait
517 4830 704 4877 castus
749 4820 993 4878 Joannes
1014 4863 1029 4888 ,
1061 4822 1207 4891 quod
1234 4820 1501 4878 Dominus
1528 4826 1757 4892 aperiet,
1787 4836 1841 4881 et
1873 4829 1997 4880 nul-

406 4912 492 4968 Ius
522 4915 781 4969 claudere
814 4916 1016 4977 poterit
1041 4914 1109 4968 ⁸⁸.
1163 4934 1181 4967 ι

613 5004 948 5060 CXXXVIII.
980 5037 1046 5048 —-
1079 5005 1356 5059 PIIILONI
1398 5005 1795 5063 ILLUS'I'RIO.

474 5100 641 5155 Cessa
667 5101 809 5153 ultra
833 5099 1163 5168 deprimere,
1195 5108 1290 5153 aut
1311 5102 1509 5170 pugnis
1532 5101 1836 5157 obtundere
1863 5104 2000 5158 viles

404 5206 470 5244 ac
521 5190 833 5258 simplices;
893 5192 1031 5245 satis
1083 5193 1227 5244 enim
1279 5206 1556 5262 Superque
1604 5193 1802 5249 delicta
1857 5194 1999 5251 Deus

405 5286 728 5348 examinat,
762 5294 818 5337 et
858 5300 1131 5354 nusquam
1171 5284 1263 5340 Dei
1303 5285 1467 5339 hoino
1519 5287 1859 5355 paupertatis
1906 5286 1996 5341 de-

406 5388 650 5445 spector,
707 5386 762 5431 et
799 5379 1058 5447 pauperis
1088 5377 1358 5447 intrepide
1394 5378 1633 5448 injurins
1676 5379 2001 5433 retributio-

405 5485 531 5524 nem
565 5469 831 5537 aufugiet.

478 5647 521 5677 ’⁸³
559 5645 759 5701 Jereiu.
802 5661 883 5709 ιιι,
931 5646 1015 5697 15.
1129 5643 1176 5675 ⁸⁸
1224 5642 1368 5698 Psal.
1426 5663 1571 5713 xm,
1635 5648 1685 5702 9.

408 5718 559 5783 Lic.,
595 5733 710 5783 xm,
734 5717 828 5771 25.
901 5716 945 5748 ⁸⁸
978 5718 1147 5784 Apoc.
1186 5730 1269 5779 ιιι,
1294 5714 1348 5767 7.

1944 314 2003 372 S.
2045 310 2207 371 NILI

424 426 551 481 tasti
580 467 595 490 ,
627 433 720 478 aut
755 423 1016 495 peregisti
1040 462 1055 487 ,
1089 439 1157 477 ne
1183 422 1551 477 obliviscaris.
1592 422 1837 491 Namque
1865 424 1995 476 illud

2136 424 2335 494 νοήθης
2362 440 2417 477 τε
2449 425 2541 476 καὶ
2586 421 2829 494 ἔπραξας
2860 438 2871 451 ο

2104 514 2200 565 τὸν
2247 514 2381 563 Θεόν
2436 529 2527 563 σου
2584 513 2879 581 ἠσέϐησας,
2933 513 3025 563 καὶ
3079 512 3297 581 δεήθητι
3344 511 3555 564 πενθῶν
3599 513 3689 564 διὰ

2100 606 2312 668 παντὸς
2347 605 2439 656 τοῦ
2477 604 2615 673 βίον.

1802 5648 1847 5681 ⁸⁵
1884 5649 2077 5704 Matth.
2129 5663 2201 5713 vr,
2251 5646 2341 5701 ‘22.

3580 304 3698 367 16οι

2904 421 3072 489 γνῶθι
3100 421 3207 491 γὰρ
3236 422 3317 473 ὅτι
3370 422 3445 482 εἰς
3477 422 3685 491 Κύριον

2574 699 2739 751 mea
2763 730 2831 737 —
2862 698 3220 767 ΓΕΝΕΘΛΙῼ.

2184 809 2202 840 ι
2239 791 2329 845 Ἐν
2357 790 2519 860 κημῷ
2543 793 2633 844 καὶ
2657 790 2857 860 χαλινῷ
2879 790 2980 853 τὰς
3012 790 3267 857 σιαγόνας
3290 788 3473 841 αὐτῶν
3498 789 3691 855 ἀγξειῑ

2110 884 2367 953 καθάπερ
2392 884 2627 951 κτηνῶν,
2656 885 2683 935 ὁ
2712 883 2865 946 Θεὸς,
2900 882 3009 935 τῶν
3045 882 3468 951 ἀποφευγόντων
3506 898 3590 942 σε,
3617 901 3632 931 ι
3662 883 3694 932 6
3722 946 3725 949 Δ

2109 975 2276 1029 Δαυῖδ
2300 974 2599 1045 κιθαρίζων
2630 974 2777 1027 ἐϐόα.
2812 975 3023 1044 Ὥσπερ
3050 974 3159 1043 γὰρ
3194 976 3354 1043 ἡμεῖς
3386 973 3558 1025 ἵππον
3587 975 3687 1025 καὶ

2109 1069 2310 1120 ἄκοντα
2340 1065 2541 1135 χαλινῷ
2571 1065 2907 1133 δαμάζομεν,
2933 1066 2993 1117 οὐ
3025 1065 3330 1132 μισοῦντες,
3381 1065 3496 1117 ἀλλ’
3524 1064 3692 1117 εὐτα-

2112 1175 2240 1209 κτον
2268 1158 2416 1227 αὐτῴ
2441 1158 2532 1210 τὸν
2563 1158 2760 1227 δρόμον
2783 1156 3147 1219 καθιστῶντες
3166 1199 3178 1217 ,
3215 1158 3309 1208 καὶ
3351 1156 3411 1209 τὸ
3450 1157 3695 1209 ἄτακτον

2112 1248 2277 1301 αὐτοῦ
2302 1251 2369 1319 τῇ
2403 1248 2554 1312 τάξει
2579 1248 3041 1316 περιστέλλοντες,
3073 1249 3182 1313 ,καὶ
3205 1249 3264 1300 τὸ
3287 1250 3526 1317 ἄκοσμον
3592 1250 3699 1302 αὐ-

2110 1337 2225 1401 τοῦ,
2258 1340 2348 1390 καὶ
2369 1337 2689 1390 ἀπαίδευτον
2707 1337 2949 1407 πήδημα,
2970 1341 3047 1401 εἰς
3065 1338 3324 1390 εὐτακτον
3342 1338 3458 1391 ὁδὸν
3481 1340 3697 1409 μεταρ-

2114 1430 2489 1501 ρυθμίζοντες,
2514 1430 2688 1490 οὓτως
2721 1433 2749 1481 6
2776 1430 2907 1491 Θεὸς
2936 1430 3030 1482 ἐὰν
3088 1432 3169 1501 ῖδῃ
3224 1430 3400 1500 ψυχὴν
3452 1430 3699 1482 πωλευο-

2116 1524 2283 1593 μένην
2308 1517 2410 1576 ὧδε
2437 1525 2683 1586 κάκεῖσε,
2719 1522 2842 1589 ἄγει
2867 1522 3036 1592 αὐτὴν
3064 1523 3198 1593 πρὸς
3235 1525 3295 1575 τὸ
3320 1522 3697 1593 εὐπρεπέστε-

2117 1630 2229 1674 οον,
2255 1613 2351 1667 καὶ
2378 1614 2453 1685 μὴ
2482 1613 2764 1666 θέλουσαν.

2565 1791 3157 1862 ΡΛΓ’.-ΘΕΟΔΟΣ1ῼ.

2186 1887 2423 1949 Πολλοτλς
2484 1886 2658 1953 ἔγωγε
2707 1882 2824 1937 οἶδα
2867 1886 2939 1955 μὴ
2990 1885 3315 1953 δυνηθέντας
3382 1883 3703 1953 γνωσθῆναι

2112 1976 2199 2030 διὰ
2266 1975 2708 2045 κατορθωμάτων
2736 2016 2750 2038 ,
2820 1974 2909 2026 διὰ
2957 1973 3291 2042 φαυλότητος
3343 1971 3547 2040 μᾶλλον
3600 1974 3700 2027 καὶ

2113 2070 2289 2140 ἄκρας
2321 2067 2591 2138 πονηρίας
2627 2068 2787 2129 ὲπισή
2798 2083 2931 2136 μους
2948 2065 3257 2135 δειχθέντας
3281 2066 3374 2118 καὶ
3399 2065 3697 2136 φοϐερούς.

2310 2160 2476 2211 ΡΛΔ’.
2499 2189 2566 2197 —
2593 2156 2960 2211 ΣΕΡΛΠΙΩΝΙ
3000 2157 3472 2227 ΠΡΕΣΒΥἹἜΡῼ.

2190 2272 2208 2303 ι
2245 2252 2423 2305 Ὅπου
2456 2252 2604 2303 ἐστὶν
2635 2253 2662 2303 6
2693 2250 2966 2321 θησαυρός
3009 2266 3125 2314 σου,
3166 2250 3351 2319 φησὶν,
3382 2251 3500 2300 ἐκεῖ
3544 2248 3701 2300 ἔσται

2112 2346 2206 2397 καὶ
2229 2346 2262 2414 ἡ
2302 2344 2497 2415 καρδία
2528 2360 2643 2395 σου.
2682 2362 2699 2393 ι
2732 2337 2833 2395 Οἷα
2856 2343 2962 2413 γὰρ
2994 2341 3059 2395 ἂν
3159 2341 3227 2393 τὰ
3262 2340 3698 2410 ἐπιτηδεύματα,

2112 2439 2208 2491 καὶ
2243 2438 2385 2501 ὅποι,
2426 2436 2637 2489 τοιοῦτο
2684 2428 2902 2497 πάντως
2931 2435 3025 2486 καὶ
3063 2434 3123 2487 τὸ
3174 2435 3454 2503 φρόνημα,
3495 2433 3592 2484 καὶ
3642 2435 3700 2483 αἱ

2115 2530 2350 2602 μνῆμαι,
2384 2531 2478 2582 καὶ
2507 2532 2534 2583 ὁ
2555 2528 2677 2591 νοῦς
2708 2528 2871 2581 αὐτοῦ
2908 2528 3137 2598 ἵδρυται.
3170 2526 3386 2580 Μᾶλλον
3415 2527 3703 2597 τοιγάρτοι

2110 2623 2191 2693 τῷ
2214 2622 2470 2692 οὐρανίῳ,
2501 2623 2594 2675 καὶ
2626 2621 2880 2691 ἁσυλήτῳ
2921 2618 3182 2690 Θησαυρῷ
3213 2618 3490 2688 νηφόντως
3523 2636 3702 2689 προσ-

2114 2717 2323 2770 εκτέον.

2602 2807 2772 2859 ΡΛΕ’.
2807 2834 2873 2846 --
2908 2802 2991 2869 Τῷ
3018 2802 3197 2868 αὐτῷ.

2188 2922 2204 2953 ι
2256 2902 2311 2953 Ὀ
2341 2901 2554 2969 λύχνος,
2588 2900 2741 2968 φησὶ,
2790 2897 2883 2950 τοῦ
2926 2896 3176 2966 σώματός
3226 2896 3378 2948 ἐστιν
3427 2896 3456 2948 ὁ
3495 2893 3700 2963 ὀφθαλ-

2112 3001 2232 3070 μός.
2268 3018 2286 3049 ι
2333 2999 2389 3051 Ὀ
2423 2998 2529 3066 γὰρ
2569 2995 2636 3048 τὰ
2686 2995 2798 3048 ἅνω
2844 2993 3057 3063 φρονῶν
3086 2991 3209 3053 νοῦς
3258 2989 3540 3059 ὀφθαλμός
3581 2991 3702 3043 ἐστι

2107 3092 2206 3161 τῆς
2247 3090 2424 3159 ψυχῆς
2476 3086 2797 3157 ἐρρωμένην
2849 3084 2988 3153 ἔχων
3039 3081 3134 3152 τὴν
3181 3083 3405 3151 ὅρασιν,
3446 3080 3543 3132 καὶ
3596 3080 3701 3149 τὴν

2108 3181 2304 3236 ἑαυτοῦ
2343 3181 2515 3249 αὐγὴν
2546 3180 2623 3239 εἰς
2654 3177 2784 3245 ὃλην
2823 3176 2921 3246 τὴν
2962 3175 3301 3227 κατάστασιν
3338 3173 3697 3241 διαπέμπων.

2109 3278 2206 3327 Ἂν
2227 3274 2272 3326 δ’
2305 3276 2384 3336 εἰς
2418 3273 2479 3324 τὸ
2512 3271 2689 3339 τραχὺ
2724 3267 2903 3331 τοῦτο,
2935 3269 3029 3319 καὶ
3067 3264 3336 3335 μοχθηρὸν
3367 3264 3569 3335 νεύσῃς
3602 3264 3698 3315 τὸν

2106 3368 2229 3421 νοῦν
2253 3368 2340 3421 διὰ
2370 3363 2700 3434 κραιπάλης,
2728 3361 2821 3414 καὶ
2844 3359 3137 3428 φροντίδων
3164 3359 3237 3427 μὴ
3274 3356 3697 3427 συμφερουσῶν,

2107 3462 2257 3514 κάτω
2284 3459 2341 3511 δὲ
2365 3454 2647 3527 φερουσῶν
2683 3453 2822 3524 πρὸς
2854 3451 3126 3521 βάραθρον
3148 3448 3444 3513 ἀπωλείας,
3468 3450 3521 3500 τί
3552 3450 3695 3516 ἀγα-

2106 3552 2197 3606 θὸν
2246 3552 2533 3621 δυνήσεται
2569 3550 2795 3617 νοῆσαι,
2839 3546 2870 3615 ἢ
2921 3544 3299 3611 ὑπαγορεῦσαι
3342 3543 3589 3611 χρηστόν
3639 3559 3697 3595 τι

2103 3646 2216 3706 τοῖς
2259 3642 2481 3701 οἰκείοις
2530 3639 2842 3707 λογισμοῖς;
2872 3636 3011 3687 ὥστε
3064 3635 3277 3702 ἀνάγκη
3326 3632 3689 3697 ἐσκοτῶσθαι,

2104 3737 2195 3789 καὶ
2228 3732 2561 3803 τεταράχθαι
2586 3732 2767 3783 πᾶσαν
2790 3728 2887 3798 τὴν
2912 3727 3045 3793 ἕξιν,
3084 3728 3335 3796 ἀπορίαις
3361 3724 3695 3794 ἐνεχομένην

2103 3827 2295 3881 ὥσπερ
2323 3827 2382 3877 ὲν
2409 3826 2586 3889 νυκτὶ,
2612 3825 2707 3875 καὶ
2737 3820 2962 3878 γαλεπῶ
2996 3818 3240 3888 πολέμῳ.

2590 3984 2777 4050 PAG'.
2809 4012 2877 4021 -—-
2910 3978 2992 4045 Τῷ
3017 3977 3199 4043 αὐτῷ.

2184 4078 2245 4133 Ὀ
2288 4079 2492 4149 Κύριος
2535 4077 2874 4146 ἀπεφήνατο,
2903 4075 2984 4125 ὅτι
3033 4092 3051 4124 ι
3077 4072 3202 4134 Τοῖς
3235 4068 3458 4138 λέγουσί
3495 4086 3587 4138 μοι
3636 4069 3696 4118 ἐν

2101 4172 2167 4240 τῇ
2197 4170 2380 4240 ἡμέρᾳ
2405 4168 2611 4237 ἐκείνῃ,
2640 4164 3002 4235 γνωρίζεσθαι
3038 4163 3129 4214 ὐπ’
3168 4162 3325 4232 ἐμοῦ,
3359 4158 3694 4230 ἀποκρινοῦ-

2105 4280 2230 4333 μαι,
2268 4262 2351 4315 ὅτι
2378 4263 2489 4315 Οὐκ
2514 4257 2633 4313 οἶδα
2662 4260 2806 4329 ὑμᾶς
2829 4274 2842 4287 ο
2883 4276 2901 4307 ι
2945 4256 3077 4308 διότι
3100 4255 3244 4324 λόγῳ
3276 4254 3372 4324 μὲν
3401 4254 3502 4317 τὴν
3538 4252 3694 4305 εὐσέ-

2102 4357 2260 4408 ϐειαν
2288 4354 2535 4423 ἐτιμᾶτε,
2571 4351 2717 4421 ἔργῳ
2744 4351 2798 4402 δὲ
2831 4352 2899 4401 τὰ
2931 4347 3109 4416 φαῦλα
3146 4344 3507 4416 μετήρχεσθε.

2442 4446 2609 4497 PAZ'.
2642 4474 2712 4483 —
2737 4439 2999 4511 ΙΩΑΝΝῌ
3033 4439 3343 4508 ΜΟΝΑΧῼ.

2174 4540 2239 4592 Οἱ
2286 4538 2384 4609 μὲν
2435 4538 2689 4607 δαίμονες
2726 4536 2812 4588 διὰ
2855 4534 3116 4587 ποικίλων
3160 4528 3487 4599 πειρασμῶν
3521 4545 3687 4583 σπου-

2097 4632 2318 4697 δάζουσι
2346 4630 2556 4682 κλεῖσαι
2587 4628 2647 4681 τὸ
2675 4627 2942 4698 ἡμέτερον
2985 4624 3181 4692 στόμα,
3213 4623 3361 4683 ὅπως
3398 4619 3472 4691 μὴ
3502 4622 3689 4689 ὑμνῶ-

2101 4742 2220 4796 μεν,
2244 4725 2383 4794 μήτε
2406 4722 2591 4791 ψάλλω
2601 4737 2721 4791 μεν,
2745 4721 2880 4789 μήτε
2903 4715 3270 4785 δοξολογῶμεν
3284 4714 3375 4765 τὸν
3398 4714 3685 4766 κτίσαντα.

2108 4836 2126 4866 ς
2171 4814 2309 4868 Ἀλλ’
2334 4814 2530 4884 ἔχομεν
2556 4812 2799 4872 ἐλπίδας,
2828 4809 2971 4862 καθά
2993 4824 3158 4878 φησιν
3179 4807 3207 4858 ό
3230 4805 3393 4874 ἁγνὸς
3409 4805 3686 4873 Ἰωάννης,

2102 4910 2185 4962 ὅτι
2215 4906 2415 4970 ἀνοίξει
2445 4908 2472 4958 ὁ
2505 4905 2727 4975 Κύριος,
2762 4902 2856 4955 καὶ
2882 4901 3057 4963 οὐδεὶς
3086 4899 3294 4951 κλεῖσαι
3315 4896 3628 4966 δυνήσεται.
3664 4918 3681 4945 ο

2379 5003 2554 5057 ΡΛΗ’.
2588 5032 2657 5043 -
2693 5002 2923 5054 ΦΙΛΩΝΙ
2964 4998 3393 5067 ΙΛΔΟΥΣΤΡΙῼ.

2173 5098 2432 5151 Πέπαυσο
2465 5094 2652 5148 λοιπὸν
2682 5091 3045 5155 καταθλίϐων,
3079 5092 3175 5144 καὶ
3208 5088 3685 5151 κατακονδυλίζων

2098 5193 2227 5253 τοὺς
2262 5186 2518 5250 εὐτελεῖς,
2551 5184 2750 5247 ἱκανῶς
2784 5186 2892 5253 γὰρ
2918 5181 3209 5251 ἐξεταστὴς
3238 5180 3474 5250 ὑπάρχει
3506 5182 3682 5247 πλημ-

2103 5283 2433 5356 μελημάτων
2456 5278 2608 5341 Θεὸς,
2643 5279 2738 5331 καὶ
2767 5276 3019 5346 οὐδαμῶς
3056 5277 3157 5345 τὴν
3194 5274 3554 5328 ἀνταπόδοσιν
3593 5271 3679 5323 τοῦ

2098 5376 2234 5431 Θεοῦ
2275 5368 2624 5441 διαφεύξεται
2673 5370 2955 5439 ἄνθρωπος
2991 5368 3295 5437 ὐπέροπτος
3347 5364 3563 5427 πενίας.
3592 5363 3680 5416 καὶ

2105 5470 2338 5537 πένητος
2368 5466 2587 5536 ἀφόϐως
2613 5462 2987 5533 κατατρέχων.

2456 5644 2502 5677 ⁸⁸
2539 5642 2729 5696 Matth.
2788 5657 2865 5704 vr,
2930 5638 3018 5691 ‘22.
3098 5636 3361 5689 "Matth.
3422 5650 3515 5695 ιιι,
3571 5633 3672 5698 Ξὲι
