3822 6216
172 313 249 377 141
1366 300 1724 366 EPISTULA
1735 298 1837 356 RU
1849 299 1900 356 Μ
1942 300 2085 360 LIB.
2132 301 2175 359 Ι.

448 430 619 482 me.
647 459 717 469 —
748 425 1064 495 ΣΤΕΦΑΝῼ
1102 423 1421 492 ΔΙΑΚΟΝῼ.

224 521 279 573 Οἱ
305 520 368 585 ἐξ
396 521 524 590 ὅλης
568 521 811 583 διανοίας
846 519 937 573 τὸν
985 517 1324 586 παντέφορον
1370 511 1729 581 ἐπιϐοώμενοι

168 613 376 680 Κύριον,
401 612 507 665 κᾶν
537 613 614 675 εἰς
650 612 711 664 τὸ
744 611 973 681 ἔσχατον
1003 609 1112 662 τῶν
1154 606 1413 661 κινδύνων
1449 604 1727 671 ἀφίκοντο,

170 704 369 766 πάντως
406 703 689 767 τεύξονται
716 705 812 774 τῆς
840 703 1045 757 ἀνωθεν
1075 702 1298 771 ἀρωγῆς
1316 716 1331 728 θ
1361 699 1593 766 ἐπήκοος
1622 695 1731 764 γὰρ

166 794 479 862 ὀΔεσπὸτης
499 793 787 861 γενόμενος
818 792 875 859 ἐξ
901 792 1071 859 αὐτῆς
1093 790 1266 860 μέσης
1294 785 1611 856 ἐξαρπάσας
1629 783 1731 852 τῆς

168 884 431 946 ἀπωλείας
469 884 606 955 πρὸς
636 883 781 953 ζωὴν
824 881 1061 945 αἰώνιον,
1099 880 1194 934 καὶ
1242 879 1416 949 χαρὰν
1448 877 1729 944 ἀναφέρει.

428 976 565 1028 PM'.
590 1006 663 1015 —
698 973 1078 1043 ΑΜΦΙΛΟΧΙῼ
1113 968 1449 1038 ΝΕΩΤΕΡῼ.

224 1068 311 1139 Μὴ
332 1068 523 1138 λεπρῷ
550 1067 641 1121 τὸν
668 1068 809 1130 τέως
838 1066 1138 1136 ἐνδείξομαι
1161 1064 1229 1116 τὰ
1258 1061 1608 1132 βλακεύματα
1632 1058 1729 1127 τῆς

166 1158 273 1220 νέας
316 1157 559 1227 ἡλικίας,
604 1153 706 1211 εἷθ’
738 1156 966 1227 ὕστερον
1010 1155 1096 1208 ἐπ’
1124 1153 1367 1223 ἐσχάτων
1404 1149 1499 1203 τοῦ
1545 1151 1730 1220 γήρως

164 1248 219 1301 τὰ
242 1250 339 1317 τῆς
372 1248 753 1319 σωφροσύνης,
789 1248 884 1300 καὶ
923 1248 1023 1316 τῆς
1069 1244 1346 1315 ἀνδρείας,
1379 1243 1474 1295 καὶ
1520 1242 1619 1310 τῆς
1646 1240 1728 1293 δι-

163 1339 447 1408 καιοσύνης
481 1338 877 1409 ἀναδλαστήσω
908 1338 1063 1408 ἄνθη.
1089 1337 1186 1401 Τίς
1220 1336 1329 1407 γάρ
1360 1350 1445 1387 σοι
1483 1332 1729 1402 οὐράνιος

161 1431 379 1499 ἄγγελος
417 1432 680 1502 γηράσειν
716 1430 1017 1500 ὑπέσχετος
1062 1428 1162 1481 Διά
1202 1428 1255 1480 τί
1308 1426 1383 1496 μὴ
1414 1424 1552 1495 φοῦᾗ
1582 1423 1643 1476 τὸ
1675 1426 1731 1476 ὲν

159 1502 451 1590 λαγνείαις,
488 1522 582 1574 καὶ
614 1520 860 1590 τέρψεσι,
892 1520 985 1573 καὶ
1029 1522 1151 1582 ταῖς
1189 1517 1493 1581 κενοδοξίας
1531 1517 1727 1568 ἐναπο-

3292 300 3393 364 142
3438 376 3447 388 ι

2048 412 2330 467 CXXXlX.
2370 444 2437 453 -η-
2461 413 2826 471 STEPIIANO
2864 414 3184 471 DIACONO.

1901 506 2004 572 Qui
2035 524 2099 562 ex
2132 516 2244 561 tota
2271 516 2450 561 mente
2474 510 2657 562 omnia
2688 509 2960 569 videntem
2994 509 3281 574 Dominum
3313 526 3395 563 In.

1830 606 2069 663 vocant,
2100 599 2229 653 licet
2255 600 2515 655 extremis
2550 600 2812 670 periculis
2840 601 3245 664 conflictentur,
3276 619 3395 653 ιηιι-

1833 690 1963 743 nino
1994 693 2215 761 superni
2240 692 2428 744 auxilii
2464 694 2760 762 participes
2802 694 2947 747 fient.
2981 693 3229 763 Namque
3251 696 3395 749 Delus

1830 782 2137 838 exaudiens
2169 784 2237 835 ab
2275 785 2393 850 ipso
2430 785 2649 838 excidio
2674 795 2892 855 ereptos
2937 787 2994 839 in
3026 787 3190 839 vitam
3234 797 3393 840 aeter-

1831 889 1956 926 nam
1985 882 2039 926 et
2074 875 2313 927 lartitiam
2343 876 2666 930 transvehit.

1929 964 2086 1019 CXL.
2118 994 2185 1004 —-
2219 965 2688 1020 AMPHILOCHIO
2726 966 2963 1022 COMITI
3000 966 3294 1023 IUNIORI.

1901 1057 2096 1112 Annon
2136 1058 2286 1128 lepra
2336 1059 2517 1113 obsito
2562 1060 2797 1114 similem
2840 1061 3068 1115 dixerim
3097 1076 3221 1114 eum
3248 1100 3263 1125 ,
3302 1062 3396 1130 qui

1832 1190 1849 1216 ,
1870 1148 1985 1203 rius
2016 1149 2191 1203 aetatis
2216 1149 2480 1218 juvenilis
2512 1150 2724 1205 deliciis
2753 1150 2957 1220 perfrui
2993 1151 3093 1204 sibi
3120 1156 3393 1220 proponit,
3452 1154 3459 1159 “

1831 1241 2182 1308 postmodum
2260 1240 2314 1293 in
2370 1250 2616 1294 extrema
2672 1250 2954 1296 senectute
3009 1244 3393 1308 continentiae,

1830 1330 2171 1387 fortitudinis
2235 1341 2289 1387 et
2350 1332 2581 1401 justitia:
2616 1331 2777 1388 flores
2831 1334 3205 1405 promere(3).
3260 1335 3395 1400 Quis

1828 1426 1974 1477 enim
2006 1425 2102 1478 tibi
2131 1425 2375 1479 cmlestis
2410 1424 2637 1493 angelus
2675 1438 3069 1480 consenescere
3096 1428 3351 1495 promisit
3378 1428 3398 1480 ?

1830 1515 2011 1581 Quare
2042 1532 2147 1570 non
2185 1517 2374 1571 horres
2404 1517 2544 1571 inter
2567 1517 2852 1582 libidines,
2887 1517 3116 1587 gaudia,
3150 1526 3204 1572 et
3227 1512 3396 1573 vanas

160 1614 328 1667 θανεῖν
354 1614 563 1677 κακῶς,
590 1613 893 1682 νεαζούσης
929 1612 1028 1680 μὲν
1064 1611 1167 1681 τῆς
1214 1609 1451 1681 ἡλικίας,
1482 1607 1727 1660 παλαιω-

1840 1608 1939 1679 59
1977 1609 2343 1679 cogitationes
2379 1608 2619 1663 infauste
2646 1612 2908 1664 commori
2938 1652 2952 1675 ,
2988 1619 3148 1665 aetate
3172 1611 3394 1679 quidem

158 1706 332 1774 θείσης
353 1705 412 1756 δὲ
438 1704 605 1768 ὀξέως
635 1704 733 1772 τῆς
756 1702 1029 1764 πολιτείας
1053 1720 1068 1766 ;

634 1798 822 1851 PMA’.
850 1826 922 1837 —
956 1794 1038 1861 Τῷ
1070 1795 1251 1859 αὐτῷ.

229 1888 555 1960 Ἠρὼτησάς
592 1906 679 1958 με,
721 1889 807 1951 τίς
844 1888 993 1941 ἐστιν
1030 1887 1060 1939 ό
1096 1885 1326 1947 παλαιὸς
1368 1883 1671 1954 ἄνθρωπος,
1701 1883 1729 1933 ό

155 1984 262 2045 ταῖς
289 1981 615 2050 ἐπιθυμίαις
642 1979 1018 2049 φθειρόμενος,
1040 1979 1223 2031 ὅντινα
1258 1976 1555 2031 ἀποθέσθαι
1588 1991 1720 2042 παρ-

154 2074 287 2124 αινεῖ
334 2074 364 2125 ὁ
411 2071 554 2132 θεῖος
606 2069 955 2132 Ἀπόστολος.
1004 2067 1238 2123 Παλαιὸν
1287 2066 1570 2137 ἄνθρωπον
1623 2066 1720 2117 ἀν-

154 2160 427 2232 ύπαρκτον
469 2160 602 2230 μὲν,
650 2160 1006 2232 φθειρόμενον
1042 2158 1132 2223 δὲ,
1172 2158 1459 2228 τυγχάνειν
1506 2154 1723 2225 νομίζο-

155 2271 249 2321 μεν
296 2251 526 2305 εἴδωλόν
571 2268 626 2304 τι
681 2250 957 2313 ἀπωλείας
1009 2253 1072 2303 ὲκ
1125 2250 1337 2321 μιαρῶν
1382 2249 1474 2303 καὶ
1518 2246 1728 2302 ἀσεϐῶν

152 2343 458 2414 λογισμῶν,
518 2342 614 2395 καὶ
682 2342 855 2410 λόγων
900 2341 1208 2412 ἀθεμίτων,
1260 2342 1355 2393 καὶ
1403 2338 1728 2409 ἀκαθάρτων

150 2436 342 2507 ἔργων,
380 2434 844 2505 ζωγραφούμενόν
884 2452 976 2499 τε,
1012 2434 1043 2506 ἢ
1104 2432 1505 2502 συντιθέμενον,
1554 2432 1587 2502 ἢ
1633 2433 1728 2485 καὶ

150 2526 219 2591 ὡς
248 2527 313 2581 ἄν
346 2542 437 2588 τις
462 2524 633 2589 εἴποι,
666 2523 1085 2592 ὲξυφαινόμενον
1116 2521 1443 2585 ὲπιόλαὸῶς.

632 2701 812 2755 ΡΜΒ¹.
840 2730 910 2740 —
948 2698 1032 2764 Τῷ
1061 2698 1244 2765 αὐτῷ.

234 2793 296 2846 Ἡ
331 2793 395 2845 ὲν
429 2791 508 2862 τῷ
532 2792 679 2862 γήρᾳ
706 2792 876 2863 ἀρετὴ
904 2792 1003 2845 οὐκ
1040 2790 1105 2846 ἄν
1134 2789 1358 2860 κληθείη
1382 2788 1571 2859 ἀρετὴ,
1610 2786 1726 2842 ἀλλ’

145 2883 442 2954 ἀδυναμία.
485 2881 697 2935 Οὐκοῦν
728 2884 785 2935 ὲν
814 2885 881 2953 τῇ
910 2882 1120 2953 νεότητι
1164 2881 1364 2950 μᾶλλον
1399 2880 1496 2951 τὴν
1526 2880 1725 2950 ἀρετὴν

1825 1700 2091 1769 juvenili,
2123 1701 2217 1756 sed
2256 1702 2379 1755 vitae
2409 1702 2663 1755 instituto
2700 1702 2966 1756 citissime
3002 1703 3304 1759 inveterato

2346 1791 2525 1844 CXLI.
2558 1822 2627 1830 ——
2666 1790 2873 1845 Eidem.

1902 1882 2195 1939 Postulasti
2228 1898 2257 1936 a
2290 1900 2394 1946 me,
2429 1885 2552 1952 quis
2579 1884 2649 1939 sit
2682 1892 2838 1939 vetus
2877 1885 3063 1948 homo,
3110 1886 3202 1955 qui
3248 1886 3395 1942 desi-

1828 1973 1997 2026 ueriis
2047 1973 2443 2040 corrumpitur,
2495 1982 2549 2026 et
2616 1988 2776 2042 quem
2837 1976 3114 2045 deponere
3172 1977 3395 2032 divinus

1827 2064 2124 2132 Apostolus
2196 2065 2445 2118 hortatur
2489 2065 2575 2117 ‘9?
2642 2065 2889 2121 Veterem
2948 2067 3224 2122 hominem
3284 2086 3391 2124 non

1827 2155 2185 2209 exsistentem
2230 2155 2487 2224 quidem,
2540 2155 2635 2209 sed
2698 2157 2792 2225 qui
2816 2160 3238 2229 corrumpitur,
3273 2175 3396 2215 esse

1827 2251 2121 2312 putamus,
2153 2242 2356 2297 idolum
2388 2242 2663 2314 quoddam
2695 2247 3021 2315 perditionis
3048 2291 3063 2315 ,
3122 2250 3265 2319 quod
3328 2267 3395 2305 ex

1826 2333 2184 2387 exsecrandis
2232 2342 2286 2387 et
2346 2334 2531 2404 impiis
2593 2337 3061 2406 cogitationibus,
3107 2348 3161 2393 et
3211 2343 3396 2396 verbis

1828 2424 2055 2493 iniquis,
2088 2431 2144 2479 et
2180 2424 2480 2480 immundis
2524 2425 2862 2481 facinoribus
2917 2430 3170 2498 penicillo
3211 2437 3397 2503 expri-

1827 2517 1994 2569 mitur
2020 2555 2036 2578 ,
2068 2516 2152 2570 vel
2200 2518 2570 2586 componitur,
2604 2519 2711 2583 vel,
2747 2528 2816 2572 ut
2848 2523 3121 2591 quispiam
3154 2523 3358 2579 diceret
3379 2550 3417 2588 .-

1830 2607 1960 2661 satis
1993 2608 2151 2662 noxie
2180 2614 2509 2665 contexitur.

2340 2701 2427 2754 CX
2440 2701 2543 2758 LII.
2574 2730 2642 2741 -—
2656 2703 2864 2757 Eidem.

1896 2787 2030 2854 Quae
2082 2789 2136 2842 in
2191 2799 2471 2845 senectute
2521 2792 2698 2848 virtus
2750 2795 2996 2862 dilucet,
3054 2801 3232 2857 virtus
3290 2819 3397 2858 non

1826 2882 2254 2950 nuucupabilur,
2296 2883 2388 2937 sed
2428 2884 2799 2939 imbecillitas.
2827 2885 3188 2955 lnjuventute
3216 2895 3400 2964 itaque

142 2972 547 3045 κατεργαπέον
595 2971 748 3041 ἡμῖν,
772 2971 868 3024 καὶ
918 2973 976 3024 ὲν
1028 2968 1240 3039 σώματι
1276 2968 1382 3022 νέω
1421 2967 1603 3021 πολιὸν
1642 2968 1719 3019 ὲν-

1840 2975 2009 3041 potius
2028 2974 2203 3028 virtus
2221 2990 2382 3043 opera
2393 2976 2494 3028 nda
2520 2992 2548 3028 a
2570 2976 2749 3039 nobis,
2769 2980 3180 3051 exercendaque
3206 2994 3310 3055 est,
3347 2996 3400 3041 et

142 3059 460 3113 δείκνυσθαι
497 3059 778 3129 φρόνημα.

426 3204 429 3209 λ
630 3150 807 3203 ΡΜΓ’.
832 3180 902 3189 ——
931 3149 1256 3220 ΑΝΤΩΝΙῼ.

205 3247 275 3301 Εἴ
300 3250 430 3301 ἐστι
453 3245 652 3315 τυφλὸς
681 3244 933 3308 πλοῦτος,
962 3244 1105 3313 τάχα
1132 3243 1247 3296 ἐστὶ
1276 3242 1371 3296 καὶ
1400 3242 1574 3312 τυφλὴ
1602 3241 1727 3306 δόξα

140 3340 231 3393 καὶ
273 3338 575 3409 ὑπόληψις.
618 3338 730 3391 Καὶ
784 3336 948 3406 βλέπε
985 3353 1076 3407 μοι
1102 3335 1194 3389 τὸν
1246 3334 1573 3406 ίλλούστριον
1623 3335 1729 3388 Κό-

137 3449 302 3496 νωνα,
335 3430 471 3501 μήτ’
500 3429 668 3500 ἔργῳ,
699 3429 837 3499 μήτε
859 3427 1004 3498 λόγῳ
1028 3427 1160 3480 ποτέ
1184 3443 1305 3480 τινα
1343 3428 1724 3498 ὠφελήσαντα,

140 3524 265 3592 μήτ’
317 3522 532 3593 ἀρετὴν
572 3521 863 3590 γινώσκειν
925 3518 1218 3583 ἐθέλοντα,
1274 3518 1326 3571 τί
1378 3518 1509 3571 ποτέ
1547 3521 1725 3583 ἐστιν,

139 3613 318 3684 μάτην
356 3610 743 3681 δοξαζόμενον,
774 3610 867 3663 καὶ
896 3609 1017 3678 εἰκῆ
1047 3607 1409 3680 κροτούμενον
1439 3608 1544 3662 ὑπὸ
1578 3609 1729 3661 πλεί-

139 3720 281 3757 στων
302 3703 707 3772 ἀνελευθέρων,
730 3701 821 3754 καὶ
850 3701 1091 3771 ἀνοήτων
1119 3699 1441 3771 ἀνθρώπιον,
1479 3701 1583 3754 κᾶν
1600 3699 1727 3753 τού-

133 3810 211 3865 τῳ
235 3793 595 3865 φυσώμενον,
626 3792 723 3846 καὶ
752 3792 1185 3863 ὑπεραιρόμενον
1214 3792 1558 3862 παραλόγως.

420 3974 599 4029 ΡΜΔ’.
624 4005 693 4014 —
720 3974 980 4028 ΚΟΝΩΝΙ
1016 3972 1451 4044 ιΛΛΟΥΣΤΡΙῼ.

203 4070 480 4130 ῐιλουτεῖς
528 4066 756 4129 ἀδίκως,
806 4066 903 4129 τὰς
937 4066 1142 4136 ἑτέροις
1188 4064 1542 4135 ὀφειλομένας
1572 4063 1727 4129 δόξας

137 4161 629 4233 σφετεριζόμενος.
669 4158 1010 4229 Εὐτράπελον
1052 4158 1160 4227 γὰρ
1201 4157 1330 4211 θέαν
1370 4158 1723 4227 θεασάμενος,

133 4254 505 4325 τεθαύμακα,
554 4251 680 4313 τοὺς
713 4251 811 4319 μὲν
861 4249 1221 4318 ἀξιαγάστους
1266 4249 1725 4318 λοιδωρουμένους

1826 3066 1882 3118 in
1914 3080 2145 3136 corpore
2169 3067 2356 3136 juveni
2396 3083 2531 3122 cana
2569 3071 2857 3140 prudentia
2898 3079 3396 3133 commonstrauda.

2259 3159 2485 3216 CXLIII.
2526 3192 2597 3201 —-
2636 3162 2959 3218 ANTONIO.

1898 3249 1953 3303 Si
1987 3265 2146 3305 caeca:
2174 3252 2377 3305 divitia:
2402 3263 2551 3316 sunt,
2584 3252 2819 3309 fortasse
2850 3256 3013 3309 etiam
3041 3258 3149 3311 erit
3181 3269 3235 3313 et
3254 3274 3400 3314 czeca

1826 3344 2035 3413 opinio,
2071 3345 2266 3411 suique
2292 3346 2730 3415 comprehensio.
2762 3346 2827 3401 Et
2857 3349 3059 3404 videsis
3102 3350 3396 3406 illustrium

1826 3436 2127 3499 Cononem,
2154 3437 2245 3506 qui
2279 3438 2481 3491 nemini
2515 3455 2753 3507 unquam
2792 3458 2967 3510 neque
3005 3444 3188 3507 verbo,
3224 3460 3401 3515 neque

1825 3544 1991 3598 Opere
2020 3529 2259 3583 fructum
2306 3529 2557 3585 utilitatis
2580 3531 3026 3601 praebuitmeque
3053 3550 3299 3604 quamam
3327 3536 3398 3590 sit

1826 3616 2023 3681 virtus,
2047 3616 2330 3671 addiscere
2362 3617 2595 3683 curavit,
2628 3618 2832 3672 frustra
2884 3619 3133 3675 laudibus
3165 3621 3399 3678 cohone-

1826 3714 2052 3770 statum,
2072 3715 2126 3761 et
2148 3723 2281 3762 vane
2314 3723 2341 3760 a
2370 3708 2647 3776 plerisque
2673 3709 2989 3764 hominibus
3037 3712 3399 3768 illiberalibns

1826 3812 1889 3852 ac
1911 3798 2146 3867 stupidis
2158 3799 2387 3868 strepitu
2401 3799 2800 3861 consociatum,
2823 3800 2942 3853 etin
2958 3801 3061 3857 hoc
3080 3813 3395 3868 tumentem,

1826 3903 2059 3958 seseque
2089 3889 2325 3942 absurde
2363 3889 2526 3943 nimis
2556 3888 2872 3947 iactantem.

2022 3982 2134 4052 ϐυ
2173 3980 2400 4036 CXLIV.
2440 4014 2508 4023 —
2537 3982 2787 4038 CONONI
2827 3983 3214 4042 ILLUSTRIO.

1897 4070 2102 4140 Injuste
2130 4072 2335 4126 divitiis
2371 4070 2575 4138 affluis,
2636 4073 2868 4143 aliisque
2899 4075 3134 4129 debitam
3166 4077 3395 4145 gloriam

1825 4164 1923 4217 tibi
1960 4179 2219 4233 usurpas.
2250 4163 2514 4232 Lepidum
2551 4166 2727 4226 enim,
2751 4176 2804 4219 et
2822 4167 2887 4218 ad
2907 4166 3075 4219 risum
3102 4167 3398 4239 jocumque

1826 4254 2027 4308 factum
2049 4256 2329 4308 contuitus
2357 4255 2408 4306 in
2430 4254 2844 4307 admirationem
2881 4254 3070 4319 incidi,
3087 4256 3285 4324 dignos
3302 4261 3365 4310 ad
3384 4287 3398 4297 -

134 4346 363 4415 βλέπων
391 4346 453 4397 ὲν
502 4341 582 4412 τῷ
615 4342 841 4413 παρόντι
870 4342 1066 4414 χρόνῳ,
1096 4343 1223 4405 τοὺς
1251 4342 1307 4396 δὲ
1349 4343 1598 4413 ἀχρείους
1637 4344 1725 4396 εὐ-

1840 4346 2117 4399 miratione
2145 4344 2400 4398 convitiis
2428 4344 2675 4413 prarsenti
2698 4352 2941 4414 tempore
2968 4346 3164 4413 petitos
3180 4348 3393 4412 videns,

134 4435 550 4506 φημουμένους
587 4431 751 4501 ὀρῶν.
800 4432 909 4484 Καὶ
935 4431 1094 4484 τοῦτο
1123 4426 1276 4501 οἶμαι
1316 4432 1423 4484 τῶν
1457 4434 1725 4503 δαιμόνων

133 4526 421 4593 ὑπάρχειν
456 4522 793 4591 μηχάνημαο
842 4520 964 4573 ὅθεν
1009 4521 1096 4573 ἵνα
1138 4522 1212 4592 μὴ
1256 4520 1345 4573 διὰ
1376 4521 1542 4591 κενῆς
1572 4522 1725 4587 δοξά-

129 4618 243 4680 Cum
290 4613 495 4677 πολλὰ,
548 4610 810 4681 μειζόνως
855 4611 997 4665 κατὰ
1036 4610 1099 4665 τὸ
1143 4611 1333 4682 μέλλον
1376 4615 1722 4685 τιμωρηθῇς,

134 4705 463 4777 παρακαλῶ
492 4721 554 4756 σε
606 4703 805 4774 μᾶλλον
840 4703 1043 4775 πρᾶξαι
1081 4704 1149 4757 τὰ
1184 4703 1321 4776 ἔργα
1357 4705 1459 4775 τῆς
1499 4707 1723 4777 ἀρετῆς,

130 4803 222 4854 ἵνα
242 4794 638 4868 εὐπροσώπως
663 4796 752 4849 καὶ
775 4795 1158 4866 προσηκόντως
1184 4796 1283 4865 τὴν
1293 4795 1447 4860 δόξαν
1461 4798 1723 4862 κοαίζοιο.

594 4888 771 4943 ΡΜΕ’.
798 4916 868 4926 —
898 4887 1275 4960 ΕΥᾹΑΜΠΙῼ.

198 4982 431 5039 Μαθεῖν
455 4978 642 5050 γλὶχῃ,
670 4979 722 5031 τί
751 4980 900 5031 ἐστιν
927 4979 955 5032 ὃ
987 4996 1152 5049 φησιν
1202 4981 1455 5046 Ἰάκωϐος
1481 4985 1510 5037 ὁ
1547 4986 1730 5055 ἀρχιε-

127 5078 421 5136 tim-no;
456 5071 568 5124 τῶν
611 5069 1026 5140 τιεροσολύμωνο
1060 5089 1080 5121 ι
1100 5072 1169 5125 Ἦ
1201 5071 1409 5126 δοκεῖτε
1446 5075 1529 5130 ὅτι
1556 5076 1728 5141 κενῶς

128 5170 289 5236 λέγει
326 5169 368 5237 ἡ
392 5164 588 5237 Γραφὴ
620 5162 754 5233 πρὸς
779 5162 1010 5231 φθόνον;
1045 5181 1065 5214 ι
1100 5164 1394 5230 τουτέστιν,
1436 5166 1534 5221 οὐκ
1570 5170 1755 5237 ἀκαίοο

201 5324 253 5355 ⁸⁸
318 5321 507 5375 Galat.
546 5334 622 5381 iv,
651 5317 743 5374 25.
820 5316 867 5348 '°
897 5314 1014 5371 Jac.
1051 5332 1104 5369 ιν
1153 5316 1207 5372 5.

205 5504 289 5571 (5)
315 5495 711 5571 Allatiijversio
732 5508 845 5571 nec
866 5491 1054 5547 Graeco
1093 5492 1384 5571 respondet
1408 5508 1507 5546 nec
1527 5494 1726 5548 bonum

130 5564 380 5629 sensum
442 5568 685 5621 exhibet.
732 5564 844 5634 Ego
895 5579 1043 5623 vero,
1093 5565 1429 5634 indubitata,
1463 5577 1522 5617 ut
1575 5579 1725 5633 puto,
1768 5576 1771 5577 '

130 5642 496 5713 mnjet-tura,
530 5640 667 5705 lego.
818 5634 971 5713 λέγε*
1006 5634 1223 5713 Πρῶτον
1244 5632 1725 5713 τέωςιὲνδείξομαι,

1826 4438 2037 4507 ineptos
2063 4475 2077 4499 ,
2123 4446 2286 4504 atque
2317 4436 2540 4490 inutiles
2582 4435 2834 4491 laudibus
2888 4437 3297 4494 cohonestatos.
3335 4443 3398 4494 Et

1826 4526 1967 4580 hanc
1981 4525 2287 4580 machinam
2305 4540 2426 4579 esse
2441 4524 2747 4578 dannonum
2770 4524 3118 4590 duco.Quare
3144 4543 3213 4580 ne
3230 4529 3394 4581 multa

1825 4618 2060 4674 inaniter
2078 4617 2521 4679 comminiscens,
2542 4617 2596 4669 in
2616 4615 2857 4669 futurum
2877 4617 3097 4684 gravius
3116 4619 3394 4687 puniaris;

1826 4726 1958 4780 rogo
1974 4717 2047 4772 te,
2069 4716 2127 4761 ut
2145 4707 2323 4776 potius
2358 4705 2579 4758 virtutis
2605 4702 2864 4773 operibus
2901 4713 2953 4759 te
2976 4704 3168 4763 dedas.
3195 4714 3254 4757 ut
3288 4721 3395 4758 non

1826 4801 1947 4858 sine
1980 4798 2224 4861 ratione,
2252 4796 2345 4849 sed
2388 4805 2447 4847 ut
2492 4793 2740 4858 addecet,
2771 4794 2980 4846 laudem
3019 4797 3396 4865 consequaris.

2253 4883 2461 4940 CXLV.
2495 4915 2564 4924 —
2601 4883 2973 4939 EULAMPIO.

1899 4982 2043 5036 Aves
2077 4978 2410 5050 perdiscere,
2448 4975 2578 5047 quid
2612 4976 2684 5029 sit
2730 4975 2874 5044 quod
2918 4974 3160 5049 Iacobus
3209 4973 3400 5027 Hiero-

1831 5073 2167 5142 solymorum
2195 5065 2639 5133 archiepiscopus
2675 5065 2747 5116 ait
2778 5083 2791 5117 :
2830 5085 2848 5114 ε
2882 5065 2963 5117 An
2997 5064 3200 5133 putatis
3222 5105 3237 5127 ,
3271 5067 3398 5132 quia

1832 5164 2071 5219 inaniter
2114 5161 2246 5215 dicit
2296 5157 2603 5227 Scriptura,
2641 5157 2705 5209 ad
2742 5159 2997 5209 invidiam
3027 5158 3113 5209 '°?
3141 5158 3243 5210 hoc
3273 5166 3398 5220 est,

1835 5493 2007 5547 wtalis
2036 5490 2225 5544 mollia
2273 5486 2568 5554 stolidaque
2609 5486 2849 5554 facinora
2868 5527 2881 5547 ,
2904 5484 3233 5553 postmodum
3260 5501 3397 5549 vero,

1834 5566 1889 5617 in
1937 5573 2170 5615 extrema
2238 5569 2516 5618 senectute,
2580 5557 2929 5615 continentiw,
2979 5556 3303 5616 fortitudinis
3351 5564 3403 5610 et

1827 5635 2053 5703 justiti":
2091 5632 2246 5700 ﬂores
2278 5629 2587 5698 producam.
2636 5628 2998 5692 Cernemus,
3041 5625 3302 5692 Monum.,
3336 5642 3399 5705 ιι,

131 5704 263 5769 etc:
307 5714 403 5764 ﬂe
442 5704 646 5763 dicas:
693 5706 853 5760 I’rius
910 5706 1116 5758 interim
1168 5704 1437 5759 osteiuabo
1480 5705 1729 5774 juvenilis
1836 5705 1959 5759 550.
