3822 6216
403 357 504 423 143

1865 357 1927 416 S.
1966 353 2049 416 NI
2057 356 2131 414 LI

3554 354 3658 423 tu

399 490 510 531 non
542 469 943 540 intempestive,
973 468 1066 525 sed
1103 467 1341 524 maxime
1370 478 1703 541 opportune,
1737 477 1791 523 et
1845 484 1973 538 pro-

2102 483 2221 531 ›ως,
2264 465 2404 520 ἀλλά
2445 467 2541 520 καὶ
2583 465 2704 520 λίαν
2748 466 3019 536 εὐκαίρως
3076 483 3137 520 τε
3186 469 3277 521 καὶ
3314 468 3587 541 εὐστόχως
3621 475 3657 541 ή

399 568 693 638 spicienter
705 564 889 617 divina
903 560 1186 629 Scriptura
1205 571 1396 615 contra
1417 562 1676 616 invidiam
1697 561 1968 630 loquitur:

395 659 596 714 etenim
641 668 972 726 quocunque
1019 663 1211 707 saneto
1253 655 1541 708 enuntiato
1564 661 1757 708 centra
1781 666 1973 705 omnes

399 750 652 811 aﬂ'ectus,
688 746 785 802 sed
813 747 1103 799 exitiosam
1137 746 1397 799 invidiam
1431 747 1811 813 potissimum,
1847 752 1971 802 tan-

403 856 565 910 quam
604 837 942 893 validissima
969 845 1250 892 armatura
1275 837 1674 906 constipamur.

893 924 1123 981 CXLVI.
1163 956 1235 967 -
1270 926 1475 983 Eidem.

476 1042 494 1074 ι
516 1018 895 1088 Concupiscit,
928 1017 1126 1087 inquit,
1158 1019 1409 1087 spiritus,
1428 1034 1592 1088 quem
1615 1018 1864 1073 habitare
1894 1017 1973 1072 fe-

398 1115 476 1171 cit
506 1113 647 1168 Deus
677 1113 731 1165 iu
774 1110 933 1167 nobis
960 1110 1027 1165 ⁸¹.
1067 1128 1087 1163 ι
1121 1109 1261 1176 Quid
1288 1127 1452 1181 porro
1473 1110 1772 1177 desiderat,
1804 1126 1971 1181 appe-

398 1207 467 1258 tit
514 1212 569 1259 et
597 1203 776 1270 diligit
805 1201 1032 1256 divinus
1068 1200 1335 1271 Spiritus?
1387 1202 1683 1265 unionem,
1740 1216 1973 1256 concor-

395 1296 580 1360 diam,
613 1300 862 1347 tnutuum
902 1289 1133 1345 fratrum
1172 1305 1435 1345 amorem.
1481 1289 1737 1345 Charitas
1791 1298 1973 1344 autem

398 1405 463 1444 ex
496 1386 802 1441 humilitate
838 1396 890 1439 et
930 1384 1131 1454 pietate
1180 1384 1458 1450 nascitur;
1485 1383 1672 1437 odium
1698 1422 1713 1445 ,
1742 1391 1795 1436 et
1826 1396 1975 1434 ama-

400 1482 654 1535 rulentus
714 1479 851 1531 livor
903 1492 970 1532 ex
1035 1477 1289 1545 superbia
1338 1485 1393 1531 et
1442 1476 1708 1543 iactantia
1751 1474 1972 1528 oritur:

398 1576 735 1641 quapropter
765 1569 970 1623 dictum
998 1574 1081 1621 est
1114 1582 1126 1616 :
1158 1566 1263 1636 61
1321 1583 1339 1616 ι
1374 1563 1515 1620 Ileus
1553 1564 1807 1635 superbis
1840 1565 1976 1618 resi-

399 1664 491 1718 stit
530 1662 597 1727 ”,
631 1678 649 1711 ι
695 1667 918 1729 propter
948 1673 1143 1713 eorum
1174 1658 1461 1713 stultitiam
1524 1658 1579 1710 in
1640 1670 1736 1711 eos
1793 1664 1978 1709 castra

399 1768 651 1815 movens,
685 1755 763 1805 uti
792 1750 923 1805 olim
956 1750 1010 1803 in
1046 1750 1281 1818 primum
1312 1751 1557 1803 omnium
1593 1747 1866 1817 superbiae
1896 1746 1975 1800 vi-

398 1844 475 1897 tio
508 1843 770 1896 infectum
804 1814 1090 1893 Satanam.
1125 1856 1144 1891 ι
1179 1837 1489 1893 IIumilibus
1514 1814 1694 1893 autem
1731 1836 1824 1891 dat
1852 1853 1976 1907 gra-
2009 1814 2050 1868 Β

398 1937 531 1989 tiam
560 1934 629 2001 ¹⁸;
658 1953 677 1984 ι
700 1934 803 1986 hoc
822 1940 926 1997 est,
950 1931 1220 2002 spiritalia
1247 1932 1495 2001 quaedam
1529 1945 1755 1985 munera
1781 1931 1979 2001 elargi-

398 2032 491 2078 tur
528 2023 617 2089 iis,
653 2021 748 2093 qui
782 2030 1003 2091 propter
1034 2018 1205 2075 Deum
1246 2020 1607 2074 humilitatem
1639 2020 1974 2088 amplectun-

398 2125 511 2171 tur.

883 2202 1140 2260 CXLVII.
1175 2233 1235 2243 —-
1275 2202 1483 2259 Eidem.

477 2318 495 2350 ι
534 2296 611 2353 Ne
641 2297 999 2369 respondeas,
1037 2297 1116 2350 ait
1151 2294 1443 2362 Salomon,
1478 2296 1646 2351 stulto
1675 2296 1977 2351 secundum

400 2392 692 2447 stultitiam
746 2390 907 2458 ejus.
964 2402 1030 2441 ne
1083 2387 1282 2442 similis
1352 2388 1429 2441 illi
1516 2387 1635 2442 tias.
1690 2386 1982 2457 Responde

401 2500 533 2539 vero
567 2483 815 2538 stultitia:
843 2481 987 2551 ejus,
1014 2496 1080 2535 ne
1112 2478 1354 2550 prudens
1379 2478 1522 2548 apud
1556 2494 1615 2533 se
1640 2495 1765 2533 csse
1796 2479 1983 2532 videa-

401 2585 490 2630 tur
514 2576 579 2628 “.
620 2593 639 2625 ι
684 2572 791 2639 Qui
827 2572 973 2627 enim
1024 2572 1314 2641 praeceptis
1348 2570 1440 2624 Dei
1490 2570 1839 2625 adversantia
1901 2572 1981 2624 lo-

402 2667 588 2737 quenti
630 2667 823 2729 stulto,
851 2673 906 2719 et
952 2664 1006 2717 in
1033 2671 1318 2733 peccatum
1375 2663 1627 2716 invitanti
1679 2666 1977 2727 consentit,

400 2774 463 2813 ea
497 2758 755 2823 laudans,
787 2753 1089 2809 secundum
1127 2754 1278 2809 stulti
1324 2753 1617 2807 stultitiam
1654 2756 1979 2823 respondit,

402 2860 459 2904 et
491 2849 689 2904 similis
737 2846 914 2900 factus
943 2854 1028 2899 est
1057 2844 1131 2897 illi
1166 2860 1180 2899 :
1219 2844 1311 2913 qui
1351 2858 1479 2897 vero
1529 2844 1776 2911 improba
1807 2860 1982 2898 enun-

403 2938 558 2996 tianti
593 2952 716 2991 sese
740 2937 1018 3005 opposuit,
1072 2948 1171 2988 nec
1215 2934 1568 2988 exsecrandis
1613 2933 1758 2987 illius
1803 2934 1982 2989 verbis

402 3043 689 3084 assensum
723 3034 983 3096 praestare
1006 3023 1294 3088 sustinuit,
1326 3023 1661 3093 respondere
1688 3026 1890 3078 dicitur
1915 3025 1982 3079 ad

2074 560 2195 612 θεία
2224 558 2414 630 Γραφὴ
2448 559 2589 613 1ιιατδι
2621 559 2715 611 τοῦ
2749 559 2946 628 φθόνου
2974 560 3166 613 λαλεῖτ
3209 560 3357 614 πᾶσα
3387 563 3493 632 γὰρ
3523 565 3658 631 ἁγία

2073 656 2460 721 προσφώνησις
2503 651 2647 705 κατά
2687 651 2886 713 παντὸς
2919 650 3019 721 μὲν
3065 651 3288 715 πάθους,
3337 653 3572 722 μάλιστα
3602 655 3661 707 δὲ

2076 743 2220 795 κατὰ
2247 742 2443 810 φθόνου
2476 742 2571 796 τοῦ
2619 742 2865 814 ὀλεθρίου
2905 742 3151 798 τίθεσθαι
3191 744 3381 797 είωθεν
3418 745 3657 815 ἰσχυρώ-

2073 850 2213 887 τατα
2241 834 2400 889 ὅπλα.

2553 925 2749 993 PMC’.
2783 954 2854 965 —
2890 922 2974 991 Τῷ
3003 923 3184 991 αὐτῷ.

2157 1037 2175 1070 ι
2221 1018 2524 1083 Ἐπιποθεί,
2571 1017 2758 1087 φησὶν,
2786 1017 2845 1071 τὸ
2900 1018 3152 1088 πνεῦμα,
3180 1017 3210 1071 ὃ
3262 1016 3587 1088 κατῴκησεν
3631 1008 3687 1067 ὁ’

2076 1111 2209 1175 Θεὸς
2264 1112 2322 1163 ἐν
2363 1113 2517 1181 ήμϊν.
2553 1129 2572 1164 ›
2622 1111 2687 1163 Τί
2717 1110 2772 1163 δὲ
2823 1110 3101 1176 ἐπιποθεῖ,
3138 1111 3231 1163 καὶ
3278 1110 3526 1181 στέργει,
3562 1111 3663 1163 καὶ

2078 1205 2271 1274 ἀγαπᾷ
2300 1204 2361 1256 τὸ
2395 1204 2538 1256 θεῖον
2559 1202 2808 1273 Πνεῦμα,
2828 1202 2863 1274 ἢ
2891 1204 2990 1274 τὴν
3015 1204 3227 1265 ἕνωσιν,
3260 1202 3353 1257 καὶ
3374 1202 3659 1272 ὁμόνοιαν,

2079 1296 2178 1348 καὶ
2204 1294 2302 1365 τὴν
2335 1294 2691 1364 φιλαλληλίαν
2722 1294 2832 1347 τῶν
2872 1294 3154 1364 ἀδελφῶν;
3190 1295 3253 1346 Ἦ
3280 1293 3335 1346 δὲ
3375 1295 3565 1364 ἀγάπη
3595 1295 3667 1347 ἐκ

2078 1386 2580 1457 ταπεινοφροσύνης
2635 1386 2732 1440 καὶ
2784 1385 3075 1449 εὐλαϐείας
3114 1389 3435 1445 κυτσκεται.
3482 1386 3545 1437 τὸ
3603 1385 3667 1438 δὲ

2081 1481 2238 1549 μῖσος
2267 1481 2366 1531 καὶ
2396 1480 2431 1550 ή
2476 1479 2650 1551 πικρά
2683 1477 2956 1548 βασκανία
3000 1481 3063 1531 ἐκ
3088 1478 3191 1548 τῆς
3228 1477 3527 1550 ὑπεροψίας
3563 1477 3666 1529 καὶ

2078 1569 2368 1633 ἀλαζονίας
2422 1569 2821 1641 προσέρχεται’
2855 1569 2937 1622 διὸ
2976 1570 3220 1639 εἴρηται,
3256 1570 3338 1621 ὅτι
3371 1588 3390 1619 ι
3430 1569 3489 1621 ὐ
3523 1566 3667 1629 Θεὸς

2085 1662 2459 1733 ὑπερηφάνοις
2501 1662 2901 1727 ἀντιτάσσεται,
2934 1681 2952 1713 ι
2996 1661 3085 1715 διὰ
3126 1662 3225 1730 τὴν
3258 1661 3516 1714 ἀπόνοιαν
3563 1662 3671 1714 αὑ-

2080 1754 2188 1807 τῶν
2223 1754 2777 1825 ἀντιστρατευόμενος
2802 1754 3009 1816 αὑτοῖς,
3036 1753 3287 1825 καθάπερ
3319 1752 3397 1823 τῷ
3428 1753 3670 1824 πρώτως

2079 1846 2178 1917 τὴν
2202 1846 2585 1917 ὑπερηφανίαν
2610 1848 2901 1917 νοσήσαντι
2944 1847 3157 1916 Σατανᾷ
3178 1862 3192 1876 ο
3231 1865 3249 1895 ι
3277 1846 3567 1908 Ταπεινοϊς
3605 1845 3673 1898 δὲ

2079 1938 2263 1992 δίδωσι
2300 1938 2481 2009 χάριν,
2521 1957 2539 1989 ι
2570 1938 2840 2000 τουτέστι,
2881 1937 3230 2007 πνευματικά
3260 1952 3381 1989 τινα
3420 1935 3673 2005 mydia:

2079 2029 2399 2099 δωρήματα,
2447 2031 2557 2091 τοῖς
2604 2028 2693 2082 διὰ
2747 2030 2838 2081 τὸν
2889 2028 3023 2081 Θεὸν
3070 2026 3462 2080 ταπεινοῦσθαι
3498 2044 3670 2079 σπου-

2079 2117 2321 2181 δάζουσι.

2564 2206 2744 2260 ΡΜΖ’.
2778 2236 2847 2249 —-
2884 2203 2969 2271 Τῷ
2996 2205 3177 2269 αὐτῷ.

2156 2316 2178 2349 ι
2218 2298 2311 2369 Μή
2343 2297 2665 2368 ἀποκρίνου,
2707 2297 2841 2368 φησὶ
2868 2296 3141 2367 Σολομῶν,
3169 2296 3248 2365 τῷ
3294 2296 3491 2365 ἄφρονι
3522 2293 3676 2346 κατά

2079 2388 2180 2459 τὴν
2219 2389 2531 2459 ἀφροσύνην
2582 2388 2770 2453 αὑτοῦ,
2813 2388 2899 2441 ἵνα
2956 2388 3031 2460 μή
3068 2390 3254 2458 ὅμοιος
3291 2390 3423 2458 γένῃ
3480 2385 3668 2456 αὑτῷο

2080 2481 2378 2551 ἀποκρίνου
2412 2480 2468 2533 δέ
2496 2479 2575 2551 τῷ
2618 2481 2812 2551 ἄφρονι
2842 2480 2981 2551 πρὸς
3010 2480 3108 2550 τὴν
3140 2478 3449 2550 ἀφροσύνην
3473 2479 3669 2539 αὑτοῦ,

2083 2572 2171 2624 ἵνα
2197 2572 2271 2641 μή
2307 2572 2568 2642 φρόνιμος
2598 2572 2730 2639 παρ’
2764 2570 2939 2641 ἐαυτῷ
2966 2570 3242 2640 φαίνηται.
3269 2588 3288 2621 ι
3327 2570 3386 2622 '0
3428 2570 3527 2639 μέν
3556 2574 3675 2638 γὰρ

2082 2662 2333 2716 λαλοῦντι
2364 2662 2441 2733 τῷ
2472 2664 2669 2732 ἄφρονι
2700 2664 2769 2716 τά
2802 2661 3191 2732 ἐναντιούμενα
3209 2663 3321 2723 τοῖς
3352 2660 3537 2730 νόμοις
3571 2658 3669 2711 τοῦ

2080 2754 2241 2819 Θεοῦ,
2275 2755 2371 2808 καὶ
2409 2754 2871 2825 προσκαλουμένῳ
2908 2754 2988 2816 είς
3028 2753 3303 2824 ἁμαρτίαν
3333 2767 3670 2817 συγκατατι-

2083 2848 2328 2917 θέμενος,
2373 2849 2467 2901 καὶ
2518 2848 2815 2911 ωναινῶν,
2858 2844 3134 2915 ἀπεκρίθη
3174 2844 3317 2897 κατὰ
3370 2842 3469 2914 τήν
3492 2844 3675 2911 ἀφρο-

2084 2938 2252 3007 σύνην
2277 2938 2371 2989 τοῦ
2395 2938 2645 3007 ἄφρονος,
2678 2936 2774 2989 καὶ
2797 2933 3053 3005 ὡμοιώθη
3086 2932 3262 3005 αὐτῷ·
3295 2933 3324 2985 ό
3356 2932 3399 2985 δ’
3441 2934 3669 2985 ἀντιτα-

2083 3028 2316 3099 ξάμενος
2348 3028 2424 3098 τῷ
2445 3028 2705 3100 φράζοντι
2734 3027 2803 3079 τὰ
2830 3025 3028 3095 φαῦλα,
3060 3025 3155 3078 καὶ
3186 3024 3259 3096 μὴ
3294 3023 3669 3094 ἀνασχόμενος

403 3120 688 3176 stultitiam
747 3117 931 3182 illius;
969 3116 1073 3170 hoc
1127 3123 1231 3177 est,
1290 3123 1480 3169 contra
1511 3115 1656 3168 illius
1692 3114 1979 3169 stultitiam

2102 3120 2363 3174 τυνδιάσαι
2402 3119 2482 3190 τῷ
2527 3120 2963 3190 μιαρορρήμονι,
3013 3116 3405 3188 ἀποκρίνεσθαι
3445 3116 3673 3184 λέγεται

405 3212 727 3282 palmarium
762 3208 1025 3275 optimum
1052 3207 1261 3270 habuit,
1294 3216 1668 3276 tropzeumque
1708 3220 1978 3261 consensu

403 3303 649 3358 omnium
674 3300 876 3364 erexit,
941 3298 1191 3368 pharetra
1225 3298 1547 3367 sagittarum
1598 3298 1842 3352 veritatis
1866 3340 1882 3363 ,
1917 3313 1982 3353 ac

405 3396 650 3449 cmlestis
674 3393 957 3461 sapientia:
999 3390 1265 3444 adversus
1303 3389 1592 3443 stultitiam
1618 3427 1634 3453 ,
1678 3402 1982 3459 venatuque

406 3487 637 3557 improbi
672 3483 928 3554 sophistae
950 3482 1264 3551 Opinionem
1290 3495 1445 3535 usus.

793 3661 1069 3719 CXLVIII.
1110 3692 1174 3702 —
1208 3658 1598 3723 SOZOMENO,

476 3758 765 3812 Peccatum
797 3754 933 3809 fumi
981 3755 1159 3809 instar
1196 3754 1463 3807 citissime
1494 3753 1851 3815 dissomtur;
1884 3750 1980 3805 de-

408 3851 517 3904 bita
558 3866 686 3904 vero
716 3850 929 3919 punitio
952 3856 1009 3901 et
1058 3861 1218 3916 paena
1243 3846 1310 3899 ad
1337 3862 1461 3915 qua:
1516 3848 1716 3901 saecula
1763 3855 1980 3915 protra-

409 3942 583 3995 hitur?
608 3943 653 3994 si
688 3942 801 3994 hzec
831 3947 1011 3993 tecum
1039 3937 1495 4003 rousideraveris,
1522 3939 1761 3990 ntaximo
1788 3938 1982 3991 timore

407 4044 463 4085 et
496 4043 735 4087 tremore
761 4030 1121 4084 concuticris.

512 4124 621 4194 62
651 4119 860 4176 CXLIX
913 4117 1346 4174 —COIlNELlO
1383 4118 1870 4176 PIIESBYTEIIO.

481 4215 620 4280 Quid
654 4226 739 4268 est
765 4211 910 4280 quod
939 4212 1015 4264 ait
1045 4211 1342 4279 Apostolus
1376 4228 1391 4262 :
1423 4227 1442 4260 ι
1488 4209 1600 4266 Etsi
1626 4214 1982 4281 cognovimus

2082 3212 2219 3282 πρὸς
2267 3212 2366 3283 τήν
2397 3210 2711 3283 ἀφροσύνην
2740 3208 3187 3274 αὑτοῦ,τουτέστι
3213 3209 3355 3261 κατά
3371 3208 3469 3276 τῆς
3490 3208 3669 3277 ἀφρο-

2084 3304 2247 3374 σύνης
2268 3304 2436 3357 αὑτοῦ
2457 3302 2751 3373 ἀπεδείχθη
2782 3302 3001 3371 ἀριστος
3028 3299 3253 3370 νικητής
3282 3299 3671 3370 τροπαιοῦχος,

2080 3400 2147 3468 τῇ
2172 3395 2438 3467 βελοθήκῃ
2453 3396 2551 3466 τῆς
2578 3393 2856 3465 ἀληθείας,
2879 3393 3093 3461 καὶτῆς
3116 3393 3439 3462 ἐπουρανίου
3473 3395 3671 3461 σοφίας

2081 3486 2424 3557 χρησάμενος
2471 3486 2611 3539 κατά
2642 3488 2740 3555 τῆς
2783 3483 3116 3556 ἀφροσύνης,
3157 3483 3254 3536 καὶ
3287 3482 3388 3552 τῆς
3425 3487 3671 3553 ματαίας

2081 3580 2311 3649 οἰήσεως
2350 3577 2447 3630 τοῦ
2476 3577 2713 3647 πονηροῦ
2748 3575 3027 3645 σοφιστοῦ.

2524 3669 2712 3722 PMH’.
2746 3698 2813 3708 —
2844 3668 3227 3740 2020mm).

2165 3760 2229 3811 Ἢ
2263 3760 2359 3829 μὲν
2387 3758 2631 3829 ἁμαρτία
2673 3757 2833 3827 δίκην
2885 3758 3096 3810 καπνοῦ
3123 3758 3316 3810 θᾶττον
3346 3758 3625 3811 διαλύεται
3653 3774 3667 3788 °

2082 3850 2117 3919 ή
2155 3850 2211 3901 δὲ
2244 3847 2569 3918 ὀφειλομένη
2604 3847 2871 3917 τιμωρία,
2912 3848 3006 3900 καὶ
3042 3848 3282 3912 κόλασις,
3316 3849 3406 3899 ἐπὶ
3465 3850 3669 3910 πόσους

2084 3941 2286 4001 αἰῶνας
2313 3939 2607 3991 ἐντείνεται
2635 3956 2650 4004 ;
2684 3937 2811 3990 Ἐὰν
2841 3937 3053 4009 λογίσῃ,
3104 3937 3390 4007 φοϐηθήσῃ
3428 3938 3669 4006 μεγάλα,

2084 4031 2176 4084 καὶ
2207 4012 2525 4101 τρομάξετς.
3062 4076 3085 4107 <

2299 4122 2479 4174 PMB’.
2510 4118 2943 4192 -ΚΟΡΝΗΛῘῼ
2984 4120 3448 4190 ΠΡΕΣΒΥΤΕΡῼ.

2152 4213 2217 4265 Τί
2286 4215 2471 4277 ἐστιν,
2527 4214 2663 4283 ὅπερ
2719 4215 2882 4285 φησὶν
2940 4214 2968 4265 ό
3030 4213 3384 4276 Ἀπὸστολος·
3429 4229 3448 4262 ι
3494 4210 3557 4263 Ei
3611 4211 3675 4263 δὲ

411 4308 712 4376 secundum
760 4318 982 4358 carnem
1033 4302 1316 4357 Christum
1346 4339 1361 4364 ,
1390 4303 1485 4355 sed
1544 4318 1689 4356 nunc
1736 4304 1978 4357 nondum

2102 4307 2177 4359 ιαὶ
2235 4305 2556 4375 ἐγνώκαμεν
2610 4306 2753 4358 κατὰ
2799 4306 2977 4376 σάρκα
3025 4305 3294 4376 Χριστὸν,
3366 4303 3506 4357 ἀλλά
3574 4304 3676 4356 νῦν

410 4396 797 4468 Cognoscimus
813 4394 894 4448 ιιι
924 4412 943 4445 ι
970 4391 1216 4463 Namque
1238 4401 1456 4462 propter
1479 4406 1722 4447 nosu-am
1748 4396 1978 4449 salutem

2102 4395 2263 4447 ιὺκέτι
2320 4392 2701 4463 γινώσκομεν;
2750 4413 2767 4445 ι
2828 4394 3045 4464 Ἐπειδὴ
3095 4394 3185 4447 διὰ
3250 4393 3351 4465 τὴν
3392 4393 3674 4464 ἡμετέραν

411 4490 679 4544 Dominus
720 4488 881 4541 homo
912 4485 1113 4546 factus,
1148 4495 1356 4538 etcum
1407 4485 1719 4539 hominibus
1759 4501 1979 4539 conver-

2102 4485 2365 4555 σωτηρίαν
2393 4486 2421 4536 ό
2449 4484 2727 4556 Δεσπότης
2752 4485 3039 4556 ἅνθρωπος
3078 4486 3391 4556 γενόμενος,
3425 4487 3521 4538 καὶ
3556 4489 3674 4549 τοῖς

410 4589 585 4636 satus.
614 4588 673 4632 ut
696 4577 973 4647 propriam
992 4576 1429 4629 incarnationem
1453 4590 1633 4627 veram
1650 4576 1979 4641 ostenderet;

2102 4575 2399 4647 ἀνθρώποις
2433 4577 3041 4647 συναναστρεφόμενος,
3104 4576 3193 4630 ἵνα
3225 4576 3372 4647 δείξῃ
3410 4577 3676 4647 ἀληθινὴν

412 4686 523 4726 non
555 4678 768 4723 tantum
809 4667 1074 4737 puerulus
1102 4667 1282 4720 adhuc
1311 4665 1396 4718 lac
1428 4665 1599 4726 suxit,
1630 4676 1688 4717 ut
1721 4667 1880 4730 plane
1912 4667 1979 4719 vi-

2102 4668 2188 4739 τὴν
2215 4667 2423 4721 οἰκείαν
2459 4669 2757 4738 σάρκωσιν,
2806 4669 2866 4720 οὑ
2903 4669 3061 4739 μόνον
3091 4668 3431 4739 ἐγαλουχήθη
3469 4670 3674 4739 βρέφος

413 4761 671 4826 debatur,
707 4760 805 4814 sed
841 4759 1062 4812 adultus
1106 4759 1271 4811 etiam
1310 4758 1589 4821 comedit,
1641 4766 1697 4811 et
1743 4756 1896 4821 bibit,
1933 4766 1979 4811 et

2102 4760 2374 4829 τυγχάνων
2422 4761 2561 4813 κατὰ
2587 4760 2648 4812 τὸ
2694 4760 3022 4830 βλεπόμενον
3045 4801 3060 4821 ,
3096 4761 3236 4813 ἀλλὰ
3289 4764 3383 4813 καὶ
3411 4760 3675 4831 αὐξηθεὶς

414 4851 710 4913 laboravit,
728 4858 783 4905 et
803 4864 1057 4903 somnum
1084 4850 1250 4918 cepit,
1274 4848 1510 4917 ﬂagellis
1533 4862 1733 4908 caesus.
1750 4857 1805 4901 et
1831 4848 1979 4902 cruel

2102 4851 2339 4923 βέϐρωκε
2382 4870 2441 4905 τε
2476 4854 2570 4906 καὶ
2613 4852 2870 4906 πέπωκεν
2898 4896 2913 4919 ,
2951 4854 3209 4907 ἐκοπίασε
3248 4870 3307 4906 τε
3349 4853 3444 4907 καὶ
3490 4852 3675 4906 ῦπνω-

413 4941 606 4998 allixus
624 4949 729 5004 est,
762 4950 872 4995 etc.
902 4941 1159 4993 Attamen
1191 4948 1313 5008 post
1344 4937 1516 5003 ipsius
1539 4953 1603 4990 ex
1631 4940 1864 4991 mortuis
1894 4954 1977 4992 re-

413 5034 835 5095 surrectionem,
874 5049 980 5086 non
1014 5032 1249 5101 amplius
1272 5030 1521 5098 corporis
1549 5030 1989 5097 aegritudinibus,

413 5133 469 5179 et
545 5123 976 5180 necessitatibus
1020 5121 1288 5191 subiacet.
1345 5119 1640 5188 Propterea
1689 5121 1989 5188 Apostolus

413 5218 490 5268 ait
517 5232 532 5269 :
560 5212 678 5267 Non
712 5214 855 5266 ultra
904 5210 1583 5281 cognoscitnusﬁhristum
1614 5211 1987 5279 passionibus,

414 5305 849 5368 Inlirmitatibus,
876 5312 932 5359 et
968 5303 1129 5356 morti
1170 5302 1493 5357 obnoxium.
1523 5302 1716 5358 Virtus
1744 5318 1983 5373 namque

414 5395 722 5449 divinitatis
752 5394 903 5449 illius
929 5394 1166 5449 humana
1210 5394 1395 5448 omnia
1419 5394 1719 5463 superavit.
1751 5394 1815 5448 Et
1862 5396 1988 5450 licet

415 5502 585 5556 nunc,
615 5495 669 5542 et
704 5488 760 5542 in
796 5488 979 5541 futura
1010 5488 1209 5541 saecula
1240 5488 1295 5540 in
1332 5496 1525 5542 sancto
1550 5502 1805 5558 corpore.
1840 5490 1985 5558 quod

417 5591 575 5635 antea
604 5579 711 5634 sub
732 5577 909 5636 Pilato
935 5578 1087 5634 cruci
1137 5577 1362 5633 aflixum
1392 5578 1494 5633 fuit
1518 5619 1534 5645 ,
1582 5587 1638 5634 et
1688 5580 1988 5650 sepulturae

2091 4960 2219 5008 σεν,
2267 4944 2572 5015 ἐμαστίχθη
2624 4960 2685 4995 τε
2730 4943 2823 4997 καὶ
2872 4943 3217 5013 ἐσταυρώθη,
3262 4946 3355 4996 καὶ
3395 4944 3465 4996 τὰ
3517 4945 3667 5014 ἐξῆς.

2087 5036 2244 5089 Μετὰ
2270 5035 2328 5087 δὲ
2357 5035 2455 5105 τὴν
2478 5036 2774 5089 ἀνάστασιν
2797 5035 2964 5089 αὑτοῦ
2992 5035 3089 5107 τὴν
3129 5038 3193 5088 ἐκ
3222 5035 3454 5105 νεκρῶν,
3479 5036 3669 5088 οὑκέτι

2089 5127 2389 5180 ὑποπίπτει
2422 5129 2542 5189 ταῖς
2569 5125 2663 5179 τοῦ
2696 5126 2946 5197 σώματος
2972 5126 3300 5191 ἀσθενείαις,
3330 5129 3423 5180 καὶ
3456 5128 3673 5198 χρείαις

2090 5219 2445 5287 ἀναγκαίαις
2478 5218 2567 5271 διὰ
2598 5218 2754 5270 τοῦτό
2784 5236 2948 5289 φησιν
2982 5220 3010 5271 ὁ
3051 5219 3393 5281 Ἀπόστο>.ος,
3414 5222 3495 5271 ὅτι
3532 5221 3672 5271 Οὐκ-

2094 5306 2174 5356 έτι
2214 5305 2556 5375 γινώσκομεν
2604 5304 2694 5357 τὸν
2729 5306 2963 5377 Χριστὸν
3002 5308 3267 5379 παθητὸν,
3304 5310 3398 5360 καὶ
3442 5309 3667 5377 ἀσθενῆ,

2095 5397 2191 5450 καὶ
2227 5396 2549 5467 θνήσκοντα.
2590 5396 2903 5467 Ἐξενίκησε
2942 5398 3114 5469 γάρή
3153 5399 3382 5468 δύναμις
3425 5400 3525 5469 τῆς
3556 5400 3671 5451 θεό-

2093 5507 2254 5559 τητος
2284 5489 2452 5542 αὑτοῦ
2482 5492 2662 5545 πάντα
2690 5491 2758 5544 τὰ
2788 5493 3123 5562 ἀνθρώπινα.
3151 5493 3268 5545 Κᾶν
3293 5494 3400 5564 γὰρ
3433 5494 3669 5563 ὑπάρχει

2094 5585 2191 5637 καὶ
2227 5583 2343 5648 νῦν,
2374 5583 2467 5639 καὶ
2496 5586 2577 5648 εἰς
2604 5585 2731 5648 τοὺς
2765 5583 2970 5647 αἰῶνας
2999 5586 3057 5637 ἐν
3077 5584 3153 5655 τῷ
3174 5584 3315 5655 ἁγίῳ
3342 5582 3558 5656 σώματι
3592 5584 3670 5653 τῷ

488 5762 531 5793 ⁸⁸
562 5760 775 5823 Jac.1v,
815 5760 868 5814 5.
945 5760 991 5791 "
1032 5759 1195 5816 Prov.
1251 5773 1332 5825 III,
1367 5759 1438 5815 3i
1485 5760 1649 5829 ;Jac.
1690 5778 1771 5831 ιν,
1807 5763 1861 5817 6.
1936 5765 1983 5797 ⁸³
2031 5764 2163 5821 ibid.
2239 5764 2285 5795 “
2318 5764 2475 5819 Prov.
2516 5780 2662 5831 xxvn,
2696 5765 2751 5832 4,
2780 5764 2832 5820 5.
2910 5764 2957 5795 ⁸⁵
2996 5763 3036 5817 ll
3075 5765 3204 5819 Cor.
3236 5782 3289 5828 v,
3323 5763 3410 5818 I6.
