3822 6216
352 229 454 299 147

1815 241 1875 300 S.

2040 242 2075 300 ,Ι
2252 272 2255 276 ι
3493 244 3593 310 148

347 347 405 404 in
430 349 713 403 humerum
738 352 889 401 tuum
909 348 953 379 ”
978 366 991 413 ;
1033 367 1050 399 ι
1079 347 1181 403 hoc
1197 358 1299 412 est,
1317 348 1458 403 bona
1472 347 1740 404 desideria
1758 348 1821 402 ed
1832 361 1896 400 uc

2040 347 2126 401 ίαν
2168 365 2261 401 σου
2296 365 2375 411 εις
2404 348 2496 401 τὸν
2529 342 2679 419 ὦμον
2714 364 2807 402 σου
2840 365 2854 379 ο
2895 368 2913 401 ι
2948 368 3242 416 τουτεστιν,
3292 353 3358 407 τά
3410 356 3597 424 ἀγαθὰ

346 454 403 494 ιιι
432 455 572 510 opus
599 438 777 493 factus
803 454 1097 509 operosus.

553 610 1278 669 CLVI.—-CHRYSOGONO
1292 613 1701 670 CLESVALIO.

415 700 475 756 Si
501 705 625 771 quis
642 719 711 757 ex
732 705 1094 774 ineptissimis
1118 707 1324 775 optima
1345 721 1575 775 quaeque
1592 702 1914 758 calumniari

2016 436 2362 509 βουλεύματα
2418 441 2498 502 εἰς
2561 438 2722 508 ἔργον
2784 440 3015 511 ἐξάγαγε
3080 447 3381 513 πρακτικὸς
3438 453 3595 516 γενό-

2060 546 2176 584 ενος
2182 570 2197 584 ο
2722 560 2725 563 λ

2060 546 2148 582 ενο
2182 570 2197 584 .
2722 560 2725 563 λ

2018 546 2057 599 μ
2150 548 2176 594 ς
2214 618 2399 687 ΡΝςν.
2433 651 2501 661 ——
2525 620 2931 692 ΧΡΥΣΟΙὊΝῼ
2960 622 3415 696 ΚΛΗΣΟΥΑΔΙῼ.

2086 712 2156 765 Ei’
2188 729 2271 774 τις
2303 711 2546 781 βούλοιτο
2594 704 2703 765 τῶν
2733 713 3071 768 ἀπαιδεύτων
3096 722 3599 786 κατασυκοφαντεῖν

342 802 399 847 et
458 810 487 848 a
542 794 828 849 mendacio
886 794 1172 849 exordium
1246 795 1490 859 ducere,
1541 804 1910 865 perpetuoque

2040 804 2119 856 ιὲν
2147 804 2215 856 τὰ
2250 803 2522 873 βέλτιστα.
2558 805 2653 857 καὶ
2685 806 2791 858 ἀπὸ
2817 805 3047 874 ψεύδους
3066 807 3345 878 ἄρχεσθαι,
3376 809 3471 861 καὶ
3499 828 3599 862 κα-

345 885 512 939 etiam
546 887 600 939 in
636 884 985 940 mendacium
1025 885 1286 940 desinere
1331 886 1484 947 velit,
1516 885 1686 940 dicito
1737 884 1870 938 mihi
1902 924 1917 948 ,

345 976 399 1028 in
441 990 734 1046 quemnam
766 974 980 1029 desinet
1007 984 1102 1027 aut
1131 973 1437 1028 adducetur
1471 974 1631 1027 linem
1659 974 1684 1027 ἲ

592 1108 603 1123 ,.
645 1064 753 1135 65
783 1063 988 1119 CLVII.
1013 1094 1084 1103 —
1106 1061 1590 1119 THEOGNOSTO.

412 1153 578 1207 forte
627 1156 885 1225 ignoras,
940 1157 1039 1209 mir
1071 1155 1261 1219 frater,
1310 1156 1481 1225 legem
1534 1154 1627 1209 Dei
1660 1155 1911 1209 custodi-

339 1253 488 1308 tam,
530 1259 752 1299 servare
778 1286 793 1311 ,
834 1245 1118 1299 custodire
1158 1253 1213 1299 et
1252 1253 1440 1314 tegere
1468 1259 1602 1309 eos,
1633 1245 1728 1314 qui
1766 1245 1914 1298 illam

341 1348 564 1390 servare
590 1344 646 1389 et
675 1336 958 1390 custodire
991 1351 1115 1390 cum
1148 1336 1452 1392 sobrietate
1479 1344 1756 1407 satagunt.

745 1515 975 1571 CLVIII.
1002 1546 1070 1557 —-
1095 1514 1493 1571 DECURIONI.

406 1604 595 1676 Neque
643 1608 958 1662 universum
1001 1621 1182 1662 acrem
1214 1608 1417 1675 aliquis
1464 1621 1707 1675 unquam
1759 1604 1917 1660 duxit

2016 895 2285 948 ταπαύειν
2313 896 2393 957 εἰς
2418 894 2611 964 ψεῦδος
2637 897 2917 966 διηνεκῶς,
2950 899 3158 970 φράσον
3189 916 3301 969 μοι,
3329 901 3410 965 εἰς
3441 904 3597 955 ποῖον

2015 985 2188 1056 λήξει,
2220 987 2315 1040 καὶ
2345 989 2671 1057 καταντήσει
2699 988 2899 1059 πέρας;

2438 1081 2609 1135 ΡΝΖ’.
2641 1110 2711 1122 -
2752 1080 3168 1154 ΘΕΟΓΝΩΣΤῼ.

2089 1173 2251 1235 Ἴσως
2285 1172 2521 1239 ἀγνοεῖς,
2555 1170 2771 1241 ἀδελφὲ,
2819 1174 2901 1226 ὅτι
2927 1174 2956 1225 ὁ
2993 1174 3152 1244 νόμος
3192 1172 3288 1226 τοῦ
3332 1172 3467 1225 Θεοῦ
3496 1189 3597 1241 τη-

2019 1261 2302 1333 ροὺμενος,
2330 1264 2513 1331 τηρεῖν
2552 1262 2644 1315 καὶ
2674 1264 2948 1334 φρουρεῖν,
2986 1262 3081 1317 καὶ
3111 1264 3466 1332 περισκέπειν
3488 1262 3596 1315 πέ-

2019 1372 2192 1423 φυκεν
2219 1354 2345 1417 τοὺς
2372 1357 2560 1425 τηρεῖν
2591 1353 2803 1416 τοῦτον,
2837 1354 2931 1406 καὶ
2973 1354 3262 1423 φυλάττειν
3295 1354 3392 1408 σὺν
3432 1353 3596 1424 νήφει

2019 1447 2437 1511 σπουδάζοντας.

2442 1537 2619 1591 PNH'.
2640 1566 2709 1578 -—
2731 1535 3167 1589 ΔΕΚΟΥΡΙΩΝΙ.

2091 1629 2228 1684 Οὑτε
2293 1631 2430 1700 ἀέρα
2466 1629 2586 1682 ὅλον
2648 1628 2875 1681 έπνευσέ
2913 1646 2995 1691 τις
3050 1628 3301 1695 πώποτε,
3327 1627 3453 1682 οὔτε
3496 1628 3598 1682 οὐ·

345 1706 394 1751 ct
431 1699 681 1762 refinxit,
737 1713 918 1769 neque
952 1698 1267 1753 essentiam
1295 1696 1389 1750 Dei
1439 1696 1603 1765 plane
1646 1695 1787 1749 bene
1820 1701 1910 1746 aut

2040 1723 2137 1776 riav
2187 1720 2320 1774 Θεοῦ
2364 1690 2674 1784 παντελῶς,
2728 1719 2762 1790 ἢ
2814 1717 2939 1782 νοῦς
2972 1690 3311 1789 κεχώρηκεν,
3354 1718 3388 1788 ἢ
3436 1717 3593 1787 (pm/i1

345 1803 496 1843 mens
524 1788 707 1856 cepit,
737 1798 833 1841 aut
858 1804 961 1841 vox
990 1786 1275 1856 complexa
1316 1794 1431 1851 est;
1465 1785 1560 1839 sed
1590 1798 1657 1839 ex
1697 1784 1765 1837 iis
1792 1798 1914 1850 quae

344 1881 487 1935 circa
517 1896 641 1934 eum
683 1889 850 1940 sunt.
895 1895 1016 1947 quin
1056 1879 1205 1932 illius
1252 1886 1381 1931 sunt
1406 1876 1575 1931 veluti
1626 1874 1680 1928 in
1724 1873 1913 1928 umbra

344 1972 682 2041 zﬂingeutes,
713 1971 950 2025 debilem
983 1968 1277 2039 quamdam
1308 1982 1373 2021 ac
1400 1965 1727 2020 imbecillem
1753 1964 1913 2017 aliam

345 2064 410 2118 ab
434 2064 539 2117 alia
572 2064 863 2134 imaginem
889 2105 904 2128 ,
944 2071 1109 2131 atque
1138 2069 1463 2130 conceptum
1502 2059 1881 2129 exprimimus.

870 2155 1061 2212 CLIX.
1083 2186 1151 2194 —
1178 2155 1388 2209 Eidem.

420 2270 438 2301 ι
495 2251 741 2319 Angusta
778 2247 970 2318 janua,
1019 2256 1074 2300 et
1114 2254 1265 2299 arcta
1302 2245 1389 2297 via
1437 2253 1552 2303 est,
1592 2259 1715 2313 quae
1758 2240 1914 2295 ducit

343 2359 397 2398 in
428 2342 633 2403 vitam,
665 2350 721 2396 et
759 2338 921 2409 pauci
975 2346 1139 2401 sunt,
1169 2337 1263 2407 qui
1316 2335 1735 2404 deprehendunt
1787 2332 1850 2384 “.
1888 2350 1906 2382 ι

343 2434 402 2489 Si
461 2435 649 2503 itaque
720 2434 816 2502 qui
840 2447 961 2486 eam
1025 2429 1444 2499 deprehendunt
1523 2427 1682 2496 pauci
1746 2432 1911 2489 sunt.

343 2527 516 2581 multo
555 2526 845 2595 pauciores
896 2533 1063 2578 erunt
1107 2522 1201 2591 qui
1241 2522 1471 2575 introire
1504 2520 1767 2583 valeant;
1806 2533 1914 2571 nou

344 2629 626 2673 Introeunt
660 2631 793 2671 vero
824 2616 893 2669 ob
943 2616 1220 2684 propriam
1259 2611 1672 2683 negligentiam.

897 2704 1056 2759 CLX.
1084 2735 1152 2744 —
1179 2703 1387 2757 Eidem.

413 2802 565 2857 Meus
609 2808 696 2854 εει
742 2797 999 2863 domina,
1051 2811 1241 2851 servus
1292 2793 1614 2847 caruncula.
1666 2791 1743 2846 Ne
1785 2804 1918 2859 ergo

345 2892 705 2950 immoderata
756 2889 998 2960 ingluvie
1043 2903 1263 2943 servum
1298 2885 1521 2949 foveas,
1559 2898 1629 2947 ne
1673 2883 1917 2953 propriae

2015 1812 2360 1884 περιέλαϐεν,
2391 1811 2503 1866 ἀλλ’
2536 1814 2600 1865 ὲκ
2636 1811 2744 1865 τῶν
2775 1812 2905 1882 περὶ
2934 1811 3099 1865 αὑτὸν
3130 1812 3597 1881 σκιογραφοῦντες

2013 1910 2082 1961 τὰ
2111 1908 2229 1961 κατ’
2265 1907 2448 1970 αὐτὸν,
2489 1906 2734 1979 ἀμυδρὰν
2772 1906 3038 1988 τιναηκαὶ
3067 1905 3268 1976 ἀσθενῆ
3300 1905 3466 1977 ἀλλην
3493 1905 3596 1960 ἀπ’

2015 1999 2180 2070 ἄλλης
2202 1999 2503 2069 φαντασίαν
2530 1998 2883 2067 συλλέγομεν.

2481 2174 2653 2230 ΡΝΘ’.
2696 2206 2764 2216 -—
2801 2174 2885 2240 Τῷ
2927 2172 3107 2240 αὐτῷ.

2097 2288 2111 2317 ι
2126 2268 2294 2339 Στενὴ
2319 2270 2351 2337 ἡ
2388 2268 2553 2338 πύλη,
2584 2268 2679 2321 καὶ
2707 2266 3041 2337 τεθλιμμένη
3064 2269 3099 2337 ή
3119 2266 3235 2330 ὁδὸς
3251 2268 3284 2337 ὴ
3302 2266 3597 2335 ἀπάγουσα

2015 2362 2095 2422 εἰς
2119 2360 2217 2429 τὴν
2239 2358 2404 2427 ζωὴν,
2423 2359 2515 2412 καὶ
2543 2358 2711 2426 ὀλίγοι
2737 2358 2873 2410 εἰσιν
2896 2359 2944 2410 οἰ
2976 2357 3319 2428 εὑρίσκοντες
3344 2357 3539 2427 αὑτήν.
3572 2376 3592 2407 ι

2026 2456 2085 2507 ιί
2116 2453 2293 2506 τοίνυν
2338 2453 2387 2504 οί
2420 2451 2763 2522 εὑρίσκοντες
2800 2450 3134 2520 ὑπάρχουσιν
3175 2448 3364 2515 ὀλίγοι,
3400 2446 3599 2515 ὀλιγώ-

2014 2565 2165 2618 τεροι
2203 2546 2270 2600 ἂν
2298 2536 2408 2598 εἷεν
2443 2546 2492 2597 οἱ
2533 2542 2798 2597 εἰσελθεῖν
2835 2541 3194 2611 ἐξισχύοντες·
3238 2540 3340 2593 οὐκ
3386 2540 3598 2593 εἰσελυ-

2015 2638 2209 2709 λήθασι
2240 2637 2297 2690 δὲ
2327 2635 2416 2690 διὰ
2443 2636 2647 2689 οἰκείαν
2675 2633 2955 2705 ἀμέλειαν.

2526 2726 2645 2780 PE’.
2679 2756 2751 2766 -—
2783 2724 2866 2791 Τῷ
2902 2723 3082 2789 αὐτῷ.

2081 2821 2359 2890 Δεσπότης
2383 2820 2529 2873 ἐστὶν
2569 2820 2597 2872 ὁ
2624 2818 2766 2881 νοῦς,
2794 2816 2978 2880 δοῦλος
3005 2817 3064 2872 δὲ
3115 2816 3176 2870 τὸ
3217 2817 3441 2887 σαρκίον
3460 2858 3473 2870 .
3500 2814 3599 2885 Μὴ

2016 2914 2195 2969 τοίνυν
2214 2912 2305 2966 τὸν
2345 2911 2532 2966 δοῦλον
2552 2909 2811 2980 ἀμέτρως
2838 2907 3108 2979 θεράπευε
3134 2906 3222 2960 διὰ
3243 2922 3599 2976 γαστριμαρ-

345 2999 617 3040 mensurae
666 2982 874 3037 oblitus
907 2979 1251 3052 tyrannidem
1301 2978 1577 3046 arripiat,
1607 2975 1910 3043 audeatque

353 3095 357 3096 ,
477 3095 489 3096 γ
533 3077 580 3096 2A
621 3088 997 3096 _-_----_.........
1056 3070 1260 3096 :._l‘..-...‘
1334 3070 1626 3096 ΠκΛηιη-ηη
1658 3067 1910 3096 ξηιλ-ινιτ·

2040 3006 2164 3071 τίας,
2213 3004 2300 3058 ἵνα
2336 3002 2410 3073 μὴ
2462 2975 2851 3070 ἐπιλαθόμενος
2896 2975 3005 3050 τῶν
3056 2997 3203 3051 ἰδίων
3241 2975 3456 3067 μέτρῲν
3516 2996 3601 3057 εἰς

343 3094 500 3133 arma
532 3077 586 3131 in
620 3088 1000 3146 possessorem
1055 3070 1283 3125 inferre.
1333 3070 1629 3138 Pr0pterea
1658 3067 1915 3121 Salomon

345 3168 655 3225 insolentia:
734 3165 986 3235 corporis
1060 3163 1287 3216 minime
1364 3161 1591 3231 ignarus
1660 3161 1913 3215 dicebat:

349 3281 368 3312 ι
402 3260 521 3316 Non
574 3258 835 3314 conducit
887 3257 1055 3311 stulto
1104 3256 1301 3319 luxus,
1357 3250 1486 3306 licet
1525 3267 1718 3307 servus
1766 3252 1917 3304 inso-

344 3353 525 3408 lenter
556 3350 612 3404 in
641 3348 923 3419 proprium
958 3347 1146 3400 herum
1180 3344 1466 3414 imperium
1506 3350 1687 3398 teneat
1717 3342 1783 3393 ⁸³.
1824 3360 1844 3392 ι

792 3529 904 3600 66
933 3527 1114 3582 CLXI.
1145 3556 1213 3567 ——
1238 3525 1445 3580 Eidem.

418 3623 476 3678 Si
518 3623 888 3694 principatum
940 3620 1237 3689 provinciae
1288 3627 1477 3673 tenere
1527 3620 1718 3687 cupis,
1752 3616 1917 3671 inho-

2019 3094 2312 3166 τυραννίδα
2348 3091 2498 3162 ἔλθῃ,
2534 3094 2630 3144 καὶ
2664 3089 2805 3143 ὅπλα
2865 3088 3113 3159 τολμήσῃ
3157 3083 3289 3157 ἆραι
3317 3084 3461 3140 κατά
3497 3084 3598 3136 τοῦ

2021 3187 2387 3258 κτησαμένοψ
2449 3184 2635 3255 διόπερ
2689 3186 2719 3236 ὁ
2769 3181 3022 3253 Σολομὼν
3078 3180 3442 3250 ἐπιστάμενος
3494 3179 3599 3249 τὴν

2018 3278 2333 3350 ἀφροσύνην
2364 3277 2459 3330 τοῦ
2491 3276 2741 3346 σώματος
2780 3273 2985 3342 ἔλεγενο
3034 3292 3052 3324 ι
3091 3274 3165 3327 Οὑ
3197 3273 3468 3343 συμφέρει
3516 3268 3599 3339 τῷ

2018 3370 2214 3439 ἄφρονι
2253 3370 2287 3439 ἡ
2316 3365 2517 3437 τρυφὴ,
2551 3365 2655 3419 κᾶν
2687 3364 2909 3434 οἰκέτης
2935 3363 3081 3434 ἄρχῃ
3115 3362 3234 3433 μεθ’
3261 3360 3475 3433 ὕϐρεως
3497 3361 3596 3413 τοῦ

2021 3463 2153 3515 ἰδίου
2182 3459 2459 3513 δεσπότου.
2504 3477 2523 3509 ι

2499 3546 2664 3602 ΡΞΑ¹.
2697 3576 2767 3589 -
2804 3546 2891 3612 Τῷ
2932 3542 3114 3609 αὐτῷ.

2089 3644 2186 3696 Ἂν
2219 3640 2395 3712 βούλει
2441 3638 2629 3711 ἄρχειν
2670 3641 2770 3710 τῆς
2800 3636 3087 3709 ἐπαρχίας,
3138 3631 3483 3703 ἀτιμωθήσῃ·
3528 3629 3602 3684 ἂν

347 3717 669 3781 noraberis;
698 3715 745 3770 si
776 3728 907 3768 vero
944 3721 997 3766 ιε
1029 3710 1438 3775 liumiliaveris,
1475 3709 1910 3764 misericordiam

2040 3736 2075 3786 ῑὲ
2132 3709 2326 3787 σαυτὸν
2363 3709 2732 3801 ταπεινώσῃς,
2783 3726 3073 3797 ὲλεηθήσῃ·
3118 3725 3428 3794 γέγραπται
3459 3723 3596 3791 γάρ,

345 3807 722 3879 consequeris.
748 3805 1024 3876 Scriptum
1051 3814 1135 3860 est
1164 3804 1309 3858 enim
1336 3822 1352 3859 :
1392 3819 1411 3853 ι
1444 3799 1589 3856 Deus
1630 3798 1910 3855 elqudens

2040 3828 2098 3879 'm
2126 3845 2145 3877 ι
2191 3825 2249 3877 '0
2269 3823 2402 3886 Θεὸς
2433 3798 2753 3892 ὲκχέωνέπ⁸
2780 3819 3044 3892 ἄρχοντας
3070 3818 3314 3887 ἀτιμίαν,
3341 3815 3468 3877 τοὺς
3494 3830 3600 3866 τα-

346 3917 512 3973 super
606 3898 879 3970 principes
965 3897 1354 3966 opprobrium,
1439 3893 1675 3949 humiles
1737 3894 1915 3948 salva-

386 4001 426 4051 it
452 3998 519 4051 ⁸⁵.
553 4016 571 4049 ι

346 4007 426 4052 vn
505 4038 519 4051 .
553 4016 571 4049 ³
626 4085 833 4144 CLXII.
864 4081 1201 4139 ——CRISPO
1234 4080 1645 4136 SCHOLARIO.

416 4179 713 4245 Nonnulli,
762 4191 1090 4246 superquam
1146 4188 1244 4243 par
1298 4184 1419 4237 est,
1462 4170 1918 4228 considerationi-

347 4274 453 4328 bus
481 4272 677 4328 eﬂ‘usi.
708 4271 1005 4340 opinantes
1045 4284 1102 4321 se
1130 4266 1309 4335 majus
1348 4265 1630 4335 quidpiam
1666 4280 1918 4334 compre-

2018 3918 2234 3980 πεινοὺς
2269 3915 2475 3969 ἰάσατο.
2526 3932 2544 3964 ι

2332 4091 2582 4144 paen.—
2611 4087 2867 4158 KPIxuc
2912 4083 3274 4154 ΣΧΟΛΑΡΙῼ.

2086 4186 2241 4249 Τινὲς
2288 4184 2427 4255 ὑπὲρ
2477 4183 2538 4235 τὸ
2571 4181 2687 4234 δέον
2716 4181 2780 4249 τῇ
2833 4177 3015 4247 ὲννοίᾳ.
3066 4173 3477 4237 ὲπεκταθέντες,
3515 4171 3598 4230 ὡς

2019 4278 2303 4340 δοκοῦντές
2337 4293 2391 4328 τι
2440 4274 2624 4345 μεῖζον
2662 4269 3014 4334 καταλαϐεῖν,
3060 4268 3324 4334 ἐξέπεσαν
3362 4264 3463 4336 μὲν
3493 4266 3597 4334 τῆς

348 4365 589 4421 hendere
640 4379 836 4434 posse,
884 4376 1067 4415 avera
1115 4360 1427 4430 cognitione
1464 4358 1812 4424 excidentes,
1863 4360 1910 4412 in

2040 4372 2256 4443 Ιιληθοῦς
2284 4370 2557 4439 γνώσεως,
2592 4364 3054 4437 μεταπεπτὼκασι
3076 4362 3132 4416 δὲ
3153 4364 3233 4425 εἰς
3256 4359 3597 4431 ψευδομένην

347 4457 714 4526 cognitionem
753 4454 1056 4509 mendaciis
1114 4452 1411 4505 involutam
1459 4451 1696 4521 prolapsi
1741 4462 1908 4506 sunt:

350 4570 372 4601 ι
401 4558 455 4605 ει
484 4557 668 4604 tamen
698 4549 804 4602 hoc
848 4549 1064 4601 vanitas
1090 4555 1176 4601 est
1202 4546 1267 4608 ⁸⁷,
1308 4566 1326 4598 ι
1370 4556 1428 4598 ut
1460 4544 1717 4599 Salomon
1750 4547 1846 4598 ait.

629 4640 858 4696 CLXIII.
889 4669 959 4679 —
992 4637 1304 4693 JULIANzE
1359 4636 1635 4692 VIRGlNl.

416 4736 782 4796 Castissimaz,
863 4733 1314 4803 perpulchrchue
1370 4731 1571 4800 virgini
1630 4730 1919 4800 speculum

346 4833 616 4903 optimum
677 4838 763 4886 est
809 4829 1078 4899 jejunium
1114 4845 1128 4880 :
1164 4828 1217 4879 in
1269 4840 1335 4880 eo
1378 4825 1579 4879 etenim
1629 4824 1780 4894 virgo
1818 4837 1919 4893 pro

348 4925 573 4979 modulo
605 4939 707 4978 suo
731 4921 900 4976 Deum
934 4921 1272 4989 speculatur,
1304 4917 1631 4985 labrumque
1664 4914 1917 4979 fabricat,

348 5018 525 5073 basim
592 5016 847 5078 ﬁrmam,
916 5012 1343 5069 inconcussam,
1385 5017 1552 5077 atque
1609 5007 1920 5062 immutabi-

348 5114 450 5167 lem
480 5110 546 5173 “,
600 5108 961 5180 cogitationes
1034 5102 1323 5158 aﬂ‘ectibus
1378 5101 1603 5156 minime
1649 5100 1918 5155 obnoxias

348 5204 454 5258 sibi
484 5214 835 5272 comparans.

853 5286 1079 5343 CLXIV.
1097 5316 1167 5327 —-
1186 5286 1391 5338 Eidem.

421 5386 635 5454 Szepius
670 5383 948 5444 lectitasti,
976 5380 1107 5449 quid
1160 5387 1387 5434 sanctus
1436 5377 1648 5448 Moyses
1677 5377 1745 5433 de
1774 5394 1917 5449 quo-

345 5479 471 5532 dam
500 5480 745 5547 optimo,
794 5491 858 5529 ac
908 5473 1318 5544 sapientissimo
1364 5470 1484 5525 viro
1520 5478 1747 5524 narrat:
1786 5487 1911 5527 eum

407 5619 453 5650 “
484 5617 682 5671 Jercm.
717 5630 864 5669 xui.
901 5613 990 5665 il.
1067 5614 1110 5643 ⁵³*
1162 5611 1347 5664 Matth.
1386 5626 1479 5674 vn,
1543 5612 1629 5665 II.
1705 5612 1749 5644 ⁸⁸
1779 5610 1937 5667 Prov.

346 5688 393 5721 ⁸⁸
428 5688 598 5743 Exod.
633 5700 856 5748 xxxvm,
888 5686 940 5738 8.

1999 5626 2111 5673 nux,
2163 5606 2248 5663 {0.

2022 4466 2244 4535 γνῶσιν·
2301 4461 2392 4515 καί
2425 4478 2488 4512 νε
2530 4476 2548 4509 ι
2594 4458 2751 4510 τοῦτο
2804 4460 3122 4524 ααταιότης,
3167 4472 3186 4505 ι
3228 4451 3373 4505 καθά
3428 4466 3596 4519 φησιν

2024 4556 2294 4628 Σολομὼν.

2305 4644 2465 4698 ΡΞΓ’.
2496 4674 2564 4685 --
2594 4640 2925 4710 ΙΟΥΛΙΑΝῌ
2966 4636 3308 4708 ΠΑΡΘΕΝῼ.

2092 4740 2416 4808 Κάτοπτρον
2454 4733 2738 4787 κάλλιστον
2784 4732 2852 4800 τῇ
2904 4728 3209 4800 σεμνοτάτη
3255 4720 3349 4781 καὶ
3400 4724 3600 4777 εὑειδεῖ

2024 4832 2278 4904 παρθένῳ
2339 4828 2401 4881 τὸ
2465 4825 2767 4896 νηστεύειν.
2801 4825 2858 4875 ἐν
2916 4821 3090 4891 τούτῳ
3149 4820 3258 4888 γὰρ
3315 4819 3409 4871 καὶ
3461 4817 3599 4870 Θεὸν

2024 4920 2507 4992 κατοπτρίζεταιή
2548 4915 2837 4986 παρθένος,
2880 4912 3109 4967 καθόσον
3147 4910 3442 4980 ἐνδέχεται,
3500 4908 3598 4961 καί⁸

2022 5010 2260 5079 λουτῆρα
2279 5004 2551 5077 χαλκεύει,
2577 5004 2671 5057 καὶ
2695 5001 2850 5072 βάσιν
2872 5000 3208 5070 στερέμνιον,
3232 4998 3596 5070 ἁκράδαντον,

2024 5103 2117 5155 καὶ
2147 5098 2551 5168 ἀμετακίνητον
2601 5091 2919 5163 κτησαμένη
2958 5091 3017 5144 τὸ
3047 5089 3255 5154 ἀπαθὲς
3313 5090 3595 5161 φρόνημα.

2356 5280 2519 5331 ΡΞΔ’.
2549 5306 2615 5316 -
2644 5274 2721 5344 Τῇ
2758 5272 2910 5340 αὐτῇ
2944 5271 3239 5340 παρθένῳ.

2105 5375 2368 5441 ’Δνέγνως
2406 5371 2688 5430 πολλάκις,
2733 5367 2787 5419 τί
2846 5364 3049 5435 γράφει
3084 5364 3113 5414 ὁ
3150 5362 3304 5429 άγιος
3354 5358 3598 5426 Μωὺσῆς

2022 5468 2149 5539 περί
2185 5482 2328 5527 τινος
2354 5463 2576 5534 ἀρίστου
2628 5459 2722 5512 καὶ
2753 5457 3067 5525 σοφωτάτου
3086 5453 3299 5523 ἀνδρὸς,
3322 5452 3402 5505 ὅτι
3441 5445 3598 5519 οὗτος

2354 5605 2397 5636 ⁸⁸
2425 5602 2529 5657 Job
2562 5616 2657 5663 xu,
2694 5598 2756 5652 2|
2854 5598 2897 5628 "
2927 5595 3106 5652 Eccle.
3142 5612 3180 5663 ι,
3218 5595 3283 5649 i2
3320 5613 3335 5664 ;
3396 5607 3457 5655 ιι,
3506 5589 3593 5645 i5.
