3822 6216
202 236 307 302 149

1388 202 1921 312 EPISTOLXRUM
1956 252 2100 312 LIB.
2141 253 2191 312 Ι.

3344 251 3457 318 ιω

196 351 463 420 πεποίηκε
509 352 752 423 λουτῆρα.
809 356 1065 427 χαλκοῦν,
1116 360 1209 413 καὶ
1265 361 1361 429 τὴν
1406 362 1562 430 βάσιν
1607 363 1770 416 αὐτοῦ

1899 379 2072 433 tempe
2104 366 2317 418 labrum
2364 379 2568 420 aereum
2600 364 2940 429 confecisse,
2978 372 3035 420 et
3072 363 3248 419 basim
3291 366 3444 420 illius

194 447 394 509 ὁμοίως
443 444 655 515 χαλκῆν
723 450 786 500 ὲκ
831 450 940 501 τῶν
1000 453 1320 522 κατόπτρων
1374 456 1769 523 νηστευουσῶν,

194 535 395 595 αἵτινες
434 536 589 605 παρὰ
621 537 721 607 τῆς
753 538 924 610 Θύρας
961 543 1059 612 τῆς
1099 543 1307 613 Σκηνῆς
1335 544 1429 597 τοῦ
1468 547 1771 618 μαρτυρίου

192 625 419 693 ἐνήστευ
429 642 554 679 σαν.

655 720 818 772 PEE’.
868 752 938 760 -
992 723 1317 794 ΘΕΟΔΩΡῼ.

264 804 354 875 Μὴ
381 806 531 860 ὄκνει
561 810 908 881 καθεκάστην
941 815 1150 885 ἡμέραν
1184 819 1314 888 πρὶν
1353 820 1551 883 παντὸς
1595 823 1775 890 πράγ-

193 914 361 962 ματος
400 899 645 958 ἅψασθαι
699 905 959 958 εἰσελθεῖν
993 908 1073 970 είς
1124 908 1215 962 τὸν
1260 912 1548 982 εῦκτήριον
1592 913 1770 977 οἷκον,

191 986 289 1037 καὶ
344 986 445 1055 τῆς
501 995 813 1064 προσευχῆς
873 996 1180 1052 ἀποδιδόναι
1234 1000 1296 1052 τὸ
1346 1003 1506 1072 χρέος
1554 1004 1630 1074 τῷ
1664 1007 1775 1058 Κυ-

194 1077 314 1146 ρίῳ.

689 1175 868 1243 ΡΞΕΓ.
888 1208 953 1217 -
981 1178 1070 1244 Τῷ
1100 1181 1278 1247 αὐτῷ.

257 1261 356 1313 Διὰ
392 1262 558 1315 τοῦτο
591 1264 779 1339 ὥσπερ
809 1270 960 1331 τινάς
986 1270 1209 1341 λιμένας
1241 1276 1298 1329 ὲν
1323 1276 1548 1345 πελάγει
1571 1297 1776 1332 πανταο

1876 458 2134 513 similiter
2163 473 2359 511 aeream
2406 473 2475 513 ex
2513 457 2752 527 speculis
2801 456 3191 526 jejunantium,
3224 473 3348 527 qua:
3378 458 3447 513 ad

1877 558 2063 621 portas
2116 550 2452 605 tabernaculi
2516 548 2819 606 testimonii
2886 547 3156 619 jejunium
3206 549 3445 605 celebra-

1876 650 2073 696 verant
2111 641 2178 695 ".

2223 734 2332 803 37
2364 731 2567 788 Cva,
2596 763 2665 773 —
2698 731 3088 787 meomeo.

1946 822 2023 878 Ne
2059 823 2156 877 tibi
2192 824 2467 892 neglectui
2504 824 2613 887 sit,
2638 824 2874 894 singulis
2899 824 3124 887 diebus,
3154 830 3446 889 antequam

1874 918 2027 985 operi
2061 924 2116 971 te
2146 916 2484 979 accinxeris,
2520 916 2691 970 aedem
2731 917 3028 971 oratoriam
3062 912 3310 983 ingredi,
3340 910 3445 966 ibi-

1875 1023 1983 1077 que
2012 1006 2281 1062 orationis
2314 1005 2556 1059 debitum
2585 1003 2817 1060 Domino
2851 1004 3185 1076 persolvere.

2370 1179 2603 1236 CLXVI.
2628 1212 2695 1220 —
2719 1179 2926 1235 Eidem.

1948 1273 2244 1344 Propterea
2276 1277 2447 1331 veluti
2478 1278 2746 1347 quosdam
2792 1284 2983 1333 oortus
3006 1275 3060 1328 lu
3097 1272 3275 1329 medio
3310 1271 3445 1327 mari

188 1351 285 1419 χοῦ
337 1354 442 1418 τὰς
482 1356 808 1428 Ἑκκλησίας
850 1363 878 1413 ὁ
931 1362 1062 1426 Θεὸς
1117 1364 1337 1436 ἔπηξεν,
1375 1370 1461 1422 ἵνα
1503 1372 1622 1423 καθ’
1653 1372 1774 1424 ὅσον

1899 1369 2123 1437 ιυοιίὺει
2157 1370 2210 1423 in
2248 1370 2367 1423 loco
2413 1370 2614 1437 templa
2661 1368 2806 1424 Deus
2857 1368 3134 1434 fundavit,
3176 1375 3267 1433 ut,
3316 1379 3464 1423 cum:

186 1445 449 1514 ἐγχωρεῖ,
491 1447 711 1516 φεύγων
756 1453 857 1520 τὴν
894 1453 1002 1505 τῶν
1039 1454 1308 1524 βιωτικῶν
1350 1462 1649 1529 φροντίδων
1689 1464 1779 1517 ἆλ-

188 1551 330 1602 μην,
399 1538 496 1588 καὶ
565 1536 769 1607 ζάλην,
836 1542 1117 1599 κάνταῦθα
1175 1549 1569 1612 καταπλέοντες
1636 1551 1775 1604 ἀπο-

182 1624 441 1693 λαύωμεν
508 1628 747 1699 γαλήνης
808 1634 1110 1698 σωτηρίου,
1167 1636 1257 1688 καὶ
1309 1638 1512 1710 πολλῆς
1571 1640 1771 1711 εὐφρο-

186 1733 378 1786 συνης.

470 1809 634 1862 ΡΞΖ⁶.
671 1845 738 1855 ——
786 1816 1076 1870 ΣΩΦΡΟΝΙ
1118 1819 1479 1892 ΤΡΙΒΟΥΝῼ.

256 1897 373 1969 Τὴν
416 1901 558 1971 ὑπὲρ
586 1903 729 1971 ἄγαν
777 1908 986 1977 τέρψιν,
1029 1912 1124 1963 καὶ
1179 1913 1279 1983 τὴν
1306 1913 1543 1985 ἄμετρον
1573 1918 1769 1985 χαρὰν,

184 1992 364 2044 καὶτὸ
388 1994 486 2046 ἐπὶ
515 1999 635 2058 ταῖς
669 1996 998 2068 εὐπραγίαις
1030 2004 1314 2072 γαυρίαμα
1345 2006 1443 2074 τῆς
1488 2007 1666 2076 ψυχῆς
1704 2012 1769 2080 τῇ

185 2087 465 2157 κατηφείᾳ
505 2088 600 2141 τοῦ
623 2089 939 2160 προσώπου,
970 2096 1062 2148 καὶ
1092 2098 1158 2168 τῇ
1192 2099 1434 2169 εὐκαίρῳ
1473 2103 1648 2171 σιωπῇ
1681 2117 1774 2154 xo-

185 2178 466 2246 λάσωμεν.

683 2270 852 2325 ΡΞΗ’.
882 2304 951 2317 --
980 2274 1068 2340 Τῷ
1095 2276 1274 2341 αὐτῷ.

255 2361 367 2431 Τῆς
401 2376 608 2431 σαρκος
630 2362 691 2414 τὸ
722 2364 1020 2434 σκίρτημα,
1047 2367 1140 2419 καὶ
1168 2369 1264 2437 τὴν
1305 2370 1536 2438 αἰσχρὰν
1563 2370 1769 2439 ἔφεσιν,

186 2452 261 2521 τῷ
282 2452 385 2521 τῆς
419 2453 682 2521 νηστείας
722 2456 903 2524 ἱμάντι
935 2458 1316 2526 μαστίξαντες,
1361 2461 1455 2512 καὶ
1504 2461 1581 2531 τῷ
1630 2462 1771 2534 λόγῳ

185 2543 469 2615 πείσωμεν
499 2544 816 2617 ἡσυχάζειν.

291 2642 297 2648 ’
681 2639 850 2692 ΡΞΘ.
880 2670 954 2682 -υ-
988 2641 1072 2706 Τῷ
1104 2642 1284 2708 αὐτῷ.

253 2730 515 2793 Εὐκόλως
558 2732 682 2785 λίαν
725 2734 862 2803 πρὸς
901 2736 1001 2805 τὴν
1046 2736 1337 2800 ἀλαζονίαν
1381 2740 1665 2810 ἐπαίρεται
1712 2742 1773 2793 τὸ

183 2820 535 2890 ἀνθρώπινον
559 2823 733 2890 γένος·
759 2826 945 2897 διόπερ
980 2829 1190 2882 πολλῶν
1225 2831 1459 2901 ἰσχυρῶν
1484 2833 1641 2901 χρεία
1674 2850 1771 2901 χα-

184 2914 347 2966 Αινῶν
396 2916 537 2984 πρὸς
574 2916 865 2987 δαμασμὸν
918 2920 1011 2972 τοῦ
1061 2920 1429 2991 φρονήματος.
1479 2924 1656 2977 Πολλὰ
1712 2926 1770 2978 δὲ

182 3006 443 3074 εὑρήσεις
492 3003 671 3076 ζητῶν
722 3010 997 3080 σποράδην
1032 3012 1172 3064 κατὰ
1208 3014 1306 3082 τὴν
1358 3015 1508 3067 Θείαν
1550 3016 1589 3067 Γ
1593 3017 1771 3086 ραερὴν

182 3094 550 3165 χαλινὼματά
616 3115 675 3150 τε
726 3100 818 3152 καὶ
870 3103 1137 3172 κήμωτρα
1176 3103 1284 3155 τῶν
1328 3104 1628 3173 ἀλογίστων
1672 3126 1774 3160 πα-

182 3189 319 3241 θῶν.

717 3282 835 3339 ΡΟ⁰.
861 3315 930 3323 --
961 3283 1045 3348 Τῷ
1076 3285 1256 3351 αὐτῷ.

261 3371 325 3425 Ὀ
386 3371 597 3442 Κύριος
653 3371 808 3442 ήμῶν
864 3372 1068 3441 Ἰησοῦς
1130 3376 1367 3445 Χριστὸς
1407 3378 1582 3432 πάντα
1636 3379 1777 3449 ὑπὲρ

184 3464 348 3531 ἡμῶν
403 3464 649 3531 γέγονεν,
704 3465 804 3515 ὅσα
858 3465 1042 3534 ἡμεῖς,
1109 3466 1248 3536 πλὴν
1314 3470 1413 3538 τῆς
1478 3472 1774 3542 ἁμαρτίας

191 3572 209 3604 ι
253 3554 569 3624 Ἀμαρτίαν
589 3557 697 3624 γὰρ
715 3553 941 3618 οὐδόλως
962 3556 1237 3624 ἐποίησεν.
1264 3577 1283 3609 ι
1314 3560 1496 3613 Πάντα
1527 3561 1584 3613 δὲ
1620 3562 1779 3629 γέγο-

185 3663 297 3709 νεν,
320 3647 611 3698 τουτέστιν
642 3643 824 3715 σῶμα,
874 3646 1045 3718 ψυχὴ,
1089 3649 1237 3712 νοῦς.
1268 3650 1444 3719 Φεῦγε
1478 3654 1658 3706 τοίνυν
1684 3655 1778 3709 τὸν

184 3737 359 3810 λῆρον
386 3739 483 3792 τοῦ
504 3739 828 3809 Μανιχαίου.

692 3917 861 3971 POA'.
891 3948 960 3958 ——
993 3917 1080 3983 Τῷ
1106 3917 1283 3983 αὐτῷ.

260 4012 595 4080 Ἀνθρωπος
654 4011 751 4080 μὲν
799 4011 943 4064 κατὰ
999 4010 1063 4062 τὸ
1127 4011 1449 4079 φαινόμενον
1502 4014 1531 4064 ὁ
1585 4012 1777 4083 Σωτὴρ

186 4104 453 4175 Χριστὸς,
484 4102 616 4163 Θεὸς
642 4101 699 4153 δὲ
721 4103 748 4153 ὁ
782 4100 942 4164 αὐτὸς
965 4117 1106 4154 κατα
1129 4100 1190 4153 τὸ
1228 4099 1533 4170 νοούμενον,
1563 4100 1689 4163 Υἱὸς
1718 4101 1775 4153 δὲ

188 4194 511 4266 ἀνθρώπου,
562 4192 656 4245 καὶ
690 4192 779 4244 διὰ
816 4191 907 4243 τὸν
953 4190 1145 4261 Ἀδὰμ,
1178 4193 1271 4243 καὶ
1305 4191 1394 4243 διὰ
1432 4190 1530 4260 τὴν
1560 4191 1773 4261 Παροέ-

189 4305 299 4352 νον,
344 4286 403 4350 ἐξ
438 4278 514 4339 ὧν
550 4285 789 4354 ἐγένετο,
840 4281 935 4335 τοῦ
983 4282 1082 4352 μὲν
1137 4283 1212 4345 ὡς
1261 4283 1624 4353 προπάτορος,
1676 4283 1774 4349 τῆς

189 4379 246 4431 δὲ
273 4379 355 4441 ὠς
394 4375 605 4447 μητρὸς
641 4375 813 4444 νόμῳ,
840 4375 934 4426 καὶ
963 4374 1022 4426 οὐ
1044 4374 1192 4443 νόμῳ
1211 4375 1539 4443 γεννήσεως.

694 4465 860 4520 POB’.
892 4495 961 4505 —
994 4464 1078 4529 Τῷ
1101 4463 1281 4528 αὐτῷ.

266 4576 291 4611 ι’
336 4556 485 4627 Σὰρξ
507 4555 603 4609 καὶ
633 4551 793 4626 αἷμα,
840 4556 1025 4625 φησὶν,
1078 4555 1350 4625 βασιλείαν
1378 4553 1515 4606 Θεοῦ
1548 4555 1608 4605 οὐ
1642 4553 1768 4624 κλη-

197 4649 585 4719 ρονομήσουσι·
624 4667 643 4699 ι
693 4649 990 4712 τουτέστιν,
1037 4650 1085 4700 οἰ
1143 4648 1396 4719 σαρκικοὶ
1435 4646 1527 4699 τὸν
1576 4647 1778 4716 τρόπον

195 4740 532 4809 ὑπάρχοντες
561 4738 666 4803 ἔξω
699 4740 799 4807 τῆς
833 4738 1109 4809 βασιλείας
1138 4738 1509 4808 ῥιφοήσονται.
1547 4758 1565 4789 ι
1590 4739 1779 4808 Ὑμεῖς

194 4832 272 4891 δὲ,
313 4832 501 4900 φησὶν,
539 4832 588 4883 oi
634 4832 836 4894 πιστοὶ,
880 4833 975 4883 καὶ
994 4830 1377 4901 πνευματικοὶ,
1402 4832 1505 4882 οὐκ
1549 4828 1672 4882 ἐστὲ
1720 4829 1779 4880 ὲν

199 4922 387 4992 σαρκὶ,
420 4920 538 4972 ἀλλ’
560 4924 617 4973 ἐν
640 4920 935 4990 πνεύματι.
970 4940 988 4970 ι

486 5015 653 5066 POI".
680 5042 745 5052 -—-
778 5013 1073 5083 ΑΦΘΟΝΙῼ
1115 5009 1494 5081 ΣΑΜΑΡΙΤῌ.

280 5106 524 5175 Ἐρωτᾷς
559 5121 648 5174 με,
677 5104 790 5167 πῶς
814 5104 1032 5156 δυνατόν
1069 5106 1235 5167 ἐστιν,
1261 5102 1322 5154 τὸ
1352 5100 1589 5172 φθαρτὸν
1623 5099 1783 5169 σῶμα.

1802 4408 1849 4463 D

1881 1462 1997 1516 lieri
2032 1473 2246 1532 potest,
2285 1471 2628 1516 terrenarum
2660 1477 2919 1516 curarum
2960 1476 3108 1514 mare
3140 1474 3205 1513 ac
3242 1469 3463 1525 teiupe-.

1877 1564 2052 1611 states
2100 1556 2437 1610 devitautes.
2492 1556 2546 1607 in
2603 1570 2813 1623 eosque
2865 1568 2966 1606 nos
3032 1551 3463 1612 subducentes,

1877 1647 2063 1716 quiete
2094 1646 2324 1702 salutari
2355 1661 2419 1699 ac
2448 1646 2651 1716 ingenti
2695 1645 2881 1699 laetitia
2910 1644 3204 1713 potiamur.

2090 1821 2346 1895 ccxvu.
2370 1850 2437 1862 -
2462 1819 2852 1877 SOPHRONIO
2874 1818 3197 1874 TRIBUNO.

1948 1912 2179 1967 Nimiam
2222 1916 2554 1983 voluptatem
2597 1923 2653 1969 et
2688 1912 3107 1967 immoderatum
3148 1910 3441 1981 gaudium,

1876 2016 1929 2060 et
1962 2007 2014 2059 in
2056 2006 2298 2061 secunda
2332 2006 2544 2060 fortuna
2590 2008 2782 2059 anima
2824 2005 3172 2059 insolentiam
3221 2003 3444 2058 tristitia

1876 2099 2084 2163 vultus,
2116 2107 2170 2153 et
2203 2098 2525 2153 tempestivo
2555 2098 2775 2152 silentio
2801 2098 3251 2166 comprimamus.

2363 2252 2636 2309 CLXVIII.
2660 2285 2730 2296 -—
2756 2254 2959 2309 Eidem.

1946 2346 2141 2402 Carnis
2168 2347 2591 2409 exsultantiam,
2620 2348 2992 2416 etappetitum
3020 2346 3322 2402 obscenum
3354 2343 3442 2413 je-

1874 2439 2015 2509 junii
2043 2441 2160 2495 loro
2191 2439 2461 2494 credentes
2490 2450 2545 2492 et
2569 2439 2799 2503 ratione,
2825 2437 3255 2508 persuadeamus
3289 2435 3442 2506 quie-

1877 2546 2052 2588 scere.

2374 2616 2604 2673 CLXIX.
2636 2649 2705 2659 —
2732 2616 2938 2673 Eidem.

1942 2710 2230 2765 Facillime
2262 2725 2434 2780 genus
2484 2710 2788 2763 humanum
2836 2709 2901 2760 ad
2936 2706 3452 2777 jactanttam'intu-

1827 2823 1835 2831 ’
1877 2806 2074 2858 mcscit
2110 2819 2121 2853 :
2154 2808 2495 2872 quapropter
2522 2800 2590 2853 ad
2637 2798 2855 2853 inﬂatas
2900 2800 3262 2868 cogitationes
3295 2812 3446 2852 com-

1878 2892 2177 2962 pesceudas
2204 2890 2387 2954 frena,
2419 2904 2591 2958 eaque
2633 2890 2799 2943 multa
2836 2904 2901 2943 ac
2930 2888 3105 2941 valida
3132 2903 3269 2956 opus
3294 2894 3451 2941 sunt.

1880 2982 2047 3035 Multa
2079 2998 2212 3035 vero
2245 2981 2343 3035 tibi
2378 2978 2672 3049 quaerendo
2714 2980 3073 3049 investigabis
3115 2980 3350 3049 Sparsim
3387 2980 3440 3033 in

1800 3062 1844 3118 C
1875 3073 2078 3127 divinis
2113 3072 2338 3126 Litteris
2378 3074 2589 3125 ratione
2613 3071 2920 3141 expertium
2946 3071 3241 3126 ali'ectuum
3291 3070 3457 3131 frena

1878 3178 1941 3218 ac
1978 3164 2302 3218 retinacula.

2317 3254 2429 3325 68
2473 3251 2681 3307 CLXX.
2715 3283 2785 3294 —
2818 3252 3019 3307 Eidem.

1948 3340 2211 3433 Dominus
2248 3357 2441 3402 noster
2487 3347 2648 3403 Iesus
2687 3346 2941 3401 Christus
2991 3360 3174 3399 omnia
3217 3358 3316 3413 pro
3347 3359 3445 3397 no-

1877 3440 1997 3504 liis,
2026 3423 2151 3508 qui
2177 3448 2229 3492 et
2258 3455 2360 3494 nos
2402 3455 2615 3506 sumus,
2658 3448 2859 3511 praeter
2910 3451 3079 3491 unum
3126 3423 3460 3506 peccatum.

1878 3528 2055 3584 factus
2109 3524 2228 3583 est:
2271 3548 2289 3579 ι
2355 3536 2657 3598 ροοοιηυιιι⁵
2698 3528 2843 3583 enim
2904 3541 3134 3597 prorsus
3190 3540 3300 3579 non
3360 3519 3463 3578 l'e-i

1876 3621 1953 3674 cit
1983 3621 2047 3672 ⁷ο.
2088 3639 2106 3671 ›
2151 3619 2346 3673 Omnia
2404 3634 2537 3673 vero
2594 3618 2772 3672 factus
2814 3628 2932 3681 est,
2984 3631 3184 3685 corpus
3215 3628 3444 3685 nempe,

1878 3711 2057 3764 anima
2082 3751 2096 3776 ,
2131 3725 2305 3765 mens.
2331 3710 2475 3764 Cave
2500 3710 2597 3764 tibi
2629 3709 2792 3779 igitur
2816 3724 2847 3760 a
2876 3707 3087 3762 deliriis
3118 3705 3444 3762 Manichaeo-

1878 3818 2019 3858 rum.

2372 3892 2603 3950 CLXXI.
2627 3922 2698 3933 —-
2726 3890 2933 3945 Eidem.

1950 3991 2122 4044 Homo
2154 3987 2370 4058 quidem
2395 3986 2572 4041 oculis
2598 3984 2846 4053 objectus
2870 3980 3127 4035 Servator
3148 3979 3405 4035 Christus
3425 4022 3441 4045 ,

1878 4082 2023 4137 Deus
2072 4082 2212 4135 idem
2262 4080 2543 4133 intellectu
2592 4076 3003 4146 deprehensus,
3038 4081 3094 4127 at
3128 4071 3301 4127 Filius
3341 4073 3443 4125 ho-

1878 4176 2044 4230 minis
2076 4183 2299 4243 propter
2340 4171 2512 4224 Adam
2553 4178 2607 4223 et
2654 4168 2975 4238 Virginem,
3011 4182 3077 4220 ex
3107 4165 3306 4235 quibus
3354 4178 3445 4217 or—

1875 4277 1990 4321 tum
2022 4265 2210 4330 duxit,
2263 4263 2329 4317 ab
2376 4278 2441 4317 eo
2490 4272 2745 4329 tanquam
2796 4258 3178 4330 progenitore,
3218 4256 3289 4312 ab
3338 4256 3444 4310 hac

1880 4374 2029 4413 more
2059 4358 2282 4420 matris,
2316 4355 2409 4410 sed
2447 4368 2553 4406 non
2583 4359 2795 4422 partus.

2350 4442 2606 4498 CLXXII.
2628 4472 2700 4482 —
2720 4441 2926 4496 Eidem.

1956 4559 1975 4591 ι
2007 4540 2148 4594 Caro
2179 4545 2233 4593 et
2256 4538 2515 4606 sanguis,
2552 4536 2763 4604 inquit,
2792 4548 3018 4605 regnum
3064 4531 3157 4588 Det
3198 4544 3307 4586 non
3334 4531 3447 4586 hae-

1881 4633 2197 4689 reditabunt
2232 4632 2299 4697 7';
2340 4649 2357 4681 ι
2392 4629 2494 4682 hoc
2526 4635 2641 4691 est,
2673 4627 2770 4697 qui
2797 4626 2984 4681 carnei
3015 4624 3265 4679 moribus
3291 4631 3441 4688 sunt,

1881 4732 2034 4777 extra
2060 4735 2290 4790 regnum
2327 4718 2676 4787 abjicientur.
2719 4734 2739 4767 ι
2779 4715 2882 4770 Vos
2920 4723 3100 4769 autem
3140 4713 3356 4777 ﬁdeles,
3388 4720 3447 4767 et

1882 4813 2099 4882 spiritui
2127 4810 2370 4874 addicti,
2410 4824 2520 4862 non
2547 4808 2719 4871 estis,
2763 4806 2876 4872 ait,
2920 4805 2979 4859 in
3022 4819 3219 4869 carne,
3266 4802 3361 4858 sed
3386 4803 3445 4858 in

1875 4903 2074 4974 spiritu
2111 4903 2177 4955 ⁷³.
2220 4920 2239 4953 ι

2037 4993 2317 5049 CLXXIII.
2347 5022 2417 5032 —
2443 4986 2845 5045 APHTIIONIO
2873 4983 3281 5041 SAMARITIE.

1947 5086 2138 5141 Poscis
2172 5100 2202 5138 a
2233 5100 2354 5148 me,
2383 5080 2659 5153 quomodo
2712 5079 2830 5133 lieri
2882 5085 3089 5148 potest,
3139 5085 3199 5128 ut
3242 5090 3453 5145 corpus

200 5164 479 5264 ἄφθαρτον
506 5164 826 5261 άναστῆναι.
874 5194 1186 5262 Ἀντερωτῶ
1217 5164 1296 5256 σε,
1329 5164 1442 5255 πῶς
1465 5164 1533 5243 ’τὸ
1585 5164 1774 5257 τηκτὸν

1899 5176 2220 5248 :orruptioni
2248 5174 2579 5236 obnoxium,
2610 5173 2989 5239 incorruptum
3010 5174 3279 5238 resurgat.
3322 5164 3445 5236 Ipse

202 5287 295 5337 καί
326 5285 565 5354 φθαρτὸν
598 5286 774 5353 μάννα
792 5287 849 5337 ὲν
879 5288 945 5356 τῇ
979 5286 1200 5355 στάμνῳ
1232 5288 1298 5355 τῇ
1317 5288 1492 5355 χρυσῇ
1515 5284 1776 5338 κατακλι-

206 5376 328 5426 σθὲν
354 5376 461 5427 ὑπὸ
504 5374 597 5428 τοῦ
637 5376 935 5441 Μωῦσέως,
973 5377 1237 5446 διέμεινεν
1259 5376 1553 5447 ἄφθαρτον.
1604 5376 1775 5444 Δῆλον

205 5466 283 5517 ὅτι
310 5468 377 5536 τῇ
404 5467 498 5519 τοῦ
532 5465 668 5519 Θεοῦ
722 5466 972 5537 βουλήσει
1004 5468 1099 5521 καὶ
1125 5467 1373 5539 δυνάμει.
1400 5468 1477 5538 Τῇ
1508 5467 1615 5537 γὰρ
1640 5467 1777 5537 αὐτῇ

1881 5282 2074 5329 contra
2108 5288 2138 5325 a
2172 5282 2223 5326 te
2249 5284 2437 5340 posco,
2476 5280 2711 5336 quanam
2762 5263 2993 5318 ratione
3015 5258 3161 5330 quod
3207 5260 3440 5330 liquari,

1883 5382 1947 5421 ac
2002 5365 2277 5438 corrumpi
2336 5368 2549 5431 poterat
2604 5372 2840 5419 manna,
2894 5356 2950 5409 in
3012 5370 3150 5408 urna
3201 5367 3366 5407 aurea
3410 5368 3452 5410 at

1881 5461 2068 5532 Moyse
2096 5460 2377 5515 occlusum
2402 5495 2418 5521 ,
2455 5454 2722 5508 illibatum
2765 5448 3066 5521 permansit
3097 5448 3164 5501 ⁷⁸.
3218 5447 3307 5501 Dei
3331 5447 3441 5504 sci-

279 5647 321 5677 "
354 5645 523 5702 Exod.
567 5660 797 5711 xuvul,
832 5646 884 5701 8.
958 5647 1003 5679 ⁷⁰
1036 5646 1054 5700 I
1085 5645 1229 5702 Petr.
1284 5661 1344 5704 ιι.
1383 5645 1473 5701 22.
1550 5649 1592 5678 ἰ
1626 5644 1644 5698 l
1675 5644 1774 5700 Cor

1899 5661 1920 5707 ν,
1949 5643 2016 5696 50
2114 5642 2157 5672 ⁷³
2208 5640 2364 5693 lium.
2395 5633 2587 5690 viu.9.
2663 5632 2709 5665 "
2737 5630 2910 5686 Exou.
2966 5646 3076 5695 xvi,
3108 5627 3197 5684 53.
