3822 6216
351 220 447 289 151

1809 231 1871 294 S.
1902 231 2069 293 NILI

3525 240 3634 307 IS!

353 341 477 393 licet
521 346 657 393 nutu
705 354 769 393 ac
811 341 1078 410 potentia.
1130 342 1222 398 Sic
1258 343 1448 399 eadem
1498 344 1757 401 facultate
1818 344 1923 401 He-

2105 348 2255 421 ιάμει
2287 352 2381 407 καὶ
2414 352 2581 426 Ἑνὼχ
2620 354 2812 426 θνητὸς
2850 355 2927 409 ὣν
2963 357 3249 429 μετετέθη,
3298 359 3393 413 καὶ
3422 359 3633 416 aem-

347 430 490 486 noch
524 432 774 485 mortalis
799 448 925 486 cum
955 441 1135 500 esset,
1166 437 1439 505 rep0situs
1466 446 1552 493 est
1573 477 1587 501 ,
1631 446 1685 493 et
1713 438 1937 493 immor-

349 525 479 581 talis
507 525 573 578 ad
608 527 728 578 haec
762 540 941 595 usque
980 534 1232 597 tempora
1260 539 1627 585 conservatur
1658 530 1725 583 ⁷⁸.

452 619 565 688 69
604 617 884 674 CLXXIV.
909 649 978 662 —-
1008 620 1474 678 TELESPHOIIO
1508 623 1822 678 PRIMATI.

419 708 778 765 Communem
810 727 1101 781 personam
1140 713 1360 781 Patris,
1394 723 1449 769 et
1474 714 1597 769 Filii
1622 757 1635 776 .
1675 724 1731 772 et
1760 716 1920 787 Spiri-

351 808 443 855 tus
469 802 685 866 sancti,
716 813 772 858 et
803 820 967 858 unam
1009 807 1337 876 imaginem,
1369 816 1425 862 et
1460 809 1712 863 eamdem
1741 808 1938 864 simili-

353 893 599 949 tudinem
645 897 889 951 ostendit
919 897 1237 969 Scriptura.
1273 899 1415 955 Illud
1454 901 1652 955 enimr:
1687 919 1705 952 ι
1744 899 1937 955 Facia-

351 1001 475 1041 nms
498 987 775 1043 hominem
811 991 877 1045 ad
920 991 1211 1062 imaginem
1251 1001 1305 1047 et
1358 992 1775 1049 similitudinem
1808 994 1876 1059 ¹¹⁵,
1910 1011 1931 1047 ι

352 1078 458 1133 hoc
485 1080 688 1134 innuit.

588 1174 846 1230 CLXXV.
876 1204 945 1218 -
985 1176 1359 1236 PIIILAGRIO
1387 1176 1721 1235 LECTORI.-

428 1260 487 1318 ει
544 1265 673 1334 quis
735 1269 936 1337 poterit
983 1272 1169 1326 animo
1236 1272 1633 1327 suavissimum
1692 1270 1937 1343 Spiritus

355 1357 532 1411 sancti
573 1358 796 1414 odorem
838 1360 1110 1428 olfacere,
1156 1362 1343 1418 habitu
1393 1365 1720 1432 reviviscet,
1774 1380 1838 1419 ac
1889 1367 1935 1421 si

352 1451 653 1506 emortuis
690 1453 1126 1518 resurrexisset;
1164 1464 1219 1510 et
1250 1471 1436 1511 secum
1469 1457 1587 1527 ipse
1621 1458 1937 1522 mirabitur,

353 1557 422 1598 ex
450 1557 558 1613 qua
585 1545 912 1602 conditione
956 1547 1012 1602 in
1048 1563 1214 1618 quam
1249 1548 1417 1604 fuerit
1467 1551 1826 1616 immutatus,
1866 1552 1935 1605 il-

355 1633 564 1706 lndque
592 1635 843 1692 Ezechiae
891 1639 1267 1694 exclamabit:
1307 1658 1327 1692 ι
1387 1641 1647 1696 Excitasti
1694 1642 1828 1695 mihi
1858 1641 1939 1695 vi-

358 1738 467 1780 tam
488 1767 503 1789 ,
536 1736 590 1782 et
615 1729 941 1785 consolatus
963 1730 1109 1795 vixi,
1144 1739 1200 1787 et
1232 1730 1520 1801 proiecisti
1548 1740 1672 1801 post
1696 1748 1782 1786 me
1814 1748 1934 1787 om-

355 1833 459 1873 nes
485 1820 801 1889 iniquitates
821 1837 975 1879 meas
1002 1824 1069 1891 ",
1104 1842 1124 1875 ι
1161 1840 1229 1878 ne
1258 1824 1313 1879 in
1354 1835 1638 1894 posterum
1676 1826 1934 1895 iapsunm

357 1908 503 1963 idola
549 1911 945 1982 imaginatione
983 1915 1287 1984 exprimam
1314 1958 1329 1982 ,
1364 1916 1532 1970 corde
1576 1932 1717 1987 puro
1756 1917 1811 1970 in
1849 1917 1937 1970 fu—

355 2007 542 2055 turum
568 2014 912 2074 comparato.

834 2095 966 2151 CLX
979 2094 1119 2151 XVI.
1146 2127 1219 2139 —-
1235 2098 1445 2153 Eidem.

428 2183 548 2238 Non
598 2192 814 2239 tantum
861 2187 1213 2242 maleolentia
1267 2197 1324 2244 et
1386 2188 1761 2257 infructuosa,
1805 2189 1938 2259 quin

357 2276 524 2331 etiam
549 2286 763 2333 mortua
796 2280 1105 2351 iniquitatis
1134 2298 1300 2352 opera
1337 2282 1571 2337 dicenda
1603 2291 1750 2338 sunt.

574 2370 876 2428 CLXXVII.
909 2372 1285 2431 —LIMENIO
1336 2372 1690 2431 MONACIIO.

434 2460 716 2519 Virtutum
770 2475 919 2520 recta
974 2467 1299 2536 dispositio,
1352 2484 1477 2537 qua:
1523 2469 1577 2522 in
1615 2468 1773 2523 cmlis
1819 2477 1942 2531 est,

362 2556 678 2612 beatitatem
736 2560 1083 2630 suppeditat,
1148 2577 1312 2631 quam
1378 2579 1478 2617 nec
1507 2562 1688 2616 oratio
1758 2561 1943 2629 expri-

362 2665 546 2713 mere,
610 2667 711 2704 ner.
766 2668 923 2708 mens
975 2655 1479 2724 comprehendere.
1540 2670 1642 2709 nec
1682 2652 1945 2723 cogitatio

363 2754 562 2810 capo-re
591 2750 795 2811 potest.

743 2834 850 2905 7o
884 2834 1211 2891 CLXXVIII.
1245 2867 1313 2877 —
1346 2836 1553 2892 Eidem.

438 2942 458 2975 ι
501 2922 577 2980 Ne
625 2926 811 2982 tradas
864 2944 986 2995 me,
1020 2930 1125 2991 ait,
1185 2931 1238 2983 in
1290 2931 1505 2985 animas
1555 2929 1943 2985 tribulantium

2040 458 2133 506 τος
2167 443 2329 513 μέχρι
2350 444 2446 498 νῦν
2467 446 2834 516 πεφύλακται.

2247 620 2413 674 ΡΟΔ’.
2441 649 2512 660 -
2534 621 2940 695 ΤΕΛΕΣΦΟΡῼ
2970 624 3432 680 ΠΡΩΤΕΥΟΝΤῘ.

2114 708 2307 761 Κοινὸν
2341 710 2632 780 πρόσωπον
2664 710 2938 768 δείκνυσιν
2971 717 3004 785 ἠ
3046 715 3236 786 Γραφὴ
3267 716 3363 769 τοῦ
3392 716 3637 788 Πατρδς,

2040 801 2139 853 καὶ
2175 800 2270 854 τοῦ
2300 801 2457 870 Υίοῦ,
2486 806 2583 858 καὶ
2616 804 2712 858 τοῦ
2752 806 2911 875 ἁγίου
2942 807 3278 878 Πνεῦματος,
3311 808 3410 863 καλ⁵
3444 809 3641 864 εἰκόνα

2042 896 2195 965 μίαν,
2264 896 2361 951 καὶ
2421 898 2684 969 ὁμοίωσιν
2729 900 2831 971 τὴν
2890 901 3085 971 αὐτὴν.
3135 901 3209 953 Τὸ
3260 901 3371 974 γὰρ
3429 905 3632 956 εἰπεῖν’

2043 1008 2062 1040 ι
2098 990 2426 1061 Ποιήσωμεν
2455 991 2748 1065 ἄνθρωπον
2791 993 2913 1048 κατ’
2944 994 3131 1048 εἰκόνα
3155 993 3251 1047 καὶ
3282 995 3568 1065 ὁμοίωσιν,
3609 1014 3633 1047 ι

2037 1084 2195 1139 τοῦτο
2222 1085 2395 1157 δηλοῖ.

2287 1178 2454 1231 POE’.
2479 1207 2550 1219 —-
2590 1176 2910 1248 ΦΙΛΑΓΡῘῼ
2939 1176 3377 1247 ΑΝΑΓΝΩΣΤῌ.

2109 1270 2176 1323 Εἰ
2195 1287 2280 1335 τις
2322 1270 2579 1340 δυνηθείη
2603 1270 2744 1323 κατὰ
2780 1269 2957 1342 ψυχὴν
2985 1268 3358 1341 ὀσφρανθῖψαι
3386 1270 3486 1340 τῆς
3534 1269 3640 1322 τοῦ

2036 1362 2194 1430 ἁγίου
2226 1360 2551 1433 Πνεὺματος
2597 1362 2848 1429 εὐωδίας,
2898 1360 3479 1435 ἀναζωπυρωθήσεται
3532 1362 3641 1432 τὴν

2037 1454 2152 1520 ἕξιν
2177 1453 2365 1527 ὥσπερ
2398 1455 2462 1508 ἐκ
2484 1455 2696 1526 νεκρῶν
2722 1454 2990 1525 ἐγερθεὶς,
3024 1456 3117 1509 καὶ
3151 1455 3639 1526 ἁποθαυμάσεται,

2039 1549 2104 1600 ὲκ
2142 1547 2303 1611 ποίας
2349 1540 2737 1612 καταστάσεως
2793 1549 2874 1612 είς
2916 1548 3074 1603 ποίαν
3107 1548 3393 1617 μετετέθη,
3435 1548 3531 1601 καὶ
3569 1548 3642 1601 τὸ

2040 1640 2135 1695 τοῦ
2201 1640 2445 1704 Ἐζεκίου
2508 1641 2876 1711 ἀναφωνήσει·
2944 1658 2964 1692 ι
3018 1638 3339 1709 Ἔξήγειράς
3375 1656 3476 1707 μου
3534 1639 3644 1710 τὴν

2041 1732 2209 1804 ζωὴν,
2246 1731 2342 1786 καὶ
2379 1732 2760 1804 παρακληθεὶς
2806 1729 3001 1802 ἔζησα,
3033 1732 3130 1784 καὶ
3160 1730 3472 1801 ἀπέρριψας
3511 1730 3643 1782 ὀπί-

2042 1842 2119 1878 σω
2178 1841 2280 1896 μου
2327 1825 2509 1888 πάσας
2551 1825 2649 1888 τὰς
2695 1823 2969 1895 ἁμαρτίας
3004 1841 3129 1894 μου,
3172 1841 3190 1874 ι
3249 1823 3399 1885 ὅπως
3433 1822 3643 1892 μηκέτι

2000 1978 2005 1987 _
2041 1916 2404 1988 φαντάζωμαι
2451 1917 2521 1971 τὰ
2554 1916 2666 1970 τῶν
2713 1916 3078 1987 πταισμάτων
3119 1914 3336 1978 εἴδωλα,
3383 1914 3644 1987 καθαρὰν

2041 2011 2269 2084 καρδίαν
2302 2012 2645 2083 κτησάμενος
2667 2011 2765 2064 τοῦ
2789 2011 3001 2065 λοιποῦ.

2530 2102 2715 2170 Ροςν.
2750 2131 2820 2142 -
2846 2099 2931 2167 Τῷ
2960 2101 3121 2168 αὐτῷ

2113 2195 2189 2248 Οὐ
2223 2194 2382 2264 μόνον
2408 2194 2618 2265 δυσώδη
2701 2194 2794 2246 καὶ
2826 2193 3078 2264 ἄκαρπα,
3117 2191 3255 2246 ἀλλὰ
3284 2191 3395 2263 γὰρ
3424 2190 3521 2245 καὶ
3544 2206 3635 2242 ve-

2043 2292 2152 2362 κρὰ
2175 2290 2404 2362 κλητέον
2437 2290 2505 2341 τὰ
2529 2287 2668 2359 ἔργα
2691 2287 2793 2357 τῆς
2823 2286 3121 2358 ἁμαρτίας.

2398 2382 2933 2445 ΡΟΖ’.-Λ1ΜΕΝΙῼ
2959 2379 3275 2449 ΜΟΝΑΧῼ.

2128 2475 2192 2528 Ἦ
2217 2474 2326 2528 τῶν
2359 2473 2574 2545 ἀρετῶν
2616 2474 2839 2545 μέθοδος
2866 2474 2967 2543 τὴν
2995 2473 3054 2526 ὲν
3080 2474 3193 2535 τοῖς
3236 2470 3490 2541 οὐρανοῖς
3530 2486 3643 2539 μα-

2046 2566 2349 2637 καριότητα
2374 2563 2647 2635 προξενεῖ,
2682 2563 2782 2634 τὴν
2813 2561 2939 2617 οὔτε
2972 2562 3117 2634 λόγῳ
3155 2562 3351 2633 ῥητὴν,
3393 2558 3517 2615 οὔτε
3556 2557 3643 2629 νῷ

2045 2657 2277 2730 ληπτὴν,
2303 2656 2429 2711 οὔτε
2454 2656 2633 2728 ἐννοίᾳ
2661 2656 2943 2727 χωρητήν.

2540 2838 2790 2894 POII'.--—
2824 2837 2914 2903 Τῷ
2951 2836 3132 2903 αὐτῷ.

2126 2955 2145 2988 ι
2177 2933 2271 3005 Μὴ
2325 2931 2586 3003 παραδῷς
2641 2948 2740 3002 με,
2769 2931 2958 3001 φησιν,
2991 2933 3072 2993 είς
3114 2929 3292 3001 ψυχὰς
3340 2927 3642 2984 θλιϐόντων

365 3017 544 3082 me";
584 3036 603 3069 ι
656 3019 807 3088 impii
863 3020 1136 3087 siquidem
1188 3023 1454 3080 affectus.
1502 3040 1529 3076 a
1559 3024 1762 3093 quibus
1809 3024 1939 3080 libe-

2105 3044 2142 3080 ε·
2189 3044 2208 3078 ι
2252 3026 2427 3097 ψυχαὶ
2452 3025 2561 3095 γὰρ
2587 3024 2697 3078 τῶν
2718 3024 2987 3094 δαιμόνων
3015 3022 3081 3076 τὰ
3114 3022 3305 3076 ἀνόσια
3351 3021 3524 3094 πάθη,
3558 3015 3641 3076 ὧν

362 3107 475 3162 rari
508 3110 774 3165 orandum
804 3121 920 3171 est.
952 3113 1260 3167 daemonum
1303 3125 1433 3169 sunt
1461 3117 1680 3171 animat.

849 3203 1131 3260 CLXXIX.
1156 3235 1225 3247 ——
1251 3205 1460 3263 Eidem.

438 3291 622 3347 Jacobi
656 3294 832 3349 illud:
871 3314 888 3346 ι
927 3294 983 3351 Si
1034 3296 1251 3352 dederit
1291 3299 1425 3352 mihi
1457 3296 1722 3353 Dominus
1746 3311 1941 3368 panem

2046 3121 2268 3176 εὐκτέον
2308 3118 2594 3189 όυσθῆναι.

2539 3206 2707 3262 ΡΟΘ’.
2738 3238 2806 3250 -—
2840 3205 2925 3273 Τῷ
2952 3205 3134 3271 αὐτῷ.

2113 3304 2189 3360 Τὸ
2220 3302 2400 3369 λέγειν
2427 3298 2519 3353 τὸν
2570 3297 2786 3350 Ἰακώϐ·
2831 3314 2849 3347 ι
2886 3294 3013 3348 Ἐὰν
3046 3295 3122 3365 δῷ
3170 3313 3260 3365 μοι
3299 3295 3503 3366 Κύριος
3534 3295 3641 3365 ἆρ-

364 3384 432 3437 ad
482 3386 913 3452 comedendum,
970 3396 1027 3443 ct
1099 3399 1309 3443 vestem
1371 3388 1437 3443 ad
1498 3387 1939 3444 convolvendum

2105 3413 2137 3447 ην
2193 3395 2409 3463 φαγεῖν,
2451 3392 2546 3444 καὶ
2583 3388 2798 3460 ἱμάτιον
2844 3385 3261 3459 περιϐαλέσθαι,
3300 3404 3318 3438 ι
3374 3387 3473 3458 τὴν
3524 3386 3641 3439 τῶν

364 3492 452 3532 me
478 3477 544 3540 ⁷³,
576 3496 595 3530 ι
631 3478 757 3534 vitae
798 3480 1117 3535 institutum
1156 3481 1552 3535 monachorum
1588 3482 1868 3553 exprimit.

2105 3486 2302 3557 waxdw
2335 3484 2646 3554 διαγορεύει
2680 3480 2848 3552 ζωήν.

855 3572 1119 3628 CLXXX.
1136 3603 1206 3614 --
1228 3573 1438 3627 Eidem.

2544 3574 2672 3629 PII'.
2719 3602 2790 3615 -—
2836 3570 2921 3639 Τῷ
2954 3568 3135 3638 αὐτῷ.

438 3662 734 3718 Maximum
784 3665 988 3720 bonum
1026 3673 1113 3721 est
1140 3665 1435 3736 placiditas
1457 3707 1472 3731 ,
1507 3682 1673 3736 quam
1718 3682 1938 3723 assecu-

2117 3671 2394 3740 Μέγιστον
2427 3667 2633 3738 ἀγαθὸν
2678 3666 2939 3737 τυγχάνει
2991 3666 3027 3737 ἡ
3068 3664 3335 3736 πραότης,
3384 3665 3563 3735 ἥνπερ
3607 3665 3641 3717 ὃ

368 3769 456 3812 tus
486 3755 702 3825 Moyses
728 3756 895 3811 Deum
934 3756 1170 3813 intuitus
1196 3768 1282 3813 est
1312 3759 1379 3821 ⁷⁸,
1409 3766 1469 3812 ut
1517 3759 1771 3813 humanm
1798 3759 1939 3815 vires

2105 3764 2225 3830 ἓγας
2258 3761 2602 3829 κτησάμενος
2644 3757 2886 3820 Μωῦσῆς
2935 3755 3070 3809 Θεὸν
3123 3755 3408 3816 ἐθεάσατο,
3441 3754 3517 3818 ὡς
3548 3756 3642 3808 ἀνι

368 3849 569 3904 ἱηῑυεΐί
600 3856 854 3919 Ροεευηῑ-
2049 3855 2252 3929 θρώπῳ
2280 3853 2404 3907 ἰδεῖν
2425 3851 2670 3905 δυνατόν.

838 3935 1121 3994 CLXXXI.
1150 3966 1220 3977 —
1251 3935 1453 3990 Eidem.

2540 3941 2712 3997 PHA’.
2741 3972 2809 3981 —
2843 3938 2927 4006 Τῷ
2956 3938 3137 4005 αὐτῷ.

437 4030 704 4086 Castitate
727 4038 784 4085 et
817 4030 1058 4100 puritate
1100 4028 1478 4082 admirabilem
1510 4026 1683 4082 Eliam
1717 4028 1938 4083 aemula-

2132 4036 2424 4106 Ἐμιμήσω
2456 4036 2522 4104 τῇ
2566 4032 2782 4103 ἁγνείᾳ,
2815 4032 2911 4085 καὶ
2932 4033 2999 4102 τῇ
3025 4030 3361 4101 καθαρότητι
3385 4031 3475 4083 τὸν
3504 4030 3641 4085 θαυ-

368 4131 459 4178 tus
490 4139 550 4179 es
582 4125 649 4187 ⁸ο,
704 4123 798 4192 qui
842 4120 1261 4177 exercitationis
1304 4121 1577 4177 universa:
1608 4121 1718 4176 dux
1762 4121 1939 4177 factus

2105 4131 2257 4186 ιστὸν
2283 4127 2491 4192 Ἠλίαν,
2510 4126 2659 4188 ὅστις
2689 4126 2871 4195 πάσης
2900 4123 3191 4194 ἀσκήσεως
3220 4123 3462 4194 ἀρχηγὸς
3481 4125 3642 4192 γενά-

369 4216 580 4287 primus
621 4216 866 4270 omnium
915 4214 1079 4269 nobis
1125 4213 1484 4284 Pudicitiam,
1513 4222 1569 4268 et
1611 4229 1797 4283 parem
1829 4215 1939 4270 An-

2105 4240 2234 4285 ενος,
2281 4220 2501 4291 πρῶτος
2531 4220 2664 4288 ἡμῖν
2687 4217 2787 4287 τὴν
2820 4216 3199 4288 σωφροσύνην,
3223 4217 3317 4269 καὶ
3341 4215 3440 4287 τὴν
3478 4216 3638 4286 ίσάγ-

368 4309 506 4379 gelis
560 4309 871 4362 czelibatum
939 4305 1216 4368 ostendit.
1278 4314 1503 4377 propter
1553 4321 1719 4377 qnam
1785 4309 1939 4377 igneo

2105 4317 2208 4368 ελον
2257 4312 2506 4383 ἀγαμίαν
2544 4308 2816 4375 ὑπέδειξε,
2851 4308 2917 4362 δι’
2948 4310 3129 4380 ἥνπερ
3166 4308 3262 4362 καὶ
3296 4309 3507 4380 πυρίνῳ
3538 4308 3641 4383 ἆρ-

367 4415 538 4454 curru
568 4400 866 4469 subreptus
888 4406 994 4453 est.

2105 4428 2183 4464 ιτι
2210 4404 2526 4477 ἀνηρπάγη.

844 4488 1153 4545 CLXXXII.
1176 4519 1245 4529 —--
1270 4486 1477 4540 Eidem.

2549 4493 2721 4547 PUB’.
2736 4524 2804 4534 —-
2841 4493 2925 4560 Τῷ
2944 4493 3105 4559 αὐτῷ

436 4583 835 4639 Gravissimam
896 4581 1306 4651 aegritudinem,
1341 4585 1396 4632 et
1448 4578 1704 4633 tenebras
1749 4578 1942 4647 impie-

368 4683 538 4733 tatem
562 4676 843 4746 appellans
866 4717 884 4741 ,
914 4690 1022 4728 non
1063 4674 1288 4727 aberras
1320 4687 1349 4724 a
1368 4672 1604 4726 veritate

507 4763 836 4821 CLXXXIII.
868 4794 939 4804 —-
960 4760 1431 4817 AMPIIICTYONI
1466 4759 1795 4816 ItHE'I‘OIiI.

439 4857 654 4929 Ingenti
688 4857 1063 4912 emolumento
1097 4855 1303 4909 ditatus
1323 4894 1338 4917 ,
1360 4862 1414 4909 et
1437 4868 1627 4908 mensa
1660 4854 1903 4910 aﬂlnenti
1927 4896 1944 4919 ,

368 4951 815 5019 honoribusque,
844 4965 1011 5019 supra
1043 4963 1212 5018 quam
1245 4963 1341 5015 par
1371 4953 1487 5008 est,
1522 4946 1944 5013 cehonestatus,

372 5060 441 5100 ne
487 5045 654 5099 nimis
684 5043 1050 5115 eorybantnm
1111 5055 1295 5101 more,
1348 5039 1450 5108 71
1499 5037 1775 5105 insanias,
1852 5042 1949 5095 sed

370 5137 520 5193 vices
578 5152 763 5192 rerum
825 5143 1156 5205 exspectans
1216 5132 1567 5186 insolentiam
1635 5146 1946 5201 compesce.

372 5226 520 5283 Nihil
562 5229 714 5284 enim
762 5236 850 5282 est
884 5228 1126 5283 humana
1170 5224 1433 5280 felicitate
1481 5220 1757 5288 debilius,
1810 5225 1949 5280 nihil

375 5322 712 5378 imbecillius
736 5361 753 5387 ,
783 5320 919 5377 nihil
959 5320 1382 5376 infortunatius.

551 5410 887 5467 CLXXXIV.
926 5441 997 5451 —
1032 5408 1269 5465 HIEBIO
1309 5407 1761 5466 SYNCLETICO.

442 5504 611 5568 Quot,
643 5508 827 5571 putas,
852 5500 1073 5570 seipsos
1101 5499 1296 5555 beatos
1327 5498 1560 5566 ducunt,
1595 5501 1738 5569 quod
1770 5502 1939 5555 divini

442 5632 489 5663 ⁷⁸
519 5630 655 5705 Gen.
689 5649 743 5691 ν.
773 5631 863 5685 ⁸24.
941 5633 987 5705 “ff
1013 5629 1163 5705 Cen”
1193 5647 1233 5691 ι.
1263 5630 1355 5684 26.
1398 5632 1477 5705 7"
1510 5633 1613 5688 lsa.
1645 5650 1873 5705 xxxvm,
1925 5639 1939 5692 i

2105 5642 2135 5673 "
2169 5638 2314 5694 Psal.
2345 5655 2495 5704 sxw,
2529 5638 2617 5692 ιε.

374 5719 569 5770 nstri,
605 5704 660 5757 li
708 5718 860 5774 seqq.
937 5703 983 5735 "
1012 5698 1091 5775 IV.
1132 5701 1263 5774 Reg.
1302 5718 1360 5768 ιι,
1388 5704 1473 5758 Il.

2122 4593 2297 4645 Νοσον
2374 4587 2790 4658 χαλεπωτάτην,
2865 4588 2959 4638 καὶ
3019 4586 3215 4649 σκότος
3286 4586 3469 4640 καλῶν
3536 4587 3638 4657 τὴν

2039 4682 2318 4741 ὁσέϐειαν,
2348 4680 2447 4747 οὐχ
2479 4676 2816 4747 ἁμαρτάνεις
2837 4676 2931 4727 τοῦ
2963 4674 3218 4743 ἀληθοῦς.

2323 4770 2492 4823 ΡΠΡ.
2518 4799 2583 4808 -
2602 4767 3034 4821 ΑΜΦΙΚΊῪΩΝΙ
3069 4767 3344 4820 PHTOPI.

2116 4864 2356 4936 Κέρδους
2372 4861 2569 4914 πολλοῦ
2595 4857 2936 4929 τετυχηκὼς,
2956 4860 3051 4913 καὶ
3078 4858 3316 4928 λιπαρᾶς
3329 4856 3635 4929 τραπέζης,

2045 4956 2223 5025 τιμῶν
2255 4970 2315 5005 τε
2360 4949 2652 5004 ἀπολαύων
2700 4948 2809 5001 τῶν
2840 4948 2981 5020 ὑπὲρ
3024 4947 3122 5017 τὴν
3160 4948 3339 5013 ἀξίαν,
3376 4945 3451 5016 μὴ
3493 4945 3638 5013 ἄγαν

2048 5043 2398 5115 κορυϐαντία,
2428 5039 2729 5110 μεταϐολὴν
2766 5039 2824 5092 δὲ
2860 5039 3183 5110 προσδέχου,
3228 5040 3322 5092 καὶ
3350 5037 3543 5089 σϐέσον
3572 5038 3638 5091 ’ὸ

2048 5135 2337 5206 φρύαγμα.
2380 5134 2546 5186 Οὐδὲν
2578 5133 2686 5202 γὰρ
2714 5131 2814 5200 τῆς
2857 5131 3008 5201 παρὰ
3033 5133 3147 5193 τοῖς
3179 5128 3489 5199 ἀνθρώποις
3537 5146 3631 5179 ευς

2047 5227 2331 5296 δαιμονίας
2396 5223 2763 5296 σαθρὼτερον,
2816 5223 2967 5276 οὐδὲν
3017 5222 3432 5292 ἀδρανέστερον,
3479 5222 3631 5274 ονδὲν

2047 5318 2399 5387 ἀθλιώτερον.

2341 5408 2509 5462 PHA'.
2534 5438 2602 5446 —
2638 5405 2818 5477 IEPIQ
2856 5404 3304 5475 ΣΥΓΚΛΗΤΙΚῼ

2122 5505 2319 5570 Πόσοι,
2364 5503 2577 5567 δοκεῖς,
2626 5502 2853 5565 ἑαυτοὺς
2890 5499 3317 5571 μακαρίζουσιν,
3350 5517 3433 5553 οτι
3491 5517 3627 5554 κατ-

2721 5637 2768 5670 ⁷⁸
2791 5636 2927 5692 Gen.
2966 5636 3257 5698 χενιιι.20
3353 5638 3398 5667 ⁷⁵
3453 5636 3626 5696 Exod.
