3850 6218
432 214 533 293 155

1928 239 1986 297 S.
2030 239 2193 300 NlLI

3566 240 3705 307 156

428 342 882 414 multiplicamini,
921 352 975 398 et
1009 346 1177 399 totius
1220 353 1491 399 terrarum
1529 346 1680 401 orbis
1712 346 1989 415 principa-

2140 350 2487 422 ληθυνθηναι,
2541 354 2633 405 καὶ
2665 370 3093 423 κατακυριευσαι
3133 354 3314 424 πάσης
3345 355 3442 425 τῆς
3480 357 3703 408 οἰκουο

429 446 543 490 tum
586 436 823 489 obtinete
847 435 911 487 ⁸⁷.
956 460 972 484 ι
1011 436 1296 501 Quomodo
1329 439 1533 507 itaque,
1569 449 1625 492 ut
1657 439 1760 500 ais,
1823 436 1995 492 Adam

439 540 492 583 et
516 530 665 583 IIIIIIS
697 544 833 581 mor
864 536 1021 582 antea
1057 531 1108 582 iu
1136 532 1278 583 cmlo
1310 531 1714 600 peccaverant?

750 618 928 674 CXCI.
956 650 1025 661 —
1058 619 1314 675 ATTICO
1352 621 1665 677 LECTORI.

508 728 526 759 ι
565 712 666 775 Qui
694 712 831 765 vidit
863 728 970 775 me,
1002 712 1138 767 vidit
1164 722 1217 766 et
1257 712 1472 769 Patrem
1502 717 1569 783 ⁸⁸,
1608 738 1626 770 ι
1664 719 1715 773 id
1752 728 1858 787 est,
1904 721 1999 789 qui

431 801 630 872 dignus
664 802 883 857 habitus
916 810 1001 858 est
1036 804 1100 857 ad
1128 806 1573 875 cognoscendam
1618 824 1793 865 meam
1827 811 2003 866 deita-

437 904 567 961 tem,
604 893 953 949 manifestum
1004 906 1090 951 est
1137 912 1263 951 eum
1301 906 1354 952 et
1400 898 1583 953 Patris
1617 901 1872 957 deitatem
1904 918 2002 957 co-

433 988 712 1055 gnovisse.
746 986 859 1041 Uua
885 989 1159 1058 siquidem
1188 998 1274 1045 est
1294 991 1495 1058 deitas,
1518 1003 1569 1045 et
1594 994 1768 1063 gloria
1800 995 2000 1059 Patris,

434 1082 487 1129 et
522 1073 642 1129 Filii
670 1094 683 1129 :
716 1091 974 1146 namque,
1000 1096 1019 1127 ‹
1046 1078 1159 1148 Ego
1191 1088 1246 1133 et
1274 1080 1436 1134 Pater
1466 1099 1635 1136 unum
1665 1099 1857 1141 sumus
1879 1087 1945 1141 ⁸³.
1980 1106 1999 1141 ›

651 1166 856 1221 CXCII.
888 1199 958 1209 —
999 1169 1258 1223 ACLAIO
1289 1172 1770 1230 ANTECESSORI

505 1255 703 1313 Beatus
726 1260 921 1315 Petrus
950 1262 1157 1330 scripto
1206 1265 1456 1329 tradidit,
1513 1284 1531 1315 ι
1574 1265 1641 1320 Ut
1691 1267 2008 1337 judicentur

441 1365 629 1403 onmes
677 1366 864 1415 carne,
917 1352 1107 1407 vivant
1153 1370 1287 1409 vero
1332 1358 1632 1411 secundum
1686 1358 1854 1412 Deum
1890 1360 2008 1428 spi-

440 1445 547 1496 ritu
575 1444 677 1496 ⁸ο.»
715 1444 851 1497 Illud
879 1464 897 1496 (
928 1446 1246 1511 judicentur
1293 1440 1481 1513 carne,
1523 1470 1542 1502 ι
1581 1450 1648 1504 ad
1678 1466 1772 1505 eos
1830 1451 2010 1520 prola-

438 1544 553 1588 tum
582 1544 684 1598 est.
715 1536 808 1606 qui
843 1548 1180 1601 asseverant,
1229 1556 1408 1610 neque
1439 1556 1661 1597 carnem
1707 1557 1737 1595 a
1782 1543 2010 1599 mortuis

442 1640 753 1696 resurgere,
801 1643 981 1698 neque
1013 1629 1298 1698 judicari:
1347 1643 1401 1686 at
1434 1632 1590 1696 illud,
1636 1653 1654 1685 ι
1708 1641 1771 1686 ιιι
1824 1635 2009 1688 vivant

442 1719 744 1772 secundum
776 1719 945 1775 Deum
972 1723 1194 1791 spiritu,
1229 1743 1247 1775 ι
1287 1723 1391 1778 hoc
1417 1732 1502 1779 est
1540 1740 1647 1779 non
1692 1725 2009 1780 aberrantes

442 1810 648 1877 animo,
680 1811 818 1867 adeo
853 1822 913 1867 ut
946 1815 1149 1869 multos
1184 1831 1249 1870 ac
1286 1817 1470 1872 varios
1500 1818 1632 1872 deos
1664 1833 1785 1873 esse
1825 1818 2012 1887 suspi—

441 1912 638 1958 centur
663 1922 678 1970 ;
714 1905 806 1961 sed
841 1921 1011 1959 unum
1039 1914 1092 1959 et
1120 1907 1297 1961 solum
1326 1906 1520 1973 Deum,
1550 1909 1604 1961 in
1630 1909 1831 1962 saecula
1861 1909 2013 1963 exsi-

442 2005 715 2061 stentem,
770 1999 1036 2063 viventes,
1089 1999 1196 2070 74
1238 2016 1303 2055 ac
1350 2016 1544 2055 omnes
1592 2009 2012 2071 cognoscentes.

449 2086 662 2141 Dictum
697 2104 824 2143 vero
854 2091 991 2145 satis
1014 2092 1173 2145 nobis
1205 2092 1654 2160 percommodum
1690 2093 1795 2147 erit
1824 2092 2017 2146 adver-

445 2195 542 2233 sus
602 2196 735 2242 eos,
769 2182 861 2252 qui
912 2180 1259 2236 Aristotelica
1314 2182 1520 2247 fovent,
1572 2185 2019 2254 contenduntque

447 2273 660 2327 animas
693 2272 990 2342 aliquando
1015 2290 1209 2329 omnes
1255 2274 1537 2329 hominum
1580 2284 1901 2332 extenuatas
1948 2275 2018 2330 ad

450 2370 524 2433 id,
555 2368 699 2438 quod
728 2384 838 2422 non
869 2378 976 2430 est,
1014 2369 1369 2438 migraturas.

957 2459 1180 2515 CXCIII.
1210 2491 1276 2502 —-
1304 2460 1510 2514 Eidem.

520 2550 807 2617 Quomodo
835 2540 1089 2605 Christus
1115 2551 1377 2606 Dominus
1404 2570 1421 2601 ι
1452 2552 1572 2606 sine
1600 2560 1793 2616 matre,
1824 2561 1878 2606 et
1899 2552 2019 2607 sine

450 2654 625 2711 patre,
649 2650 701 2695 et
733 2642 850 2696 sine
880 2642 1197 2710 genealogia
1220 2643 1264 2673 ⁹¹
1300 2660 1319 2693 ι
1356 2643 1447 2704 sit,
1482 2641 1797 2712 perdiscere
1838 2644 2015 2713 cupis.

453 2732 767 2786 Secundum
789 2733 933 2801 quod
954 2741 1037 2787 est
1068 2749 1231 2802 supra
1263 2748 1387 2795 nos.
1417 2733 1621 2787 dicitur
1652 2734 1773 2788 sine
1806 2743 2017 2800 matre;

451 2823 549 2877 sed
583 2830 639 2875 nt
672 2832 754 2876 est
787 2823 1091 2877 secundum
1143 2839 1262 2887 nos,
1298 2824 1417 2877 sine
1467 2835 1657 2892 patre;
1718 2825 2018 2879 secundum

451 2914 599 2985 quod
624 2922 807 2968 autem
838 2915 905 2968 ad
938 2930 1177 2984 superna
1216 2916 1473 2985 pertinet,
1509 2916 1626 2970 sine
1678 2917 2016 2987 genealogia.

2101 442 2286 511 μένης.
2324 442 2444 505 Πῶς
2484 438 2600 509 οὖν,
2644 444 2719 507 ὡς
2770 443 2969 513 λέγεις,
3005 446 3361 515 προήμαρτεν
3396 449 3425 499 6
3470 447 3663 512 Ἀδὰμ.

2101 533 2196 587 καὶ
2216 534 2276 587 τὸ
2297 534 2486 589 τούτου
2514 536 2735 603 γύναιον
2763 538 2821 588 ὲν
2850 540 2960 600 τοῖς
2990 538 3077 588 ἐπ’
3101 539 3387 606 οὐρανοῖςξ

2381 628 2544 693 ΡιιΑν.
2574 658 2643 667 —
2669 629 2927 697 ΑΤΤΙΚῼ
2964 628 3376 701 ΑΝΑΓΝΩΣΤῌ

2175 735 2195 769 ι
2240 717 2297 770 Ὀ
2324 717 2582 788 ἑωρακὼς
2621 722 2753 788 ἐμὲ,
2788 720 3001 789 ἑώρακε
3043 722 3134 773 τὸν
3165 722 3414 791 Πατέρα·
3458 738 3477 770 ι
3516 737 3702 773 τουτ-

2104 807 2274 869 έστιν,
2311 811 2339 861 6
2368 809 2725 873 καταειωθεὶς
2752 811 2942 879 νοῆσαι
2973 812 3071 881 τὴν
3101 810 3334 879 θεότητά
3362 827 3485 877 μου,
3514 809 3709 878 δῆλον

2102 898 2186 950 ὅτι
2225 898 2441 965 ἐπέγνω
2478 899 2572 952 τοῦ
2626 901 2837 970 Πατρὸς
2877 902 2975 971 τὴν
3026 902 3285 972 θεότητα·
3347 900 3442 971 μία
3487 902 3602 971 γὰρ
3650 905 3701 970 ἡ

2105 988 2312 1058 θεότης,
2338 992 2430 1043 καὶ
2450 992 2483 1060 ὴ
2509 990 2636 1057 δόξα
2666 992 2759 1045 τοῦ
2785 994 3017 1062 Πατρός,
3046 994 3138 1046 καὶ
3170 992 3264 1046 τοῦ
3304 992 3434 1045 Υῐοῦ
3456 1009 3471 1024 ·
3491 1011 3511 1044 ι
3537 992 3708 1060 Ἐγὼ

2104 1082 2213 1154 γὰρ
2248 1084 2343 1136 καὶ
2368 1083 2396 1133 6
2426 1083 2613 1155 Πατὴρ
2639 1084 2697 1135 ἓν
2723 1086 2912 1153 ἐσμεν.
2942 1105 2960 1126 ι

2340 1176 2499 1241 Ριιῐιο.
2533 1207 2604 1215 -
2633 1177 2879 1248 ΑΓΛΑΙῼ
2917 1177 3434 1231 ΑΝΤΕΚΗΝΣΟΡῙ.

2190 1266 2248 1319 '0
2286 1266 2553 1338 μακάριος
2604 1268 2811 1337 Πέτρος
2842 1270 3072 1339 γράφων
3111 1272 3309 1340 φησίνο
3356 1291 3373 1322 ι
3405 1272 3525 1322 Ἵνα
3559 1287 3707 1340 κρι-

2109 1354 2245 1410 θῶσι
2282 1359 2379 1428 μὲν
2410 1358 2645 1421 ἅπαντες
2681 1362 2863 1429 σαρκὶ,
2891 1360 3025 1424 ζῶσι
3065 1362 3123 1415 δὲ
3164 1363 3306 1416 κατὰ
3346 1363 3480 1415 Θεὸν
3514 1364 3707 1416 πνεύ-

2112 1465 2263 1518 ματι.
2294 1467 2311 1498 ι
2348 1449 2420 1501 Τὸ
2452 1450 2548 1518 μὲν
2581 1448 2824 1518 κριθῶσι
2869 1451 3080 1520 σαρκὶ,
3116 1453 3333 1523 εἴρηται
3383 1455 3522 1524 πρὸς
3556 1455 3708 1518 τοὺς

2110 1538 2387 1606 λέγοντας,
2423 1541 2560 1610 μήτε
2600 1541 2922 1596 ἀνίστασθαι
2952 1545 3017 1597 ἐκ
3060 1546 3291 1616 νεκρῶν,
3331 1546 3465 1616 μηδὲ
3497 1548 3711 1617 κρίνε-

2117 1631 2240 1685 σθαι
2280 1633 2457 1702 σάρκα
2476 1649 2491 1662 ·
2522 1634 2583 1685 τὸ
2611 1634 2656 1686 δ’
2682 1635 2843 1699 ὅπως
2859 1634 3006 1699 ζῶσι
3029 1636 3179 1689 κατὰ
3203 1637 3351 1690 Θεὸν
3367 1638 3708 1705 πνεύματι,

2113 1722 2359 1775 τουτέστι
2399 1722 2593 1793 μηκέτι
2632 1724 2976 1801 πλανώμενοι
3013 1725 3111 1796 τὴν
3142 1726 3343 1797 ψυχὴν,
3372 1727 3511 1779 ὥστε
3557 1728 3713 1779 πολ-

2113 1813 2239 1876 λοὺς
2282 1814 2375 1865 καὶ
2403 1812 2680 1876 ποικίλους
2716 1814 3083 1879 ὑποτοπάζειν
3129 1816 3308 1879 θεοὺς,
3362 1817 3458 1869 ἕνα
3489 1817 3550 1869 δὲ
3595 1818 3713 1869 καὶ

2118 1902 2428 1972 μόνονΘεὸν
2452 1904 2533 1965 εἰς
2558 1904 2683 1966 τοὺς
2712 1902 2936 1967 αἰῶνας,
2963 1904 3321 1974 ὑπάρχοντες,
3343 1906 3434 1958 καὶ
3461 1906 3707 1969 ζῶντες,

2115 1993 2472 2063 γινώσκοντες
2500 1994 2761 2056 ἅπαντες.
2822 1994 2995 2047 Τοῦτο
3032 1996 3088 2048 δὲ
3127 1997 3399 2067 χρήσιμον
3452 1999 3591 2065 ἡμῖν
3634 1998 3710 2048 τὺ

2117 2087 2278 2159 ρητδν
2314 2088 2449 2158 πρὸς
2482 2089 2608 2150 τοὺς
2656 2086 2958 2149 θάλποντας
2993 2087 3062 2141 τά
3108 2087 3202 2141 τοῦ
3259 2088 3709 2159 Ἀριστοτέλους,

2116 2180 2209 2234 καὶ
2245 2180 2687 2251 ἰσχυριζομένους
2733 2179 3315 2251 ἀπολεπτυνθήσεσθαί
3342 2198 3473 2234 ποτε
3511 2181 3709 2242 πάσας

2116 2274 2213 2335 τὰς
2256 2273 2435 2344 ψυχάς
2475 2273 2584 2326 τῶν
2631 2271 2969 2346 ἀνθρώπων,
3014 2274 3107 2326 καὶ
3139 2273 3221 2337 εἰς
3251 2272 3314 2325 τὸ
3365 2272 3440 2343 μὴ
3471 2272 3532 2325 ὃν
3583 2291 3709 2342 χω-

2120 2366 2305 2438 ρῆσαι.

2611 2456 2769 2523 ΡιιΓν.
2792 2484 2864 2494 -
2897 2453 2980 2520 Τῷ
3012 2454 3193 2521 αὐτῷ.

2189 2546 2355 2609 Πῶςὸ
2388 2546 2663 2615 Δεσπότης
2715 2546 2950 2616 Χριστὸς
2997 2548 3252 2618 ἀμήτωρ,
3298 2547 3395 2600 καὶ
3441 2548 3711 2619 ἀπάτωρ,

2120 2642 2213 2693 καὶ
2243 2639 2693 2709 ἀγενεαλόγητος.
2735 2638 2928 2709 μαθεῖν
2960 2637 3157 2707 βούλει.
3204 2641 3461 2710 Ἀμήτωρ
3506 2640 3611 2710 μὲν
3643 2646 3716 2693 τὸ

2122 2734 2262 2803 ὑπὲρ
2289 2734 2457 2803 ἡμᾶς,
2500 2731 2731 2802 ἀπάτωρ
2754 2731 2811 2784 δὲ
2841 2734 2902 2784 τὸ
2933 2731 3237 2802 καθ’ἡμᾶς,
3268 2732 3715 2804 ἀγενεαλόγητος

2120 2824 2177 2878 δὲ
2210 2824 2268 2876 τὸ
2298 2824 2410 2876 ἄνω
2432 2840 2444 2851 ·
2486 2825 2618 2893 φησὶ
2646 2824 2754 2894 γὰρ
2785 2824 2813 2876 6
2856 2825 3142 2895 προφήτης
3162 2843 3177 2856 ·
3214 2843 3233 2876 ι
3268 2827 3379 2896 Τὴν
3415 2827 3472 2879 δὲ
3504 2828 3716 2893 γενεάν

2122 2913 2287 2968 αὐτοῦ
2333 2912 2414 2976 τίς
2448 2914 2798 2983 διηγήσεται;
2830 2932 2849 2964 ι
2886 2914 2998 2982 Τὴν
3040 2915 3138 2983 μὲν
3176 2915 3285 2986 γάρ
3318 2915 3461 2967 κατά
3516 2917 3715 2985 σάρκα

452 3008 545 3061 Ait
575 3008 777 3061 etenim
833 3008 1143 3076 prOpbeta:
1195 3026 1213 3058 ι
1269 3006 1689 3061 Generationem
1748 3008 1868 3077 ejus
1899 3011 2017 3078 quis

2140 3007 2336 3075 γένεσιν
2365 3004 2527 3060 αὑτοῦ
2554 3006 2581 3057 6
2605 3004 2878 3068 Ματθαῐος
2912 3006 3332 3076 ἐγενεαλόγησε·
3363 3007 3478 3069 πῶς
3505 3007 3564 3058 δὲ
3598 3009 3716 3077 πρὸ

450 3099 845 3153 enarrabit"?
903 3118 921 3151 ι
991 3099 1379 3153 Verumtamen
1438 3100 1817 3169 generationis
1876 3101 2022 3154 illius

454 3194 758 3248 secundum
804 3208 1025 3248 carnem
1054 3193 1221 3249 altius
1262 3194 1428 3247 ducta
1471 3194 1683 3264 origine
1735 3192 2023 3249 Matthaaus

456 3285 700 3338 narravit
725 3284 789 3337 ⁸³.
810 3284 877 3337 At
899 3284 1167 3353 quomodo
1197 3292 1324 3339 ante
1370 3286 1565 3339 sa:cula
1616 3283 1780 3339 Pater
1825 3284 2022 3338 Filium

455 3376 819 3445 generaverit,
865 3391 1025 3429 nemo
1075 3376 1313 3444 penitus,
1373 3390 1551 3443 neque
1608 3391 1673 3430 ex
1706 3376 2023 3432 hominibus

457 3484 634 3538 neque
663 3484 728 3524 ex
762 3468 971 3538 angelis
1002 3468 1314 3532 exprimere
1355 3466 1535 3534 potuit

952 3556 1183 3613 CXCIV.
1222 3588 1281 3599 —
1315 3557 1519 3611 Eidem.

527 3651 999 3719 Quemadmodum
1033 3652 1125 3720 qui
1159 3650 1293 3705 febri
1328 3652 1728 3721 corripiuntur,
1760 3653 2027 3722 deprava-

458 3749 533 3799 tis
556 3753 752 3817 gustUs
798 3742 1176 3804 facultatibus,
1231 3743 1337 3797 mel
1386 3759 1634 3797 amarum
1680 3760 1803 3799 esse
1841 3746 2029 3799 existi-

461 3838 765 3903 mant;si-:
810 3845 866 3890 et
914 3836 972 3895 ii.
1020 3851 1255 3904 quorum
1306 3836 1504 3888 animae
1553 3837 1637 3889 vis
1702 3836 2027 3903 dcgustandi

459 3929 743 3999 deperdita
770 3939 873 3982 est.
908 3927 969 3979 Et
994 3927 1067 3980 ait
1097 3926 1393 3995 propheta:
1425 3944 1442 3975 ι
1476 3924 1568 3980 Va:
1594 3926 1682 3990 iis,
1716 3927 1808 3995 qni
1837 3927 2029 3981 dicunt

462 4036 707 4077 amarum
739 4020 982 4073 dulce“.
1026 4038 1044 4069 ι

601 4110 806 4165 CXCV.
826 4137 898 4152 ~—
915 4108 1366 4164 A‘NAXAGOIUE
1396 4108 1885 4164 GBAMMATICO.

543 4225 560 4256 ι
585 4206 856 4259 Coronam
898 4204 1200 4274 gratiarum
1254 4202 1494 4271 accipies
1529 4203 1721 4255 vertici
1786 4210 1878 4255 tuo
1901 4202 1967 4263 9',
2004 4220 2023 4253 ι

2126 3099 2232 3151 τῶν
2282 3096 2491 3150 αἰώνων
2519 3097 2547 3147 6
2605 3094 2794 3166 Πατὴρ
2836 3096 2930 3148 τὸν
2972 3094 3099 3149 Υἱὸν
3147 3097 3471 3165 ἐγέννησεν,
3525 3097 3713 3159 οὐδεὶς

2126 3189 2403 3252 παντελῶς
2456 3187 2578 3240 οὔτε
2618 3185 2941 3257 ἀνθρώπων,
2988 3186 3113 3240 οὔτε
3161 3186 3411 3256 ἀγγέλων
3440 3188 3713 3255 ἐξειπεῖν,

2126 3283 2158 3352 ἢ
2189 3280 2388 3350 γνῶναι
2422 3278 2722 3349 δεδύνηται.

2618 3541 2774 3610 ΡιιΔν.
2805 3570 2873 3584 -
2902 3541 2986 3607 Τῷ
3017 3540 3197 3608 αὐτῷ.

2200 3637 2410 3706 ’Ὠσπερ
2441 3636 2491 3688 οἱ
2524 3634 2884 3705 πυρέττοντες
2921 3635 3201 3705 νομίζουσι
3244 3635 3441 3704 πικρὸν
3474 3628 3618 3686 εἶναι
3648 3634 3717 3685 τὸ

2130 3728 2274 3800 μέλι,
2299 3728 2406 3779 τῶν
2434 3728 2562 3799 παρ’
2586 3727 2770 3788 αὐτοῖς
2799 3724 3187 3796 βεϐλαμμένων
3214 3725 3517 3792 γευστικῶν
3542 3724 3712 3776 δυνά-

2133 3836 2302 3889 μεων,
2346 3816 2519 3878 οὕτως
2554 3816 2651 3869 καὶ
2693 3816 2793 3885 τῆς
2833 3815 3013 3885 ψυχῆς
3048 3833 3127 3878 τις
3160 3818 3222 3867 τὸ
3255 3814 3539 3882 γευστικὸν
3578 3813 3715 3882 βλά-

2130 3928 2341 3965 πτεται.
2374 3912 2483 3963 Καί
2516 3926 2679 3979 φησιν
2711 3911 2740 3963 6
2778 3911 3095 3980 προφήτηςο
3130 3927 3147 3959 ι
3172 3908 3311 3960 Οὐαὶ
3342 3909 3453 3970 τοῖς
3485 3906 3712 3974 λέγουσι

2128 4001 2190 4056 τὸ
2217 4003 2389 4072 γλυκὺ
2419 4002 2636 4073 πικρόν.
2676 4022 2694 4052 ι
3062 4038 3065 4041 ι

2310 4093 2468 4161 Ρῌζκ
2502 4124 2572 4133 -
2596 4093 3003 4165 ΑΝΑΞΑΓΟΡᾼ
3040 4091 3522 4158 ΓΡΑΜΜᾹΤΙΚῼ.

2206 4207 2225 4240 ι
2251 4190 2522 4258 Στέφανον
2560 4186 2796 4258 χαρίτων
2832 4185 2959 4256 δέξῃ
2988 4186 3053 4254 τῇ
3088 4185 3301 4253 κορυφῇ
3344 4198 3458 4244 σου,
3499 4199 3516 4229 ι
3546 4180 3577 4232 6
3608 4182 3708 4231 Σο-

463 4298 604 4353 dixit
639 4296 934 4350 Salomon:
983 4310 1160 4364 neque
1192 4295 1337 4347 enim
1395 4309 1501 4346 una
1562 4296 1733 4363 gratia
1785 4301 1888 4359 est,
1920 4308 2017 4363 qua

2140 4282 2312 4352 λομῶν
2354 4282 2595 4351 εἴρηκεν.
2626 4279 2700 4333 Οὐ
2729 4278 2838 4347 γὰρ
2872 4278 2971 4346 μία
3016 4275 3251 4344 ὑπάρχει
3285 4273 3463 4343 χάρις,
3578 4272 3714 4324 πλέ-

465 4389 704 4444 nectitur
729 4403 850 4456 qua:
881 4395 1060 4440 mente
1100 4386 1406 4453 concipitur
1436 4401 1664 4450 corona,
1700 4385 1795 4440 sed
1838 4385 2017 4439 multa:

2140 4392 2286 4428 κεται
2307 4374 2335 4425 6
2358 4371 2479 4425 νοού
2489 4388 2647 4442 μενος
2668 4370 2951 4438 στέφανος,
2976 4365 3166 4419 πολλαὶ
3195 4365 3252 4418 δὲ
3286 4366 3424 4417 πάνυ
3446 4363 3676 4432 χάριτες
3695 4381 3708 4393 θ

468 4477 760 4548 admodum
787 4476 1087 4545 gratiae;et
1124 4476 1202 4529 ait
1231 4475 1564 4545 Apostolus:
1603 4495 1621 4527 ι
1649 4475 1837 4529 Gratia
1877 4476 2032 4530 vobis

470 4566 864 4635 multiplicetur
886 4564 951 4615 9°.
992 4582 1010 4614 ι

892 4656 996 4727 75
1034 4654 1262 4711 CXCVI.
1298 4686 1366 4695 ——
1400 4653 1609 4708 Eidem.

537 4750 759 4819 Appetis
787 4760 841 4804 et
870 4764 1096 4802 aureum
1142 4757 1416 4816 torquem,
1457 4748 1551 4816 qui
1592 4760 1852 4800 coronam
1904 4746 2031 4801 sub-

466 4847 715 4914 sequitur
736 4844 802 4906 ”,
839 4844 967 4912 quis
1001 4843 1094 4903 sit,
1139 4855 1496 4912 cognoscere.
1534 4839 1582 4893 Is
1626 4840 1791 4892 fuerit
1828 4839 2030 4892 Christi

468 4939 775 4994 Scrvatoris
810 4954 975 4993 suave
1010 4938 1225 5006 iugum,
1267 4936 1361 5006 qui
1391 4935 1532 4989 collo
1563 4935 1779 4988 veritati
1806 4932 2035 4988 creden-

466 5033 539 5086 tis
568 5032 766 5085 animae
796 5032 1110 5100 apponitur.

642 5120 892 5177 CXCVII.
921 5150 991 5162 -—
1017 5119 1367 5175 TIIYPIIONI
1395 5117 1861 5173 ARCHITECTO.

541 5214 913 5269 Pulcherrima
971 5213 1315 5283 ptenitentia,
1356 5221 1411 5267 et
1446 5211 1704 5265 continua
1735 5211 1942 5275 oratio,
1978 5216 2032 5263 et

469 5306 746 5360 invocatio
772 5306 1051 5361 emarcido
1073 5307 1333 5376 operibus
1382 5303 1589 5358 homini
1620 5302 1841 5357 odorem
1890 5318 2030 5371 pra:-

467 5405 595 5451 stat.
622 5398 836 5468 Accipit
861 5398 1008 5454 enim
1038 5397 1471 5452 humanissimus
1494 5393 1755 5449 Dominus
1778 5390 2030 5446 Christus

2132 4468 2226 4521 καί
2274 4483 2438 4537 φησιν
2489 4467 2518 4518 6
2569 4462 2927 4524 ’Δπόστολοςο
2987 4478 3005 4510 ι
3051 4457 3225 4529 Χάρις
3272 4457 3402 4526 ὑμῖν
3458 4455 3707 4524 πληθυν-

2132 4558 2272 4628 θείη.
2314 4578 2332 4609 ι

2613 4648 2788 4713 Ριιςν.
2820 4674 2890 4686 ——
2926 4643 3008 4709 Τῷ
3034 4640 3194 4706 αὐτῷ

2203 4740 2533 4809 Βεϐούλησαι
2558 4740 2651 4793 καὶ
2680 4738 2770 4790 τὸν
2797 4736 3024 4807 χρύσεον
3049 4734 3227 4788 κλοιὸν
3247 4733 3337 4786 τὸν
3356 4733 3435 4800 τῷ
3454 4731 3708 4799 στεφάνῳ

2129 4836 2486 4905 ὲφεπόμενον,
2518 4830 2601 4893 τίς
2643 4830 2825 4888 ἐστιν,
2861 4827 3180 4894 ἐπιγνῶναι.
3218 4818 3386 4885 Οὗτος
3427 4821 3472 4873 δ’
3516 4823 3580 4872 ἂν
3619 4824 3705 4887 εἴη

2128 4930 2158 4981 6
2188 4926 2280 4979 τοῦ
2311 4926 2563 4992 Σωτῆρος
2598 4918 2833 4990 Χριστοῦ
2865 4917 3101 4988 χρηστὸς
3135 4916 3299 4984 ζυγὸς
3326 4914 3705 4981 ἐπιτιθέμενος

2129 5016 2207 5087 τῷ
2235 5016 2489 5087 τραχήλῳ
2517 5012 2617 5081 τῆς
2642 5010 3011 5079 πιστευσάσης
3045 5010 3110 5078 τῇ
3141 5007 3366 5077 ἀληθείᾳ
3395 5005 3572 5074 ψυχῆς

2359 5110 2517 5173 PL_Z'.
2554 5135 2616 5145 —
2644 5104 2941 5156 ΤΡΥΦΩΝΙ
2982 5099 3478 5153 ΑΡΧΙΤΕΚΤΟΝΙ.

2218 5202 2283 5253 Ἦ
2314 5200 2573 5268 καλλίστη
2602 5196 2957 5266 μετάγνωσις,
2984 5194 3077 5246 καὶ
3100 5191 3349 5253 σύντονος
3374 5189 3583 5257 δέησις,
3612 5188 3702 5239 καὶ

2138 5296 2498 5365 παράκλησις,
2528 5289 2811 5352 εὐωδιάζει
2844 5288 2934 5340 τὸν
2970 5285 3247 5356 σεσηπότα
3282 5286 3400 5345 ταῖς
3441 5279 3706 5351 πράξεσιν

2136 5387 2447 5456 ἄνθρωπον·
2481 5382 2694 5452 δέχεται
2732 5380 2841 5449 νάρ
2879 5378 2974 5432 καὶ
3006 5376 3192 5447 δέησιν
3235 5374 3486 5446 ῥυπαοάν
3521 5376 3549 5426 6
3583 5372 3703 5441 φιλ-

541 5598 585 5629 ⁸⁷
643 5594 776 5650 Gen.
822 5613 861 5661 ι,
895 5599 984 5653 28.
1062 5600 1107 5632 ⁸⁸
1140 5595 1295 5651 ιοτιη.
1341 5594 1524 5657 nv,9.
1600 5594 1643 5625 “9
1666 5590 1824 5647 Joan.
1857 5606 1909 5653 χ,
1942 5589 2030 5643 ’50.
2066 5658 2079 5661 _
2108 5588 2152 5620 ”
2188 5585 2384 5661 I_Pet_r._
2411 5601 2486 5647 IV,
2521 5580 2573 5636 6.
2598 5582 2691 5661 A"
2728 5580 2892 5661 [lenia
2918 5596 3014 5645 vn,
3038 5582 3112 5661 5.*
3163 5579 3209 5614 ’⁸
3232 5580 3337 5635 Isa.
3405 5590 3518 5640 ιιιι,
3549 5576 3601 5631 8.

471 5668 517 5703 ⁸³
557 5669 745 5725 Matth.
784 5685 822 5734 I,
854 5671 1079 5725 passim.
1184 5668 1228 5699 οδ
1259 5667 1360 5722 lsa.
1396 5683 1445 5733 ν,
1490 5662 1579 5717 20.

1681 5664 1725 5695 ⁸⁸
1764 5652 1925 5716 Prov.
1972 5676 2011 5725 ι,
2056 5658 2110 5714 9.
2208 5658 2253 5690 9‘
2307 5654 2496 5711 chtr.
2530 5669 2569 5721 ι,
2597 5652 2651 5709 2.

2749 5653 2794 5685 ⁵⁷
2825 5650 2988 5715 Prov,
3012 5667 3050 5716 ι,
3082 5651 3135 5705 9.
