3850 6218
128 257 212 321 1‘57
1318 261 1848 322 EPISTOLARUM
1887 261 2031 321 LIB.
2072 260 2123 319 ἶ-

3255 254 3356 320 158

127 368 539 438 ανθρωποτατος
584 366 859 437 Δεσπότης
902 366 1133 437 Χριστὸς
1184 368 1247 420 ὲκ
1292 370 1557 439 στόματος
1598 372 1682 439 ρυ-

1796 386 1855 423 ex
1886 385 1981 424 ore
2008 368 2230 423 sordido
2267 381 2459 437 preces
2498 366 2825 432 lutulentas,
2860 368 2901 421 si
2938 366 2992 421 in
3053 367 3355 424 humilitate

122 457 281 529 παροῦ
341 460 402 513 ὲν
454 459 783 513 ταπεινώσει
831 458 1283 529 προσφερομένην
1332 461 1521 530 πολλῇ.
1574 461 1682 515 Καὶ

121 550 344 602 πειθέτω
392 566 457 603 σε
513 554 541 604 ό
587 550 814 621 φράζων
858 550 1099 621 λῃστήςο
1156 568 1173 600 ι
1207 550 1493 622 Μνήσθητί
1538 570 1639 623 μου
1667 592 1683 614 ,

120 640 275 711 Κύριε
324 640 545 711 Ἰησοῦ,
584 642 713 693 ὅταν
763 640 923 711 ἔλθῃς
979 642 1038 692 ὲν
1087 642 1153 710 τῇ
1205 640 1451 714 βασιλείᾳ
1506 661 1623 706 σου,
1659 663 1678 695 1

119 733 424 802 παραυτίκα
458 733 729 798 ἀκούσας’
764 751 785 786 1
814 729 1060 804 Σήμερον
1092 732 1209 803 μετ’
1232 733 1365 804 ἐμοῦ
1394 735 1493 808 ἔσῃ
1526 738 1582 789 ὲν
1606 735 1686 806 τῷ

117 828 447 898 παραδείσῳ.
490 846 509 880 1

598 920 761 989 Ριιιιν.
794 954 861 965 ο-
896 923 983 991 Τῷ
1018 923 1198 991 αὐτῷ.

178 1009 370 1076 Λέγεις
407 1011 712 1081 ἀκηκοέναι
758 1013 1016 1085 Ἕλληνος
1055 1011 1380 1085 ἀμαρτωλοῦ
1416 1012 1682 1074 εἰπόντος,

116 1102 189 1154 ὅτι
217 1101 379 1154 Οὐδέν
416 1121 524 1172 μου
564 1104 843 1176 διαφέρεις
882 1107 985 1159 κᾶν
1014 1105 1337 1177 Χριστιανὸς
1377 1100 1466 1176 ᾖς,
1502 1106 1687 1174 ἀμαρα

116 1193 271 1255 τωλὸς
300 1193 411 1262 γὰρ
446 1194 547 1248 καὶ
582 1195 667 1250 σύ.
702 1198 835 1250 Είπὲ
865 1198 1045 1250 τοίνυν
1080 1196 1217 1268 πρὸς
1262 1195 1423 1248 αὑτὸν
1453 1194 1553 1264 τὴν
1581 1211 1687 1248 πα-

119 1285 337 1357 ραϐολήν
376 1287 622 1357 ταύτην·
654 1289 757 1341 Δύο
803 1290 971 1352 κύνας
1003 1306 1085 1351 τις
1129 1287 1518 1357 οἰκοδεσπότης
1562 1288 1688 1340 ἐκέ-

114 1396 286 1449 κτητο,
321 1380 421 1432 καὶ
475 1382 570 1434 τὸν
617 1383 716 1451 μὲν
756 1382 1099 1452 λυττήσαντα
1148 1381 1246 1434 καὶ
1285 1381 1375 1433 τὸν
1419 1380 1688 1450 δεσπότην

113 1474 262 1525 αὐτὸν
339 1475 627 1544 σπαράξαι
686 1476 1032 1546 τολμήσαντα
1063 1519 1078 1540 ,
1142 1472 1687 1545 ἀποτυμπανισθῆναι

112 1563 465 1631 προσέταξεν,
496 1566 589 1619 τὸν
625 1566 681 1619 δὲ
710 1567 1009 1634 ἀγαπῶντα
1035 1568 1128 1620 τὸν
1159 1568 1367 1636 κύριον,
1403 1564 1499 1617 καὶ
1532 1580 1689 1632 περι-

110 1656 353 1726 τλέχοντα
398 1660 471 1728 τῇ
531 1660 733 1729 στοργῇ
778 1660 902 1721 τοὺς
952 1660 1116 1723 πόδας
1153 1658 1246 1712 τοῦ
1282 1657 1541 1711 δεσπότου
1596 1655 1685 1708 διὰ

108 1746 321 1809 παντὸς,
344 1752 749 1818 περιποιεῖται,
784 1748 878 1802 καί⁵
907 1750 1117 1821 τρέφει,
1141 1751 1237 1802 καὶ⁵
1270 1746 1520 1812 ἐκσώζει.

472 1949 639 2017 Pw.
672 1980 742 1990 -
769 1949 1293 2020 ΦΟΥΡΤΟΥΝΑΤῼ.

172 2039 244 2093 Τὸ
284 2040 458 2108 ὀξέως
496 2041 983 2106 σκανδαλίζεσθαι,
1028 2042 1088 2094 οὗ
1129 2042 1443 2111 φιλοσόφου,
1482 2043 1685 2110 μικρᾶς

109 2132 158 2184 δέ
198 2149 340 2196 τινος
388 2133 611 2203 ψυχῆς·
663 2153 679 2184 ι
717 2134 920 2203 Εἰρήνη
955 2132 1063 2202 γὰρ
1107 2133 1297 2202 πολλὴ,
1354 2133 1524 2203 φησὶ,
1572 2135 1685 2196 τοῖς

110 2226 350 2291 ἀγαπῶσι
380 2226 447 2280 τὸ
478 2227 654 2297 ὄνομά
692 2243 808 2291 σου,
836 2225 930 2280 καὶ
963 2226 1063 2278 οὐκ
1099 2226 1247 2278 ἐστιν
1295 2226 1477 2287 αὐτοῖς
1520 2224 1683 2276 σκάν-

110 2316 272 2371 δαλόν.

537 2410 610 2462 Σο.
642 2440 714 2449 -
734 2408 1238 2479 ΣΕΚΟΥΝΔΙΑΝῼ.

175 2499 290 2551 Ὀτι
321 2499 417 2551 καὶ
451 2500 482 2551 ὁ
514 2498 821 2569 ἀκάθαρτος
853 2500 1142 2568 δυνήσεται
1176 2498 1683 2570 μετασκευασθῆναι

112 2590 180 2651 είς
210 2589 483 2658 παρθένον
536 2591 877 2662 προαίρεσιν,
920 2591 1161 2643 δείκνυσι
1195 2590 1407 2653 Παῦλος
1454 2590 1682 2661 γράφων

111 2682 208 2744 τοῖς
235 2682 584 2752 Κορινθίοις·
624 2702 643 2734 1
680 2684 1041 2754 Ἦρμοσάμην
1068 2685 1211 2753 ὑμᾶς
1244 2685 1323 2738 ἐνὶ
1350 2684 1503 2754 ἀνδρὶ
1533 2699 1677 2753 παρ-

112 2772 244 2825 θένον
271 2776 447 2845 ἁγνὴν
486 2776 841 2844 παραστῆσαι
870 2775 947 2844 τῷ
981 2776 1224 2844 Χριστῷ.
1254 2794 1271 2825 1

536 2868 659 2920 ΣΑ¹.
684 2898 750 2907 —-
778 2868 1243 2922 ΚΑΛΛΙΣΤΙΩΝΙ.

174 2975 193 3006 1
234 2958 290 3010 '0
317 2958 539 3020 δίκαιος
580 2959 872 3022 πολλοστὸς
902 2978 919 3009 1
955 2959 1195 3027 λέγεται,
1226 2959 1299 3021 ὡς
1326 2959 1680 3028 ἐννενήκοντα

114 3052 252 3104 ἐννέα
270 3055 328 3105 έν
351 3052 645 3123 παραϐολῇ
673 3051 940 3122 πρόϐατα.
972 3052 1028 3105 Ὀ
1061 3052 1117 3105 δὲ
1145 3052 1468 3122 ἁμαρτωλὸς
1493 3052 1683 3123 ὥσπερ
1711 3051 1755 3113 C

114 3144 504 3213 ἀπολλύμενος,
549 3138 783 3213 ῆεῖς,ἢ
832 3143 947 3195 οὐθ’
993 3137 1075 3206 εἷς
1124 3143 1363 3211 λέγεται,
1414 3144 1487 3214 μὴ
1518 3144 1683 3200 θέλων

118 3238 463 3307 μετανοῆσαι,
494 3237 589 3290 καὶ
614 3234 987 3305 πληθυνθῆναι
1014 3238 1136 3298 ταῖς
1160 3237 1403 3306 ἀρεταῖς.

621 3329 739 3382 ΣΒ’.
770 3359 840 3367 —
875 3326 960 3391 Τῷ
988 3326 1167 3392 αὐτῷ.

184 3424 301 3477 Ἐπὶ
331 3425 445 3478 τῶν
482 3424 754 3492 σωμάτων
788 3422 886 3491 μία
919 3422 1137 3490 γένεσίς
1166 3425 1334 3486 ἐστιν,
1384 3423 1465 3475 ὅτι
1509 3422 1683 3484 οὐδεὶς

111 3513 347 3585 δεύτερον
381 3514 678 3586 ὲγεννήθη’
706 3516 799 3567 ἐπὶ
819 3515 875 3567 δὲ
892 3513 1000 3567 τῶν
1023 3513 1212 3585 ψυχῶν
1229 3514 1337 3566 τῶν
1361 3514 1684 3581 ἀγιάζεσθαι

113 3608 358 3678 διηνεκῶς
389 3608 852 3680 προαιρουμένων
878 3607 1095 3671 πλείους
1126 3607 1368 3674 γενέσεις
1401 3605 1683 3676 εὑρίσκον-

111 3717 209 3760 ται,
233 3696 319 3755 ἀεὶ
351 3702 471 3771 γάρ
503 3700 990 3771 ἀνακαινούμενος,
1013 3701 1104 3753 καὶ
1139 3698 1534 3768 ἀνανεούμενος
1560 3715 1683 3766 γενο

111 3794 255 3845 νεῖται
286 3796 314 3847 ό
334 3793 574 3857 δίκαιος,
606 3792 926 3863 γεγέννηται
972 3793 1214 3861 σήμερον
1240 3793 1312 3864 ,ὲν
1345 3791 1539 3859 πράξει
1577 3789 1683 3844 τινὶ

114 3886 300 3956 ἀγαθῇ,
328 3886 425 3939 καὶ
456 3886 555 3937 ἐὰν
584 3885 747 3940 πάλιν
788 3885 957 3954 ἀλλην
991 3884 1194 3955 ποιήσῃ
1224 3881 1455 3951 ἀγαθὴν,
1497 3882 1684 3947 γεγέν-

115 3993 279 4045 νηται.
314 3977 524 4047 Διόπερ
560 3975 589 4026 ὁ
630 3975 787 4044 λόγος
810 3972 1158 4043 δαψιλεύεται
1197 3972 1288 4023 ἐπὶ
1324 3970 1431 4022 τῶν
1455 3970 1681 4022 δικαίων

116 4066 200 4127 τὰς
227 4068 510 4134 γενέσεις,
556 4066 727 4133 λέγων
764 4065 850 4118 διὰ
885 4063 978 4118 τοῦ
1020 4063 1330 4126 Μωῡσέως·
1364 4081 1382 4113 1
1418 4056 1587 4113 Αῦται
1624 4062 1680 4112 αἱ

118 4158 339 4224 γενέσεις
385 4158 539 4220 Νῶε,
594 4152 753 4212 αὗται
800 4159 857 4211 αί
895 4156 1137 4225 γενέσεις
1189 4152 1410 4205 Ἰακώϐ·
1446 4171 1463 4202 1
1498 4153 1591 4204 καὶ
1632 4150 1685 4203 εἴ

116 4262 191 4310 τις
232 4250 388 4314 ἄλλος
446 4250 663 4320 εἴρηται
716 4246 1096 4307 πληθυντικῶς
1143 4246 1386 4314 γενέσεις
1447 4244 1677 4313 ἐσχηκέ-

118 4356 213 4394 ναι.

411 4484 531 4531 2.1'.
562 4508 631 4519 ——
660 4478 953 4549 ΚΥΡΗΝῼ
990 4477 1367 4547 ΕΠΙΣΚΟΠῼ.

193 4675 511 4748 Ἥρὼτησάς
556 4693 655 4745 με,
711 4675 762 4728 τί
812 4676 928 4726 ἐστι
971 4694 989 4725 1
1020 4674 1338 4745 Ματαιότης
1382 4672 1680 4743 ματαιοτή-

122 4782 235 4821 των.
276 4787 294 4819 1
334 4770 582 4823 Μάταιον
610 4766 831 4836 νοηθείη
862 4766 927 4819 ἂν
961 4766 1021 4819 τὸ
1051 4767 1420 4819 ἀνυπόστατον
1450 4767 1507 4817 ὲν
1541 4764 1680 4835 μόνῃ

123 4861 181 4928 τῇ
211 4840 300 4913 τοῦ
342 4864 587 4932 ῥήματος
621 4860 872 4929 προφορᾷ
898 4859 958 4911 τὸ
1001 4854 1139 4911 εἶναι
1169 4858 1326 4928 ἔχων.
1363 4858 1681 4926 Ματαιότης

126 4950 175 5003 δὲ
206 4955 596 5024 ματαιοτήτων,
636 4952 824 5023 ὥσπερ
857 4951 922 5004 ἂν
958 4951 1011 5003 εί
1039 4968 1122 5013 τις
1153 4949 1321 5017 λέγοι,
1362 4947 1454 5000 τοῦ
1486 4947 1680 5017 νεκροῦ

126 5044 447 5115 νεκρότερον,
494 5045 591 5097 καὶ
636 5041 731 5096 τοῦ
762 5042 971 5111 ἀψύχου
1005 5040 1387 5111 ἀψυχὼτεροψ
1437 5039 1617 5093 καίτοι
1644 5041 1677 5109 ή

131 5138 437 5208 συγκριτικὴ
474 5137 725 5198 ἐπίτασις
775 5135 962 5206 χῶραν
1019 5134 1112 5187 ἐπὶ
1143 5135 1251 5187 τῶν
1283 5133 1541 5187 τοιούτων
1580 5137 1681 5187 οὐκ

130 5225 247 5295 ἔχει,
277 5229 388 5282 ἀλλ’
418 5231 570 5300 ὅμως
593 5228 815 5295 λέγεται
861 5225 1038 5295 τούτῳ
1066 5224 1144 5295 τῷ
1173 5226 1379 5295 ῥήματι
1408 5225 1543 5295 πρὸς
1578 5225 1678 5293 τὴν

132 5318 216 5387 τῆς
244 5320 540 5391 ὑπεῷολῆς
568 5318 662 5371 τοῦ
685 5318 978 5388 λεγομένου
1010 5317 1327 5387 σαφήνειαν.

613 5412 728 5465 EA’.
753 5438 822 5449 —-
856 5408 940 5474 Τῷ
969 5407 1150 5473 αὐτῷ.

198 5518 216 5550 1
259 5501 759 5573 Ἀνασταυροῦντες,
802 5500 957 5569 φησὶ,
987 5499 1080 5553 τὸν
1104 5499 1231 5552 Υἰὸν
1254 5498 1349 5552 τοῦ
1376 5498 1533 5564 Θεοῦ,
1584 5498 1679 5551 καὶ

1785 460 1992 528 ingenti
2020 459 2345 514 oderantur.
2381 457 2569 528 Teque
2607 458 2838 512 suadeat
2893 457 3140 512 clamans
3174 460 3353 515 latro:

1789 577 1807 602 1
1842 551 2114 605 Memento
2145 550 2274 615 mei,
2309 549 2536 603 Domine
2574 547 2727 611 Jesu,
2754 564 2879 603 cum
2918 548 3141 602 veneris
3182 550 3238 603 in
3272 566 3355 603 re-

1784 658 1893 713 gno
1923 651 2018 697 tuo
2045 662 2059 698 :
2094 661 2113 693 1
2154 643 2429 712 extemplo
2455 642 2684 699 audiens
2710 661 2724 697 :
2751 659 2770 694 1
2802 640 2973 695 Hodie
2999 656 3210 695 mecum
3244 643 3357 697 eris

1792 736 1849 789 in
1883 734 2146 806 paradiso
2165 734 2234 790 ".
2268 753 2287 787 1

2317 910 2596 966 CXCVIII.
2618 942 2689 951 —
2720 910 2927 967 Eidem.

1858 1002 2070 1059 Scribis
2094 1012 2147 1057 te
2184 1018 2212 1055 a
2250 1011 2534 1073 peccatore
2583 1002 2785 1057 inlldeli
2810 1002 3076 1065 audilsse,
3119 1000 3209 1072 qui
3244 1000 3357 1053 haec

1785 1098 2031 1153 diceret:
2060 1095 2207 1149 Nihil
2239 1112 2267 1149 a
2292 1112 2376 1149 me
2409 1094 2617 1155 differs.
2642 1095 2857 1149 etiamsi
2888 1094 3238 1149 Christianus
3268 1108 3354 1151 es.

1787 1203 1913 1242 cum
1948 1187 2028 1242 sis
2063 1196 2116 1242 et
2145 1187 2261 1255 ipse
2300 1194 2579 1254 peccator.
2638 1185 2807 1256 Igitur
2846 1184 3015 1239 eli‘are
3054 1185 3120 1239 ad
3178 1186 3356 1253 ipsum

1789 1279 1929 1333 hanc
1964 1278 2303 1349 parabolam.
2344 1278 2489 1333 Duos
2528 1293 2696 1333 canes
2737 1277 3135 1348 paterfamilias
3177 1275 3357 1346 possi-

1787 1370 1996 1433 debat;
2033 1386 2224 1433 unum,
2271 1370 2365 1437 qui
2425 1368 2579 1421 rabie
2638 1377 2796 1421 actus
2855 1365 3137 1419 dominum
3179 1364 3357 1433 ipsum
3464 1372 3475 1381 ‘

1789 1461 2135 1515 membratim
2171 1460 2492 1528 discerpere
2522 1466 2873 1522 tentaverat,
2912 1455 3169 1526 praecepit
3218 1462 3361 1523 tym-

1788 1554 1948 1623 panis
1988 1569 2049 1607 ac
2083 1553 2321 1607 ﬁdiculis
2354 1550 2614 1615 extendi;
2658 1551 2917 1615 alterum,
2964 1546 3222 1603 secundis
3259 1562 3361 1598 a11-

1791 1643 1944 1695 ribus
1977 1657 2100 1695 emn
2156 1641 2552 1710 accipientem,
2596 1640 3039 1708 lambentemque
3097 1635 3361 1690 benevole

1717 1711 1758 1768 Β
1788 1733 2052 1786 continuo
2081 1733 2245 1801 pedes
2297 1732 2466 1796 illius,
2523 1730 2757 1801 ideoque
2811 1744 2934 1784 eum
2979 1725 3363 1797 amplectitur,

1790 1825 1888 1878 alit
1914 1838 2228 1893 servatque.

2178 1915 2409 1971 CXCIX.
2451 1944 2521 1956 —
2549 1911 2995 1969 FORTUNATO.

1859 2005 1979 2060 Non
2011 2014 2095 2062 est
2129 2005 2463 2076 philosophi,
2497 2005 2591 2057 sed
2637 2003 2851 2074 pusilla:
2883 2000 3192 2070 cujuspiam
3238 1995 3361 2049 ani-

1788 2113 1890 2152 mae
1924 2098 2246 2153 scandalum
2280 2095 2413 2164 pati.
2454 2112 2473 2145 1
2513 2093 2623 2146 Pax
2681 2112 2699 2145 1
2727 2107 2964 2161 namque
2994 2103 3227 2152 summa,
3262 2088 3359 2149 ait,

1788 2190 1895 2260 76
1930 2209 1948 2241 1
1991 2188 2347 2259 diligentibus
2387 2200 2584 2242 nomen
2636 2194 2814 2246 tuum,
2864 2193 2919 2237 et
2950 2198 3059 2237 non
3110 2190 3193 2235 est
3254 2178 3362 2233 illis

1787 2281 2109 2338 scandalum
2139 2282 2206 2333 9°.
2245 2301 2264 2331 1

2213 2368 2321 2423 CC.
2365 2397 2431 2408 —
2463 2362 2921 2421 SECUNDIANO.

1858 2460 2206 2515 lmmundum
2241 2460 2404 2513 etiam
2438 2473 2599 2528 posse
2648 2456 2702 2509 in
2734 2456 3001 2523 virginem
3036 2450 3360 2507 electionem

1783 2552 2196 2615 transformari,
2228 2552 2469 2606 ostendit
2504 2550 2710 2605 Paulus
2744 2544 3046 2603 Corinthiis
3077 2543 3359 2599 scribens:

1790 2665 1808 2696 1
1854 2644 2130 2714 Despondi
2165 2658 2261 2698 vos
2299 2644 2389 2697 uni
2423 2642 2543 2696 viro
2571 2641 2846 2711 virginem
2869 2648 3081 2692 castam
3105 2636 3363 2692 exhibere

1783 2737 2009 2793 Christo
2039 2738 2078 2788 ί.
2119 2754 2138 2787 1

2236 2826 2442 2882 CCI.—
2464 2821 2919 2881 CALLISTIONI.

1862 2940 1881 2972 1
1926 2920 2119 2975 Justus
2158 2920 2544 2981 multifariam,
2580 2918 2880 2985 multisque
2916 2913 3138 2969 modis'
3173 2930 3192 2963 1
3224 2909 3363 2965 dici-

1786 3022 1894 3078 tur,
1920 3013 2086 3066 veluti
2123 3012 2416 3081 nonaginta
2461 3025 2656 3064 novem
2722 3024 2852 3063 oves
2918 3007 2973 3060 in
3028 3004 3289 3076 parabola
3320 3002 3361 3057 ³.

1786 3106 2056 3158 Peccator
2088 3119 2217 3157 vero
2244 3112 2506 3172 tanquam
2540 3100 2635 3171 qui
2674 3098 3022 3170 deperditur,
3070 3099 3155 3150 vel
3196 3110 3363 3156 unus,

1786 3195 1869 3249 vel
1894 3210 2054 3248 nemo
2088 3201 2466 3263 nuncupatur,
2506 3193 2585 3245 uti
2638 3192 2733 3262 qui
2790 3188 2930 3243 nolit
2982 3187 3363 3258 paenitentiam

1786 3300 1970 3356 agere,
2003 3295 2059 3339 et
2094 3285 2396 3339 virtutibus
2431 3281 2813 3351 multiplicari.

2329 3370 2483 3427 CCII.
2515 3403 2583 3413 —
2609 3370 2819 3426 Eidem.

1856 3468 1916 3521 In
1946 3467 2276 3536 corporibus
2314 3480 2421 3520 una
2452 3465 2733 3535 generatio
2757 3471 2860 3528 est,
2892 3476 3017 3516 cum
3059 3460 3242 3514 nullus
3280 3469 3365 3510 se-

1785 3562 1962 3617 cunda
1992 3562 2112 3615 vice
2139 3567 2456 3631 generetur.
2490 3559 2561 3611 At
2601 3557 2657 3611 in
2694 3556 2897 3612 animis
2931 3568 3144 3619 eorum,
3172 3550 3266 3622 qui
3304 3564 3365 3604 se

1784 3655 2049 3708 continuo
2078 3662 2301 3706 sanctos
2325 3651 2442 3705 Iieri
2475 3648 2839 3713 contendunt,
2894 3647 3082 3717 plures
3129 3656 3360 3715 genera-

1784 3747 1963 3801 tiones
2007 3743 2466 3812 comperiuntur:
2522 3755 2740 3810 semper
2798 3737 2943 3792 enim
2985 3741 3280 3790 renovatus
3308 3738 3364 3785 et

1782 3836 2190 3904 redintegratus
2234 3832 2484 3886 nascitur
2518 3831 2744 3900 justus;
2778 3829 2831 3882 in
2877 3826 3126 3881 facinore
3177 3824 3363 3892 aliquo

1783 3928 1926 3982 bono
1955 3927 2115 3981 hodie
2147 3927 2417 3989 nascitur,
2447 3938 2781 3991 rursumque
2812 3921 2858 3976 si
2897 3918 3046 3973 aliud
3076 3917 3359 3987 egregium

1783 4018 2105 4088 pzitraverit,
2137 4017 2408 4071 nascitur.
2438 4015 2783 4085 Quapropter
2807 4013 2977 4068 dictio
3009 4011 3062 4064 in
3087 4010 3360 4080 iustorum

1781 4109 2231 4176 generationibus
2268 4109 2507 4178 plurium
2541 4122 2770 4161 numero
2797 4103 3138 4175 proﬂuenter
3159 4100 3361 4154 redun-

1780 4202 1873 4256 dat
1926 4200 2069 4269 apud
2126 4199 2406 4269 Moyscm:
2447 4218 2466 4249 1
2531 4197 2620 4251 Hae
2662 4197 3042 4268 generationes
3095 4192 3361 4257 Noe;'h:e

1778 4292 2158 4362 generationes
2188 4288 2361 4343 Jacob
2383 4289 2403 4319 ⁸
2431 4330 2443 4342 .
2480 4306 2499 4338 1
2534 4295 2589 4342 ct
2622 4290 2667 4341 si
2691 4289 2817 4356 quis
2846 4286 2988 4340 alius
3035 4285 3090 4337 in
3120 4283 3360 4354 plurium

1713 4407 1758 4461 υ
1789 4397 2019 4437 numero
2060 4382 2265 4436 dicitur
2295 4380 2684 4451 generationes
2725 4377 3010 4438 habuisse.

2085 4471 2261 4529 CCIII.
2296 4502 2360 4511 —
2390 4469 2649 4527 CYRINO
2683 4467 3043 4524 EPISCOPO.

1852 4566 2147 4621 Postulasti
2189 4579 2218 4618 a
2253 4580 2358 4628 me,
2388 4563 2519 4632 quid
2567 4562 2699 4616 illud
2752 4562 2985 4615 innuat:
3052 4577 3070 4610 1
3132 4556 3362 4613 Vanitas

1778 4661 2078 4712 vanitalmn
2111 4656 2153 4708 ⁵.
2196 4676 2215 4703 1
2252 4655 2357 4723 77
2391 4652 2598 4707 Vanum
2634 4648 3154 4718 intellexeris,quod
3185 4649 3363 4702 subsi-

1780 4750 2036 4802 stentiam
2082 4760 2190 4800 non
2227 4745 2424 4807 habet,
2463 4743 2557 4798 sed
2593 4743 2647 4796 in
2699 4742 2815 4797 sola
2866 4739 3017 4795 verbi
3056 4738 3361 4807 prolatione

1778 4842 1941 4895 habet
1986 4838 2133 4909 quod
2187 4836 2280 4892 sit.
2318 4835 2550 4890 Vanitas
2594 4845 2776 4888 autem
2808 4833 3149 4893 vanitatum,
3192 4838 3281 4883 'ac
3310 4829 3359 4883 si

1777 4932 1901 5000 quis
1947 4929 2185 4994 dixerit,
2225 4927 2348 4996 ipso
2389 4925 2654 4980 defuncto
2702 4923 2876 4993 magis
2921 4920 3273 4983 defunctum,
3300 4928 3356 4971 et

1776 5021 1895 5090 ipso
1931 5018 2236 5071 inanimato
2265 5015 2440 5083 magis
2472 5013 2836 5067 inanimatum
2866 5052 2878 5065 .
2915 5010 3041 5064 licet
3073 5022 3358 5078 compara-

1775 5114 1885 5167 tiva
1916 5111 2101 5165 auctio
2136 5110 2191 5163 in
2227 5109 2506 5165 similibus
2544 5107 2726 5161 locum
2768 5119 2875 5158 non
2915 5104 3143 5167 habeat;
3177 5102 3359 5171 expri-

1776 5206 1944 5258 mitur
1992 5203 2356 5256 nihilominus
2400 5215 2467 5255 eo
2504 5200 2676 5253 verbo
2709 5197 2777 5252 ad
2813 5197 3075 5267 majorem
3123 5210 3358 5265 exsupe-

1781 5297 1973 5351 rantia:
2006 5294 2285 5350 dictorum
2319 5292 2767 5347 declarationem.

2307 5384 2489 5439 CCIV.
2521 5412 2591 5423 --
2622 5383 2827 5437 Eidem.

1857 5499 1876 5532 1
1911 5481 2110 5535 Iterum
2156 5476 2542 5547 cruciﬁgentes
2566 5516 2582 5541 ,
2612 5475 2726 5540 ait,
2782 5474 2981 5528 Filium
3016 5472 3144 5537 Dei,
3179 5479 3233 5527 et
3256 5484 3357 5541 pa-

194 5636 235 5709 ξέ
264 5635 391 5691 Luc.
421 5654 600 5709 xxnu,
629 5637 720 5692 62.
793 5638 838 5672 ³³
862 5637 1338 5697 Psal.cxvnt,165
1381 5642 1395 5671 ¹
1439 5639 1483 5694 ll
1513 5638 1641 5697 Cor.
1674 5656 1750 5709 χι,
1774 5639 1826 5696 2.
1871 5642 1890 5672 ²
1924 5638 2116 5693 Matth.
2148 5653 2303 5705 xvm,
2347 5637 2435 5695 1:2.
2483 5637 2502 5668 ³
2540 5635 2675 5691 Luc.
2720 5651 2811 5693 xv.
2852 5636 2901 5689 4.
2979 5633 3000 5665 ⁸
3024 5630 3161 5689 Gen.
3202 5646 3277 5700 vt,
3300 5634 3358 5690 91.

139 5705 156 5736 '
191 5706 356 5763 Ecclc.
418 5728 454 5774 ι,
516 5708 570 5761 2.
