3850 6218
488 194 592 258 159

1975 185 2034 245 S.
2068 184 2232 247 NILI

3656 179 3821 246 ιςῑι

486 305 595 358 lam
619 304 967 360 traducentes
995 306 1038 359 ⁸.
1097 322 1117 357 ι
1150 302 1351 358 lterum
1398 319 1524 357 eum
1566 302 1897 372 cruciﬂgunt
1943 302 2052 356 hae-

2199 298 2773 370 εαραδειγματίζοντες.
2807 320 2825 353 ι
2880 302 3299 374 Ἀνασταυροῦσι
3333 302 3379 357 δ’
3430 302 3615 356 αὐτὸν
3676 303 3797 354 αξ

490 395 669 460 retiei,
708 410 815 448 non
850 403 1059 448 tantum
1089 395 1185 465 qui
1210 410 1463 464 perverse
1488 396 1820 464 baptismum
1854 396 2057 449 iterare

490 492 826 552 prasumunt
846 525 860 548 ,
878 485 970 540 sed
987 486 1150 539 etiam
1184 486 1216 539 ii
1244 524 1259 547 ,
1281 486 1373 555 qui
1397 485 1586 541 dicunt
1609 486 1721 541 fore
1740 486 2057 556 aliquando,

488 584 549 628 ut
595 576 851 629 Christus
899 592 997 645 pro
1038 576 1379 631 daemonibus
1423 578 1574 631 cruci
1607 577 1880 645 alligatur.

648 665 804 721 CCV.
823 695 898 706 —
916 666 1149 721 CAINA‘Z
1180 666 1538 722 COPlARUM
1564 665 1887 722 DUCTORI.

557 755 750 813 Oumis
785 769 1040 813 creatura
1082 760 1250 812 verbo
1272 799 1286 819 ,
1318 769 1390 815 et
1429 759 1729 828 sapientia,
1770 757 1918 828 quod
1951 758 2059 823 sit,

490 844 701 898 habuit.
760 845 959 901 Verum
1012 846 1154 902 Deus
1205 842 1478 910 Verbum,
1532 862 1656 902 cum
1708 862 1806 903 sua
1863 859 2062 902 natura

491 934 761 1001 sapientia
785 976 801 1000 ,
844 944 1221 1006 creaturzeque
1254 938 1560 999 universae,
1592 940 1710 993 sive
1742 953 1805 992 ea
1842 936 2062 994 intelle-

485 1027 579 1073 ctu
618 1023 1139 1091 comprehendatur,
1166 1026 1281 1081 sive
1316 1026 1420 1080 sub
1452 1040 1675 1080 sensum
1702 1025 1900 1089 cadat,
1929 1041 2064 1082 con-

486 1107 635 1161 ditor
664 1110 766 1172 sit,
793 1112 1069 1181 quomodo
1104 1120 1361 1167 creatura
1388 1113 1645 1167 dicetur?

1014 1203 1196 1258 CCVI.
1228 1232 1297 1244 η-
1325 1203 1533 1259 Eidem.

621 1289 823 1347 Lucem
868 1293 1179 1350 inhabitare
1217 1295 1651 1351 inaccessibilem
1734 1296 1813 1351 ait
1890 1296 2060 1351 Deum

489 1382 921 1451 omnipotentem
947 1424 963 1449 ,
990 1394 1045 1440 et
1073 1385 1292 1441 Patrem
1320 1388 1364 1452 ⁷,
1460 1387 1657 1443 beatus
1688 1387 1912 1445 Paulus.
1948 1388 2064 1444 Hoc

490 1489 623 1528 vero
646 1515 661 1539 ,
702 1476 850 1545 quod
888 1487 1072 1534 mente
1108 1487 1318 1533 tantum
1349 1481 1683 1550 concipitur,
1722 1498 1932 1551 suaque
1961 1498 2063 1536 na-

494 1574 617 1621 tura
671 1570 964 1635 subsistit,
1008 1579 1064 1626 et
1123 1589 1231 1627 nou
1279 1574 1790 1643 comprehenditur,
1839 1584 1894 1628 et
1944 1576 2065 1630 sine

491 1661 619 1716 ullis
673 1661 942 1717 limitibus
996 1663 1215 1729 lumen,
1261 1671 1345 1717 est
1389 1664 1703 1721 adorandus
1745 1666 1955 1731 Filius,
2007 1678 2062 1723 ct

493 1750 765 1819 Verbum,
812 1765 866 1808 et
910 1754 1155 1809 omnium
1208 1754 1493 1811 Dominus.
1539 1756 1663 1812 "me
1704 1758 1867 1828 igitur
1910 1760 1957 1814 si
1989 1762 2061 1815 ita

491 1858 720 1913 prorsus
741 1860 799 1900 se
827 1845 1056 1911 habent,
1087 1864 1326 1919 quanam
1355 1850 1567 1905 ratione
1591 1852 1701 1923 ’18
1728 1863 2059 1914 creaturam.

488 1947 576 2002 et,
609 1954 674 1992 ex
710 1940 778 1994 iis
804 1955 927 2010 quae
956 1957 1064 2005 non
1094 1950 1288 2007 erant,
1323 1944 1664 2014 unigenitum
1699 1944 1791 2001 Dei
1824 1944 2022 1999 Filium
2044 1984 2060 2010 ,

490 2039 548 2084 et
576 2028 813 2085 Verbum
845 2041 1163 2102 generatum
1214 2034 1424 2102 fuisse,
1466 2037 1739 2092 instruere
1777 2050 1829 2092 te
1858 2039 2065 2093 audent

491 2122 747 2176 belluinis
781 2125 1024 2181 moribus
1058 2126 1305 2196 praediti,
1342 2135 1396 2183 et
1433 2127 1639 2183 Christi
1667 2131 1849 2200 gregis
1875 2130 2061 2200 perdi-

493 2220 645 2267 tores
680 2212 864 2265 Ariani
881 2215 906 2267 ?

732 2306 933 2361 CCVII.
968 2334 1038 2347 —-
1085 2307 1381 2365 MELISSO
1410 2310 1826 2367 CANDIDATO.

562 2395 738 2452 Homo
764 2401 819 2453 in
850 2401 1230 2471 aegritudinem
1258 2403 1541 2469 incidens,
1575 2406 1797 2475 genium
1841 2415 2067 2475 propter

493 2490 744 2544 morbum
793 2502 1174 2557 comnmtans,
1215 2494 1431 2549 inutilis
1460 2496 1524 2548 ad
1552 2510 1720 2565 Opera
1741 2535 1756 2557 ,
1805 2505 1861 2551 et
1890 2497 2066 2552 imbe-

492 2578 675 2633 cillior
718 2581 811 2646 llt;
848 2582 1207 2637 nihilominus
1259 2583 1423 2638 noxia
1471 2584 1835 2653 concupiscit.
1891 2583 1965 2638 Ita
2010 2593 2068 2640 et

493 2667 679 2721 anima
708 2671 912 2723 abono
958 2670 1281 2731 declinans.
1334 2680 1389 2726 et
1434 2673 1488 2726 in
1538 2672 1726 2743 pejora
1770 2675 2064 2740 immersa,

495 2774 696 2815 nervos
728 2760 947 2830 quidem
985 2762 1050 2815 ad
1105 2764 1332 2818 meliora
1363 2766 1714 2835 exsequenda
1744 2769 1985 2835 amittit,
2012 2778 2069 2823 et

496 2850 807 2920 perniciosa
843 2853 1015 2906 ambit
1043 2861 1099 2908 et
1134 2853 1449 2910 aﬂectatur.

737 2941 965 2998 CCVIII.
992 2975 1063 2985 —
1092 2944 1373 3002 THYRSO
1406 2948 1819 3006 SCRlNlAlIlO.

566 3048 589 3084 ι
612 3031 975 3103 lugredietur,
1007 3036 1095 3089 lex
1126 3037 1236 3101 ait,
1256 3038 1323 3091 ad
1356 3055 1582 3095 uxorem
1611 3040 1896 3103 fratrith
1922 3042 2071 3097 exci-

492 3123 630 3178 tabit
646 3141 834 3181 semen
856 3128 896 3182 '.
926 3147 945 3181 ι
970 3127 1299 3201 Quicunque
1326 3133 1524 3187 etenim
1552 3135 1735 3198 homo,
1759 3135 1874 3189 sive
1887 3135 2070 3191 onmis

492 3215 733 3273 hominis
766 3220 945 3274 anima
988 3221 1164 3275 virum
1200 3224 1631 3279 intellectualem
1673 3240 1702 3278 a
1741 3226 1850 3280 Deo
1879 3241 2071 3281 ’δεδυ-

497 3322 651 3363 mens
672 3349 687 3371 ,
716 3310 884 3379 legem
907 3312 1116 3368 scilicet
1138 3313 1411 3369 interuam
1439 3355 1455 3379 ,
1486 3317 1761 3370 interemit
1785 3317 1982 3385 ipsam,
2016 3325 2072 3371 et

492 3400 567 3455 ob
586 3400 875 3470 segnitiem
896 3404 1131 3472 sepeliit.
1167 3406 1308 3459 Hine
1338 3408 1636 3463 necessitas
1660 3409 1807 3463 illius
1842 3408 2071 3464 fratrem

494 3489 813 3558 advocavit,
846 3493 1018 3561 legem
1050 3495 1263 3550 scilicet
1313 3499 1574 3565 scriptam
1594 3538 1607 3560 ,
1643 3508 1700 3553 ut
1734 3500 2072 3571 ingrediatur

495 3579 564 3633 ad
588 3596 819 3636 uxorem
866 3584 1001 3655 legis
1028 3587 1297 3643 naturalis
1321 3586 1434 3659 jam
1462 3589 1762 3645 demortua:
1782 3632 1796 3653 ,
1832 3602 1886 3646 et
1913 3608 2071 3647 exsu-

495 3672 724 3730 witaret
760 3691 948 3732 semen
982 3679 1053 3733 ob
1085 3681 1374 3750 segnitiem
1404 3696 1675 3736 summam
1705 3682 2000 3742 defunctae.

1020 3858 1204 3916 CCIX.
1241 3890 1310 3901 —-
1341 3859 1548 3917 Eidem.

567 3948 871 4003 Aversatus
922 3949 1065 4006 Deus
1112 3951 1411 4022 sophistas,
1467 3964 1524 4008 et
1571 3955 2074 4011 insulsissimorum

496 4052 850 4104 sermonum,
898 4043 1268 4114 omnibusque
1329 4047 1633 4102 mendaciis
1680 4057 1735 4103 et
1789 4050 2076 4105 erroribus

500 4129 879 4185 coniertormn
915 4136 1187 4199 artilices,
1227 4138 1489 4192 coriariis
1532 4140 1863 4207 quibusdam
1894 4150 1948 4196 et
1990 4141 2070 4210 pi-

505 4223 818 4277 scatoribus
870 4225 1149 4295 prepriam
1210 4230 1545 4289 salutarem.
1585 4240 1638 4287 et
1696 4233 2076 4300 splendidissi-

504 4325 649 4364 mam
678 4313 897 4382 pietatis
922 4324 976 4370 et
1004 4315 1237 4383 jusﬁtim
1260 4320 1709 4387 praedicationem
1738 4324 1984 4379 tradidit.

977 4406 1085 4476 79
1113 4407 1273 4462 ccx.
1300 4439 1369 4449 —
1393 4409 1599 4465 Eidem.

571 4491 817 4559 Quilibet
866 4511 969 4567 pro
1022 4498 1385 4556 inclinatione
1446 4504 1779 4570 voluntatis,
1842 4505 1958 4561 sive
2015 4524 2077 4561 tu

502 4586 745 4649 malum,
772 4588 887 4642 sive
922 4589 974 4642 in
1009 4590 1204 4645 melius
1226 4591 1527 4661 iudicatur.
1563 4592 1749 4663 Teque
1781 4598 2074 4665 suadeant,

497 4670 673 4729 Judas
704 4679 798 4744 qui
842 4693 941 4747 per
989 4696 1155 4735 unam
1188 4692 1401 4738 noctem
1445 4700 1476 4738 a
1529 4687 1641 4740 vita
1685 4688 2072 4757 abalienatus,

504 4764 828 4836 Magistrum
875 4772 1139 4840 prodidit,
1190 4783 1245 4829 et
1304 4776 1446 4830 latro
1496 4787 1773 4832 momento
1815 4783 2079 4851 temporis

501 4857 628 4913 vitae
656 4861 1012 4917 conciliatus.
1063 4862 1251 4934 Neque
1282 4866 1427 4920 enim
1470 4868 1524 4922 iu
1553 4871 1873 4924 memoriam
1908 4873 2077 4927 redu-

496 4957 703 5003 centur
732 4952 1054 5021 iniquitates
1088 4957 1243 5011 illius
1276 4958 1548 5022 hominis,
1596 4961 1689 5029 qui
1730 4977 1837 5016 non
1871 4979 2077 5033 usque-

505 5055 724 5110 quaque
774 5058 805 5097 a
857 5044 964 5100 Deo
993 5046 1292 5112 defecerit,
1334 5059 1389 5103 et
1435 5066 1532 5103 cur
1566 5066 1793 5120 pravqu
1836 5053 2076 5108 inlideli-

506 5134 636 5188 tatis
685 5150 751 5190 ac
797 5138 1136 5207 stupiditatis
1190 5143 1576 5211 assumpserit.
1634 5161 1653 5193 ι
1682 5142 1886 5199 Vivens
1927 5147 2077 5201 enim

506 5224 651 5281 vivet
672 5266 687 5291 ,
718 5227 831 5289 ait,
873 5244 995 5282 cum
1028 5242 1398 5293 convertetur,
1445 5241 1500 5286 ct
1532 5249 1638 5286 non
1674 5235 1943 5290 morietur
1973 5239 2015 5295 ⁹.
2054 5257 2073 5291 ι

718 5318 900 5373 CCXI.
929 5352 989 5361 -—-
1016 5320 1310 5377 BVIIILLO
1352 5324 1865 5383 MACEDONIANO.

581 5410 868 5476 Quomodo
897 5415 1067 5471 audes
1098 5415 1362 5485 Spiritum
1394 5425 1649 5473 sanctum
1678 5435 1897 5474 servum
1923 5435 2077 5474 eom-

2093 2965 2142 3027 C

2160 394 2365 461 Ρετικοὶ
2394 431 2408 455 ι
2447 393 2508 445 οὐ
2552 394 2713 464 μόνον
2740 394 2791 447 oi
2831 395 3015 458 κακῶς
3074 393 3464 457 ἀναϐαπτίςειν
3526 396 3800 462 ἐπιχετ.

2161 481 2399 554 ροῦντες,
2458 484 2593 537 ἀλλά
2652 485 2743 539 καὶ
2804 486 2853 538 oi
2885 484 3191 555 τολμῶντες
3243 484 3440 553 λέγειν,
3516 484 3618 536 ὅτι
3671 480 3819 535 ana!

2161 573 2301 645 ὑπὲρ
2322 575 2432 630 τῶν
2468 576 2740 648 δαιμόνων
2772 578 2901 631 ποτέ
2929 579 2958 630 ό
2996 576 3231 646 Χριστὸς
3258 575 3805 646 σταυρωθήσετειι

2457 668 2574 723 seu
2610 698 2681 711 ..μ
2707 668 2915 740 ΓΔΙΝᾼ
2936 667 3420 736 ΣΤΡΑΤΗΛΔΤῌ.

2231 758 2348 812 Πᾶν
2379 758 2584 829 κτίσμα
2616 761 2706 814 διά
2730 760 2889 829 λόγου
2930 759 3025 814 καὶ
3066 760 3258 827 σοφίας
3283 758 3376 812 τοῦ
3406 754 3557 811 εῖναι
3584 753 3824 808 τετύ-

2160 863 2318 917 χηκε.
2361 848 2419 901 '0
2446 848 2503 900 δὲ
2536 849 2669 913 Θεὸς
2708 849 2880 917 Λόγος
2927 849 3089 918 σοφία
3128 848 3388 918 ὑπάρχων
3440 844 3824 914 οὐσιὼδης.

2158 941 2488 1013 δημιουργός
2511 959 2569 995 τε
2584 941 2661 996 ὢν
2681 945 2859 1018 πάσης
2876 943 2978 1012 τῆς
2996 961 3055 997 τε
3077 944 3340 1013 νουμένης
3363 943 3639 1005 κτίσεως,
3675 941 3822 993 κα]

2160 1033 2259 1102 τῆς
2314 1033 2728 1105 ὑποπιπτούσης
2774 1036 2845 1107 τῇ
2902 1034 3184 1107 αίσθήσει,
3233 1031 3350 1097 πῶς
3394 1031 3459 1086 ἂν
3520 1032 3823 1103 λεχθείη

2166 1126 2374 1197 κτίσμα
2391 1142 2408 1195 ;

2666 1215 2801 1286 Σεῖ.
2823 1250 2889 1267 -η
2924 1215 3010 1284 Τῷ
3047 1218 3229 1285 αὐτῷ.

2258 1307 2379 1372 Φῶς
2427 1308 2594 1361 οίκεῐν
2639 1308 2939 1380 ἀπρόσιτον
3002 1311 3135 1379 φησὶ
3169 1310 3261 1363 τὸν
3319 1309 3827 1381 παντοκράτορα

2162 1395 2294 1450 Θεὸν
2349 1398 2443 1453 καὶ
2495 1398 2713 1469 Πατέρα
2758 1399 2785 1451 ὁ
2824 1396 3094 1468 μακάριος
3168 1398 3396 1463 Παῦλος.
3438 1398 3636 1452 Τοῦτο
3734 1398 3831 1449 δὲ

2163 1486 2373 1557 νοητὸν,
2422 1488 2516 1540 καὶ
2543 1486 2932 1552 ἐνυπόστατον,
2973 1486 3065 1539 καὶ
3103 1486 3512 1557 ἀκατάληπτον,
3554 1486 3681 1540 καὶ
3722 1486 3825 1537 ἀ-

2166 1578 2433 1649 πέραντον
2470 1577 2585 1647 φῶς
2615 1580 2763 1631 ἐστιν
2785 1578 2814 1629 ὁ
2835 1578 3208 1649 προσκυνητὺς
3247 1579 3395 1644 Υἱὸς,
3422 1580 3521 1632 καὶ
3552 1578 3827 1645 Λόγος,

2168 1666 2260 1719 καὶ
2297 1666 2406 1720 τῶν
2433 1666 2568 1721 ὅλων
2599 1666 2823 1738 Κύριος.
2855 1667 2917 1719 Εἰ
2947 1670 3126 1719 τοίνυν
3154 1666 3310 1720 ταῦθ’
3355 1667 3534 1732 οὕτως
3618 1667 3824 1737 ἔχει,

2165 1757 2281 1821 πῶς
2310 1758 2538 1827 κτίσμα,
2571 1755 2667 1809 καὶ⁵
2702 1758 2767 1809 ἐκ
2807 1756 2883 1827 μὴ
2926 1757 3093 1811 όντων
3145 1757 3471 1827 γεγενῆσθαι
3522 1757 3633 1810 τὸν
3674 1774 3827 1827 μο-

2163 1850 2354 1919 νογενῆ
2378 1848 2471 1902 τοῦ
2503 1848 2639 1901 Θεοῦ
2682 1848 2833 1915 Υίδν,
2873 1850 2967 1903 καὶ
3005 1850 3199 1919 Λόγον,
3226 1850 3500 1903 διδάσκειν
3530 1866 3600 1901 σε
3638 1849 3815 1901 tol-

2166 1941 2338 2011 μῶσιν
2374 1940 2423 1993 οί
2452 1938 2907 2010 θηριογνώμονες,
2942 1940 3033 1994 καὶ
3068 1944 3168 2012 τῆς
3195 1940 3291 1994 τοῦ
3319 1939 3565 2013 Χριστοῦ
3640 1940 3817 1992 ποί-

2128 2064 2129 2067 η
2167 2050 2306 2102 μνης
2342 2030 2596 2105 όλετῆρες
2641 2032 2947 2103 Ἀρειανοίς

2470 2296 2583 2350 ΣΖ’.
2599 2325 2670 2336 --
2687 2295 2981 2368 ΜΕΛΙΣΣῼ
3005 2297 3418 2368 ΚᾹΝΔῙΔΑΤῼ.

2240 2386 2557 2457 Ἀνθρωπος
2588 2388 2975 2461 ἐξασθενήσας,
3015 2390 3109 2443 καὶ
3139 2390 3455 2459 ἐξαλλαγεὶς
3508 2390 3631 2443 ὑπὸ
3666 2391 3805 2459 τῆς

2166 2476 2323 2530 νόσου
2361 2477 2460 2549 τὴν
2513 2477 2645 2543 ἕξιν,
2679 2479 3026 2551 ἀχρειότερος
3069 2481 3168 2551 μὲν
3223 2482 3359 2550 πρδς
3402 2480 3565 2551 ἔργον
3676 2484 3801 2535 καὶ

2167 2568 2401 2639 ἀδρανὴς
2434 2570 2665 2637 γίνεται,
2702 2572 3033 2642 ἐπιθυμεῖδέ
3059 2571 3152 2624 τοῦ
3186 2570 3536 2641 βλάπτοντος.
3585 2571 3797 2625 Οὕτω

2168 2661 2262 2714 καὶ
2297 2661 2443 2732 ψυχὴ
2484 2661 2833 2717 ἀπονεύσασα
2864 2662 2958 2717 τοῦ
2992 2663 3181 2729 καλοῦ,
3225 2665 3320 2717 καὶ
3353 2665 3447 2717 ἐπὶ
3470 2664 3535 2716 τὸ
3564 2667 3797 2734 χεῖρον

2167 2753 2541 2820 ἀλλοιωθεῖσα,
2578 2756 2957 2827 ἐκνευρίζεται
3014 2756 3115 2827 μὲν
3176 2758 3311 2826 πρὸς
3350 2756 3624 2828 ἐργασίαν
3674 2757 3796 2811 τοῦ

2170 2845 2499 2917 κρείττονος,
2532 2846 2786 2917 ὀρέγεται
2819 2849 2875 2900 δὲ
2900 2846 3005 2900 τῶν
3031 2848 3309 2919 ὀλεθρίων.

2489 2939 2613 2993 ΣΗ’.
2632 2939 2937 3011 -ΘΥΡΣῼ
2966 2940 3417 3011 ΣΚΡΗΝΙΑΡΙῼ.
3796 2998 3805 3003 μ

2250 3031 2691 3096 «Είσελεύσεται,
2735 3032 2943 3103 φησὶνὸ
2982 3032 3166 3102 νόμος,
3200 3033 3338 3103 πρὸς
3380 3034 3475 3103 τὴν
3508 3040 3788 3103 γυναῖκα

2170 3121 2264 3175 τοῦ
2326 3123 2578 3193 ἀδελφοῦ,
2640 3124 2734 3177 κει)⁵
2777 3126 3070 3195 ἀναστήσει
3122 3125 3362 3195 σπέρμα.
3392 3147 3411 3180 ι
3463 3129 3579 3193 Πᾶς
3655 3135 3789 3203 γὰρ

2173 3212 2477 3284 ἄνθρωπος,
2507 3216 2625 3285 ἦτοι
2660 3217 2808 3268 πᾶσα
2846 3216 2991 3287 ψυχὴ
3020 3216 3312 3287 ἀνθρώπου
3351 3218 3521 3289 ἀνδρα
3559 3226 3785 3293 νοητὸν

2171 3303 2409 3359 λαϐοῦσα
2454 3307 2605 3372 παρὰ
2645 3308 2802 3371 θεοῦ,
2848 3309 3046 3379 δηλαδὴ
3086 3311 3178 3362 τὸν
3210 3311 3517 3365 ἐνδιάθετον
3560 3314 3780 3384 νόμον,

2171 3395 2440 3466 ἐνέκρωσε
2472 3397 2678 3459 τοῦτον,
2714 3398 2808 3452 καὶ
2837 3398 3003 3468 ἔθαψε
3028 3398 3116 3453 διὰ
3148 3399 3248 3468 τῆς
3270 3400 3551 3470 ἀμελείας.
3580 3403 3779 3456 Ὅθεν

2172 3485 2330 3558 χρεία
2378 3487 2601 3542 ἐκάλεσε
2655 3487 2745 3542 τὸν
2795 3489 2984 3543 τούτου
3054 3489 3301 3559 ἀδελςρδν,
3360 3493 3618 3545 τουτέστι
3675 3497 3779 3548 τὸν

2171 3579 2417 3649 γραπτὸν
2444 3580 2606 3649 νόμον
2626 3579 2884 3634 εἰσελθεῖν
2909 3582 3044 3653 πρὸς
3071 3586 3168 3652 τὴν
3193 3586 3430 3651 γυναῖκα
3455 3583 3553 3637 τοῦ
3584 3586 3775 3654 νόμου

2170 3668 2266 3722 τοῦ
2315 3670 2568 3739 φυσικοῦ,
2622 3674 2772 3736 ὅστις
2831 3673 3211 3745 ἀπενεκρὼθη,
3247 3676 3343 3728 καὶ
3380 3675 3777 3747 ἐξαναστῆσαι

2176 3762 2395 3833 σπέρμα
2417 3762 2495 3835 τῷ
2519 3765 2860 3834 τελευτηκότι
2889 3766 2975 3819 διὰ
3004 3765 3226 3836 νοθρίας
3262 3766 3486 3839 πολλῆς.

2701 3852 2819 3908 ΣΘ’.
2839 3883 2911 3895 --
2928 3853 3009 3920 Τῷ
3036 3852 3217 3920 αὐτῷ.

2257 3945 2694 4016 Ἀποστραφεὶςό
2719 3944 2849 4009 Θεὸς
2878 3946 3004 4010 τοὺς
3034 3944 3314 4015 σοφιστὰς,
3365 3949 3458 4002 καὶ
3489 3951 3774 4017 τέκτονας

2175 4036 2282 4091 τῶν
2302 4036 2473 4105 λόγων
2496 4037 2603 4091 τῶν
2636 4054 2701 4108 με
2709 4039 3125 4108 ματαιωμένων,
3141 4040 3237 4092 καὶ
3269 4041 3471 4104 παντὸς
3490 4043 3768 4111 ψεύδους,

2176 4129 2272 4182 καλ⁷
2300 4129 2507 4199 πλάνης
2536 4129 2840 4191 ἀνάπλεων,
2872 4130 3227 4201 σκυτοτόμοις
3253 4132 3385 4195 τισὶ,
3419 4133 3515 4186 καὶ
3541 4132 3770 4189 ἁλιεῦσι

2175 4219 2237 4273 τὸ
2259 4220 2455 4274 οίκεῖον
2480 4220 2841 4303 σωτηριᾶῶες,
2880 4222 2974 4275 καὶ
3002 4222 3394 4293 ὑπέρλαμπρον
3454 4224 3558 4294 τῆς
3599 4228 3769 4281 εὐσεο

2106 4303 2152 4359 Ῑ)
2181 4312 2328 4377 ὗείας
2359 4314 2451 4366 καὶ
2498 4314 2597 4384 τῆς
2634 4304 2982 4384 δικαιοσύνης
3016 4316 3315 4385 ἐνεχείρισε
3356 4316 3652 4387 κήρυγμα.

2730 4407 2827 4460 Σῐθ.
2851 4435 2921 4448 -
2946 4405 3030 4470 Τῷ
3049 4405 3231 4471 αὐτῷ.

2244 4499 2367 4552 Ὅτι
2400 4499 2534 4569 πρὸς
2573 4499 2673 4569 τὴν
2717 4500 2890 4569 ῥοπὴν
2937 4498 3166 4560 ἕκαστος
3200 4497 3297 4570 τὴν
3329 4498 3423 4551 ἐπὶ
3468 4498 3699 4571 φαύλῳ,
3733 4501 3763 4569 ἢ

2174 4591 2266 4644 ἐπὶ
2293 4591 2559 4660 κρείττονι
2588 4591 2851 4661 κρίνεται,
2888 4587 3226 4642 πειθέτωσάν
3256 4605 3335 4650 σε,
3356 4591 3384 4641 ό
3414 4588 3512 4658 μὲν
3549 4590 3765 4653 Ἰούδας

2172 4682 2259 4735 διὰ
2283 4684 2411 4752 μιᾶς
2437 4683 2626 4745 νυκτὸς
2653 4681 3031 4753 ἀλλοτριωθεὶς
3058 4683 3156 4751 τῆς
3185 4680 3356 4751 ζωῆς,
3394 4681 3763 4751 προδεδωκὼς

2174 4774 2264 4825 τὸν
2288 4771 2679 4833 Διδάσκαλον,ὁ
2710 4773 2765 4826 δὲ
2796 4772 2999 4845 λῃστὴς
3030 4774 3087 4825 ἐν
3122 4773 3324 4841 στιγμῇ
3351 4770 3565 4840 χρόνοῖ
3585 4772 3736 4825 οίκει

2173 4864 2335 4926 ωθεὶς
2362 4866 2429 4933 τῇ
2460 4863 2594 4934 ζωῇ.
2624 4864 2698 4917 Οὐ
2729 4864 2804 4934 μὴ
2840 4864 2951 4934 γὰρ
2987 4861 3299 4933 μησθῶσιν
3322 4864 3378 4915 αί
3400 4862 3627 4931 ἀνομίαι
3666 4862 3760 4917 τοῦ

2178 4960 2252 5026 μὴ
2297 4955 2576 5018 παντελῶς
2621 4956 2958 5008 ἀποστασίαν
2986 4955 3080 5007 τοῦ
3114 4954 3250 5007 Θεοῦ
3288 4955 3618 5023 νοσήσαντος
3655 4956 3751 5007 ἁν-

2174 5048 2416 5119 θρώπου,
2465 5049 2599 5117 μηδὲ
2648 5048 2871 5117 καρδίαν
2933 5046 3177 5117 πονηρὰν
3226 5046 3482 5106 ἀπιστίας
3540 5062 3601 5097 τε
3663 5047 3758 5097 καὶ

2182 5139 2519 5210 ἠλιθιότητος
2543 5138 2903 5201 ἀναλαϐόντος
2925 5155 2940 5169 ο
2970 5156 2988 5189 ι
3021 5138 3136 5191 Ζῶν
3168 5138 3275 5206 γὰρ
3295 5134 3541 5204 ζήσεται,
3564 5138 3751 5205 φησὶν,

2184 5236 2241 5287 ἐν
2273 5232 2350 5302 τῷ
2381 5230 2704 5302 ἐπιστρέψαι
2734 5232 2914 5295 αὐτὸν,
2949 5230 3045 5283 καὶ
3073 5230 3173 5283 οὐκ
3202 5227 3580 5282 ἀποθανεῖται.
3622 5248 3644 5281 ι

2469 5325 2612 5378 Σ1Α’.
2630 5356 2700 5365 -
2731 5323 3029 5392 ΒΥΡΙΛΛῼ
3052 5319 3469 5388 ΜΑΚΕΔΟΝΙῼ.

2260 5417 2386 5481 Πῶς
2432 5416 2637 5487 τολμᾷς
2669 5415 2730 5469 τὸ
2771 5414 2996 5486 Πνεῦμα
3034 5415 3095 5467 τὸ
3136 5412 3291 5482 ἅγιον
3342 5410 3530 5464 δοῦλον
3589 5423 3751 5480 προσ-

584 5593 603 5622 ⁶
630 5590 788 5649 llcbr.
857 5607 930 5659 vn,
970 5592 1020 5647 6.
1098 5592 1160 5645 τι
1200 5592 1411 5661 Tim.6,
1440 5594 1521 5649 lli.
1600 5597 1620 5627 ⁸
1661 5595 1814 5652 Deut.
1840 5611 1964 5657 xxv,
2008 5595 2059 5651 5.
2134 5595 2156 5627 ’
2187 5594 2387 5654 Ezech.
2425 5607 2582 5660 mu,
2609 5591 2701 5647 28.
