3850 6218
173 221 259 287 161
1444 242 1977 308 EPISTULARUM
2018 250 2162 311 LIB.
2207 252 2255 310 Ι.
3378 256 3481 322 162

164 335 493 408 appetitui,
530 342 612 396 τὸ
655 344 743 398 διὰ
774 342 868 397 τοῦ
910 345 1144 399 ἀσπίλου
1174 344 1549 417 βαπτίσματος
1589 350 1684 403 πάι

1954 356 2108 410 :llare
2129 396 2145 417 ,
2174 359 2268 426 qui
2318 372 2412 426 per
2449 358 2860 414 immaculatum
2893 360 3224 433 baptismum
3251 367 3474 422 creden-

159 432 280 492 τοὺς
309 432 731 501 πιστεύοντας
751 436 1070 507 ἐλευθεροῦν
1092 457 1108 501 ;
1134 439 1297 505 Λέγει
1326 441 1434 510 γὰρ
1468 442 1497 492 ὁ
1537 441 1671 495 Ἄτας

1959 464 1985 502 s
2011 464 2205 503 omnes
2239 450 2290 502 in
2323 450 2630 505 libertatem
2671 453 2956 507 vindieat?
2980 453 3121 508 Dicit
3158 458 3304 511 enim
3331 458 3478 530 Apo-

154 522 264 583 λσς,
286 522 513 594 ὅτιπερ
555 544 581 577 ι
621 528 686 583 Ὃ
707 528 868 598 νόμος
890 529 988 582 τοῦ
1020 530 1335 599 Πνεύματος
1362 531 1459 600 τῆς
1483 530 1674 602 ζωῆςὴ

1959 540 2118 593 olus:
2174 558 2191 590 ι
2233 538 2345 594 Lex
2390 542 2621 609 spiritus
2671 545 2793 598 vita:
2843 545 3096 599 liberavit
3140 563 3226 602 me
3273 563 3305 603 a
3360 522 3479 619 lege

152 613 371 683 θέρει)σὲ
404 634 488 686 με
528 618 663 673 ἀπὸ
701 620 796 674 τοῦ
847 621 1018 691 νόμου
1076 622 1175 691 τῆς
1216 620 1518 691 ἁμαρτίας,
1550 624 1643 675 καὶ

1076 622 1175 691 τῆς
1216 620 1518 691 ἁμαρτίας,
1550 624 1643 675 καὶ
1699 621 1795 675 τοῦ
1898 630 2107 698 peccati
2140 640 2197 686 ct
2226 635 2422 689 mortis
2447 635 2512 688 ‘°.
2547 653 2565 685 ι

152 706 503 763 θανάτου.ι

492 802 667 862 ΣιΒν.
698 832 770 845 ——
797 802 1072 875 ΙΓΝΑΤΙῼ
1094 804 1492 876 ΑΝΘΥΠΑΤῼ.

2138 804 2339 862 nexu.
2374 836 2442 848 —
2466 805 2745 863 IGNATIO
2777 807 3211 883 rnocousuu

219 892 515 959 Ἔξεστιν
550 896 873 966 ἱμπεσόντα
897 898 1018 950 τινὰ
1046 899 1125 961 είς
1152 896 1215 951 τὸ
1250 897 1346 952 τοῦ
1378 896 1543 968 θηρὸς
1594 897 1739 967 στόμι

1968 895 2025 951 In
2059 896 2320 953 facultate
2356 902 2503 956 illius
2533 910 2653 963 est,
2704 906 2797 971 qui
2845 920 2940 972 per
2982 920 3045 958 os
3088 906 3309 971 bellum,
3358 907 3476 961 dia-

142 985 240 1040 τθδ
280 986 589 1042 διαϐόλου
617 996 782 1061 φημὶ.
803 989 1140 1060 ἀπολυθῆναι
1163 989 1353 1044 τούτου
1374 991 1460 1044 διὰ
1492 992 1591 1062 τῆς
1630 1010 1662 1064 μ

1954 983 2005 1037 ιιι
2035 1023 2049 1047 ,
2094 983 2351 1056 inquam,
2386 988 2715 1058 prolabitur,
2754 1005 2851 1060 per
2912 994 3293 1061 ptenitentiam
3345 994 3474 1049 libe-

143 1075 332 1139 νοεας,
382 1078 683 1150 καθάπερ
735 1077 1067 1150 λελύτρωται
1125 1080 1219 1132 καὶ
1269 1079 1560 1150 ἐρρύσθηὸ
1596 1082 1654 1133 ἐν

1962 1076 2044 1139 ri;
2098 1078 2560 1143 quemadmodum
2613 1080 2881 1136 liberatus
2925 1097 2990 1136 ac
3050 1097 3303 1140 servatus
3352 1097 3480 1153 est,

146 1168 741 1244 ρενθφ’προ<ιτθαρεὶς
756 1176 819 1245 τῇ
834 1174 1076 1243 μητρυιᾷ
1091 1175 1154 1235 ὲκ
1175 1172 1451 1246 φάρυγγος
1465 1174 1560 1226 τοῦ
1577 1174 1666 1243 ὲχο

1954 1168 1990 1219 ti
2023 1167 2273 1223 Corinthi
2309 1186 2436 1225 cum
2486 1187 2725 1226 noverca
2776 1183 3142 1228 consueverat
3177 1176 3242 1239 “,
3275 1192 3337 1231 ex
3377 1179 3471 1232 ad-

141 1262 287 1331 πρὶν
314 1265 397 1333 τῇ
434 1265 837 1336 περισσοτέρᾳ
884 1265 1032 1337 λύπῃ
1079 1264 1400 1331 καταποθεί,
1455 1266 1551 1317 καὶ
1588 1266 1661 1328 είς

1959 1262 2123 1315 rsarii
2152 1261 2406 1319 faucibus
2428 1303 2443 1329 ,
2477 1276 2773 1335 antequam
2815 1267 3205 1322 abundauiiori
3250 1269 3479 1325 tristitia

138 1353 381 1410 κοιλίαν
419 1358 686 1431 χωρήσῃ
714 1357 808 1409 τοῦ
840 1357 1032 1428 θηρίου
1078 1358 1166 1413 διὰ
1194 1358 1291 1429 τῆς
1312 1357 1576 1427 ἀγεννοῦς
1595 1357 1656 1411 δυ

1955 1354 2312 1423 isorberetur,
2362 1363 2418 1411 et
2477 1358 2532 1411 in
2596 1366 2842 1411 ventrem
2889 1360 3083 1414 bellua:
3129 1377 3228 1429 per
3290 1363 3475 1432 pusilli

137 1447 309 1517 μίας,
338 1449 463 1500 καὶ
502 1448 617 1519 τῆς
630 1448 1014 1517 ἀπογνώσεως.

1895 1439 2067 1492 animi
2101 1456 2359 1511 angorem
2393 1458 2458 1498 ac
2488 1443 2932 1513 desperationem
2961 1446 3403 1519 immergeretur.

749 1539 886 1592 ΣΙΙν.
909 1570 978 1579 -
1013 1539 1095 1604 Τῷ
1125 1537 1304 1604 αὐτῷ.

2344 1535 2456 1606 so
2478 1535 2703 1592 ccxm.
2734 1567 2769 1578 -
2830 1535 3034 1593 Eidem.

209 1629 421 1695 Δὺτδς
449 1631 540 1684 δι’
569 1633 768 1687 ἑαυτοῦ
806 1632 943 1703 πρὸς
978 1633 1037 1685 σὲ
1068 1632 1431 1703 παραγίνεται
1472 1630 1724 1700 ἀοράτως

2023 1640 2097 1680 ise
2138 1641 2236 1698 per
2269 1628 2510 1697 seipsum
2549 1628 2616 1681 ad
2652 1639 2703 1684 te
2731 1632 2978 1686 caelestis
3017 1632 3265 1689 medicus
3298 1635 3477 1689 oculis
3536 1654 3543 1665 ·

136 1719 434 1789 οὐράνιος
476 1724 695 1793 ἰατρὸς,
744 1723 847 1777 κᾶν
887 1724 961 1793 μὴ
999 1725 1063 1778 σὺ
1111 1720 1396 1794 δυνηθείης
1437 1721 1574 1792 πρὸς
1624 1739 1656 1774 α

1957 1716 2123 1772 inime
2160 1720 2413 1789 objectus
2444 1722 2689 1785 accedit,
2735 1723 2863 1777 licet
2893 1731 2949 1777 tu
2998 1724 3067 1777 ad
3094 1742 3217 1778 eum
3252 1739 3474 1796 propter

137 1814 543 1884 πορευθῆναι
562 1816 652 1868 διὰ
682 1816 783 1886 τὴν
836 1816 1122 1869 ἀσθένειαν
1153 1816 1247 1868 καὶ
1290 1814 1513 1868 ἀτονίαν
1560 1813 1653 1867 τοῦ

1954 1809 2277 1877 gritudincm
2328 1823 2382 1867 et
2423 1815 2781 1885 cogitationis
2830 1816 3161 1887 languorem
3210 1819 3474 1877 accedere

136 1905 403 1976 γισμοῦ.

1896 1915 2005 1955 non
2035 1904 2237 1958 valeas.

721 1998 860 2053 Σ1Δ’.
882 2026 948 2037 -
978 1995 1066 2062 Τῷ
1098 1994 1279 2060 αὐτῷ.
1872 1989 1887 2007 ’

1872 1989 1887 2007 ⁵
2396 1992 2629 2053 CCXIV.
2658 2027 2727 2037 -—
2752 1998 2960 2055 Eidem.

220 2088 425 2153 Τινὲς
480 2088 661 2158 ἔγνων
701 2089 900 2155 ἔγωγε,
938 2087 1073 2157 μηδὲ
1126 2083 1498 2157 πλησιάζοντα
1526 2086 1614 2140 οιά
1661 2086 1740 2155 φι]

1962 2081 2269 2140 Nonnullos
2331 2085 2448 2155 ipse
2512 2090 2785 2158 cOgnovi,
2850 2090 2943 2160 qni
3003 2092 3173 2145 etiam
3249 2108 3475 2164 propter

150 2180 525 2250 ανθρωπξαν
590 2182 683 2235 τὸν
737 2182 843 2234 τῶν
885 2179 1073 2249 ψυχῶν
1143 2179 1326 2250 ίατρὸν
1384 2180 1670 2249 παραδέξω

1955 2190 2048 2229 am
2081 2177 2477 2230 humanitatem
2529 2180 2783 2247 proxime
2830 2179 3183 2237 accedentem
3208 2223 3222 2247 ,
3258 2186 3475 2239 anima-—

154 2273 593 2345 βουληθέντας,
645 2274 755 2329 ἀπὸ
797 2272 1175 2343 ἀναισθησίας,
1226 2272 1322 2326 καὶ
1363 2273 1674 2345 πονηρίαςι

1951 2283 2014 2321 ιιι]
2053 2268 2325 2323 medicum
2376 2270 2448 2323 ob
2487 2280 2810 2340 stuporem,
2861 2281 2917 2327 et
2962 2289 3236 2330 summam
3275 2280 3471 2349 nequi-

155 2364 265 2436 λῆς
291 2404 311 2420 .
1893 2359 2023 2414 tiam
2060 2361 2352 2417 admittere
2376 2362 2697 2417 noluerunt.

721 2456 783 2508 ΣΙ
794 2455 865 2509 Ε’.
887 2484 959 2495 —
976 2452 1059 2520 Τῷ
1091 2452 1272 2520 αὐτῷ.

2417 2452 2628 2509 CCXV.
2653 2483 2716 2493 —
2745 2452 2954 2512 Eidem.

238 2551 487 2615 Παῦλος
515 2549 750 2619 διώκτης
774 2549 1036 2619 ὑπάρχων
1066 2550 1164 2619 τῆς
1177 2548 1270 2601 τοῦ
1290 2548 1528 2621 Χριστοῦ
1561 2546 1758 2619 Ἐκκλη

1962 2540 2165 2597 Paulus
2214 2558 2340 2597 cum
2383 2556 2810 2615 persequeretur
2866 2548 3074 2604 Christi
3127 2547 3473 2614 Ecclesiam,

166 2644 301 2709 σίας
335 2641 726 2713 ἀπετυφὶώθη
752 2642 968 2711 πρῶτον
986 2644 1099 2704 τοῖς
1127 2643 1343 2707 κακοῖς,
1380 2643 1474 2693 καὶ
1502 2643 1569 2711 τῇ
1598 2643 1686 2709 ἀφ(

1963 2634 2069 2689 ulis
2094 2637 2410 2691 obczrcatus
2430 2648 2512 2691 est
2540 2638 2581 2669 "
2613 2639 2849 2708 primum
2879 2642 3041 2696 malis
3058 2650 3113 2696 et
3147 2645 3478 2699 crudelitate

169 2736 471 2809 ὠμότητι,
512 2737 661 2798 ὅπως
707 2734 998 2803 ἀναϐλέψει
1031 2734 1109 2804 τῷ
1138 2733 1279 2804 Θεῷ,
1332 2734 1426 2787 καὶ
1473 2736 1539 2804 τῇ
1581 2734 1689 2786 δικσ

1955 2726 2304 2794 explicabili,
2346 2736 2403 2781 ut
2452 2726 2578 2793 Dei,
2614 2740 2668 2784 et
2696 2731 2929 2799 justitiae
2968 2735 3150 2789 lumen
3183 2751 3475 2807 recupera-

172 2830 344 2902 σύνῃ.
382 2830 634 2890 Εἰκότως
655 2827 835 2881 τοίνυν
867 2829 896 2879 ὁ
930 2827 1132 2897 Κύριος
1160 2825 1353 2895 ἔλεγεν
1386 2843 1401 2858 σ
1455 2825 1598 2894 Ἐγὼ
1626 2821 1692 2897 ἦλ

1956 2828 1993 2873 ι.
2025 2815 2143 2871 Νοιι
2197 2818 2295 2873 abs
2350 2835 2406 2874 re
2447 2821 2636 2890 itaque
2680 2822 2944 2879 Dominus
2991 2825 3257 2882 dicebat:
3300 2848 3319 2880 ι
3360 2828 3476 2902 Ego

173 2923 258 2984 εἰς
279 2923 386 2974 τὸν
418 2921 654 2991 κόσμον,
688 2919 778 2973 ἵνα
806 2919 855 2971 οἱ
889 2918 963 2989 μὴ
993 2917 1278 2988 βλέποντες
1319 2916 1580 2987 βλέπωσι,
1605 2919 1693 2971 καὶ

1953 2913 2012 2966 sui
2052 2915 2104 2966 in
2140 2915 2431 2980 mundum,
2476 2926 2532 2968 ut
2571 2916 2663 2987 qui
2710 2932 2820 2971 non
2858 2919 3081 2983 vident,
3114 2920 3375 2990 videant;
3416 2935 3473 2978 et

178 3012 496 3083 βλέποντες
558 3011 749 3081 τυφλοὶ
797 3012 1085 3078 γένωνται.
1116 3029 1133 3060 ι
1183 3009 1434 3082 ᾘνίξατο
1488 3010 1596 3082 γὰρ
1661 3028 1698 3063 τι

1954 3008 1981 3058 ιι
2036 3006 2273 3074 Vident,
2321 3008 2449 3061 ιεωεὶ
2504 3007 2641 3062 ﬁant
2683 3009 2727 3040 ”
2758 3028 2771 3063 :
2806 3028 2825 3062 ι
2856 3011 3035 3066 innuit
3091 3013 3361 3083 siquidem
3413 3031 3474 3071 se

176 3110 295 3170 τοῖς
335 3104 781 3176 πονηρεύμασιν,
819 3104 915 3156 καὶ
955 3104 1077 3164 ταῖς
1111 3102 1364 3166 ἀτοπίαις
1412 3119 1696 3176 προστετηῖ

1957 3098 2146 3167 rpibus
2203 3099 2569 3163 facinoribus,
2623 3100 2994 3173 absurdisque
3034 3104 3250 3160 deditos
3280 3107 3477 3163 oculos

178 3215 282 3262 τας
322 3198 656 3268 ὀφθαλμοὺς
696 3194 1107 3261 ἀποτυφλῶσαι,
1159 3194 1369 3257 ἀνοῖξαι
1394 3194 1473 3257 δὲ,
1516 3194 1611 3247 καὶ
1660 3197 1695 3249 ἀ

1947 3190 2258 3256 Iossurum;
2314 3198 2689 3247 reseraturum
2745 3209 2912 3260 vero,
2963 3203 3019 3249 et
3066 3197 3467 3253 medicaturum

180 3294 397 3344 σασθαι
431 3289 563 3352 τοὺς
594 3290 819 3359 νοητοὺς
847 3286 1183 3356 ὀφθαλμοὺς,
1216 3281 1298 3349 οἷς
1319 3286 1681 3355 ἐφοπτεύεται

1951 3282 2080 3337 :ulos
2133 3283 2566 3348 intellectuales,
2617 3285 2825 3354 quibus
2878 3288 3146 3341 virtutum
3198 3289 3368 3345 decor
3416 3299 3471 3346 et

182 3384 395 3448 κάλλος
438 3381 551 3435 τῶν
576 3380 787 3451 ἀρετῶν
835 3380 934 3432 καὶ
962 3379 1061 3447 τῆς
1091 3378 1442 3446 θεογνωσίας.

1336 3379 1442 3441 ίας.
1887 3376 2086 3431 divinae
2124 3376 2460 3446 cognitionis
2488 3378 2854 3446 conspicitur.

480 3474 642 3542 ZIG'.
670 3504 737 3514 —
770 3472 1176 3542 ΕΥΓΡΑΜΜΙῼ
1203 3472 1499 3542 ΝΟΜΙΚῼ.

2022 3462 2155 3519 CCX
2171 3464 2256 3520 Vl.
2282 3496 2353 3506 —
2375 3465 2787 3523 EUGRAMMIO
2817 3469 3333 3531 LEGUMPERITO.

266 3587 287 3618 ι
310 3564 579 3635 Εἰσῆλθε,
612 3565 746 3634 φησὶ
794 3564 1057 3633 Μωῦσῆς,
1090 3564 1169 3624 εἰς
1222 3562 1315 3615 τὸν
1354 3564 1552 3631 γνὸφον
1579 3579 1594 3595 ⁸
1641 3581 1660 3615 ι
1690 3560 1786 3616 τοῦ

1962 3577 1979 3608 ι
2034 3557 2321 3625 Introivit,
2376 3561 2452 3614 ait
2480 3559 2730 3633 Moyses,
2778 3564 2831 3616 in
2892 3564 3383 3622 OIJSI'uritatctn“.
3442 3588 3464 3619 ι

186 3663 323 3733 περι
382 3658 523 3712 Θεὺν
567 3657 790 3726 γνάφου,
817 3656 971 3709 οὐδὲν
1016 3656 1206 3725 ἕτερον
1259 3655 1679 3727 ἐμφαίνοντοςῆ

1956 3665 2046 3703 rea
2077 3649 2244 3704 Deum
2289 3652 2605 3708 obscuritas
2641 3655 2777 3709 nihil
2826 3654 2973 3708 aliud
3010 3656 3272 3724 instruit,
3300 3676 3468 3729 quam

188 3751 584 3822 ἀπερινόητον,
633 3752 727 3802 καὶ
754 3747 1158 3818 ἀνεξιχνίαστον
1187 3747 1282 3800 τοῦ
1327 3746 1464 3800 Θεοῦ
1487 3764 1500 3780 ο
1541 3766 1708 3803 σκοτολ

1949 3740 2293 3811 intelligibile
2369 3740 2464 3797 Dei
2533 3756 2697 3814 atque
2774 3745 3177 3813 inscrutabile;
3256 3764 3466 3820 opacus

188 3841 287 3911 δης
309 3843 424 3910 γὰρ
462 3839 559 3892 καὶ
581 3839 828 3908 ἀφεγγὴς
854 3840 886 3908 ὴ
910 3837 1003 3890 τοῦ
1036 3837 1234 3905 γνόφου
1272 3836 1515 3905 πέφυκεν
1539 3837 1684 3907 ὄψις,

1943 3832 2069 3895 ιὶιιι,
2105 3841 2158 3885 et
2192 3834 2312 3887 sine
2362 3834 2570 3889 lumine
2614 3837 2872 3907 caliginis
2908 3847 3167 3907 aspectus
3201 3849 3287 3895 cst
3312 3881 3327 3904 ,
3369 3843 3463 3913 qui

192 3935 250 3985 ὲν
272 3934 422 4001 αὐτῇ
456 3930 776 4000 κρύπτουσα
804 3931 891 3984 6ιά
926 3930 1019 3983 τοῦ
1062 3929 1421 3994 πνκνοτάτου,
1468 3932 1561 3983 καὶ
1594 3948 1712 3984 σκοτ

1943 3920 2067 3973 ιὶδειι
2099 3935 2161 3972 ac
2194 3921 2480 3975 tenebrosa
2513 3924 2658 3978 aeris
2678 3925 2933 3979 crassitie
2972 3942 3095 3995 qua:
3130 3926 3181 3979 in
3214 3944 3280 3982 eo
3309 3941 3463 3997 sunt,

191 4026 375 4087 ειδοῦς
402 4024 564 4094 ἀέρος
605 4024 862 4092 εἴργουσα
910 4022 1007 4084 τὰς
1041 4021 1195 4093 ὄψεις
1260 4021 1370 4075 τῶν
1416 4022 1711 4092 ὁρώντωνε

1942 4011 2121 4079 uegit,
2158 4013 2349 4066 oculos
2378 4013 2483 4083 81
2519 4016 2572 4068 in
2601 4032 2726 4070 eum
2769 4016 3100 4071 intuentium
3128 4033 3325 4073 arcens
3351 4060 3366 4084 ,
3406 4031 3462 4076 et

193 4118 389 4181 αὐτὸν,
430 4115 514 4167 ἐτι
560 4117 656 4167 καὶ
688 4113 797 4166 τῶν
845 4113 1064 4166 ἐννοιῶν
1097 4113 1277 4165 αὐτῶν
1320 4115 1414 4176 τὰς
1451 4115 1713 4185 περιέργο

1946 4104 2279 4171 ιςὶιιιιὶοιιιιιιι
2346 4115 2608 4174 praeterea
2670 4107 2912 4177 ipsarum
2964 4110 3216 4165 curiosas
3253 4111 3321 4166 de
3351 4112 3466 4168 Deo

194 4211 331 4280 περὶ
358 4206 497 4260 θεοῦ
543 4207 915 4276 ἐπιχειρήσεις
938 4220 951 4233 ⁸
999 4224 1017 4256 ι
1048 4204 1245 4267 Σκότος
1270 4205 1399 4276 γὰρ,
1430 4208 1622 4277 φησὶν,
1648 4210 1714 4260 ἀπ

1945 4193 2217 4262 dagincs:
2274 4214 2293 4246 ι
2352 4193 2617 4252 'I‘enebne
2662 4199 2846 4262 enim,
2914 4202 3022 4266 ait,
3084 4211 3464 4273 tegumentum

194 4299 393 4375 κρυερὴ
424 4297 614 4365 αὐτοῦ,
644 4298 740 4351 καὶ
770 4297 868 4366 οὐχ
898 4296 1247 4367 ὀραθήσεται.
1290 4316 1310 4348 ι

1290 4316 1310 4348 ,
1886 4284 2092 4355 ipsius,
2123 4297 2175 4341 ct
2210 4304 2317 4343 non
2352 4289 2624 4343 videbitur
2662 4290 2726 4343 ³⁵.
2768 4309 2785 4343 ι

770 4389 911 4442 ΣῐΖ’.
925 4418 989 4427 -
1016 4387 1098 4452 Τῷ
1126 4387 1307 4453 αὐτῷ.
1813 4386 1859 4441 ῐ)

1813 4386 1859 4441 ῐ)
2418 4380 2670 4436 CCXVII.
2695 4413 2765 4422 —
2790 4382 2998 4439 Eidem.

272 4482 437 4548 Ἔθος,
464 4482 608 4553 ἔχεις
643 4481 949 4554 προχείρως
989 4480 1084 4533 τοῦ
1114 4480 1315 4548 λέγειν,
1356 4481 1440 4535 ὅτι
1471 4480 1790 4553 πολυμήχα-

1958 4469 2116 4527 Soles
2168 4474 2482 4528 inconsulto
2542 4475 2726 4530 dicere
2778 4485 3059 4531 versutum
3120 4492 3244 4533 esse
3293 4490 3462 4550 atque

197 4574 289 4636 νός
351 4574 468 4625 ἐστι
499 4612 517 4635 ,
572 4573 666 4624 καὶ
724 4571 1064 4641 πολύτροπος
1084 4574 1111 4623 ὁ
1138 4570 1382 4635 διάϐολος
1403 4590 1415 4603 ⁸
1442 4573 1717 4642 συνομολο·

1936 4571 2127 4617 ιιιιιιιιιι
2158 4565 2436 4619 diabolum
2465 4582 2483 4620 :
2513 4582 2691 4636 neque
2736 4568 2854 4637 ipse
2881 4570 3189 4625 abnuerim.
3222 4568 3456 4627 Verum-

199 4664 383 4732 κάγώ.
420 4663 559 4716 Ἀλλ’
593 4664 689 4716 ἐὰν
728 4664 922 4733 νήφειν
955 4662 1292 4734 θελήσωμεν,
1324 4662 1502 4734 ἑαυτῷ
1551 4681 1719 4736 πονηρ

1943 4672 2060 4709 men
2115 4658 2158 4711 si
2218 4659 2388 4712 sobrii
2448 4676 2571 4715 esse
2623 4660 2894 4722 velimus.
2930 4663 3033 4716 sibi
3085 4662 3188 4732 ipsi
3243 4674 3463 4722 astutus

199 4754 358 4807 ἔσται
382 4751 412 4803 ὁ
441 4750 704 4813 διὰὅολος,
745 4751 839 4802 καὶ
887 4750 986 4819 οὐχ
1051 4752 1182 4819 ἡμῖν
1207 4766 1220 4778 ·
1251 4751 1284 4821 ή
1326 4750 1434 4820 γὰρ
1473 4750 1635 4819 φύσις
1680 4753 1719 4803 τί

1944 4750 1983 4799 it
2023 4755 2077 4800 et
2135 4765 2241 4802 non
2294 4752 2475 4805 nobis.
2528 4752 2900 4821 Improbitatis
2950 4755 3220 4825 siquidem
3263 4760 3462 4825 genius

200 4844 405 4904 κακίας
470 4843 655 4912 μόνοις
703 4845 818 4905 τοῖς
887 4842 1244 4911 κεκτημένοις
1310 4841 1482 4911 αὐτὴν
1542 4842 1720 4912 ὑπάρχ

1945 4838 2010 4892 lis
2064 4841 2237 4909 ipsius
2288 4846 2707 4911 possessoribus
2752 4846 3052 4914 perniciem
3105 4846 3304 4915 aﬂcrt;
3360 4852 3457 4904 sed

200 4935 446 5005 ὀλεθρία,
473 4936 507 5004 ἡ
526 4935 584 4987 δὲ
604 4933 774 5005 ἀρετὴ
804 4932 1135 4993 τούναντίον,
1173 4930 1294 5002 οὐχὶ
1320 4932 1447 4995 τοὺς
1503 4949 1720 5003 κεκτημ

1936 4942 2050 4983 rtus
2112 4936 2390 4988 contrarie
2448 4951 2508 4990 Se
2556 4952 2789 5004 gerens,
2855 4954 2964 4991 non
3032 4941 3456 5008 possessoribus

204 5043 329 5089 νους
396 5026 591 5094 μόνον,
646 5021 783 5079 ἀλλὰ
830 5022 926 5076 καὶ
974 5022 1100 5085 τοὺς
1162 5021 1427 5093 πλησίους
1494 5021 1724 5092 ὠφελῆσς

1650 5022 1778 5092 ἧσαι
1876 5019 2039 5072 modo
2059 5059 2073 5082 ,
2112 5018 2208 5073 scd
2235 5020 2431 5076 vicinis
2461 5023 2625 5077 etiam
2664 5024 3034 5080 emolumento
3065 5038 3170 5080 est.

204 5120 449 5173 δύναται.

695 5205 847 5257 Σ1Η’.
879 5235 949 5245 -
986 5202 1066 5268 Τῷ
1110 5201 1289 5269 αὐτῷ.

2376 5203 2647 5259 CCXVIII.
2674 5236 2745 5245 —
2772 5205 2979 5262 Eidem.

274 5299 392 5350 ἰνα
428 5295 621 5366 μάθῃς.
649 5293 731 5347 ὅτι
762 5296 790 5346 ὁ
818 5296 915 5363 μὲν
939 5294 1106 5357 κακὸς
1133 5295 1279 5364 μόνῳ
1303 5293 1483 5363 ἐαυτῷ
1526 5293 1716 5356 κακὸς.
1743 5294 1769 5346 ὁ

1954 5292 2020 5349 ιιι
2055 5295 2241 5351 discas
2266 5335 2280 5357 ,
2313 5298 2514 5349 malum
2553 5298 2764 5367 sibiipsi
2809 5299 2911 5352 soli
2936 5314 3057 5355 esse
3087 5300 3314 5364 malum,
3354 5302 3452 5357 bo-

206 5391 259 5445 δὲ
286 5389 488 5457 ἀγαθὸς
511 5388 605 5439 καὶ
632 5385 840 5455 ἑτέροις
866 5387 1088 5453 ἀγαθὸς,
1119 5388 1426 5460 μαρτυρίαν
1456 5406 1538 5441 σοι
1576 5405 1723 5459 παρο

1931 5403 2011 5440 um
2064 5404 2195 5443 vero
2238 5397 2291 5444 et
2344 5390 2467 5443 aliis
2523 5390 2748 5453 bonum,
2805 5392 3181 5446 testimonium
3232 5395 3331 5449 tibi
3386 5411 3451 5450 ex

213 5483 374 5555 μιώδη
420 5480 643 5552 παρέξω
672 5492 688 5509 ’
724 5478 963 5532 (Τέκνον
1007 5479 1148 5549 γὰρ,
1201 5481 1397 5549 φησὶν,
1447 5480 1542 5533 ἐὰν
1601 5479 1733 5534 κακὲ

1932 5467 2196 5533 reverbiis
2230 5480 2540 5536 adducam:
2602 5499 2620 5533 ι
2658 5479 2784 5544 Fili,
2817 5483 2986 5549 enim,
3029 5486 3124 5549 ait,
3174 5486 3218 5539 si
3252 5503 3452 5558 pravus

274 5664 315 5695 “
349 5661 506 5716 Ruin.
532 5677 654 5727 vni,
678 5660 737 5716 2.
812 5661 851 5691 "
897 5657 915 5711 I
953 5657 1082 5712 Cor.
1116 5674 1170 5724 ν,
1208 5658 1257 5711 I.
1302 5658 1344 5688 "
1368 5660 1472 5713 Act
1530 5674 1605 5725 ix,
1629 5657 1682 5711 8.
1759 5657 1794 5690 ¹²

1859 5671 1984 5711 oan.
2029 5671 2106 5720 ιι.
2142 5657 2233 5713 59.
2312 5656 2356 5688 “
2392 5655 2566 5713 Exod.
2614 5660 2828 5729 ωλι.
2910 5662 3074 5717 "Job
3115 5679 3247 5729 χχιι,
3294 5665 3379 5718 It.
