  <div class='ocr_page' id='page_1' title='image "/cluster/home/n/w/nwhite01/storage/ocr_20150623/79/nnc1.0038021404/099.png"; bbox 0 0 3850 6218; ppageno 0'>
   <div class='ocr_carea' id='block_1_1' title="bbox 432 304 2012 381">
    <p class='ocr_par' dir='ltr' id='par_1_1' title="bbox 432 306 2012 381">
     <span class='ocr_line' id='line_1_1' title="bbox 432 306 2012 381; baseline -0.009 -3"><span class='ocrx_word' id='word_1_1' title='bbox 432 314 538 381; x_wconf 75' lang='lat'><strong>163</strong></span> <span class='ocrx_word' id='word_1_2' title='bbox 1894 306 1954 365; x_wconf 92' lang='lat' dir='ltr'><strong>S.</strong></span> <span class='ocrx_word' id='word_1_3' title='bbox 1999 307 2012 365; x_wconf 84' lang='lat' dir='ltr'><strong>l</strong></span> 
     </span>
    </p>
   </div>
   <div class='ocr_carea' id='block_1_2' title="bbox 2125 304 3709 381">
    <p class='ocr_par' dir='ltr' id='par_1_2' title="bbox 2125 304 3709 369">
     <span class='ocr_line' id='line_1_2' title="bbox 2125 304 3709 369; baseline -0.001 -5"><span class='ocrx_word' id='word_1_4' title='bbox 2125 308 2161 365; x_wconf 81' lang='grc' dir='ltr'>,Ι</span> <span class='ocrx_word' id='word_1_5' title='bbox 3582 304 3709 369; x_wconf 67' lang='grc'><strong>161-</strong></span> 
     </span>
    </p>
   </div>
   <div class='ocr_carea' id='block_1_3' title="bbox 428 418 2012 493">
    <p class='ocr_par' dir='ltr' id='par_1_3' title="bbox 428 420 2007 493">
     <span class='ocr_line' id='line_1_3' title="bbox 428 420 2007 493; baseline -0.008 -8"><span class='ocrx_word' id='word_1_6' title='bbox 428 432 550 493; x_wconf 81' lang='lat' dir='ltr'><strong>iles,</strong></span> <span class='ocrx_word' id='word_1_7' title='bbox 581 427 730 482; x_wconf 89' lang='lat' dir='ltr'><strong>solus</strong></span> <span class='ocrx_word' id='word_1_8' title='bbox 770 424 1062 481; x_wconf 78' lang='lat' dir='ltr'><strong>exhauries</strong></span> <span class='ocrx_word' id='word_1_9' title='bbox 1094 424 1277 488; x_wconf 84' lang='lat' dir='ltr'><strong>mala;</strong></span> <span class='ocrx_word' id='word_1_10' title='bbox 1322 423 1369 477; x_wconf 89' lang='lat' dir='ltr'><strong>si</strong></span> <span class='ocrx_word' id='word_1_11' title='bbox 1427 421 1668 493; x_wconf 97' lang='lat' dir='ltr'><strong>sapiens,</strong></span> <span class='ocrx_word' id='word_1_12' title='bbox 1715 421 1827 477; x_wconf 89' lang='lat' dir='ltr'><strong>eris</strong></span> <span class='ocrx_word' id='word_1_13' title='bbox 1878 420 2007 474; x_wconf 90' lang='lat' dir='ltr'><strong>tibi-</strong></span> 
     </span>
    </p>
   </div>
   <div class='ocr_carea' id='block_1_4' title="bbox 2125 418 3710 493">
    <p class='ocr_par' dir='ltr' id='par_1_4' title="bbox 2125 418 3710 489">
     <span class='ocr_line' id='line_1_4' title="bbox 2125 418 3710 489; baseline 0.001 -20"><span class='ocrx_word' id='word_1_14' title='bbox 2125 418 2241 489; x_wconf 76' lang='grc' dir='ltr'>γένῃ</span> <span class='ocrx_word' id='word_1_15' title='bbox 2264 418 2445 487; x_wconf 85' lang='grc' dir='ltr'><strong>,μόνος</strong></span> <span class='ocrx_word' id='word_1_16' title='bbox 2483 419 2763 489; x_wconf 80' lang='grc' dir='ltr'>ἀντλήσεις</span> <span class='ocrx_word' id='word_1_17' title='bbox 2790 419 2861 472; x_wconf 83' lang='grc' dir='ltr'>τὰ</span> <span class='ocrx_word' id='word_1_18' title='bbox 2884 419 3064 473; x_wconf 84' lang='grc' dir='ltr'>κακά’</span> <span class='ocrx_word' id='word_1_19' title='bbox 3102 419 3198 473; x_wconf 82' lang='grc' dir='ltr'>ἐὰν</span> <span class='ocrx_word' id='word_1_20' title='bbox 3246 420 3304 472; x_wconf 82' lang='grc' dir='ltr'>δὲ</span> <span class='ocrx_word' id='word_1_21' title='bbox 3352 419 3538 489; x_wconf 83' lang='grc' dir='ltr'>σοφὸς,</span> <span class='ocrx_word' id='word_1_22' title='bbox 3584 421 3710 488; x_wconf 69' lang='grc' dir='ltr'><strong>ἔσῃ</strong></span> 
     </span>
    </p>
   </div>
   <div class='ocr_carea' id='block_1_5' title="bbox 430 510 2012 591">
    <p class='ocr_par' dir='ltr' id='par_1_5' title="bbox 430 518 1433 591">
     <span class='ocr_line' id='line_1_5' title="bbox 430 518 1433 591; baseline -0.007 -15"><span class='ocrx_word' id='word_1_23' title='bbox 430 521 649 591; x_wconf 88' lang='lat' dir='ltr'><strong>metipsi</strong></span> <span class='ocrx_word' id='word_1_24' title='bbox 680 527 735 573; x_wconf 92' lang='lat' dir='ltr'><strong>et</strong></span> <span class='ocrx_word' id='word_1_25' title='bbox 767 518 1018 589; x_wconf 85' lang='lat' dir='ltr'><strong>proximo</strong></span> <span class='ocrx_word' id='word_1_26' title='bbox 1048 521 1269 588; x_wconf 84' lang='lat' dir='ltr'><strong>sapiens</strong></span> <span class='ocrx_word' id='word_1_27' title='bbox 1315 518 1379 571; x_wconf 76' lang='grc'><strong>¹⁶.</strong></span> <span class='ocrx_word' id='word_1_28' title='bbox 1416 537 1433 569; x_wconf 75' lang='grc' dir='ltr'><strong>ι</strong></span> 
     </span>
    </p>
   </div>
   <div class='ocr_carea' id='block_1_6' title="bbox 2125 510 2869 591">
    <p class='ocr_par' dir='ltr' id='par_1_6' title="bbox 2125 510 2869 582">
     <span class='ocr_line' id='line_1_6' title="bbox 2125 510 2869 582; baseline -0.001 -18"><span class='ocrx_word' id='word_1_29' title='bbox 2125 510 2342 581; x_wconf 71' lang='grc' dir='ltr'>σεαυτῷ,</span> <span class='ocrx_word' id='word_1_30' title='bbox 2372 510 2464 565; x_wconf 71' lang='grc' dir='ltr'><strong>καὶ</strong></span> <span class='ocrx_word' id='word_1_31' title='bbox 2487 512 2563 582; x_wconf 83' lang='grc' dir='ltr'>τῷ</span> <span class='ocrx_word' id='word_1_32' title='bbox 2587 512 2820 582; x_wconf 81' lang='grc' dir='ltr'>πλησίῳ.</span> <span class='ocrx_word' id='word_1_33' title='bbox 2851 531 2869 563; x_wconf 75' lang='grc' dir='ltr'><strong>ι</strong></span> 
     </span>
    </p>
   </div>
   <div class='ocr_carea' id='block_1_7' title="bbox 660 602 3498 665">
    <p class='ocr_par' dir='ltr' id='par_1_7' title="bbox 660 602 3498 665">
     <span class='ocr_line' id='line_1_7' title="bbox 660 602 3498 665; baseline -0.004 1"><span class='ocrx_word' id='word_1_34' title='bbox 660 609 889 665; x_wconf 78' lang='lat' dir='ltr'><strong>CCXIX.</strong></span> <span class='ocrx_word' id='word_1_35' title='bbox 918 639 989 650; x_wconf 90' lang='lat'><strong>-——</strong></span> <span class='ocrx_word' id='word_1_36' title='bbox 1014 607 1433 663; x_wconf 78' lang='lat' dir='ltr'><strong>AIIISTOTELI</strong></span> <span class='ocrx_word' id='word_1_37' title='bbox 1464 605 1767 660; x_wconf 81' lang='lat' dir='ltr'><strong>PRIMATI.</strong></span> <span class='ocrx_word' id='word_1_38' title='bbox 2286 605 2429 657; x_wconf 71' lang='lat' dir='ltr'><strong>XIB&#39;.</strong></span> <span class='ocrx_word' id='word_1_39' title='bbox 2456 635 2523 645; x_wconf 88' lang='lat'><strong>-—</strong></span> <span class='ocrx_word' id='word_1_40' title='bbox 2544 606 2994 658; x_wconf 73' lang='lat' dir='ltr'><strong>APIE&#39;I‘U&#39;I‘EAEI</strong></span> <span class='ocrx_word' id='word_1_41' title='bbox 3036 602 3498 657; x_wconf 85' lang='grc' dir='ltr'><strong>ΠΡΩΤΕΥΟΝΤΙ.</strong></span> 
     </span>
    </p>
   </div>
   <div class='ocr_carea' id='block_1_8' title="bbox 500 694 2012 768">
    <p class='ocr_par' dir='ltr' id='par_1_8' title="bbox 500 696 2008 768">
     <span class='ocr_line' id='line_1_8' title="bbox 500 696 2008 768; baseline -0.004 -11"><span class='ocrx_word' id='word_1_42' title='bbox 500 702 639 757; x_wconf 80' lang='lat' dir='ltr'><strong>Milli</strong></span> <span class='ocrx_word' id='word_1_43' title='bbox 674 703 877 757; x_wconf 89' lang='lat' dir='ltr'><strong>dicitur</strong></span> <span class='ocrx_word' id='word_1_44' title='bbox 906 700 1105 764; x_wconf 77' lang='lat' dir='ltr'><strong>Filius,</strong></span> <span class='ocrx_word' id='word_1_45' title='bbox 1156 716 1264 755; x_wconf 90' lang='lat' dir='ltr'><strong>non</strong></span> <span class='ocrx_word' id='word_1_46' title='bbox 1315 699 1619 754; x_wconf 89' lang='lat' dir='ltr'><strong>secundum</strong></span> <span class='ocrx_word' id='word_1_47' title='bbox 1662 698 1810 768; x_wconf 91' lang='lat' dir='ltr'><strong>quod</strong></span> <span class='ocrx_word' id='word_1_48' title='bbox 1864 696 2008 751; x_wconf 84' lang='lat' dir='ltr'><strong>Deus</strong></span> 
     </span>
    </p>
   </div>
   <div class='ocr_carea' id='block_1_9' title="bbox 2125 694 3711 768">
    <p class='ocr_par' dir='ltr' id='par_1_9' title="bbox 2193 694 3711 765">
     <span class='ocr_line' id='line_1_9' title="bbox 2193 694 3711 765; baseline -0.001 -17"><span class='ocrx_word' id='word_1_49' title='bbox 2193 696 2555 750; x_wconf 84' lang='grc' dir='ltr'>Ἀπεστάλθαι</span> <span class='ocrx_word' id='word_1_50' title='bbox 2579 696 2799 765; x_wconf 87' lang='grc' dir='ltr'>λέγεται</span> <span class='ocrx_word' id='word_1_51' title='bbox 2822 699 2851 748; x_wconf 91' lang='grc' dir='ltr'>ὁ</span> <span class='ocrx_word' id='word_1_52' title='bbox 2881 696 3027 760; x_wconf 85' lang='grc' dir='ltr'>Υἱὸς,</span> <span class='ocrx_word' id='word_1_53' title='bbox 3059 698 3118 749; x_wconf 92' lang='grc' dir='ltr'><strong>οὐ</strong></span> <span class='ocrx_word' id='word_1_54' title='bbox 3143 696 3265 750; x_wconf 86' lang='grc' dir='ltr'>καθ’</span> <span class='ocrx_word' id='word_1_55' title='bbox 3293 696 3322 748; x_wconf 85' lang='grc' dir='ltr'><strong>ὃ</strong></span> <span class='ocrx_word' id='word_1_56' title='bbox 3340 694 3472 757; x_wconf 84' lang='grc' dir='ltr'>Θεὸς</span> <span class='ocrx_word' id='word_1_57' title='bbox 3507 695 3711 761; x_wconf 78' lang='grc' dir='ltr'>Λόγος</span> 
     </span>
    </p>
   </div>
   <div class='ocr_carea' id='block_1_10' title="bbox 431 786 2012 859">
    <p class='ocr_par' dir='ltr' id='par_1_10' title="bbox 431 787 2009 855">
     <span class='ocr_line' id='line_1_10' title="bbox 431 787 2009 855; baseline -0.004 -6"><span class='ocrx_word' id='word_1_58' title='bbox 431 794 675 850; x_wconf 70' lang='lat' dir='ltr'><strong>Verbum</strong></span> <span class='ocrx_word' id='word_1_59' title='bbox 712 794 768 848; x_wconf 90' lang='lat' dir='ltr'><strong>in</strong></span> <span class='ocrx_word' id='word_1_60' title='bbox 794 794 918 848; x_wconf 85' lang='lat' dir='ltr'><strong>sinu</strong></span> <span class='ocrx_word' id='word_1_61' title='bbox 944 804 1029 849; x_wconf 90' lang='lat' dir='ltr'><strong>est</strong></span> <span class='ocrx_word' id='word_1_62' title='bbox 1074 792 1281 855; x_wconf 77' lang='lat' dir='ltr'><strong>Patris,</strong></span> <span class='ocrx_word' id='word_1_63' title='bbox 1318 793 1498 845; x_wconf 82' lang='lat' dir='ltr'><strong>omnia</strong></span> <span class='ocrx_word' id='word_1_64' title='bbox 1521 793 1836 845; x_wconf 87' lang='lat' dir='ltr'><strong>continens.</strong></span> <span class='ocrx_word' id='word_1_65' title='bbox 1870 805 1889 839; x_wconf 75' lang='grc' dir='ltr'><strong>ι</strong></span> <span class='ocrx_word' id='word_1_66' title='bbox 1930 787 2009 842; x_wconf 84' lang='lat' dir='ltr'><strong>Ex</strong></span> 
     </span>
    </p>
   </div>
   <div class='ocr_carea' id='block_1_11' title="bbox 2125 786 3705 859">
    <p class='ocr_par' dir='ltr' id='par_1_11' title="bbox 2125 786 3705 859">
     <span class='ocr_line' id='line_1_11' title="bbox 2125 786 3705 859; baseline -0.002 -19"><span class='ocrx_word' id='word_1_67' title='bbox 2125 789 2257 842; x_wconf 68' lang='grc' dir='ltr'>ιστὶν</span> <span class='ocrx_word' id='word_1_68' title='bbox 2292 789 2348 841; x_wconf 82' lang='grc' dir='ltr'>ἐν</span> <span class='ocrx_word' id='word_1_69' title='bbox 2374 789 2594 852; x_wconf 81' lang='grc' dir='ltr'><strong>κόλποις</strong></span> <span class='ocrx_word' id='word_1_70' title='bbox 2633 787 2726 841; x_wconf 82' lang='grc' dir='ltr'>τοῦ</span> <span class='ocrx_word' id='word_1_71' title='bbox 2764 788 2991 859; x_wconf 85' lang='grc' dir='ltr'>-Ηατρὸς</span> <span class='ocrx_word' id='word_1_72' title='bbox 3040 789 3310 859; x_wconf 84' lang='grc' dir='ltr'><strong>περιέχων</strong></span> <span class='ocrx_word' id='word_1_73' title='bbox 3352 788 3423 840; x_wconf 82' lang='grc' dir='ltr'><strong>τά</strong></span> <span class='ocrx_word' id='word_1_74' title='bbox 3472 786 3705 839; x_wconf 79' lang='grc' dir='ltr'>πάντα’</span> 
     </span>
    </p>
   </div>
   <div class='ocr_carea' id='block_1_12' title="bbox 436 879 2012 957">
    <p class='ocr_par' dir='ltr' id='par_1_12' title="bbox 436 881 2003 957">
     <span class='ocr_line' id='line_1_12' title="bbox 436 881 2003 957; baseline -0.006 -16"><span class='ocrx_word' id='word_1_75' title='bbox 436 889 557 957; x_wconf 89' lang='lat' dir='ltr'><strong>ipso</strong></span> <span class='ocrx_word' id='word_1_76' title='bbox 590 887 758 949; x_wconf 90' lang='lat' dir='ltr'><strong>enim,</strong></span> <span class='ocrx_word' id='word_1_77' title='bbox 785 894 840 941; x_wconf 90' lang='lat' dir='ltr'><strong>et</strong></span> <span class='ocrx_word' id='word_1_78' title='bbox 875 902 970 956; x_wconf 87' lang='lat' dir='ltr'><strong>per</strong></span> <span class='ocrx_word' id='word_1_79' title='bbox 1000 887 1201 957; x_wconf 91' lang='lat' dir='ltr'><strong>ipsum,</strong></span> <span class='ocrx_word' id='word_1_80' title='bbox 1245 894 1299 939; x_wconf 90' lang='lat' dir='ltr'><strong>ct</strong></span> <span class='ocrx_word' id='word_1_81' title='bbox 1348 885 1401 939; x_wconf 90' lang='lat' dir='ltr'><strong>in</strong></span> <span class='ocrx_word' id='word_1_82' title='bbox 1449 885 1627 953; x_wconf 92' lang='lat' dir='ltr'><strong>ipsum</strong></span> <span class='ocrx_word' id='word_1_83' title='bbox 1652 883 1834 936; x_wconf 88' lang='lat' dir='ltr'><strong>omnia</strong></span> <span class='ocrx_word' id='word_1_84' title='bbox 1862 881 1903 912; x_wconf 83' lang='lat'>&quot;</span> <span class='ocrx_word' id='word_1_85' title='bbox 1937 898 1949 933; x_wconf 90' lang='lat'>:</span> <span class='ocrx_word' id='word_1_86' title='bbox 1983 898 2003 931; x_wconf 70' lang='grc' dir='ltr'><strong>ι</strong></span> 
     </span>
    </p>
   </div>
   <div class='ocr_carea' id='block_1_13' title="bbox 2125 879 3712 957">
    <p class='ocr_par' dir='ltr' id='par_1_13' title="bbox 2125 879 3712 951">
     <span class='ocr_line' id='line_1_13' title="bbox 2125 879 3712 951; baseline -0.002 -18"><span class='ocrx_word' id='word_1_87' title='bbox 2125 900 2136 933; x_wconf 89' lang='grc' dir='ltr'><strong>ι</strong></span> <span class='ocrx_word' id='word_1_88' title='bbox 2181 881 2270 948; x_wconf 82' lang='grc' dir='ltr'><strong>Ἐξ</strong></span> <span class='ocrx_word' id='word_1_89' title='bbox 2298 881 2464 933; x_wconf 82' lang='grc' dir='ltr'>αὐτοῦ</span> <span class='ocrx_word' id='word_1_90' title='bbox 2527 881 2654 951; x_wconf 82' lang='grc' dir='ltr'>γὰρ,</span> <span class='ocrx_word' id='word_1_91' title='bbox 2705 882 2799 934; x_wconf 72' lang='grc' dir='ltr'><strong>καὶ</strong></span> <span class='ocrx_word' id='word_1_92' title='bbox 2847 884 2927 943; x_wconf 80' lang='grc' dir='ltr'><strong>είς</strong></span> <span class='ocrx_word' id='word_1_93' title='bbox 2974 881 3134 934; x_wconf 87' lang='grc' dir='ltr'>αὐτὸν</span> <span class='ocrx_word' id='word_1_94' title='bbox 3162 882 3231 933; x_wconf 82' lang='grc' dir='ltr'>τὰ</span> <span class='ocrx_word' id='word_1_95' title='bbox 3265 879 3465 943; x_wconf 83' lang='grc' dir='ltr'>πάντα,</span> <span class='ocrx_word' id='word_1_96' title='bbox 3507 880 3605 932; x_wconf 75' lang='grc' dir='ltr'><strong>καὶ</strong></span> <span class='ocrx_word' id='word_1_97' title='bbox 3635 880 3712 930; x_wconf 83' lang='grc' dir='ltr'>ὲν</span> 
     </span>
    </p>
   </div>
   <div class='ocr_carea' id='block_1_14' title="bbox 428 973 2012 1059">
    <p class='ocr_par' dir='ltr' id='par_1_14' title="bbox 428 973 2009 1048">
     <span class='ocr_line' id='line_1_14' title="bbox 428 973 2009 1048; baseline -0.004 -14"><span class='ocrx_word' id='word_1_98' title='bbox 428 988 548 1034; x_wconf 71' lang='lat' dir='ltr'><strong>etzc</strong></span> <span class='ocrx_word' id='word_1_99' title='bbox 576 976 634 1031; x_wconf 92' lang='lat' dir='ltr'><strong>In</strong></span> <span class='ocrx_word' id='word_1_100' title='bbox 656 979 775 1048; x_wconf 87' lang='lat' dir='ltr'><strong>ipso</strong></span> <span class='ocrx_word' id='word_1_101' title='bbox 799 980 1056 1043; x_wconf 86' lang='lat' dir='ltr'><strong>vivimus,</strong></span> <span class='ocrx_word' id='word_1_102' title='bbox 1098 993 1400 1039; x_wconf 79' lang='lat' dir='ltr'><strong>movemur,</strong></span> <span class='ocrx_word' id='word_1_103' title='bbox 1443 985 1498 1030; x_wconf 88' lang='lat' dir='ltr'><strong>et</strong></span> <span class='ocrx_word' id='word_1_104' title='bbox 1532 991 1723 1031; x_wconf 91' lang='lat' dir='ltr'><strong>sumus</strong></span> <span class='ocrx_word' id='word_1_105' title='bbox 1748 974 1813 1040; x_wconf 57' lang='lat' dir='ltr'><strong>l&#39;;</strong></span> <span class='ocrx_word' id='word_1_106' title='bbox 1855 992 1873 1026; x_wconf 85' lang='grc'>›</span> <span class='ocrx_word' id='word_1_107' title='bbox 1910 973 2009 1028; x_wconf 90' lang='lat' dir='ltr'><strong>sed</strong></span> 
     </span>
    </p>
   </div>
   <div class='ocr_carea' id='block_1_15' title="bbox 2125 973 3713 1059">
    <p class='ocr_par' dir='ltr' id='par_1_15' title="bbox 2125 987 3713 1059">
     <span class='ocr_line' id='line_1_15' title="bbox 2125 987 3713 1059; baseline 0 -18"><span class='ocrx_word' id='word_1_108' title='bbox 2125 988 2258 1058; x_wconf 84' lang='grc' dir='ltr'><strong>ιύτῷ</strong></span> <span class='ocrx_word' id='word_1_109' title='bbox 2282 987 2483 1057; x_wconf 80' lang='grc' dir='ltr'>ζῶμεν,</span> <span class='ocrx_word' id='word_1_110' title='bbox 2509 988 2603 1041; x_wconf 82' lang='grc' dir='ltr'>καὶ</span> <span class='ocrx_word' id='word_1_111' title='bbox 2624 988 2937 1059; x_wconf 82' lang='grc' dir='ltr'>κινούμεθα,</span> <span class='ocrx_word' id='word_1_112' title='bbox 2964 991 3056 1042; x_wconf 76' lang='grc' dir='ltr'><strong>καὶ</strong></span> <span class='ocrx_word' id='word_1_113' title='bbox 3078 990 3261 1059; x_wconf 84' lang='grc' dir='ltr'>ἐσμὲν,</span> <span class='ocrx_word' id='word_1_114' title='bbox 3297 1010 3314 1042; x_wconf 77' lang='grc' dir='ltr'><strong>ι</strong></span> <span class='ocrx_word' id='word_1_115' title='bbox 3348 989 3484 1043; x_wconf 82' lang='grc' dir='ltr'>ἀλλὰ</span> <span class='ocrx_word' id='word_1_116' title='bbox 3520 989 3653 1042; x_wconf 81' lang='grc' dir='ltr'>καθ’</span> <span class='ocrx_word' id='word_1_117' title='bbox 3672 988 3713 1041; x_wconf 78' lang='grc' dir='ltr'><strong>δ</strong></span> 
     </span>
    </p>
   </div>
   <div class='ocr_carea' id='block_1_16' title="bbox 429 1065 2012 1152">
    <p class='ocr_par' dir='ltr' id='par_1_16' title="bbox 429 1065 2003 1140">
     <span class='ocr_line' id='line_1_16' title="bbox 429 1065 2003 1140; baseline -0.005 -15"><span class='ocrx_word' id='word_1_118' title='bbox 429 1074 733 1126; x_wconf 87' lang='lat' dir='ltr'><strong>secundum</strong></span> <span class='ocrx_word' id='word_1_119' title='bbox 764 1069 910 1140; x_wconf 90' lang='lat' dir='ltr'><strong>quod</strong></span> <span class='ocrx_word' id='word_1_120' title='bbox 940 1069 1275 1139; x_wconf 82' lang='lat' dir='ltr'><strong>sibimetipsi</strong></span> <span class='ocrx_word' id='word_1_121' title='bbox 1308 1068 1535 1125; x_wconf 89' lang='lat' dir='ltr'><strong>asciscit</strong></span> <span class='ocrx_word' id='word_1_122' title='bbox 1566 1068 1713 1122; x_wconf 87' lang='lat' dir='ltr'><strong>Deus</strong></span> <span class='ocrx_word' id='word_1_123' title='bbox 1746 1065 2003 1129; x_wconf 80' lang='lat' dir='ltr'><strong>Verbum,</strong></span> 
     </span>
    </p>
   </div>
   <div class='ocr_carea' id='block_1_17' title="bbox 2125 1065 3705 1152">
    <p class='ocr_par' dir='ltr' id='par_1_17' title="bbox 2125 1077 3705 1152">
     <span class='ocr_line' id='line_1_17' title="bbox 2125 1077 3705 1152; baseline 0.001 -23"><span class='ocrx_word' id='word_1_124' title='bbox 2125 1078 2449 1131; x_wconf 77' lang='grc' dir='ltr'>ὶδιοποιεῖται</span> <span class='ocrx_word' id='word_1_125' title='bbox 2488 1080 2516 1131; x_wconf 76' lang='grc' dir='ltr'>ὁ</span> <span class='ocrx_word' id='word_1_126' title='bbox 2545 1079 2678 1144; x_wconf 79' lang='grc' dir='ltr'>Θεὸς</span> <span class='ocrx_word' id='word_1_127' title='bbox 2735 1079 2908 1149; x_wconf 82' lang='grc' dir='ltr'><strong>Λόγος</strong></span> <span class='ocrx_word' id='word_1_128' title='bbox 2941 1080 3013 1133; x_wconf 81' lang='grc' dir='ltr'>τὰ</span> <span class='ocrx_word' id='word_1_129' title='bbox 3054 1081 3225 1152; x_wconf 83' lang='grc' dir='ltr'>πάθη,</span> <span class='ocrx_word' id='word_1_130' title='bbox 3260 1077 3321 1135; x_wconf 82' lang='grc' dir='ltr'>οὗ</span> <span class='ocrx_word' id='word_1_131' title='bbox 3370 1081 3437 1135; x_wconf 83' lang='grc' dir='ltr'><strong>ἂν</strong></span> <span class='ocrx_word' id='word_1_132' title='bbox 3487 1081 3705 1150; x_wconf 73' lang='grc' dir='ltr'>εἴληφε</span> 
     </span>
    </p>
   </div>
   <div class='ocr_carea' id='block_1_18' title="bbox 428 1162 2012 1243">
    <p class='ocr_par' dir='ltr' id='par_1_18' title="bbox 428 1162 1370 1233">
     <span class='ocr_line' id='line_1_18' title="bbox 428 1162 1370 1233; baseline -0.004 -14"><span class='ocrx_word' id='word_1_133' title='bbox 428 1165 748 1221; x_wconf 79' lang='lat' dir='ltr'><strong>affectiones</strong></span> <span class='ocrx_word' id='word_1_134' title='bbox 780 1164 1052 1233; x_wconf 87' lang='lat' dir='ltr'><strong>assumpti</strong></span> <span class='ocrx_word' id='word_1_135' title='bbox 1093 1162 1370 1232; x_wconf 88' lang='lat' dir='ltr'><strong>corporis.</strong></span> 
     </span>
    </p>
   </div>
   <div class='ocr_carea' id='block_1_19' title="bbox 2125 1162 2387 1243">
    <p class='ocr_par' dir='ltr' id='par_1_19' title="bbox 2125 1172 2387 1243">
     <span class='ocr_line' id='line_1_19' title="bbox 2125 1172 2387 1243; baseline 0.011 -18"><span class='ocrx_word' id='word_1_136' title='bbox 2125 1172 2387 1243; x_wconf 70' lang='grc' dir='ltr'>πώματος.</span> 
     </span>
    </p>
   </div>
   <div class='ocr_carea' id='block_1_20' title="bbox 943 1253 2012 1330">
    <p class='ocr_par' dir='ltr' id='par_1_20' title="bbox 943 1253 1480 1311">
     <span class='ocr_line' id='line_1_20' title="bbox 943 1253 1480 1311; baseline -0.009 0"><span class='ocrx_word' id='word_1_137' title='bbox 943 1255 1152 1311; x_wconf 77' lang='lat' dir='ltr'><strong>CCXX.</strong></span> <span class='ocrx_word' id='word_1_138' title='bbox 1176 1285 1246 1296; x_wconf 91' lang='lat'><strong><em>—</em></strong></span> <span class='ocrx_word' id='word_1_139' title='bbox 1271 1253 1480 1307; x_wconf 82' lang='lat' dir='ltr'><strong>Eidem.</strong></span> 
     </span>
    </p>
   </div>
   <div class='ocr_carea' id='block_1_21' title="bbox 2125 1253 3155 1330">
    <p class='ocr_par' dir='ltr' id='par_1_21' title="bbox 2635 1264 3155 1330">
     <span class='ocr_line' id='line_1_21' title="bbox 2635 1264 3155 1330; baseline 0.002 -12"><span class='ocrx_word' id='word_1_140' title='bbox 2635 1266 2766 1319; x_wconf 82' lang='grc' dir='ltr'><strong>ΣΚ’.</strong></span> <span class='ocrx_word' id='word_1_141' title='bbox 2785 1295 2853 1304; x_wconf 94' lang='grc'><strong>-</strong></span> <span class='ocrx_word' id='word_1_142' title='bbox 2874 1264 2959 1330; x_wconf 85' lang='grc' dir='ltr'><strong>Τῷ</strong></span> <span class='ocrx_word' id='word_1_143' title='bbox 2976 1264 3155 1330; x_wconf 83' lang='grc' dir='ltr'>αὐτῷ.</span> 
     </span>
    </p>
   </div>
   <div class='ocr_carea' id='block_1_22' title="bbox 497 1341 2012 1430">
    <p class='ocr_par' dir='ltr' id='par_1_22' title="bbox 497 1341 2007 1417">
     <span class='ocr_line' id='line_1_22' title="bbox 497 1341 2007 1417; baseline -0.003 -17"><span class='ocrx_word' id='word_1_144' title='bbox 497 1346 730 1410; x_wconf 90' lang='lat' dir='ltr'><strong>Luctus,</strong></span> <span class='ocrx_word' id='word_1_145' title='bbox 763 1347 857 1416; x_wconf 90' lang='lat' dir='ltr'><strong>qui</strong></span> <span class='ocrx_word' id='word_1_146' title='bbox 908 1362 1007 1417; x_wconf 90' lang='lat' dir='ltr'><strong>pro</strong></span> <span class='ocrx_word' id='word_1_147' title='bbox 1055 1346 1296 1416; x_wconf 80' lang='lat' dir='ltr'><strong>peccatis</strong></span> <span class='ocrx_word' id='word_1_148' title='bbox 1352 1345 1433 1409; x_wconf 87' lang='lat' dir='ltr'><strong>lit,</strong></span> <span class='ocrx_word' id='word_1_149' title='bbox 1471 1342 1689 1397; x_wconf 88' lang='lat' dir='ltr'><strong>dulcem</strong></span> <span class='ocrx_word' id='word_1_150' title='bbox 1725 1341 1828 1396; x_wconf 89' lang='lat' dir='ltr'><strong>sibi</strong></span> <span class='ocrx_word' id='word_1_151' title='bbox 1869 1354 2007 1395; x_wconf 61' lang='lat' dir='ltr'><strong>mae-</strong></span> 
     </span>
    </p>
   </div>
   <div class='ocr_carea' id='block_1_23' title="bbox 2125 1341 3713 1430">
    <p class='ocr_par' dir='ltr' id='par_1_23' title="bbox 2191 1356 3713 1430">
     <span class='ocr_line' id='line_1_23' title="bbox 2191 1356 3713 1430; baseline -0.001 -21"><span class='ocrx_word' id='word_1_152' title='bbox 2191 1358 2250 1409; x_wconf 80' lang='lat'><strong>&#39;0</strong></span> <span class='ocrx_word' id='word_1_153' title='bbox 2282 1356 2367 1425; x_wconf 77' lang='grc' dir='ltr'>ἐφ’</span> <span class='ocrx_word' id='word_1_154' title='bbox 2406 1357 2701 1428; x_wconf 79' lang='grc' dir='ltr'><strong>ἁμαρτίαις</strong></span> <span class='ocrx_word' id='word_1_155' title='bbox 2764 1358 3050 1428; x_wconf 82' lang='grc' dir='ltr'>γινόμενος</span> <span class='ocrx_word' id='word_1_156' title='bbox 3100 1359 3374 1430; x_wconf 79' lang='grc' dir='ltr'><strong>ὀδυρμὸς,</strong></span> <span class='ocrx_word' id='word_1_157' title='bbox 3428 1358 3713 1425; x_wconf 81' lang='grc' dir='ltr'>γλυκεῖαν</span> 
     </span>
    </p>
   </div>
   <div class='ocr_carea' id='block_1_24' title="bbox 427 1432 2012 1522">
    <p class='ocr_par' dir='ltr' id='par_1_24' title="bbox 427 1432 2005 1508">
     <span class='ocr_line' id='line_1_24' title="bbox 427 1432 2005 1508; baseline -0.002 -19"><span class='ocrx_word' id='word_1_158' title='bbox 427 1453 607 1490; x_wconf 87' lang='lat' dir='ltr'><strong>rorem</strong></span> <span class='ocrx_word' id='word_1_159' title='bbox 643 1448 695 1492; x_wconf 88' lang='lat' dir='ltr'><strong>et</strong></span> <span class='ocrx_word' id='word_1_160' title='bbox 722 1438 1004 1493; x_wconf 73' lang='lat' dir='ltr'><strong>tristitiam</strong></span> <span class='ocrx_word' id='word_1_161' title='bbox 1029 1439 1137 1508; x_wconf 78' lang='grc'><strong>82</strong></span> <span class='ocrx_word' id='word_1_162' title='bbox 1177 1437 1443 1500; x_wconf 85' lang='lat' dir='ltr'><strong>vindicat,</strong></span> <span class='ocrx_word' id='word_1_163' title='bbox 1477 1443 1532 1490; x_wconf 91' lang='lat' dir='ltr'><strong>et</strong></span> <span class='ocrx_word' id='word_1_164' title='bbox 1570 1435 1825 1489; x_wconf 89' lang='lat' dir='ltr'><strong>melleum</strong></span> <span class='ocrx_word' id='word_1_165' title='bbox 1860 1432 2005 1486; x_wconf 87' lang='lat' dir='ltr'><strong>illius</strong></span> 
     </span>
    </p>
   </div>
   <div class='ocr_carea' id='block_1_25' title="bbox 2125 1432 3716 1522">
    <p class='ocr_par' dir='ltr' id='par_1_25' title="bbox 2125 1449 3716 1522">
     <span class='ocr_line' id='line_1_25' title="bbox 2125 1449 3716 1522; baseline 0 -19"><span class='ocrx_word' id='word_1_166' title='bbox 2125 1449 2373 1521; x_wconf 78' lang='grc' dir='ltr'>ιέκτηται</span> <span class='ocrx_word' id='word_1_167' title='bbox 2404 1451 2502 1521; x_wconf 84' lang='grc' dir='ltr'>τὴν</span> <span class='ocrx_word' id='word_1_168' title='bbox 2537 1451 2712 1515; x_wconf 86' lang='grc' dir='ltr'>ἀνίαν,</span> <span class='ocrx_word' id='word_1_169' title='bbox 2754 1452 2847 1504; x_wconf 71' lang='grc' dir='ltr'>καὶ</span> <span class='ocrx_word' id='word_1_170' title='bbox 2876 1451 3167 1522; x_wconf 81' lang='grc' dir='ltr'>μελιτῶδες</span> <span class='ocrx_word' id='word_1_171' title='bbox 3199 1451 3367 1504; x_wconf 83' lang='grc' dir='ltr'>αὐτοῦ</span> <span class='ocrx_word' id='word_1_172' title='bbox 3393 1451 3455 1503; x_wconf 90' lang='grc' dir='ltr'><strong>τὸ</strong></span> <span class='ocrx_word' id='word_1_173' title='bbox 3488 1451 3716 1521; x_wconf 76' lang='grc' dir='ltr'>πικρὸν</span> 
     </span>
    </p>
   </div>
   <div class='ocr_carea' id='block_1_26' title="bbox 428 1526 2012 1613">
    <p class='ocr_par' dir='ltr' id='par_1_26' title="bbox 428 1526 2002 1600">
     <span class='ocr_line' id='line_1_26' title="bbox 428 1526 2002 1600; baseline -0.004 -18"><span class='ocrx_word' id='word_1_174' title='bbox 428 1544 675 1583; x_wconf 88' lang='lat' dir='ltr'><strong>amarmn</strong></span> <span class='ocrx_word' id='word_1_175' title='bbox 706 1530 1047 1600; x_wconf 86' lang='lat' dir='ltr'><strong>degustatur,</strong></span> <span class='ocrx_word' id='word_1_176' title='bbox 1085 1545 1182 1599; x_wconf 85' lang='lat' dir='ltr'><strong>spe</strong></span> <span class='ocrx_word' id='word_1_177' title='bbox 1214 1530 1355 1584; x_wconf 92' lang='lat' dir='ltr'><strong>bona</strong></span> <span class='ocrx_word' id='word_1_178' title='bbox 1391 1543 1455 1582; x_wconf 89' lang='lat' dir='ltr'><strong>ac</strong></span> <span class='ocrx_word' id='word_1_179' title='bbox 1486 1527 1642 1583; x_wconf 88' lang='lat' dir='ltr'><strong>suavi</strong></span> <span class='ocrx_word' id='word_1_180' title='bbox 1676 1526 1959 1580; x_wconf 89' lang='lat' dir='ltr'><strong>conditum</strong></span> <span class='ocrx_word' id='word_1_181' title='bbox 1989 1540 2002 1587; x_wconf 94' lang='lat'><strong>;</strong></span> 
     </span>
    </p>
   </div>
   <div class='ocr_carea' id='block_1_27' title="bbox 2125 1526 3712 1613">
    <p class='ocr_par' dir='ltr' id='par_1_27' title="bbox 2125 1541 3712 1613">
     <span class='ocr_line' id='line_1_27' title="bbox 2125 1541 3712 1613; baseline 0.003 -22"><span class='ocrx_word' id='word_1_182' title='bbox 2125 1541 2445 1611; x_wconf 79' lang='grc' dir='ltr'>εὑρίσκεται,</span> <span class='ocrx_word' id='word_1_183' title='bbox 2480 1541 2656 1593; x_wconf 75' lang='grc' dir='ltr'>ἑλπίδι</span> <span class='ocrx_word' id='word_1_184' title='bbox 2689 1542 2890 1613; x_wconf 84' lang='grc' dir='ltr'>ἀγαθῇ.</span> <span class='ocrx_word' id='word_1_185' title='bbox 2923 1544 3013 1596; x_wconf 80' lang='grc' dir='ltr'>καὶ</span> <span class='ocrx_word' id='word_1_186' title='bbox 3047 1546 3258 1613; x_wconf 83' lang='grc' dir='ltr'><strong>χρηστῇ</strong></span> <span class='ocrx_word' id='word_1_187' title='bbox 3292 1544 3712 1613; x_wconf 83' lang='grc' dir='ltr'>φαρματτόμε-</span> 
     </span>
    </p>
   </div>
   <div class='ocr_carea' id='block_1_28' title="bbox 430 1619 2012 1706">
    <p class='ocr_par' dir='ltr' id='par_1_28' title="bbox 430 1619 2007 1691">
     <span class='ocr_line' id='line_1_28' title="bbox 430 1619 2007 1691; baseline -0.003 -17"><span class='ocrx_word' id='word_1_188' title='bbox 430 1632 716 1691; x_wconf 89' lang='lat' dir='ltr'><strong>propterea</strong></span> <span class='ocrx_word' id='word_1_189' title='bbox 751 1623 923 1676; x_wconf 88' lang='lat' dir='ltr'><strong>nutrit</strong></span> <span class='ocrx_word' id='word_1_190' title='bbox 950 1622 1222 1686; x_wconf 87' lang='lat' dir='ltr'><strong>animam,</strong></span> <span class='ocrx_word' id='word_1_191' title='bbox 1296 1621 1685 1691; x_wconf 81' lang='lat' dir='ltr'><strong>cogitationem</strong></span> <span class='ocrx_word' id='word_1_192' title='bbox 1726 1619 2007 1685; x_wconf 85' lang='lat' dir='ltr'><strong>voluptate</strong></span> 
     </span>
    </p>
   </div>
   <div class='ocr_carea' id='block_1_29' title="bbox 2125 1619 3709 1706">
    <p class='ocr_par' dir='ltr' id='par_1_29' title="bbox 2125 1633 3709 1706">
     <span class='ocr_line' id='line_1_29' title="bbox 2125 1633 3709 1706; baseline 0.001 -21"><span class='ocrx_word' id='word_1_193' title='bbox 2125 1652 2218 1694; x_wconf 71' lang='grc' dir='ltr'>ιον,</span> <span class='ocrx_word' id='word_1_194' title='bbox 2249 1634 2335 1687; x_wconf 82' lang='grc' dir='ltr'>διὰ</span> <span class='ocrx_word' id='word_1_195' title='bbox 2364 1633 2523 1686; x_wconf 80' lang='grc' dir='ltr'>τοῦτο</span> <span class='ocrx_word' id='word_1_196' title='bbox 2548 1634 2739 1704; x_wconf 83' lang='grc' dir='ltr'>τρέφει</span> <span class='ocrx_word' id='word_1_197' title='bbox 2768 1635 3090 1706; x_wconf 70' lang='grc' dir='ltr'>τὴνψυχὴν,</span> <span class='ocrx_word' id='word_1_198' title='bbox 3132 1637 3289 1703; x_wconf 88' lang='grc' dir='ltr'>γανοῖ</span> <span class='ocrx_word' id='word_1_199' title='bbox 3318 1635 3380 1687; x_wconf 87' lang='grc' dir='ltr'><strong>τὸ</strong></span> <span class='ocrx_word' id='word_1_200' title='bbox 3410 1636 3709 1705; x_wconf 81' lang='grc' dir='ltr'>φρόνημα,</span> 
     </span>
    </p>
   </div>
   <div class='ocr_carea' id='block_1_30' title="bbox 430 1712 2012 1812">
    <p class='ocr_par' dir='ltr' id='par_1_30' title="bbox 430 1712 2002 1784">
     <span class='ocr_line' id='line_1_30' title="bbox 430 1712 2002 1784; baseline -0.005 -17"><span class='ocrx_word' id='word_1_201' title='bbox 430 1712 729 1781; x_wconf 85' lang='lat' dir='ltr'><strong>perfundit,</strong></span> <span class='ocrx_word' id='word_1_202' title='bbox 772 1730 866 1768; x_wconf 89' lang='lat' dir='ltr'><strong>cor</strong></span> <span class='ocrx_word' id='word_1_203' title='bbox 896 1713 1257 1784; x_wconf 75' lang='lat' dir='ltr'><strong>pinguel‘acit,</strong></span> <span class='ocrx_word' id='word_1_204' title='bbox 1292 1712 1651 1781; x_wconf 86' lang='lat' dir='ltr'><strong>corporisque</strong></span> <span class='ocrx_word' id='word_1_205' title='bbox 1681 1717 2002 1763; x_wconf 89' lang='lat' dir='ltr'><strong>concretum</strong></span> 
     </span>
    </p>
   </div>
   <div class='ocr_carea' id='block_1_31' title="bbox 2125 1712 3714 1812">
    <p class='ocr_par' dir='ltr' id='par_1_31' title="bbox 2125 1724 3714 1797">
     <span class='ocr_line' id='line_1_31' title="bbox 2125 1724 3714 1797; baseline 0.001 -21"><span class='ocrx_word' id='word_1_206' title='bbox 2125 1726 2350 1778; x_wconf 69' lang='lat' dir='ltr'><strong>lmaivu</strong></span> <span class='ocrx_word' id='word_1_207' title='bbox 2381 1725 2479 1795; x_wconf 87' lang='grc' dir='ltr'><strong>τὴν</strong></span> <span class='ocrx_word' id='word_1_208' title='bbox 2518 1724 2766 1797; x_wconf 75' lang='grc' dir='ltr'>καρδίαν,</span> <span class='ocrx_word' id='word_1_209' title='bbox 2796 1726 3020 1787; x_wconf 81' lang='grc' dir='ltr'>εὐθαλὲς</span> <span class='ocrx_word' id='word_1_210' title='bbox 3055 1726 3348 1796; x_wconf 73' lang='grc' dir='ltr'>ἐργάζεται</span> <span class='ocrx_word' id='word_1_211' title='bbox 3376 1728 3437 1778; x_wconf 89' lang='grc' dir='ltr'><strong>τὸ</strong></span> <span class='ocrx_word' id='word_1_212' title='bbox 3458 1725 3557 1778; x_wconf 81' lang='grc' dir='ltr'><strong>τοῦ</strong></span> <span class='ocrx_word' id='word_1_213' title='bbox 3585 1726 3714 1778; x_wconf 81' lang='grc' dir='ltr'><strong>σώ-</strong></span> 
     </span>
    </p>
   </div>
   <div class='ocr_carea' id='block_1_32' title="bbox 428 1799 2012 1887">
    <p class='ocr_par' dir='ltr' id='par_1_32' title="bbox 428 1799 2007 1873">
     <span class='ocr_line' id='line_1_32' title="bbox 428 1799 2007 1873; baseline -0.004 -16"><span class='ocrx_word' id='word_1_214' title='bbox 428 1804 625 1859; x_wconf 85' lang='lat' dir='ltr'><strong>ﬂorere</strong></span> <span class='ocrx_word' id='word_1_215' title='bbox 652 1821 717 1861; x_wconf 85' lang='lat' dir='ltr'><strong>ac</strong></span> <span class='ocrx_word' id='word_1_216' title='bbox 748 1807 1019 1861; x_wconf 90' lang='lat' dir='ltr'><strong>virescere</strong></span> <span class='ocrx_word' id='word_1_217' title='bbox 1049 1806 1198 1859; x_wconf 81' lang='lat' dir='ltr'><strong>facit.</strong></span> <span class='ocrx_word' id='word_1_218' title='bbox 1239 1804 1422 1870; x_wconf 86' lang='lat' dir='ltr'><strong>Quare</strong></span> <span class='ocrx_word' id='word_1_219' title='bbox 1456 1803 1661 1873; x_wconf 85' lang='lat' dir='ltr'><strong>Optime</strong></span> <span class='ocrx_word' id='word_1_220' title='bbox 1683 1799 1851 1853; x_wconf 89' lang='lat' dir='ltr'><strong>David</strong></span> <span class='ocrx_word' id='word_1_221' title='bbox 1879 1816 2007 1853; x_wconf 81' lang='lat' dir='ltr'><strong>con-</strong></span> 
     </span>
    </p>
   </div>
   <div class='ocr_carea' id='block_1_33' title="bbox 2125 1799 3711 1887">
    <p class='ocr_par' dir='ltr' id='par_1_33' title="bbox 2125 1816 3711 1887">
     <span class='ocr_line' id='line_1_33' title="bbox 2125 1816 3711 1887; baseline 0.001 -20"><span class='ocrx_word' id='word_1_222' title='bbox 2125 1833 2283 1885; x_wconf 69' lang='grc' dir='ltr'>ματος</span> <span class='ocrx_word' id='word_1_223' title='bbox 2347 1816 2646 1887; x_wconf 84' lang='grc' dir='ltr'>σύγκριμα.</span> <span class='ocrx_word' id='word_1_224' title='bbox 2709 1818 2819 1870; x_wconf 58' lang='grc' dir='ltr'><strong>Καὶ⁵</strong></span> <span class='ocrx_word' id='word_1_225' title='bbox 2864 1818 3044 1881; x_wconf 83' lang='grc' dir='ltr'>καλῶς</span> <span class='ocrx_word' id='word_1_226' title='bbox 3094 1819 3122 1870; x_wconf 87' lang='grc' dir='ltr'>ὁ</span> <span class='ocrx_word' id='word_1_227' title='bbox 3185 1816 3352 1870; x_wconf 81' lang='grc' dir='ltr'>Δαυῒδ</span> <span class='ocrx_word' id='word_1_228' title='bbox 3384 1816 3661 1887; x_wconf 74' lang='grc' dir='ltr'>ἐμελῴδει</span> <span class='ocrx_word' id='word_1_229' title='bbox 3691 1833 3711 1846; x_wconf 76' lang='grc'><strong>’</strong></span> 
     </span>
    </p>
   </div>
   <div class='ocr_carea' id='block_1_34' title="bbox 428 1889 2012 2016">
    <p class='ocr_par' dir='ltr' id='par_1_34' title="bbox 428 1889 2008 2016">
     <span class='ocr_line' id='line_1_34' title="bbox 428 1889 2008 1963; baseline -0.004 -16"><span class='ocrx_word' id='word_1_230' title='bbox 428 1894 645 1948; x_wconf 88' lang='lat' dir='ltr'><strong>cinebat</strong></span> <span class='ocrx_word' id='word_1_231' title='bbox 677 1912 691 1949; x_wconf 89' lang='lat'><strong>:</strong></span> <span class='ocrx_word' id='word_1_232' title='bbox 729 1913 748 1945; x_wconf 80' lang='grc' dir='ltr'><strong>ι</strong></span> <span class='ocrx_word' id='word_1_233' title='bbox 785 1892 966 1949; x_wconf 71' lang='lat' dir='ltr'><strong>Factae</strong></span> <span class='ocrx_word' id='word_1_234' title='bbox 999 1905 1126 1949; x_wconf 90' lang='lat' dir='ltr'><strong>sunt</strong></span> <span class='ocrx_word' id='word_1_235' title='bbox 1155 1894 1292 1948; x_wconf 88' lang='lat' dir='ltr'><strong>mihi</strong></span> <span class='ocrx_word' id='word_1_236' title='bbox 1322 1893 1581 1963; x_wconf 69' lang='lat' dir='ltr'><strong>lacrymaa</strong></span> <span class='ocrx_word' id='word_1_237' title='bbox 1612 1890 1772 1960; x_wconf 89' lang='lat' dir='ltr'><strong>panis</strong></span> <span class='ocrx_word' id='word_1_238' title='bbox 1817 1889 1907 1943; x_wconf 90' lang='lat' dir='ltr'><strong>die</strong></span> <span class='ocrx_word' id='word_1_239' title='bbox 1945 1903 2008 1942; x_wconf 79' lang='lat' dir='ltr'><strong>ac</strong></span> 
     </span>
     <span class='ocr_line' id='line_1_35' title="bbox 430 1985 739 2016; baseline 0 0"><span class='ocrx_word' id='word_1_240' title='bbox 430 1995 590 2016; x_wconf 61' lang='lat' dir='ltr'><strong>unm“</strong></span> <span class='ocrx_word' id='word_1_241' title='bbox 613 1985 655 2016; x_wconf 70' lang='grc'><strong>19</strong></span> <span class='ocrx_word' id='word_1_242' title='bbox 718 2004 739 2016; x_wconf 72' lang='grc' dir='ltr'><strong>ι</strong></span> 
     </span>
    </p>
   </div>
   <div class='ocr_carea' id='block_1_35' title="bbox 2125 1889 3714 2016">
    <p class='ocr_par' dir='ltr' id='par_1_35' title="bbox 2125 1892 3714 1983">
     <span class='ocr_line' id='line_1_36' title="bbox 2125 1892 3714 1983; baseline 0.001 -22"><span class='ocrx_word' id='word_1_243' title='bbox 2125 1931 2132 1961; x_wconf 88' lang='grc' dir='ltr'><strong>ι</strong></span> <span class='ocrx_word' id='word_1_244' title='bbox 2176 1910 2439 1982; x_wconf 85' lang='grc' dir='ltr'>Ἐγενήθη</span> <span class='ocrx_word' id='word_1_245' title='bbox 2490 1892 2579 1982; x_wconf 85' lang='grc' dir='ltr'><strong>μοι</strong></span> <span class='ocrx_word' id='word_1_246' title='bbox 2620 1910 2688 1964; x_wconf 84' lang='grc' dir='ltr'>τὰ</span> <span class='ocrx_word' id='word_1_247' title='bbox 2730 1911 2941 1983; x_wconf 86' lang='grc' dir='ltr'>δάκρυα</span> <span class='ocrx_word' id='word_1_248' title='bbox 3002 1912 3165 1983; x_wconf 82' lang='grc' dir='ltr'>ἄρτος</span> <span class='ocrx_word' id='word_1_249' title='bbox 3207 1912 3421 1983; x_wconf 78' lang='grc' dir='ltr'>ἡμέρας</span> <span class='ocrx_word' id='word_1_250' title='bbox 3462 1910 3559 1963; x_wconf 70' lang='grc' dir='ltr'>καὶ</span> <span class='ocrx_word' id='word_1_251' title='bbox 3600 1928 3714 1965; x_wconf 82' lang='grc' dir='ltr'>νυ-</span> 
     </span>
    </p>
   </div>
   <div class='ocr_carea' id='block_1_36' title="bbox 429 1995 2012 2064">
    <p class='ocr_par' dir='ltr' id='par_1_36' title="bbox 429 1995 741 2041">
     <span class='ocr_line' id='line_1_37' title="bbox 429 1995 741 2041; baseline -0.003 -2"><span class='ocrx_word' id='word_1_252' title='bbox 429 1995 590 2041; x_wconf 84' lang='lat' dir='ltr'><strong>nocte</strong></span> <span class='ocrx_word' id='word_1_253' title='bbox 613 1995 675 2038; x_wconf 84' lang='lat'><strong>&quot;.</strong></span> <span class='ocrx_word' id='word_1_254' title='bbox 718 2004 741 2038; x_wconf 73' lang='grc' dir='ltr'><strong>ι</strong></span> 
     </span>
    </p>
   </div>
   <div class='ocr_carea' id='block_1_37' title="bbox 2125 1995 2311 2064">
    <p class='ocr_par' dir='ltr' id='par_1_37' title="bbox 2125 2000 2311 2064">
     <span class='ocr_line' id='line_1_38' title="bbox 2125 2000 2311 2064; baseline -0.005 -11"><span class='ocrx_word' id='word_1_255' title='bbox 2125 2000 2259 2064; x_wconf 87' lang='grc' dir='ltr'>ιιτός.</span> <span class='ocrx_word' id='word_1_256' title='bbox 2292 2018 2311 2052; x_wconf 72' lang='grc' dir='ltr'><strong>ι</strong></span> 
     </span>
    </p>
   </div>
   <div class='ocr_carea' id='block_1_38' title="bbox 924 2076 1490 2133">
    <p class='ocr_par' dir='ltr' id='par_1_38' title="bbox 924 2076 1490 2133">
     <span class='ocr_line' id='line_1_39' title="bbox 924 2076 1490 2133; baseline -0.004 0"><span class='ocrx_word' id='word_1_257' title='bbox 924 2076 1161 2133; x_wconf 75' lang='lat' dir='ltr'><strong>CCXXI.</strong></span> <span class='ocrx_word' id='word_1_258' title='bbox 1188 2106 1258 2118; x_wconf 64' lang='grc'><strong>«-</strong></span> <span class='ocrx_word' id='word_1_259' title='bbox 1279 2076 1490 2131; x_wconf 83' lang='lat' dir='ltr'><strong>Eidem.</strong></span> 
     </span>
    </p>
   </div>
   <div class='ocr_carea' id='block_1_39' title="bbox 503 2166 2011 2235">
    <p class='ocr_par' dir='ltr' id='par_1_39' title="bbox 503 2166 2011 2235">
     <span class='ocr_line' id='line_1_40' title="bbox 503 2166 2011 2235; baseline -0.007 -6"><span class='ocrx_word' id='word_1_260' title='bbox 503 2195 523 2228; x_wconf 76' lang='grc' dir='ltr'><strong>ι</strong></span> <span class='ocrx_word' id='word_1_261' title='bbox 566 2172 818 2235; x_wconf 89' lang='lat' dir='ltr'><strong>Domine,</strong></span> <span class='ocrx_word' id='word_1_262' title='bbox 853 2171 954 2234; x_wconf 89' lang='lat' dir='ltr'><strong>ait,</strong></span> <span class='ocrx_word' id='word_1_263' title='bbox 992 2179 1051 2224; x_wconf 92' lang='lat' dir='ltr'><strong>ut</strong></span> <span class='ocrx_word' id='word_1_264' title='bbox 1095 2179 1254 2224; x_wconf 91' lang='lat' dir='ltr'><strong>scuto</strong></span> <span class='ocrx_word' id='word_1_265' title='bbox 1299 2169 1459 2223; x_wconf 75' lang='lat' dir='ltr'><strong>bonae</strong></span> <span class='ocrx_word' id='word_1_266' title='bbox 1498 2166 1802 2222; x_wconf 84' lang='lat' dir='ltr'><strong>voluntatis</strong></span> <span class='ocrx_word' id='word_1_267' title='bbox 1850 2181 2011 2219; x_wconf 89' lang='lat' dir='ltr'><strong>coro-</strong></span> 
     </span>
    </p>
   </div>
   <div class='ocr_carea' id='block_1_40' title="bbox 428 2260 2012 2331">
    <p class='ocr_par' dir='ltr' id='par_1_40' title="bbox 428 2260 2012 2331">
     <span class='ocr_line' id='line_1_41' title="bbox 428 2260 2012 2331; baseline -0.009 -8"><span class='ocrx_word' id='word_1_268' title='bbox 428 2268 574 2324; x_wconf 84' lang='lat' dir='ltr'><strong>nasti</strong></span> <span class='ocrx_word' id='word_1_269' title='bbox 606 2280 705 2321; x_wconf 88' lang='lat' dir='ltr'><strong>nos</strong></span> <span class='ocrx_word' id='word_1_270' title='bbox 737 2265 803 2318; x_wconf 85' lang='lat'><strong>’°.</strong></span> <span class='ocrx_word' id='word_1_271' title='bbox 842 2283 861 2315; x_wconf 73' lang='grc' dir='ltr'><strong>ι</strong></span> <span class='ocrx_word' id='word_1_272' title='bbox 895 2264 1037 2317; x_wconf 91' lang='lat' dir='ltr'><strong>Idem</strong></span> <span class='ocrx_word' id='word_1_273' title='bbox 1081 2262 1356 2331; x_wconf 85' lang='lat' dir='ltr'><strong>justorum</strong></span> <span class='ocrx_word' id='word_1_274' title='bbox 1388 2260 1555 2314; x_wconf 79' lang='lat' dir='ltr'><strong>fuerit</strong></span> <span class='ocrx_word' id='word_1_275' title='bbox 1582 2267 1799 2314; x_wconf 88' lang='lat' dir='ltr'><strong>scutum</strong></span> <span class='ocrx_word' id='word_1_276' title='bbox 1835 2266 1889 2312; x_wconf 91' lang='lat' dir='ltr'><strong>et</strong></span> <span class='ocrx_word' id='word_1_277' title='bbox 1919 2273 2012 2310; x_wconf 93' lang='lat' dir='ltr'><strong>co-</strong></span> 
     </span>
    </p>
   </div>
   <div class='ocr_carea' id='block_1_41' title="bbox 430 2346 2013 2427">
    <p class='ocr_par' dir='ltr' id='par_1_41' title="bbox 430 2346 2013 2427">
     <span class='ocr_line' id='line_1_42' title="bbox 430 2346 2013 2427; baseline -0.008 -16"><span class='ocrx_word' id='word_1_278' title='bbox 430 2372 564 2413; x_wconf 83' lang='lat' dir='ltr'><strong>rona</strong></span> <span class='ocrx_word' id='word_1_279' title='bbox 605 2373 617 2409; x_wconf 92' lang='lat'>:</span> <span class='ocrx_word' id='word_1_280' title='bbox 659 2361 946 2427; x_wconf 88' lang='lat' dir='ltr'><strong>propterea</strong></span> <span class='ocrx_word' id='word_1_281' title='bbox 977 2353 1069 2422; x_wconf 87' lang='lat' dir='ltr'><strong>qui</strong></span> <span class='ocrx_word' id='word_1_282' title='bbox 1118 2352 1287 2405; x_wconf 90' lang='lat' dir='ltr'><strong>armis</strong></span> <span class='ocrx_word' id='word_1_283' title='bbox 1335 2350 1584 2404; x_wconf 88' lang='lat' dir='ltr'><strong>induitur</strong></span> <span class='ocrx_word' id='word_1_284' title='bbox 1625 2346 2013 2403; x_wconf 88' lang='lat' dir='ltr'><strong>intellectuali-</strong></span> 
     </span>
    </p>
   </div>
   <div class='ocr_carea' id='block_1_42' title="bbox 428 2438 2007 2513">
    <p class='ocr_par' dir='ltr' id='par_1_42' title="bbox 428 2438 2007 2513">
     <span class='ocr_line' id='line_1_43' title="bbox 428 2438 2007 2513; baseline -0.008 -11"><span class='ocrx_word' id='word_1_285' title='bbox 428 2457 511 2505; x_wconf 90' lang='lat' dir='ltr'><strong>ter</strong></span> <span class='ocrx_word' id='word_1_286' title='bbox 544 2455 864 2502; x_wconf 88' lang='lat' dir='ltr'><strong>coronatur.</strong></span> <span class='ocrx_word' id='word_1_287' title='bbox 918 2442 1166 2513; x_wconf 84' lang='lat' dir='ltr'><strong>Namque</strong></span> <span class='ocrx_word' id='word_1_288' title='bbox 1215 2442 1478 2496; x_wconf 82' lang='lat' dir='ltr'><strong>Salomon</strong></span> <span class='ocrx_word' id='word_1_289' title='bbox 1512 2440 1653 2495; x_wconf 80' lang='lat' dir='ltr'><strong>dixit</strong></span> <span class='ocrx_word' id='word_1_290' title='bbox 1685 2458 1699 2494; x_wconf 88' lang='lat'><strong>:</strong></span> <span class='ocrx_word' id='word_1_291' title='bbox 1749 2456 1767 2489; x_wconf 79' lang='grc' dir='ltr'><strong>ι</strong></span> <span class='ocrx_word' id='word_1_292' title='bbox 1797 2438 2007 2494; x_wconf 87' lang='lat' dir='ltr'><strong>Corona</strong></span> 
     </span>
    </p>
   </div>
   <div class='ocr_carea' id='block_1_43' title="bbox 429 2535 1298 2598">
    <p class='ocr_par' dir='ltr' id='par_1_43' title="bbox 429 2535 1298 2598">
     <span class='ocr_line' id='line_1_44' title="bbox 429 2535 1298 2598; baseline -0.012 -2"><span class='ocrx_word' id='word_1_293' title='bbox 429 2541 754 2598; x_wconf 85' lang='lat' dir='ltr'><strong>deliciarum</strong></span> <span class='ocrx_word' id='word_1_294' title='bbox 791 2535 1046 2592; x_wconf 79' lang='lat' dir='ltr'><strong>defendet</strong></span> <span class='ocrx_word' id='word_1_295' title='bbox 1083 2547 1137 2589; x_wconf 91' lang='lat' dir='ltr'><strong>te</strong></span> <span class='ocrx_word' id='word_1_296' title='bbox 1174 2536 1240 2587; x_wconf 87' lang='grc'><strong>²¹.</strong></span> <span class='ocrx_word' id='word_1_297' title='bbox 1280 2554 1298 2586; x_wconf 74' lang='grc' dir='ltr'><strong>ι</strong></span> 
     </span>
    </p>
   </div>
   <div class='ocr_carea' id='block_1_44' title="bbox 669 2624 1764 2686">
    <p class='ocr_par' dir='ltr' id='par_1_44' title="bbox 669 2624 1764 2686">
     <span class='ocr_line' id='line_1_45' title="bbox 669 2624 1764 2686; baseline -0.005 0"><span class='ocrx_word' id='word_1_298' title='bbox 669 2630 922 2686; x_wconf 74' lang='lat' dir='ltr'><strong>CCXXII.</strong></span> <span class='ocrx_word' id='word_1_299' title='bbox 964 2659 1032 2669; x_wconf 90' lang='lat'><strong>——</strong></span> <span class='ocrx_word' id='word_1_300' title='bbox 1062 2625 1371 2682; x_wconf 78' lang='lat' dir='ltr'><strong>TlIEBINO</strong></span> <span class='ocrx_word' id='word_1_301' title='bbox 1410 2624 1764 2681; x_wconf 75' lang='lat' dir='ltr'><strong>MONACHO.</strong></span> 
     </span>
    </p>
   </div>
   <div class='ocr_carea' id='block_1_45' title="bbox 499 2715 2012 2791">
    <p class='ocr_par' dir='ltr' id='par_1_45' title="bbox 499 2715 2012 2791">
     <span class='ocr_line' id='line_1_46' title="bbox 499 2715 2012 2791; baseline -0.006 -13"><span class='ocrx_word' id='word_1_302' title='bbox 499 2717 975 2791; x_wconf 85' lang='lat' dir='ltr'><strong>Quemadmodum</strong></span> <span class='ocrx_word' id='word_1_303' title='bbox 1005 2723 1059 2775; x_wconf 93' lang='lat' dir='ltr'><strong>in</strong></span> <span class='ocrx_word' id='word_1_304' title='bbox 1108 2722 1246 2774; x_wconf 88' lang='lat' dir='ltr'><strong>mari</strong></span> <span class='ocrx_word' id='word_1_305' title='bbox 1276 2735 1451 2791; x_wconf 85' lang='lat' dir='ltr'><strong>genus</strong></span> <span class='ocrx_word' id='word_1_306' title='bbox 1483 2718 1765 2773; x_wconf 88' lang='lat' dir='ltr'><strong>hominum</strong></span> <span class='ocrx_word' id='word_1_307' title='bbox 1803 2715 2012 2770; x_wconf 86' lang='lat' dir='ltr'><strong>facino-</strong></span> 
     </span>
    </p>
   </div>
   <div class='ocr_carea' id='block_1_46' title="bbox 429 2809 2011 2880">
    <p class='ocr_par' dir='ltr' id='par_1_46' title="bbox 429 2809 2011 2880">
     <span class='ocr_line' id='line_1_47' title="bbox 429 2809 2011 2880; baseline -0.006 -10"><span class='ocrx_word' id='word_1_308' title='bbox 429 2830 617 2872; x_wconf 88' lang='lat' dir='ltr'><strong>rosum</strong></span> <span class='ocrx_word' id='word_1_309' title='bbox 650 2825 704 2870; x_wconf 92' lang='lat' dir='ltr'><strong>et</strong></span> <span class='ocrx_word' id='word_1_310' title='bbox 733 2816 933 2880; x_wconf 84' lang='lat' dir='ltr'><strong>audax,</strong></span> <span class='ocrx_word' id='word_1_311' title='bbox 993 2814 1047 2867; x_wconf 92' lang='lat' dir='ltr'><strong>in</strong></span> <span class='ocrx_word' id='word_1_312' title='bbox 1074 2813 1254 2877; x_wconf 72' lang='lat' dir='ltr'><strong>imari,</strong></span> <span class='ocrx_word' id='word_1_313' title='bbox 1313 2812 1403 2865; x_wconf 90' lang='lat' dir='ltr'><strong>ubi</strong></span> <span class='ocrx_word' id='word_1_314' title='bbox 1449 2811 1646 2864; x_wconf 82' lang='lat' dir='ltr'><strong>civitas</strong></span> <span class='ocrx_word' id='word_1_315' title='bbox 1674 2817 1779 2875; x_wconf 91' lang='lat' dir='ltr'><strong>est,</strong></span> <span class='ocrx_word' id='word_1_316' title='bbox 1806 2809 1886 2863; x_wconf 86' lang='lat' dir='ltr'><strong>vel</strong></span> <span class='ocrx_word' id='word_1_317' title='bbox 1911 2824 2011 2861; x_wconf 83' lang='lat' dir='ltr'><strong>na-</strong></span> 
     </span>
    </p>
   </div>
   <div class='ocr_carea' id='block_1_47' title="bbox 430 2900 2013 2977">
    <p class='ocr_par' dir='ltr' id='par_1_47' title="bbox 430 2900 2013 2977">
     <span class='ocr_line' id='line_1_48' title="bbox 430 2900 2013 2977; baseline -0.008 -13"><span class='ocrx_word' id='word_1_318' title='bbox 430 2910 578 2964; x_wconf 86' lang='lat' dir='ltr'><strong>vium</strong></span> <span class='ocrx_word' id='word_1_319' title='bbox 612 2908 777 2963; x_wconf 88' lang='lat' dir='ltr'><strong>statio</strong></span> <span class='ocrx_word' id='word_1_320' title='bbox 827 2916 922 2960; x_wconf 92' lang='lat' dir='ltr'><strong>aut</strong></span> <span class='ocrx_word' id='word_1_321' title='bbox 961 2914 1180 2977; x_wconf 80' lang='lat' dir='ltr'><strong>portus,</strong></span> <span class='ocrx_word' id='word_1_322' title='bbox 1233 2905 1381 2959; x_wconf 90' lang='lat' dir='ltr'><strong>nulla</strong></span> <span class='ocrx_word' id='word_1_323' title='bbox 1417 2904 1632 2957; x_wconf 89' lang='lat' dir='ltr'><strong>ratione</strong></span> <span class='ocrx_word' id='word_1_324' title='bbox 1656 2902 1713 2956; x_wconf 92' lang='lat' dir='ltr'><strong>in</strong></span> <span class='ocrx_word' id='word_1_325' title='bbox 1747 2900 2013 2970; x_wconf 85' lang='lat' dir='ltr'><strong>navigan-</strong></span> 
     </span>
    </p>
   </div>
   <div class='ocr_carea' id='block_1_48' title="bbox 430 2986 2011 3062">
    <p class='ocr_par' dir='ltr' id='par_1_48' title="bbox 430 2986 2011 3062">
     <span class='ocr_line' id='line_1_49' title="bbox 430 2986 2011 3062; baseline -0.008 -14"><span class='ocrx_word' id='word_1_326' title='bbox 430 3004 515 3048; x_wconf 89' lang='lat' dir='ltr'><strong>tes</strong></span> <span class='ocrx_word' id='word_1_327' title='bbox 551 2994 813 3062; x_wconf 88' lang='lat' dir='ltr'><strong>impetum</strong></span> <span class='ocrx_word' id='word_1_328' title='bbox 852 2992 1083 3055; x_wconf 80' lang='lat' dir='ltr'><strong>iaciunt;</strong></span> <span class='ocrx_word' id='word_1_329' title='bbox 1132 2990 1185 3045; x_wconf 91' lang='lat' dir='ltr'><strong>id</strong></span> <span class='ocrx_word' id='word_1_330' title='bbox 1236 2992 1384 3045; x_wconf 90' lang='lat' dir='ltr'><strong>enim</strong></span> <span class='ocrx_word' id='word_1_331' title='bbox 1442 2997 1593 3044; x_wconf 85' lang='lat' dir='ltr'><strong>esset</strong></span> <span class='ocrx_word' id='word_1_332' title='bbox 1625 2987 1833 3041; x_wconf 80' lang='lat' dir='ltr'><strong>frustra</strong></span> <span class='ocrx_word' id='word_1_333' title='bbox 1866 3001 1925 3041; x_wconf 84' lang='lat' dir='ltr'><strong>se</strong></span> <span class='ocrx_word' id='word_1_334' title='bbox 1958 2986 2011 3037; x_wconf 92' lang='lat' dir='ltr'><strong>in</strong></span> 
     </span>
    </p>
   </div>
   <div class='ocr_carea' id='block_1_49' title="bbox 429 3075 2004 3137">
    <p class='ocr_par' dir='ltr' id='par_1_49' title="bbox 429 3075 2004 3137">
     <span class='ocr_line' id='line_1_50' title="bbox 429 3075 2004 3137; baseline -0.007 0"><span class='ocrx_word' id='word_1_335' title='bbox 429 3082 730 3137; x_wconf 88' lang='lat' dir='ltr'><strong>discrimen</strong></span> <span class='ocrx_word' id='word_1_336' title='bbox 772 3080 1043 3135; x_wconf 85' lang='lat' dir='ltr'><strong>adducere</strong></span> <span class='ocrx_word' id='word_1_337' title='bbox 1076 3098 1089 3132; x_wconf 89' lang='lat'><strong>:</strong></span> <span class='ocrx_word' id='word_1_338' title='bbox 1131 3095 1323 3134; x_wconf 87' lang='lat' dir='ltr'><strong>verum</strong></span> <span class='ocrx_word' id='word_1_339' title='bbox 1358 3078 1404 3133; x_wconf 84' lang='lat' dir='ltr'><strong>si</strong></span> <span class='ocrx_word' id='word_1_340' title='bbox 1438 3079 1492 3131; x_wconf 92' lang='lat' dir='ltr'><strong>in</strong></span> <span class='ocrx_word' id='word_1_341' title='bbox 1536 3079 1647 3131; x_wconf 88' lang='lat' dir='ltr'><strong>alto</strong></span> <span class='ocrx_word' id='word_1_342' title='bbox 1684 3078 1822 3131; x_wconf 89' lang='lat' dir='ltr'><strong>mari</strong></span> <span class='ocrx_word' id='word_1_343' title='bbox 1850 3075 2004 3129; x_wconf 87' lang='lat' dir='ltr'><strong>navi-</strong></span> 
     </span>
    </p>
   </div>
   <div class='ocr_carea' id='block_1_50' title="bbox 430 3167 2008 3244">
    <p class='ocr_par' dir='ltr' id='par_1_50' title="bbox 430 3167 2008 3244">
     <span class='ocr_line' id='line_1_51' title="bbox 430 3167 2008 3244; baseline -0.006 -13"><span class='ocrx_word' id='word_1_344' title='bbox 430 3177 608 3231; x_wconf 90' lang='lat' dir='ltr'><strong>culam</strong></span> <span class='ocrx_word' id='word_1_345' title='bbox 635 3174 1116 3244; x_wconf 84' lang='lat' dir='ltr'><strong>deprehenderint,</strong></span> <span class='ocrx_word' id='word_1_346' title='bbox 1150 3171 1297 3242; x_wconf 91' lang='lat' dir='ltr'><strong>quod</strong></span> <span class='ocrx_word' id='word_1_347' title='bbox 1342 3168 1422 3225; x_wconf 83' lang='lat' dir='ltr'><strong>illi</strong></span> <span class='ocrx_word' id='word_1_348' title='bbox 1462 3185 1565 3239; x_wconf 91' lang='lat' dir='ltr'><strong>ope</strong></span> <span class='ocrx_word' id='word_1_349' title='bbox 1594 3167 1884 3223; x_wconf 81' lang='lat' dir='ltr'><strong>auxiliaria</strong></span> <span class='ocrx_word' id='word_1_350' title='bbox 1912 3168 2008 3222; x_wconf 91' lang='lat' dir='ltr'><strong>de-</strong></span> 
     </span>
    </p>
   </div>
   <div class='ocr_carea' id='block_1_51' title="bbox 431 3261 2007 3333">
    <p class='ocr_par' dir='ltr' id='par_1_51' title="bbox 431 3261 2007 3333">
     <span class='ocr_line' id='line_1_52' title="bbox 431 3261 2007 3333; baseline -0.007 -9"><span class='ocrx_word' id='word_1_351' title='bbox 431 3267 610 3324; x_wconf 86' lang='lat' dir='ltr'><strong>stituti</strong></span> <span class='ocrx_word' id='word_1_352' title='bbox 665 3275 817 3333; x_wconf 90' lang='lat' dir='ltr'><strong>sunt,</strong></span> <span class='ocrx_word' id='word_1_353' title='bbox 866 3266 1217 3320; x_wconf 89' lang='lat' dir='ltr'><strong>occasionem</strong></span> <span class='ocrx_word' id='word_1_354' title='bbox 1258 3263 1610 3333; x_wconf 87' lang='lat' dir='ltr'><strong>arripientes,</strong></span> <span class='ocrx_word' id='word_1_355' title='bbox 1661 3261 1845 3317; x_wconf 91' lang='lat' dir='ltr'><strong>omnia</strong></span> <span class='ocrx_word' id='word_1_356' title='bbox 1885 3276 2007 3314; x_wconf 90' lang='lat' dir='ltr'><strong>mo-</strong></span> 
     </span>
    </p>
   </div>
   <div class='ocr_carea' id='block_1_52' title="bbox 430 3354 2008 3429">
    <p class='ocr_par' dir='ltr' id='par_1_52' title="bbox 430 3354 2008 3429">
     <span class='ocr_line' id='line_1_53' title="bbox 430 3354 2008 3429; baseline -0.005 -14"><span class='ocrx_word' id='word_1_357' title='bbox 430 3368 559 3415; x_wconf 90' lang='lat' dir='ltr'><strong>vent</strong></span> <span class='ocrx_word' id='word_1_358' title='bbox 599 3360 985 3429; x_wconf 88' lang='lat' dir='ltr'><strong>invertuntque</strong></span> <span class='ocrx_word' id='word_1_359' title='bbox 1030 3372 1133 3412; x_wconf 88' lang='lat' dir='ltr'><strong>nec</strong></span> <span class='ocrx_word' id='word_1_360' title='bbox 1167 3357 1319 3426; x_wconf 90' lang='lat' dir='ltr'><strong>prius</strong></span> <span class='ocrx_word' id='word_1_361' title='bbox 1366 3356 1666 3418; x_wconf 80' lang='lat' dir='ltr'><strong>absistunt,</strong></span> <span class='ocrx_word' id='word_1_362' title='bbox 1701 3354 1879 3409; x_wconf 91' lang='lat' dir='ltr'><strong>donec</strong></span> <span class='ocrx_word' id='word_1_363' title='bbox 1925 3354 2008 3407; x_wconf 88' lang='lat' dir='ltr'><strong>vel</strong></span> 
     </span>
    </p>
   </div>
   <div class='ocr_carea' id='block_1_53' title="bbox 432 3446 2009 3523">
    <p class='ocr_par' dir='ltr' id='par_1_53' title="bbox 432 3446 2009 3523">
     <span class='ocr_line' id='line_1_54' title="bbox 432 3446 2009 3523; baseline -0.004 -17"><span class='ocrx_word' id='word_1_364' title='bbox 432 3454 759 3523; x_wconf 83' lang='lat' dir='ltr'><strong>navigantes</strong></span> <span class='ocrx_word' id='word_1_365' title='bbox 795 3452 1140 3520; x_wconf 77' lang='lat' dir='ltr'><strong>immergant,</strong></span> <span class='ocrx_word' id='word_1_366' title='bbox 1188 3450 1272 3503; x_wconf 88' lang='lat' dir='ltr'><strong>vel</strong></span> <span class='ocrx_word' id='word_1_367' title='bbox 1302 3449 1406 3502; x_wconf 92' lang='lat' dir='ltr'><strong>hoc</strong></span> <span class='ocrx_word' id='word_1_368' title='bbox 1434 3449 1537 3518; x_wconf 90' lang='lat' dir='ltr'><strong>ipsi</strong></span> <span class='ocrx_word' id='word_1_369' title='bbox 1565 3449 1817 3509; x_wconf 84' lang='lat' dir='ltr'><strong>subeant;</strong></span> <span class='ocrx_word' id='word_1_370' title='bbox 1854 3446 1935 3501; x_wconf 91' lang='lat' dir='ltr'><strong>sic</strong></span> <span class='ocrx_word' id='word_1_371' title='bbox 1957 3455 2009 3500; x_wconf 90' lang='lat' dir='ltr'><strong>et</strong></span> 
     </span>
    </p>
   </div>
   <div class='ocr_carea' id='block_1_54' title="bbox 432 3540 2010 3615">
    <p class='ocr_par' dir='ltr' id='par_1_54' title="bbox 432 3540 2010 3615">
     <span class='ocr_line' id='line_1_55' title="bbox 432 3540 2010 3615; baseline -0.005 -15"><span class='ocrx_word' id='word_1_372' title='bbox 432 3548 553 3600; x_wconf 87' lang='lat' dir='ltr'><strong>dira</strong></span> <span class='ocrx_word' id='word_1_373' title='bbox 591 3544 890 3615; x_wconf 86' lang='lat' dir='ltr'><strong>voluptatis</strong></span> <span class='ocrx_word' id='word_1_374' title='bbox 944 3544 1202 3608; x_wconf 87' lang='lat' dir='ltr'><strong>tentatio,</strong></span> <span class='ocrx_word' id='word_1_375' title='bbox 1248 3542 1321 3607; x_wconf 88' lang='lat' dir='ltr'><strong>ei,</strong></span> <span class='ocrx_word' id='word_1_376' title='bbox 1364 3542 1457 3611; x_wconf 91' lang='lat' dir='ltr'><strong>qui</strong></span> <span class='ocrx_word' id='word_1_377' title='bbox 1491 3541 1860 3611; x_wconf 81' lang='lat' dir='ltr'><strong>virginitatem</strong></span> <span class='ocrx_word' id='word_1_378' title='bbox 1895 3540 2010 3595; x_wconf 89' lang='lat' dir='ltr'><strong>ele-</strong></span> 
     </span>
    </p>
   </div>
   <div class='ocr_carea' id='block_1_55' title="bbox 432 3633 2010 3708">
    <p class='ocr_par' dir='ltr' id='par_1_55' title="bbox 432 3633 2010 3708">
     <span class='ocr_line' id='line_1_56' title="bbox 432 3633 2010 3708; baseline -0.004 -17"><span class='ocrx_word' id='word_1_379' title='bbox 432 3640 532 3708; x_wconf 84' lang='lat' dir='ltr'><strong>git,</strong></span> <span class='ocrx_word' id='word_1_380' title='bbox 566 3638 792 3691; x_wconf 90' lang='lat' dir='ltr'><strong>multam</strong></span> <span class='ocrx_word' id='word_1_381' title='bbox 843 3636 1001 3690; x_wconf 84' lang='lat' dir='ltr'><strong>allert</strong></span> <span class='ocrx_word' id='word_1_382' title='bbox 1046 3643 1427 3705; x_wconf 87' lang='lat' dir='ltr'><strong>tempestatem</strong></span> <span class='ocrx_word' id='word_1_383' title='bbox 1459 3645 1513 3689; x_wconf 90' lang='lat' dir='ltr'><strong>et</strong></span> <span class='ocrx_word' id='word_1_384' title='bbox 1538 3649 1756 3704; x_wconf 82' lang='lat' dir='ltr'><strong>gravem</strong></span> <span class='ocrx_word' id='word_1_385' title='bbox 1798 3633 2010 3703; x_wconf 89' lang='lat' dir='ltr'><strong>procel-</strong></span> 
     </span>
    </p>
   </div>
   <div class='ocr_carea' id='block_1_56' title="bbox 434 3726 2011 3792">
    <p class='ocr_par' dir='ltr' id='par_1_56' title="bbox 434 3726 2011 3792">
     <span class='ocr_line' id='line_1_57' title="bbox 434 3726 2011 3792; baseline -0.001 -11"><span class='ocrx_word' id='word_1_386' title='bbox 434 3732 563 3792; x_wconf 86' lang='lat' dir='ltr'><strong>lam,</strong></span> <span class='ocrx_word' id='word_1_387' title='bbox 615 3738 670 3783; x_wconf 89' lang='lat' dir='ltr'><strong>ct</strong></span> <span class='ocrx_word' id='word_1_388' title='bbox 722 3744 830 3781; x_wconf 88' lang='lat' dir='ltr'><strong>non</strong></span> <span class='ocrx_word' id='word_1_389' title='bbox 889 3728 1144 3782; x_wconf 82' lang='lat' dir='ltr'><strong>ferendos</strong></span> <span class='ocrx_word' id='word_1_390' title='bbox 1199 3726 1459 3780; x_wconf 84' lang='lat' dir='ltr'><strong>ﬂuctuum</strong></span> <span class='ocrx_word' id='word_1_391' title='bbox 1512 3727 1783 3791; x_wconf 87' lang='lat' dir='ltr'><strong>turbines,</strong></span> <span class='ocrx_word' id='word_1_392' title='bbox 1827 3726 2011 3779; x_wconf 88' lang='lat' dir='ltr'><strong>omnia</strong></span> 
     </span>
    </p>
   </div>
   <div class='ocr_carea' id='block_1_57' title="bbox 434 3819 2011 3890">
    <p class='ocr_par' dir='ltr' id='par_1_57' title="bbox 434 3819 2011 3890">
     <span class='ocr_line' id='line_1_58' title="bbox 434 3819 2011 3890; baseline -0.003 -15"><span class='ocrx_word' id='word_1_393' title='bbox 434 3835 640 3890; x_wconf 88' lang='lat' dir='ltr'><strong>susque</strong></span> <span class='ocrx_word' id='word_1_394' title='bbox 665 3820 844 3889; x_wconf 89' lang='lat' dir='ltr'><strong>deque</strong></span> <span class='ocrx_word' id='word_1_395' title='bbox 876 3821 1137 3885; x_wconf 88' lang='lat' dir='ltr'><strong>miscens,</strong></span> <span class='ocrx_word' id='word_1_396' title='bbox 1166 3827 1225 3873; x_wconf 89' lang='lat' dir='ltr'><strong>ut</strong></span> <span class='ocrx_word' id='word_1_397' title='bbox 1253 3820 1305 3872; x_wconf 90' lang='lat' dir='ltr'><strong>vi</strong></span> <span class='ocrx_word' id='word_1_398' title='bbox 1336 3829 1390 3872; x_wconf 89' lang='lat' dir='ltr'><strong>et</strong></span> <span class='ocrx_word' id='word_1_399' title='bbox 1414 3819 1619 3888; x_wconf 87' lang='lat' dir='ltr'><strong>impetu</strong></span> <span class='ocrx_word' id='word_1_400' title='bbox 1654 3833 1847 3872; x_wconf 89' lang='lat' dir='ltr'><strong>navem</strong></span> <span class='ocrx_word' id='word_1_401' title='bbox 1876 3821 2011 3870; x_wconf 84' lang='lat' dir='ltr'><strong>sul)-</strong></span> 
     </span>
    </p>
   </div>
   <div class='ocr_carea' id='block_1_58' title="bbox 434 3914 2013 3986">
    <p class='ocr_par' dir='ltr' id='par_1_58' title="bbox 434 3914 2013 3986">
     <span class='ocr_line' id='line_1_59' title="bbox 434 3914 2013 3986; baseline -0.002 -16"><span class='ocrx_word' id='word_1_402' title='bbox 434 3924 667 3986; x_wconf 83' lang='lat' dir='ltr'><strong>mergat.</strong></span> <span class='ocrx_word' id='word_1_403' title='bbox 696 3914 884 3970; x_wconf 79' lang='lat' dir='ltr'><strong>Audiit</strong></span> <span class='ocrx_word' id='word_1_404' title='bbox 936 3932 1195 3985; x_wconf 80' lang='lat' dir='ltr'><strong>namque,</strong></span> <span class='ocrx_word' id='word_1_405' title='bbox 1232 3915 1503 3968; x_wconf 83' lang='lat' dir='ltr'><strong>monacho</strong></span> <span class='ocrx_word' id='word_1_406' title='bbox 1534 3929 1641 3967; x_wconf 90' lang='lat' dir='ltr'><strong>non</strong></span> <span class='ocrx_word' id='word_1_407' title='bbox 1668 3929 1792 3968; x_wconf 87' lang='lat' dir='ltr'><strong>esse</strong></span> <span class='ocrx_word' id='word_1_408' title='bbox 1828 3914 1880 3968; x_wconf 87' lang='lat' dir='ltr'><strong>in</strong></span> <span class='ocrx_word' id='word_1_409' title='bbox 1917 3928 2013 3982; x_wconf 86' lang='lat' dir='ltr'><strong>po—</strong></span> 
     </span>
    </p>
   </div>
   <div class='ocr_carea' id='block_1_59' title="bbox 434 4005 2012 4075">
    <p class='ocr_par' dir='ltr' id='par_1_59' title="bbox 434 4005 2012 4075">
     <span class='ocr_line' id='line_1_60' title="bbox 434 4005 2012 4075; baseline 0 -16"><span class='ocrx_word' id='word_1_410' title='bbox 434 4016 630 4061; x_wconf 88' lang='lat' dir='ltr'><strong>testate</strong></span> <span class='ocrx_word' id='word_1_411' title='bbox 677 4022 902 4061; x_wconf 88' lang='lat' dir='ltr'><strong>uxorem</strong></span> <span class='ocrx_word' id='word_1_412' title='bbox 958 4007 1182 4068; x_wconf 83' lang='lat' dir='ltr'><strong>ducere,</strong></span> <span class='ocrx_word' id='word_1_413' title='bbox 1233 4014 1285 4059; x_wconf 91' lang='lat' dir='ltr'><strong>et</strong></span> <span class='ocrx_word' id='word_1_414' title='bbox 1330 4005 1492 4059; x_wconf 89' lang='lat' dir='ltr'><strong>veluti</strong></span> <span class='ocrx_word' id='word_1_415' title='bbox 1531 4005 1584 4057; x_wconf 92' lang='lat' dir='ltr'><strong>in</strong></span> <span class='ocrx_word' id='word_1_416' title='bbox 1620 4014 1836 4075; x_wconf 90' lang='lat' dir='ltr'><strong>portum</strong></span> <span class='ocrx_word' id='word_1_417' title='bbox 1876 4020 2012 4059; x_wconf 90' lang='lat' dir='ltr'><strong>con-</strong></span> 
     </span>
    </p>
   </div>
   <div class='ocr_carea' id='block_1_60' title="bbox 430 4099 2011 4170">
    <p class='ocr_par' dir='ltr' id='par_1_60' title="bbox 430 4099 2011 4170">
     <span class='ocr_line' id='line_1_61' title="bbox 430 4099 2011 4170; baseline -0.002 -16"><span class='ocrx_word' id='word_1_418' title='bbox 430 4100 569 4170; x_wconf 80' lang='lat' dir='ltr'><strong>jugii</strong></span> <span class='ocrx_word' id='word_1_419' title='bbox 612 4116 713 4155; x_wconf 91' lang='lat' dir='ltr'><strong>usu</strong></span> <span class='ocrx_word' id='word_1_420' title='bbox 741 4116 801 4154; x_wconf 90' lang='lat' dir='ltr'><strong>se</strong></span> <span class='ocrx_word' id='word_1_421' title='bbox 831 4099 1171 4165; x_wconf 87' lang='lat' dir='ltr'><strong>subducere;</strong></span> <span class='ocrx_word' id='word_1_422' title='bbox 1227 4099 1319 4153; x_wconf 90' lang='lat' dir='ltr'><strong>sed</strong></span> <span class='ocrx_word' id='word_1_423' title='bbox 1375 4113 1471 4167; x_wconf 92' lang='lat' dir='ltr'><strong>per</strong></span> <span class='ocrx_word' id='word_1_424' title='bbox 1510 4099 1693 4151; x_wconf 88' lang='lat' dir='ltr'><strong>omnia</strong></span> <span class='ocrx_word' id='word_1_425' title='bbox 1735 4108 2011 4153; x_wconf 87' lang='lat' dir='ltr'><strong>certamen</strong></span> 
     </span>
    </p>
   </div>
   <div class='ocr_carea' id='block_1_61' title="bbox 435 4189 2015 4261">
    <p class='ocr_par' dir='ltr' id='par_1_61' title="bbox 435 4189 2015 4261">
     <span class='ocr_line' id='line_1_62' title="bbox 435 4189 2015 4261; baseline 0 -17"><span class='ocrx_word' id='word_1_426' title='bbox 435 4207 782 4261; x_wconf 85' lang='lat' dir='ltr'><strong>pugnamque</strong></span> <span class='ocrx_word' id='word_1_427' title='bbox 841 4191 1108 4245; x_wconf 90' lang='lat' dir='ltr'><strong>adversus</strong></span> <span class='ocrx_word' id='word_1_428' title='bbox 1156 4191 1453 4254; x_wconf 70' lang='lat' dir='ltr'><strong>dzcmones,</strong></span> <span class='ocrx_word' id='word_1_429' title='bbox 1507 4189 1602 4259; x_wconf 91' lang='lat' dir='ltr'><strong>qui</strong></span> <span class='ocrx_word' id='word_1_430' title='bbox 1643 4191 2015 4259; x_wconf 86' lang='lat' dir='ltr'><strong>voluptatibus</strong></span> 
     </span>
    </p>
   </div>
   <div class='ocr_carea' id='block_1_62' title="bbox 432 4282 2016 4353">
    <p class='ocr_par' dir='ltr' id='par_1_62' title="bbox 432 4282 2016 4353">
     <span class='ocr_line' id='line_1_63' title="bbox 432 4282 2016 4353; baseline -0.001 -18"><span class='ocrx_word' id='word_1_431' title='bbox 432 4282 541 4353; x_wconf 79' lang='lat'><strong>83</strong></span> <span class='ocrx_word' id='word_1_432' title='bbox 574 4283 809 4335; x_wconf 88' lang='lat' dir='ltr'><strong>animam</strong></span> <span class='ocrx_word' id='word_1_433' title='bbox 843 4282 1081 4346; x_wconf 88' lang='lat' dir='ltr'><strong>irritant,</strong></span> <span class='ocrx_word' id='word_1_434' title='bbox 1118 4282 1401 4336; x_wconf 90' lang='lat' dir='ltr'><strong>subeunda</strong></span> <span class='ocrx_word' id='word_1_435' title='bbox 1432 4298 1580 4337; x_wconf 85' lang='lat' dir='ltr'><strong>esse.</strong></span> <span class='ocrx_word' id='word_1_436' title='bbox 1621 4282 1701 4337; x_wconf 80' lang='lat' dir='ltr'><strong>Ne</strong></span> <span class='ocrx_word' id='word_1_437' title='bbox 1734 4282 1902 4352; x_wconf 86' lang='lat' dir='ltr'><strong>igitur</strong></span> <span class='ocrx_word' id='word_1_438' title='bbox 1925 4282 2016 4335; x_wconf 90' lang='lat' dir='ltr'><strong>ad-</strong></span> 
     </span>
    </p>
   </div>
   <div class='ocr_carea' id='block_1_63' title="bbox 2609 2089 3206 2156">
    <p class='ocr_par' dir='ltr' id='par_1_63' title="bbox 2609 2089 3206 2156">
     <span class='ocr_line' id='line_1_64' title="bbox 2609 2089 3206 2156; baseline 0.003 -14"><span class='ocrx_word' id='word_1_439' title='bbox 2609 2091 2781 2143; x_wconf 68' lang='lat' dir='ltr'><strong>XKA&#39;.</strong></span> <span class='ocrx_word' id='word_1_440' title='bbox 2820 2122 2888 2132; x_wconf 98' lang='lat'>—</span> <span class='ocrx_word' id='word_1_441' title='bbox 2924 2089 3007 2156; x_wconf 86' lang='grc' dir='ltr'><strong>Τῷ</strong></span> <span class='ocrx_word' id='word_1_442' title='bbox 3027 2089 3206 2155; x_wconf 85' lang='grc' dir='ltr'>αὐτῷ.</span> 
     </span>
    </p>
   </div>
   <div class='ocr_carea' id='block_1_64' title="bbox 2187 2180 3711 2255">
    <p class='ocr_par' dir='ltr' id='par_1_64' title="bbox 2187 2180 3711 2255">
     <span class='ocr_line' id='line_1_65' title="bbox 2187 2180 3711 2255; baseline 0 -20"><span class='ocrx_word' id='word_1_443' title='bbox 2187 2204 2205 2235; x_wconf 82' lang='grc' dir='ltr'><strong>ι</strong></span> <span class='ocrx_word' id='word_1_444' title='bbox 2238 2183 2431 2255; x_wconf 85' lang='grc' dir='ltr'>Κύριε,</span> <span class='ocrx_word' id='word_1_445' title='bbox 2466 2184 2653 2253; x_wconf 71' lang='grc' dir='ltr'>φησὶν,</span> <span class='ocrx_word' id='word_1_446' title='bbox 2681 2183 2756 2247; x_wconf 85' lang='grc' dir='ltr'>ὠς</span> <span class='ocrx_word' id='word_1_447' title='bbox 2807 2184 2957 2252; x_wconf 85' lang='grc' dir='ltr'>ὅπλῳ</span> <span class='ocrx_word' id='word_1_448' title='bbox 3013 2180 3261 2245; x_wconf 74' lang='grc' dir='ltr'>εὐδοκίας</span> <span class='ocrx_word' id='word_1_449' title='bbox 3307 2181 3711 2251; x_wconf 69' lang='grc' dir='ltr'>ἐστεφάνωσας</span> 
     </span>
    </p>
   </div>
   <div class='ocr_carea' id='block_1_65' title="bbox 2110 2275 3712 2349">
    <p class='ocr_par' dir='ltr' id='par_1_65' title="bbox 2110 2275 3712 2349">
     <span class='ocr_line' id='line_1_66' title="bbox 2110 2275 3712 2349; baseline -0.002 -19"><span class='ocrx_word' id='word_1_450' title='bbox 2110 2280 2278 2349; x_wconf 79' lang='grc' dir='ltr'>ἡμᾶς.</span> <span class='ocrx_word' id='word_1_451' title='bbox 2314 2296 2332 2327; x_wconf 70' lang='grc' dir='ltr'><strong>ι</strong></span> <span class='ocrx_word' id='word_1_452' title='bbox 2400 2275 2612 2329; x_wconf 84' lang='grc' dir='ltr'><strong>Ταύτὸν</strong></span> <span class='ocrx_word' id='word_1_453' title='bbox 2659 2277 2724 2329; x_wconf 81' lang='grc' dir='ltr'><strong>ἂν</strong></span> <span class='ocrx_word' id='word_1_454' title='bbox 2770 2278 2856 2345; x_wconf 79' lang='grc' dir='ltr'><strong>εἴη</strong></span> <span class='ocrx_word' id='word_1_455' title='bbox 2882 2277 2990 2329; x_wconf 82' lang='grc' dir='ltr'><strong>τῶν</strong></span> <span class='ocrx_word' id='word_1_456' title='bbox 3020 2276 3243 2329; x_wconf 88' lang='grc' dir='ltr'>δικαίων</span> <span class='ocrx_word' id='word_1_457' title='bbox 3272 2276 3365 2328; x_wconf 75' lang='grc' dir='ltr'><strong>καὶ</strong></span> <span class='ocrx_word' id='word_1_458' title='bbox 3389 2275 3577 2339; x_wconf 80' lang='grc' dir='ltr'>ὅπλον,</span> <span class='ocrx_word' id='word_1_459' title='bbox 3602 2278 3712 2327; x_wconf 77' lang='grc' dir='ltr'>καὶ</span> 
     </span>
    </p>
   </div>
   <div class='ocr_carea' id='block_1_66' title="bbox 2114 2366 3709 2439">
    <p class='ocr_par' dir='ltr' id='par_1_66' title="bbox 2114 2366 3709 2439">
     <span class='ocr_line' id='line_1_67' title="bbox 2114 2366 3709 2439; baseline -0.001 -18"><span class='ocrx_word' id='word_1_460' title='bbox 2114 2370 2398 2438; x_wconf 88' lang='grc' dir='ltr'>στέφανος,</span> <span class='ocrx_word' id='word_1_461' title='bbox 2435 2368 2575 2422; x_wconf 77' lang='grc' dir='ltr'>ὥστε</span> <span class='ocrx_word' id='word_1_462' title='bbox 2598 2369 2689 2422; x_wconf 88' lang='grc' dir='ltr'><strong>τὸν</strong></span> <span class='ocrx_word' id='word_1_463' title='bbox 2708 2369 3103 2438; x_wconf 75' lang='grc' dir='ltr'>ὡπλησάμενον</span> <span class='ocrx_word' id='word_1_464' title='bbox 3148 2368 3356 2439; x_wconf 88' lang='grc' dir='ltr'>νοητῶς</span> <span class='ocrx_word' id='word_1_465' title='bbox 3390 2366 3709 2435; x_wconf 82' lang='grc' dir='ltr'>στεφανοῦ-</span> 
     </span>
    </p>
   </div>
   <div class='ocr_carea' id='block_1_67' title="bbox 2114 2459 3709 2532">
    <p class='ocr_par' dir='ltr' id='par_1_67' title="bbox 2114 2459 3709 2532">
     <span class='ocr_line' id='line_1_68' title="bbox 2114 2459 3709 2532; baseline -0.001 -18"><span class='ocrx_word' id='word_1_466' title='bbox 2114 2462 2239 2514; x_wconf 83' lang='grc' dir='ltr'>σθαι</span> <span class='ocrx_word' id='word_1_467' title='bbox 2277 2478 2290 2490; x_wconf 91' lang='grc'><strong>·</strong></span> <span class='ocrx_word' id='word_1_468' title='bbox 2328 2461 2422 2513; x_wconf 70' lang='grc' dir='ltr'>καὶ</span> <span class='ocrx_word' id='word_1_469' title='bbox 2452 2462 2558 2531; x_wconf 81' lang='grc' dir='ltr'>γὰρ</span> <span class='ocrx_word' id='word_1_470' title='bbox 2587 2461 2682 2514; x_wconf 73' lang='grc' dir='ltr'><strong>καὶ</strong></span> <span class='ocrx_word' id='word_1_471' title='bbox 2708 2459 2957 2530; x_wconf 87' lang='grc' dir='ltr'>Σολομὼν</span> <span class='ocrx_word' id='word_1_472' title='bbox 2991 2461 3182 2532; x_wconf 76' lang='grc' dir='ltr'>εἴρηκε</span> <span class='ocrx_word' id='word_1_473' title='bbox 3211 2476 3223 2489; x_wconf 87' lang='grc'><strong>·</strong></span> <span class='ocrx_word' id='word_1_474' title='bbox 3290 2480 3307 2513; x_wconf 85' lang='grc' dir='ltr'><strong>ι</strong></span> <span class='ocrx_word' id='word_1_475' title='bbox 3344 2461 3609 2531; x_wconf 82' lang='grc' dir='ltr'><strong>Στεφάνῳ</strong></span> <span class='ocrx_word' id='word_1_476' title='bbox 3642 2462 3709 2513; x_wconf 61' lang='grc' dir='ltr'>δὴ</span> 
     </span>
    </p>
   </div>
   <div class='ocr_carea' id='block_1_68' title="bbox 2111 2554 2913 2626">
    <p class='ocr_par' dir='ltr' id='par_1_68' title="bbox 2111 2554 2913 2626">
     <span class='ocr_line' id='line_1_69' title="bbox 2111 2554 2913 2626; baseline -0.004 -19"><span class='ocrx_word' id='word_1_477' title='bbox 2111 2554 2328 2626; x_wconf 78' lang='grc' dir='ltr'>τρυφῆς</span> <span class='ocrx_word' id='word_1_478' title='bbox 2362 2555 2696 2625; x_wconf 84' lang='grc' dir='ltr'>ὑπερασπιεῖ</span> <span class='ocrx_word' id='word_1_479' title='bbox 2728 2572 2843 2608; x_wconf 89' lang='grc' dir='ltr'>σου.</span> <span class='ocrx_word' id='word_1_480' title='bbox 2894 2573 2913 2604; x_wconf 76' lang='grc' dir='ltr'><strong>ι</strong></span> 
     </span>
    </p>
   </div>
   <div class='ocr_carea' id='block_1_69' title="bbox 2456 2644 3315 2714">
    <p class='ocr_par' dir='ltr' id='par_1_69' title="bbox 2456 2644 3315 2714">
     <span class='ocr_line' id='line_1_70' title="bbox 2456 2644 3315 2714; baseline -0.001 -16"><span class='ocrx_word' id='word_1_481' title='bbox 2456 2646 2627 2699; x_wconf 59' lang='lat' dir='ltr'><strong>mea</strong></span> <span class='ocrx_word' id='word_1_482' title='bbox 2650 2676 2718 2685; x_wconf 86' lang='grc'><strong><em>-</em></strong></span> <span class='ocrx_word' id='word_1_483' title='bbox 2734 2646 2989 2714; x_wconf 82' lang='grc' dir='ltr'><strong>ΘΕΡΙΝῼ</strong></span> <span class='ocrx_word' id='word_1_484' title='bbox 3021 2644 3315 2714; x_wconf 83' lang='grc' dir='ltr'>ΜΟΝΑΧῼ</span> 
     </span>
    </p>
   </div>
   <div class='ocr_carea' id='block_1_70' title="bbox 2185 2736 3710 2811">
    <p class='ocr_par' dir='ltr' id='par_1_70' title="bbox 2185 2736 3710 2811">
     <span class='ocr_line' id='line_1_71' title="bbox 2185 2736 3710 2811; baseline -0.002 -19"><span class='ocrx_word' id='word_1_485' title='bbox 2185 2741 2396 2811; x_wconf 84' lang='grc' dir='ltr'>’Ὠσπερ</span> <span class='ocrx_word' id='word_1_486' title='bbox 2454 2741 2502 2792; x_wconf 82' lang='lat' dir='ltr'><strong>oi</strong></span> <span class='ocrx_word' id='word_1_487' title='bbox 2550 2739 2691 2792; x_wconf 84' lang='grc' dir='ltr'>κατὰ</span> <span class='ocrx_word' id='word_1_488' title='bbox 2746 2740 2845 2807; x_wconf 78' lang='grc' dir='ltr'><strong>τὴν</strong></span> <span class='ocrx_word' id='word_1_489' title='bbox 2881 2738 3158 2792; x_wconf 85' lang='grc' dir='ltr'>θάλασσαν</span> <span class='ocrx_word' id='word_1_490' title='bbox 3195 2737 3517 2809; x_wconf 80' lang='grc' dir='ltr'>κακοῦργοι,</span> <span class='ocrx_word' id='word_1_491' title='bbox 3564 2736 3710 2789; x_wconf 78' lang='grc' dir='ltr'>ἔνθα</span> 
     </span>
    </p>
   </div>
   <div class='ocr_carea' id='block_1_71' title="bbox 2118 2833 3706 2907">
    <p class='ocr_par' dir='ltr' id='par_1_71' title="bbox 2118 2833 3706 2907">
     <span class='ocr_line' id='line_1_72' title="bbox 2118 2833 3706 2907; baseline -0.003 -18"><span class='ocrx_word' id='word_1_492' title='bbox 2118 2838 2215 2907; x_wconf 83' lang='grc' dir='ltr'><strong>μὲν</strong></span> <span class='ocrx_word' id='word_1_493' title='bbox 2247 2835 2402 2899; x_wconf 83' lang='grc' dir='ltr'>πόλις</span> <span class='ocrx_word' id='word_1_494' title='bbox 2431 2836 2598 2898; x_wconf 76' lang='grc' dir='ltr'>ἐστὶν,</span> <span class='ocrx_word' id='word_1_495' title='bbox 2624 2835 2656 2904; x_wconf 81' lang='grc' dir='ltr'><strong>ἦ</strong></span> <span class='ocrx_word' id='word_1_496' title='bbox 2684 2836 2946 2905; x_wconf 83' lang='grc' dir='ltr'>ὲπινήῖον,</span> <span class='ocrx_word' id='word_1_497' title='bbox 2978 2833 3011 2905; x_wconf 83' lang='grc' dir='ltr'>ἢ</span> <span class='ocrx_word' id='word_1_498' title='bbox 3042 2833 3229 2904; x_wconf 85' lang='grc' dir='ltr'>λιμὴν,</span> <span class='ocrx_word' id='word_1_499' title='bbox 3264 2834 3517 2904; x_wconf 81' lang='grc' dir='ltr'>οὐδαμῶς</span> <span class='ocrx_word' id='word_1_500' title='bbox 3569 2836 3706 2887; x_wconf 76' lang='grc' dir='ltr'>ἐπι-</span> 
     </span>
    </p>
   </div>
   <div class='ocr_carea' id='block_1_72' title="bbox 2114 2924 3706 2997">
    <p class='ocr_par' dir='ltr' id='par_1_72' title="bbox 2114 2924 3706 2997">
     <span class='ocr_line' id='line_1_73' title="bbox 2114 2924 3706 2997; baseline -0.001 -17"><span class='ocrx_word' id='word_1_501' title='bbox 2114 2927 2355 2990; x_wconf 82' lang='grc' dir='ltr'>τιθέντες</span> <span class='ocrx_word' id='word_1_502' title='bbox 2384 2930 2493 2989; x_wconf 85' lang='grc' dir='ltr'>τοῖς</span> <span class='ocrx_word' id='word_1_503' title='bbox 2522 2926 2795 2988; x_wconf 81' lang='grc' dir='ltr'>πλέουσιν,</span> <span class='ocrx_word' id='word_1_504' title='bbox 2832 2926 2990 2979; x_wconf 77' lang='grc' dir='ltr'>τοῦτο</span> <span class='ocrx_word' id='word_1_505' title='bbox 3011 2926 3119 2995; x_wconf 87' lang='grc' dir='ltr'>γὰρ</span> <span class='ocrx_word' id='word_1_506' title='bbox 3150 2926 3328 2997; x_wconf 80' lang='grc' dir='ltr'>μάτην</span> <span class='ocrx_word' id='word_1_507' title='bbox 3368 2924 3433 2979; x_wconf 80' lang='grc' dir='ltr'><strong>ἂν</strong></span> <span class='ocrx_word' id='word_1_508' title='bbox 3458 2925 3545 2996; x_wconf 73' lang='grc' dir='ltr'>εἴη</span> <span class='ocrx_word' id='word_1_509' title='bbox 3574 2944 3706 2979; x_wconf 80' lang='grc' dir='ltr'>κιν-</span> 
     </span>
    </p>
   </div>
   <div class='ocr_carea' id='block_1_73' title="bbox 2114 3015 3706 3087">
    <p class='ocr_par' dir='ltr' id='par_1_73' title="bbox 2114 3015 3706 3087">
     <span class='ocr_line' id='line_1_74' title="bbox 2114 3015 3706 3087; baseline -0.001 -16"><span class='ocrx_word' id='word_1_510' title='bbox 2114 3018 2354 3071; x_wconf 80' lang='grc' dir='ltr'>δυνεύειν</span> <span class='ocrx_word' id='word_1_511' title='bbox 2374 3034 2386 3048; x_wconf 89' lang='grc'><strong>·</strong></span> <span class='ocrx_word' id='word_1_512' title='bbox 2422 3019 2516 3070; x_wconf 75' lang='grc' dir='ltr'>ἐὰν</span> <span class='ocrx_word' id='word_1_513' title='bbox 2537 3018 2595 3070; x_wconf 81' lang='grc' dir='ltr'>δὲ</span> <span class='ocrx_word' id='word_1_514' title='bbox 2626 3020 2681 3070; x_wconf 83' lang='grc' dir='ltr'>ὲν</span> <span class='ocrx_word' id='word_1_515' title='bbox 2712 3017 2860 3087; x_wconf 82' lang='grc' dir='ltr'>μέσῳ</span> <span class='ocrx_word' id='word_1_516' title='bbox 2889 3015 2967 3086; x_wconf 81' lang='grc' dir='ltr'>τῷ</span> <span class='ocrx_word' id='word_1_517' title='bbox 2984 3017 3211 3085; x_wconf 84' lang='grc' dir='ltr'>πελάγει</span> <span class='ocrx_word' id='word_1_518' title='bbox 3236 3016 3295 3069; x_wconf 90' lang='grc' dir='ltr'><strong>τὸ</strong></span> <span class='ocrx_word' id='word_1_519' title='bbox 3322 3017 3529 3086; x_wconf 82' lang='grc' dir='ltr'>σκάφος</span> <span class='ocrx_word' id='word_1_520' title='bbox 3556 3018 3706 3069; x_wconf 83' lang='grc' dir='ltr'>ἀπο-</span> 
     </span>
    </p>
   </div>
   <div class='ocr_carea' id='block_1_74' title="bbox 2034 3092 3707 3179">
    <p class='ocr_par' dir='ltr' id='par_1_74' title="bbox 2034 3092 3707 3179">
     <span class='ocr_line' id='line_1_75' title="bbox 2034 3092 3707 3179; baseline -0.001 -18"><span class='ocrx_word' id='word_1_521' title='bbox 2034 3092 2075 3148; x_wconf 78' lang='lat' dir='ltr'><strong>C</strong></span> <span class='ocrx_word' id='word_1_522' title='bbox 2116 3110 2371 3173; x_wconf 77' lang='grc' dir='ltr'>λάϐωσιν,</span> <span class='ocrx_word' id='word_1_523' title='bbox 2405 3110 2612 3177; x_wconf 80' lang='grc' dir='ltr'>ἐφόδιον</span> <span class='ocrx_word' id='word_1_524' title='bbox 2641 3110 2857 3179; x_wconf 77' lang='grc' dir='ltr'>ἔχοντες</span> <span class='ocrx_word' id='word_1_525' title='bbox 2885 3110 2984 3179; x_wconf 85' lang='grc' dir='ltr'><strong>τὴν</strong></span> <span class='ocrx_word' id='word_1_526' title='bbox 3013 3108 3123 3161; x_wconf 87' lang='grc' dir='ltr'><strong>τῶν</strong></span> <span class='ocrx_word' id='word_1_527' title='bbox 3150 3108 3526 3179; x_wconf 79' lang='grc' dir='ltr'>βοηθησόντων</span> <span class='ocrx_word' id='word_1_528' title='bbox 3565 3110 3707 3178; x_wconf 76' lang='grc' dir='ltr'>ἐρη-</span> 
     </span>
    </p>
   </div>
   <div class='ocr_carea' id='block_1_75' title="bbox 2117 3203 3704 3274">
    <p class='ocr_par' dir='ltr' id='par_1_75' title="bbox 2117 3203 3704 3274">
     <span class='ocr_line' id='line_1_76' title="bbox 2117 3203 3704 3274; baseline 0.001 -18"><span class='ocrx_word' id='word_1_529' title='bbox 2117 3204 2266 3274; x_wconf 81' lang='grc' dir='ltr'>μίαν,</span> <span class='ocrx_word' id='word_1_530' title='bbox 2294 3204 2475 3257; x_wconf 85' lang='grc' dir='ltr'>πάντα</span> <span class='ocrx_word' id='word_1_531' title='bbox 2509 3204 2739 3266; x_wconf 81' lang='grc' dir='ltr'>κινοῦσι,</span> <span class='ocrx_word' id='word_1_532' title='bbox 2769 3203 2863 3256; x_wconf 77' lang='grc' dir='ltr'><strong>καὶ</strong></span> <span class='ocrx_word' id='word_1_533' title='bbox 2905 3203 3249 3274; x_wconf 82' lang='grc' dir='ltr'>στρέφουσιν,</span> <span class='ocrx_word' id='word_1_534' title='bbox 3286 3203 3383 3255; x_wconf 77' lang='grc' dir='ltr'><strong>καὶ</strong></span> <span class='ocrx_word' id='word_1_535' title='bbox 3424 3203 3485 3256; x_wconf 89' lang='grc' dir='ltr'><strong>οὐ</strong></span> <span class='ocrx_word' id='word_1_536' title='bbox 3544 3205 3704 3272; x_wconf 82' lang='grc' dir='ltr'>πρό-</span> 
     </span>
    </p>
   </div>
   <div class='ocr_carea' id='block_1_76' title="bbox 2112 3292 3701 3364">
    <p class='ocr_par' dir='ltr' id='par_1_76' title="bbox 2112 3292 3701 3364">
     <span class='ocr_line' id='line_1_77' title="bbox 2112 3292 3701 3364; baseline -0.001 -17"><span class='ocrx_word' id='word_1_537' title='bbox 2112 3312 2270 3364; x_wconf 86' lang='grc' dir='ltr'>τερον</span> <span class='ocrx_word' id='word_1_538' title='bbox 2293 3294 2643 3363; x_wconf 83' lang='grc' dir='ltr'>ἀφίστανται,</span> <span class='ocrx_word' id='word_1_539' title='bbox 2668 3294 2772 3356; x_wconf 77' lang='grc' dir='ltr'>ἕως</span> <span class='ocrx_word' id='word_1_540' title='bbox 2803 3292 2868 3345; x_wconf 86' lang='grc' dir='ltr'><strong>ἂν</strong></span> <span class='ocrx_word' id='word_1_541' title='bbox 2897 3294 2928 3362; x_wconf 83' lang='grc' dir='ltr'>ἢ</span> <span class='ocrx_word' id='word_1_542' title='bbox 2966 3293 3308 3345; x_wconf 87' lang='grc' dir='ltr'>καταδύσωσι</span> <span class='ocrx_word' id='word_1_543' title='bbox 3331 3293 3459 3351; x_wconf 80' lang='grc' dir='ltr'>τοὺς</span> <span class='ocrx_word' id='word_1_544' title='bbox 3486 3293 3701 3364; x_wconf 77' lang='grc' dir='ltr'>ἐμπλέ-</span> 
     </span>
    </p>
   </div>
   <div class='ocr_carea' id='block_1_77' title="bbox 2112 3384 3704 3455">
    <p class='ocr_par' dir='ltr' id='par_1_77' title="bbox 2112 3384 3704 3455">
     <span class='ocr_line' id='line_1_78' title="bbox 2112 3384 3704 3455; baseline -0.001 -16"><span class='ocrx_word' id='word_1_545' title='bbox 2112 3387 2349 3455; x_wconf 81' lang='grc' dir='ltr'>οντας,ἢ</span> <span class='ocrx_word' id='word_1_546' title='bbox 2384 3384 2541 3437; x_wconf 79' lang='grc' dir='ltr'>τοῦτο</span> <span class='ocrx_word' id='word_1_547' title='bbox 2576 3384 2823 3438; x_wconf 83' lang='grc' dir='ltr'>πάθωσιν</span> <span class='ocrx_word' id='word_1_548' title='bbox 2853 3385 3006 3437; x_wconf 89' lang='grc' dir='ltr'>αὐτοί</span> <span class='ocrx_word' id='word_1_549' title='bbox 3044 3400 3057 3414; x_wconf 84' lang='grc'><em>’</em></span> <span class='ocrx_word' id='word_1_550' title='bbox 3098 3384 3270 3447; x_wconf 75' lang='grc' dir='ltr'>οὕτως</span> <span class='ocrx_word' id='word_1_551' title='bbox 3296 3386 3392 3439; x_wconf 77' lang='grc' dir='ltr'><strong>καὶ</strong></span> <span class='ocrx_word' id='word_1_552' title='bbox 3441 3386 3469 3438; x_wconf 84' lang='grc' dir='ltr'>ὁ</span> <span class='ocrx_word' id='word_1_553' title='bbox 3517 3386 3704 3449; x_wconf 83' lang='grc' dir='ltr'>δεινὸς</span> 
     </span>
    </p>
   </div>
   <div class='ocr_carea' id='block_1_78' title="bbox 2111 3476 3704 3549">
    <p class='ocr_par' dir='ltr' id='par_1_78' title="bbox 2111 3476 3704 3549">
     <span class='ocr_line' id='line_1_79' title="bbox 2111 3476 3704 3549; baseline -0.001 -18"><span class='ocrx_word' id='word_1_554' title='bbox 2111 3479 2210 3549; x_wconf 84' lang='grc' dir='ltr'><strong>τῆς</strong></span> <span class='ocrx_word' id='word_1_555' title='bbox 2235 3478 2426 3549; x_wconf 79' lang='grc' dir='ltr'>ἡδονῆς</span> <span class='ocrx_word' id='word_1_556' title='bbox 2454 3478 2756 3547; x_wconf 85' lang='grc' dir='ltr'>πειρασμὸς</span> <span class='ocrx_word' id='word_1_557' title='bbox 2775 3476 2852 3546; x_wconf 81' lang='grc' dir='ltr'>τῷ</span> <span class='ocrx_word' id='word_1_558' title='bbox 2877 3477 3244 3547; x_wconf 79' lang='grc' dir='ltr'>προῃρημένῳ</span> <span class='ocrx_word' id='word_1_559' title='bbox 3268 3479 3366 3549; x_wconf 85' lang='grc' dir='ltr'>τὴν</span> <span class='ocrx_word' id='word_1_560' title='bbox 3396 3478 3704 3547; x_wconf 85' lang='grc' dir='ltr'>παρθενίαν</span> 
     </span>
    </p>
   </div>
   <div class='ocr_carea' id='block_1_79' title="bbox 2113 3564 3699 3637">
    <p class='ocr_par' dir='ltr' id='par_1_79' title="bbox 2113 3564 3699 3637">
     <span class='ocr_line' id='line_1_80' title="bbox 2113 3564 3699 3637; baseline -0.002 -15"><span class='ocrx_word' id='word_1_561' title='bbox 2113 3569 2279 3623; x_wconf 71' lang='grc' dir='ltr'>πολὺν</span> <span class='ocrx_word' id='word_1_562' title='bbox 2313 3569 2507 3636; x_wconf 77' lang='grc' dir='ltr'>ἐπάγει</span> <span class='ocrx_word' id='word_1_563' title='bbox 2536 3570 2626 3620; x_wconf 85' lang='grc' dir='ltr'><strong>τὸν</strong></span> <span class='ocrx_word' id='word_1_564' title='bbox 2666 3566 2932 3637; x_wconf 85' lang='grc' dir='ltr'>χειμῶνα,</span> <span class='ocrx_word' id='word_1_565' title='bbox 2974 3566 3070 3619; x_wconf 74' lang='grc' dir='ltr'><strong>καὶ</strong></span> <span class='ocrx_word' id='word_1_566' title='bbox 3098 3564 3338 3635; x_wconf 80' lang='grc' dir='ltr'>χαλεπὴν</span> <span class='ocrx_word' id='word_1_567' title='bbox 3364 3566 3462 3637; x_wconf 82' lang='grc' dir='ltr'>τὴν</span> <span class='ocrx_word' id='word_1_568' title='bbox 3497 3567 3699 3635; x_wconf 75' lang='grc' dir='ltr'>ζάλην,</span> 
     </span>
    </p>
   </div>
   <div class='ocr_carea' id='block_1_80' title="bbox 2112 3658 3703 3732">
    <p class='ocr_par' dir='ltr' id='par_1_80' title="bbox 2112 3658 3703 3732">
     <span class='ocr_line' id='line_1_81' title="bbox 2112 3658 3703 3732; baseline -0.002 -17"><span class='ocrx_word' id='word_1_569' title='bbox 2112 3665 2205 3715; x_wconf 73' lang='grc' dir='ltr'><strong>καὶ</strong></span> <span class='ocrx_word' id='word_1_570' title='bbox 2231 3662 2536 3732; x_wconf 78' lang='grc' dir='ltr'>ἀφορήτους</span> <span class='ocrx_word' id='word_1_571' title='bbox 2564 3660 2663 3722; x_wconf 83' lang='grc' dir='ltr'>τὰς</span> <span class='ocrx_word' id='word_1_572' title='bbox 2688 3658 3003 3730; x_wconf 85' lang='grc' dir='ltr'>τρικυμίας,</span> <span class='ocrx_word' id='word_1_573' title='bbox 3036 3660 3213 3711; x_wconf 84' lang='grc' dir='ltr'>πάντα</span> <span class='ocrx_word' id='word_1_574' title='bbox 3236 3660 3346 3713; x_wconf 77' lang='grc' dir='ltr'>ἄνω</span> <span class='ocrx_word' id='word_1_575' title='bbox 3392 3661 3484 3712; x_wconf 83' lang='grc' dir='ltr'><strong>καὶ</strong></span> <span class='ocrx_word' id='word_1_576' title='bbox 3542 3661 3703 3712; x_wconf 88' lang='grc' dir='ltr'>κάτω</span> 
     </span>
    </p>
   </div>
   <div class='ocr_carea' id='block_1_81' title="bbox 2113 3746 3702 3821">
    <p class='ocr_par' dir='ltr' id='par_1_81' title="bbox 2113 3746 3702 3821">
     <span class='ocr_line' id='line_1_82' title="bbox 2113 3746 3702 3821; baseline -0.003 -16"><span class='ocrx_word' id='word_1_577' title='bbox 2113 3753 2299 3815; x_wconf 83' lang='grc' dir='ltr'>κινῶν,</span> <span class='ocrx_word' id='word_1_578' title='bbox 2323 3752 2462 3805; x_wconf 84' lang='grc' dir='ltr'>ὥστε</span> <span class='ocrx_word' id='word_1_579' title='bbox 2484 3754 2548 3821; x_wconf 84' lang='grc' dir='ltr'>τῇ</span> <span class='ocrx_word' id='word_1_580' title='bbox 2576 3750 2665 3821; x_wconf 80' lang='grc' dir='ltr'><strong>βίᾳ</strong></span> <span class='ocrx_word' id='word_1_581' title='bbox 2693 3749 2786 3801; x_wconf 75' lang='grc' dir='ltr'><strong>καὶ</strong></span> <span class='ocrx_word' id='word_1_582' title='bbox 2815 3750 2880 3818; x_wconf 81' lang='grc' dir='ltr'>τῇ</span> <span class='ocrx_word' id='word_1_583' title='bbox 2904 3747 3053 3818; x_wconf 80' lang='grc' dir='ltr'>ῥύμῃ</span> <span class='ocrx_word' id='word_1_584' title='bbox 3082 3747 3443 3816; x_wconf 69' lang='grc' dir='ltr'>περιστρέψαι</span> <span class='ocrx_word' id='word_1_585' title='bbox 3468 3746 3530 3799; x_wconf 85' lang='grc' dir='ltr'><strong>τὸ</strong></span> <span class='ocrx_word' id='word_1_586' title='bbox 3558 3748 3702 3800; x_wconf 80' lang='grc' dir='ltr'>σκά-</span> 
     </span>
    </p>
   </div>
   <div class='ocr_carea' id='block_1_82' title="bbox 2116 3838 3705 3914">
    <p class='ocr_par' dir='ltr' id='par_1_82' title="bbox 2116 3838 3705 3914">
     <span class='ocr_line' id='line_1_83' title="bbox 2116 3838 3705 3914; baseline -0.004 -17"><span class='ocrx_word' id='word_1_587' title='bbox 2116 3864 2233 3914; x_wconf 86' lang='grc' dir='ltr'>φος.</span> <span class='ocrx_word' id='word_1_588' title='bbox 2268 3846 2506 3897; x_wconf 82' lang='grc' dir='ltr'>Ἤκουσε</span> <span class='ocrx_word' id='word_1_589' title='bbox 2535 3843 2664 3912; x_wconf 85' lang='grc' dir='ltr'>γὰρ,</span> <span class='ocrx_word' id='word_1_590' title='bbox 2693 3843 2775 3894; x_wconf 82' lang='grc' dir='ltr'><strong>ὅτι</strong></span> <span class='ocrx_word' id='word_1_591' title='bbox 2812 3842 2839 3894; x_wconf 88' lang='grc' dir='ltr'>ὁ</span> <span class='ocrx_word' id='word_1_592' title='bbox 2876 3840 3108 3910; x_wconf 84' lang='grc' dir='ltr'>μοναχὸς</span> <span class='ocrx_word' id='word_1_593' title='bbox 3144 3839 3245 3892; x_wconf 86' lang='grc' dir='ltr'><strong>οὐκ</strong></span> <span class='ocrx_word' id='word_1_594' title='bbox 3282 3838 3394 3908; x_wconf 74' lang='grc' dir='ltr'>ἔχει</span> <span class='ocrx_word' id='word_1_595' title='bbox 3444 3839 3705 3903; x_wconf 76' lang='grc' dir='ltr'>ἐξουσίαν</span> 
     </span>
    </p>
   </div>
   <div class='ocr_carea' id='block_1_83' title="bbox 2113 3928 3700 4006">
    <p class='ocr_par' dir='ltr' id='par_1_83' title="bbox 2113 3928 3700 4006">
     <span class='ocr_line' id='line_1_84' title="bbox 2113 3928 3700 4006; baseline -0.004 -18"><span class='ocrx_word' id='word_1_596' title='bbox 2113 3937 2387 4006; x_wconf 75' lang='grc' dir='ltr'>γαμῆσαι,</span> <span class='ocrx_word' id='word_1_597' title='bbox 2429 3935 2522 3987; x_wconf 81' lang='grc' dir='ltr'><strong>καὶ</strong></span> <span class='ocrx_word' id='word_1_598' title='bbox 2562 3932 2812 4002; x_wconf 82' lang='grc' dir='ltr'>καθάπερ</span> <span class='ocrx_word' id='word_1_599' title='bbox 2850 3931 3031 4000; x_wconf 84' lang='grc' dir='ltr'>λιμένι</span> <span class='ocrx_word' id='word_1_600' title='bbox 3073 3928 3578 4000; x_wconf 82' lang='grc' dir='ltr'>ἐγκαθορμισθῆναι</span> <span class='ocrx_word' id='word_1_601' title='bbox 3627 3933 3700 4000; x_wconf 81' lang='grc' dir='ltr'>τῇ</span> 
     </span>
    </p>
   </div>
   <div class='ocr_carea' id='block_1_84' title="bbox 2117 4022 3698 4100">
    <p class='ocr_par' dir='ltr' id='par_1_84' title="bbox 2117 4022 3698 4100">
     <span class='ocr_line' id='line_1_85' title="bbox 2117 4022 3698 4100; baseline -0.006 -18"><span class='ocrx_word' id='word_1_602' title='bbox 2117 4032 2308 4100; x_wconf 82' lang='grc' dir='ltr'>χρήσει</span> <span class='ocrx_word' id='word_1_603' title='bbox 2333 4032 2430 4098; x_wconf 80' lang='grc' dir='ltr'><strong>τῆς</strong></span> <span class='ocrx_word' id='word_1_604' title='bbox 2477 4026 2695 4097; x_wconf 80' lang='grc' dir='ltr'>μίξεως.</span> <span class='ocrx_word' id='word_1_605' title='bbox 2723 4024 2837 4077; x_wconf 83' lang='grc' dir='ltr'>ἀλλ’</span> <span class='ocrx_word' id='word_1_606' title='bbox 2870 4025 3084 4093; x_wconf 79' lang='grc' dir='ltr'>ἀνάγκη</span> <span class='ocrx_word' id='word_1_607' title='bbox 3132 4023 3197 4075; x_wconf 86' lang='grc' dir='ltr'>δι’</span> <span class='ocrx_word' id='word_1_608' title='bbox 3240 4023 3362 4074; x_wconf 85' lang='grc' dir='ltr'>ὅλου</span> <span class='ocrx_word' id='word_1_609' title='bbox 3414 4022 3698 4085; x_wconf 82' lang='grc' dir='ltr'>παλαίειν,</span> 
     </span>
    </p>
   </div>
   <div class='ocr_carea' id='block_1_85' title="bbox 2118 4113 3701 4192">
    <p class='ocr_par' dir='ltr' id='par_1_85' title="bbox 2118 4113 3701 4192">
     <span class='ocr_line' id='line_1_86' title="bbox 2118 4113 3701 4192; baseline -0.006 -16"><span class='ocrx_word' id='word_1_610' title='bbox 2118 4124 2213 4176; x_wconf 66' lang='grc' dir='ltr'><strong>καλ⁹</strong></span> <span class='ocrx_word' id='word_1_611' title='bbox 2246 4121 2512 4192; x_wconf 84' lang='grc' dir='ltr'>μάχεσθαι</span> <span class='ocrx_word' id='word_1_612' title='bbox 2541 4118 2675 4190; x_wconf 85' lang='grc' dir='ltr'>πρὸς</span> <span class='ocrx_word' id='word_1_613' title='bbox 2697 4119 2822 4180; x_wconf 82' lang='grc' dir='ltr'>τοὺς</span> <span class='ocrx_word' id='word_1_614' title='bbox 2837 4118 2957 4177; x_wconf 82' lang='grc' dir='ltr'>ταῖς</span> <span class='ocrx_word' id='word_1_615' title='bbox 2984 4115 3338 4185; x_wconf 81' lang='grc' dir='ltr'>ἡδυπαθείαις</span> <span class='ocrx_word' id='word_1_616' title='bbox 3374 4114 3473 4184; x_wconf 83' lang='grc' dir='ltr'>τὴν</span> <span class='ocrx_word' id='word_1_617' title='bbox 3511 4113 3701 4184; x_wconf 72' lang='grc' dir='ltr'>ψυχὴν</span> 
     </span>
    </p>
   </div>
   <div class='ocr_carea' id='block_1_86' title="bbox 2117 4205 3704 4287">
    <p class='ocr_par' dir='ltr' id='par_1_86' title="bbox 2117 4205 3704 4287">
     <span class='ocr_line' id='line_1_87' title="bbox 2117 4205 3704 4287; baseline -0.006 -18"><span class='ocrx_word' id='word_1_618' title='bbox 2117 4216 2456 4287; x_wconf 74' lang='grc' dir='ltr'>ἐρεθίζοντας</span> <span class='ocrx_word' id='word_1_619' title='bbox 2484 4213 2761 4282; x_wconf 88' lang='grc' dir='ltr'>δαίμονας.</span> <span class='ocrx_word' id='word_1_620' title='bbox 2794 4211 2884 4281; x_wconf 83' lang='grc' dir='ltr'><strong>Μὴ</strong></span> <span class='ocrx_word' id='word_1_621' title='bbox 2921 4205 3013 4263; x_wconf 80' lang='grc' dir='ltr'><strong>οὖν</strong></span> <span class='ocrx_word' id='word_1_622' title='bbox 3048 4206 3381 4278; x_wconf 81' lang='grc' dir='ltr'>ξενιξώμεθα</span> <span class='ocrx_word' id='word_1_623' title='bbox 3423 4207 3704 4277; x_wconf 84' lang='grc' dir='ltr'>πολεμού-</span> 
     </span>
    </p>
   </div>
   <div class='ocr_carea' id='block_1_87' title="bbox 2121 4300 3701 4379">
    <p class='ocr_par' dir='ltr' id='par_1_87' title="bbox 2121 4300 3701 4379">
     <span class='ocr_line' id='line_1_88' title="bbox 2121 4300 3701 4379; baseline -0.006 -19"><span class='ocrx_word' id='word_1_624' title='bbox 2121 4326 2291 4379; x_wconf 89' lang='grc' dir='ltr'>μενοι,</span> <span class='ocrx_word' id='word_1_625' title='bbox 2348 4308 2480 4377; x_wconf 82' lang='grc' dir='ltr'>μηδὲ</span> <span class='ocrx_word' id='word_1_626' title='bbox 2505 4306 2877 4373; x_wconf 84' lang='grc' dir='ltr'>ἁποκάμωμεν</span> <span class='ocrx_word' id='word_1_627' title='bbox 2943 4300 3079 4373; x_wconf 90' lang='grc' dir='ltr'>πρὸς</span> <span class='ocrx_word' id='word_1_628' title='bbox 3128 4301 3227 4371; x_wconf 82' lang='grc' dir='ltr'>τὴν</span> <span class='ocrx_word' id='word_1_629' title='bbox 3266 4302 3462 4370; x_wconf 85' lang='grc' dir='ltr'>μάχην,</span> <span class='ocrx_word' id='word_1_630' title='bbox 3494 4300 3701 4369; x_wconf 77' lang='grc' dir='ltr'>ἔχομεν</span> 
     </span>
    </p>
   </div>
   <div class='ocr_carea' id='block_1_88' title="bbox 434 4374 2012 4471">
    <p class='ocr_par' dir='ltr' id='par_1_88' title="bbox 434 4374 2011 4443">
     <span class='ocr_line' id='line_1_89' title="bbox 434 4374 2011 4443; baseline -0.002 -14"><span class='ocrx_word' id='word_1_631' title='bbox 434 4376 720 4439; x_wconf 85' lang='lat' dir='ltr'><strong>miremur,</strong></span> <span class='ocrx_word' id='word_1_632' title='bbox 762 4376 807 4429; x_wconf 92' lang='lat' dir='ltr'><strong>si</strong></span> <span class='ocrx_word' id='word_1_633' title='bbox 855 4375 998 4429; x_wconf 89' lang='lat' dir='ltr'><strong>bello</strong></span> <span class='ocrx_word' id='word_1_634' title='bbox 1037 4374 1368 4443; x_wconf 88' lang='lat' dir='ltr'><strong>impetimur;</strong></span> <span class='ocrx_word' id='word_1_635' title='bbox 1423 4390 1599 4443; x_wconf 89' lang='lat' dir='ltr'><strong>neque</strong></span> <span class='ocrx_word' id='word_1_636' title='bbox 1649 4375 1715 4428; x_wconf 87' lang='lat' dir='ltr'><strong>ad</strong></span> <span class='ocrx_word' id='word_1_637' title='bbox 1774 4390 2011 4443; x_wconf 79' lang='lat' dir='ltr'><strong>pugnam</strong></span> 
     </span>
    </p>
   </div>
   <div class='ocr_carea' id='block_1_89' title="bbox 2125 4374 3698 4471">
    <p class='ocr_par' dir='ltr' id='par_1_89' title="bbox 2125 4374 3698 4471">
     <span class='ocr_line' id='line_1_90' title="bbox 2125 4374 3698 4471; baseline -0.006 -17"><span class='ocrx_word' id='word_1_638' title='bbox 2125 4374 2225 4471; x_wconf 75' lang='grc' dir='ltr'>γὰρ</span> <span class='ocrx_word' id='word_1_639' title='bbox 2268 4374 2440 4469; x_wconf 76' lang='grc' dir='ltr'>μέγαν</span> <span class='ocrx_word' id='word_1_640' title='bbox 2463 4394 2873 4468; x_wconf 85' lang='grc' dir='ltr'>ὑπερασπιστὴν</span> <span class='ocrx_word' id='word_1_641' title='bbox 2897 4394 2959 4447; x_wconf 87' lang='grc' dir='ltr'><strong>τὸ</strong></span> <span class='ocrx_word' id='word_1_642' title='bbox 2988 4393 3251 4461; x_wconf 86' lang='grc' dir='ltr'>πανάγιον</span> <span class='ocrx_word' id='word_1_643' title='bbox 3283 4392 3526 4462; x_wconf 77' lang='grc' dir='ltr'>Πνεῦμα,</span> <span class='ocrx_word' id='word_1_644' title='bbox 3547 4393 3617 4444; x_wconf 80' lang='grc' dir='ltr'>δι’</span> <span class='ocrx_word' id='word_1_645' title='bbox 3636 4386 3698 4445; x_wconf 79' lang='grc' dir='ltr'>οὗ</span> 
     </span>
    </p>
   </div>
   <div class='ocr_carea' id='block_1_90' title="bbox 435 4463 2012 4563">
    <p class='ocr_par' dir='ltr' id='par_1_90' title="bbox 435 4463 2012 4535">
     <span class='ocr_line' id='line_1_91' title="bbox 435 4463 2012 4535; baseline -0.002 -16"><span class='ocrx_word' id='word_1_646' title='bbox 435 4466 673 4519; x_wconf 86' lang='lat' dir='ltr'><strong>animum</strong></span> <span class='ocrx_word' id='word_1_647' title='bbox 736 4465 1194 4535; x_wconf 88' lang='lat' dir='ltr'><strong>despondeamns.</strong></span> <span class='ocrx_word' id='word_1_648' title='bbox 1254 4463 1528 4519; x_wconf 89' lang='lat' dir='ltr'><strong>Ilabcmus</strong></span> <span class='ocrx_word' id='word_1_649' title='bbox 1577 4464 1723 4517; x_wconf 87' lang='lat' dir='ltr'><strong>enim</strong></span> <span class='ocrx_word' id='word_1_650' title='bbox 1758 4478 2012 4533; x_wconf 85' lang='lat' dir='ltr'><strong>magnum</strong></span> 
     </span>
    </p>
   </div>
   <div class='ocr_carea' id='block_1_91' title="bbox 2125 4463 3697 4563">
    <p class='ocr_par' dir='ltr' id='par_1_91' title="bbox 2125 4463 3697 4563">
     <span class='ocr_line' id='line_1_92' title="bbox 2125 4463 3697 4563; baseline -0.006 -18"><span class='ocrx_word' id='word_1_651' title='bbox 2125 4463 2456 4563; x_wconf 30' lang='lat' dir='ltr'><strong>iuqudp‘sea</strong></span> <span class='ocrx_word' id='word_1_652' title='bbox 2512 4463 2691 4543; x_wconf 87' lang='grc' dir='ltr'>πάντα</span> <span class='ocrx_word' id='word_1_653' title='bbox 2729 4463 2841 4541; x_wconf 22' lang='grc' dir='ltr'>τοῦ*</span> <span class='ocrx_word' id='word_1_654' title='bbox 2883 4485 3129 4539; x_wconf 81' lang='grc' dir='ltr'>διαϐόλου</span> <span class='ocrx_word' id='word_1_655' title='bbox 3180 4485 3250 4537; x_wconf 84' lang='grc' dir='ltr'>τὰ</span> <span class='ocrx_word' id='word_1_656' title='bbox 3315 4484 3697 4553; x_wconf 82' lang='grc' dir='ltr'>πεπυρωμένα</span> 
     </span>
    </p>
   </div>
   <div class='ocr_carea' id='block_1_92' title="bbox 433 4556 2019 4629">
    <p class='ocr_par' dir='ltr' id='par_1_92' title="bbox 433 4556 2019 4629">
     <span class='ocr_line' id='line_1_93' title="bbox 433 4556 2019 4629; baseline -0.002 -18"><span class='ocrx_word' id='word_1_657' title='bbox 433 4559 785 4614; x_wconf 69' lang='lat' dir='ltr'><strong>defensorem</strong></span> <span class='ocrx_word' id='word_1_658' title='bbox 832 4572 896 4611; x_wconf 87' lang='lat' dir='ltr'><strong>ac</strong></span> <span class='ocrx_word' id='word_1_659' title='bbox 927 4557 1204 4612; x_wconf 88' lang='lat' dir='ltr'><strong>vindicem</strong></span> <span class='ocrx_word' id='word_1_660' title='bbox 1264 4556 1533 4628; x_wconf 82' lang='lat' dir='ltr'><strong>Spiritum</strong></span> <span class='ocrx_word' id='word_1_661' title='bbox 1592 4569 1864 4619; x_wconf 83' lang='lat' dir='ltr'><strong>sanctum,</strong></span> <span class='ocrx_word' id='word_1_662' title='bbox 1922 4570 2019 4629; x_wconf 86' lang='lat' dir='ltr'><strong>per</strong></span> 
     </span>
    </p>
   </div>
   <div class='ocr_carea' id='block_1_93' title="bbox 433 4646 2020 4720">
    <p class='ocr_par' dir='ltr' id='par_1_93' title="bbox 433 4646 2020 4720">
     <span class='ocr_line' id='line_1_94' title="bbox 433 4646 2020 4720; baseline -0.003 -17"><span class='ocrx_word' id='word_1_663' title='bbox 433 4666 594 4720; x_wconf 91' lang='lat' dir='ltr'><strong>quem</strong></span> <span class='ocrx_word' id='word_1_664' title='bbox 631 4649 932 4720; x_wconf 87' lang='lat' dir='ltr'><strong>poterimus</strong></span> <span class='ocrx_word' id='word_1_665' title='bbox 978 4650 1187 4704; x_wconf 85' lang='lat' dir='ltr'><strong>diaboli</strong></span> <span class='ocrx_word' id='word_1_666' title='bbox 1239 4650 1422 4705; x_wconf 85' lang='lat' dir='ltr'><strong>omnia</strong></span> <span class='ocrx_word' id='word_1_667' title='bbox 1462 4649 1829 4704; x_wconf 86' lang='lat' dir='ltr'><strong>obscenarum</strong></span> <span class='ocrx_word' id='word_1_668' title='bbox 1863 4646 2020 4714; x_wconf 90' lang='lat' dir='ltr'><strong>cupi-</strong></span> 
     </span>
    </p>
   </div>
   <div class='ocr_carea' id='block_1_94' title="bbox 433 4737 2023 4811">
    <p class='ocr_par' dir='ltr' id='par_1_94' title="bbox 433 4737 2023 4811">
     <span class='ocr_line' id='line_1_95' title="bbox 433 4737 2023 4811; baseline -0.004 -15"><span class='ocrx_word' id='word_1_669' title='bbox 433 4744 663 4797; x_wconf 90' lang='lat' dir='ltr'><strong>ditatum</strong></span> <span class='ocrx_word' id='word_1_670' title='bbox 703 4741 871 4810; x_wconf 79' lang='lat' dir='ltr'><strong>ignita</strong></span> <span class='ocrx_word' id='word_1_671' title='bbox 909 4742 1117 4811; x_wconf 87' lang='lat' dir='ltr'><strong>jacula,</strong></span> <span class='ocrx_word' id='word_1_672' title='bbox 1161 4752 1217 4796; x_wconf 83' lang='lat' dir='ltr'><strong>et</strong></span> <span class='ocrx_word' id='word_1_673' title='bbox 1265 4741 1451 4795; x_wconf 88' lang='lat' dir='ltr'><strong>carnis</strong></span> <span class='ocrx_word' id='word_1_674' title='bbox 1509 4740 1786 4805; x_wconf 79' lang='lat' dir='ltr'><strong>facem,et</strong></span> <span class='ocrx_word' id='word_1_675' title='bbox 1824 4737 2023 4792; x_wconf 83' lang='lat' dir='ltr'><strong>incita-</strong></span> 
     </span>
    </p>
   </div>
   <div class='ocr_carea' id='block_1_95' title="bbox 434 4830 1627 4900">
    <p class='ocr_par' dir='ltr' id='par_1_95' title="bbox 434 4830 1627 4900">
     <span class='ocr_line' id='line_1_96' title="bbox 434 4830 1627 4900; baseline -0.003 -13"><span class='ocrx_word' id='word_1_676' title='bbox 434 4840 678 4887; x_wconf 88' lang='lat' dir='ltr'><strong>mentum</strong></span> <span class='ocrx_word' id='word_1_677' title='bbox 713 4830 976 4884; x_wconf 83' lang='lat' dir='ltr'><strong>facillimo</strong></span> <span class='ocrx_word' id='word_1_678' title='bbox 1004 4831 1229 4899; x_wconf 85' lang='lat' dir='ltr'><strong>negotio</strong></span> <span class='ocrx_word' id='word_1_679' title='bbox 1254 4830 1627 4900; x_wconf 87' lang='lat' dir='ltr'><strong>exstinguere.</strong></span> 
     </span>
    </p>
   </div>
   <div class='ocr_carea' id='block_1_96' title="bbox 645 4941 1751 5001">
    <p class='ocr_par' dir='ltr' id='par_1_96' title="bbox 645 4941 1751 5001">
     <span class='ocr_line' id='line_1_97' title="bbox 645 4941 1751 5001; baseline 0.001 -3"><span class='ocrx_word' id='word_1_680' title='bbox 645 4941 923 4998; x_wconf 78' lang='lat' dir='ltr'><strong>CCXXIII.</strong></span> <span class='ocrx_word' id='word_1_681' title='bbox 963 4975 1033 4985; x_wconf 97' lang='lat'><strong>—</strong></span> <span class='ocrx_word' id='word_1_682' title='bbox 1058 4941 1394 4998; x_wconf 82' lang='lat' dir='ltr'><strong>SELEUCIO</strong></span> <span class='ocrx_word' id='word_1_683' title='bbox 1426 4942 1751 5001; x_wconf 75' lang='lat' dir='ltr'><strong>DIACONO.</strong></span> 
     </span>
    </p>
   </div>
   <div class='ocr_carea' id='block_1_97' title="bbox 503 5035 2019 5108">
    <p class='ocr_par' dir='ltr' id='par_1_97' title="bbox 503 5035 2019 5108">
     <span class='ocr_line' id='line_1_98' title="bbox 503 5035 2019 5108; baseline 0.005 -19"><span class='ocrx_word' id='word_1_684' title='bbox 503 5035 637 5090; x_wconf 91' lang='lat' dir='ltr'><strong>Cum</strong></span> <span class='ocrx_word' id='word_1_685' title='bbox 677 5046 913 5105; x_wconf 85' lang='lat' dir='ltr'><strong>quatuor</strong></span> <span class='ocrx_word' id='word_1_686' title='bbox 946 5036 1087 5091; x_wconf 90' lang='lat' dir='ltr'><strong>inter</strong></span> <span class='ocrx_word' id='word_1_687' title='bbox 1138 5037 1277 5092; x_wconf 88' lang='lat' dir='ltr'><strong>alias</strong></span> <span class='ocrx_word' id='word_1_688' title='bbox 1311 5037 1543 5093; x_wconf 88' lang='lat' dir='ltr'><strong>virtutes</strong></span> <span class='ocrx_word' id='word_1_689' title='bbox 1578 5040 1810 5108; x_wconf 89' lang='lat' dir='ltr'><strong>primum</strong></span> <span class='ocrx_word' id='word_1_690' title='bbox 1843 5041 2019 5096; x_wconf 91' lang='lat' dir='ltr'><strong>locum</strong></span> 
     </span>
    </p>
   </div>
   <div class='ocr_carea' id='block_1_98' title="bbox 432 5128 2024 5201">
    <p class='ocr_par' dir='ltr' id='par_1_98' title="bbox 432 5128 2024 5201">
     <span class='ocr_line' id='line_1_99' title="bbox 432 5128 2024 5201; baseline 0.005 -20"><span class='ocrx_word' id='word_1_691' title='bbox 432 5128 750 5192; x_wconf 90' lang='lat' dir='ltr'><strong>obtineant,</strong></span> <span class='ocrx_word' id='word_1_692' title='bbox 795 5128 1124 5198; x_wconf 85' lang='lat' dir='ltr'><strong>prudentia,</strong></span> <span class='ocrx_word' id='word_1_693' title='bbox 1192 5129 1491 5194; x_wconf 77' lang='lat' dir='ltr'><strong>fortitudo,</strong></span> <span class='ocrx_word' id='word_1_694' title='bbox 1557 5134 1914 5201; x_wconf 87' lang='lat' dir='ltr'><strong>temperantia</strong></span> <span class='ocrx_word' id='word_1_695' title='bbox 1971 5142 2024 5189; x_wconf 89' lang='lat' dir='ltr'><strong>et</strong></span> 
     </span>
    </p>
   </div>
   <div class='ocr_carea' id='block_1_99' title="bbox 430 5220 2019 5291">
    <p class='ocr_par' dir='ltr' id='par_1_99' title="bbox 430 5220 2019 5291">
     <span class='ocr_line' id='line_1_100' title="bbox 430 5220 2019 5291; baseline 0.003 -17"><span class='ocrx_word' id='word_1_696' title='bbox 430 5220 646 5289; x_wconf 84' lang='lat' dir='ltr'><strong>justitia</strong></span> <span class='ocrx_word' id='word_1_697' title='bbox 720 5238 734 5283; x_wconf 84' lang='lat'><strong>;</strong></span> <span class='ocrx_word' id='word_1_698' title='bbox 807 5227 1098 5289; x_wconf 86' lang='lat' dir='ltr'><strong>propterea</strong></span> <span class='ocrx_word' id='word_1_699' title='bbox 1160 5231 1213 5274; x_wconf 93' lang='lat' dir='ltr'><strong>et</strong></span> <span class='ocrx_word' id='word_1_700' title='bbox 1275 5220 1530 5275; x_wconf 82' lang='lat' dir='ltr'><strong>diabolus</strong></span> <span class='ocrx_word' id='word_1_701' title='bbox 1586 5231 1825 5291; x_wconf 86' lang='lat' dir='ltr'><strong>quatuor</strong></span> <span class='ocrx_word' id='word_1_702' title='bbox 1872 5224 2019 5280; x_wconf 88' lang='lat' dir='ltr'><strong>vitiis</strong></span> 
     </span>
    </p>
   </div>
   <div class='ocr_carea' id='block_1_100' title="bbox 433 5313 2016 5386">
    <p class='ocr_par' dir='ltr' id='par_1_100' title="bbox 433 5313 2016 5386">
     <span class='ocr_line' id='line_1_101' title="bbox 433 5313 2016 5386; baseline 0.001 -19"><span class='ocrx_word' id='word_1_703' title='bbox 433 5315 605 5368; x_wconf 87' lang='lat' dir='ltr'><strong>multa</strong></span> <span class='ocrx_word' id='word_1_704' title='bbox 640 5313 744 5366; x_wconf 87' lang='lat' dir='ltr'><strong>alia</strong></span> <span class='ocrx_word' id='word_1_705' title='bbox 771 5313 823 5366; x_wconf 93' lang='lat' dir='ltr'><strong>in</strong></span> <span class='ocrx_word' id='word_1_706' title='bbox 856 5328 915 5368; x_wconf 88' lang='lat' dir='ltr'><strong>se</strong></span> <span class='ocrx_word' id='word_1_707' title='bbox 947 5314 1383 5376; x_wconf 88' lang='lat' dir='ltr'><strong>continentibus,</strong></span> <span class='ocrx_word' id='word_1_708' title='bbox 1422 5317 1486 5367; x_wconf 82' lang='lat' dir='ltr'><strong>ad</strong></span> <span class='ocrx_word' id='word_1_709' title='bbox 1517 5315 1601 5368; x_wconf 90' lang='lat' dir='ltr'><strong>sui</strong></span> <span class='ocrx_word' id='word_1_710' title='bbox 1665 5316 1838 5384; x_wconf 81' lang='lat' dir='ltr'><strong>ipsius</strong></span> <span class='ocrx_word' id='word_1_711' title='bbox 1890 5332 2016 5386; x_wconf 87' lang='lat' dir='ltr'><strong>pro-</strong></span> 
     </span>
    </p>
   </div>
   <div class='ocr_carea' id='block_1_101' title="bbox 434 5404 2012 5475">
    <p class='ocr_par' dir='ltr' id='par_1_101' title="bbox 434 5404 2012 5475">
     <span class='ocr_line' id='line_1_102' title="bbox 434 5404 2012 5475; baseline 0.004 -18"><span class='ocrx_word' id='word_1_712' title='bbox 434 5406 819 5474; x_wconf 75' lang='lat' dir='ltr'><strong>pugnationem</strong></span> <span class='ocrx_word' id='word_1_713' title='bbox 852 5406 1044 5459; x_wconf 91' lang='lat' dir='ltr'><strong>utitur.</strong></span> <span class='ocrx_word' id='word_1_714' title='bbox 1077 5404 1141 5458; x_wconf 88' lang='lat' dir='ltr'><strong>Et</strong></span> <span class='ocrx_word' id='word_1_715' title='bbox 1168 5405 1318 5470; x_wconf 91' lang='lat' dir='ltr'><strong>audi,</strong></span> <span class='ocrx_word' id='word_1_716' title='bbox 1357 5407 1486 5475; x_wconf 86' lang='lat' dir='ltr'><strong>quid</strong></span> <span class='ocrx_word' id='word_1_717' title='bbox 1539 5408 1685 5461; x_wconf 71' lang='lat' dir='ltr'><strong>dicat</strong></span> <span class='ocrx_word' id='word_1_718' title='bbox 1716 5408 2012 5464; x_wconf 84' lang='lat' dir='ltr'><strong>Zacharias</strong></span> 
     </span>
    </p>
   </div>
   <div class='ocr_carea' id='block_1_102' title="bbox 436 5499 2014 5572">
    <p class='ocr_par' dir='ltr' id='par_1_102' title="bbox 436 5499 2014 5572">
     <span class='ocr_line' id='line_1_103' title="bbox 436 5499 2014 5572; baseline 0.003 -22"><span class='ocrx_word' id='word_1_719' title='bbox 436 5499 695 5569; x_wconf 80' lang='lat' dir='ltr'><strong>propheta</strong></span> <span class='ocrx_word' id='word_1_720' title='bbox 736 5508 973 5567; x_wconf 86' lang='lat' dir='ltr'><strong>quatuor</strong></span> <span class='ocrx_word' id='word_1_721' title='bbox 1012 5499 1271 5555; x_wconf 91' lang='lat' dir='ltr'><strong>cornibus</strong></span> <span class='ocrx_word' id='word_1_722' title='bbox 1348 5499 1627 5554; x_wconf 73' lang='lat' dir='ltr'><strong>suﬂ‘ultam</strong></span> <span class='ocrx_word' id='word_1_723' title='bbox 1668 5500 1884 5557; x_wconf 72' lang='lat' dir='ltr'><strong>Satanae</strong></span> <span class='ocrx_word' id='word_1_724' title='bbox 1919 5518 2014 5572; x_wconf 87' lang='lat' dir='ltr'><strong>po-</strong></span> 
     </span>
    </p>
   </div>
   <div class='ocr_carea' id='block_1_103' title="bbox 532 5668 997 5738">
    <p class='ocr_par' dir='ltr' id='par_1_103' title="bbox 532 5668 997 5738">
     <span class='ocr_line' id='line_1_104' title="bbox 532 5668 997 5738; baseline 0.006 -16"><span class='ocrx_word' id='word_1_725' title='bbox 532 5669 577 5699; x_wconf 67' lang='grc' dir='ltr'>’θ</span> <span class='ocrx_word' id='word_1_726' title='bbox 606 5668 744 5725; x_wconf 84' lang='lat' dir='ltr'><strong>Prov</strong></span> <span class='ocrx_word' id='word_1_727' title='bbox 807 5688 878 5738; x_wconf 79' lang='lat' dir='ltr'><strong>Ix,</strong></span> <span class='ocrx_word' id='word_1_728' title='bbox 916 5672 997 5725; x_wconf 75' lang='lat' dir='ltr'><strong>I2.</strong></span> 
     </span>
    </p>
   </div>
   <div class='ocr_carea' id='block_1_104' title="bbox 436 5741 600 5805">
    <p class='ocr_par' dir='ltr' id='par_1_104' title="bbox 436 5741 600 5805">
     <span class='ocr_line' id='line_1_105' title="bbox 436 5741 600 5805; baseline 0.006 -11"><span class='ocrx_word' id='word_1_729' title='bbox 436 5755 509 5805; x_wconf 84' lang='lat' dir='ltr'><strong>tv,</strong></span> <span class='ocrx_word' id='word_1_730' title='bbox 549 5741 600 5795; x_wconf 91' lang='lat'><strong>9.</strong></span> 
     </span>
    </p>
   </div>
   <div class='ocr_carea' id='block_1_105' title="bbox 1098 5672 1595 5737">
    <p class='ocr_par' dir='ltr' id='par_1_105' title="bbox 1098 5672 1595 5737">
     <span class='ocr_line' id='line_1_106' title="bbox 1098 5672 1595 5737; baseline 0 -12"><span class='ocrx_word' id='word_1_731' title='bbox 1098 5674 1137 5703; x_wconf 70' lang='grc' dir='ltr'><strong>ιτ</strong></span> <span class='ocrx_word' id='word_1_732' title='bbox 1171 5673 1373 5727; x_wconf 80' lang='lat' dir='ltr'><strong>Coloss.</strong></span> <span class='ocrx_word' id='word_1_733' title='bbox 1440 5688 1475 5737; x_wconf 87' lang='grc' dir='ltr'><strong>ι,</strong></span> <span class='ocrx_word' id='word_1_734' title='bbox 1515 5672 1595 5725; x_wconf 84' lang='lat' dir='ltr'><strong>l6.</strong></span> 
     </span>
    </p>
   </div>
   <div class='ocr_carea' id='block_1_106' title="bbox 1705 5672 2204 5739">
    <p class='ocr_par' dir='ltr' id='par_1_106' title="bbox 1705 5672 2204 5739">
     <span class='ocr_line' id='line_1_107' title="bbox 1705 5672 2204 5739; baseline -0.002 -14"><span class='ocrx_word' id='word_1_735' title='bbox 1705 5672 1746 5704; x_wconf 82' lang='grc'>¹⁸</span> <span class='ocrx_word' id='word_1_736' title='bbox 1770 5674 1887 5727; x_wconf 73' lang='lat' dir='ltr'><strong>.\ct.</strong></span> <span class='ocrx_word' id='word_1_737' title='bbox 1924 5689 2050 5739; x_wconf 86' lang='lat' dir='ltr'><strong>xvu,</strong></span> <span class='ocrx_word' id='word_1_738' title='bbox 2114 5673 2204 5726; x_wconf 70' lang='lat'><strong>28.</strong></span> 
     </span>
    </p>
   </div>
   <div class='ocr_carea' id='block_1_107' title="bbox 2116 4577 3699 4656">
    <p class='ocr_par' dir='ltr' id='par_1_107' title="bbox 2116 4577 3699 4656">
     <span class='ocr_line' id='line_1_108' title="bbox 2116 4577 3699 4656; baseline -0.006 -19"><span class='ocrx_word' id='word_1_739' title='bbox 2116 4586 2248 4656; x_wconf 87' lang='grc' dir='ltr'>βέλη</span> <span class='ocrx_word' id='word_1_740' title='bbox 2269 4581 2641 4653; x_wconf 67' lang='grc' dir='ltr'>τῶνραίσχρῶν</span> <span class='ocrx_word' id='word_1_741' title='bbox 2669 4578 2974 4650; x_wconf 76' lang='grc' dir='ltr'>ἐπιθυμιῶν</span> <span class='ocrx_word' id='word_1_742' title='bbox 2998 4579 3091 4632; x_wconf 81' lang='grc' dir='ltr'>καὶ</span> <span class='ocrx_word' id='word_1_743' title='bbox 3123 4577 3233 4630; x_wconf 83' lang='grc' dir='ltr'><strong>τῶν</strong></span> <span class='ocrx_word' id='word_1_744' title='bbox 3254 4577 3699 4645; x_wconf 83' lang='grc' dir='ltr'>ὑπεκκαυμάτων</span> 
     </span>
    </p>
   </div>
   <div class='ocr_carea' id='block_1_108' title="bbox 2114 4670 2930 4747">
    <p class='ocr_par' dir='ltr' id='par_1_108' title="bbox 2114 4670 2930 4747">
     <span class='ocr_line' id='line_1_109' title="bbox 2114 4670 2930 4747; baseline -0.01 -17"><span class='ocrx_word' id='word_1_745' title='bbox 2114 4677 2214 4747; x_wconf 88' lang='grc' dir='ltr'><strong>τῆς</strong></span> <span class='ocrx_word' id='word_1_746' title='bbox 2249 4674 2454 4747; x_wconf 89' lang='grc' dir='ltr'>σαρκὸς</span> <span class='ocrx_word' id='word_1_747' title='bbox 2494 4672 2690 4745; x_wconf 78' lang='grc' dir='ltr'>ῥᾳδίως</span> <span class='ocrx_word' id='word_1_748' title='bbox 2721 4670 2930 4725; x_wconf 75' lang='grc' dir='ltr'>σϐέσαι.</span> 
     </span>
    </p>
   </div>
   <div class='ocr_carea' id='block_1_109' title="bbox 2404 4935 3412 5006">
    <p class='ocr_par' dir='ltr' id='par_1_109' title="bbox 2404 4935 3412 5006">
     <span class='ocr_line' id='line_1_110' title="bbox 2404 4935 3412 5006; baseline -0.003 -16"><span class='ocrx_word' id='word_1_749' title='bbox 2404 4938 2572 4993; x_wconf 73' lang='grc' dir='ltr'><strong>ΣΚΓν.</strong></span> <span class='ocrx_word' id='word_1_750' title='bbox 2594 4967 2664 4978; x_wconf 89' lang='grc'><strong><em>-</em></strong></span> <span class='ocrx_word' id='word_1_751' title='bbox 2689 4935 3034 5006; x_wconf 78' lang='grc' dir='ltr'><strong>ΣΕΛΕΥΚΙῼ</strong></span> <span class='ocrx_word' id='word_1_752' title='bbox 3090 4935 3412 5006; x_wconf 84' lang='grc' dir='ltr'><strong>ΔῐΑΚΟΝῼ.</strong></span> 
     </span>
    </p>
   </div>
   <div class='ocr_carea' id='block_1_110' title="bbox 2206 5021 3701 5099">
    <p class='ocr_par' dir='ltr' id='par_1_110' title="bbox 2206 5021 3701 5099">
     <span class='ocr_line' id='line_1_111' title="bbox 2206 5021 3701 5099; baseline -0.005 -15"><span class='ocrx_word' id='word_1_753' title='bbox 2206 5029 2424 5099; x_wconf 82' lang='grc' dir='ltr'>Ἐπειδὴ</span> <span class='ocrx_word' id='word_1_754' title='bbox 2445 5030 2708 5097; x_wconf 84' lang='grc' dir='ltr'>τέσσαρες</span> <span class='ocrx_word' id='word_1_755' title='bbox 2742 5027 3079 5096; x_wconf 81' lang='grc' dir='ltr'>ὑπάρχουσιν</span> <span class='ocrx_word' id='word_1_756' title='bbox 3102 5026 3293 5094; x_wconf 79' lang='grc' dir='ltr'>ἀρεταὶ</span> <span class='ocrx_word' id='word_1_757' title='bbox 3312 5021 3701 5091; x_wconf 85' lang='grc' dir='ltr'>γενικώταται,</span> 
     </span>
    </p>
   </div>
   <div class='ocr_carea' id='block_1_111' title="bbox 2123 5114 3701 5196">
    <p class='ocr_par' dir='ltr' id='par_1_111' title="bbox 2123 5114 3701 5196">
     <span class='ocr_line' id='line_1_112' title="bbox 2123 5114 3701 5196; baseline -0.006 -20"><span class='ocrx_word' id='word_1_758' title='bbox 2123 5126 2404 5196; x_wconf 82' lang='grc' dir='ltr'>φρόνησις,</span> <span class='ocrx_word' id='word_1_759' title='bbox 2442 5121 2683 5190; x_wconf 81' lang='grc' dir='ltr'>ἀνδρεία,</span> <span class='ocrx_word' id='word_1_760' title='bbox 2743 5116 3086 5188; x_wconf 81' lang='grc' dir='ltr'>σωφροσύνη,</span> <span class='ocrx_word' id='word_1_761' title='bbox 3141 5114 3477 5183; x_wconf 84' lang='grc' dir='ltr'>δικαιοσύνη.</span> <span class='ocrx_word' id='word_1_762' title='bbox 3506 5116 3701 5167; x_wconf 86' lang='grc' dir='ltr'>τούτου</span> 
     </span>
    </p>
   </div>
   <div class='ocr_carea' id='block_1_112' title="bbox 2123 5216 3705 5296">
    <p class='ocr_par' dir='ltr' id='par_1_112' title="bbox 2123 5216 3705 5296">
     <span class='ocr_line' id='line_1_113' title="bbox 2123 5216 3705 5296; baseline -0.007 -18"><span class='ocrx_word' id='word_1_763' title='bbox 2123 5225 2282 5296; x_wconf 82' lang='grc' dir='ltr'>χάριν</span> <span class='ocrx_word' id='word_1_764' title='bbox 2314 5224 2405 5277; x_wconf 66' lang='grc' dir='ltr'><strong>καὶ</strong></span> <span class='ocrx_word' id='word_1_765' title='bbox 2430 5225 2457 5275; x_wconf 88' lang='grc' dir='ltr'>ὁ</span> <span class='ocrx_word' id='word_1_766' title='bbox 2486 5219 2730 5281; x_wconf 77' lang='grc' dir='ltr'>διάϐολος</span> <span class='ocrx_word' id='word_1_767' title='bbox 2766 5218 3057 5288; x_wconf 85' lang='grc' dir='ltr'>τέσσαρσιν</span> <span class='ocrx_word' id='word_1_768' title='bbox 3093 5216 3311 5277; x_wconf 80' lang='grc' dir='ltr'>κακίαις</span> <span class='ocrx_word' id='word_1_769' title='bbox 3339 5231 3705 5284; x_wconf 81' lang='grc' dir='ltr'>περιεκτικω-</span> 
     </span>
    </p>
   </div>
   <div class='ocr_carea' id='block_1_113' title="bbox 2123 5307 3703 5379">
    <p class='ocr_par' dir='ltr' id='par_1_113' title="bbox 2123 5307 3703 5379">
     <span class='ocr_line' id='line_1_114' title="bbox 2123 5307 3703 5379; baseline -0.007 -11"><span class='ocrx_word' id='word_1_770' title='bbox 2123 5317 2312 5378; x_wconf 84' lang='grc' dir='ltr'>τάταις</span> <span class='ocrx_word' id='word_1_771' title='bbox 2336 5313 2545 5367; x_wconf 87' lang='grc' dir='ltr'>πολλῶν</span> <span class='ocrx_word' id='word_1_772' title='bbox 2576 5311 2784 5365; x_wconf 86' lang='grc' dir='ltr'>κακιῶν</span> <span class='ocrx_word' id='word_1_773' title='bbox 2839 5310 2974 5379; x_wconf 83' lang='grc' dir='ltr'>πρὸς</span> <span class='ocrx_word' id='word_1_774' title='bbox 3026 5308 3237 5378; x_wconf 79' lang='grc' dir='ltr'>ἄμυναν</span> <span class='ocrx_word' id='word_1_775' title='bbox 3278 5307 3568 5377; x_wconf 86' lang='grc' dir='ltr'>κέχρηται.</span> <span class='ocrx_word' id='word_1_776' title='bbox 3596 5310 3703 5360; x_wconf 68' lang='grc' dir='ltr'>Καὶ</span> 
     </span>
    </p>
   </div>
   <div class='ocr_carea' id='block_1_114' title="bbox 2124 5400 3701 5473">
    <p class='ocr_par' dir='ltr' id='par_1_114' title="bbox 2124 5400 3701 5473">
     <span class='ocr_line' id='line_1_115' title="bbox 2124 5400 3701 5473; baseline -0.006 -12"><span class='ocrx_word' id='word_1_777' title='bbox 2124 5410 2375 5473; x_wconf 82' lang='grc' dir='ltr'>ἄκουσον,</span> <span class='ocrx_word' id='word_1_778' title='bbox 2408 5405 2459 5457; x_wconf 84' lang='grc' dir='ltr'><strong>τί</strong></span> <span class='ocrx_word' id='word_1_779' title='bbox 2487 5403 2636 5471; x_wconf 81' lang='grc' dir='ltr'>λέγει</span> <span class='ocrx_word' id='word_1_780' title='bbox 2668 5402 2941 5472; x_wconf 81' lang='grc' dir='ltr'>Ζαχαρίας</span> <span class='ocrx_word' id='word_1_781' title='bbox 2967 5401 2995 5451; x_wconf 84' lang='grc' dir='ltr'>ὁ</span> <span class='ocrx_word' id='word_1_782' title='bbox 3044 5402 3346 5469; x_wconf 79' lang='grc' dir='ltr'>προφήτης,</span> <span class='ocrx_word' id='word_1_783' title='bbox 3375 5400 3475 5467; x_wconf 81' lang='grc' dir='ltr'>τὴν</span> <span class='ocrx_word' id='word_1_784' title='bbox 3510 5416 3701 5470; x_wconf 81' lang='grc' dir='ltr'>τετρα-</span> 
     </span>
    </p>
   </div>
   <div class='ocr_carea' id='block_1_115' title="bbox 2128 5486 3703 5571">
    <p class='ocr_par' dir='ltr' id='par_1_115' title="bbox 2128 5486 3703 5571">
     <span class='ocr_line' id='line_1_116' title="bbox 2128 5486 3703 5571; baseline -0.006 -17"><span class='ocrx_word' id='word_1_785' title='bbox 2128 5501 2356 5571; x_wconf 82' lang='grc' dir='ltr'>κέρατον</span> <span class='ocrx_word' id='word_1_786' title='bbox 2384 5496 2476 5551; x_wconf 80' lang='grc' dir='ltr'>τοῦ</span> <span class='ocrx_word' id='word_1_787' title='bbox 2503 5496 2716 5549; x_wconf 74' lang='grc' dir='ltr'>Σατανᾶ</span> <span class='ocrx_word' id='word_1_788' title='bbox 2747 5493 3079 5563; x_wconf 82' lang='grc' dir='ltr'>θεασάμενος</span> <span class='ocrx_word' id='word_1_789' title='bbox 3099 5492 3342 5560; x_wconf 60' lang='grc' dir='ltr'>δύναμιν</span> <span class='ocrx_word' id='word_1_790' title='bbox 3374 5486 3556 5559; x_wconf 72' lang='grc' dir='ltr'>ιἾίρα</span> <span class='ocrx_word' id='word_1_791' title='bbox 3582 5494 3703 5554; x_wconf 74' lang='grc' dir='ltr'>τοὺς</span> 
     </span>
    </p>
   </div>
   <div class='ocr_carea' id='block_1_116' title="bbox 3459 5664 3701 5722">
    <p class='ocr_par' dir='ltr' id='par_1_116' title="bbox 3459 5664 3701 5722">
     <span class='ocr_line' id='line_1_117' title="bbox 3459 5664 3701 5722; baseline -0.025 -28"><span class='ocrx_word' id='word_1_792' title='bbox 3459 5666 3501 5694; x_wconf 77' lang='lat' dir='ltr'><strong>ll</strong></span> <span class='ocrx_word' id='word_1_793' title='bbox 3546 5664 3701 5722; x_wconf 37' lang='lat' dir='ltr'><strong>prun</strong></span> 
     </span>
    </p>
   </div>
   <div class='ocr_carea' id='block_1_117' title="bbox 2305 5665 3344 5731">
    <p class='ocr_par' dir='ltr' id='par_1_117' title="bbox 2305 5665 3344 5731">
     <span class='ocr_line' id='line_1_118' title="bbox 2305 5665 3344 5731; baseline -0.007 -9"><span class='ocrx_word' id='word_1_794' title='bbox 2305 5671 2346 5701; x_wconf 76' lang='grc'><strong>¹⁹</strong></span> <span class='ocrx_word' id='word_1_795' title='bbox 2384 5668 2526 5724; x_wconf 85' lang='lat' dir='ltr'><strong>Psal.</strong></span> <span class='ocrx_word' id='word_1_796' title='bbox 2559 5684 2667 5731; x_wconf 77' lang='lat' dir='ltr'><strong>xu,</strong></span> <span class='ocrx_word' id='word_1_797' title='bbox 2709 5667 2759 5723; x_wconf 72' lang='grc'><strong>4.</strong></span> <span class='ocrx_word' id='word_1_798' title='bbox 2875 5666 2919 5696; x_wconf 83' lang='grc'><strong>²⁰</strong></span> <span class='ocrx_word' id='word_1_799' title='bbox 2952 5665 3093 5720; x_wconf 54' lang='lat' dir='ltr'><strong>Polli.</strong></span> <span class='ocrx_word' id='word_1_800' title='bbox 3155 5682 3205 5729; x_wconf 89' lang='lat' dir='ltr'><strong>v,</strong></span> <span class='ocrx_word' id='word_1_801' title='bbox 3264 5666 3344 5718; x_wconf 75' lang='grc' dir='ltr'>ιδ.</span> 
     </span>
    </p>
   </div>
  </div>
