3850 6218
134 314 218 379 1ὓ5
1356 304 1709 369 EPISTULA

1825 304 1889 362 ’Μ
1914 305 2058 365 LIB.
2102 306 2148 364 ῐ.

3292 296 3394 361 166

125 425 419 493 ὸτθαλμούς
458 442 589 494 μου,
617 425 711 476 καὶ
739 423 848 475 ῐδον
875 422 1119 492 τέσσαρα
1169 420 1400 491 κέρατα,
1466 417 1534 469 τὰ
1586 414 1704 467 δια-

1825 415 2040 468 .eotiam
2090 415 2325 468 intuitus
2362 431 2373 466 :
2416 432 2432 464 ι
2462 411 2679 468 Elevavi
2718 414 2910 467 oculos
2963 429 3136 473 meos,
3193 423 3245 466 et
3288 417 3395 469 vidi

126 518 490 590 σκορπίσαντα
522 518 611 571 τὸν
650 516 871 581 Ἰούδαν,
908 517 1118 570 καὶτὸν
1156 513 1392 586 Ἰσραήλ.
1431 530 1450 562 ι

603 697 759 750 ΣΚΔ.
798 726 870 738 -
904 694 987 761 Τῷ
1028 695 1209 761 αὐτῷ.

178 790 310 860 Περὶ
332 789 437 857 τῆς
468 788 857 859 τετραμόρφου
877 787 1159 857 δυνάμεως
1187 786 1281 839 τοῦ
1302 784 1572 848 διαϐόλου,
1608 784 1703 838 καὶ

119 885 309 953 Μωσῆς
342 886 372 936 6
408 884 677 953 μέγιστος
740 882 1039 953 νομοθέτης
1074 884 1131 935 ὲν
1162 882 1239 952 τῷ
1271 880 1544 951 Λευιτικῷ
1590 882 1703 942 τοῖς

117 978 425 1047 δυναμένοις
453 976 885 1046 ἐπιμελέστερον
927 977 1182 1040 συνιέναι,
1210 975 1416 1044 λέπραν
1434 975 1703 1043 ὑπάρχειν

118 1068 515 1140 τετρακέφαλον
540 1069 697 1138 δίκην
747 1068 914 1139 ὕδρας
952 1068 1262 1138 διαγράφει,
1291 1065 1702 1128 λευκαίνουσαν,

118 1161 200 1212 καὶ
262 1158 710 1226 γλαυκίζουσαν,
772 1159 866 1210 καὶ
921 1156 1313 1228 χλωρίζουσαν,
1373 1157 1470 1209 καὶ
1538 1155 1703 1225 πυρί-

118 1251 323 1317 ζουσαν.

330 1344 515 1397 ΣΚΕ’.
542 1374 610 1384 ——
637 1343 1075 1413 ᾹΥΓΟΥΣΤΙΝῼ
1110 1341 1471 1409 ΤΙἾΒΟΥΝῼ.

176 1431 245 1487 Εὖ
300 1436 685 1505 ἐπιστάμενος
734 1436 869 1487 Θεὸν
919 1431 1059 1487 εἶναι
1108 1436 1200 1487 τὸν
1253 1433 1458 1502 δοτῆρα
1503 1431 1699 1495 παντὸς

114 1527 329 1593 ἀγαθοῦ,
372 1529 621 1597 συνεχῶς
680 1527 857 1596 λέγεις
914 1528 1049 1596 πρὸς
1086 1527 1211 1589 τοὺς
1240 1526 1703 1594 συντυγχάνοντας

112 1621 165 1671 τὸ
203 1618 402 1673 Ἰακὼϐ
433 1620 533 1672 τοῦ
565 1620 905 1691 πατριάρχου
946 1620 1147 1687 λόγιον,
1182 1620 1265 1670 ὅτι
1311 1617 1534 1687 Ἠλέησέ
1570 1634 1634 1686 με
1674 1618 1703 1669 ὁ

114 1712 253 1776 θεὸς,
293 1714 390 1765 καὶ
416 1713 540 1765 ἔστι
563 1729 654 1781 μοι
691 1712 889 1765 πάντα·
918 1712 979 1763 οὐ
1008 1712 1119 1781 γὰρ
1148 1709 1399 1778 ὲξέργων
1425 1707 1702 1761 δικαιοσύη

112 1821 219 1872 νης,
265 1802 383 1855 ἀλλ’
416 1804 483 1869 ἐξ
536 1802 689 1855 ἐλέου
728 1802 887 1862 Θεοῦ,
940 1802 1037 1855 καὶ
1102 1800 1301 1869 πολλῆς
1370 1799 1708 1868 ἀγαθότητος
1742 1782 1785 1837 Β

113 1896 337 1964 ἐκτήσω,
381 1893 535 1964 ἆπερ
571 1894 715 1961 ἔχεις
733 1908 745 1920 ⁸
772 1892 832 1955 ἐξ
856 1892 1035 1945 αὐτῶν
1058 1892 1114 1945 δὲ
1140 1891 1325 1945 πολλοὶ
1349 1889 1706 1959 εὐεργετοῦν-

113 2002 189 2034 ται
218 1985 489 2052 δεόμενοι.
525 1985 634 2038 Καὶ
662 1983 996 2054 ἀποδέχομαι
1032 2001 1092 2035 σε
1116 1979 1176 2036 εὖ
1210 1995 1271 2035 τε
1312 1980 1588 2046 ποιοῦντα,
1615 1981 1709 2035 καὶ

116 2077 549 2146 εὖλογιζόμενον,
581 2078 677 2129 καὶ
707 2075 1218 2144 ταπεινολογοῦντα.

318 2261 515 2329 Σκςν.
549 2291 620 2300 -
650 2260 941 2331 ΘΕΟΦΙΛῼ
974 2259 1492 2330 ΚΑΓΚΕΛΛΑΡΙῼ.

184 2353 388 2423 Ὠσπερ
422 2355 530 2423 οὐχ
571 2355 673 2406 ὅσα
702 2354 934 2425 ἠδύνατο
972 2353 1144 2407 ἐποίει
1184 2354 1211 2405 6
1234 2352 1437 2422 Κύριος
1474 2350 1706 2421 Ἰησοῦς,

121 2445 221 2496 ἀλλ’
254 2446 352 2499 ὅσα
386 2445 660 2515 ἠϐούλετο
730 2443 1190 2514 ὲθαυματούργει,
1248 2442 1422 2506 οὕτως
1468 2444 1565 2513 οὑχ
1607 2442 1711 2495 ὅσα

121 2537 223 2605 ᾔδει
252 2539 565 2602 ἐδίδασκεν,
626 2537 740 2592 ἀλλ’
791 2540 891 2591 ὅσα
929 2538 1120 2607 μαθεῖν
1147 2537 1460 2607 ἠδυνάμεθα
1502 2536 1709 2603 ὑπηγό-

128 2646 303 2698 ρευσεν
323 2672 339 2693 ,
372 2634 443 2701 τῇ
487 2630 747 2701 ἀσθενείᾳ
777 2633 875 2700 τῆς
900 2630 1114 2697 φύσεως
1147 2627 1479 2698 σνμμετρῶν
1505 2627 1594 2680 τὸν
1625 2628 1710 2679 λό-

126 2736 208 2786 γον
265 2723 364 2790 τῆς
442 2721 823 2784 διδασκαλίας.
889 2720 991 2772 Διὰ
1076 2718 1235 2773 τοῦτο
1320 2720 1535 2786 ἀγνοεῖν
1612 2718 1709 2787 τὴν

126 2813 323 2883 ἡμέραν
389 2813 551 2882 λέγει
601 2816 716 2876 τοῖς
764 2812 1036 2883 μαθηταῖς
1100 2811 1351 2865 ἀτελέσιν
1400 2810 1480 2863 ἔτι
1530 2810 1706 2879 ὑπάρ-

126 2919 318 2972 χουσιν.

172 2992 175 2993 ’
436 2992 612 3047 ιη’.
636 3023 709 3032 -
738 2993 988 3063 manu;
1016 2992 1379 3062 ΣΠΑΘΛΡΙῼ.

196 3086 250 3137 '0
280 3085 488 3139 θλίϐων
523 3103 581 3137 σε
608 3084 844 3155 πονηρὸς
875 3084 1086 3154 δαίμων
1120 3086 1310 3153 νήφειν
1351 3084 1708 3154 παρασκευά-

1810 518 2049 574 quatuor
2105 521 2337 572 cornua,
2376 522 2499 576 qua:
2543 506 2738 561 .ludam
2797 516 2852 561 et
2916 507 3083 560 Israel
3121 508 3399 578 disperse-

1812 607 1943 651 ruut
1968 599 2036 650 ".
2072 619 2089 649 ι

2341 687 2884 744 CCXXIV.—Eidem

1882 781 2309 851 Quadruplicem
2345 783 2645 852 potentiam
2705 782 2912 835 diaboli
2972 782 3138 835 etiam
3185 780 3399 852 Moyses

1811 876 2086 928 maximus
2114 875 2394 941 legislator
2424 876 2477 927 in
2501 872 2745 927 Levitico
2776 875 2847 926 iis
2890 875 2981 943 qui
3020 889 3131 927 rem
3162 873 3399 942 diligent-

1812 968 1924 1021 tius
1949 968 2254 1037 intelligere
2271 976 2529 1037 possunt,
2564 967 2871 1036 designavit
2904 968 3139 1035 ;lepram
3164 978 3401 1036 quatuor

1810 1060 2085 1127 capitibus
2112 1060 2295 1130 hydra:
2335 1061 2516 1114 instar
2542 1060 2888 1125 describens,
2934 1059 3198 1125 albidam,
3234 1061 3393 1128 glau-

1811 1166 1956 1218 cam,
2000 1152 2282 1208 herbidam
2318 1162 2371 1207 et
2407 1154 2626 1207 rutilam
2648 1153 2714 1205 ".
2743 1173 2760 1203 ι

2025 1333 2756 1390 CCXXV.—AlltiUSTINO
2788 1332 3109 1390 TRIBUNO.

1886 1422 2052 1478 Deum
2078 1440 2201 1479 08:8
2238 1425 2477 1479 universi
2520 1424 2646 1477 boni
2684 1424 2928 1477 datorem
2955 1426 3020 1489 “,
3060 1427 3262 1496 optime
3288 1425 3403 1478 cal-

1811 1534 1953 1589 ]eus,
1979 1534 2123 1587 swpe
2150 1528 2199 1571 te
2233 1517 2643 1585 alloquentibus
2664 1515 2857 1569 Jacobi
2889 1519 3221 1586 patriarchae
3269 1516 3403 1571 eﬂ‘a-

1812 1617 1924 1662 tum
1996 1609 2260 1665 incolcas.
2322 1607 2465 1662 Deus
2528 1607 2640 1679 εἰ..
2698 1610 2955 1664 misertus
3010 1618 3095 1664 est
3162 1609 3290 1671 mei,
3352 1617 3406 1661 et

1813 1702 2074 1756 erunibus
2102 1702 2341 1755 abundo.
2368 1700 2553 1769 Neque
2583 1702 2729 1755 enim
2766 1718 2828 1755 ex
2863 1703 3126 1772 operibus
3152 1702 3401 1768 justitize.

1812 1795 1905 1849 sed
1933 1812 1995 1849 ex
2028 1795 2121 1847 Dei
2159 1796 2541 1849 misericordia
2574 1813 2902 1865 summaque
2957 1798 3201 1852 bonitate
3236 1798 3406 1850 habes

1812 1904 1934 1957 quae
1960 1888 2210 1955 possides
2245 1906 2259 1953 ;
2296 1897 2350 1942 et
2381 1904 2443 1941 ex
2475 1889 2540 1942 iis
2571 1891 2757 1959 egenis
2787 1906 2851 1943 ac
2896 1891 3231 1960 pauperibus
3260 1891 3404 1942 mul-

1810 1982 1880 2033 tis
1922 1981 2061 2033 bene
2088 1980 2163 2031 ﬁt.
2200 1979 2263 2033 Et
2294 1979 2423 2032 mihi
2454 1995 2587 2035 sane
2633 1981 2947 2049 complaces
2979 1980 3240 2034 beneﬁcia
3264 1996 3401 2034 con-

1814 2074 2017 2135 ferens,
2054 2083 2109 2127 ct
2152 2073 2290 2128 bene
2318 2074 2461 2142 apud
2514 2074 2654 2127 alios
2684 2074 2937 2139 audiens,
2970 2083 3023 2127 ct
3054 2075 3282 2129 humilia
3325 2075 3394 2129 de

1812 2172 1863 2219 te
1893 2166 2164 2219 sentiens.

1950 2255 2138 2309 CCXX
2150 2256 2179 2305 V
2192 2256 2308 2309 1.-
2324 2254 2719 2310 THEOPHILO
2770 2256 3274 2314 CANCELLARIO.

1878 2345 2347 2412 Quemadmodum
2384 2364 2493 2401 non
2534 2364 2877 2417 quacunque
2936 2361 3173 2420 poterat,
3219 2353 3404 2405 omnia

1811 2440 2076 2496 Dominus
2113 2441 2280 2497 Jesus
2309 2446 2739 2513 exsequebatur,
2774 2445 2869 2499 sed
2914 2461 3254 2515 quaecunque
3296 2462 3396 2499 vo-

1812 2533 1954 2586 lebat
2005 2532 2329 2587 admiramla
2388 2534 2714 2589 conﬁciebat
2751 2553 2763 2590 :
2797 2536 2985 2591 eadem
3052 2539 3261 2591 ratione
3295 2554 3404 2592 non

1810 2640 2154 2693 Qttaacunque
2187 2626 2468 2689 noscebat,
2495 2628 2779 2690 edocebat,
2814 2627 2909 2682 sed
2966 2645 3088 2695 qurc
3147 2645 3251 2685 nos
3294 2629 3409 2684 edi-

1812 2731 1967 2771 scere
1996 2725 2334 2785 poteramus,
2364 2718 2710 2783 enuntiabat,
2748 2734 3059 2774 sermonem
3098 2722 3398 2790 magisterii

1810 2826 1936 2862 cum
1996 2819 2205 2863 natum
2276 2811 2656 2863 imbecillitate
2691 2828 3040 2867 meusurans.
3096 2812 3397 2884 Propterea

1813 2903 2067 2971 ignorare
2096 2918 2153 2953 se
2175 2903 2341 2960 diem.
2362 2902 2438 2955 ait
2462 2904 2750 2971 discipulis
2784 2907 3023 2959 nondum
3056 2910 3313 2975 perfectis
3331 2911 3401 2964 ’⁸.

2022 2990 2325 3047 CCXXVII.
2363 3023 2432 3031 —
2464 2992 2759 3049 SISINNIO
2801 2995 3214 3054 SPATHARIO.

1881 3083 2145 3152 Afﬁigeus
2186 3096 2235 3138 te
2268 3101 2502 3153 nequam
2539 3086 2773 3150 dzulnon,
2805 3088 2937 3143 facit
3003 3101 3063 3144 ut
3094 3093 3279 3148 sobrie
3316 3112 3404 3148 v.-

128 3177 197 3239 ζει
225 3177 319 3228 καὶ
348 3175 557 3246 μᾶλλον
601 3175 737 3245 πρὸς
798 3174 930 3227 Θεὸν
997 3172 1387 3243 καταφεύγειν,
1453 3173 1708 3226 κάκεῖθεν

1825 3188 1935 3238 vas,
1966 3184 2019 3228 et
2052 3176 2339 3229 ardentius
2372 3176 2435 3227 ad
2462 3176 2628 3229 Deum
2663 3179 2972 3249 confugias,
3029 3182 3263 3253 indeque
3309 3202 3411 3239 au-

128 3268 453 3322 ἐπισπᾶσθαι
489 3267 588 3330 τὰς
619 3266 873 3336 βοηθείας
898 3283 912 3295 ·
939 3265 1143 3319 καὶτὸν
1167 3266 1610 3337 ὑπερασπισμω.
1653 3266 1711 3317 'U

124 3363 220 3432 γὰρ
245 3362 469 3431 βλέπων
504 3361 595 3413 τὸν
636 3359 832 3430 ἐχθρὸν
883 3359 1190 3426 ἐφεστῶτα,
1232 3359 1581 3429 προστρέχει,
1615 3359 1713 3410 καὶ

132 3458 495 3526 συμπλέκεται
543 3454 623 3525 τῷ
684 3455 900 3526 βοηθεῖν
953 3454 1254 3524 δυναμένῳ.
1301 3454 1459 3507 Οὕτω
1487 3472 1590 3508 που
1620 3455 1714 3509 καὶ

126 3548 185 3597 τὰ
210 3548 379 3617 μικρὰ
422 3546 619 3599 παιδία
660 3544 929 3597 ποιοῦσιν·
956 3544 1084 3597 ὅταν
1113 3543 1210 3613 μὲν
1247 3543 1332 3616 ἴδῃ
1370 3561 1423 3596 τι
1457 3544 1709 3613 φοϐερὸν,

131 3642 199 3703 εἰς
226 3640 315 3693 τὸν
343 3641 451 3711 τῆς
487 3638 693 3710 μητρδς
715 3638 917 3691 κόλπον
970 3634 1412 3705 καταφεύγοντα,
1463 3636 1560 3690 καὶ
1603 3637 1713 3690 τῶν

132 3734 329 3793 ἐκείνης
401 3730 643 3801 ἱματίων
722 3726 1218 3797 ἑκκρεμασθέντα,
1283 3726 1467 3796 ἔχεται
1534 3728 1713 3783 αὐτῶν

132 3823 393 3891 baculi-3;,
462 3824 557 3876 καί
604 3839 686 3875 τοι
749 3820 959 3875 πολλῶν
1008 3820 1376 3874 ἀνθελκόντων
1422 3820 1710 3887 ’πολλάκις⁹

132 3914 243 3968 ὅταν
273 3916 329 3968 δὲ
354 3916 527 3987 μηδὲν
540 3916 689 3985 παρῇ
719 3913 827 3965 τῶν
851 3912 1245 3984 θορυϐούντων,
1271 3913 1393 3967 οὐδὲ
1420 3914 1711 3986 καλούσης,

137 4008 215 4057 καὶ
244 4008 615 4077 ἐφελκομένης
645 4006 745 4075 τῆς
774 4006 977 4076 μητρὸς
1006 4005 1276 4076 ἀνέχεται,
1323 4006 1458 4059 ἀλλὰ
1486 4009 1579 4061 καὶ
1617 4025 1716 4062 κα-

134 4096 310 4152 λοῦσαν
334 4098 589 4154 διαπτύει
621 4098 719 4169 τὴν
746 4098 978 4168 μητέρα,
1003 4099 1285 4152 καὶπολλὰ
1317 4101 1715 4171 μηχανωμένην

140 4190 258 4259 πρὸς
292 4192 350 4244 τὸ
372 4190 811 4259 ἀφελκύσασθαι,
844 4192 1269 4262 ἀποστρέφεται,
1304 4192 1397 4244 καί
1437 4194 1714 4265 τραπέζης

140 4284 380 4354 κειμένης
414 4286 767 4353 καταφρονεῖ.
810 4284 1039 4353 Μητέρα
1073 4283 1131 4335 δέ
1160 4300 1253 4354 μοι
1300 4283 1395 4337 νῦν
1426 4286 1711 4359 φιλόστορ-

140 4388 222 4440 γον
256 4379 459 4447 νοήσῃς
490 4375 590 4446 τὴν
622 4374 717 4429 τοῦ
750 4374 888 4427 Θεοῦ
914 4374 1192 4447 πρόνοιαν.

378 4468 559 4520 Σκιιο.
599 4497 671 4507 -
715 4468 1055 4539 ΕΥΣΤΑΘΙῼ
1105 4469 1433 4540 ΔΙΑΚΟΝῼ.

206 4576 223 4607 ι
250 4559 490 4630 Σίδηρον,
519 4561 685 4630 φησὶν
716 4561 744 4612 6
778 4559 1013 4629 ψαλμὸς,
1058 4560 1331 4633 διῆλθενή
1370 4560 1519 4633 ψυχὴ
1556 4581 1573 4613 ι
1610 4564 1704 4617 τοῦ

153 4646 351 4717 Ἰωσήφ.
388 4650 615 4721 Σίδηρον
639 4649 765 4719 ἐμοὶ
796 4649 944 4702 δοκεῖ
975 4651 1073 4720 τὴν
1123 4652 1398 4721 ἁμαρτίαν
1454 4655 1710 4723 αἰνιγμα-

142 4741 303 4803 τώὼς
331 4743 528 4810 λέγων,
558 4745 645 4812 ἐφ’
677 4744 745 4814 ἢν
779 4743 1079 4814 παρεκάλει
1101 4743 1193 4795 τὸν
1216 4744 1381 4812 ἁγνὸν
1405 4746 1621 4799 νεανίαν
1654 4747 1715 4799 τὸ

146 4830 227 4880 τοῦ
260 4833 535 4903 Πετεφροῦ
558 4833 802 4901 γύναιον.
862 4834 1089 4905 Σίδηρος
1128 4834 1237 4905 γὰρ
1274 4835 1488 4904 τέμνων
1517 4835 1714 4907 ψυχὴν,

148 4927 227 4978 καὶ
247 4927 501 4993 φονεύων,
537 4929 571 4997 ἡ
600 4927 846 4997 ἁμαρτία
881 4927 1108 4991 εἰκότως
1143 4928 1210 4980 ἂν
1230 4928 1441 4998 ῥηθείη.

332 5019 505 5074 ΣΚΘ’.
564 5049 614 5059 -
661 5020 1027 5073 ΣΤΡΑΤΙΩΝΙ
1077 5021 1509 5093 ΙΛΛΟΥΣΤΡΙῼ.

208 5110 367 5165 Τοῦτο
391 5113 760 5182 διεστήκαμεν
781 5112 892 5164 τῶν
911 5112 1177 5175 ἀπίστων,
1203 5112 1263 5164 τὸ
1294 5114 1505 5185 κρίσεις
1522 5116 1716 5187 ἑτέρας

153 5199 231 5253 ἐπὶ
258 5205 359 5256 τῶν
385 5204 729 5275 πραγμάτων
778 5202 923 5273 ἔχειν
945 5219 957 5232 ⁸
986 5205 1089 5275 ὁρᾷ
1118 5206 1146 5257 6
1181 5203 1384 5275 Ἕλλην
1421 5206 1513 5259 τὸν
1556 5208 1719 5278 ούρα-

153 5290 248 5355 νον,
279 5295 367 5347 καὶ
398 5293 569 5358 σέϐει,
595 5294 691 5345 καὶ
720 5293 949 5363 κέχηνεν
978 5310 993 5325 ο
1026 5293 1159 5347 Θεὸν
1184 5294 1293 5365 γὰρ
1332 5291 1471 5350 εἶναι
1502 5299 1713 5367 νομίζει

156 5382 233 5434 τὸν
280 5386 528 5457 οὐρανόν.
602 5386 737 5457 Ὁρᾷ
771 5385 970 5455 Ἕλλην
1007 5386 1107 5456 τὴν
1141 5387 1265 5455 γῆν,
1299 5388 1489 5441 καὶτὰ
1524 5388 1715 5455 ὕδατα,

157 5477 235 5526 καὶ
263 5480 571 5549 προσκυνεῖ,
600 5480 697 5532 καὶ
746 5477 1044 5549 θεραπεύει
1078 5479 1148 5532 τά
1212 5479 1531 5552 ἀναίσθητα.
1578 5482 1718 5536 Ἀλλ’

160 5564 238 5635 οὺχ
271 5570 423 5638 ἡμεῖς
458 5568 631 5633 οὕτως
658 5584 673 5596 ·
708 5568 785 5639 μὴ
812 5569 1024 5636 γένοιτο
1044 5586 1057 5599 ·
1097 5569 1211 5623 ἀλλ’
1248 5574 1466 5641 ὁρῶμεν
1503 5572 1594 5626 τὸν
1625 5576 1719 5628 οὺ-

222 5705 444 5778 “_Zaeh.
500 5705 669 5778 1,718.
744 5706 791 5738 ³³
817 5705 989 5763 Levit.
1027 5723 1149 5771 xm,
1180 5708 1406 5778 passim.
1482 5709 1529 5743 “
1564 5710 1702 5767 Gen.
1758 5726 1955 5778 χχχιιι,
2002 5711 2086 5765 11,

167 5771 204 5802 ’⁸
262 5774 395 5833 Psal.
418 5793 523 5845 etv,
558 5777 643 5832 18.
723 5781 762 5811 ³⁷
793 5781 930 5835 Gen.
963 5798 1146 5850 χχχιχ,
1182 5771 1232 5835 ⁷7.

1817 3268 1945 3319 xilia
1978 3276 2143 3334 atque
2184 3269 2674 3336 propugnationem
2708 3281 3063 3341 extorqueas.
3112 3274 3213 3341 Qui
3262 3279 3408 3331 enim

1818 3359 2191 3413 imminentem
2218 3360 2591 3413 adversarium
2620 3366 2912 3432 conspicit,
2943 3369 3206 3429 accurrit,
3232 3379 3283 3421 et
3304 3385 3409 3423 una

1816 3466 1941 3505 cum
1970 3466 2057 3514 eo,
2088 3451 2178 3520 qui
2237 3467 2395 3520 opem
2439 3451 2581 3506 ferre
2614 3464 2813 3522 potest,
2848 3459 3055 3512 unitnr.
3093 3457 3185 3512 Sic
3235 3461 3406 3513 etiam

1816 3552 1868 3597 et
1898 3542 2135 3597 infantes
2159 3545 2308 3611 pueri
2333 3543 2581 3597 faciunt:
2613 3560 2736 3598 cum
2758 3546 3092 3602 horrendum
3124 3551 3407 3620 quidpiam

1818 3636 1926 3690 illis
1948 3636 2170 3691 obvium
2208 3637 2286 3692 lit.
2344 3636 2411 3690 ad
2470 3636 2665 3691 matris
2733 3640 2918 3692 sinum
2956 3642 3303 3712 confugiunt,
3354 3654 3410 3700 et

1816 3729 1937 3797 ejus
1980 3728 2318 3783 indumentis
2354 3730 2605 3799 appensi,
2646 3732 2897 3796 ﬁrmiter,
2933 3734 3058 3787 licet
3092 3736 3244 3788 inulti
3300 3753 3405 3791 sa:-

1816 3821 1943 3890 pius
1972 3820 2101 3873 inde
2134 3836 2230 3873 eos
2264 3821 2518 3884 avellere,
2544 3822 2637 3876 sed
2663 3821 2890 3887 frustra,
2933 3832 3224 3879 conentur.
3268 3825 3406 3880 Cum

1818 3929 1953 3967 vero
1980 3914 2116 3967 nihil
2147 3914 2323 3979 adest,
2385 3916 2530 3985 quod
2579 3930 2674 3971 eos
2710 3917 2913 3980 turbet,
2950 3921 3116 3972 etiam
3176 3931 3410 3975 vocante

1819 4019 1993 4063 matre
2019 4020 2072 4063 et
2105 4011 2487 4078 pcrtraheute,
2543 4011 2859 4080 diffugiunt,
2899 4014 3007 4066 imo
3048 4029 3166 4067 eam
3200 4030 3407 4069 voean-

1815 4108 1923 4153 tem
1948 4109 2330 4163 contemnunt,
2370 4112 2424 4155 et
2453 4102 2522 4154 ab
2548 4119 2608 4153 ea
2643 4103 2768 4157 licet
2802 4104 2967 4155 multa
3006 4104 3071 4156 ad
3110 4121 3204 4158 eos
3235 4115 3409 4158 attra-

1816 4190 2026 4247 heudos
2082 4192 2190 4262 85
2252 4196 2720 4253 eonnniniscatur.
2761 4206 3103 4258 avertuntur,
3134 4209 3187 4251 et
3242 4200 3407 4252 etiam

1816 4284 2064 4353 apposita
2126 4300 2314 4338 mensa
2366 4294 2744 4339 contemnunt.
2783 4286 3008 4341 Matrem
3040 4304 3222 4344 autem
3260 4306 3407 4346 nunc

1816 4373 2138 4429 benevolum
2170 4375 2261 4427 Dei
2305 4376 2703 4445 providentiam
2754 4377 3110 4433 intellexeris.

2100 4464 2894 4523 CCXXVIIL—EUSTATIHO
2922 4470 3235 4527 DIACONO.

1890 4574 1907 4608 ε
1935 4555 2957 4627 Ferrum,aitpsalmus",pertransivit
2990 4562 3224 4615 animam
3252 4582 3269 4613 ι
3319 4560 3413 4619 Jo-

1811 4651 1963 4719 seph.
1994 4648 2241 4711 Ferrum,
2270 4656 2325 4702 ut
2366 4650 2495 4703 mihi
2526 4652 3046 4724 videtur,peccatnm
3082 4656 3413 4723 perohseure

1815 4757 2162 4812 nuneupans,
2199 4742 2264 4795 ad
2292 4745 2435 4810 quod
2486 4743 2880 4799 cohortabatur
2911 4756 3124 4801 castum
3155 4751 3409 4817 juvenem

1819 4834 2103 4905 Putiphari
2138 4835 2457 4888 muliercula
2484 4836 2549 4889 ".
2580 4835 2807 4890 Ferrum
2854 4840 2999 4892 enim
3036 4856 3232 4895 seeans
3285 4841 3409 4893 ani-

1822 4945 1965 4983 mam
2021 4937 2075 4981 et
2115 4928 2420 4986 trncidans.
2458 4941 2742 4997 peccatum
2800 4945 2906 4982 non
2934 4932 3032 4985 abs
3065 4948 3124 4986 re
3171 4933 3403 4987 dixeris.

1988 5019 2343 5074 CCXXIX.-—
2375 5019 2743 5075 STRATIONI
2773 5022 3154 5077 lLLlJSTRIO.

1885 5110 1997 5166 Hoc
2024 5128 2122 5166 nos
2158 5111 2227 5165 ab
2263 5112 2576 5165 inlidelibus
2603 5112 2914 5166 ditTerimus
2940 5154 2955 5176 ,
2985 5114 3129 5184 quod
3168 5130 3254 5170 res
3304 5116 3413 5170 alio

1814 5217 1977 5275 atque
2008 5206 2112 5274 ipsi
2170 5205 2333 5259 modo
2381 5205 2777 5273 dijudicamus.
2812 5205 2973 5261 Videt
3022 5208 3247 5277 gentilis
3293 5224 3413 5264 ca)-

1818 5299 1953 5361 lom,
1987 5305 2041 5350 et
2074 5306 2393 5356 veneratur.
2419 5308 2473 5351 et
2506 5306 2690 5367 stupet
2726 5317 2740 5351 :
2769 5314 2894 5351 nam
2929 5297 3098 5352 Deum
3130 5315 3259 5355 esse
3298 5315 3414 5354 cm-

1827 5387 1936 5440 lom
1972 5387 2273 5445 existimat.
2330 5385 2489 5439 Videt
2546 5397 2744 5439 terram
2782 5396 2836 5438 et
2867 5401 3063 5455 aquas,
3091 5396 3145 5441 et
3189 5386 3409 5446 adorat,

1828 5480 2105 5543 rebusque
2161 5479 2309 5533 omni
2355 5496 2520 5534 sensu
2578 5479 2861 5534 destitutis
2924 5481 3128 5532 cultmn
3165 5479 3409 5534 exhibet.

1825 5571 1936 5627 Nos
1970 5588 2100 5627 vero
2150 5590 2255 5626 non
2293 5573 2387 5625 ita.
2426 5571 2581 5624 Absit
2618 5572 2630 5624 !
2671 5570 2774 5626 Sed
2829 5571 3077 5627 videmus
3110 5573 3333 5635 cmlum,
3360 5580 3415 5625 et

2201 5710 2246 5741 ’⁵
2279 5708 2472 5763 Matth.
2520 5725 2666 5773 xnv,
2707 5709 2795 5772 56,
2848 5708 3012 5763 Marc.
3078 5724 3197 5773 xm,
3252 5707 3340 5760 52.
