3850 6218
414 290 516 361 167

1872 296 1932 356 S.
1974 293 2137 355 NILI

3578 287 3709 351 168

411 408 727 464 Creatorem
767 408 1139 464 admiramur:
1168 422 1349 477 neque
1382 407 1527 463 enim
1566 407 1734 463 Deum
1765 408 1988 472 cmlum,

2134 408 2277 472 ανὸν,
2325 408 2418 461 καὶ
2469 410 2561 463 τὸν
2609 407 2949 475 πεποιηκότα
3007 403 3379 476 θαυμάζομεν.
3437 405 3516 457 οὐ
3571 409 3708 474 γὰρ

411 502 505 555 sed
538 516 677 570 opus
707 499 802 554 Dei
824 516 948 557 esse
972 502 1281 571 opinamur.
1314 499 1482 554 Video
1511 500 1627 569 ipse
1655 511 1987 561 creaturam,

411 601 467 646 et
496 607 595 663 per
620 608 737 646 eam
769 594 926 662 quasi
958 592 1303 646 maouducor
1328 593 1393 647 ad
1417 592 1797 646 Conditorem.
1837 592 1994 645 Videt

412 683 638 740 divitias
672 686 918 754 gentilis,
955 695 1009 739 et
1038 685 1402 739 admiratione
1436 694 1642 753 Stupet.
1676 683 1849 739 Video
1877 685 1993 754 ipse

413 776 658 840 divitias.
705 777 883 847 iisque
929 778 1215 848 neglectis,
1257 778 1429 832 risum
1476 778 1667 832 extuli.
1706 776 1857 832 Videt
1904 777 1996 832 ille

415 870 758 939 pauperiem,
788 879 843 923 et
912 870 1304 939 pertimescens
1356 869 1613 937 ejulatur.
1648 868 1819 923 Video
1878 868 1997 937 ipse

417 962 755 1031 pauperiem,
783 970 837 1016 et
878 962 1159 1027 subsulto,
1184 971 1239 1016 et
1270 962 1505 1031 gaudeo,
1543 964 1801 1015 virtutem
1840 974 1997 1015 veras

413 1052 635 1107 divitias
696 1067 819 1107 esse
866 1052 1216 1108 existimans.
1248 1051 1367 1104 Alia
1415 1052 1599 1119 itaque
1638 1050 1868 1111 ratione,
1906 1050 1999 1118 qui

412 1145 634 1200 Christo
669 1144 875 1200 addicti
928 1154 1070 1202 sunt.
1110 1161 1200 1201 res
1258 1144 1469 1208 vident,
1505 1151 1559 1200 et
1591 1144 1697 1198 alia
1731 1144 1998 1198 vecordes

414 1237 666 1307 gentiles.

766 1408 881 1478 86
910 1405 1240 1462 CCXXX.——
1258 1405 1717 1464 ZEPHYRIANO.

489 1499 678 1570 Neque
720 1500 1061 1554 multitudini
1091 1500 1439 1569 egregiorum
1475 1500 1784 1553 facinorum
1834 1498 1977 1554 ﬁden

415 1592 543 1645 dum
561 1601 665 1651 est,
682 1606 859 1661 neque
884 1600 1107 1662 propter
1123 1601 1304 1646 errata
1321 1591 1537 1645 animus
1555 1592 2000 1661 despondendus.

2093 500 2225 553 Θεὸν
2251 501 2517 571 ὑπάρχειν
2541 501 2633 555 τὸν
2659 500 2888 570 οὐρανὸν
2914 501 3165 567 νοοῦμεν,
3193 496 3307 551 ἀλλ’
3342 497 3502 567 ἔργον
3537 494 3709 549 εἶναι

2093 592 2249 645 Θεοῦ.
2304 593 2447 662 Ὀρῶ
2480 592 2591 659 ἐγὼ
2637 593 2737 661 τὴν
2764 594 2963 653 κτίσιν,
3003 589 3099 642 καὶ
3129 588 3195 641 δι’
3227 588 3396 656 αὐτῆς
3425 587 3570 656 πρὸς
3591 586 3707 638 τὸν

2093 685 2299 754 ταύτης
2320 684 2769 756 χειραγωγοῦμαι
2801 681 3156 753 δημιουργόν.
3199 679 3397 732 Βλέπει
3443 678 3708 732 πλοῦτον

2094 778 2122 829 ὀ
2150 775 2371 845 Ἕλλην,
2407 777 2502 829 καὶ
2531 776 2829 845 θαυμάζων
2855 774 3219 842 ἐκπλήττεται
3246 786 3261 799 ⁸
3306 771 3418 841 ὁρῶ
3445 768 3710 823 πλοῦτον

2097 869 2230 938 ἐγὼ,
2266 871 2361 925 καὶ
2384 869 2810 940 καταφρονήσας
2836 868 2930 921 τοῦ
2974 866 3208 920 πλούτου
3249 863 3507 933 ἐγέλασα.
3548 863 3709 933 Ὁρᾷ

2097 966 2289 1019 πενίαν
2335 967 2560 1027 ἐκεῖνος,
2610 963 2705 1016 καὶ
2769 960 2965 1032 φρίξας
3014 957 3295 1026 ὀδύρεται·
3345 955 3457 1025 όρῶ
3486 955 3708 1008 πενίαν

2100 1056 2229 1124 ἐγὼ,
2255 1057 2351 1108 καὶ⁸
2381 1054 2587 1126 σκιρτῶ
2647 1053 2739 1107 καὶ
2772 1046 3097 1120 ἁγάλλομαι.
3120 1046 3349 1100 πλοῦτον
3376 1044 3556 1115 ἀληθῆ
3584 1044 3708 1111 τὴν

2099 1146 2300 1215 ἀρετὴν
2323 1146 2703 1215 ἐπιστάμενος.
2764 1140 2998 1210 Ἑτέρως
3037 1137 3220 1191 τοίνυν
3268 1137 3319 1189 οἱ
3362 1134 3708 1206 Χριστιανοὶ

2100 1238 2268 1309 ὁρῶσι
2304 1236 2374 1290 τά
2420 1237 2743 1307 πράγματα,
2796 1233 2890 1286 καὶ
2929 1232 3132 1300 ἑτέρως
3175 1230 3224 1282 οί
3268 1229 3502 1300 ἄφρονες
3558 1224 3708 1280 ἾΞ).⁸

2102 1330 2284 1399 ληνες.
3506 1354 3525 1359 ι’

2561 1418 2682 1472 ΣΑο.
2717 1448 2785 1459 -
2813 1413 3222 1484 ΖΕΦΥΡΙΑΝῼ.

2179 1513 2316 1567 Οὑτε
2335 1512 2439 1585 0αρ
2447 1514 2559 1583 ῥεῖν
2590 1513 2884 1579 ἀναγκαῖον
2906 1509 3000 1561 ἐπὶ
3028 1507 3106 1577 τῷ
3127 1505 3322 1575 πλήθει
3346 1505 3455 1559 τῶν
3486 1503 3705 1574 ἀνδραο

2105 1604 2461 1675 γαθημάτων,
2501 1602 2615 1656 οὔτ’
2640 1600 3064 1670 σάπογινὼσκειν
3115 1600 3209 1652 ὲπὶ
3244 1600 3357 1659 τοῖς
3389 1595 3707 1665 ἐπταισμέ-

412 1680 662 1752 Namque
688 1682 1000 1737 Pharismus
1046 1682 1207 1738 bonis
1237 1682 1354 1736 suis
1405 1683 1665 1752 operibus
1702 1684 1899 1744 fidens.
1936 1700 2003 1738 ev

2134 1715 2241 1761 ιοις.
2291 1698 2400 1749 Καὶ
2453 1696 2562 1766 γὰρ
2591 1696 2619 1747 ό
2649 1696 2941 1766 Φαρισαῖος
2998 1692 3280 1764 θαρρήσας
3329 1690 3415 1742 ἐπ’
3456 1686 3708 1760 ἐργασίᾳ

412 1775 533 1844 ipsa
567 1775 788 1829 virtutis
810 1775 1151 1829 sublimitate
1180 1776 1414 1837 corruit,
1450 1786 1506 1829 et
1536 1776 1863 1845 publicanus
1889 1792 1995 1829 non

2134 1788 2344 1857 ψηστῇ,
2374 1786 2434 1851 ἐξ
2470 1784 2634 1838 αὑτοῦ
2664 1785 2763 1853 τῆς
2806 1784 3008 1854 ἀρετῆς
3037 1781 3347 1852 κατηνέχθη
3363 1778 3458 1832 τοῦ
3492 1777 3705 1846 ὕψους,

414 1869 716 1938 desperans
748 1869 802 1921 in
841 1877 1053 1921 tantum
1096 1869 1344 1923 elevatus
1368 1877 1473 1934 est,
1512 1877 1574 1922 ut
1605 1870 1792 1923 virtuti
1848 1868 2005 1923 dedi-

414 1970 531 2015 tum
553 1961 889 2015 Pharisasum
915 1961 1100 2015 divina
1131 1964 1403 2017 sententia
1430 1963 1774 2032 superaverit
1793 1961 1860 2015 ’⁸.

625 2139 1345 2197 ΕΟΧΧΧΙμ-ΝΙΟΑΒΕΤΟ
1374 2140 1792 2197 SCRINIARIO.

487 2231 962 2298 Quemadmodum
984 2236 1119 2289 mari
1146 2236 1200 2289 in
1232 2236 1401 2289 altum
1435 2238 1733 2299 sublato,et
1755 2235 2012 2292 ﬂuctibus

419 2326 663 2393 undique
695 2342 817 2383 sese
849 2328 1230 2383 attollentibus
1286 2331 1539 2383 navicula
1594 2329 2033 2400 submergitur;'

421 2421 502 2475 sic
525 2429 580 2476 et
610 2421 791 2473 anima
826 2420 1052 2475 tristitia
1108 2435 1230 2474 eam
1264 2421 1508 2489 undique
1560 2420 1817 2490 cingente
1857 2422 2010 2475 nulla

423 2512 751 2581 interposita
779 2527 932 2566 mora
975 2512 1308 2574 suffocatur,
1342 2512 1388 2567 si
1426 2514 1636 2567 nullum
1690 2512 2006 2577 offenderit,

418 2605 514 2675 qui
542 2606 590 2660 ei
628 2605 848 2659 interim
903 2620 1126 2676 operam
1189 2606 1544 2675 adjutabilem
1598 2608 1885 2677 porrigat,
1952 2614 2009 2662 et

420 2697 760 2751 consoletur.

420 2785 1150 2842 CCXXXll.—MONACHIS
1183 2787 1250 2843 ιΝ
1279 2787 1523 2844 CILICIA
1561 2787 2014 2844 DEGENTIBUS-

490 2879 608 2937 Non
642 2882 951 2946 mediocris,
985 2884 1078 2935 sed
1136 2884 1368 2935 maxima
1401 2884 1559 2936 uohis
1607 2883 1791 2938 la-titia
1826 2886 2019 2938 oborta

420 2982 527 3040 est,
577 2991 703 3030 cum
742 2976 1025 3045 piissimus
1058 2978 1347 3045 presbyter
1370 2975 1616 3031 Marinus
1675 2992 1764 3031 res
1810 2986 2019 3031 vestras

425 3068 583 3122 nobis
606 3068 934 3122 nuntiasset.
958 3066 1068 3121 Vos
1097 3068 1309 3122 scilicet
1358 3069 1691 3123 adamussim
1739 3070 2019 3140 apostolos

2106 1878 2200 1930 καὶ
2226 1879 2254 1929 ὁ
2281 1875 2518 1946 τελώνης
2548 1874 2623 1945 μὴ
2662 1874 2932 1941 ἀπογνοὺς
2965 1871 3221 1925 τοσοῦτον
3261 1866 3585 1938 ἀνωρθώθη,
3618 1866 3707 1928 ὡς

2109 1969 2314 2023 καὶτὸν
2339 1968 2596 2039 ἐνάρετον
2628 1968 2923 2037 Φαρισαῖον
2976 1963 3279 2035 ὑπερϐῆναι
3299 1965 3365 2032 τῇ
3396 1960 3565 2030 ψήφω
3596 1958 3705 2013 τοῦ

2111 2060 2438 2131 κρείττονος.

2336 2153 2503 2207 ΣΑΑο.
2536 2183 2606 2195 -.
2637 2149 2993 2221 ΝΙΚΑΡΕΤῼ
3035 2147 3460 2219 ΣΚΡΙΝΙΔΡΙῼ.

2185 2244 2394 2317 Ὥσπερ
2430 2246 2700 2317 θαλάττης
2738 2244 3035 2316 αἰρομένης
3078 2246 3158 2308 είς
3194 2243 3349 2314 ὕψος,
3380 2242 3473 2298 καὶ
3509 2244 3703 2314 κυμά-

2111 2354 2219 2391 των
2251 2336 2517 2390 πάντοθεν
2563 2335 2988 2405 κορυφουμένων
3030 2336 3091 2389 τὸ
3124 2335 3332 2403 σκάφος
3361 2334 3707 2407 ὑποϐρύχιον

2125 2428 2360 2498 γίνεται,
2396 2426 2567 2493 οὑτως
2587 2428 2682 2481 καὶ
2734 2427 2903 2498 ψυχὴ,
2931 2430 3032 2497 τῆς
3084 2427 3325 2496 ἀθυμίας
3353 2426 3520 2496 αὐτὴν
3552 2427 3703 2481 πάνυ

2113 2520 2270 2574 τοθεν
2352 2519 2926 2591 περιστοιχιζομένης,
3002 2518 3369 2585 ἀποπνίγεται
3439 2517 3660 2587 ταχέως
3687 2554 3705 2580 ,

2118 2611 2185 2665 ἂν
2209 2610 2284 2682 μὴ
2319 2610 2455 2682 εὕρῃ
2480 2611 2603 2663 τινὰ
2663 2612 2821 2681 χεῖρα
2872 2609 3156 2681 ὀρέγοντα,
3191 2609 3287 2662 καὶ
3335 2606 3707 2678 παραμυθοῦ·-

2121 2721 2298 2773 μενον.

2120 2798 2203 2851 ΣΛ
2214 2797 2285 2850 ιιι.
2315 2826 2382 2839 -ο
2402 2794 2761 2849 ΜυΝΑΧοιΣ
2792 2794 2882 2848 EN
2898 2791 2993 2864 Τῌ
3018 2792 3295 2864 Κ1ΛΙΚΙᾼ
3313 2790 3706 2846 AiAromN.

2192 2890 2265 2942 Οὑ
2293 2886 2549 2958 μετρίως,
2585 2885 2723 2940 ἀλλὰ
2773 2886 2866 2939 καὶ
2921 2885 3064 2939 πάνυ
3100 2884 3355 2955 μεγάλως
3396 2886 3709 2956 ἐχάρημεν.

2121 2979 2558 3049 ἀπαγγείλαντος
2592 2980 2725 3048 ἡμῖν
2756 2978 2824 3032 τὰ
2854 2976 2975 3030 καθ’
2997 2976 3244 3047 ὑμᾶςτοὺ
3279 2975 3709 3030 θεοσεϐεστάτου

2126 3071 2505 3143 πρεσϐυτέρου
2546 3069 2812 3140 Μαρίνου,
2844 3069 2920 3131 ὡς
2985 3069 3123 3139 πρὸς
3170 3070 3353 3122 πᾶσαν
3413 3067 3709 3138 ἀκρίϐειαν

422 3159 799 3227 aeiitulari,qui
831 3159 1086 3213 alacriter
1119 3160 1285 3214 rebus
1320 3160 1614 3216 mundanis
1650 3162 2006 3216 renuntiastis

2134 3167 2249 3227 τοὺς
2271 3162 2603 3225 ἀποστόλους
2634 3161 3007 3232 ὲμεμίμησθε,
3047 3159 3452 3231 ἀποταξάμενοί
3478 3176 3540 3213 τε
3563 3177 3708 3230 προ-

424 3267 624 3321 genus.
651 3262 704 3305 et
740 3252 934 3307 noxias
961 3255 1270 3320 voluptates
1320 3253 1710 3323 despicientes,
1743 3252 1810 3308 ad
1851 3253 2011 3307 labo-

426 3344 633 3397 riosam
666 3343 835 3397 vitam
863 3345 1158 3397 transitum
1210 3344 1499 3407 facientes,
1540 3353 1754 3399 vosmet
1777 3344 1834 3398 in
1863 3342 2012 3397 omni

428 3452 631 3504 genere
668 3439 936 3492 molestiae
967 3447 1022 3491 et
1061 3439 1376 3505 asperitatis
1403 3447 1625 3509 propter
1658 3437 1827 3492 Deum
1856 3454 2015 3493 exer-

428 3536 639 3591 centes,
674 3537 728 3583 et
760 3544 857 3583 ore
890 3544 1175 3598 nunquam
1211 3539 1499 3584 cessantes
1525 3545 1675 3594 eutn,
1698 3529 1793 3599 qui
1820 3545 1919 3584 vos
1947 3527 2017 3583 ad

430 3624 829 3679 monachorum
889 3625 1212 3695 dignitatem
1271 3625 1571 3678 maximam
1631 3624 2014 3685 advocaverat,

430 3716 716 3770 laudantes
780 3714 1127 3770 Servatorem
1168 3723 1223 3769 et.
1276 3732 1455 3785 regem
1491 3715 1791 3782 Christum,
1834 3724 1893 3770 ut
1919 3730 2019 3772 vos

428 3823 667 3879 quoque,
692 3806 1154 3877 quemadmodum
1188 3806 1373 3860 divina
1390 3806 1499 3876 87
1513 3804 1894 3878 Egyptiorum
1927 3805 2021 3861 fax

428 3902 731 3965 Antonius,
767 3907 891 3971 post
914 3900 1039 3954 vita:
1066 3900 1278 3954 exitum
1307 3900 1505 3953 futurae
1531 3901 1876 3969 generationi
1903 3913 2011 3969 op-

432 3997 549 4050 timi
580 3997 705 4050 vitae
734 3994 972 4050 instituti
995 3995 1285 4064 imaginem
1308 3994 1661 4053 relinquatis.

540 4170 942 4228 CCXXXIII.—
967 4169 1429 4226 THEOPEMPTO
1460 4169 1923 4229 PROTECTORI.

503 4262 859 4319 Conducibile
890 4270 945 4318 et
979 4263 1215 4318 maxime
1275 4265 1719 4332 percommodum
1773 4266 1867 4321 tibi
1904 4267 2025 4322 fue-

434 4354 510 4409 rit
543 4357 669 4411 vitae
689 4356 895 4410 exitum
955 4370 1171 4424 semper
1196 4370 1306 4424 prae
1340 4356 1521 4410 oculis
1555 4356 1779 4423 habere,
1805 4366 1860 4413 et
1890 4359 2026 4415 retia

434 4446 639 4501 diaboli
672 4447 824 4502 varia
859 4447 1251 4517 implicataque
1286 4448 1499 4518 fugere.

506 4559 1233 4617 CCXXXIV.—-CARPIONI
1292 4561 1955 4620 VALENTINIANORUM

828 4631 1217 4688 IIASRESEOS
1261 4632 1672 4689 SECTATURI.

508 4720 652 4777 Cum
697 4722 1053 4793 impudenter
1102 4725 1269 4778 nimis
1296 4725 1502 4780 nudius
1562 4727 1758 4781 tertius
1783 4725 1839 4780 in
1904 4725 2026 4780 loco

443 4814 665 4885 publico
704 4830 1013 4870 sermonem
1040 4814 1250 4870 habere
1287 4831 1458 4870 ausus
1484 4813 1680 4879 fueris,
1710 4816 2026 4884 dixerisque

442 4921 608 4960 unam
641 4906 957 4976 quampiam
991 4905 1215 4962 deitatis
1248 4914 1467 4976 neptem
1505 4906 1807 4960 Achamoth
1841 4909 2024 4975 appel-

446 4999 635 5063 latam,
669 5014 793 5053 cum
826 4998 1202 5053 desiderasset
1250 4997 1689 5067 magnitudinem
1723 4997 2031 5068 deprehen-

444 5092 601 5155 dere,
628 5092 722 5160 qui
753 5090 810 5145 in
833 5090 1269 5147 :ublimitatibus
1295 5088 1765 5145 incnarrabilibus
1801 5090 2028 5156 habitat,

452 5182 545 5237 Dei
578 5189 943 5252 cognomento
981 5182 1164 5253 Bythi,
1196 5190 1251 5238 et
1290 5180 1440 5236 illius
1471 5182 1565 5251 qui
1611 5181 1793 5235 Chaos
1820 5196 2035 5235 nuncu-

450 5278 633 5340 patur,
664 5271 716 5325 id
748 5272 897 5326 haud
949 5288 1218 5343 prospero
1268 5280 1467 5328 eventu
1499 5287 1842 5341 aggressam,
1891 5272 2034 5327 infra

450 5361 740 5426 Cecidisse,
775 5373 832 5419 et
882 5362 1166 5418 sedentem
1199 5363 1373 5418 solam
1427 5363 1481 5416 in
1546 5361 1790 5417 tenebris
1860 5361 2026 5416 nimis

528 5540 573 5574 ’⁸
596 5540 730 5596 Luc.
761 5559 917 5611 mn,
961 5543 1048 5601 10.

2117 3256 2303 3326 θύμως
2330 3257 2443 3317 τοῖς
2476 3254 2571 3307 τοῦ
2633 3254 2840 3323 κόσμου
2910 3252 3254 3323 πράγμασιν,
3304 3252 3461 3321 γένος
3512 3269 3571 3304 τε
3605 3254 3710 3304 καὶ

2115 3349 2337 3419 τέρψεις
2363 3345 2630 3418 βλαϐερὰς
2670 3344 3019 3415 ὑπεριδόντες
3043 3384 3058 3405 ,
3094 3344 3357 3414 καῖ’πρὸς
3384 3344 3477 3397 τὸν
3508 3344 3711 3397 ὲπίπο·

2116 3458 2207 3493 νον
2234 3436 2600 3508 μετετάξασθε
2629 3437 2764 3506 βίον,
2790 3438 2939 3508 πάσῃ
2958 3436 3299 3506 κακοπαθείᾳ
3326 3436 3418 3489 καὶ
3439 3435 3710 3505 σκληρού-

2117 3530 2212 3602 χίᾳ
2238 3530 2326 3583 διὰ
2354 3528 2486 3582 Θεὸν
2519 3527 2748 3591 ἑαυτοὺς
2777 3527 3075 3590 ἐπιδόντες,
3106 3527 3204 3580 καὶ
3234 3526 3497 3597 στόμασιν
3524 3525 3710 3579 ἀπαύ-

2120 3638 2267 3684 στοις
2295 3620 2645 3692 γεραίροντες
2672 3618 2767 3672 τὸν
2806 3617 3327 3688 προσκαλεσάμενον
3361 3617 3507 3686 ὑμᾶς
3536 3616 3615 3678 είς
3647 3616 3713 3669 τὸ

2119 3712 2227 3765 τῶν
2260 3710 2509 3783 μοναχῶν
2535 3710 2796 3781 μέγιστον
2824 3709 3069 3779 ἀξίωμα,
3102 3710 3331 3780 Σωτῆρα
3362 3709 3458 3761 καὶ
3481 3708 3711 3779 βασιλέα

2121 3802 2376 3874 Χριστὸν,
2410 3803 2560 3866 ὅπως
2582 3800 2650 3855 ἂν
2675 3800 2773 3855 καὶ
2792 3802 2975 3871 ὑμεῖς,
3001 3799 3191 3870 ὥσπερ
3215 3800 3245 3853 ό
3273 3799 3417 3863 θεῖος
3446 3799 3713 3870 λαμπτὴρ

2122 3895 2230 3949 τῶν
2258 3894 2572 3961 Αἰγυπτίων
2614 3893 2917 3960 Ἀντώνιος,
2952 3893 3091 3964 μετὰ
3120 3894 3221 3964 τὴν
3240 3892 3495 3963 τελευτὴν
3528 3894 3711 3962 ὑμῶν,

2123 3987 2484 4042 καταλείπετε
2545 3988 2613 4058 τῇ
2654 3986 2927 4059 μελλούσῃ
2974 3988 3137 4057 γενεᾷ
3182 3988 3370 4041 εἰκόνα
3434 3986 3713 4051 πολιτείας

2123 4079 2378 4152 ἀρίστης.

2304 4169 2466 4223 ΣΛΓ¹.
2497 4197 2567 4209 --
2591 4167 3018 4237 ΘΕΟΠΕΜῙΙΤῼ
3061 4166 3530 4221 ΠΡΟΤΗΚΤΟΡΙ.

2209 4259 2497 4329 Ὠφέλιμον
2520 4258 2673 4311 ἔσται
2696 4275 2799 4325 σοι,
2825 4257 2919 4311 καὶ
2962 4256 3103 4327 ἄγαν
3140 4256 3450 4327 κερδαλέον,
3477 4258 3538 4310 τὸ
3567 4272 3715 4326 εχειν

2127 4349 2215 4403 ἀεὶ
2244 4350 2350 4419 πρὸ
2371 4348 2666 4419 ὀφθαλμῶν
2695 4351 2795 4420 τὴν
2843 4347 3023 4414 ἔξοδον
3061 4348 3153 4402 τοῦ
3186 4349 3325 4419 βίου,
3356 4352 3451 4403 καὶ
3486 4348 3715 4418 φεύγειν

2052 4456 2099 4514 ι)
2128 4440 2220 4494 τοῦ
2241 4441 2488 4495 διαϐόλου
2516 4444 2586 4496 τὰ
2618 4441 2934 4495 πολύπλοκα
2963 4441 3175 4496 δίκτυα.

2135 4554 2295 4609 ΣΛΔ’.
2324 4584 2393 4597 -—
2424 4555 2762 4608 ΚΑΡΠΙΩΝΙ
2810 4554 3137 4611 ΑΙΡΕΤΙΚΩ
3199 4555 3334 4609 ΤΗΣ
3359 4556 3497 4611 ΤΩΝ
3549 4557 3713 4610 ΟΥΔ-

2559 4626 2916 4678 ΔΕΝἸΊΝΩΝ
2932 4626 3285 4680 ΑΙΡΕΣΕΩΣ.

2206 4716 2286 4785 (1)
2331 4716 2894 4789 Ἀπηρυθριασμένως
2930 4717 3303 4789 τολμήσαντός
3331 4734 3424 4771 σου
3458 4718 3565 4787 πρὸ
3591 4719 3712 4771 δευ-

2129 4807 2295 4881 τέρας
2320 4808 2533 4879 ήμέρας
2554 4807 2763 4879 ὁμιλεῖν
2789 4810 2847 4862 ὲν
2867 4808 3018 4879 τόπῳ
3046 4808 3110 4880 δη
3120 4809 3317 4879 μοσίῳ,
3334 4810 3429 4865 καὶ
3442 4808 3712 4877 λέγοντος.

2127 4902 2320 4970 ὅτιπερ
2352 4899 2450 4969 μία
2483 4917 2565 4964 τις
2594 4900 2791 4970 ὲγγόνη
2806 4901 2906 4972 τῆς
2935 4899 3190 4971 θεότητος
3217 4901 3520 4973 λεγουμένη
3564 4903 3716 4972 Ἀχα-

2134 4991 2273 5063 μὼθ,
2305 4991 2692 5061 ὲπιθυμήσασα
2735 4992 2795 5046 τὸ
2859 4992 3091 5063 μέγεθος
3146 4993 3478 5051 καταλαϐεῖν
3534 4994 3629 5047 τοῦ
3652 4998 3712 5049 ἐν

2132 5085 2323 5156 ὑψεσιν
2357 5084 2693 5156 ἀπορρήτοις
2726 5084 2865 5139 Θεοῦ
2901 5084 2999 5140 τοῦ
3038 5088 3585 5157 προσαγορευομένου
3614 5087 3712 5141 Βυ-

2132 5178 2248 5243 θοὺ,
2277 5178 2373 5232 καὶ
2398 5178 2601 5241 Χάους,
2628 5177 2724 5231 καὶ
2750 5177 2910 5231 τοῦτο
2939 5179 3363 5249 ἐπιχειρήσασα,
3391 5181 3487 5232 καὶ
3510 5180 3709 5233 ἀποτυ-

2132 5270 2298 5342 χοῦσα
2329 5270 2490 5323 ἔπεσε
2523 5269 2695 5335 κάτω,
2734 5269 2831 5324 καὶ
2860 5269 3189 5324 καθεσθεῖσα
3220 5271 3357 5342 μόνη
3392 5274 3448 5325 ὲν
3473 5272 3552 5340 τῷ
3586 5274 3709 5325 σκόο

2131 5380 2215 5416 τει
2244 5362 2474 5415 ἔκλαυσε
2500 5362 2705 5434 σφόδρα
2734 5362 2963 5434 σφόδρα,
2987 5363 3084 5417 καὶ
3121 5365 3187 5416 ἐκ
3226 5363 3334 5417 τῶν
3371 5364 3578 5434 ταύτης
3622 5365 3711 5420 δαι-

528 5682 605 5752 (t)
642 5679 803 5740 Notat
834 5684 1137 5740 Cotelerius
1164 5682 1427 5753 (Μοηιιηι.
1458 5682 1521 5736 Ε.
1554 5680 1685 5748 (2.1,
1717 5682 1840 5751 768)
1880 5680 2022 5736 hanc
2056 5680 2341 5751 epistolam
2364 5680 2601 5738 efﬁctam
2631 5697 2756 5740 esse
2780 5698 2846 5739 ex
2874 5682 2998 5739 loco
3025 5680 3083 5737 S.
3117 5683 3331 5748 lrenaei,
3354 5683 3451 5739 lib.
3481 5684 3517 5750 Ι,
3546 5702 3591 5739 c.
3616 5683 3704 5744 2t.

459 5754 620 5811 Eutr.
