3850 6218
138 303 212 366 169
1308 299 1658 361 EPISTOLA

1780 296 1833 355 Μ
1875 293 2017 353 LIB.
2049 291 2098 353 Ι.
3192 280 3290 347 170

136 420 267 488 κρύων
286 415 487 483 γέγονεν
515 415 549 484 ἡ
578 412 717 484 ὑγρά
745 414 922 473 οὐσία.
957 412 1358 483 παρερχόμενός
1392 430 1474 473 τις
1505 410 1615 462 τῶν
1645 446 1656 471 Α

1772 421 1990 475 uterque
2047 403 2438 468 illacrymatam
2478 398 2669 461 fuisse,
2705 406 2759 452 et
2811 412 2872 451 ex
2913 395 3056 449 illius
3112 395 3292 466 lacry-

134 508 353 579 ἡμετέρων
391 505 644 574 ἀδελφῶν,
706 504 955 575 ἠρώτησὲ
1010 521 1090 566 σε,
1133 504 1276 572 εἴγε
1322 503 1498 555 πάντα
1524 501 1618 554 καὶ

1778 498 1824 551 is
1906 496 2214 549 universam
2326 506 2587 560 aquarum
2674 488 3030 544 substantiam
3114 496 3292 541 ortum

133 605 181 656 ri
200 599 399 670 ἁλμυρὰ,
434 601 525 668 καὶ
560 603 627 653 τά
661 599 867 666 γλυκέα
914 597 1081 650 ὕδατα
1112 599 1176 649 ὲκ
1224 596 1333 649 τῶν
1368 594 1619 664 δακρύων

1776 587 1985 652 uisse;
2014 586 2253 650 interim,
2302 584 2429 637 dum
2456 583 2728 653 quiSpiam
2782 597 2845 637 ex
2877 581 3079 635 nostris
3111 581 3296 633 fratri-

132 694 201 763 τῆς
218 689 439 761 ’Δχαμὼθ
465 690 693 758 ὑπέστη·
729 688 794 741 σύ
818 688 862 741 δ’
883 689 1162 757 ἀπορήσας
1185 687 1378 746 εἰπεῖν,
1397 684 1621 755 διωρίαν

1775 694 1826 733 ts
1878 676 2428 747 praetergrederetur,
2484 670 2778 742 postulavit
2830 686 2861 723 a
2921 678 3003 733 te,
3055 685 3123 723 an
3177 684 3295 722 om-

132 760 362 854 ἐξῄτησας,
390 782 481 835 καὶ
521 780 684 851 μέχρι
726 777 820 831 νῦν
858 777 1137 849 προελθεῖν
1177 778 1276 829 οὐκ
1300 775 1621 845 ἐτόλμησας,

1779 784 1822 824 ιε
1836 770 1993 824 salsae
2006 776 2062 823 et
2078 768 2263 822 dulces
2288 780 2437 835 aqua:
2454 781 2519 820 ex
2540 763 2837 817 Acbatnoth
2854 761 3107 832 Iacrymis
3123 760 3299 814 corri-

134 874 188 943 pi;
207 873 319 942 ἔχων
340 870 513 925 δοῦναι
542 870 719 937 λόγον.
742 869 807 921 Ἢ
816 871 933 937 μείς
958 867 1014 921 δὲ
1034 866 1382 936 γελάσαντες,
1406 863 1627 934 ψεῦσμα

1781 872 1864 915 ttae
1896 860 2005 915 sint
2030 861 2053 913 ?
2081 859 2133 913 Id
2166 874 2289 913 cum
2323 857 2616 921 nescisses,
2642 863 2857 925 tempus
2872 854 2940 909 ad
2966 853 3301 925 responden-

131 964 188 1033 τῷ
203 964 375 1033 ψεύστῃ
397 961 599 1030 γελοῖον
635 960 1001 1030 φθεγξόμεθα,
1060 956 1195 1028 πρὸς
1222 956 1284 1009 τὸ
1310 954 1631 1026 παραμυθή-

1780 970 1858 1007 1m
1894 953 2124 1024 petiisti,
2161 960 2215 1006 et
2272 950 2577 1021 usquedum
2636 948 2931 1019 procedere
2968 963 3078 1001 non
3129 946 3300 1002 audes

134 1056 283 1109 σσσθαι
306 1057 391 1124 τὴν
416 1053 647 1124 ἀπορίαν
668 1052 859 1105 αὐτοῦ·
895 1052 1061 1120 ἐχρῆν
1085 1050 1193 1117 γάρ
1229 1064 1287 1100 σε
1323 1044 1631 1113 ἀπαντῆσαι

1780 1063 1855 1099 tm
1882 1046 2093 1099 ratione
2112 1044 2449 1099 destituaris.
2477 1041 2861 1095 Verumtamen
2880 1054 2981 1095 nos
3005 1040 3116 1093 risu
3135 1038 3300 1102 edito,

133 1146 325 1213 Εγοντα,
355 1147 431 1197 an
463 1146 531 1198 τά
561 1146 655 1213 μὲν
686 1142 857 1214 πικρά
876 1143 975 1212 τῆς
1000 1141 1345 1211 ἀνυπάρκτου
1378 1135 1631 1207 Ἀχαμὼθ

1782 1136 2081 1190 ιεηάοοίυηι
2117 1134 2387 1197 mendaci,
2421 1133 2514 1189 sed
2541 1134 2853 1195 ridicuium,
2884 1132 2949 1184 ad
2982 1131 3127 1186 illius
3148 1129 3302 1198 adju-

131 1238 308 1307 δὰαρυα,
351 1236 445 1300 τὰς
490 1234 738 1306 ἁλμυράς
799 1232 1068 1291 θαλάσσας
1120 1232 1423 1299 ὑπέστησεν
1462 1228 1536 1289 ὼς
1576 1224 1636 1290 ἐξ

1784 1226 1964 1281 undam
1988 1226 2382 1280 haesitationem
2407 1225 2461 1277 in
2490 1223 2724 1277 medium
2758 1220 3115 1291 proferamus.
3140 1218 3304 1273 Nam-

132 1328 277 1398 ὀδύνης
327 1330 415 1381 καὶ
462 1325 777 1399 δριμυγμοῦ
837 1324 1021 1378 ἱκανοῦ
1071 1322 1424 1393 προχεθέντα.
1464 1321 1524 1372 ’0
1582 1319 1638 1372 δὲ

1784 1334 1843 1372 tle
1886 1317 2323 1384 reSpondendum
2358 1315 2452 1368 tibi
2504 1324 2622 1368 erat
2652 1328 2866 1368 amaras
2899 1326 3019 1382 quae
3046 1311 3194 1365 nulla
3224 1321 3304 1365 est

134 1422 253 1493 ἱδρὼς
275 1424 362 1491 τῆς
392 1420 736 1491 ταλαιπώρου
773 1414 1029 1488 γυναικὸς
1071 1414 1253 1484 πηγάς
1290 1411 1636 1483 ὲξηρεύξατο,

1786 1409 2038 1464 chamotlt
2064 1409 2177 1478 88
2203 1408 2469 1478 lacrymas
2514 1406 2660 1461 salsa
2692 1404 2865 1459 maria
2897 1417 3302 1474 progctterasse,

131 1515 200 1566 καὶ
225 1513 501 1583 ποταμοὺς,
556 1513 651 1565 καὶ
699 1511 931 1580 φρέατα,
977 1508 1173 1578 λίμνας
1201 1522 1261 1558 τε
1306 1503 1489 1557 καὶτὰ
1516 1502 1642 1572 ἑξῆς

1784 1516 2001 1571 inquam
2032 1516 2153 1570 quae
2182 1516 2247 1554 ex
2278 1501 2465 1553 dolore
2498 1508 2552 1553 et
2583 1498 2918 1552 laceratione
2949 1495 3134 1551 effusae
3156 1505 3304 1550 sunt.

129 1606 309 1675 γλυκέα.
328 1606 509 1660 Ταῦτα
544 1606 681 1677 πρὸς
737 1605 828 1657 τὸν
890 1602 981 1656 σὸν
1011 1601 1174 1672 λῆρον
1212 1596 1513 1667 γελοιωδῶς
1555 1595 1643 1648 λέ-

1790 1594 1851 1650 ed
1883 1594 2134 1649 sudorem
2163 1594 2310 1648 illius
2346 1592 2569 1647 misella:
2593 1590 2859 1655 mulieris,
2887 1588 3089 1653 fontes,
3122 1598 3177 1643 et
3210 1587 3310 1640 llu-

129 1715 277 1767 γομεν.
1748 1686 1891 1751 vios,
1904 1693 1958 1741 et
1976 1695 2193 1755 puteos,
2225 1694 2277 1739 et
2296 1686 2465 1747 lacus,
2484 1691 2538 1737 et
2550 1683 2787 1752 reliquas
2803 1681 2990 1736 dulces
3009 1696 3180 1750 aquas
3193 1696 3314 1735 eru-

1675 1774 1716 1830 B
1746 1787 1948 1833 ctasse.
1982 1777 2105 1831 Haec
2136 1777 2200 1830 ad
2238 1787 2358 1831 tuas
2385 1776 2615 1846 ineptias
2643 1790 2754 1829 non
2786 1774 2903 1830 sine
2933 1772 3312 1829 risudicimus.

391 1874 557 1928 EAE’.
584 1902 654 1913 —
686 1868 969 1940 ΕΥΣΕΒΙῼ
1010 1866 1332 1938 ΔΙΑΚΟΝῼ.

1979 1885 2282 1943 CCXXXV.
2312 1916 2382 1929 --
2412 1884 2705 1940 EUSEBIO
2739 1884 3058 1941 DIACONO.

181 1966 333 2019 Doni
377 1969 404 2019 ὁ
441 1965 577 2028 Θεὸς
597 1963 897 2033 λεληθότως
941 1960 1231 2031 ἐργάζεται
1264 1959 1395 2028 πρὸς
1429 1957 1489 2008 τὸ
1512 1972 1647 2024 συμ-

1820 1978 2085 2049 Pleraque
2112 1979 2254 2034 Deus
2314 1980 2543 2034 latenter
2569 1978 2639 2033 ad
2699 1979 2990 2033 utilitatem
3042 1986 3311 2041 nostram,

132 2058 259 2126 φέρον
278 2059 419 2126 ἡμῖν,
451 2056 557 2108 κᾶν
616 2051 914 2123 σκυθρωπά
964 2050 1096 2119 δοκῇ
1126 2047 1192 2100 τὰ
1254 2046 1648 2116 συμπίπτοντα.

1795 2079 1882 2124 cet
1935 2046 2119 2125 tristia
2169 2084 2290 2139 qua:
2338 2079 2640 2124 occurrunt
2669 2069 2977 2133 videantur,
3033 2080 3314 2139 operatur.

139 2146 294 2217 Ἡμεῖς
322 2149 373 2200 δὲ
403 2147 494 2200 τὸν
542 2144 699 2213 λόγον
760 2143 867 2196 τῶν
929 2139 1347 2211 συμπτωμάτων
1386 2137 1446 2190 οὐ
1494 2136 1654 2189 πολυ-

1801 2178 1863 2216 os
1890 2177 2019 2217 vero
2051 2170 2343 2215 eventuum
2390 2176 2614 2225 causas,
2645 2162 2807 2216 veluti
2838 2162 3026 2217 ﬁdeles
3054 2176 3119 2216 ac
3174 2162 3319 2217 servi

132 2236 506 2307 πραγμονοῦμεν
563 2236 637 2297 ὡς
663 2233 842 2286 πιστοὶ
900 2232 994 2284 καὶ
1037 2229 1248 2299 γνήσιοι
1283 2227 1507 2281 οἰκέται,
1557 2226 1652 2277 Ἓν

165 2331 174 2337 .
303 2330 314 2337 .
542 2328 553 2337 ι
768 2328 791 2337 .-
830 2324 853 2337 Α
1000 2323 1023 2337 αι
1356 2320 1370 2337 Ι
1414 2336 1427 2337 κ
1504 2336 1509 2337 ,
1564 2316 1649 2337 μμὶ

1800 2253 2022 2315 armani,
2054 2251 2329 2307 curiosius
2383 2266 2489 2305 non
2530 2252 2916 2316 disquirimus.
2958 2250 3090 2304 Nam
3149 2267 3320 2306 unum

131 2331 214 2397 γάρ
258 2330 402 2400 μόνον
458 2328 570 2399 χρὴ
627 2324 937 2387 πεπεῖσθαι,
997 2323 1079 2376 ὃτι
1126 2320 1532 2391 συμφερόντως,
1561 2316 1651 2369 καὶ

1803 2350 1970 2395 tntum
2038 2341 2376 2396 credendum
2418 2341 2581 2397 nobis
2616 2350 2722 2407 est,
2775 2356 3117 2411 quaecunque
3162 2342 3323 2396 nobis

132 2421 373 2493 ὡςελίμως
405 2423 542 2491 ἡμῖν
574 2419 785 2473 ἅπαντα
840 2416 1161 2487 ἐπιφέρεται
1213 2412 1364 2483 παρά
1401 2412 1491 2463 τοῦ
1523 2426 1652 2479 προ-

1799 2432 2075 2492 dveniunt.
2102 2432 2286 2487 omnia
2346 2434 2559 2488 utiliter
2594 2449 2659 2487 ac
2696 2434 3116 2489 conducibiliter
3150 2448 3183 2487 a
3221 2450 3319 2488 no—

131 2513 283 2581 νοητού
312 2512 415 2565 τῶν
454 2511 745 2582 ἡμετέρων
793 2508 1002 2579 ψυχῶν,
1036 2507 1126 2560 τὸν
1153 2505 1211 2559 δὲ
1231 2505 1431 2575 τρόπον
1458 2505 1651 2573 μηκέτι

1802 2539 1994 2579 .rarum
2028 2524 2332 2578 animarum
2367 2536 2618 2580 curatore
2639 2526 2947 2595 provenire.
2978 2524 3087 2580 Nec
3130 2526 3322 2581 modus

132 2600 293 2673 ζητεῖν,
314 2606 448 2675 μήτε
473 2603 809 2671 ἀγνοοῦντας
835 2599 1143 2671 ἀσχάλλειν,
1162 2598 1275 2652 ,καὶ
1298 2596 1549 2685 ἀθυμεῖνῖ
1565 2596 1651 2645 οὐ·

1801 2618 1906 2671 ltra
1941 2615 2270 2685 quaerendus
2299 2623 2406 2679 est,
2466 2631 2665 2685 neque,
2702 2617 2748 2671 si
2779 2617 2931 2670 illum
2984 2617 3321 2681 nesciamus,

130 2691 277 2765 δὲγὰρ
303 2693 571 2747 λυσιτελεῖ
598 2692 661 2744 τὸ
706 2689 1051 2755 ἐπίστασθαι,
1082 2688 1143 2741 τὸ
1182 2687 1281 2758 μὲν
1326 2685 1414 2738 διὰ
1442 2683 1502 2736 τὸ
1530 2682 1650 2752 θνη⁴

1805 2707 1885 2778 agi
1922 2707 2279 2775 indolereque
2309 2707 2494 2761 animo
2522 2724 2536 2773 ;
2567 2707 2715 2762 illius
2779 2707 2925 2762 enim
2976 2709 3203 2763 scientia
3242 2711 3325 2762 ni-

130 2786 230 2847 τούς
250 2781 400 2846 εἴναι,
447 2783 515 2837 τὸ
544 2784 601 2835 δὲ
632 2781 720 2835 διὰ
744 2781 806 2834 τὸ
836 2780 1070 2843 εὐκόλως
1115 2779 1251 2849 πρὸς
1284 2777 1454 2844 τῦφον
1490 2775 1650 2844 ἡμᾶς,

1805 2775 2144 2859 ἤι’ςοηύιιοίι,
2180 2804 2295 2850 tum
2325 2796 2471 2866 quod
2501 2798 2763 2853 mortales
2790 2813 3003 2862 sumus,
3028 2808 3141 2852 tum
3180 2799 3325 2868 quod

131 2878 201 2932 καὶ
229 2878 476 2931 ἀπόνοιαν
512 2873 782 2944 αἴρεσθαι.

1763 2889 1923 2945 facile
1954 2888 2210 2957 superbia
2242 2902 2306 2941 ac
2325 2888 2594 2955 jactantia
2629 2887 2900 2942 ittllamur.

349 2966 563 3031 ἔΣΛςΓ.
592 2992 660 3003 -
680 2960 971 3031 ΣΟΦΙΛΝῼ
1002 2960 1365 3031 ΣΧΟΛΑΡΙῼ.

1938 2973 2341 3029 CCXXXVl.—-
2369 2972 2706 3028 SOPHIANO
2738 2973 3145 3032 SCHOLARIO.

184 3058 237 3111 Εἰ
260 3058 323 3111 τὰ
350 3057 422 3127 μὴ
454 3056 589 3109 ὄντα
622 3054 769 3105 ποιεῖ
819 3050 1069 3118 γενέσθαι
1103 3050 1253 3113 Θεὸς.
1286 3052 1381 3163 καὶ
1407 3054 1519 3116 τοῖς
1551 3067 1654 3121 μη·
1692 3108 1704 3159 1

244 3147 267 3159 -
372 3146 394 3163 ε.
434 3140 445 3147 -
492 3137 1320 3163 ---_____.--_1-.-_--._-rr-__.-1-
1350 3156 1432 3163 -.-.
1488 3139 1661 3163 --πη

1837 3066 1894 3122 Si
1923 3083 1985 3122 ea
2013 3083 2133 3137 quae
2174 3082 2282 3122 non
2326 3076 2475 3131 sunt,
2514 3066 2644 3120 facit
2685 3075 2745 3120 ut
2772 3066 2922 3132 fiant,
2955 3067 3115 3137 Deus,
3146 3079 3202 3125 et
3239 3072 3324 3138 iis,

127 3147 267 3216 δσμοῦ
293 3140 557 3217 μηδαμῶς
575 3140 916 3210 φαινομένοις
931 3138 1209 3208 χαρίζεται
1228 3132 1456 3202 τὸεῖναι,
1487 3139 1647 3210 πολλᾷ

1807 3159 1858 3211 ui
1916 3132 2062 3212 nulla
2124 3157 2374 3227 nuspiam
2431 3166 2718 3227 apparent,
2752 3166 2812 3212 ut
2858 3160 2993 3223 sint,
3040 3132 3325 3233 elargitur,

132 3239 296 3306 μᾶλλον
320 3237 388 3291 τὰ
405 3237 543 3289 ὅντα
569 3230 976 3302 ἀνορθώσασθαι
1004 3230 1244 3282 δύναται.

1766 3249 1937 3304 multo
1967 3248 2162 3306 melius
2195 3266 2257 3305 ea
2281 3263 2404 3318 qua:
2429 3256 2579 3312 sunt,
2615 3249 2903 3305 sublevare
2928 3254 3152 3321 poterit.

579 3330 740 3382 EAZ'.
768 3357 822 3367 -
870 3326 954 3392 Τῷ
994 3324 1174 3390 αὐτῷ.

2215 3339 2636 3395 CCXXXVIl.—-—
2662 3340 2868 3395 Eidem.

189 3424 239 3479 Ὀ
273 3423 345 3495 μὴ
392 3420 712 3493 προσδοκῶν
749 3418 974 3481 εὐθύνας
1018 3417 1229 3485 ὑφέξειν
1268 3415 1375 3467 τῶν
1414 3431 1667 3485 πεπραγ-

1836 3430 1939 3497 Qui
1976 3407 2083 3486 non
2123 3438 2403 3501 exspectat
2433 3446 2612 3486 rerum
2644 3445 2676 3485 a
2717 3447 2777 3498 se
2813 3442 3089 3503 gestarum
3119 3448 3330 3503 poenas,

130 3515 277 3584 μένων
302 3512 474 3583 αὐτῷ,
502 3511 716 3572 πάντως
750 3510 928 3578 πάσης
951 3509 1148 3572 κακίας
1186 3507 1490 3575 ἀνθέξεται.

1768 3538 1852 3577 uae
1887 3523 1979 3577 ille
2017 3522 2330 3577 universam
2366 3522 2773 3590 improbitatem
2801 3524 3184 3593 amplectetur.

612 3602 779 3655 ΣΛΗ’.
803 3629 868 3640 -ο
898 3598 981 3663 Τῷ
1022 3598 1199 3663 αὐτῷ.
2123 3619 2132 3678 ε

2123 3613 2237 3683 39
2266 3610 2640 3668 ccxxxvut.
2675 3644 2748 3658 —
2783 3614 2990 3670 Eidem.

191 3696 241 3749 '0
273 3695 492 3766 ’Κύριος
513 3693 670 3764 ἡμῶν
709 3691 911 3761 Ἰησοῦς
944 3692 1175 3761 Χριστὸς
1198 3693 1263 3761 τῇ
1303 3688 1552 3759 πτωχείᾳ
1578 3689 1670 3741 τὸν

1844 3703 2111 3759 Dominus
2144 3712 2331 3759 noster
2360 3703 2520 3759 Jesus
2549 3705 2804 3761 Christus
2827 3706 3132 3774 paupertati
3160 3706 3332 3762 beati-

131 3786 448 3857 μακαρισμὸν
486 3776 918 3854 ἀπεκλ.ήρωσεν”
956 3782 1090 3850 μόνη
1119 3781 1227 3850 γὰρ
1261 3780 1399 3849 αὐτη
1428 3775 1537 3832 οἶδε
1570 3795 1651 3848 τη-

1810 3793 2013 3847 tdinem
2054 3792 2384 3846 attribuit”.
2417 3790 2544 3846 Sola
2575 3794 2775 3847 etenim
2804 3793 2924 3862 ipsa
2964 3793 3196 3849 miseriae
3226 3795 3330 3847 bu-

131 3881 224 3944 ρεῖν
253 3879 318 3931 τά
346 3879 526 3949 μέτρα
568 3878 667 3945 τῆς
713 3871 1059 3944 ἀνθρωπίνης
1093 3872 1485 3941 ταλαιπωρίας,
1530 3887 1651 3939 μισε

1813 3898 1950 3938 tame
1984 3884 2206 3939 modum
2240 3893 2552 3951 praesentat,
2586 3894 2854 3937 tumorem
2883 3877 3333 3954 odit,compescit

129 3968 205 4021 τὸν
248 3970 429 4040 ὄγκον,
498 3967 775 4021 συστέλλει
807 3966 868 4019 τὸ
922 3965 1197 4035 φρόνημα,
1242 3964 1486 4016 ταπεινοῖ
1523 3962 1640 4029 λογι

1810 3975 2117 4039 ictantiatn,
2150 3978 2513 4047 cogitationes
2548 3977 2807 4043 demittit,
2838 3977 3151 4048 superbiam
3193 3993 3330 4032 cou-

126 4061 296 4126 σμούς,
315 4058 730 4131 ὐπερηφάνπεταν
750 4055 1088 4125 αἰσχύνεται,
1106 4054 1292 4123 βλέπει
1320 4051 1415 4105 τοῦ
1453 4053 1564 4123 βίου
1587 4052 1645 4105 τὸ

1816 4067 1980 4127 tndit.
2024 4068 2189 4121 vitam
2237 4069 2472 4123 hominis
2508 4068 2783 4132 observat,
2833 4066 3234 4140 persuadetque
3276 4078 3336 4124 ut

134 4150 418 4221 ἄνθρωπον,
483 4151 577 4203 καὶ
631 4146 807 4200 πείθει
837 4145 1044 4210 λαθεῖν,
1103 4144 1190 4198 ἵνα
1226 4145 1301 4214 μὴ
1324 4142 1463 4216 λάθῃ
1505 4142 1654 4207 σωζό-

1428 4158 1463 4216 Il
1505 4142 1675 4207 σωξό·
1776 4159 2010 4229 quilibet
2032 4160 2216 4223 lateat,
2242 4176 2309 4214 ne
2328 4161 2498 4216 lateat
2527 4159 2657 4214 dum
2684 4161 2948 4215 salvatur.

132 4258 288 4308 μενος-

316 4333 483 4388 ΣΛΘ¹.
507 4362 577 4373 —-
594 4330 948 4399 ΣΩΣΑΝΔΡῼ
997 4327 1500 4398 ΠΡΙΜΙΣΚΡΙΝΙῼ.

1881 4333 2211 4390 CCXXXIX.
2251 4364 2318 4373 —
2358 4332 2718 4390 SOSANDRO
2756 4333 3244 4391 PRIMISCRINIO.

187 4423 389 4495 Ὠσπερ
431 4422 792 4483 ἀδιαλείπτως
823 4419 1161 4487 ἀναπνέομεν
1192 4417 1284 4470 τὸν
1314 4417 1471 4486 ἀέρα,
1503 4414 1673 4479 οὓτως

1853 4425 2322 4492 Quemadmodum
2380 4426 2748 4482 indesinenter
2806 4441 2985 4482 aerem
3044 4405 3337 4498 spiramus,

126 4511 468 4578 ἀδιαλείπτως
517 4514 805 4584 ὀφείλομεν
859 4511 951 4564 τὸν
990 4509 1192 4579 Κύριον
1253 4510 1424 4562 αἰνεῖν
1484 4525 1543 4561 τε
1584 4525 1646 4561 κα

1821 4533 1857 4572 ηε
1885 4520 2049 4573 etiam
2100 4518 2474 4573 indesinenter
2502 4518 2761 4575 debemus
2801 4517 3089 4574 Dominum
3126 4520 3341 4591 hymnis

130 4604 318 4671 ὑμνεῖν,
342 4605 446 4660 κᾶν
478 4606 538 4658 ὲν
562 4604 711 4675 μέσῳ
730 4602 1069 4674 πραγμάτων
1094 4599 1477 4671 στρεφώμεθα,
1510 4597 1650 4651 Δύνα

1822 4610 2027 4677 tudare,
2063 4610 2191 4664 licet
2224 4609 2366 4663 inter
2399 4610 2615 4679 negotia
2648 4610 3063 4665 concludatnur.
3095 4610 3342 4667 Prudens

128 4708 209 4746 ται
254 4698 359 4765 γὰρ
409 4700 438 4751 ὁ
496 4696 777 4767 φρόνιμος,
833 4697 927 4747 καὶ
959 4692 1207 4762 θεοφιλὴς
1256 4690 1381 4752 νοῦς
1418 4688 1647 4761 διηκενῶ

1823 4703 1929 4758 nim
1972 4717 2033 4755 ac
2068 4701 2155 4769 pia
2199 4717 2356 4756 mens
2408 4703 2492 4756 sui
2524 4701 2801 4758 Creatoris
2852 4710 3029 4772 potest
3082 4703 3343 4758 continuo

132 4786 333 4857 μνήμην
367 4788 562 4852 σώζειν
591 4786 684 4841 τοῦ
737 4786 1052 4848 κτίσαντος.
1084 4804 1102 4836 ι
1151 4782 1459 4853 Ἐμνήσοην
1503 4781 1632 4852 γὰρ,

1822 4806 2003 4847 ervare
2036 4793 2353 4846 memoriam
2382 4807 2397 4855 ;
2433 4807 2556 4846 nam
2593 4810 2606 4846 :
2644 4810 2662 4843 ι
2689 4791 3028 4847 Recordatus
3056 4808 3231 4857 sum,t
3267 4795 3342 4848 ait

132 4878 279 4945 φησὶν
306 4881 335 4931 ὁ
367 4879 553 4941 Δαυῖδ,
584 4898 602 4930 ι
624 4880 717 4932 τοῦ
753 4877 911 4940 Θεοῦ,
941 4879 1032 4930 καὶ
1058 4876 1392 4947 ηὐφράνθην.
1423 4893 1442 4926 ι
1481 4876 1545 4927 El
1572 4874 1652 4927 τοί

1821 4882 1979 4948 David,
2016 4900 2034 4933 ι
2056 4881 2172 4947 Dei,
2214 4893 2267 4937 et
2299 4882 2513 4938 laztatus
2538 4884 2739 4937 sum”.
2780 4902 2801 4935 ι
2836 4885 3024 4952 itaque
3047 4885 3093 4939 si
3126 4883 3341 4938 Domini

130 4982 215 5021 νυν
237 4969 270 5037 ἡ
304 4970 395 5023 τοῦ
419 4971 687 5023 Δεσπότου
733 4971 918 5039 μνήμη
945 4966 1281 5038 εὐφροσύνην
1318 4968 1539 5035 ἐμποιεῖ
1561 4969 1650 5019 ταῖ

1821 4974 2049 5028 tentoria
2085 4973 2325 5028 laetitiam
2366 4974 2522 5029 all‘ert
2554 4974 2843 5029 animabus
2879 4975 3104 5040 nostris,
3141 4990 3209 5029 ne
3244 4992 3341 5030 ne-

131 5059 410 5131 ἠμιετὲραις
434 5063 655 5132 ψυχαῖς,
696 5062 770 5132 μὴ
800 5060 1227 5131 κατοκνήσωμεν
1256 5056 1549 5112 ἀπολαύειν
1580 5058 1647 5128 τῆ

1652 5076 1679 5123 ς
1784 5066 2053 5136 gligamus
2089 5066 2250 5121 nobis
2279 5068 2557 5121 memoria:
2586 5068 2782 5122 divinae
2819 5067 3005 5123 afﬁnes
3026 5083 3167 5123 esse.

135 5154 337 5224 μνήμης
380 5154 474 5207 τοῦ
504 5153 662 5209 θεοῦ.

623 5248 753 5300 ΣΜΩ
782 5276 851 5286 -
880 5244 963 5310 Τῷ
993 5243 1171 5307 αὐτῷ.

2308 5244 2503 5299 CCXL.
2538 5274 2606 5284 —
2639 5243 2838 5298 Eidem.

204 5358 222 5389 ι
256 5341 456 5395 Αἰνεῖτε
483 5341 667 5398 αὐτὸν.
706 5339 889 5407 φησὶν,
923 5338 979 5389 ὲν
1003 5335 1234 5405 χορδαῖς,
1267 5334 1362 5387 καὶ
1387 5334 1619 5404 ὀργάνῳ.
1657 5349 1679 5385 ι

1870 5354 1888 5387 c
1918 5334 2161 5391 Laudate
2190 5351 2337 5399 eum,
2365 5336 2562 5405 inquit,
2588 5336 2641 5389 in
2676 5334 2898 5389 chordis
2917 5343 2971 5389 et
2994 5349 3199 5405 organo
3227 5319 3292 5389 δ’.
3322 5355 3341 5387 ι

139 5426 328 5502 Χορδαὶ
373 5433 592 5494 πλείους
630 5430 903 5502 ἁρμονίως
953 5426 1376 5496 συντεθειμέναι,
1411 5425 1506 5478 καὶ
1551 5442 1659 5494 μου

1826 5423 2019 5479 lhordze
2049 5424 2255 5494 plures,
2295 5433 2353 5479 ut
2383 5422 2663 5478 harmonia
2707 5423 2970 5494 postulat,
3007 5425 3346 5493 compositae,

143 5521 295 5587 οικῶς
324 5524 526 5595 ἑκάστη
578 5525 638 5576 ὲν
669 5520 845 5591 οἰκείᾳ
873 5518 1027 5590 χώρα
1053 5517 1383 5588 τεταγμένη,
1412 5517 1469 5569 αἱ
1494 5515 1663 5569 πολλα

1884 5517 2094 5573 musice
2133 5532 2474 5590 unaquaeque
2512 5517 2736 5588 proprio
2783 5517 2838 5571 in
2890 5516 3013 5572 loco
3055 5517 3370 5590 dispositaL

208 5700 253 5735 ³³
300 5701 485 5759 Matth.
518 5718 573 5767 ν,
601 5702 657 5757 5.
732 5699 942 5756 “Psal.
986 5715 1166 5766 uxvn,
1205 5677 1260 5754 λ.
1336 5698 1378 5735 ³¹
1405 5696 1553 5755 Psal.
1588 5695 1728 5766 “,4

862 5701 942 5754 sal.
986 5715 1166 5766 uxvn,
1205 5677 1260 5754 λ.
1336 5698 1378 5735 ³¹
1405 5696 1553 5755 Psal.
1588 5695 1751 5766 ειμι.
2361 5727 2366 5732 -

449 5794 719 5856 Ριτιιοι.
764 5793 882 5855 Gtt.
932 5792 1219 5857 LXXIX.
1352 5782 1358 5787 ’
1440 5781 1450 5791 ’

1440 5781 1450 5791 .
2906 5786 2944 5848 6
