3850 6218
489 306 584 372 171

3623 236 3779 302 172

489 424 660 485 multa
706 419 797 473 Dei
843 420 1110 485 prtecepta
1158 417 1321 473 sunt,
1376 413 1433 462 et
1473 405 1542 460 de
1593 402 1758 457 rebus
1798 390 2100 469 plurimis}

2223 403 2287 439 rw
2335 381 2547 437 ἐντολαὶ
2598 375 2689 431 τοῦ
2726 373 2881 438 Θεοῦ,
2919 370 3009 424 καὶ
3040 368 3109 422 τά
3140 365 3267 436 ἰτερί⁵
3302 361 3563 415 πλειόνων
3593 357 3779 423 δόγ-

2432 474 2485 485 --
2568 472 2579 485 -
2700 468 2723 485 υ
2814 482 2887 485 η
2944 462 3075 485 --μ
3131 456 3325 485 mm-
3377 449 3709 485 x.........:-..
3758 461 3779 474 .

489 518 764 585 dogmata,
798 522 918 578 qua:
955 504 1089 558 nihil
1122 502 1264 553 inter
1299 512 1357 552 se
1387 495 1671 551 dissonum
1705 486 1999 545 includunt
2032 501 2045 534 :

492 615 549 662 at
564 565 845 672 “organum
877 598 989 650 haec
1010 592 1193 648 omnia
1215 589 1508 644 continens
1526 592 1612 641 est
1629 580 1836 638 Christi
1864 588 2055 630 amans
2153 570 2381 640 ὄργανον
2424 565 2482 617 δὲ

2154 662 2437 732 λὸχριστος
2464 654 2557 709 τοῦ
2588 649 2751 721 σοφοῦ
2781 646 2948 719 ψυχή.

496 693 761 766 sapientis
792 690 993 744 anima.

1089 777 1199 847 90
1234 770 1459 829 ccxu.

569 873 744 930 Divini
770 868 1022 941 praecepti
1057 861 1371 919 obedientia
1402 857 1469 911 ad
1492 855 1659 911 vitam
1689 858 1742 905 et
1773 849 2058 901 immorta-

2155 495 2320 548 ματα,
2394 472 2648 541 οὐδεμίαν
2700 468 2893 539 ἔχοντα
2940 462 3075 532 πρὸς

3128 456 3330 523 ἄλληλα
3377 449 3709 520 διαφωνίαν
3758 461 3781 474 ·

2512 562 2716 615 τούτων
2747 558 2965 611 πάντων
3007 546 3353 623 περιεκτικόν
3386 546 3532 597 ἐστιν
3560 544 3597 611 ἡ
3642 556 3782 607 φι-

2827 736 3001 791 ΣΜΑἎ

2238 840 2306 892 Ἦ
2355 834 2569 904 ὑπακοὴ
2603 832 2704 902 τῆς
2739 829 2886 891 θείας
2926 823 3272 897 προστάξεως
3311 818 3454 889 ζωὴν
3513 816 3614 867 καὶ
3666 812 3763 865 ἀ·-

569 900 744 930 υινιιιι
771 900 1022 941 μιωιῠμιι
1057 900 1371 919 υυυυιινιηιι-
1402 900 1469 911 ..υι
1504 900 1659 911 ..-..---
1694 900 1741 905 ,ν
1776 900 1805 901 η

499 969 704 1022 litatem
759 956 1156 1030 elargiendam,
1201 946 1571 1006 inobedientia
1619 943 1683 996 ad
1739 948 1965 992 mortem
2007 937 2062 986 et

2223 930 2437 1001 )apciav
2457 900 2773 996 χαρίζεσθαι
2790 919 3050 987 πέφυκεν,
3069 916 3103 985 ἡ
3124 914 3180 966 δέ
3196 929 3259 980 γε
3278 908 3528 977 παρακοὴ
3544 900 3788 972 νεκρό-

2409 1019 2421 1030 ·
2517 1015 2541 1030 ιι
2630 1014 2639 1027 ο
2743 1007 2954 1030 νημκρε.
2991 1002 3079 1030 -1...
3110 1006 3135 1030 ι
3177 1002 3338 1030 um...
3372 994 3782 1030 ..-ηηυηςκηρ

500 1056 912 1127 corruptionem
956 1059 1084 1104 nata
1112 1055 1216 1100 est.
1247 1043 1381 1097 Cum
1423 1040 1532 1107 itaq

502 1152 637 1213 Deo,
673 1141 1009 1201 comedenda
1031 1137 1178 1209 quod
1207 1135 1432 1190 vetitum
1457 1129 1655 1187 fuerat,
1678 1132 1905 1178 mortem
1933 1130 2065 1169 con-

501 1242 764 1296 traxisset
786 1239 852 1302 ”,
877 1236 998 1288 ideo
1023 1206 1166 1285 Deus
1187 1242 1311 1282 eum
1339 1223 1528 1277 tunica
1547 1217 1774 1289 pellicea
1797 1210 1975 1265 induit
1996 1206 2063 1271 ³³,

1540 1052 1607 1090 ue
1640 1031 1835 1089 Adam.
1876 1033 2062 1094 spreto

2223 994 2298 1092 ιτα
2337 1019 2433 1071 καὶ
2460 994 2699 1086 Ῠιρθοράν.
2743 1007 2958 1078 Ἐπειδὴ
2987 1002 3079 1058 οὖν
3109 1006 3137 1056 ὁ
3177 1002 3346 1072 Ἀδάμ
3372 994 3782 1068 παρακούσας

2163 1087 2258 1167 τοῦ
2301 1108 2434 1163 Θεοῦ
2475 1110 2532 1159 ἐν
2570 1103 2650 1174 τῷ
2697 1102 2893 1171 φαγεῖν
2947 1097 3008 1150 τὸ
3052 1092 3449 1162 κεκωλυμένον,
3498 1087 3784 1140 θάνατον

2164 1203 2532 1265 ἐπεσπάσατο,
2557 1196 2644 1249 διὰ
2676 1193 2835 1246 τοῦτο
2860 1192 2888 1242 ὁ
2925 1189 3057 1251 Θεδς
3096 1184 3390 1238 ἐνδιδύσκει
3433 1180 3601 1233 αὐτὸν
3666 1192 3788 1247 χι-

504 1271 764 1296 "unum.
838 1278 852 1302 ,
879 1271 998 1288 ιυυυ
1024 1271 1166 1285 ,ιν-..ι
1189 1271 1311 1282 νυ...
1342 1271 1527 1277 ---ηυγ
1552 1271 1575 1289 τ
1596 1271 1606 1272 ,

504 1346 566 1391 ut
598 1333 1004 1391 recordaretur,
1037 1339 1136 1379 nec
1164 1323 1221 1375 in
1248 1317 1583 1373 oblivionem
1619 1309 1831 1363 veniret
1859 1300 2068 1357 erroris

2223 1296 2313 1348 ὐνα
2352 1293 2691 1363 δερμάτινον,
2730 1288 2877 1347 ὅπως
2903 1283 2967 1336 ἂν
2997 1277 3329 1352 μνημονεύῃ,
3365 1273 3460 1326 καὶ
3506 1271 3585 1343 μὴ
3632 1273 3792 1323 ἑπι-

2223 1388 2227 1391 >
2276 1386 2293 1391 λ
2602 1377 2628 1389 ~
2717 1377 2730 1391 ο
2810 1375 2823 1391 ο
2952 1370 3253 1391 ἀνίη-ω---
3323 1367 3408 1391 ..-ι
3438 1358 3633 1391 1-....-
3660 1360 3792 1391 -.-._

506 1426 717 1498 ιιι-οι)ιῆ
746 1431 802 1479 et
831 1416 1208 1477 mortalitatis,
1232 1424 1396 1481 quam
1433 1408 1552 1477 ipse
1582 1417 1680 1458 sua
1704 1405 1899 1467 sponte
1929 1407 2069 1447 cun-

508 1470 717 1498 ,..ν,,...
749 1470 802 1479 ν-
834 1470 1002 1476 ---μη
1196 1470 1206 1477 ,
1250 1470 1265 1481 _
1457 1470 1471 1477 _

508 1526 773 1579 traxerat,
814 1522 866 1567 et
914 1503 1312 1575 corruptionis.
1358 1497 1535 1553 Pelles
1583 1492 1728 1547 enim
1776 1488 2073 1542 demortua:

2223 1477 2434 1548 ιιρέτως
2462 1470 2811 1525 ἐπεσπάσατο

2170 1545 2279 1637 γὰρ
2326 1562 2493 1628 νεκρά
2540 1561 2783 1630 δέρματα
2813 1553 3031 1627 δηλοῦσι
3068 1550 3364 1622 νεκρότητα
3393 1547 3485 1600 καὶ
3514 1545 3790 1615 φθοράν.

511 1616 740 1665 mortem
775 1611 829 1658 et
854 1595 1261 1665 corruptionem
1291 1587 1558 1642 indicant.

990 1683 1236 1742 CCXLI].
1270 1709 1340 1719 -—
1375 1675 1579 1731 Eidem.

2168 1358 2501 1455 λάνθανηται
2536 1377 2631 1433 τοῦ
2685 1375 2884 1430 οἰκείου
2939 1370 3276 1441 σφάλματος,
3323 1367 3414 1417 καὶ
3438 1358 3633 1435 ἧσπερ
3660 1360 3795 1412 αὑ-

2876 1463 3195 1534 θνητότητος
3243 1458 3338 1510 καὶ⁸
3382 1455 3618 1526 φθορᾶς.
3684 1450 3793 1503 Τὰ

2666 1649 2838 1705 ΣΜιγ.
2868 1678 2935 1689 -
2960 1645 3044 1712 τῷ
3068 1644 3248 1710 αὐτῷ.

585 1788 736 1843 Licet
760 1784 1057 1838 multarum
1080 1773 1467 1830 necessitatum
1491 1774 1545 1819 et
1565 1761 1915 1818 afﬂictionutn
1938 1763 2076 1808 tem-

2251 1745 2366 1801 Κᾶν
2402 1746 2460 1797 ἐν
2511 1741 2737 1814 χειμῶνί
2768 1742 2932 1809 ἐσμεν
2959 1738 3068 1789 τῶν
3099 1734 3306 1789 πολλῶν
3337 1731 3781 1802 περιστάσεων,

516 1888 723 1954 pestate
772 1879 1067 1947 iactemur,
1120 1881 1232 1920 non
1286 1862 1409 1917 ideo
1466 1851 1958 1925 interpellabimur,
2010 1861 2080 1899 ne

517 1945 885 2029 encazntorum
932 1957 1333 2016 solemnitatem
1377 1951 1432 2005 in
1477 1945 1817 2001 Hierusalem
1852 1952 2080 2010 peraga-

519 2077 664 2125 mus,
698 2066 765 2111 ρι’
811 2063 1072 2108 canamus
1138 2042 1388 2104 D‘omino,
1443 2046 1505 2092 ut
1555 2037 1631 2089 ait
1678 2031 1873 2092 David,
1907 2024 2082 2083 canti-

521 2169 646 2209 cum
696 2161 895 2204 novum
924 2141 992 2206 “’,
1048 2135 1418 2205 evangelicum
1478 2142 1690 2197 nempe.
1738 2118 2082 2177 Hierusalem

2178 1840 2240 1892 οὐ
2287 1833 2719 1906 κωλυθησόμεθα
2758 1829 3025 1885 ἐπιτελεῖν
3056 1828 3152 1899 τὴν
3203 1826 3394 1896 ἑορτὴν
3423 1823 3536 1877 τῶν
3563 1824 3795 1889 ἐγκαι-

2196 1931 2324 1984 νίων
2351 1932 2408 1983 ἐν
2436 1930 2501 1999 τῇ
2531 1923 2910 1997 Ἰερουσαλὴμ,
2946 1921 3041 1975 καὶ
3075 1920 3221 1986 ᾄδειν
3258 1916 3335 1987 τῷ
3368 1914 3582 1985 Κυρίῳ,
3616 1909 3794 1965 καθά

2184 2037 2349 2092 φησιν
2384 2021 2412 2073 ό
2452 2018 2634 2079 Δαυίδ,
2696 2011 2847 2087 ᾆσμα
2893 2013 3098 2072 καινὸν,
3140 2009 3339 2081 δηλαδὴ
3380 2003 3789 2073 εὐαγγελικὰν.

2195 2111 2553 2184 Ἰερουσαλὴμ
2571 2110 2677 2179 γὰρ
2692 2106 2789 2161 νῦν
2806 2104 3030 2159 νοείσθω
3052 2120 3140 2174 μοι
3159 2104 3192 2173 ἡ
3216 2100 3382 2170 ψυχὴ,
3416 2099 3473 2149 ἐν
3573 2096 3788 2147 ἐπιτε-

522 2186 646 2209 ιιιιιι
696 2186 895 2204 ..υ......
976 2186 992 2206 ,
1052 2186 1348 2205 -.πυ-κη
1608 2186 1621 2197 _

522 2245 670 2300 enim
701 2236 865 2294 modo
898 2233 1079 2288 anima
1120 2223 1581 2293 subintelligatur,
1615 2218 1670 2272 in
1708 2228 1816 2285 qua
1849 2224 1951 2265 nos
1994 2220 2085 2263 so-

2223 2205 2383 2276 οῦμεν
2431 2202 2531 2274 τὴν
2583 2199 2774 2272 ἑορτὴν
2823 2198 2923 2268 τῆς
2972 2193 3319 2263 θεογνωσίας,
3364 2192 3457 2243 καὶ
3493 2186 3791 2247 παντοίας

522 2329 861 2387 lemnitatent
895 2322 1093 2377 divinae
1129 2279 1459 2386 cognitionis
1488 2318 1542 2365 et
1569 2279 1840 2362 universa:
1863 2295 2085 2353 virtutis

2227 2297 2407 2366 ρετῆς,
2450 2290 2802 2361 διωθούμενοι
2859 2288 2960 2358 μὲν
3014 2286 3106 2339 τὸν
3164 2282 3390 2337 παλαιὸν
3444 2279 3789 2349 ἄνθρωπον,

524 2422 888 2481 celebramus,
928 2411 1245 2483 abjicietttes
1288 2411 1525 2459 veterem
1570 2395 1872 2457 hominem,
1904 2397 1960 2444 et
1987 2402 2085 2441 no-

2187 2386 2655 2457 ἐπαμφισκόμενοι
2685 2383 2741 2437 δὲ
2766 2382 2853 2435 τὸν
2882 2381 3001 2433 νέον
3027 2379 3119 2432 τὸν
3161 2376 3280 2431 κατ’
3323 2375 3529 2437 εἰκόνα,
3565 2373 3675 2425 καὶ
3723 2370 3789 2421 ὁ·

530 2463 888 2481 .-.--.......-_,
930 2463 1112 2483 “rh-

530 2529 655 2568 vum
679 2506 979 2567 secundum
1008 2500 1299 2569 imaginem
1339 2502 1393 2549 et
1424 2487 1841 2547 similitudinem
1872 2476 2088 2534 Domini

2223 2477 2421 2530 ιοίωσιν
2450 2475 2542 2528 τοῦ
2579 2472 2782 2544 Κυρίου
2818 2469 3131 2524 κτισθέντα·
3167 2486 3186 2519 ι
3219 2463 3790 2533 Ἀνακαινισθήσεται

2346 2568 2355 2569 κ
2444 2568 2449 2569 ,
2559 2563 2584 2569 ρ.
2634 2566 2644 2569 -
2769 2562 2780 2569 .
3158 2558 3212 2569 an
3264 2558 3276 2569 ι
3469 2549 3496 2569 τ
3736 2552 3753 2569 Δ

533 2549 655 2568 πυ...
679 2549 979 2567 “eum-.-

529 2613 769 2661 creatum
817 2598 1106 2653 induentes
1136 2592 1180 2623 ⁸⁸
1221 2609 1236 2644 :
1276 2607 1295 2639 ι
1344 2581 1717 2639 Renovahitur
1758 2574 1905 2632 enim
1944 2572 2091 2627 sicut

2223 2568 2297 2661 ἀρ
2328 2568 2402 2630 ώς
2430 2563 2588 2619 ἀετοῦ
2623 2566 2656 2633 ἡ
2695 2562 2883 2632 νεότης
2915 2578 3029 2613 σου.
3054 2588 3126 2602 -
3158 2558 3404 2625 Ἐγένετο
3439 2549 3558 2625 οὖν,
3606 2552 3789 2624 φησὶ,

529 2638 769 2661 ...ια-ω...
819 2638 1106 2653 ...μνη-ν..
1223 2638 1236 2644 -
1284 2638 1295 2639 κ
1404 2638 1411 2639 ,

528 2692 716 2764 aquila
762 2690 1023 2764 jtventus
1062 2689 1155 2735 tua
1180 2678 1247 2732 ⁸⁸.
1276 2673 1530 2728 -—Facta
1576 2675 1705 2723 sunt
1747 2666 1951 2734 itaque,
1993 2659 2090 2723 ait,

2226 2638 2539 2728 ἀέγκαίνια
2564 2650 3047 2725 ἐν’ἰεροσολύμοις,
3078 2648 3172 2701 καὶ
3204 2645 3413 2719 χειμὼν
3451 2638 3545 2715 ἦν.
3564 2661 3584 2693 ι

530 2761 1215 2843 ειιεωιιίιιἨίειοεοὶΥιιιὶε,
1237 2777 1289 2821 et
1311 2766 1487 2819 hiems
1515 2766 1634 2815 erat
1665 2759 1730 2811 ³⁷.
1767 2775 1786 2807 ι

713 2865 984 2924 CCXLI“.
1019 2893 1093 2907 —
1123 2856 1368 2915 SABINO
1404 2845 1897 2907 MAGISTRIANO.

570 2973 575 2979 ‘
604 2963 803 3018 Tribus
824 2959 945 3014 Jobi
971 2955 1188 3010 ﬁliabus
1208 2951 1253 2983 ³⁸
1276 2949 1544 3004 rationem
1572 2944 1873 3007 subjectam
1899 2946 2099 3006 cogno-

537 3071 689 3113 scere
714 3050 894 3123 cupis.
919 3049 1001 3101 Ab
1032 3042 1383 3099 alﬂictionum
1416 3040 1600 3106 itaque
1621 3045 1677 3090 et
1726 3029 2094 3085 molestiarum
2122 3052 2166 3110 ο

540 3158 698 3204 nocte
719 3145 879 3216 jussu
910 3138 1004 3195 Dei
1038 3136 1207 3191 Johns
1246 3143 1553 3199 exemptus,
1583 3123 1893 3181 necessario
1915 3119 2098 3188 splen-

540 3208 891 3293 didissimum
943 3221 1349 3285 exsultationis,
1397 3225 1451 3273 et
1489 3212 1849 3270 iudesinentis
1887 3208 1992 3278 91
2035 3218 2101 3259 ac

542 3325 801 3401 perennis
836 3320 1035 3392 quietis
1062 3323 1117 3370 et
1146 3313 1326 3383 gaudii
1355 3309 1499 3364 dietn
1542 3305 1774 3374 aspexit.
1811 3301 2102 3369 Propterea

543 3394 774 3491 primam
804 3413 953 3467 Diem
986 3405 1308 3478 appellavit;
1333 3399 1628 3456 secundam
1653 3394 1920 3463 Cassiam,
1944 3404 2102 3445 nam-

494 3542 497 3545 λ
543 3526 651 3584 que
701 3506 882 3564 cassia
926 3502 1170 3559 suaviter
1217 3498 1363 3559 olet;
1409 3492 1556 3563 quod
1608 3502 1707 3559 pro
1759 3481 2105 3540 maleolentia

543 3598 1009 3660 exsecrandorum
1038 3598 1460 3650 tormentorum,
1496 3598 1616 3653 qua-
1651 3590 1812 3634 antea
1835 3576 2104 3637 subierat,

544 3697 750 3751 bonum
786 3700 1038 3758 supernae
1060 3681 1248 3753 gratiae
1278 3679 1501 3733 odorem
1533 3679 1819 3727 assecutus
1841 3676 1944 3722 est.
1977 3664 2109 3721 Ter-

548 3787 627 3839 tia
678 3793 845 3851 porro
897 3772 1211 3829 Amalthaeae
1274 3782 1444 3822 cornu
1508 3770 1859 3829 nuncupata,
1919 3754 2109 3809 Graeca

548 3878 734 3946 lingua
791 3873 1061 3926 bonorum
1113 3860 1444 3916 affluentiam
1498 3862 1669 3909 notat.
1715 3852 1794 3904 Tu
1825 3863 1955 3904 vero
1996 3860 2110 3901 non

550 3940 768 4038 ignoras
791 3966 889 4014 ‘tot
923 3959 1084 4016 bona,
1121 3968 1242 4021 quae
1276 3950 1353 4004 illi
1386 3947 1647 4000 Dominus
1681 3950 1810 3995 ante
1862 3940 2110 3993 futurum

551 4027 809 4110 saeculum
846 4047 1072 4101 robusto
1103 4055 1167 4094 ac
1220 4038 1392 4092 multa
1442 4047 1705 4105 perpesso
1741 4029 1880 4084 Jobo
1915 4029 1969 4081 in
2011 4027 2115 4080 hac

544 4146 664 4201 vita
686 4148 905 4213 propter
926 4136 1202 4203 ingentem
1233 4126 1601 4185 tolerantiam,
1629 4132 1682 4178 et
1713 4120 2111 4174 validissimum

556 4251 623 4291 ac
651 4230 1067 4290 celeberrimum
1114 4220 1451 4278 fortitudinis
1501 4216 1715 4272 facinus
1764 4223 1818 4269 et
1851 4222 2114 4282 tropaeum

555 4326 823 4388 exhibuit.

1055 4492 1321 4550 CCXLIV.
1356 4519 1425 4530 ——-
1466 4486 1667 4540 Eidem.

632 4594 887 4651 Studium
948 4586 1197 4660 placendi
1262 4581 1579 4639 hominibus
1652 4577 1841 4645 iraque
1900 4571 2123 4627 vitanda

556 4694 721 4752 sunt;
779 4684 893 4737 haec
943 4681 1087 4735 enim
1148 4675 1392 4728 albicans
1449 4686 1643 4739 nempe
1709 4676 1763 4723 et
1806 4666 1924 4719 rufa
1970 4665 2123 4733 lepra

560 4785 715 4840 sunt,
754 4785 812 4828 ttt
842 4774 925 4828 lex
962 4767 1213 4841 praedixit
1243 4767 1310 4819 '9.
1368 4761 1626 4831 Fugauda
1684 4768 1769 4814 est
1822 4756 2122 4827 vulpeculae

560 4868 782 4939 genium
830 4877 941 4934 pra:
987 4875 1047 4915 se
1085 4857 1267 4912 ferens
1300 4852 1580 4908 simulatio
1635 4864 1698 4903 ac
1744 4848 1867 4902 vilis
1907 4855 2121 4912 metus;

562 4958 755 5028 glauca
781 4965 1017 5021 namque
1046 4948 1137 5002 illa
1163 4947 1312 5016 lepra
1336 4951 1483 4998 sunt.
1510 4940 1828 5007 Ahjicienda
1863 4945 2125 5008 prasterea

561 5066 597 5105 a
620 5049 779 5106 nobis
800 5052 935 5101 sunt
988 5043 1109 5098 sine
1136 5038 1351 5093 ratione
1379 5034 1600 5088 tristitia
1632 5044 1686 5086 et
1717 5032 1921 5085 invidia
1948 5044 2128 5085 mace-

566 5156 733 5205 rans;
755 5150 994 5205 namque
1022 5130 1217 5186 viridis
1252 5128 1343 5182 illa
1372 5127 1521 5195 lepra
1561 5132 1707 5179 sunt.

906 5220 1159 5281 CCXLV.
1191 5249 1262 5260 —
1300 5214 1436 5270 DRU
1447 5210 1781 5269 SILLIANO.

641 5318 701 5373 Si
726 5329 927 5385 corpus
955 5305 1377 5382 aegritudinibus
1406 5301 1702 5356 obnoxium
1734 5299 1937 5355 habens
1967 5298 2127 5355 simi-

568 5410 645 5467 lia
689 5408 995 5463 faciuorosa
1034 5399 1225 5462 audes,
1272 5406 1447 5465 eaque
1495 5391 1838 5455 inhumana;
1881 5389 2033 5459 quid,
2080 5388 2127 5444 si

572 5502 789 5559 ﬁrmum
819 5510 885 5551 ac
911 5493 1196 5548 robustum
1228 5484 1537 5546 habuisses,
1565 5496 1672 5535 non
1699 5478 1899 5536 fuisses
1926 5478 2128 5536 ausus?

2472 2833 2715 2887 ΣΜΓ’.--
2730 2828 2972 2896 SABINI}
2993 2822 3480 2891 ΜΑΓΙΣΤΡΙΑΝῼ.

2265 2927 2377 2998 Τὴν
2434 2924 2704 2996 σημασίαν
2733 2922 2840 2975 τῶν
2895 2919 3062 2991 τριῶν
3123 2916 3216 2970 τοῦ
3261 2915 3380 2968 Ἰὼϐ
3441 2912 3781 2983 θυγατέρων

2198 3019 2545 3088 ἐπεθύμησας
2592 3014 2813 3083 γνῶναι.
2854 3010 3069 3080 Ἐπειδὴ
3102 3007 3194 3061 οὖν
3221 3007 3318 3075 τῆς
3362 3005 3470 3057 τῶν
3500 3002 3787 3072 θλιὸερῶν

2200 3111 2293 3166 καὶ
2333 3108 2607 3163 ἐπιπόνων
2645 3106 2835 3167 νυκτὸς
2872 3105 2938 3173 τῇ
2984 3100 3231 3153 κελεύσει
3273 3096 3377 3150 τοῦ
3403 3093 3541 3147 Θεοῦ
3595 3092 3787 3162 ἀπήλ-

2199 3203 2393 3255 λακται
2421 3200 2461 3253 δ’
2491 3197 2631 3262 Ἰὼϐ,
2661 3194 2972 3263 ἀναγκαίως
2990 3193 3088 3262 τὴν
3120 3185 3508 3258 λαμπροτάτην
3553 3184 3787 3253 ἡμέραν

2199 3291 2447 3347 τεθέαται
2498 3289 2598 3358 τῆς
2640 3286 3046 3355 ἀγαλλιάσεως,
3090 3282 3182 3335 καὶ
3225 3278 3324 3347 τῆς
3393 3276 3634 3344 ἀλήκτου
3687 3273 3784 3325 καὶ

2201 3383 2420 3439 αἰωνίου
2460 3377 2818 3440 ἀναπαύσεως
2863 3375 2959 3429 καὶ
2996 3374 3189 3444 χαρᾶς.
3222 3371 3321 3422 Διὰ
3353 3367 3511 3421 τοῦτο
3536 3366 3645 3436 τὴν
3682 3365 3786 3436 μὲν

2204 3473 2425 3545 πρώτην
2493 3468 2766 3539 θυγατέρα
2823 3465 3060 3536 Ἡμέραν
3104 3462 3379 3523 ἐκάλεσεν,
3414 3459 3511 3527 τὴν
3550 3458 3607 3511 δὲ
3663 3457 3786 3510 δευ-

2202 3568 2367 3637 τέραν
2399 3563 2644 3619 Κασσίαν
2669 3578 2681 3591 ·
2703 3558 2906 3630 εὐώδης
2932 3558 3041 3629 γάρ
3066 3558 3100 3627 ἡ
3127 3552 3493 3616 κασσία,διότι
3523 3550 3659 3604 ἀντὶ
3686 3550 3787 3618 τῆς

2205 3656 2466 3718 δυσωδίας
2512 3652 2605 3705 τοῦ
2646 3650 2946 3705 ἀπευκτέου
2981 3647 3207 3709 πάθους,
3237 3641 3405 3714 οῦπερ
3448 3642 3559 3714 πρὸ
3580 3641 3781 3695 τούτου

2208 3745 2405 3814 ἀνέτλη
2438 3743 2536 3815 τὴν
2580 3742 2806 3795 εὐωδίαν
2837 3742 3114 3811 ἐκτήσατο
3150 3739 3249 3809 τῆς
3289 3735 3491 3792 ἄνωθεν
3531 3735 3784 3805 χάριτος.

2220 3840 2285 3895 Ἦ
2317 3840 2374 3893 δέ
2404 3855 2466 3907 γε
2486 3837 2640 3908 τρίτη
2671 3834 2911 3904 θυγάτηρ
2948 3829 3269 3901 Ἀμαλθείας
3303 3828 3470 3899 κέρας
3500 3828 3786 3896 ἐπονομα-

2212 3931 2412 4003 ζομένη
2446 3931 2513 3999 τῇ
2556 3926 2765 3980 Ἐλλάδι
2797 3924 3161 3994 ἑρμηνεύεται
3190 3918 3402 3990 γλώττῃ
3435 3917 3667 3986 ἀγαθῶν
3696 3915 3784 3969 εὐ-

2215 4022 2395 4093 θηνία.
2429 4020 2541 4073 Οὐκ
2572 4019 2782 4085 ἀγνοεῖς
2829 4016 2885 4068 δὲ
2923 4014 3140 4073 πάντως
3179 4011 3249 4063 τά
3297 4009 3537 4063 τοσαῦτα
3563 4007 3774 4076 ἀγαθά.

2216 4113 2361 4182 ἀπερ
2388 4110 2416 4162 ὁ
2446 4108 2645 4179 Κύριος
2680 4105 2948 4176 παρέσχεν
2974 4104 3078 4174 πρὸ
3110 4102 3201 4154 τοῦ
3238 4100 3525 4170 μέλλοντος
3560 4098 3782 4159 αἰῶνος,

2214 4203 2295 4274 τῷ
2345 4198 2672 4272 καρτερικῷ,
2719 4198 2813 4249 καὶ
2842 4194 3141 4248 πολυπαθεῖ
3185 4191 3324 4255 Ἰὼὸ,
3364 4190 3615 4244 ἐντεῦθεν
3665 4190 3784 4261 ἠδη,

2217 4295 2306 4349 διά
2343 4310 2405 4347 τε
2456 4291 2557 4361 τῆς
2608 4289 2847 4361 μεγάλης
2901 4285 3201 4356 ὑπομονῆς,
3236 4284 3327 4336 καὶ
3361 4281 3613 4351 ἀνδρείας
3651 4280 3783 4345 κρά-

2140 4380 2195 4440 D
2218 4403 2417 4455 τιστον,
2446 4384 2542 4438 καὶ
2579 4380 2873 4453 περιφανὲς
2907 4375 3235 4448 κατόρθωμά
3267 4391 3327 4427 τε
3370 4374 3461 4427 καὶ
3500 4371 3784 4443 τρόπαιον.

2696 4469 2868 4526 ΣΜΔ’.
2897 4499 2967 4510 -
2990 4466 3073 4534 Τῷ
3101 4465 3280 4531 αὐτῷ.

2298 4566 2564 4620 Φευκτέον
2616 4564 2748 4634 ἡμῖν
2793 4557 3303 4632 ἀνθρωπαρεσκίαν,
3343 4556 3434 4608 xa‘t
3452 4554 3552 4624 τὴν
3584 4553 3779 4623 ὀργήν·

2225 4656 2403 4713 ταῦτα
2450 4656 2557 4724 γὰρ
2588 4651 3041 4715 λευκανθίζουσαν
3075 4648 3166 4700 καί
3208 4646 3541 4716 πυρίζουσαν
3581 4644 3785 4713 λέπραν

2227 4752 2256 4804 ό
2280 4750 2440 4819 νόμος
2465 4744 2811 4816 προείρηκεν.
2839 4742 2897 4793 Ἀ
2908 4739 3198 4794 πελαστέον
3222 4739 3319 4807 τὴν
3342 4734 3783 4797 ἀλωπεκίζουσαν

2228 4842 2536 4911 ὑπόκρισιν,
2570 4837 2665 4888 καὶ
2705 4835 2872 4903 ἀγενῆ
2914 4830 3133 4884 δειλίανο
3163 4826 3525 4896 γλαυκίζουσα
3552 4824 3668 4895 γὰρ
3706 4820 3784 4874 λέο

2227 4949 2341 5003 πρα
2375 4929 2513 4983 ἐστί.
2543 4924 2810 4979 Διωκτέον
2844 4924 2975 4992 ἡμῖν
2998 4920 3096 4991 τὴν
3120 4918 3297 4989 λύπην
3326 4918 3423 4987 τὴν
3446 4914 3671 4983 ἄλογον,
3702 4910 3785 4966 καὶ

2226 5027 2461 5098 τήκοντα
2493 5020 2704 5088 φθόνον·
2736 5016 3073 5087 χλωρίζουσα
3101 5011 3409 5085 γὰρίλέπρα
3439 5009 3579 5062 ἐστί.

2614 5111 2787 5165 ΣΜΕσ.
2805 5102 3403 5172 -ΔΡυΥΣΙΛΛΙΔΝῼ.

2304 5208 2365 5261 Εἰ
2381 5206 2442 5259 τὸ
2465 5203 2623 5275 σῶμα
2640 5200 2863 5261 νοσῶδες
2886 5198 3044 5268 ἔχων,
3062 5194 3359 5265 τηλικαῦτα
3390 5194 3522 5263 δρᾷς
3556 5189 3781 5262 θηριώδη

2235 5298 2326 5352 καὶ
2353 5294 2694 5366 ἀπάνθρωπα
2725 5289 3045 5360 πράγματα,
3065 5286 3149 5347 τίς
3178 5283 3244 5337 ἂν
3267 5283 3452 5350 ἐγένου
3477 5275 3780 5348 τετυχηκὼς

2237 5387 2454 5462 ρώσεώς
2484 5403 2543 5440 τε
2574 5384 2667 5438 καὶ
2698 5381 2886 5453 ῥώμης
2913 5398 2927 5447 ;
2964 5378 3295 5450 Προελέπων
3329 5375 3505 5428 τοίνυν
3529 5375 3558 5427 ό
3593 5373 3781 5441 Κύριος

2238 5459 2338 5544 τὰς
2370 5475 2739 5549 φονοκτονίας,
2770 5474 2948 5542 ῖισπερ
2976 5471 3146 5523 ποιεῖν
3172 5467 3414 5538 ἔμελλες,
3452 5459 3778 5535 προκατελάο

582 5652 585 5657 .
642 5630 686 5664 sa
709 5624 845 5681 Gen,
876 5638 959 5688 ιιι,
992 5622 1045 5677 6,
1144 5621 1190 5652 ³³
1227 5617 1360 5671 ibid.
1404 5615 1493 5668 2f.
1595 5612 1639 5688 ³ξ
1670 5611 1810 5668 Psal.
1840 5628 2021 5683 cmx,
2049 5614 2097 5669 Ι.

2245 5612 2463 5670 Coloss.
2502 5624 2589 5680 ιιι,
2616 5608 2703 5663 l0.
2750 5671 2771 5678 η
2802 5605 2848 5638 ³⁸
2876 5604 3021 5662 Psal.
3060 5618 3158 5673 cu,
3191 5604 3244 5659 5.
3319 5601 3385 5677 ν’*
3411 5597 3576 5655 Joan.
3620 5562 3790 5666 ι,

578 5701 625 5733 ³³
647 5696 751 5755 Job
796 5709 931 5759 xw,
947 5684 1049 5749 l3.
1127 5690 1171 5722 "
1190 5688 1364 5745 Levit.
1386 5698 1475 5752 ιιι,
1494 5684 1720 5755 passim.
