3850 6218
204 205 293 272 173

197 408 285 477 τῆς
312 408 671 472 πολυωεύνου,
700 410 795 465 καὶ
822 409 1161 481 πολυτρόπου
1194 408 1470 472 ἀσθενίας.

435 667 713 735 ΣΜςπ-
730 666 1065 737 ΕΥΦΡΑΣΙῼ
1105 665 1473 734 ΕΠΙΣΚΟΠῼ.

258 759 558 831 Εὑξώμεθα
610 758 847 822 ἐκτενῶς
876 757 1234 828 ἐκδιωχθῖψαι
1265 757 1365 825 τὴν
1412 756 1620 825 λέπραν
1652 754 1753 823 τήν

194 856 421 926 ψυχικὴν
450 854 560 908 ἀπό
589 871 651 907 τε
684 852 779 906 τοῦ
815 853 1100 923 στήμονος,
1138 850 1234 903 καὶ
1270 848 1371 919 τῆς
1407 846 1631 916 κρόκης,
1660 846 1756 899 καὶ

194 943 282 997 τοῦ
309 944 581 1014 δέρματος
611 958 625 971 °
663 942 929 1013 στήμονος
981 941 1077 1011 μὲν
1104 938 1394 1008 νοουμένου
1426 935 1519 989 τοῦ
1552 934 1755 1005 νευρώ-

194 1035 309 1098 δους
370 1036 577 1105 μέρους
616 1033 718 1102 τῆς
766 1031 1002 1103 Χριστοῦ
1044 1029 1387 1099 Ἐκκλησίας,
1442 1028 1756 1081 ἐπισκόπων

194 1127 347 1194 λέγω,
376 1126 479 1179 καὶ
524 1127 640 1179 ὅσοι
686 1125 787 1194 τῆς
823 1123 1114 1193 Λευῖτικῆς
1157 1122 1312 1189 ἀξίας
1349 1121 1418 1175 τά
1453 1120 1592 1191 γέρα
1620 1136 1758 1190 καρ-

193 1216 435 1282 πίζονται
462 1232 476 1246 ο
511 1214 718 1287 κρόκης
744 1214 801 1267 δὲ
832 1212 1317 1282 ἐκλαμϐανομένης
1344 1209 1437 1263 τοῦ
1465 1210 1756 1281 εὑθυνομέ-

192 1328 296 1371 νου,
327 1310 426 1362 καὶ
455 1307 879 1379 ποιμαινομένου
905 1306 996 1360 ὑπ’
1022 1306 1203 1367 αὐτοῖς
1234 1302 1571 1374 ήγιασμένου
1605 1302 1759 1370 λαοῦ,

190 1401 458 1471 δέρματος
488 1400 545 1453 δὲ
570 1399 861 1470 νοουμένου
896 1397 1003 1451 τῶν
1028 1395 1223 1450 νεωστὶ
1252 1395 1659 1467 προσελθόντων
1681 1395 1759 1465 τῷ

189 1492 320 1563 Θεῷ,
355 1492 455 1545 καὶ
479 1492 616 1554 τέως
648 1489 1091 1561 κατηχουμένων,
1138 1488 1212 1557 μή
1244 1504 1360 1550 πως
1390 1486 1759 1555 ἀποϐεϐληκό-

188 1599 290 1635 cura
330 1582 424 1636 διὰ
472 1583 572 1651 τῆς
610 1580 1019 1651 ἀναγεννήσεως
1051 1576 1144 1630 τοῦ
1190 1576 1348 1644 ἁγίου
1388 1574 1761 1645 βαπτίσματος

1401 206 1933 270 EPISTOLARUM
1966 204 2109 265 LIB.
2140 205 2190 265 Ῐ.
2684 246 2711 251 ν-

199 318 311 370 seu
333 334 424 371 σου
443 316 546 387 τὴν
568 315 774 386 ἄφατον
802 314 999 388 μανίαν
1019 315 1097 387 τῷ
1115 315 1320 387 δεσμῷ.
1340 318 1434 371 καὶ
1450 319 1516 388 τῇ
1541 317 1750 384 ἀνάγκη

1874 314 2206 367 ?ra2noscens
2240 310 2422 381 itaque
2470 310 2612 367 Deus
2647 309 2822 365 caedes
2852 323 2879 362 a
2912 316 2966 363 te
2996 307 3291 374 patrandas
3316 310 3413 362 ho-

3315 194 3415 260 ιτι

1856 405 2086 467 miuum,
2130 402 2417 458 infandum
2471 404 2637 459 istum
2686 402 2923 456 furorem
2983 409 3134 454 tuum
3178 400 3413 454 vinculis

1854 502 1909 548 et
1943 494 2269 549 necessitate
2311 494 2642 548 calamitosae
2687 502 2740 547 et
2785 490 3141 545 multiformis
3184 490 3415 543 inliruu-

1853 586 1983 639 tatis
2013 586 2275 639 coercuit.

1958 674 2066 744 92
2105 673 2377 729 CCXLVI.
2414 704 2481 713 —
2522 672 2913 727 EUI’HRASIO
2964 670 3309 726 EPISCOPO.

1925 764 2148 821 Prolixe
2186 767 2573 835 cumulateque
2626 780 2908 836 precemur
2957 766 3158 834 lcpram
3189 764 3257 828 ⁸ο,
3297 778 3419 830 qua:

1854 858 2092 911 animam
2139 857 2334 924 inficit,
2389 872 2417 911 a
2462 859 2721 922 stamine,
2779 857 3120 927 subtegmine
3172 864 3226 909 et
3282 856 3419 925 pelle

1858 948 2044 1020 abigi:
2090 949 2345 1015 stamine,
2388 965 2620 1004 nervosa
2652 950 2858 1004 Christi
2901 948 3180 1011 Ecclesiae,
3211 962 3417 1016 praisu—

1856 1038 1969 1093 lum
2026 1040 2273 1110 inquam,
2328 1056 2629 1111 eorumque
2678 1042 2768 1109 qui
2824 1041 3079 1096 Levitica:
3136 1039 3419 1109 dignitatis

1858 1133 2177 1187 muneribus
2211 1134 2663 1197 cohonestantur,
2706 1150 2835 1204 pars
2882 1134 3255 1203 intelligatur;
3284 1132 3420 1186 sub-

1857 1222 2115 1290 tegmine,
2165 1223 2258 1291 qui
2320 1224 2615 1277 instruitur
2662 1239 2727 1277 ac
2780 1224 3025 1294 pascitur
3070 1222 3137 1276 ab
3186 1220 3421 1283 eisdem,

1858 1314 2238 1369 sanctificatus
2280 1316 2512 1384 populus
2556 1315 2842 1380 innuitur;
2889 1315 3050 1385 pelle,
3091 1313 3183 1383 qui
3227 1326 3422 1367 recens

1858 1399 1926 1453 ad
1959 1399 2130 1454 Deum
2176 1402 2472 1467 accedunt,
2519 1412 2575 1457 et
2612 1404 2789 1459 adhuc
2821 1404 2967 1458 inter
2996 1402 3423 1457 catechumenos

1857 1490 2038 1545 locum
2092 1499 2311 1558 tenent,
2360 1510 2539 1564 neque
2584 1495 2713 1549 dum
2760 1510 2856 1565 per
2895 1494 3039 1549 sacri
3080 1491 3425 1561 baptismatis

1858 1587 2331 1655 regenerationem
2386 1588 2739 1642 morticinum
2781 1596 3027 1642 veterum
3073 1584 3426 1639 indumento-

187 1674 281 1746 τὴν
308 1674 620 1746 νεκρότητα
647 1671 756 1724 τῶν
788 1670 1032 1725 παλαιῶν
1054 1670 1150 1738 τῆς
1184 1667 1458 1740 ἁμαρτίας
1491 1666 1759 1737 χιτώνων.

1874 1691 1989 1729 rum
2018 1677 2227 1747 peccati
2258 1676 2653 1746 deposuerunt,
2697 1686 2939 1731 notatur.

682 1762 855 1816 ZMZ'.
878 1793 950 1801 —
974 1759 1057 1826 Τῷ
1095 1757 1273 1823 αὐτῷ.

258 1857 356 1909 Ὃν
382 1856 590 1924 τρόπον
612 1854 761 1916 εῐτις
788 1851 1051 1922 βασιλέως
1103 1849 1309 1911 εἰκόνος
1361 1847 1542 1911 καλῶς
1588 1863 1760 1901 κατα-

191 1947 568 2017 σκευασμένης
610 1943 1031 2014 ἐπιμελέστερον
1083 1944 1147 1994 ἐκ
1194 1940 1442 2010 ψηφίδων
1475 1940 1763 2009 ἐπισήμων

188 2038 291 2091 ὑπὸ
336 2038 508 2106 σοφοῦ
553 2037 822 2106 τεχνίτου,
873 2034 1041 2097 λύσας
1086 2032 1186 2103 τὴν
1239 2031 1607 2099 ὑποκειμένην
1664 2026 1757 2081 τοῦ

190 2130 478 2202 ἀνθρώπου
509 2128 707 2193 εἰδέαν,
760 2125 1072 2197 μετενέγκοι
1104 2124 1202 2185 τὰς
1239 2121 1478 2192 ψηφίδας
1525 2121 1762 2185 ἐκείνας,

191 2221 281 2273 καὶ
315 2220 680 2289 μεθαρμόσοι,
709 2218 803 2269 καὶ
836 2216 1113 2285 ποιήσειεν
1143 2214 1203 2278 ἐξ
1232 2212 1411 2265 αὐτῶν
1439 2212 1649 2283 μορφὴν
1670 2230 1765 2265 κυ-

190 2310 276 2373 νὸς
300 2310 333 2379 ἢ
372 2308 687 2368 ἀλώπεκος,
721 2305 911 2358 ἔπειτα
935 2303 1240 2375 διορίζοιτο,
1268 2303 1359 2356 καὶ
1386 2302 1533 2371 λέγει
1560 2302 1766 2372 ταύτην

190 2397 326 2455 εἶναι
364 2401 468 2470 τὴν
492 2398 589 2452 τοῦ
634 2397 899 2469 βασιλέως
921 2396 1137 2465 ἐκείνην
1164 2395 1263 2465 τὴν
1294 2393 1487 2464 καλὴν,
1519 2394 1585 2464 ἦν
1611 2396 1639 2447 6
1673 2410 1763 2447 σο-

191 2492 287 2559 φὸς
336 2490 597 2558 τεχνίτης
642 2486 1067 2549 κατεσκεύασεν,
1123 2485 1339 2548 δεικνὺς
1386 2485 1485 2547 τάς
1521 2486 1763 2555 ψηφίδας

189 2583 283 2646 vi;
314 2581 503 2645 καλῶς
527 2580 634 2634 ὑπὸ
660 2579 754 2633 τοῦ
785 2579 999 2649 πρώτου
1030 2576 1272 2647 τεχνίτου
1302 2577 1382 2638 εἰς
1413 2575 1511 2645 τὴν
1540 2575 1634 2629 τοῦ
1664 2576 1763 2646 βα-

119 2694 123 2697 '
199 2676 393 2739 σιλέως
425 2674 613 2727 εἰκόνα
644 2671 1016 2734 συντεθείσας,
1046 2669 1232 2732 κακῶς
1261 2669 1319 2722 δὲ
1344 2668 1447 2721 ὑπὸ
1478 2668 1571 2722 τοῦ
1606 2669 1765 2722 ὑστέ-

192 2785 287 2838 ρου
334 2769 420 2829 εἰς
460 2765 622 2830 κυνὸς
675 2764 889 2835 μορφὴν
934 2761 1369 2833 μετενεχθείσας,
1416 2761 1508 2815 καὶ
1542 2760 1633 2815 διά
1664 2762 1766 2831 τῆς

187 2859 298 2911 τῶν
343 2857 596 2927 ψηφίδων
649 2854 952 2923 φαντασίας
1005 2851 1279 2922 μεθοδεύοι
1325 2852 1452 2915 τοὺς
1482 2852 1767 2923 ἀπειροτέ-

2320 1766 2611 1821 CCXLVI].
2652 1796 2721 1807 —
2759 1765 2967 1819 Eidem.

1931 1855 2050 1922 Qua
2070 1858 2279 1913 ratione
2297 1859 2341 1913 si
2372 1859 2520 1928 quis,
2552 1874 2617 1913 ex
2644 1858 2880 1927 imagine
2907 1857 3049 1925 regis
3072 1853 3276 1909 alfabre
3304 1849 3430 1907 dili-

1863 1958 2158 2017 genterque
2200 1963 2268 2002 ex
2300 1949 2560 2018 pretiosis
2600 1948 2800 2018 lapillis
2829 1961 2926 2017 per
2952 1955 3133 2001 catum
3166 1943 3428 1999 artificem

1863 2048 2179 2093 constructa
2204 2039 2543 2108 suppositam
2570 2038 2811 2092 hominis
2844 2037 3072 2108 figuram
3096 2035 3429 2097 dissolvens,

1864 2132 2085 2200 lapillos
2133 2131 2259 2185 illos
2299 2129 2599 2184 transferat
2638 2128 3143 2196 accommodetque,
3178 2133 3233 2179 et
3262 2139 3329 2180 ex
3364 2124 3433 2177 iis

1863 2218 2095 2274 formam
2144 2220 2300 2275 canis
2357 2228 2453 2272 aut
2508 2219 2691 2288 vulpis
2742 2217 3028 2280 eﬁormet,
3081 2216 3429 2287 postmodum

1864 2311 2090 2366 deﬁniat
2147 2318 2535 2380 asseveretque
2583 2310 2727 2363 hanc
2766 2310 2914 2379 regis
2960 2308 3107 2362 illam
3152 2322 3276 2361 esse
3310 2321 3433 2375 per-

1865 2403 2180 2472 pulchram,
2243 2415 2407 2472 quam
2470 2400 2691 2470 sapiens
2753 2398 2952 2454 artifex
3010 2405 3431 2461 construxerat,

1864 2496 2084 2566 lapillos
2126 2496 2296 2566 probe
2324 2511 2354 2549 a
2382 2500 2563 2566 primo
2603 2496 2812 2551 artifice
2857 2496 2911 2550 in
2958 2495 3104 2567 regis
3141 2494 3433 2566 imaginem

1864 2595 2203 2657 compactos,
2234 2587 2377 2641 male
2407 2601 2535 2640 vero
2571 2601 2599 2639 a
2632 2587 2877 2641 secundo
2918 2587 2974 2640 in
3011 2586 3166 2641 canis
3201 2586 3432 2639 formam

1866 2684 2216 2732 transvectos
2239 2676 2633 2740 ostendens,et
2656 2689 2857 2730 novum
2894 2675 2950 2728 iu
2983 2675 3204 2729 modum
3232 2675 3432 2746 lapillis

1866 2768 2051 2824 indita:
2080 2770 2251 2823 menti
2285 2769 2539 2841 imaginis
2579 2768 2825 2831 nescios,
2855 2767 2950 2837 qui
2988 2783 3055 2822 ex
3092 2766 3267 2838 figura
3290 2768 3435 2839 regis

1869 2861 2161 2932 imaginem
2218 2875 2329 2915 non
2388 2869 2731 2929 receperunt,
2782 2860 3040 2924 instruat,
3096 2859 3437 2929 suadereque

188 2966 342 3021 ρους,
396 2950 526 3011 τοὺς
577 2944 880 3016 κατάληψιν
932 2943 1220 3015 βασιλικὴν
1288 2944 1352 2996 ἐκ
1410 2944 1621 3013 μορφῆς
1670 2944 1767 2996 οὑκ

1874 2960 2105 3006 conatur
2146 2952 2288 3007 hanc
2336 2952 2669 3007 emarcidam
2721 2951 2899 3021 vulpis
2930 2951 3179 3022 ﬁguram,
3216 2953 3439 3022 perpul-

190 3041 435 3109 εχοντας,
468 3037 563 3090 καὶ
608 3035 807 3096 πείθοι,
840 3035 923 3088 ὅτι
960 3032 1100 3103 αὕτη
1129 3035 1164 3103 ή
1191 3032 1383 3103 -σαπρά
1427 3032 1525 3102 τῆς
1558 3031 1772 3085 ἀλώπε-

189 3147 288 3193 κος
321 3129 436 3183 ἰδέα
470 3126 652 3195 ἐκείνη
701 3126 847 3177 ἐστὶν
892 3126 926 3194 ή
954 3123 1094 3195 καλὴ
1127 3123 1219 3176 τοῦ
1258 3122 1523 3193 βασιλέως
1564 3121 1727 3176 εἰκών
1752 3139 1767 3153 ·

188 3228 290 3277 τίαν
322 3222 488 3277 αὑτὸν
516 3222 718 3291 τρόπον
745 3218 839 3272 καὶ
867 3220 916 3272 οἱ
950 3218 1322 3289 αἰρεσιάρχαι,
1351 3217 1535 3287 γραῶν
1571 3217 1771 3287 τρόπον

190 3310 671 3381 συγκαττύσαντες
710 3310 948 3379 ῥήματα,
970 3307 1063 3360 καὶ
1086 3306 1259 3373 λέξεις
1284 3307 1451 3368 τινὰς,
1480 3306 1570 3358 καὶ
1597 3322 1772 3376 παρα-

190 3401 360 3464 δολάς
388 3399 541 3461 Θείας
571 3397 794 3468 Γραφῆς
814 3397 1258 3461 ἀποσπάσαντες,
1284 3395 1616 3465 ἐφαρμόζειν
1652 3394 1773 3464 βιά-

189 3495 381 3558 ζονται
420 3493 537 3554 τοῖς
578 3488 783 3542 ἐαυτῶν
816 3486 1003 3557 μύθοις
1039 3487 1107 3540 τά
1139 3486 1296 3555 λόγια
1316 3486 1407 3540 τοῦ
1430 3486 1587 3541 Θεοῦ.
1629 3487 1776 3541 Αλλά

206 3582 289 3655 μὴ
324 3584 577 3653 ἀγνοεῖτε
611 3580 735 3640 τοὺς
766 3578 1038 3641 τοιούτους

594 3671 772 3723 mm.
811 3700 880 3710 —
909 3666 1369 3739 ΘΕΟΚΔΕΙΑΝῼ.

267 3782 289 3818 ι
333 3763 476 3817 Ἀλλ’
495 3764 649 3833 ἡμῖν,
675 3779 695 3812 ι
720 3761 883 3831 φησὶν
908 3760 1315 3825 ὁἈπόστολος,»
1344 3755 1424 3823 εἷς
1448 3760 1579 3825 Θεὸς
1605 3764 1633 3815 6
1660 3764 1773 3815 Πα-

190 3852 318 3922 τὴρ,
348 3851 409 3916 ἐξ
435 3842 499 3902 οὑ
520 3849 592 3902 τά
638 3848 813 3902 πάντα
836 3889 850 3912 ,
888 3849 984 3901 καὶ
1017 3849 1180 3918 ἡμεῖς
1219 3851 1299 3911 εἰς
1329 3849 1492 3903 αὑτόν
1518 3868 1531 3880 ·
1560 3852 1653 3905 καὶ
1696 3846 1775 3916 εἷς

192 3940 405 4010 Κύριος
432 3937 643 4007 Ἰησοῦς
676 3937 927 4005 Χριστὸς,
960 3936 1026 3989 δι’
1054 3929 1115 3990 οὑ
1153 3937 1221 3990 τὰ
1262 3937 1460 4003 πάντα,
1494 3941 1587 3992 καὶ
1615 3943 1777 4010 ἡμεῖς

192 4032 261 4085 δι’
290 4027 486 4084 αὑτοῦ.
533 4047 551 4080 ι
600 4027 723 4091 Πῶς
756 4023 849 4080 οὖν
910 4026 1169 4080 πολυθεΐα
1214 4027 1387 4093 ἔσται,
1438 4031 1529 4083 καὶ
1584 4032 1777 4085 πολλαὶ

193 4122 366 4193 ἀρχαί
394 4140 409 4187 ;
440 4119 648 4175 υὺκοῦν
673 4116 754 4185 εἷς
786 4120 1016 4191 ὑπάρχει
1040 4121 1067 4172 ὁ
1095 4120 1327 4192 Ποιητής
1358 4120 1466 4173 τῶν
1504 4123 1659 4188 ὅλων,
1683 4125 1777 4177 καὶ

193 4214 322 4268 οὔτε
374 4212 558 4266 πολλοὶ
586 4214 722 4277 θεοὶ,
757 4212 934 4276 καθὼς
980 4212 1136 4282 ὑμεῖς
1183 4211 1393 4280 λέγετε,
1424 4211 1547 4265 οὔτε
1594 4213 1777 4265 πολλοὶ

1872 3044 2060 3098 chram
2094 3044 2240 3099 illam
2267 3044 2410 3114 regis
2437 3044 2727 3115 imaginem
2747 3059 2872 3099 esse
2897 3060 2910 3095 :
2940 3027 3129 3099 eade'i'n
3158 3046 3436 3099 Imreseon

1871 3136 2031 3206 primi
2063 3146 2339 3207 parentes,
2366 3153 2516 3193 more
2542 3139 2869 3204 vetularum,
2895 3138 3061 3192 verba
3093 3146 3147 3192 et
3168 3136 3439 3194 dictiones

1873 3229 2345 3294 consarcinantes,
2372 3230 2479 3301 93
2502 3240 2555 3285 et
2589 3230 2789 3285 divina:
2822 3228 3120 3299 Scriptura:
3148 3230 3438 3299 parabolas

1872 3320 2169 3375 nonnullas
2193 3322 2637 3386 avellentes,suis
2663 3321 2862 3377 fabulis
2885 3322 3103 3391 eloquia
3128 3320 3222 3377 Dei
3235 3335 3442 3376 accom-

1874 3412 2100 3467 modare
2127 3413 2486 3469 contendunt.
2517 3413 2622 3469 Sed
2658 3428 2752 3469 vos
2778 3415 2945 3469 hosce
2980 3430 3049 3469 ne
3083 3414 3367 3487 ignoretis.

2199 3664 2514 3721 CCXLVIII.
2548 3698 2619 3708 —
2650 3661 3109 3723 TIIEOCLIANO.

1952 3781 1970 3813 ι
1994 3762 2099 3816 Sed
2130 3760 2308 3822 nobis,
2333 3778 2351 3809 ι
2380 3760 2782 3829 aitApostolus,
2812 3776 2983 3814 «unus
3008 3759 3149 3816 Deus
3164 3759 3344 3827 Pater,
3373 3778 3439 3817 ex

1876 3870 1986 3924 quo
2015 3853 2219 3916 omnia,
2243 3860 2298 3905 et
2322 3866 2425 3905 nos
2449 3852 2502 3904 iu
2527 3851 2678 3904 illum
2705 3868 2720 3919 ;
2744 3860 2798 3905 et
2822 3866 2965 3906 unus
2986 3850 3256 3908 Dominus
3280 3852 3440 3909 Jesus

1876 3946 2153 4009 Christus,
2185 3958 2280 4012 per
2324 3958 2486 4011 quem
2531 3943 2736 4009 omnia,
2763 3953 2817 3997 et
2846 3958 2947 3998 nos
2979 3959 3076 4013 per
3110 3948 3284 4013 ipsum
3313 3945 3379 3999 “.
3418 3966 3436 3997 ι

1877 4036 2165 4105 Quomodo
2191 4036 2378 4103 itaque
2413 4033 2570 4086 multi
2611 4033 2685 4087 dii
2727 4042 2910 4101 erunt,
2946 4043 3001 4090 et
3033 4036 3203 4089 multa
3234 4036 3441 4106 princi-

1876 4129 2010 4199 pia?
2053 4126 2170 4180 Erit
2217 4140 2347 4196 ergo
2398 4139 2542 4179 unus
2593 4125 2838 4178 omnium
2890 4125 3175 4191 Conditor,
3228 4136 3282 4183 et
3330 4145 3441 4184 nou

1877 4220 2035 4275 multi
2064 4220 2162 4282 dii,
2194 4227 2253 4272 ut
2302 4233 2398 4271 vos
2436 4218 2787 4282 asseveratis,
2832 4234 3010 4287 neque
3057 4220 3212 4274 multi
3249 4236 3435 4277 mones

195 4306 419 4369 αἰῶνες,
447 4303 674 4374 spesve;
720 4320 782 4355 τε
808 4303 900 4355 καὶ
932 4301 1161 4372 θήλειαι.
1201 4300 1344 4371 Ἔφη
1378 4300 1486 4371 γὰρ
1524 4302 1553 4353 6
1596 4302 1767 4370 μακά-

1882 4312 2107 4367 masculi
2148 4319 2201 4365 et
2239 4310 2473 4363 feminar.
2510 4307 2643 4361 Nam
2676 4308 2866 4364 beatus
2890 4308 3133 4365 Paulus:
3169 4329 3186 4360 ι
3219 4309 3273 4365 Si
3312 4323 3442 4367 sunt

200 4416 316 4471 ριος
346 4397 577 4459 Παῦλος,
603 4397 684 4450 ὅτι
719 4415 738 4447 ι
763 4396 931 4467 Εἴπερ
963 4395 1068 4446 εἰσὶ
1088 4392 1368 4462 λεγόμενοι
1394 4392 1579 4446 πολλοὶ
1604 4392 1768 4455 θεοὶ,›

195 4492 259 4545 τὸ
282 4490 364 4554 δὲ,
392 4489 702 4557 λεγόμενοι
724 4527 739 4551 ,
762 4486 838 4549 ώς
877 4488 1006 4555 περὶ
1061 4483 1135 4555 μὴ
1184 4483 1535 4554 ὑπαρχόντων
1570 4484 1777 4553 ἀπεφή-

195 4601 353 4638 νατο.
392 4582 526 4636 Οὑδέ
576 4580 683 4650 γάρ
740 4579 850 4632 θεοί
897 4580 1033 4631 εἰσιν
1062 4578 1212 4647 ἣλιος
1236 4615 1249 4639 ,
1281 4577 1375 4629 καὶ
1419 4575 1640 4645 σελήνη,
1680 4580 1776 4630 καὶ

194 4674 430 4744 ἀστέρες
454 4712 469 4736 ,
497 4674 591 4727 καὶ
618 4672 685 4725 τὰ
713 4671 839 4741 ἑξῆς
866 4671 1159 4740 κτίσματα.
1188 4668 1297 4721 Καὶ
1339 4668 1391 4720 οἱ
1425 4668 1777 4739 πεπλανημέ-

196 4783 283 4821 νοι
308 4763 644 4820 θεοποιοῦσιν
682 4763 838 4817 αὑτά-

473 4856 625 4909 ΣΜΘ¹
634 4885 722 4909 .—
750 4853 1028 4924 ΑῐΛῙΑΝῼ
1082 4853 1510 4925 ΔΝΔΓΝΩΣἸᾘ.

281 4946 687 5018 «Ταλαίπωρος
708 4944 818 5013 ἐγὼ
861 4944 1172 5015 ἄνθρωπος,
1214 4943 1298 5008 τίς
1345 4961 1412 5013 με
1462 4942 1683 5013 ῥύσεται
1708 4943 1773 4996 ἐκ

197 5038 296 5093 τοῦ
335 5036 585 5106 σώματος
637 5035 732 5089 τοῦ
774 5035 1002 5088 θανάτου
1048 5033 1266 5097 τούτους
1306 5052 1325 5085 ι
1361 5034 1495 5104 Οὐχὶ
1525 5034 1587 5087 τὸ
1620 5034 1778 5105 σῶμα

198 5129 437 5182 θάνατον
480 5126 745 5196 ὑπάρχειν
787 5125 1143 5193 ἀποφαίνεται
1190 5127 1219 5178 6
1252 5125 1392 5189 θεῖος
1437 5124 1776 5189 Ἀπόστολος,

199 5218 343 5272 ἀλλά
373 5216 467 5269 τὸν
522 5216 684 5286 νόμον
718 5218 818 5285 τῆς
844 5215 1153 5286 ἁμαρτίας,
1186 5215 1279 5268 τὸν
1315 5217 1372 5269 ἐν
1415 5217 1527 5277 τοῖς
1564 5214 1780 5284 μέλεσιν

201 5306 303 5359 τοῦ
334 5304 584 5375 σώματος
604 5305 751 5369 ὄντα,
776 5303 866 5357 διά
897 5304 994 5373 τῆς
1019 5305 1075 5356 ἐν
1101 5303 1180 5372 τῷ
1208 5304 1382 5374 Ἀδὰμ
1417 5303 1780 5372 παραϐάσεως

204 5396 519 5467 φωλεύοντα
546 5398 604 5449 ἐν
630 5398 781 5467 ήμῖν,
804 5395 1053 5466 καὶπρὸς
1078 5396 1167 5449 τὸν
1197 5395 1424 5450 θάνατον
1448 5395 1547 5465 τῆς
1570 5393 1781 5457 ἀδικίας

203 5490 308 5559 τὴν
335 5488 512 5558 ψυχὴν
541 5487 951 5542 ἐπισπεύδοντα.
992 5494 1000 5501 “

1879 4404 1973 4475 qui
2013 4403 2273 4458 dicuntur
2314 4402 2470 4456 multi
2516 4400 2593 4455 dii
2634 4400 2702 4466 ",
2750 4419 2768 4452 ι
2804 4402 2949 4470 quod
2993 4402 3243 4456 dicuntur
3268 4444 3284 4467 ,
3332 4421 3442 4459 non

1881 4502 2031 4559 sunt,
2059 4492 2314 4563 protulit.
2343 4492 2532 4562 Neque
2556 4492 2702 4546 enim
2741 4492 2816 4545 dii
2851 4500 2980 4546 sunt
3002 4495 3105 4557 sol,
3138 4501 3192 4547 et
3219 4494 3366 4561 luna,
3391 4506 3444 4549 et

1881 4583 2075 4651 stellae,
2106 4591 2161 4637 et
2192 4582 2416 4651 reliqua!
2450 4588 2741 4637 creaturae.
2786 4580 2851 4635 Et
2892 4584 3044 4652 plani
3086 4582 3337 4641 homines
3380 4601 3444 4641 ea

1880 4670 1938 4723 in
1968 4668 2197 4724 deorum
2230 4683 2462 4723 numero
2495 4669 2789 4724 collocant.

2132 4845 2405 4902 CCXLIX.
2446 4874 2521 4892 ι-
2555 4845 2835 4901 )ELIANO
2869 4846 3186 4904 LECTORI.

1961 4956 1981 4991 ι
2024 4936 2218 4993 Infelix
2250 4953 2351 5008 ego
2384 4938 2572 5002 homo,
2611 4939 2737 5007 quis
2760 4953 2843 4991 me
2872 4939 3121 4993 liberabit
3158 4955 3188 4993 e
3217 4954 3448 5009 corpore

1880 5030 2075 5084 mortis
2105 5029 2270 5098 hujus
2299 5029 2390 5081 “1’
2427 5046 2447 5080 ι
2480 5027 2602 5083 Non
2635 5028 2881 5082 decernit
2914 5044 3115 5098 corpus
3153 5044 3277 5084 esse
3302 5045 3449 5084 mor~

1881 5129 1991 5176 tem
2022 5120 2244 5175 divinus
2271 5119 2595 5189 Apostolus,
2628 5119 2721 5173 sed
2758 5119 2930 5187 legem
2970 5118 3201 5187 peccati,
3235 5134 3358 5189 qua
3393 5120 3450 5175 in

1886 5213 2147 5267 membris
2172 5213 2420 5282 corporis
2463 5220 2567 5273 est,
2592 5227 2685 5281 per
2711 5211 3225 5281 transgressionem,
3248 5226 3367 5281 qua:
3395 5214 3447 5269 in

1888 5306 2098 5360 Adamo
2133 5306 2253 5370 fuit,
2302 5305 2561 5359 latentem
2618 5303 2672 5356 in
2728 5302 2907 5368 nobis,
2949 5309 3002 5356 et
3065 5302 3121 5355 in
3169 5302 3449 5373 iujustitim

1888 5406 2117 5451 mortem
2143 5396 2382 5449 animam
2412 5394 2849 5464 compellentem.

282 5664 330 5697 δ’
362 5664 535 5722 Levit.
567 5680 683 5728 xui.
714 5664 802 5721 48.
880 5664 924 5695 “
967 5662 1139 5719 ICor.
1179 5678 1300 5731 vui,
1332 5662 1385 5720 6.
1419 5661 1506 5739 m“
1544 5659 1678 5719 Ibid.
1713 5660 1797 5718 5.-
1842 5660 1886 5693 ⁸³
1926 5656 2080 5715 Rom.
2106 5655 2317 5723 "1,26.
