3850 6218
436 217 537 283 175
638 185 647 194 ’
1902 220 1963 281 ς.

2117 219 2165 278 .Ι
3559 214 3691 280 176

741 329 888 383 CCL.
924 358 994 370 —
1033 326 1311 384 TEUCRO
1348 327 1666 385 DIACONO.
2012 336 2059 390 Α

507 423 580 477 De
610 422 900 477 laudandis
934 421 1144 477 nostris
1187 420 1444 491 operibus
1489 430 1677 476 noster
1732 419 1993 475 Dominus

434 517 719 571 Servator.
749 523 803 568 et
850 513 1109 568 Christus
1144 513 1381 577 laetatur,
1432 512 1527 566 diu
1571 522 1848 581 noctuque
1884 510 1997 581 94

436 609 697 663 continuo
722 607 959 675 seipsum
986 603 1258 659 nutriens.
1295 622 1314 654 ι
1354 602 1546 657 Cibum
1578 602 1724 657 enim
1763 601 1995 654 mandu-

436 718 565 758 care
593 702 787 763 habeo,
826 715 845 749 ι
906 696 1171 767 apostolis
1201 695 1435 760 dicebat,
1473 709 1662 764 «quem
1695 709 1793 747 vos
1848 705 1995 746 nunc

436 792 664 850 nescitis
692 789 758 856 “,
798 809 817 843 ι
852 786 1201 859 postmodum
1235 786 1461 853 scietis;
1506 800 1695 841 eorum
1731 783 1824 853 qui
1865 791 1997 837 tunc

436 902 500 942 ex
527 883 867 939 Samaritana
894 881 1029 935 urbe
1049 878 1426 944 crediderant,
1458 887 1513 931 et
1536 886 1659 946 post
1688 891 1784 931 eos
1814 875 1995 929 ἰιιῐὶιιί-

435 986 615 1031 tarum
672 975 939 1046 gentium,
1005 972 1097 1040 qui
1157 968 1380 1023 nomina
1436 966 1657 1022 Christo
1706 964 1994 1030 dederunt,

436 1068 631 1124 salutis
652 1066 833 1120 cibum
860 1065 1100 1134 propriis
1132 1050 1379 1117 asseclis:
1399 1059 1797 1131 pratniintians.
1829 1056 1997 1110 Isaias

2436 327 2558 381 ΣΝο.
2591 355 2659 366 -
2691 314 3319 397 τεγῑζιᾜᾮῖιζοινῼ.

2164 420 2383 474 Ἤδεται
2426 422 2456 474 ὁ
2503 421 2768 492 ήμέτερος
2806 419 3007 490 Κύριος
3050 421 3238 491 Σωτὴρ
3288 421 3384 473 καὶ
3424 421 3692 491 Χριστὸς

2090 515 2203 576 τοῖς
2254 515 2557 577 ἐπαινετοῖς
2605 512 2785 584 ἔργοις
2814 512 2971 581 ήμῶν
3027 511 3371 582 καθεκάστην
3419 512 3690 583 ἡμέραν,

2092 604 2189 657 καὶ
2233 604 2403 658 νύκτα
2447 604 2796 675 τρεφόμενος.
2836 622 2853 653 ι
2887 604 3089 674 Βρῶμα
3128 604 3238 674 γάρ
3264 602 3371 672 ἔχω
3398 604 3625 671 φαγεῖν,
3649 621 3675 651 ι

2093 695 2247 764 ἔλεγε
2296 698 2407 758 τοῖς
2448 696 2783 759 ἀποστόλοις,
2825 713 2843 746 ι
2868 696 3003 766 ὅπερ
3045 696 3200 764 ὑμεῖς
3229 695 3327 747 οὐκ
3368 693 3694 747 ἐπίστασθε

2093 785 2209 851 νῦν,
2237 804 2255 837 ι
2287 790 2424 857 μετὰ
2444 786 2502 839 δέ
2530 786 2702 839 ταῦτα
2726 786 3018 853 γνώσεσθε,
3052 786 3150 857 τῆς
3174 785 3282 839 τῶν
3304 783 3695 856 Σαμαρειτῶν

2093 876 2300 939 πόλεως
2338 876 2448 929 τῶν
2488 876 2611 929 τότε
2651 878 3077 941 πιστευσάντων,
3113 877 3206 930 καὶ
3246 877 3343 946 τῆς
3385 876 3492 930 τῶν
3527 874 3697 946 μετὰ

2093 966 2252 1020 τοῦτο
2291 968 2499 1040 μυρίων
2531 967 2700 1020 ἐθνῶν
2741 968 3224 1039 χριστιανισάντων
3256 968 3529 1036 σωτηρίαν
3565 966 3695 1037 τὴν

2095 1057 2293 1128 ἐδωδὴν
2336 1057 2805 1127 προαινιττόμενος
2834 1060 2946 1119 τοῖς
2981 1056 3201 1119 οἰκείοις
3236 1056 3534 1123 φοιτηταῖς.
3555 1055 3695 1106 Καὶ

434 1159 638 1216 etenim
688 1158 755 1213 de
790 1156 1012 1212 Christo
1048 1153 1566 1224 praevaticinabatur
1606 1169 1618 1204 :
1665 1170 1684 1202 ι
1732 1148 1995 1220 Butyrum

2117 1150 2201 1220 {dp
2230 1151 2258 1203 ὁ
2299 1149 2524 1211 Ἡσαΐας
2570 1147 2942 1219 προανεφώνει
2980 1149 3109 1219 περὶ
3155 1146 3391 1218 Χριστοῦ
3416 1185 3432 1211 ,
3472 1147 3693 1216 ὅτιπερ

434 1260 489 1307 et
514 1250 620 1305 mel
655 1248 904 1303 comedet
930 1245 999 1310 ⁸⁸,
1044 1264 1063 1297 ›
1099 1247 1191 1314 qui
1231 1244 1385 1314 prius
1426 1241 1695 1297 Adamum
1739 1239 1999 1296 condide-

2117 1262 2121 1292 ι
2155 1241 2424 1314 Βούτυρον
2453 1242 2547 1294 καὶ
2584 1242 2705 1312 μέλι
2745 1242 2996 1311 φάγεται.
3036 1260 3054 1293 ι
3094 1242 3154 1294 '0
3178 1243 3235 1291 ἐν
3263 1242 3402 1310 ἀρχῇ
3443 1239 3542 1306 μὲν
3573 1238 3696 1290 τὸν

434 1352 542 1409 rat,
575 1341 922 1410 postmodum
972 1347 1032 1391 ut
1073 1337 1400 1401 infantulus,
1434 1344 1488 1390 et
1522 1335 1685 1388 homo
1718 1333 1872 1388 visus
1912 1339 1998 1387 est

2117 1331 2278 1400 Ἀδάμ
2317 1331 2799 1402 πλαστουργήσας,
2828 1329 3051 1401 ὕστερον
3088 1329 3145 1382 δὲ
3191 1329 3266 1392 ὡς
3315 1328 3546 1389 παιδίον,
3574 1328 3694 1381 καὶ

434 1432 684 1488 Christus
706 1429 883 1495 Jesus,
912 1426 1054 1482 Deus
1083 1434 1137 1481 et
1161 1426 1307 1491 caeli,
1337 1434 1390 1479 et
1407 1432 1586 1484 terrae,
1611 1432 1666 1478 et
1696 1422 1995 1477 visibilium

2117 1423 2172 1487 ὓς
2208 1423 2490 1494 ἅνθρωπος
2511 1424 2694 1492 ὀφθεὶς
2731 1423 2964 1493 Χριστὸς
2988 1422 3192 1494 Ἰησοῦς
3226 1423 3254 1473 ὁ
3279 1422 3410 1483 Θεὸς
3449 1421 3545 1474 καὶ
3577 1420 3693 1473 οὗ·

435 1520 703 1575 omuium.
727 1517 831 1573 Per
850 1518 1106 1588 butyrum
1139 1525 1193 1568 et
1220 1514 1324 1568 mel
1350 1515 1547 1567 anima:
1574 1512 1995 1572 nutrimentum,

2117 1518 2261 1571 mou
2283 1558 2296 1581 ,
2328 1518 2420 1569 καὶ
2449 1516 2585 1586 γῆς,
2615 1517 2711 1570 καὶ
2756 1516 2971 1571 πάντων
3004 1514 3235 1586 ὁρατῶν.
3277 1515 3373 1567 Διὰ
3405 1513 3690 1584 βουτύρου

436 1628 648 1667 necnon
683 1625 851 1665 suave
883 1616 939 1665 et
972 1609 1101 1664 mite
1133 1606 1574 1664 Christianorum
1618 1606 1776 1661 bonae
1804 1618 1999 1674 opera-

439 1706 506 1723 -.-
536 1705 601 1723 Α-
642 1700 996 1723 ---ι,ξ..Δε--..-

2117 1611 2191 1663 cal.
2240 1610 2452 1693 μέλιτος
2503 1611 2564 1661 τὸ
2609 1608 2872 1680 τρόφιμον
2917 1609 2981 1679 τῇ
3030 1607 3172 1677 ψυχῇ
3216 1609 3308 1659 καὶ
3357 1605 3416 1659 τὸ
3454 1606 3634 1674 γλυκὺ
3664 1646 3687 1672 ,

2120 1700 2188 1723 -.Α
2240 1699 2877 1723 _--.___.a.-.1__---__r_.....
2910 1698 3006 1723 .3-
3031 1698 3136 1723 _.~...
3172 1698 3507 1723 v-._.-.._.:'.-_
3535 1697 3643 1723 ...Α

439 1705 606 1761 tionis
637 1700 1020 1761 subindicans.

961 1872 1135 1930 CCLI.
1176 1902 1245 1912 —
1277 1869 1481 1924 Eidem.

509 1973 569 2026 Si
626 1971 767 2025 bona
816 1982 982 2038 opera
1022 1964 1183 2029 facis,
1239 1972 1293 2016 et
1337 1957 1811 2015 mansuetudinem
1867 1954 1998 2010 Jesu

436 2058 730 2117 :emularis,
766 2056 963 2125 butyro
987 2060 1041 2105 et
1064 2050 1222 2106 melle
1250 2064 1373 2104 eum
1413 2045 1608 2117 pavisti
1649 2061 1663 2097 :
1706 2044 1749 2097 si
1784 2044 2002 2096 iracun-

437 2152 526 2205 dia
546 2159 755 2219 turges,
781 2157 1091 2216 pravasque
1114 2141 1361 2194 actiones
1391 2136 1633 2198 affectas,
1658 2150 1764 2187 non
1794 2134 2001 2201 absque

438 2243 653 2298 ratione
694 2238 761 2294 de
790 2247 841 2293 te
872 2237 1127 2292 Christus
1164 2230 1474 2287 euuntiahit
1514 2248 1527 2284 :
1566 2247 1584 2279 ι
1625 2228 1780 2281 Dedit
1816 2226 1908 2280 ille
1944 2226 1998 2278 in

437 2336 620 2390 cibum
664 2345 844 2386 meum
894 2326 984 2394 fel,
1034 2337 1088 2382 et
1131 2325 1188 2379 in
1234 2324 1323 2380 siti
1370 2337 1487 2377 mea
1534 2326 1864 2389 putaverunt
1914 2331 2001 2371 me

438 2440 594 2487 aceto
624 2429 692 2482 “.
737 2446 756 2480 ›

643 2514 841 2572 CCL".
869 2543 938 2555 —
963 2508 1307 2567 GLYCADIO
1346 2501 1804 2560 PROTECTORI.

508 2607 806 2682 Glycadius
847 2602 1101 2658 dulcidus
1162 2598 1382 2669 quidem
1418 2597 1637 2651 nomine
1669 2603 1850 2656 tenus,
1881 2593 1999 2647 aci—

440 2706 541 2759 dus
567 2715 697 2758 vero
732 2696 1087 2765 insuavisque
1110 2691 1357 2748 moribus
1384 2705 1464 2745 es.

646 2787 869 2845 CCLlll.
904 2816 976 2827 —
1014 2781 1366 2838 DEMETRIO
1409 2778 1801 2835 HERETICO.

507 2884 719 2939 Petiisti
752 2897 781 2933 a
807 2895 915 2944 me,
946 2876 1216 2931 undeuam
1242 2876 1471 2937 Adamo,
1495 2883 1548 2927 et
1577 2874 1740 2927 socia:
1765 2872 2003 2942 pellicem

440 2977 652 3031 Iuniae
677 2972 834 3041 copia
872 2969 975 3025 fuit
1004 2966 1076 3030 ";
1116 2973 1308 3020 contra
1348 2963 1466 3034 ipse
1501 2979 1530 3017 a
1565 2973 1617 3017 te
1646 2978 1815 3031 posco
1847 2980 1862 3017 :
1894 2979 1999 3016 un-

440 3070 632 3123 denam
672 3063 872 3118 caelum
900 3077 966 3114 ex
999 3059 1067 3115 iis
1093 3071 1215 3129 quae
1241 3071 1347 3111 non
1379 3064 1535 3110 erant
1562 3064 1880 3126 protensum
1897 3061 1999 3120 est,

441 3172 493 3217 et
526 3161 581 3213 in
616 3156 847 3213 sublime
875 3152 983 3224 95
1006 3159 1294 3207 extensum
1324 3165 1338 3214 ;
1376 3147 1519 3202 unde
1540 3149 1622 3203 sol
1654 3147 1842 3201 lucens
1867 3161 2004 3200 con»

441 3254 590 3307 ditus
631 3256 746 3314 est,
808 3245 953 3299 unde
1002 3244 1135 3298 luna
1193 3241 1515 3309 choreaeque
1574 3240 1892 3305 stellarum,
1938 3253 2005 3292 ex

442 3342 646 3414 quibus
680 3335 1006 3394 substantiis
1034 3342 1246 3389 montes
1269 3331 1429 3386 scissi
1469 3339 1630 3396 sunt;
1659 3330 1805 3384 unde
1829 3330 2007 3399 cuipis

440 3448 496 3491 et
517 3432 712 3489 culicis
734 3432 787 3486 in
806 3427 1042 3500 Egypto
1064 3441 1265 3496 magno
1288 3424 1459 3495 Moysi
1487 3424 1816 3478 abundantia
1837 3462 1853 3486 ,
1879 3438 2009 3492 quo-

443 3526 603 3582 modo
655 3495 895 3594 ligneum
946 3518 1201 3573 baculum
1254 3517 1309 3572 in
1358 3525 1662 3586 serpentem
1704 3516 2007 3569 animatum

442 3624 831 3686 repentemque
878 3604 1202 3669 conversum
1261 3616 1380 3672 est;
1432 3605 1576 3661 unde
1632 3603 2008 3675 legumlatoris

443 3705 628 3762 manui
660 3704 844 3758 datum
880 3706 984 3765 est,
1024 3707 1084 3753 ut
1110 3697 1277 3752 veluti
1310 3697 1401 3751 nix
1432 3696 1773 3752 albesceret?
1807 3695 2006 3750 Eadem

442 3800 629 3865 itaque
668 3794 881 3849 ratione
918 3801 1073 3854 tunc,
1107 3790 1204 3852 ita,
1252 3788 1481 3843 Domino
1512 3797 1811 3852 annuente,
1852 3788 2009 3857 pelli-

443 3905 569 3946 ceas
608 3886 823 3942 tunicas
859 3884 1065 3952 absque
1104 3880 1451 3946 animalibus,
1489 3888 1543 3934 et
1580 3888 1700 3933 arte
1746 3879 2006 3945 humana,

443 3991 499 4038 et
537 3980 691 4034 vario
718 3975 958 4047 opillc’io,
992 3988 1117 4027 cum
1157 3972 1368 4034 arrisit,
1398 3970 1509 4035 bis,
1545 3971 1640 4040 qui
1674 3984 1798 4024 cum
1834 3970 2006 4024 Adam

444 4079 625 4137 erant,
656 4068 932 4133 coniecit;
972 4060 1435 4136 quemadmodum
1476 4068 1531 4116 et
1572 4062 1641 4116 ab
1684 4061 1842 4117 initio
1881 4076 2004 4116 cum

446 4164 638 4226 voluit,
660 4169 715 4216 et
744 4160 967 4222 cwlum,
1000 4164 1055 4209 et
1084 4154 1270 4208 omnia
1293 4161 1475 4208 creata
1509 4160 1657 4209 sunt.

936 4244 1162 4303 CCLIV.
1204 4275 1270 4287 --
1306 4242 1513 4300 Eidem.

516 4341 760 4397 Primum
798 4337 1016 4408 quidem
1055 4334 1188 4390 illud
1224 4333 1439 4388 [irinum
1483 4333 1578 4399 sit,
1610 4333 1755 4403 quod
1795 4348 1906 4387 non
1948 4339 2007 4385 ut

449 4434 751 4492 intellectu.
802 4429 898 4484 sed
947 4436 1005 4481 ut
1061 4442 1229 4483 sensu
1283 4425 1701 4494 percipiebatur,
1750 4424 2008 4481 Christus

450 4527 622 4581 dixit:
664 4540 685 4574 ι
724 4522 805 4576 Ab
837 4519 1019 4585 initio,
1049 4517 1143 4588 qui
1167 4514 1395 4582 creavit,
1427 4516 1728 4571 masculum
1760 4525 1813 4571 et
1852 4515 2011 4571 femi-

447 4631 575 4672 nam
602 4614 731 4670 fecit
762 4610 838 4679 "°;
884 4629 902 4662 ι
937 4618 1031 4666 et:
1065 4628 1085 4662 ι
1122 4606 1279 4675 Quod
1316 4605 1461 4663 Deus
1493 4608 1806 4678 conjunxit,
1844 4608 2011 4662 homo

446 4725 557 4763 non
590 4712 802 4777 separet
827 4703 894 4757 δν.
932 4721 951 4753 ι
990 4700 1341 4757 Postmodum
1382 4702 1589 4757 dictum
1620 4700 1862 4769 Apostoli
1914 4714 2012 4769 per

447 4800 758 4867 allegoriam
817 4796 1091 4864 explana,
1160 4811 1179 4844 ι
1249 4793 1503 4863 Magnum
1564 4794 1881 4862 mysterium
1952 4793 2006 4845 in

446 4891 723 4949 Christum
772 4893 826 4940 et
867 4884 922 4937 iu
964 4881 1264 4937 Ecclesiam
1288 4884 1355 4947 ⁸ο,
1399 4902 1418 4935 ι
1465 4883 1610 4952 quod
1647 4898 1713 4937 ex
1754 4884 2012 4938 carnibus

449 4983 623 5051 ipsius
676 4985 730 5032 et
771 4975 991 5030 ossibus
1033 4988 1245 5038 sumus,
1294 4976 1421 5043 quia
1472 4974 1766 5045 participes
1809 4974 2013 5029 Christi

451 5086 665 5129 sumus.
715 5078 768 5121 et
824 5065 928 5134 ipsi
979 5063 1036 5118 in
1087 5063 1212 5131 (ide,
1268 5067 1584 5136 cognitione
1621 5076 1675 5122 et
1716 5067 2010 5121 virtutibus

447 5159 859 5229 cunjttngimur.
1689 5209 1692 5213 γ

747 5249 944 5306 CCLV.
986 5281 1053 5292 -—
1091 5245 1363 5304 FAUSTO
1401 5244 1708 5301 PRIMATI.

520 5341 903 5405 Praadicamus.
933 5343 1325 5413 gloriﬁcamus,
1364 5340 1674 5403 laudamus,
1715 5338 2010 5394 adoramus

450 5435 689 5499 Patrem,
727 5444 782 5489 et
828 5434 1047 5501 Filium,
1098 5442 1153 5490 et
1199 5432 1463 5503 Spiritum
1505 5440 1781 5493 sanctum,
1843 5446 2007 5486 uuam

2100 1700 2194 1753 καὶ
2237 1687 2502 1771 προσηνὲς
2528 1699 2877 1769 ὑπεμφαίνων
2909 1698 3006 1769 τῆς
3030 1698 3137 1751 τῶν
3170 1698 3507 1769 Χριστιανῶν
3535 1697 3690 1752 καλ-

2100 1792 2290 1863 λίστης
2321 1792 2602 1864 ἐργασίας.

2588 1884 2756 1938 ΣΝΑἎ
2782 1912 2850 1925 —-—
2885 1882 2969 1948 Τῷ
2995 1882 3175 1948 αὐτῷ.

2181 1974 2305 2029 Ἐὰν
2338 1975 2475 2030 καλά
2506 1975 2752 2045 πράττῃς
2781 1973 2940 2044 ἔργα,
2972 1976 3065 2027 καὶ
3105 1976 3244 2044 μιμῇ
3281 1972 3341 2026 τὸ
3369 1974 3543 2043 πρᾶον
3572 1972 3685 2026 τοῦ

2111 2061 2306 2133 Ἰησοῦ,
2339 2062 2573 2132 ἔθρεψας
2614 2061 2775 2116 αὑτὸν
2827 2061 3070 2131 βουτύρῳ
3104 2061 3199 2114 καὶ
3243 2060 3452 2131 μέλιτι’
3483 2061 3581 2115 ἐὰν
3615 2062 3684 2113 δὲ

2097 2154 2310 2225 ὀργίλος
2340 2154 2496 2225 μένῃ,
2529 2153 2623 2207 καὶ
2679 2152 2897 2220 φαύλων
2944 2152 3185 2223 ἐργάτης
3233 2153 3502 2222 πράξεων,
3526 2151 3686 2216 λέξει

2098 2242 2335 2311 εὐλόγως
2366 2244 2461 2295 καὶ
2500 2242 2629 2311 περὶ
2662 2241 2756 2294 σοῦ
2801 2242 3041 2311 Ἰησοῦς,
3069 2243 3149 2295 ὅτι
3191 2261 3209 2294 ι
3248 2244 3486 2296 Ἔδωκεν
3514 2236 3685 2307 οὗτος

2098 2337 2178 2398 είς
2204 2336 2263 2388 τὸ
2315 2335 2509 2406 βρῶμα
2564 2354 2667 2406 μου
2718 2336 2902 2408 χολὴν,
2944 2339 3036 2391 καὶ
3088 2339 3167 2401 είς
3215 2337 3313 2409 τὴν
3362 2339 3521 2407 δίψαν
3565 2357 3683 2409 μου

2099 2428 2316 2481 ἐπότισέ
2354 2446 2422 2497 με
2450 2427 2589 2493 ὄξος.
2628 2446 2645 2479 ι

2311 2519 2479 2573 ENB’.
2514 2548 2584 2558 --
2615 2517 2960 2590 ΓΛΥΚΑΔΙῼ
2990 2518 3453 2573 ΠΡΟΤΗΚΤΟΡΙ.

2176 2611 2465 2674 Γλυκάδιυς
2500 2609 2598 2680 μὲν
2624 2610 2685 2662 τὸ
2721 2609 2892 2680 ὄνομα
2923 2610 3221 2680 κέκλησαι,
3267 2608 3443 2675 eam;
3472 2610 3531 2664 δὲ
3574 2611 3685 2665 καὶ

2103 2703 2273 2775 ἀηδὴς
2305 2703 2395 2756 τὸν
2421 2703 2619 2771 τρόπον
2645 2700 3008 2771 καθέστηκας.

2366 2795 2530 2847 ΣΝΓ’.
2557 2826 2627 2835 —-
2662 2793 3019 2863 ΔΗΜΗΤΡΙῼ
3072 2793 3414 2864 ᾹΙΡΕΤΙΚῼ.

2183 2885 2501 2958 Ἦρώτησάς
2533 2902 2622 2955 με,
2659 2885 2821 2937 πόθεν
2868 2888 2978 2948 τοῖς
3016 2886 3144 2955 περὶ
3173 2887 3262 2938 τὸν
3305 2887 3476 2956 Ἀδὰμ
3507 2888 3686 2959 ηὑρέ-

2028 3011 2073 3069 c
2106 2978 2279 3049 θησαν
2302 2976 2610 3047 δερμάτινοι
2641 2976 2897 3046 χιτῶνες;
2940 2977 3253 3048 Ἀντερωτῶ
3285 2994 3345 3030 σε
3374 2977 3552 3045 κάγὼ,
3573 2980 3684 3033 1:6-

2106 3071 2197 3125 θεν
2232 3069 2456 3140 οὐρανὸς
2480 3067 2542 3133 ἐξ
2574 3070 2673 3121 οὐκ
2720 3069 2887 3121 όντων
2921 3069 3141 3123 τέταται
3167 3070 3224 3121 ἐν
3251 3069 3509 3140 μετεώρῳ
3538 3072 3685 3125 ἀνα-

2105 3159 2441 3230 πετασμένος
2461 3174 2475 3187 ·
2501 3157 2663 3212 πόθεν
2685 3158 2906 3228 ἐκτίσθη
2934 3158 3085 3229 ἥλιος
3107 3159 3447 3212 ἀποστίλϐων
3463 3177 3476 3189 ·
3510 3162 3685 3215 πόθεν

2107 3253 2338 3323 σελήνη,
2371 3252 2466 3305 καὶ
2517 3250 2766 3321 ἀστέρων
2812 3249 2999 3320 χορεία
3025 3265 3040 3282 ο
3086 3250 3193 3303 ἀπὸ
3238 3251 3407 3304 ποίων
3457 3252 3684 3321 φύσεων

2105 3346 2315 3415 ἐτμήθη
2338 3345 2438 3416 ὅρη
2467 3360 2482 3376 ο
2509 3344 2672 3398 πόθεν
2711 3344 2809 3414 τῆς
2838 3344 3049 3407 κνιπὸς,
3080 3344 3172 3396 καὶ
3204 3343 3295 3397 τοῦ
3333 3342 3593 3407 κώνωπος
3619 3346 3685 3397 ἐν

2105 3436 2366 3506 Αἰγύπτῳ
2412 3437 2441 3487 ό
2484 3435 2751 3506 πορισμὸς
2805 3434 2883 3503 τῷ
2935 3435 3153 3505 μεγάλῳ
3204 3436 3411 3506 Μωῦσῇ
3447 3450 3461 3463 ⁸
3492 3435 3613 3499 πῶς
3644 3438 3681 3507 ἡ

2108 3525 2292 3597 ξυλίνη
2324 3525 2517 3597 ρἀδος
2540 3525 2841 3595 μετεϐλήθη
2880 3526 2959 3587 εἰς
2992 3524 3114 3593 ὅφιν
3142 3525 3556 3595 ὲμψυχωμένον,
3580 3530 3685 3581 καὶ

2106 3616 2343 3687 ἐρποντα
2376 3631 2391 3646 ο
2424 3613 2585 3667 πόθεν
2625 3616 2691 3684 τῇ
2733 3614 2875 3683 χειρὶ
2910 3613 3004 3665 τοῦ
3070 3613 3360 3683 νομοθέτου
3376 3615 3451 3667 ’τὸ
3480 3614 3684 3688 ὥσπερ

2107 3708 2259 3777 χιόνα
2290 3705 2645 3776 λευκανθῆναι
2672 3721 2688 3771 ;
2739 3705 2925 3768 Οὕτως
2958 3701 3050 3759 οὖν
3090 3706 3185 3759 καὶ
3229 3706 3349 3759 τότε
3384 3707 3621 3775 θελήσας
3653 3712 3685 3763 ὀ

2108 3799 2311 3870 Κύριος
2362 3796 2714 3868 δερματίνους
2769 3795 3023 3865 χιτῶνας,
3060 3797 3227 3866 χωρὶς
3257 3796 3430 3863 ζώων,
3464 3800 3558 3852 καὶ
3583 3800 3681 3853 τέ-

2106 3905 2240 3961 χνης
2289 3889 2441 3951 τινὸς
2476 3888 2850 3959 ἀνθρωπίνης,
2878 3888 2972 3941 καὶ
3030 3887 3367 3958 πολυτρόπου
3412 3890 3685 3960 ἐργασίας

2108 3981 2223 4049 ἅμα
2252 3977 2421 4031 θέλων
2442 3976 2665 4047 ἐποίησε
2695 3977 2806 4039 τοῖς
2829 3977 2958 4046 περὶ
2984 3975 3075 4029 τὸν
3112 3976 3300 4045 Ἀδάμ.
3333 3979 3407 4039 ὡς
3447 3979 3544 4031 ἀπ’
3573 3983 3681 4051 άρ-

2107 4077 2211 4144 χῆς
2254 4074 2372 4143 ἃμα
2397 4072 2658 4144 ἠθέλησε,
2690 4072 2785 4125 καὶ
2834 4071 3062 4142 οὐρανὸς
3083 4110 3097 4134 ,
3132 4071 3227 4123 καὶ
3262 4072 3439 4124 πάντα
3483 4072 3684 4139 γεγένο

2109 4180 2285 4235 νηται.

2590 4254 2755 4308 ΣΝΔν.
2787 4284 2857 4294 -
2888 4252 2976 4319 Τῷ
3010 4254 3187 4319 αὐτῷ.

2038 4342 2089 4401 1)
2182 4343 2384 4414 Στῆσον
2434 4343 2648 4413 πρῶτον
2680 4345 2739 4397 τὸ
2784 4345 2905 4415 ούχὶ
2954 4345 3178 4416 νοητῶς,
3227 4347 3342 4401 ἀλλ’
3396 4346 3682 4418 αἰσθητῶς

2107 4436 2257 4507 παρὰ
2280 4434 2515 4506 Χριστοῦ
2547 4435 2855 4505 εἰρημένον,
2880 4436 2961 4488 ὅτι
2998 4455 3017 4487 ι
3066 4438 3184 4489 Ἀπ’
3204 4439 3376 4509 ἀρχῆς
3405 4443 3432 4492 ὁ
3466 4440 3682 4503 Κτίσας

2106 4527 2269 4598 ἄρσεν
2294 4528 2387 4583 καὶ
2414 4526 2546 4597 θῆλυ
2578 4526 2853 4596 ἐποίησεν,
2893 4546 2912 4579 ι
2947 4527 3039 4580 καί
3063 4544 3078 4559 ο
3107 4528 3283 4601 Ὅπερ
3316 4533 3344 4582 ὀ
3364 4530 3494 4593 Θεὸς
3528 4549 3679 4591 ¹συν-

2107 4615 2342 4681 έζευξεν,
2376 4615 2656 4688 ἄνθρωπος
2685 4617 2759 4687 μὴ
2796 4616 3091 4686 χωριζέτω.
3132 4636 3151 4669 ι
3189 4620 3296 4673 Καὶ
3327 4620 3553 4691 ὕστερον
3578 4620 3681 4675 ἀλ-

2106 4706 2345 4777 ληγόρει,
2372 4706 2508 4777 ὅπερ
2536 4710 2698 4778 φησὶν
2728 4710 2756 4761 ὁ
2781 4708 3116 4772 Ἀπόστολος·
3138 4728 3156 4761 ι
3182 4710 3255 4763 Τὸ
3289 4712 3432 4782 μέγα
3463 4716 3676 4784 μυστή-

2110 4815 2222 4868 ριον
2256 4801 2334 4862 είς
2364 4799 2595 4870 Χριστὸν
2647 4799 2741 4852 καὶ
2785 4801 2865 4862 είς
2910 4800 3009 4869 τήν
3053 4801 3446 4873 Ἐκκλησίαν.»
3476 4806 3561 4859 ὅτι
3606 4810 3677 4863 ἐκ

2105 4892 2215 4944 τῶν
2261 4892 2480 4962 σαρκῶν
2536 4892 2699 4946 αὐτοῦ
2744 4895 2840 4946 καὶ
2883 4893 2991 4946 τῶν
3030 4894 3231 4947 ὀστέων
3279 4896 3465 4966 ἐσμὲν,
3495 4897 3585 4951 διά
3613 4900 3677 4952 τὸ

2111 4983 2358 5053 μετέχειν
2389 4985 2627 5054 Χριστοῦ
2648 5026 2663 5050 ,
2699 4986 2792 5037 καὶ
2838 4984 3178 5056 συνηνῶσθαι
3212 4987 3358 5058 αύτῷ
3383 4991 3442 5041 ἐν
3470 4990 3674 5056 πίστει,

2109 5074 2202 5125 καὶ
2229 5072 2450 5141 γνώσει,
2474 5074 2564 5127 καὶ
2590 5075 2831 5143 ἀρεταῖς.

2371 5251 2537 5304 ΣΝΕι.
2563 5280 2634 5292 -
2657 5253 2743 5303 ΦΛ
2758 5239 2925 5323 irim
2970 5248 3427 5313 ΠΡΩΤΕΥὸΝΤΙ.

2199 5340 2662 5411 Ἀνευφημοῦμεν,
2685 5342 2998 5413 δοξάζομεν,
3026 5347 3322 5419 ὑμνοῦμεν,
3343 5348 3678 5420 προσκυνοῦ-

2119 5450 2218 5502 μεν
2274 5434 2511 5506 Πατέρα,
2556 5436 2652 5488 καὶ
2701 5435 2849 5499 Υίὸν,
2900 5437 2994 5490 καὶ
3040 5438 3196 5506 άγιον
3248 5440 3509 5510 Πνεῦμα,
3548 5440 3677 5509 μίαν

519 5569 568 5643 ff
593 5568 749 5643 Jroau.
782 5569 967 5643 w,§2.
1039 5570 1085 5603 ⁸⁸
1111 5573 1329 5635 lsa.vu,
1358 5569 1444 5624 l5.
1521 5569 1566 5601 “
1607 5569 1750 5624 Psai.
1787 5586 1975 5637 uvut,
2012 5569 2103 5624 92.
2176 5571 2221 5604 "
2270 5570 2405 5627 Cen.
2442 5586 2545 5643 _m,
2603 5572 2691 5627 2|.
2765 5573 2814 5606 "
2862 5573 3053 5631 Matth.
3088 5590 3201 5642 xu,
3243 5576 3298 5631 4.
3372 5576 3418 5609 ⁸⁸
3449 5577 3581 5632 ibid.
3612 5578 3647 5631 8

452 5641 497 5673 ιο
532 5640 729 5710 Epltes.
761 5654 816 5704 ν,
842 5639 931 5695 52.
