3850 6218
167 329 259 396 177

1371 328 1905 394 EPISTOLARUM
1939 333 2083 396 LIB.
2118 336 2169 397 Ι.

3294 335 3395 401 178

163 446 410 513 δόναμιν,
453 444 586 514 μίαν
614 443 884 515 θεότητα,
916 446 1045 513 μίαν
1089 447 1370 513 ἐξουσίαν,
1408 450 1465 501 ἒν
1501 448 1731 517 θέλημα.

1840 454 2120 513 naturam,
2158 461 2320 502 unam
2353 446 2677 518 potentiam,
2717 459 2880 500 unam
2922 443 3199 509 deitatem,
3231 462 3393 500 unam

162 532 366 603 Τριέοδα
411 534 703 603 ὀμοούσιον
731 535 1029 607 δοξάζομεν
1052 579 1066 603 ,
1097 539 1192 591 καὶ
1224 538 1591 610 ὁμολογοῦμεν
1641 558 1737 610 μο-

162 623 392 687 ναδικῶς
414 666 429 687 ,
456 625 771 695 τριαδικῶς.
823 626 1143 691 Μοναδικῶς
1178 630 1278 698 μὲν
1311 631 1367 682 ὲν
1421 633 1519 702 μιᾷ
1557 633 1735 703 οὐσίᾳ,

158 716 249 769 καὶ
293 714 531 787 θεότητι,
562 718 857 789 τριαδικῶς
904 719 962 774 δὲ
1015 722 1073 775 ὲν
1126 724 1304 793 τρισὶν
1352 724 1734 791 ὑποστάσεσιν,

159 807 277 876 ἦτοι
305 806 626 879 προσώποις
662 810 859 879 τρισίν.

633 986 818 1056 εΝςν.
849 1015 922 1029 -
952 990 1269 1063 unum.

225 1095 367 1160 Τοὺς
395 1097 897 1172 ἐγγαστριμύθους,
930 1106 1024 1158 καὶ
1057 1106 1182 1170 τοὺς
1223 1107 1331 1160 ἀπὸ
1366 1108 1466 1177 τῆς
1494 1109 1595 1181 γῆς
1626 1128 1737 1181 φω-

158 1186 403 1256 νοῦντας,
424 1194 559 1256 τοὺς
586 1195 1022 1264 κενολογοῦντας,
1057 1199 1237 1263 καθώς
1263 1218 1427 1270 φησιν
1460 1205 1493 1273 ή
1524 1204 1734 1275 Γραφὴ,

160 1282 424 1347 φευκτέον
447 1284 582 1353 ἡμῖν
609 1302 625 1316 ·
662 1289 771 1350 πᾶς
822 1288 931 1359 γὰρ
978 1291 1375 1362 κεκωλυμένος,
1402 1295 1497 1348 καὶ
1535 1295 1737 1366 ψευδὴς

157 1370 335 1438 λόγος,
365 1375 528 1439 κενός
568 1379 715 1430 ἐστιν
743 1378 1019 1450 ἀληθείας.
1053 1382 1256 1447 Βλέπε,
1290 1384 1343 1437 τί
1383 1402 1544 1454 φασιν
1572 1387 1630 1439 ἐν
1658 1386 1737 1457 τῷ

156 1462 519 1536 Εὐαγγελίῳ,
548 1468 634 1521 ὅτι
671 1490 689 1521 ι
754 1471 848 1524 Ἐκ
897 1472 993 1526 τοῦ
1030 1474 1398 1545 πληρώματος
1452 1476 1548 1530 τοῦ
1598 1478 1735 1532 θεοῦ

155 1555 447 1627 ἰλάϐομεν.
490 1579 510 1611 ι
556 1562 620 1615 Oi
668 1562 724 1615 δέ
773 1579 837 1631 γε
884 1566 1291 1635 κενολογοῦντες
1335 1571 1604 1639 αἱρετικοὶ
1635 1572 1737 1625 οὐκ

155 1645 337 1716 ἔχουσι
365 1649 566 1719 λόγους
597 1655 664 1705 ὲκ
692 1654 1075 1726 πληρώματος,
1094 1658 1308 1723 πάντας
1341 1662 1399 1715 δὲ
1428 1663 1615 1726 κενοὺς
1636 1663 1737 1733 τῆς

155 1736 435 1807 ἀληθείας,
464 1742 560 1794 καὶ
592 1746 782 1808 κενοὺς
827 1747 925 1816 τῆς
979 1748 1129 1813 Θείας
1182 1751 1485 1822 δυνάμεως,
1522 1756 1616 1808 καὶ
1644 1772 1732 1808 σο·-

155 1828 304 1921 σίας.
339 1830 559 1895 Οἴτινες
606 1834 671 1885 ὲκ
720 1838 818 1905 τῆς
848 1837 1055 1903 κοιλίας
1102 1842 1370 1909 φωνοῦσιν
1392 1860 1406 1874 ·
1427 1845 1477 1898 oi
1513 1845 1623 1917 γὰρ
1652 1846 1729 1918 μὴ
1761 1865 1804 1921 Β

153 1918 371 1988 ἔχοντες
390 1922 493 1992 μὲν
520 1924 621 1993 τὴν
651 1925 1399 2003 ἀλήθειαν,ὲπαγγελλόμενοι
1416 1937 1475 1990 δὲ
1504 1938 1730 2008 ταύτην,

153 2010 313 2079 δῆλον
337 2014 424 2066 ὅτι
450 2016 516 2102 ὲκ
549 2017 757 2081 κοιλίας
787 2020 1044 2087 φωνοῦσι,
1072 2026 1139 2094 τῇ
1176 2026 1385 2079 ἑαυτῶν
1406 2029 1584 2102 κοιλίᾳ
1615 2031 1735 2085 δου-

155 2102 430 2197 λεύοντες,
461 2100 569 2161 «ὧν
582 2109 710 2174 Θεὸς
729 2114 761 2182 ἡ
792 2114 967 2168 κοιλία
993 2117 1315 2185 λελόγισται.
1330 2138 1348 2169 ι
1371 2120 1433 2173 Ἠ
1450 2100 1733 2197 γάρήπηγὴ

154 2195 467 2263 τῶνλόγων
518 2200 627 2253 τῶν
663 2208 1089 2278 γαστριμάργων
1143 2210 1245 2263 οὐκ
1293 2212 1351 2277 ἐξ
1399 2213 1554 2280 ἁγίου
1596 2195 1732 2286 προέ

156 2286 376 2358 ἔρχεται
427 2293 745 2364 Πνεῦματος
769 2339 785 2361 ,
814 2300 914 2353 οὐκ
950 2302 1056 2354 ἀπὸ
1088 2303 1415 2373 ἡγεμονικοῦ
1442 2345 1457 2370 ,
1484 2308 1585 2360 οὐκ
1626 2308 1735 2363 ἀπὸ

156 2380 255 2449 τῆς
284 2383 521 2452 καρδίας
560 2386 660 2457 τῆς
708 2389 801 2442 τὸν
851 2392 1085 2462 Χριστὸν
1123 2396 1431 2466 ποθούσης,
1468 2398 1584 2454 ἀλλ’
1626 2400 1734 2455 ἀπὸ

157 2471 366 2537 κοιλίας
398 2475 749 2541 ἐκσλῦζεται.

566 2591 732 2647 ΣΝΖυ.
760 2621 833 2635 --
856 2596 1349 2671 ΔΙΟΚΛΗἸἹΔΝῼ.

222 2696 467 2791 animm!
486 2720 574 2767 τις
600 2706 665 2757 ἑκ
690 2706 787 2760 τοῦ
811 2708 989 2773 δεξιοῦ
1014 2711 1217 2782 μέρους
1243 2715 1336 2767 ἐπὶ
1362 2715 1422 2769 τὸ
1445 2718 1734 2791 ἀριστερὸν

159 2788 361 2860 ῥᾳδίως
415 2796 799 2867 μετατεθῆναι,
839 2800 913 2864 ὥς
972 2821 1138 2874 φησιν
1184 2807 1212 2858 ό
1255 2808 1611 2874 Ἀπόστολος·
1641 2788 1735 2867 -δτι

161 2881 471 2979 ιζΟῃόοκιῖιν
512 2886 754 2979 ἑστᾶναι,
790 2891 1031 2960 βλεπέτω
1070 2896 1145 2967 μὴ
1176 2898 1339 2971 πέσῃ·
1366 2917 1385 2953 ι
1425 2902 1587 2973 μέχρι
1625 2903 1734 2979 γὰρ

153 2974 255 3064 της
278 2975 520 3046 ισχάτης
542 2978 815 3052 ἀναπνοῆς
834 2984 892 3036 ὲν
914 2986 1130 3055 ἀδήλοις
1157 2989 1272 3042 ἐστὶ
1296 2990 1365 3043 τὰ
1396 2992 1494 3044 ἀνθ
1503 2974 1731 3064 ρώπινσί,

151 3063 459 3134 ἀλλαχόθεν
492 3068 731 3141 ἀλλαχοῦ
767 3075 1179 3144 μεταϐαίνοντα.
1212 3082 1321 3135 Καὶ
1371 3063 1587 3149 πάντως
1635 3088 1733 3140 αὐ-

1839 539 2246 603 auctoritatem,
2298 554 2461 594 unam
2504 539 2882 603 voluntatem,
2929 537 3095 592 unius
3142 539 3398 592 essentia:

1838 627 2162 684 Trinitatem
2213 631 2439 686 tlrmiter
2482 638 2752 696 tenemus,
2793 636 2848 685 et
2876 629 3204 686 confitemur
3233 631 3398 683 unico

1837 720 2093 791 trinoque
2128 720 2319 788 modo;
2365 722 2531 777 unico
2564 722 2618 776 in
2651 737 2757 776 una
2791 721 3031 776 essentia
3070 728 3126 776 et
3155 720 3394 786 deitatc;

1839 813 1986 867 trino
2026 827 2158 867 vero
2208 815 2262 868 in
2312 814 2490 869 tribus
2528 813 2639 885 96
2676 813 3083 884 hypostasibus,
3116 812 3232 868 sive
3268 826 3396 883 per-

1836 904 2011 960 souis.

2274 999 2498 1055 CCLVI.
2533 1033 2602 1044 —
2639 997 2953 1057 PELAGIO.

1908 1110 2276 1183 Ventriloqul,
2323 1113 2512 1183 illique
2562 1114 2656 1181 qui
2703 1129 2734 1169 e
2786 1124 2928 1169 terra
2973 1113 3233 1175 clamant,
3277 1110 3396 1164 fru-

1837 1212 2063 1272 straque
2120 1220 2405 1261 sermones
2458 1215 2786 1277 congerunt,
2842 1215 2903 1260 ut
2962 1204 3244 1273 Scriptura
3296 1203 3395 1263 ait,

1836 1291 2078 1363 fugiendi
2142 1302 2272 1349 sunt
2324 1297 2391 1349 “.
2451 1295 2641 1350 Omnis
2699 1295 2903 1350 etenim
2953 1293 3270 1362 prohibitus
3332 1306 3398 1345 ac

1837 1384 2072 1439 mendax
2100 1400 2303 1448 scrmo,
2326 1386 2554 1441 veritate
2578 1400 2785 1440 vacuus
2807 1394 2912 1440 est.
2933 1384 3071 1440 Vide
3097 1382 3227 1451 quid
3248 1380 3399 1437 dica-

1836 1483 1927 1531 tur
1968 1477 2024 1531 in
2072 1477 2361 1547 Evangelio
2408 1496 2420 1530 :
2464 1495 2483 1529 ι
2532 1476 2607 1531 Ex
2662 1476 3003 1547 plenitudine
3042 1474 3135 1531 Dei
3180 1475 3398 1542 accepi-

1836 1583 1960 1623 mus
1986 1570 2051 1623 ⁵¹.
2115 1587 2134 1622 ι
2183 1570 2287 1637 Qui
2342 1586 2473 1625 vero
2522 1570 2686 1625 verba
2748 1570 2952 1625 frustra
3008 1567 3400 1623 consarcinant

1838 1660 2107 1727 haeretici,
2150 1678 2258 1716 non
2302 1661 2585 1731 possident
2625 1676 2910 1716 sermones
2940 1676 3005 1714 ex
3037 1657 3396 1730 plenitudine,

1836 1746 1934 1801 sed
1966 1762 2159 1803 omnes
2193 1750 2444 1803 veritatis
2475 1749 2675 1803 divinae
2708 1750 2964 1818 potentiae
3010 1763 3075 1801 ac
3119 1747 3397 1816 sapientia:

1836 1852 2059 1893 vacuos.
2091 1840 2194 1905 Qui
2242 1855 2307 1894 ex
2360 1849 2549 1896 ventre
2574 1841 2813 1895 clamant
2848 1857 2862 1893 :
2898 1840 2990 1908 qui
3017 1838 3162 1893 enim
3197 1837 3407 1892 verita-7

1832 1933 1941 1981 tem
1966 1938 2076 1977 non
2107 1923 2414 1993 possident,
2445 1932 2499 1978 et
2527 1940 2647 1979 eam
2675 1924 3016 1995 profitentur,
3046 1922 3395 1977 manifestum

1831 2024 1916 2072 est
1956 2031 2053 2071 eos
2096 2030 2127 2071 e
2168 2023 2362 2070 ventre
2410 2014 2671 2078 clamare,
2721 2030 2823 2071 suo
2860 2014 3037 2068 ventri
3086 2013 3395 2076 audientes,

1838 2126 1858 2161 ι
1895 2106 2098 2178 quibus
2129 2106 2269 2161 Deus
2295 2114 2491 2162 venter
2517 2115 2601 2163 est
2621 2106 2688 2160 ³³.
2728 2124 2746 2158 ι
2781 2103 2927 2160 Fons
2958 2103 3155 2159 etenim
3184 2118 3396 2159 sermo-

1832 2213 1963 2253 num
1993 2197 2173 2253 ventri
2200 2197 2511 2252 deditorum
2541 2213 2649 2252 non
2673 2213 2736 2252 ex
2763 2196 2968 2267 Spiritu
2992 2204 3184 2251 sancto
3204 2194 3395 2260 eilluit,

1832 2306 1940 2345 non
1962 2305 1991 2343 a
2021 2290 2267 2360 principe
2296 2290 2490 2345 animat
2522 2299 2697 2361 parte,
2725 2305 2833 2344 non
2863 2304 2895 2343 a
2921 2287 3088 2344 corde
3114 2286 3395 2345 Christum

1833 2380 2279 2451 concupiscente,
2309 2381 2404 2436 sed
2437 2396 2467 2435 a
2498 2392 2688 2436 ventre
2711 2386 2953 2435 emanat.

2178 2607 2424 2665 CCLV".
2462 2639 2533 2651 —
2565 2608 3049 2667 DIOCLETIANO.

1901 2722 2087 2779 Potest
2131 2723 2407 2794 quispiam
2458 2740 2527 2779 ex
2577 2733 2732 2795 parte
2774 2724 2965 2779 dextra
3013 2724 3068 2778 in
3112 2721 3397 2795 sinistram

1834 2814 1978 2870 facili
2003 2817 2221 2887 negotio
2252 2817 2524 2883 convolvi,
2558 2826 2618 2871 ut
2646 2817 2721 2871 ait
2745 2816 3073 2883 Apostolus:
3108 2833 3129 2867 ι
3160 2813 3263 2882 Qui
3290 2812 3398 2870 sibi

1832 2909 2048 2963 videtur
2100 2917 2270 2975 stare,
2322 2910 2505 2963 videat
2554 2924 2624 2963 ne
2679 2908 2841 2962 cadat
2880 2908 2973 2963 ’δι
3011 2926 3032 2960 ι
3068 2920 3303 2975 namque
3327 2904 3397 2960 ad

1833 3008 2139 3055 extremum
2177 3015 2352 3069 usque
2381 2998 2634 3068 spiritum
2671 3014 2760 3054 res
2794 2998 3047 3052 humana:
3090 2998 3143 3051 in
3191 2996 3399 3051 incerto

1835 3098 1983 3153 sunt,
2011 3091 2138 3145 hinc
2184 3097 2347 3160 atque
2391 3091 2541 3145 illinc
2595 3104 2716 3144 sese
2768 3088 3137 3144 deflectentes.
3173 3085 3235 3142 Et
3264 3100 3399 3141 sane

152 3157 523 3272 mlg'bdasctv
569 3162 819 3234 ἑώρακας
856 3167 948 3220 τὸν
999 3170 1373 3243 ’Δπολινάριον
1397 3177 1454 3228 ὲν
1482 3177 1583 3247 βίῳ
1630 3178 1731 3231 σώ-

1840 3183 1946 3239 tuis
1973 3184 2087 3253 ipse
2108 3157 2283 3238 oculis
2312 3182 2597 3251 inspexisti
2628 3182 3022 3252 Apollinarium
3053 3180 3109 3234 in
3138 3180 3247 3234 vita
3271 3194 3402 3252 pru-

153 3250 319 3341 φρονί
368 3268 429 3304 τε
464 3253 559 3306 καὶ
600 3256 784 3327 σεμνῷ
815 3265 1332 3333 καταγεγηρακότα,
1361 3267 1543 3338 τίμιόν
1570 3286 1629 3322 τε
1656 3272 1735 3341 τῷ

150 3340 323 3411 λόγῳ,
357 3344 454 3397 καὶ
479 3343 585 3398 ὑπὸ
622 3346 730 3400 τῶν
771 3349 1191 3421 Ἀρειομανιτῶν
1230 3361 1409 3427 καιρῷ
1436 3340 1733 3432 δεδιωγμέέ

149 3448 253 3485 νον
281 3450 295 3464 ·
318 3436 415 3487 καὶ
457 3436 611 3506 ὅμως
636 3440 664 3491 ό
692 3441 929 3507 τοιοῦτος
968 3443 1224 3509 ἐξέπεσεν
1259 3452 1339 3511 είς
1367 3452 1579 3523 αἵρεσιν
1602 3453 1735 3507 πλα-

149 3523 345 3595 νηθεὶς
377 3525 483 3580 ὑπο
510 3528 605 3581 τοῦ
654 3530 935 3600 διαϐόλου,
972 3536 1067 3590 καὶ
1107 3538 1424 3610 δογματίζει
1462 3545 1734 3615 φανερῶς,

150 3616 243 3668 ὅτι
266 3616 479 3672 ἄνωθεν
509 3622 539 3673 ό
570 3621 699 3686 Υίὸς
739 3624 834 3678 τοῦ
886 3625 1024 3681 Θεοῦ
1064 3630 1163 3700 τὴν
1211 3631 1390 3701 σάρκα
1426 3634 1734 3705 ἀνείληφεν,

154 3708 302 3778 μήτε
332 3709 548 3781 ψυχὴν,
582 3714 719 3785 μήτε
749 3715 873 3769 νοῦν
898 3717 1158 3789 ἔχουσαν,
1192 3722 1342 3777 θείαν
1369 3724 1426 3778 δὲ
1463 3726 1736 3799 ἐμψυχίαν

153 3801 294 3868 φησὶ
343 3801 446 3872 τὴν
471 3802 701 3873 θεότητα
730 3805 825 3860 τοῦ
860 3810 1035 3877 Λόγου
1065 3829 1079 3842 ·
1106 3814 1309 3887 σπουδῇ
1349 3818 1406 3871 δὲ
1437 3819 1530 3871 τοῦ
1570 3822 1736 3875 πᾶσιν

152 3891 474 3964 ἀνθρώποις
524 3895 843 3964 φθονοῦντος
878 3901 1158 3957 διαϐόλου’
1203 3907 1279 3971 ὥς
1324 3909 1429 3963 πού
1478 3927 1584 3965 τινι
1626 3913 1737 3967 τῶν

154 3984 343 4076 σοφῶν
360 3984 600 4055 εἴρηται,
629 3988 711 4042 ὅτι
746 3990 937 4059 φθόνος
976 3995 1063 4049 ἀεὶ
1089 3999 1211 4061 ταῖς
1236 4002 1503 4068 μεγάλαις
1530 4004 1737 4076 εὐπρα-

151 4074 307 4143 γίαις
336 4076 635 4143 ἀντίπαλος
656 4096 670 4110 ·
706 4081 848 4135 οὕτω
893 4084 982 4139 διὰ
1008 4087 1316 4156 προσώπων
1357 4074 1733 4166 προὸεσοημέ-

152 4182 283 4232 νων,
335 4168 435 4220 καὶ
473 4169 613 4223 πάνυ
647 4170 1069 4242 θαυμασθέντων
1112 4179 1295 4247 βαλεῖν
1338 4199 1490 4247 τινας
1524 4187 1736 4256 προφά-

156 4274 307 4323 σεις,
355 4258 448 4313 ίνα
488 4259 587 4330 ἠν
638 4261 733 4315 τοῦ
772 4264 1007 4336 Χριστοῦ
1061 4269 1385 4342 Ἐκκλησίαν
1431 4273 1732 4350 θορυσήσῃ,

154 4351 249 4405 καὶ
270 4350 521 4423 λυπήσῃ,
552 4354 647 4407 καὶ
673 4356 946 4428 στιϐαρῶς
981 4360 1213 4434 ταράξῃ,
1236 4363 1331 4417 καὶ
1358 4367 1626 4440 συγχήσῃ.

479 4647 649 4704 man
665 4681 737 4692 _
761 4649 1092 4723 meoer
1122 4652 1413 4708 nomen.

223 4762 369 4834 Περὶ
390 4762 490 4835 τῆς
520 4764 717 4836 νοητῆς
750 4766 1105 4839 Ἰερουσαλὴμ
1128 4811 1144 4835 ,
1176 4770 1427 4825 τουτέστι
1464 4772 1564 4843 τῆς
1608 4774 1733 4827 Ἐκ-

157 4853 415 4924 κλησίας,
464 4854 771 4925 γέγραπται
799 4857 893 4910 τό·
929 4877 949 4911 ι
983 4851 1091 4922 Ἦς
1123 4861 1155 4927 ἡ
1192 4860 1393 4932 μετοχὴ
1431 4862 1601 4933 αὐτῆς
1630 4863 1724 4917 ἐπὶ

156 4946 218 4999 τὸ
245 4945 405 4999 αὐτό.
442 4962 461 4997 ι
494 4946 701 5011 Πάντες
737 4948 846 5021 γὰρ
878 4951 929 5002 οἱ
958 4951 1324 5016 πιστεύοντες,
1341 4952 1398 5005 ἓν
1430 4954 1608 5024 σῶμα,
1633 4956 1730 5009 καὶ

156 5039 216 5093 ἓν
238 5037 480 5109 πνεῦμα,
518 5038 616 5109 μία
660 5039 819 5105 πόλις
867 5042 946 5111 τῷ
990 5042 1175 5114 τρόπῳ
1220 5044 1575 5115 ὑπάρχοντες,
1606 5063 1729 5100 συν-

154 5129 443 5199 ερχόμενοι
478 5129 570 5182 ἐπὶ
598 5129 661 5183 τὸ
694 5130 847 5195 αὐτὸ,
870 5132 929 5183 ὲν
954 5131 1029 5202 τῷ
1055 5133 1332 5205 συνδέσμῳ
1361 5134 1460 5204 τῆς
1484 5135 1728 5206 εἰρήνης,

158 5225 254 5277 καὶ
300 5222 403 5292 τῆς
434 5223 655 5292 ἀγάπης
677 5263 693 5289 ,
715 5222 1055 5294 ὁμοθυμαδὸν
1091 5226 1393 5297 μετέχομεν
1436 5225 1545 5279 τῶν
1575 5244 1730 5299 χαρι-

161 5314 385 5385 σμάτων
407 5313 503 5368 τοῦ
534 5313 691 5382 ἁγίου
726 5314 1062 5385 Πνεύματος.

602 5447 769 5504 ΣΝθν.
792 5477 861 5491 -
887 5449 1305 5524 ΝΔΥΚΡΔΤΙῼ.

228 5562 344 5637 Τὴν
360 5562 626 5637 ενσαρκον
644 5565 958 5638 οἰκονομίαν
987 5565 1179 5641 λύχνον
1200 5568 1364 5640 φησίν
1380 5585 1397 5603 ο
1428 5570 1463 5642 ή
1487 5570 1597 5644 γὰρ
1630 5569 1728 5625 τοῦ

231 5740 277 5774 ⁶¹
296 5736 478 5795 chit.
528 5753 643 5803 nx.
668 5739 758 5795 3t.

1764 4558 1810 4615 D
1834 4560 1971 4616 diat.

1837 3276 1987 3330 denti
2014 3284 2069 3330 et
2107 3275 2415 3331 veneranda
2444 3276 2598 3331 senio
2622 3274 3112 3345 ingravescentem,
3142 3287 3398 3330 sermone

1838 3367 2224 3431 honoriﬁcum,
2280 3375 2335 3422 et
2384 3366 2454 3421 ab
2500 3366 2722 3422 Arianis
2768 3381 2863 3436 per
2905 3364 3128 3436 aliquod
3182 3374 3399 3435 tempus

1836 3459 2273 3531 persecutionem
2304 3473 2549 3528 passum.
2592 3456 2692 3512 Hic
2730 3456 3089 3512 nihilominus
3121 3470 3151 3510 a
3179 3455 3399 3510 diabolo

1836 3549 2135 3612 seductus,
2201 3549 2255 3602 in
2301 3548 2547 3602 haeresim
2603 3546 2839 3611 incidit,
2889 3546 3179 3617 palamque
3227 3546 3396 3601 veluti

1835 3640 2032 3710 dogma
2052 3638 2376 3703 enuntiavit,
2405 3638 2513 3709 97
2542 3638 2742 3693 Filium
2770 3637 2866 3693 Dei
2895 3638 3017 3693 loco
3061 3652 3093 3693 e
3125 3637 3396 3706 superiori

1834 3746 2056 3786 carnem
2092 3731 2491 3800 assumpsisse,
2520 3731 2701 3785 anima
2726 3739 3013 3799 menteque
3039 3744 3102 3785 ex
3139 3736 3312 3799 parte,
3343 3737 3399 3781 ct

1834 3823 2079 3878 divinam
2136 3823 2588 3878 inanimationem
2642 3830 2804 3877 vocat
2863 3819 3023 3878 Verbi
3073 3822 3331 3876 deitatem
3378 3838 3394 3874 :

1833 3915 2000 3985 idque
2041 3930 2207 3986 opera
2248 3914 2520 3970 universis
2570 3913 2890 3969 hominibus
2936 3913 3236 3969 invidentis
3280 3913 3398 3967 dia-

1833 4008 1984 4075 boli;
2013 4006 2476 4078 quemadmodum
2528 4006 2621 4061 uni
2669 4021 2737 4062 ex
2786 4006 3134 4077 sapientibus
3182 4004 3396 4061 dictum

1832 4108 1939 4164 est,
1972 4099 2229 4154 invidiam
2256 4114 2472 4170 semper
2504 4114 2630 4155 esse
2676 4113 3001 4170 magnorum
3042 4112 3108 4152 ac
3152 4095 3399 4152 fortuna-

1832 4200 2013 4246 torum
2052 4205 2410 4246 successuum
2458 4190 2911 4245 adversatricem.
2965 4188 3059 4242 Sic
3106 4202 3206 4258 per
3243 4186 3397 4242 viros

1831 4284 2014 4356 magni
2040 4275 2309 4350 nominis,
2331 4292 2387 4339 et
2412 4284 2505 4354 qui
2538 4283 2781 4337 maxima
2802 4282 2856 4335 in
2884 4280 3248 4335 admiratione
3280 4278 3398 4333 fue-

1832 4385 1984 4442 runt,
2034 4374 2287 4430 nonnihil
2333 4373 2797 4439 comminiscitur,
2850 4382 2912 4426 ut
2960 4369 3053 4428 Dei
3096 4370 3397 4427 Ecclesiam

1834 4469 2041 4535 turbet,
2070 4482 2308 4523 maerore
2329 4465 2548 4532 alliciat,
2569 4481 2634 4522 ac
2654 4464 2829 4522 valide
2856 4478 3181 4521 concussam
3210 4461 3399 4520 confo—

2104 4648 2374 4707 CCLVIII.
2403 4680 2475 4690 —
2514 4646 2813 4704 SABURIO
2862 4643 3118 4703 COMITI.

1904 4761 1979 4818 De
2036 4760 2389 4818 intellectuali
2438 4760 2823 4823 Hierusalem,
2879 4758 2933 4813 id
2976 4767 3060 4813 est
3114 4755 3389 4822 Ecclesia,

1832 4855 2101 4924 scriptum
2148 4862 2233 4908 est
2270 4870 2284 4907 :
2345 4870 2364 4905 ι
2404 4850 2577 4921 Cujus
2642 4849 2990 4921 participatio
3039 4847 3160 4917 ejus
3206 4848 3261 4902 in
3307 4847 3398 4902 id-

1831 4947 2011 5017 ipsum
2029 4948 2127 5000 ⁵⁵.»
2151 4944 2353 5009 Omnes
2383 4944 2529 4999 enim
2550 4943 2859 5005 credentes,
2890 4955 3059 4993 unum
3085 4953 3308 5009 corpus,
3338 4948 3397 4993 ει

1834 5053 1979 5094 unus
2017 5039 2265 5108 spiritus,
2294 5050 2511 5106 unaque
2554 5034 2748 5088 civitas
2781 5031 3026 5087 moribus
3054 5044 3181 5085 eum
3216 5028 3394 5085 simus

1833 5129 1890 5185 in
1925 5129 2067 5184 idem
2104 5126 2513 5189 convenientes,
2545 5124 2601 5179 in
2634 5125 2786 5195 pacis
2813 5123 3032 5178 vinculo
3064 5128 3118 5176 et
3147 5119 3393 5174 charita-

1833 5222 1926 5288 tis,
1952 5220 2283 5275 unanimiter
2312 5217 2550 5288 Spiritus
2572 5215 2749 5271 sancti
2772 5226 3062 5270 munerum
3088 5209 3391 5282 participes

1834 5311 2140 5370 evadimus.

2220 5438 2447 5498 CCLIX.
2483 5468 2553 5481 —
2590 5435 3005 5494 NAUCRATIO.

1904 5558 2307 5617 lncarnatlonis
2358 5554 2767 5627 dispositionem
2822 5552 3101 5631 lucernam
3154 5557 3317 5608 vocat
3367 5565 3389 5606 :

894 5737 1125 5796 "Joan.
1181 5738 1338 5807 t,16.
1414 5740 1459 5773 ⁵³
1498 5738 1731 5811 Philipp.

1840 5754 1872 5807 ι,
1913 5737 2005 5793 19.
2077 5736 2124 5769 ⁵⁸
2154 5734 2177 5790 ι
2211 5733 2338 5791 Cor.
2366 5748 2421 5800 ι,
2463 5729 2549 5786 ιε.
2624 5730 2669 5764 ⁸³
2696 5728 2845 5787 Psal.
2908 5744 3057 5795 cui,
3081 5728 3137 5783 3.
