3850 6218
454 300 556 369 I79

1902 295 1963 356 S.
2000 289 2165 356 NILI

3573 274 3683 338 180

454 407 734 481 Sapientia
773 407 973 477 quippe
1013 403 1107 461 Dei
1153 403 1356 459 dictam
1399 402 1679 459 lucernam
1708 400 2012 457 accendens

2151 398 2249 452 θεοῦ
2298 397 2456 467 σοφία
2498 394 2590 449 τὸν
2632 391 2917 467 εἰρημένον
2961 391 3144 463 ἅψασα
3186 389 3377 461 λύχνον
3412 381 3549 461 ηὗρε
3577 395 3685 459 τὴν

453 500 766 554 drachmam
794 496 1135 566 deperditam
1162 494 1371 549 invenit
1397 494 1464 547 ".

941 585 1139 641 CCLX.
1178 616 1247 627 -—
1281 584 1487 638 Eidem.

526 679 680 745 Quod
730 678 905 732 salute
947 685 1031 733 est
1073 679 1322 748 dignum,
1355 691 1517 731 omne
1564 676 1845 730 inventum
1893 680 2016 737 est;

457 768 738 838 indignum
766 775 991 836 propter
1024 766 1477 836 impmnitentiam
1508 772 1563 819 et
1594 774 1871 833 stuporem
1904 776 2014 816 non
2054 780 2063 786 ν

458 861 661 916 dicitur
701 859 1004 913 inventum.
1042 876 1061 909 ι
1107 858 1317 913 Etenim
1354 858 1485 911 licet
1522 856 1632 911 sint
1658 855 1820 909 sicuti
1853 866 2019 907 arena

458 952 647 1013 maris,
685 950 932 1020 reliquiae
979 951 1338 1005 salvabuntur
1385 950 1451 1010 ",
1492 967 1510 1001 ι
1542 948 1656 1004 sive
1697 945 1843 1016 quod
1875 944 2020 1014 apud

459 1044 784 1114 Apostolum
819 1042 1096 1097 residuum
1145 1042 1447 1096 secundum
1485 1041 1809 1095 electionem
1848 1038 2021 1109 gratia

460 1136 691 1198 dicitur,
723 1133 834 1204 98
856 1133 1000 1204 quod
1033 1149 1127 1202 per
1151 1133 1309 1187 Iidem
1340 1139 1588 1185 servatur
1608 1130 1675 1184 ⁸⁸.

959 1223 1182 1279 CCLXI.
1221 1254 1291 1263 -——
1326 1222 1535 1277 Eidem.

536 1316 593 1370 Si
624 1332 838 1378 omnes,
866 1326 921 1370 ut
944 1324 1002 1369 tu
1025 1316 1184 1380 dicis,
1218 1316 1522 1377 salvantur,
1544 1312 1823 1383 quomodo
1845 1312 2024 1367 factus

467 1422 588 1463 sum
632 1406 888 1461 omnibus
932 1405 1141 1466 omnia,
1198 1414 1256 1458 ut
1312 1405 1539 1458 omnino
1582 1404 1819 1472 aliquem
1858 1402 2027 1455 lucri-

468 1497 701 1551 facerem
735 1496 817 1549 "‘1
858 1514 877 1546 ι
911 1494 1195 1561 Quomodo
1229 1494 1295 1548 ad
1326 1493 1693 1548 aemulandum
1731 1506 2023 1563 provocem

467 1601 691 1641 carnem
743 1601 941 1649 meam,
991 1592 1051 1638 ut
1109 1585 1324 1655 aliquos
1368 1600 1437 1639 ex
1490 1585 1621 1650 illis,
1666 1598 1775 1638 non
1812 1598 2024 1649 omnes,

469 1677 653 1732 salvos
683 1675 884 1730 faciam
921 1677 1006 1729 ‘°?
1047 1695 1065 1726 ι

962 1765 1208 1821 CCLXII.
1248 1795 1317 1805 —
1350 1764 1560 1820 Eidem.

538 1856 798 1912 Nonnulli
822 1859 1121 1927 prophetas
1144 1874 1274 1929 apes
1299 1865 1623 1926 nuncupant
1653 1876 1667 1912 :
1695 1857 2031 1912 melliﬁcium

470 1964 660 2004 eorum
706 1950 933 2003 tradunt
968 1964 1092 2004 esse
1137 1950 1379 2005 divinam
1417 1950 1779 2016 Scripturarn.
1824 1947 2031 2002 Bonum

473 2042 659 2111 itaque
682 2040 850 2095 fuerit
882 2042 1109 2097 credere
1140 2042 1420 2096 Salomoni
1448 2042 1653 2097 dicenti
1691 2061 1704 2096 :
1747 2059 1766 2092 ι
1808 2041 1910 2096 Fili
1936 2042 2030 2107 mi,

472 2132 697 2188 comede
730 2135 859 2200 mel,
894 2142 953 2187 ut
986 2134 1185 2188 animae
1212 2132 1400 2188 fauces
1434 2134 1754 2189 dulcescant
1782 2133 1848 2187 “.
1886 2150 1908 2183 ι
1941 2132 2035 2186 Ci-

472 2218 601 2274 bum
636 2221 851 2285 dulcem
896 2236 961 2276 ac
995 2222 1250 2277 melleum
1282 2230 1443 2276 vocat
1485 2222 1800 2287 lectionem,
1834 2230 1887 2277 et
1921 2220 2034 2275 elo-

473 2312 729 2382 quiorum
760 2312 1003 2385 Spiritus
1029 2314 1459 2370 meditationem.

945 2491 1211 2549 CCLXIII.
1247 2521 1318 2535 -—
1353 2492 1555 2548 Eidem.

546 2581 742 2640 Poscis
785 2598 814 2637 a
856 2600 964 2651 me,
999 2585 1131 2655 quid
1162 2585 1295 2639 illud
1330 2595 1504 2653 notet,
1541 2588 1685 2656 quod
1724 2588 1986 2642 scribitur
2017 2604 2032 2641 :

482 2695 501 2728 ι
538 2677 658 2731 Non
706 2678 1080 2747 cognoscebat
1118 2676 1321 2748 Joseph
1367 2678 1617 2743 Mariam,
1660 2680 1836 2735 donec
1873 2695 2038 2750 pepe-

473 2769 551 2822 rit
583 2767 668 2821 "i'
709 2786 729 2819 ι
768 2766 823 2821 id
850 2778 952 2833 est,
983 2783 1089 2822 non
1130 2770 1382 2833 callebat,
1419 2785 1597 2841 neque
1630 2771 1863 2835 sciebat,
1891 2768 2039 2839 quod

473 2857 708 2929 Deipara
740 2856 909 2913 Maria
933 2859 1340 2915 ostenderetur.
1370 2858 1478 2915 Sed
1517 2869 1641 2931 post
1676 2868 1892 2931 partum
1937 2859 2038 2914 ad-

472 2948 787 3003 mirabilem
861 2950 1329 3006 annuntiaverunt
1392 2958 1648 3020 pastores
1715 2952 2037 3022 angelorum

2054 1745 2103 1804 B

2114 490 2365 563 δραχμὴν
2389 488 2485 559 τὴν
2512 486 2871 541 ἀπολωλυίαν.
2973 539 2976 543 ,

2634 578 2750 632 ΣΞν.
2784 607 2855 617 -
2883 576 2967 647 Τῷ
2999 572 3176 640 αὐτῷ.

2185 672 2300 727 Πᾶν
2329 672 2391 724 τὸ
2428 668 2575 734 ἄξιον
2607 666 2883 739 σωτηρίας
2918 665 3125 737 ηὑρέθη
3145 703 3160 729 ,
3186 663 3247 718 τὸ
3275 664 3320 717 δ’
3352 662 3567 727 ἀνάξιον
3591 660 3691 714 διὰ

2115 766 2213 835 τὴν
2253 761 2648 835 ἀμετανοησίαν
2671 798 2687 824 ,
2722 759 2814 813 καὶ
2844 756 2942 829 τὴν
2972 756 3231 827 πώρωσιν
3272 754 3369 824 οὐχ
3415 752 3689 824 εὑρῆσθαι

2116 857 2370 925 λέγεταιο
2396 873 2415 906 ι
2462 854 2586 907 Ἐὰν
2630 851 2739 921 γὰρ
2783 848 3021 921 ὑπάρχει
3067 847 3254 917 ὥσπερ
3290 848 3320 900 ό
3354 846 3536 915 ἄμμος
3583 844 3691 912 τῆς

2121 949 2428 1019 Θαλάσσης,
2461 946 2522 999 τὸ
2559 943 2911 1013 κατάλειμμα
2940 940 3262 1010 σωθήσεται.
3297 957 3314 990 ι
3351 939 3470 1007 ἦτοι
3502 936 3569 988 τὸ
3595 936 3695 987 λε-

2118 1041 2347 1111 γόμενον
2405 1036 2558 1108 παρὰ
2587 1036 2664 1106 τῷ
2697 1033 3005 1103 Ἀποστόλῳ
3052 1032 3257 1101 λεῖμμα
3291 1029 3406 1083 κατ’
3452 1028 3693 1098 ἐκλογὴν

2121 1134 2346 1205 χάριτος
2380 1129 2685 1199 σωζόμενον
2717 1127 2804 1180 διὰ
2832 1126 3088 1186 πίστεως.

2611 1219 2773 1273 ΣΞΑο.
2797 1247 2867 1257 -
2902 1215 2985 1281 Τῷ
3015 1212 3192 1278 αὐτῷ.

2194 1314 2255 1366 Ei
2280 1311 2498 1375 πάντες,
2532 1309 2607 1373 ὡς
2630 1308 2831 1376 λέγεις,
2856 1303 3149 1369 σώζονται,
3180 1298 3297 1362 πῶς
3333 1299 3468 1351 πᾶσι
3487 1296 3699 1365 γέγονα

2124 1406 2321 1467 πάντα,
2336 1404 2424 1458 ἵνα
2452 1404 2667 1464 πάντως
2689 1401 2810 1454 τινὰ
2834 1397 3020 1461 σώσω;
3050 1414 3068 1446 ι
3088 1393 3212 1456 Πῶς
3232 1391 3287 1445 δὲ
3308 1388 3700 1459 παραζηλώσω

2128 1514 2229 1562 μου
2272 1496 2371 1565 τὴν
2411 1497 2586 1564 σάρκα
2616 1494 2763 1554 ὅπως
2801 1490 2959 1543 σώσω
2985 1487 3136 1547 τινὰς
3169 1484 3226 1550 ἐξ
3257 1481 3456 1547 αὐτῶν,
3497 1480 3595 1533 καὶ
3626 1478 3697 1531 ού

2128 1593 2331 1655 πάντας
2355 1609 2369 1657 ;
2402 1611 2421 1642 ι
2734 1594 2735 1597 “

2616 1760 2774 1815 ΣΞΒ’.
2804 1791 2870 1800 ——
2904 1757 2988 1824 Τῷ
3021 1756 3199 1822 αὐτῷ.

2200 1856 2475 1919 Μελίσσας
2512 1855 2655 1916 τινὲς
2686 1853 2814 1917 τοὺς
2864 1852 3149 1922 προφήτας
3190 1849 3566 1917 κικλήσκουσι,
3596 1859 3703 1912 με·

2129 1946 2495 2017 λισσουργεῖον
2521 1944 2565 1995 δ’
2589 1941 2766 1995 αὐτῶν
2794 1942 2892 2013 τὴν
2922 1940 3071 1993 θείαν
3096 1935 3489 2007 εἷναιΓραφήν.
3512 1932 3707 1986 Καλὸν

2130 2037 2309 2092 τοίνυν
2338 2037 2592 2106 ὑπάρχει,
2623 2033 2908 2087 πείθεσθαι
2938 2030 3018 2101 τῷ
3048 2028 3352 2100 Σολομῶντι
3393 2027 3660 2095 φάσκοντι
3685 2039 3702 2053 ο

2142 2149 2161 2182 ι
2202 2128 2300 2181 Υίέ
2331 2146 2455 2199 μου,
2491 2127 2631 2195 φάγε
2651 2125 2794 2197 μέλι,
2816 2125 2964 2186 ὅπως
2987 2122 3052 2176 ἂν
3083 2118 3441 2190 γλυκανθείης
3468 2115 3561 2168 τὸν
3597 2113 3707 2181 τῆς

2131 2220 2307 2291 ψυχῆς
2362 2219 2641 2290 φάρυγγα.
2687 2235 2705 2268 ι
2742 2216 2955 2288 Βρῶσιν
2985 2215 3044 2268 δὲ
3095 2213 3242 2281 λέγει
3296 2210 3575 2279 γλυκεῖαν,
3604 2207 3709 2260 καὶ

2137 2312 2400 2385 μελιτώδη
2421 2311 2520 2382 τὴν
2549 2310 2850 2380 ἀνάγνωσιν
2884 2308 2979 2363 καὶ
2997 2308 3096 2378 τὴν
3122 2304 3350 2378 μελέτην
3372 2301 3481 2357 τῶν
3501 2299 3708 2368 λογίων

2132 2402 2226 2457 τοῦ
2253 2402 2392 2457 Πνεύ
2402 2418 2588 2471 ματος.

2258 2534 2265 2540 -
2628 2493 2784 2547 ΣΞΓθ.
2810 2523 2881 2533 -
2915 2490 2998 2557 Τῷ
3030 2487 3208 2554 αὐτῷ.

2206 2586 2456 2659 Πυνθάνῃ
2484 2602 2606 2656 μου,
2644 2584 2699 2638 τί
2745 2583 2864 2636 ἐστι
2890 2580 2949 2634 τὸ
2974 2576 3351 2649 γεγραμμένον
3374 2612 3391 2638 ,
3419 2572 3500 2625 ὅτι
3523 2587 3544 2622 ι
3583 2568 3708 2622 Οὔκ

2136 2679 2429 2748 ἐγίνωσκεν
2464 2677 2658 2748 Ἰωσὴφ
2681 2676 2779 2746 τὴν
2804 2670 3158 2743 Μαρίαν,ἓως
3191 2661 3252 2721 οὗ
3279 2666 3513 2718 ἔτεκεν.»
3534 2662 3711 2714 Τουτ-

2137 2772 2305 2834 ἐστιν,
2338 2771 2438 2823 οὑκ
2469 2770 2611 2841 ⁴ᾔδει,
2638 2768 2759 2823 οὑδὲ
2782 2766 3069 2837 ἠπίστατο,
3102 2763 3185 2816 ὅτι
3221 2757 3481 2818 Θεοτόκος
3512 2756 3548 2825 ή
3584 2755 3711 2807 Μα-

2139 2866 2231 2937 ρία
2257 2864 2624 2935 δειχθήσεται.
2654 2859 2807 2915 Μετὰ
2838 2858 2894 2911 δὲ
2933 2857 3026 2911 τὸν
3052 2849 3353 2924 παράδοξον
3372 2848 3553 2911 τόκον,
3589 2845 3709 2898 άπ-

2138 2956 2398 3026 ήγγειλαν
2427 2957 2475 3007 οἱ
2506 2952 2763 3023 ποιμένες
2806 2949 2933 3012 τοὺς
2968 2946 3160 3015 λόγους
3197 2942 3304 2996 τῶν
3334 2938 3711 3008 ἁγγέλων,ὅτι

473 3051 760 3093 sermones
795 3056 809 3094 :
847 3056 867 3091 ι
902 3037 1076 3095 Natus
1110 3050 1196 3095 est
1239 3041 1293 3095 in
1329 3041 1533 3096 mundo
1559 3041 1813 3097 Christus
1848 3041 2032 3097 Domi—

2151 3047 2412 3118 ιἘτέχθη
2459 3046 2609 3117 παρὰ
2640 3043 2718 3113 τῷ
2758 3042 2942 3111 κόσμῳ
2983 3036 3214 3110 Χριστὸς
3237 3033 3441 3106 Κύριος
3465 3032 3523 3083 ὲν
3550 3028 3711 3138 πόλει

474 3215 609 3284 Deo,
642 3227 698 3275 et
730 3221 786 3275 in
813 3229 957 3276 terra
1002 3237 1105 3292 pax
1137 3222 1204 3286 “,
1242 3242 1260 3275 ι
1293 3231 1401 3278 etc.

579 3309 854 3366 CCLXIV.
887 3342 957 3353 —
990 3312 1434 3370 CALLIMAIZHO
1466 3313 1920 3372 MEMORIALIO.

548 3402 790 3474 Simplex
835 3419 899 3459 ac
930 3406 1076 3460 nuda
1112 3406 1376 3463 divinitus
1416 3409 1700 3479 inspiratae
1733 3408 2039 3479 Scriptura:

475 3492 659 3549 littera
698 3496 853 3550 favus
885 3495 928 3527 ⁸⁸
960 3512 1071 3551 non
1106 3499 1245 3553 male
1289 3499 1492 3554 dicitur
1530 3522 1541 3555 :
1575 3502 1668 3571 qui
1718 3500 1824 3557 sub
1853 3501 2039 3556 littera

476 3589 645 3645 veluti
680 3588 975 3646 thesaurus
1012 3591 1375 3648 absconditur
1417 3610 1639 3663 sensus,
1673 3594 1902 3665 ﬁgurate
1935 3593 2041 3650 mel

477 3684 789 3741 vocabitur.

650 3774 763 3846 99
788 3774 1036 3831 CCLXV.
1066 3809 1136 3819 —
1157 3777 1385 3835 PAULO
1416 3780 1875 3839 DECEMPBIMO.

555 3885 575 3917 ι
612 3866 754 3922 Ecce
780 3883 882 3938 ego
906 3879 960 3924 et
998 3870 1150 3939 pueri
1188 3872 1290 3925 mei
1323 3872 1407 3937 °°;
1450 3892 1469 3925 ι
1504 3872 1761 3929 Servator
1789 3873 2043 3931 Christus

479 3973 580 4030 per
610 3958 809 4013 Isaiam
844 3960 1139 4015 clamabat.
1173 3960 1643 4027 Quemadmodum
1673 3966 1817 4020 enim
1840 3981 2045 4037 pueru-

480 4050 554 4104 lis
584 4048 791 4105 sanctis
828 4050 1106 4120 expedivit
1141 4050 1420 4119 Servator,
1462 4070 1801 4127 quaecunque
1833 4056 1914 4110 illi
1953 4071 2048 4110 ca-

482 4158 611 4212 pere
638 4151 919 4211 poterant,
953 4143 1188 4214 aliisque
1228 4144 1563 4201 ministrare.
1605 4147 1811 4203 Chriin
1842 4148 2046 4219 quippe

483 4232 802 4304 perfectioni
830 4236 1005 4290 sancti
1034 4250 1223 4290 omnes
1256 4236 1573 4305 mquiparati
1608 4238 1757 4306 pueri
1790 4246 1938 4293 sunt.

729 4324 1004 4383 CCLXVI.
1041 4355 1109 4366 —
1135 4324 1435 4381 CYRILLO
1493 4326 1797 4383 PRIMATI.

370 3176 373 3177 ν
472 3143 582 3184 nus
612 3128 668 3184 in
698 3130 925 3185 civitate
961 3129 1132 3185 David
1163 3131 1228 3187 ⁸³.
1263 3149 1281 3183 ι
1319 3131 1382 3185 Ει
1416 3151 1429 3186 :
1460 3150 1479 3183 ι
1508 3130 1694 3186 Gloria
1724 3132 1779 3186 in
1802 3132 2032 3189 excelsis

2151 3146 2297 3200 Iaui6
2317 3164 2331 3177 ·
2368 3164 2387 3197 ι
2418 3145 2510 3199 καί
2541 3161 2554 3174 ·
2594 3162 2613 3195 ι
2649 3141 2785 3206 Δόξα
2817 3142 2874 3194 ἐν
2908 3138 3149 3209 ὑψίστοις
3182 3133 3321 3202 Θεῷ,
3349 3131 3443 3184 καὶ
3477 3127 3571 3181 ἐπὶ
3597 3126 3711 3196 γῆς

2138 3243 2329 3314 είρήνη
2353 3259 2371 3292 ι
2402 3241 2496 3293 καὶ
2526 3238 2595 3291 τὰ
2621 3237 2768 3306 ἑξῆς.

2310 3331 2465 3385 ΣΞΝ.
2500 3358 2570 3369 -—
2608 3324 3021 3394 ΚΑΛΛΙΜΑΧῼ
3073 3315 3525 3385 ΜΕΜΟΡῙΑΛΙῼ.

2207 3423 2378 3478 Ψιλὸν
2420 3422 2480 3475 τὸ
2516 3420 2752 3492 γράμμα
2790 3418 2888 3487 τῆς
2923 3412 3282 3468 θεοπνεύστου
3321 3405 3569 3480 Γραφῆς,
3602 3420 3711 3473 κη-

2140 3514 2254 3586 ρίον
2288 3514 2353 3567 ἂν
2374 3512 2609 3578 λέγοιτο·
2630 3509 2658 3561 ὁ
2694 3507 2749 3560 δέ
2769 3523 2833 3575 γε
2865 3507 2922 3557 ὲν
2955 3503 3034 3573 τῷ
3065 3502 3351 3574 γράμματι
3377 3495 3712 3566 τεθησαυρι-

2140 3605 2333 3677 σμένος
2364 3602 2507 3667 νοῦς,
2543 3600 2662 3674 μέλι
2700 3596 2975 3670 τροπικῶς
3001 3594 3320 3666 ῥηθήσεται.

2418 3773 2576 3827 ΣΞΕ¹.
2603 3801 2672 3813 --
2696 3769 2926 3840 ΠᾹΥΛῼ
2955 3763 3427 3834 ΔΕΚΕΜΠΡῙΜῼ.

2216 3889 2234 3922 ι
2278 3866 2406 3921 Ἰδοὺ
2432 3865 2541 3936 ἐγὼ
2566 3865 2660 3918 καὶ
2692 3864 2759 3917 τὰ
2792 3862 2978 3916 παιδία
3010 3878 3131 3931 μου,
3154 3877 3174 3911 ι
3199 3856 3430 3929 Χριστὸς
3461 3855 3489 3907 ὁ
3518 3852 3718 3925 Σωτὴρ

2141 3958 2269 4011 ἐϐόα
2306 3956 2392 4009 διὰ
2423 3953 2515 4009 τοῦ
2558 3953 2819 4007 Ἡσαΐου..
2841 3952 2930 4014 Ὠς
2955 3950 3061 4019 γὰρ
3091 3946 3321 4009 παιδίοις
3364 3942 3663 3998 διείλεκται
3684 3942 3717 3994 δ

2142 4051 2331 4120 Σωτὴρ
2375 4051 2497 4111 τοῖς
2524 4046 2717 4115 ἁγίοις,
2743 4044 2842 4097 ὅσα
2894 4042 3137 4113 χωρῆσαι
3179 4037 3450 4100 ἐδύναντο,
3478 4032 3576 4086 καὶ
3600 4032 3717 4093 τοῖς

2142 4140 2321 4201 ἄλλοις
2348 4137 2679 4207 διακονῆσαι⁹
2706 4133 2842 4205 πρὸς
2870 4131 2979 4202 γὰρ
3005 4130 3103 4201 τὴν
3132 4127 3225 4182 τοῦ
3272 4122 3508 4197 Χριστοῦ
3540 4120 3717 4176 τελει-

2142 4234 2332 4304 ότητα,
2358 4232 2557 4294 πάντες
2590 4231 2637 4283 οἱ
2658 4228 2803 4298 ἆγιοι
2832 4226 3019 4279 παιδία
3038 4222 3413 4292 τυγχάνουσιν.

2366 4324 2541 4391 ΣΞς’.
2569 4352 2634 4363 -
2672 4319 2977 4391 ΚΥΡΙΛΛῼ
3028 4311 3484 4370 ΠΡΩΤΕΥΟΝΤΙ.

553 4412 811 4484 Figurate
836 4414 1108 4486 principio
1128 4414 1347 4469 condita
1375 4415 1487 4468 Eva
1526 4416 1639 4469 vita
1665 4425 1858 4471 vocata
1878 4426 1961 4473 est
1983 4417 2026 4449 ⁸⁷

2220 4416 2478 4479 Τυπικῶς
2515 4417 2548 4485 ή
2588 4411 2777 4491 πρώτη
2808 4406 2920 4464 Εὕα
2947 4408 3059 4478 ζωὴ
3102 4404 3329 4475 ἐκλήθη,
3376 4403 3463 4455 ἵνα
3492 4399 3717 4470 σημάνῃ

486 4516 547 4560 ιιι
583 4507 660 4560 illi
696 4506 995 4562 secundam
1039 4507 1349 4575 adnotaret,
1401 4517 1648 4564 sanctam
1693 4523 1888 4579 nempe
1931 4508 2046 4562 Ma-

485 4599 647 4661 riam,
700 4613 821 4668 qua?
871 4600 1040 4652 vitam
1096 4599 1380 4654 hominum
1428 4599 1707 4655 Christum
1746 4598 2047 4686 Dominum

486 4690 673 4759 gloriae
698 4692 926 4760 peperit.
963 4689 1083 4759 Ipsa
1112 4690 1381 4760 siquidem
1410 4704 1538 4744 vera
1573 4698 1750 4743 mater
1781 4690 2046 4755 omnium,

484 4781 580 4850 qui
608 4781 935 4850 evangelicis
956 4782 1235 4851 praceptis
1260 4788 1623 4836 consentanee
1642 4780 1850 4845 vivunt,
1875 4796 2050 4851 neque

486 4885 584 4939 per
614 4871 1051 4926 incredulitatem
1081 4871 1278 4929 animis
1318 4872 1687 4934 emoriuntur,
1718 4871 2047 4927 ostenditur.

952 4963 1243 5020 CCLXVII.
1272 4993 1341 5004 -—
1372 4963 1579 5018 Eidem.

555 5052 690 5119 Quis
717 5061 886 5108 artem
912 5057 1199 5109 tenariam
1226 5056 1550 5111 mulieribus
1576 5058 1831 5123 tradidit,
1858 5073 1887 5112 a
1914 5057 2051 5113 Jobo

2150 4510 2248 4581 τὴν
2293 4505 2567 4576 δευτέραν,
2596 4503 2863 4565 τουτέστι,
2885 4501 2985 4570 τὴν
3023 4499 3183 4566 ἁγίαν
3211 4494 3431 4565 Μαρίαν
3461 4491 3563 4563 τὴν
3591 4507 3720 4559 γεν-

2152 4602 2391 4672 νήσασαν
2418 4596 2515 4667 τὴν
2544 4595 2688 4665 ζωὴν
2725 4593 2833 4646 τῶν
2877 4590 3176 4661 ἀνθρώπων
3211 4584 3445 4657 Χριστὸν
3473 4581 3568 4635 τὸν
3599 4581 3719 4633 Κύ-

2157 4707 2270 4761 ριον
2301 4691 2398 4759 τῆς
2426 4687 2603 4756 δόξης.
2639 4685 2789 4752 Αὕτη
2836 4683 2944 4753 γὰρ
2976 4680 3190 4751 ἀληθῶς
3221 4678 3402 4749 μήτηρ
3438 4673 3717 4727 δείκνυται

2153 4783 2372 4836 πάντων
2404 4779 2514 4832 τῶν
2567 4776 2935 4845 εύαγγελικῶς
2963 4773 3200 4837 ζώντων,
3242 4770 3332 4824 καὶ
3371 4767 3447 4839 μὴ
3478 4765 3718 4837 ἀποθνη-

2157 4871 2393 4926 σκόντων
2413 4869 2512 4933 τὰς
2539 4868 2716 4940 ψυχὰς
2739 4868 2826 4921 διὰ
2849 4867 2949 4937 τῆς
2972 4864 3250 4927 ἀπιστίας.

2640 4961 2798 5015 ΣΞΖ’.
2826 4991 2895 5000 —
2933 4951 3023 5024 Τῷ
3043 4956 3220 5021 αὐτῷ.

2222 5058 2319 5120 Τίς
2346 5056 2511 5111 ἔδωκε
2541 5056 2753 5126 γυναιξὶ
2794 5053 2984 5122 σοφίαν
3015 5051 3351 5122 ὑφαντικήν;
3384 5050 3412 5103 ὁ
3439 5048 3719 5117 Δεσπότης

485 5142 749 5198 Dominus
797 5153 1150 5213 percontatur
1182 5147 1247 5201 ⁸⁸.
1293 5145 1477 5200 Prima
1528 5149 1799 5219 siquidem
1855 5150 2032 5204 muliel

2151 5149 2229 5221 τῷ
2270 5149 2388 5203 Ἰὼϐ
2411 5150 2695 5218 διελέγετο.
2742 5149 2808 5200 Ἦ
2837 5148 2934 5218 μὲν
2968 5147 3075 5215 γὰρ
3104 5143 3297 5216 πρώτη
3341 5140 3479 5211 γυνὴ
3522 5138 3717 5209 σοφίας

487 5237 846 5290 texendorum
876 5237 1355 5303 vestimentorum,
1403 5255 1524 5309 qua:
1562 5242 1737 5298 oculis
1777 5242 2032 5311 objiciun-

2151 5240 2448 5311 τετύχηκεν
2495 5239 2797 5308 έξυφαίνειν
2843 5238 3032 5309 ἱμάτια
3081 5235 3425 5307 βλεπόμενα,
3480 5232 3569 5285 ἵνα
3617 5231 3718 5303 τὴν

489 5338 598 5391 tur,
629 5330 949 5398 sapientiam
986 5330 1193 5396 habuit,
1226 5340 1287 5385 ut
1321 5341 1591 5399 patentem
1619 5348 1911 5403 corporum
1947 5349 2032 5388 nu-

2154 5334 2483 5405 φαινομένην
2509 5332 2614 5386 τῶν
2640 5331 2905 5396 σωμάτων
2933 5328 3206 5399 γύμνωσιν
3226 5324 3429 5387 τούτοις
3458 5324 3717 5394 περισκέ-

487 5417 711 5471 ditatem
764 5419 870 5473 illis
918 5430 1352 5492 contegerenius.
1400 5424 1469 5477 At
1516 5426 1774 5491 secunda,
1819 5424 2032 5495 Deiparz

2154 5443 2365 5498 πωμεν.
2413 5426 2476 5478 Ἦ
2507 5423 2564 5478 δὲ
2605 5422 2851 5494 δευτέρα,
2885 5421 3162 5476 τουτέστιν
3182 5420 3217 5490 ή
3246 5417 3529 5482 Θεοτόκος,
3560 5418 3714 5487 τηλι-

558 5549 604 5621 '_‘
634 5547 768 5604 Luc.
796 5567 885 5611 xv,
947 5552 999 5605 8.
1075 5553 1118 5583 ⁸⁷
1144 5553 1301 5609 Rom.
1337 5571 1410 5619 ix,
1463 5556 1575 5620 ‘27;
1636 5554 1738 5611 Isa.
1784 5573 1835 5621 ι,
1875 5556 1964 5610 22.

2151 5556 2297 5614 Rom.
2338 5574 2416 5621 χι,
2456 5557 2510 5611 5.
2584 5559 2631 5590 ⁵ο
2666 5559 2687 5613 1
2721 5557 2848 5612 Cor.
2890 5574 2965 5620 Ix,
3005 5556 3094 5612 22.
3171 5558 3218 5589 °°
3258 5556 3416 5612 Rom.
3481 5572 3560 5619 si.
3622 5557 3709 5609 H.

576 5617 733 5694 ξιον.
781 5634 925 5694 xxiv,
970 5622 1056 5694 Il’p.
1112 5622 1185 5694 _"_
1216 5616 1404 5677 Matth.
1448 5642 1486 5689 I,
1524 5616 1613 5679 ‘23.
1688 5627 1733 5658 ⁸³
1771 5616 1903 5681 Luc.
1948 5643 2005 5693 II,

2197 5628 2243 5659 “
2282 5616 2417 5683 Ibid.
2457 5628 2510 5683 3.
2538 5628 2622 5683 I3.
2696 5628 2741 5660 ⁸⁸
2773 5627 2918 5683 Psal.
2954 5616 3113 5694 'va”,
3146 5627 3233 5684 Il.
3274 5628 3318 5659 °‘
3341 5624 3443 5682 Isa.
3466 5616 3587 5694 vui,
3627 5626 3710 5681 I8.

494 5686 536 5719 ⁸⁷
575 5688 710 5742 Gen.
754 5706 811 5755 ιι,
852 5690 934 5743 19.
1014 5692 1057 5722 ⁸⁸
1106 5690 1208 5746 Job
1238 5686 1586 5759 xxxvm,v'56.
