3850 6218
189 196 285 260 181

1450 215 1776 275 EPISTOL.

1892 215 1985 276 JM
2022 217 2167 275 LIB.
2211 216 2260 277 ῐ.
3384 213 3484 278 182

172 314 390 384 καύτην
435 321 659 388 σοφίαν
692 324 1027 390 ἑπεόεέξατο,
1068 327 1160 378 καὶ
1195 329 1534 404 ποικιλτικὴν
1581 332 1775 402 ὲπιστή

1909 349 2123 401 nempe,
2147 335 2310 387 talem
2348 332 2674 403 sapientiam
2708 313 2764 387 et
2787 341 2962 389 artem
2987 332 3302 403 variegandi
3342 336 3484 389 imii-

169 426 301 476 μην,
342 408 517 463 ὥστε
567 415 632 465 ὲκ
669 416 776 466 τῶν
807 418 968 486 ἐρίων
1000 418 1091 470 τοῦ
1123 419 1180 483 ἐξ
1230 421 1402 490 αὐτῆς
1447 423 1776 492 γεννηθέντος

1908 423 2076 484 cavit,
2123 432 2180 478 ut
2225 439 2290 478 ex
2333 424 2451 478 lana
2501 426 2570 478 ab
2616 426 2735 495 ipsa
2788 425 3054 496 progeniti
3106 427 3251 496 agni,
3300 427 3486 483 fideles

162 500 364 569 ἀρνίου
399 503 652 558 ἐνδῦσαι
682 508 806 572 τοὺς
845 512 1071 572 πιστοὺς
1112 512 1377 576 ἅπαντας,
1407 515 1476 568 τά
1525 515 1776 586 ὲνδύματι

1906 531 2100 570 omnes
2137 516 2680 585 incorruptibilitatis
2725 518 3061 572 indumentis
3104 519 3483 574 circumvesti-

159 593 261 662 τῆς
293 593 678 666 ἀφθαρσίας,
712 601 889 654 καὶτὸ
916 603 1148 671 ἀοράτου
1180 605 1539 677 ἐλευθερῶσαι
1578 609 1772 679 γυμνώ

1905 617 2010 675 ret,
2037 619 2091 664 et
2111 609 2359 664 nuditate
2390 625 2497 664 non
2527 611 2783 666 omnibus
2811 620 3030 680 patente
3055 611 3330 666 liberaret.
3357 613 3486 664 Um-

162 702 334 747 σεως.
353 688 493 740 Πᾶν
523 692 637 761 γὰρ
657 693 717 778 το
739 693 991 764 σύστημα
1013 695 1350 766 Χριστιανῶν
1377 699 1629 770 ἀληθινὸν
1651 702 1776 771 πάρ·

1904 701 1992 757 nis
2013 703 2160 756 enim
2179 717 2342 757 verus
2365 700 2809 758 Christianorum
2829 714 3006 759 coetus
3023 701 3177 758 adest
3200 718 3229 756 a
3273 704 3485 758 dextris

157 795 280 829 εστι
322 781 400 832 ἐκ
448 780 662 846 δεξιῶν
689 783 786 836 τοῦ
815 786 928 838 ἄνω
967 786 1255 853 Βασιλεως,
1286 791 1345 840 ὲν
1377 790 1659 860 ἱματισμῷ
1683 791 1796 844 διαρ

157 868 366 937 χρύσῳ
403 872 929 945 περιϐεϐλημένον,
959 879 1379 950 πεποικιλμένον
1424 884 1536 946 τοῖς
1578 882 1796 953 μυρίοις

153 960 274 1013 τῶν
303 963 561 1031 ἀρετῶν
593 967 814 1022 εἴδεσιν.

713 1079 879 1132 ΣΞΗ’.
905 1109 975 1120 --
1005 1083 1088 1147 Τῷ
1112 1083 1274 1148 αὐτῷ

242 1163 309 1216 ’0
359 1166 484 1234 μὲν
532 1169 706 1238 Ἀδὰμ
736 1171 1065 1234 πέπλασται,
1093 1177 1126 1244 ή
1173 1176 1232 1228 δὲ
1284 1170 1398 1229 Εὕα
1446 1177 1788 1248 ᾠκοδομήθη,

155 1255 248 1307 ἵνα
297 1256 525 1329 δειχθῇ
554 1261 688 1324 Θεὸς
726 1263 916 1330 Λόγος,
950 1267 1014 1317 ὲκ
1057 1266 1277 1337 Μαρίας
1307 1269 1408 1338 μὲν
1447 1269 1508 1321 τὸ
1543 1271 1702 1338 σῶμα
1730 1269 1792 1322 τὸ

153 1348 415 1403 ἄσπιλον
457 1353 788 1417 ἀναπλάσας
829 1357 1030 1426 ἐαυτῷ,
1081 1361 1145 1412 ὲκ
1170 1360 1226 1413 δὲ
1258 1361 1357 1430 τῆς
1394 1361 1652 1431 νυγείσης
1698 1361 1790 1414 ἐπὶ

151 1439 252 1492 τοῦ
289 1442 570 1514 σταυροῦ
620 1445 862 1516 πλευρᾶς
916 1448 1013 1520 τὴν
1042 1449 1262 1522 νύμφην
1292 1452 1484 1506 ἑαυτοῦ
1523 1453 1622 1524 τὴν
1663 1453 1790 1508 Ἐκ-

153 1531 422 1604 κλησίαν
461 1537 791 1607 οἰκοδομῶν.

707 1630 864 1687 ΣΞΘ’.
896 1661 964 1673 -—
1003 1633 1086 1697 Τῷ
1115 1633 1294 1698 αὐτῷ.

227 1718 558 1790 Γέγραφας
576 1766 591 1787 ,
617 1723 697 1776 ὅτι
729 1725 792 1776 EE
842 1726 1054 1797 πρῶτον
1083 1729 1182 1780 ούκ
1227 1728 1490 1796 ὲγίνωσκε
1519 1730 1617 1800 τὴν
1641 1731 1788 1801 Παρ-

153 1810 329 1865 θένον
378 1815 597 1885 Ἰωσὴφ
633 1816 793 1886 μέχρι
845 1818 945 1887 τῆς
996 1819 1325 1885 ἀποτέξεως,
1359 1820 1578 1883 πάντως
1612 1821 1787 1891 δήπου

161 1904 320 1972 μετὰ
367 1906 473 1959 τὸν
505 1908 671 1960 τόκον
710 1908 869 1976 ἔγνω.
905 1908 1029 1972 Πῶς
1055 1906 1148 1964 οὖν
1184 1910 1358 1979 ἔγνω;
1389 1913 1682 1985 Πρόδηλον,
1707 1915 1790 1970 ὅτι

162 1995 323 2063 ἔγνω
345 2015 409 2050 τι
419 2001 532 2069 μᾷν
557 2001 655 2051 καὶ
679 1999 1030 2053 καταδεῖσθαι
1048 2001 1148 2073 τὴν
1174 2005 1237 2056 ὲκ
1257 2003 1396 2056 Θεοῦ
1418 2021 1610 2075 τετιμη
1620 2006 1790 2076 μένην

161 2086 474 2154 παρθένον
509 2089 622 2160 πρὸ
675 2090 736 2143 τὸ
790 2091 1118 2157 ἀποτέξεως,
1148 2094 1241 2147 καὶ
1297 2094 1460 2149 πάλιν
1519 2095 1788 2166 παρθένον

170 2175 327 2242 μετὰ
364 2176 467 2229 τὸν
493 2178 660 2230 τόκον
684 2182 968 2247 φανεῖσαν.

703 2291 822 2345 Σοθ.
851 2322 921 2332 -
951 2293 1036 2359 Τῷ
1068 2293 1249 2360 αὐτῷ.

260 2380 327 2434 '0
355 2383 420 2433 ὲν
445 2381 529 2452 τῷ
559 2381 840 2436 τίκτεσθαι
866 2385 1079 2450 ἀνοίξας
1108 2385 1206 2457 τὴν
1239 2386 1538 2457 ἀμόλυντον
1572 2389 1787 2460 μήτραν

174 2472 480 2544 Δεσπότης
506 2475 670 2544 ἡμῶν
693 2477 949 2547 Χριστὸς,
989 2479 1149 2543 αὐτὸς
1169 2481 1261 2534 καὶ
1290 2481 1428 2551 μετά
1446 2481 1508 2535 τὸ
1528 2482 1786 2554 τεχθῆναι

176 2562 282 2633 τὴν
317 2568 550 2636 μήτραν
583 2568 916 2635 ἐσφράγισεν
972 2569 1149 2640 οἰκείᾳ
1200 2571 1383 2643 σοφίᾳ,
1417 2571 1512 2625 καὶ
1537 2572 1784 2643 δυνάμει,

177 2657 280 2706 καὶ
315 2657 758 2730 θαυματοποιία,
792 2660 1036 2729 μηδόλως
1068 2662 1389 2733 παραλύσας
1436 2664 1536 2734 τῆς
1583 2664 1788 2734 παρθεο

179 2749 309 2812 νίας
342 2751 415 2803 τά
445 2751 758 2821 σήμαντρα.
796 2751 932 2805 Θεοῦ
983 2753 1040 2806 δὲ
1067 2753 1228 2825 ἔργον
1252 2754 1413 2809 τοῦτο
1438 2757 1546 2820 πᾶς
1581 2774 1665 2820 τις
1696 2758 1786 2811 εύ-

179 2843 413 2912 φρονῶν
437 2845 955 2916 συνομολογήσαιεν.

715 2958 877 3010 ΣοΑ’.
903 2989 973 2999 -
996 2958 1080 3026 Τῷ
1108 2958 1287 3025 αὐτῷ.

1898 795 2121 864 superni
2147 794 2310 864 Regis
2335 795 2388 848 in
2413 795 2613 850 vestitu
2652 794 2937 858 deaurato,
2967 793 3348 849 circumdatus
3381 812 3472 846 va-

1882 892 2088 939 rietate
2125 885 2190 950 ",
2221 885 2453 940 infinitis
2505 885 2663 956 100
2701 887 2959 941 virtutum
3003 885 3300 955 generibus
3337 886 3482 939 mul-

1898 977 2159 1032 tiformis.

2357 1089 2674 1146 CCLXVIII.
2699 1121 2766 1131 ——
2804 1089 3006 1144 Eidem.

1965 1183 2137 1237 Adam
2181 1197 2424 1250 creatus,
2473 1185 2582 1238 Eva
2635 1192 2916 1237 exstructa
2974 1191 3059 1237 est
3112 1183 3178 1246 7°,
3231 1189 3290 1235 ut
3332 1182 3477 1238 Deus

1899 1273 2138 1329 Verbum
2172 1284 2652 1341 commonstraret,
2690 1276 2791 1329 sibi
2827 1275 3050 1344 quidem
3087 1274 3476 1328 intaminatutn

1897 1382 2100 1438 corpus
2139 1385 2203 1422 ex
2246 1369 2416 1422 Maria
2451 1367 2786 1430 condidisse,
2817 1382 2881 1419 ex
2914 1373 3106 1435 aperto
3137 1379 3266 1418 vero
3301 1364 3477 1433 ipsius

1892 1459 1948 1513 in
1982 1474 2149 1514 cruce
2179 1460 2350 1516 latere
2380 1474 2638 1530 sponsam
2671 1459 2755 1514 sui
2781 1457 3081 1512 Ecclesiam
3107 1457 3474 1512 exstruxisse.

2361 1635 2640 1692 CCLXIX.
2667 1665 2736 1675 -—
2769 1632 2978 1687 Eidem.

1968 1731 2297 1800 Scripsisti:
2336 1728 2394 1783 Si
2436 1731 2589 1798 prius
2636 1742 2745 1780 non
2794 1724 3164 1794 cognoscebat
3197 1719 3474 1790 Virginem

1891 1822 2114 1894 Josepb,
2149 1823 2322 1877 donec
2351 1830 2566 1890 pareret
2597 1820 2666 1883 τί,
2695 1817 2922 1872 omnino
2958 1824 3082 1884 post
3125 1821 3338 1883 partum
3373 1825 3471 1865 co-

1890 1913 2412 1988 gnovit.Quomodo
2454 1914 2639 1980 itaque
2673 1907 2967 1979 cognovit?
3002 1904 3346 1958 Manifestum
3386 1909 3473 1957 est

1889 2010 2239 2081 cognovisse,
2272 2007 2372 2070 illi,
2405 2022 2527 2074 qua:
2555 2019 2584 2057 a
2619 2002 2726 2056 Deo
2757 2002 2829 2054 ita
2878 1999 3234 2052 cohonestata
3267 1995 3469 2057 fuerat,

1889 2111 1951 2156 ttt
1999 2103 2154 2168 virgo
2181 2105 2306 2154 ante
2340 2108 2578 2166 partum,
2605 2102 2658 2148 et
2686 2107 2904 2146 rursum
2924 2091 3076 2160 virgo
3105 2096 3227 2158 post
3250 2094 3470 2156 partum

1888 2200 2259 2265 permaneret,
2292 2190 2554 2244 honorem
2588 2201 2652 2240 ac
2681 2183 3046 2239 reverentiam
3075 2180 3356 2235 exhibere.

2367 2296 2616 2354 CCLXX.
2653 2327 2721 2338 —
2752 2294 2962 2350 Eidem.

1959 2395 2087 2462 Qui,
2109 2394 2240 2448 dum
2263 2399 2568 2462 pareretur,
2597 2389 2814 2443 vulvam
2838 2383 3246 2440 immaculatam
3268 2381 3469 2452 adape-

1887 2488 1998 2543 ruit
2024 2487 2289 2540 Dominus
2327 2492 2512 2538 ttoster
2541 2481 2820 2544 Christus,
2853 2479 2970 2548 ipse
2995 2487 3050 2531 et
3078 2483 3204 2546 post
3221 2483 3465 2545 partum,

1887 2578 2115 2649 propria
2160 2577 2432 2645 sapientia
2470 2581 2525 2628 et
2564 2572 2844 2635 facultate,
2886 2585 2995 2624 non
3044 2567 3168 2624 sine
3200 2565 3469 2620 miraculo

1888 2668 2037 2721 illam
2092 2667 2426 2735 obsignavit,
2480 2663 2634 2717 nullo
2681 2660 2843 2715 modo
2887 2658 3085 2729 sigillis
3132 2656 3466 2728 virginitatis

1888 2760 2107 2815 solutis.
2141 2757 2294 2823 Quod
2331 2756 2423 2810 Dei
2455 2769 2594 2824 opus
2626 2768 2770 2818 esse,
2796 2752 3111 2823 quicunque
3140 2764 3287 2806 sana:
3316 2763 3468 2804 men-

1891 2853 1964 2907 tis
1997 2859 2102 2914 est,
2132 2849 2412 2904 fatebitur.

2362 2956 2635 3014 CCLXXI.
2664 2987 2736 2997 —
2763 2955 2970 3010 Eidem.

260 3047 452 3118 Ὅλην
501 3047 606 3118 τὴν
654 3048 897 3101 διάνοιαν
934 3049 1071 3120 πρὸς
1121 3050 1184 3103 τὸ
1238 3052 1500 3122 σαρκικὺν
1533 3052 1776 3125 φρόνημα

1965 3050 2159 3106 Totam
2189 3058 2423 3105 mentem
2455 3059 2601 3103 tuam
2629 3049 2693 3104 ad
2727 3063 2957 3103 carneas
2977 3046 3342 3118 cogitationes
3371 3046 3465 3101 de-

187 3137 550 3203 λατανεύεις,
579 3139 673 3192 καὶ
702 3139 880 3207 λέγεις
911 3141 970 3194 τό
989 3157 1004 3170 ·
1038 3141 1221 3209 Ἔγνω
1276 3143 1476 3212 αὑτήν·
1508 3145 1561 3197 ετ
1582 3161 1646 3212 γε
1691 3145 1788 3198 καὶ

184 3229 361 3299 ιγνω,
397 3231 551 3300 μίξιν
587 3231 1021 3286 ὑπαινίττεσθαι.
1052 3232 1211 3288 Ἀλλά
1241 3234 1430 3303 γνῶθι,
1455 3235 1785 3305 κομψότατε,

185 3321 272 3376 δτι
334 3324 407 3376 οὐ
450 3323 758 3392 φιλήδονος,
810 3325 930 3378 οὐδὲ
976 3326 1177 3395 λάγνος·
1205 3328 1449 3398 ὑπῆρχεν
1486 3331 1514 3381 ὁ
1554 3328 1785 3400 Ἰωσὴφ,

182 3414 332 3469 ἀλλά
363 3417 464 3469 καὶ
514 3416 656 3469 πάνυ
713 3416 968 3489 θεοσεϐής
1012 3436 1073 3472 τε
1122 3420 1216 3472 καὶ
1245 3421 1474 3484 δίκαιος.
1523 3421 1788 3485 Ἀκούσας

183 3505 243 3558 δὲ
285 3505 451 3576 παρὰ
493 3506 590 3558 τοῦ
640 3507 874 3574 ἀγγέλου
903 3509 1150 3572 εἰπόντος
1197 3511 1326 3581 περί¹
1365 3511 1466 3580 τῆς
1507 3512 1785 3582 Παρθένου

184 3598 455 3653 ὲπιτόκου
487 3599 861 3670 τυγχανούσης
885 3639 900 3665 ,
948 3619 966 3652 ι
1004 3601 1086 3654 ὅτι
1120 3602 1192 3654 Τὸ
1225 3603 1284 3656 ὲν
1332 3603 1467 3673 αύτῇ
1527 3605 1785 3673 γεννηθὲν

190 3692 261 3746 ὲκ
344 3691 670 3761 Πνεύματός
717 3693 865 3745 ἐστιν
921 3693 1099 3761 ἁγίου,
1160 3696 1253 3748 καὶ
1297 3697 1637 3767 τεχθήσεται,
1689 3696 1785 3750 καὶ

184 3781 363 3836 σώσει
414 3782 510 3835 τὸν
568 3783 695 3836 λαὸν
738 3785 925 3847 αύτοῦ,
985 3788 1077 3839 καλ⁸
1133 3786 1442 3856 βασιλεύσει
1520 3791 1599 3851 είς
1654 3789 1782 3853 τοὺς

181 3871 425 3936 αἰῶνας,
459 3891 478 3922 ι
513 3873 810 3942 προσέθετο
838 3874 1184 3928 εὐλαϐεῖσθαι
1215 3876 1324 3930 ἀπὺ
1349 3877 1642 3948 προσώπου
1671 3881 1782 3932 Κυ-

187 3963 336 4034 ρίου,
384 3963 585 4034 φρίξας
613 3962 772 4017 τοῦτο
795 3965 860 4036 δὴ
896 3967 957 4020 τὸ
991 3965 1318 4038 ἔκπληκτον,
1357 3970 1452 4022 καὶ
1482 3969 1782 4040 παραδοξό-

181 4071 358 4108 τατον
380 4055 702 4125 μυστήριον.
731 4057 932 4127 Διόπερ
955 4057 1054 4110 οὐκ
1081 4057 1163 4110 ἔτι
1187 4058 1372 4112 λοιπὸν
1404 4060 1479 4122 ὡς
1505 4061 1777 4131 μνηστήρ,

183 4147 284 4200 καὶ
312 4145 483 4215 ἀνὴρ,
510 4146 622 4198 ἀλλ’
652 4146 728 4210 ὡς
759 4147 1079 4220 λατρευτὴς,
1106 4151 1197 4202 καὶ
1237 4149 1482 4214 διάκονος
1511 4151 1646 4204 Θεοῦ
1673 4154 1773 4222 ἐμ-

184 4237 571 4310 ϐριθέστατος,
608 4240 909 4308 συσφίγξας
942 4243 1007 4312 τῇ
1041 4243 1364 4313 σωφροσύνῃ
1388 4244 1512 4306 τοὺς
1541 4244 1777 4308 οἰκείους

184 4329 514 4398 λογισμοὺς,
567 4328 951 4401 ὲξυπηρετεῖτο
1002 4334 1098 4385 σὺν
1155 4337 1305 4406 πάσῃ
1363 4336 1626 4404 ὁσιότητι,
1681 4337 1776 4389 καὶ

1889 3147 2101 3210 ﬂectis,
2154 3147 2446 3216 dicisque:
2484 3143 2749 3214 Cognovit
2803 3143 2998 3204 illam;
3055 3141 3100 3195 si
3166 3141 3463 3211 cognovit,

1890 3240 2242 3294 concubitum
2289 3239 2538 3292 innuere.
2572 3235 2964 3290 Verumtamen
2992 3235 3157 3297 scias,
3190 3233 3262 3287 mi
3293 3247 3466 3288 nasu-

1888 3331 2020 3394 tule,
2069 3329 2364 3399 Josephum
2405 3328 2558 3397 101
2596 3342 2775 3397 neque
2819 3325 3220 3394 voluptatibus,
3283 3338 3465 3392 neque

1889 3422 2209 3477 libidinibus
2258 3420 2524 3483 deditum,
2574 3403 2690 3473 sed.
2709 3417 3014 3487 piissimum
3063 3416 3462 3485 justissimum—

1887 3529 1996 3583 que
2026 3511 2220 3567 fuisse.
2249 3510 2348 3564 Hic
2374 3525 2498 3564 cum
2536 3507 2784 3562 audisset
2816 3507 2884 3560 ab
2915 3507 3111 3575 angelo
3141 3506 3208 3559 de
3238 3503 3462 3574 Virgine

1882 3603 1993 3674 jam
2033 3603 2406 3672 parturiente:
2443 3618 2461 3652 ι
2489 3598 2642 3665 Quod
2673 3611 2740 3652 ex
2770 3613 2833 3653 ea
2863 3604 3138 3662 nascetur,
3163 3595 3230 3650 de
3249 3595 3464 3665 Spiritu

1887 3705 2083 3750 sancto
2121 3704 2209 3749 est
2237 3695 2306 3760 7’,
2340 3701 2393 3748 et
2428 3692 2801 3763 generabitur,
2835 3697 2889 3744 et
2935 3688 3167 3744 salvabit
3196 3687 3460 3756 populum

1884 3802 2066 3846 suum,
2088 3794 2140 3839 et
2174 3785 2420 3854 regnabit
2454 3788 2508 3838 in
2539 3792 2802 3837 aeternum
2825 3781 2906 3847 ἠς
2936 3799 2954 3832 ι
3000 3778 3107 3834 sibi
3146 3777 3454 3833 cavendum

1883 3894 2005 3933 esse
2049 3877 2206 3931 duxit
2242 3892 2271 3928 a
2309 3875 2449 3930 facie
2499 3874 2737 3940 Domini,
2786 3881 3010 3942 stupens
3060 3871 3176 3940 ipse
3229 3880 3460 3938 propter

1884 3968 2218 4038 stupendum
2243 3975 2406 4036 atque
2427 3964 2968 4020 admirabilissimum
2993 3976 3275 4015 arcanum.
3304 3960 3456 4025 Qua-

1884 4067 2111 4130 propter
2153 4061 2206 4111 in
2249 4067 2529 4127 posterum
2577 4073 2685 4110 non
2725 4064 2781 4109 ut
2814 4069 3013 4124 procus
3054 4060 3148 4106 aut
3181 4053 3411 4106 maritus
3435 4092 3459 4117 ,

1881 4152 1978 4206 sed
2013 4160 2069 4203 ut
2096 4151 2279 4204 cultor
2307 4157 2360 4205 et
2383 4150 2632 4203 minister
2662 4147 2754 4202 Dei
2790 4146 3291 4210 constantissimus,
3321 4159 3456 4198 con-

1883 4243 2112 4296 tinentia
2162 4242 2400 4312 propriis
2449 4240 2877 4310 cogitationibus
2927 4238 3283 4308 compressis,
3324 4253 3455 4292 cum

1883 4335 2027 4388 omni
2071 4336 2290 4403 pietate,
2323 4342 2377 4388 et
2403 4348 2618 4388 summa
2649 4331 3000 4396 castimonia,
3032 4339 3087 4386 et
3109 4331 3304 4384 timore
3330 4328 3454 4394 Dei,

184 4418 366 4488 πολλῇ
399 4418 682 4489 ἁγνότητι,
707 4422 800 4473 καὶ
832 4421 982 4493 φόϐῳ
1008 4419 1138 4493 θείῳ
1161 4425 1226 4495 τῇ
1255 4424 1546 4497 λεγομένῃ,
1572 4428 1635 4481 ού
1665 4426 1775 4498 μὴν

1892 4440 1999 4497 tua:
2020 4425 2328 4489 dicebatur,
2357 4440 2459 4479 nec
2484 4433 2669 4478 tamen
2705 4433 2826 4478 erat
2852 4436 2994 4477 uxor
3026 4420 3219 4491 ipsius,
3254 4434 3314 4477 se
3336 4417 3452 4474 Ma-

185 4512 288 4564 καὶ
310 4509 474 4584 οὖσῃ,
503 4512 725 4579 γυναικὶ
759 4512 924 4566 αὑτοῦ
955 4513 1166 4585 Μαρίᾳ.

621 4626 783 4682 zos'.
817 4659 886 4669 -
932 4629 1350 4703 ΠΤΟΛΕΜΑΙῼ.

267 4717 333 4770 Ei
370 4716 512 4770 κατά
539 4718 630 4770 τὸν
664 4719 1036 4792 Ἀπολινάριον
1073 4723 1250 4790 λέγεις
1277 4724 1371 4776 καὶ
1399 4724 1487 4788 σὺ,
1517 4727 1708 4798 ὅτιπερ
1745 4728 1775 4781 ὁ

191 4808 327 4873 Θεὸς
359 4809 534 4878 Λόγος
560 4811 619 4877 ἐξ
650 4812 882 4882 ούρανοῦ
905 4813 1083 4868 λαϐὼν
1107 4815 1205 4886 τὴν
1228 4817 1406 4887 σάρκα
1429 4819 1511 4882 είς
1541 4820 1638 4890 τὴν
1666 4821 1771 4891 γῆν

192 4902 580 4974 κατελήλυθεν,
630 4905 714 4968 τίς
765 4905 924 4975 χρεία
977 4910 1075 4978 τῆς
1126 4910 1402 4981 μακαρίας
1456 4912 1770 4982 Παρθένου;

194 4991 427 5056 Οὐκοῦν,
458 4994 858 5063 φρονιμώτατε,
900 4997 1136 5064 γίνωσκε
1183 4999 1570 5068 ἀκριϐέστατα,
1617 5003 1698 5056 ὅτι
1744 5005 1774 5056 ὀ

194 5084 469 5148 ἄπλαστος
501 5087 641 5139 κατά
693 5088 792 5158 τὴν
842 5088 1070 5158 θεότητα
1117 5091 1318 5163 Κύριος
1345 5093 1534 5146 ἑαυτὸν
1566 5095 1632 5147 ὲκ
1671 5095 1772 5163 τῆς

198 5175 476 5244 Παρθένου
515 5177 646 5230 ἄνευ
705 5179 1037 5250 σπέρματος,
1071 5182 1165 5235 καὶ
1227 5183 1456 5255 φθορᾶς,
1511 5187 1605 5240 καὶ
1650 5186 1771 5256 δίχα

198 5267 396 5328 παντὸς
430 5265 604 5338 ῥύπου
633 5269 834 5323 ἔπλασε
864 5272 1005 5324 κατὰ
1022 5273 1121 5342 τὴν
1142 5274 1554 5347 ἀνθρωπότητα.
1588 5277 1766 5330 ’Ὅπου

199 5356 254 5410 δὲ
283 5357 600 5427 Πνεύματος
645 5361 803 5430 ἀγίου
841 5365 1134 5434 παρουσία,
1172 5367 1287 5419 ἐκεῖ
1317 5368 1558 5437 μηδόλως
1605 5368 1768 5439 μολυ-

203 5449 330 5519 σμὸς
360 5451 664 5506 ἐννοείσθω.

1877 4519 1972 4573 ria:
2002 4518 2433 4586 mancipaverat.

2215 4631 2511 4689 CCLXXII.
2550 4663 2620 4673 -—-
2657 4629 3070 4688 PTOLEMIEO.

1949 4726 2008 4780 Si
2044 4728 2508 4796 quemadmodum
2557 4725 2952 4795 Apollinarius,
2989 4723 3064 4777 ita
3093 4729 3148 4776 et
3180 4726 3240 4773 tu
3283 4717 3448 4783 dicis,

1877 4817 2046 4872 Deum
2077 4817 2334 4879 Verbum.
2367 4833 2398 4872 e
2433 4817 2573 4872 cmlo
2611 4832 2780 4871 carne
2827 4815 3115 4884 desumpta
3145 4813 3201 4867 in
3241 4819 3448 4867 terram

1873 4909 2259 4975 descendisse;
2312 4925 2432 4980 quae
2459 4924 2626 4978 porro
2652 4908 2822 4963 beatae
2857 4906 3093 4977 Virginis
3112 4901 3457 4959 necessitas?

1874 5001 2080 5072 itaque,
2142 5001 2568 5072 prudentissime
2629 5002 2751 5066 vir,
2805 4997 3242 5070 exquisitissime
3306 4995 3454 5049 scito

1872 5107 1996 5147 eum
2032 5094 2124 5162 qui
2162 5094 2463 5147 secundum
2497 5093 2754 5148 deitatem
2792 5099 3011 5147 creatus
3037 5105 3146 5144 non
3181 5095 3301 5144 erat
3335 5087 3446 5139 Do-

1873 5184 2079 5248 minus,
2130 5185 2245 5254 ipse
2291 5194 2462 5239 semet
2494 5199 2526 5238 a
2559 5183 2783 5254 Virgine
2813 5185 2931 5238 sine
2970 5183 3180 5238 semine
3217 5191 3272 5236 et
3316 5193 3445 5234 cor-

1875 5277 2149 5345 ruptione,
2183 5286 2239 5332 et
2261 5277 2468 5345 absque
2493 5277 2643 5330 omni
2675 5276 2838 5331 sorde
2861 5275 3162 5332 secundum
3186 5272 3444 5328 humani-

1875 5378 2041 5423 tatem
2106 5368 2446 5424 eﬂ‘ormasse.
2517 5367 2618 5422 Ubi
2679 5382 2845 5439 porro
2913 5367 3152 5438 Spiritus
3219 5372 3454 5421 sanctus

1876 5462 2050 5528 adest,
2079 5462 2153 5516 ibi
2186 5462 2333 5516 nulla
2363 5463 2588 5516 omnino
2624 5462 2853 5531 pollutio
2886 5459 3234 5532 intelligenda
3263 5466 3370 5514 est.

267 5634 311 5666 ⁸⁸
341 5631 480 5690 Psal.
513 5651 658 5703 xuv,
702 5636 787 5693 ιι.
862 5638 1062 5695 "Gen.
1102 5643 1270 5710 εκεῖ.
1349 5644 1392 5676 ⁷⁸
1435 5643 1622 5700 Matth.
1668 5663 1706 5710 ι,
1735 5644 1776 5699 2

1903 5647 1946 5678 ⁷²
1972 5645 2163 5702 Matth.
2199 5661 2233 5713 ι,
2284 5645 2372 5701 20.
2450 5647 2495 5680 ⁷³
2525 5645 2658 5702 Luc.
2694 5663 2732 5714 ι,
2775 5646 2864 5702 32.
