3850 6218
428 142 530 209 183

559 263 880 323 CCLXXI".
913 297 975 305 -
1007 264 1311 322 EURYCLI
1363 267 1840 325 PRESBYTERO.

496 357 698 422 Locus,
746 358 839 427 qui
882 360 1186 412 vocabatur
1238 358 1443 424 Enen,
1497 371 1645 415 trans
1691 359 1984 417 Jordanem

420 461 539 509 erat
561 449 627 505 "".
689 449 739 505 ls
798 465 961 520 porro
1001 451 1279 521 signiﬁcat
1324 454 1533 507 oculum
1579 455 1861 520 tormenti;
1891 469 1987 510 ex-

428 542 729 597 antinatam
762 542 994 605 scilicet,
1023 552 1076 596 et
1100 544 1376 614 exquisito
1407 547 1678 612 examine,
1694 561 1759 600 ac
1782 545 1987 600 dolori—

423 630 527 685 bus
554 628 852 699 improbam
881 630 1035 699 102
1065 633 1516 701 speculationem.
1548 633 1986 706 Perspicaciores

423 724 606 795 itaque
634 723 806 788 fuere,
835 723 929 792 qui
962 723 1233 792 baptismo
1269 724 1435 779 abluti
1479 733 1628 779 sunt.
1667 723 1848 780 Salem
1884 738 1987 779 no-

423 823 503 869 tat
534 816 704 885 ﬁlium
729 813 1112 880 ascendentem,
1136 823 1190 869 et
1205 814 1470 872 Iordanes
1495 817 1771 872 descensus
1800 817 1987 872 Graeca

423 909 657 964 dialecto
707 910 1051 979 exprimitur.
1102 908 1277 963 Trans
1320 925 1451 964 vero
1501 912 1824 966 descensum
1878 920 1984 976 est,

421 1015 612 1055 eorum
644 1015 925 1064 ascensus,
944 1000 1037 1069 qui
1067 1015 1096 1054 a
1120 1000 1401 1071 discipulis
1431 1000 1657 1066 Christi,
1682 1003 1737 1056 in
1768 1004 1988 1058 nomine

426 1091 734 1149 Servatoris
760 1092 936 1148 nostri
965 1091 1174 1148 Christi
1204 1092 1570 1163 baptizantur.

880 1267 1198 1326 CCLXXIV.
1227 1300 1297 1310 --
1326 1268 1533 1325 Eidem.

499 1357 824 1416 Pmnitentia
852 1359 1068 1415 delictis
1096 1376 1427 1433 exsanguem
1458 1377 1523 1416 ac
1555 1361 1896 1417 demortuum
1932 1362 1989 1418 in

425 1451 591 1506 vitam
625 1452 882 1507 restituit.
900 1451 1021 1522 Ipsa
1047 1453 1193 1508 enim
1222 1454 1654 1523 regenerationis
1680 1454 1987 1525 symbolum

427 1550 532 1609 est,
566 1552 962 1614 tropaeumque,
1010 1560 1132 1615 qua:
1161 1544 1287 1599 hinc
1319 1546 1495 1601 oculis
1521 1546 1634 1615 jam
1665 1555 1983 1616 usurpatur,

428 1636 869 1694 resurrectionis.
1826 1622 1834 1631 ’

535 1726 832 1782 CCLXXV.
866 1756 938 1766 —
965 1725 1353 1783 HERACLITO
1385 1724 1880 1782 SCHOLASTICO.

496 1815 679 1871 Prima
725 1818 1039 1873 tentationis
1071 1818 1328 1887 irruptio,
1361 1818 1506 1872 unde
1536 1817 1850 1873 affectiones
1880 1819 1987 1873 ini-

453 1909 563 1961 ium
605 1916 849 1974 sumunt,
885 1919 1087 1964 nostrae
1130 1910 1404 1965 facultatis
1450 1926 1676 1965 examen
1725 1911 1990 1981 quodam-

430 1999 591 2053 modo
655 2007 759 2056 est.
815 1999 1058 2071 Exempli
1119 2001 1328 2071 gratia,
1390 2003 1566 2056 oculis
1617 2003 1989 2071 spectaculum

428 2090 701 2159 objectum
733 2098 839 2159 est,
870 2093 1018 2162 quod
1053 2092 1389 2147 desiderium
1433 2094 1656 2149 irritare
1685 2094 1859 2161 valet;
1893 2108 1989 2163 per

427 2183 481 2236 id
527 2192 674 2238 tuam
729 2184 1038 2241 facultatem
1085 2188 1456 2253 adversarius,
1512 2188 1559 2244 si
1621 2189 1883 2244 robustus
1935 2197 1991 2245 et

428 2284 718 2343 apparatus
746 2291 829 2339 es,
860 2278 975 2333 sive
1005 2293 1170 2347 aeger,
1194 2287 1247 2333 et
1280 2280 1373 2349 qui
1424 2278 1586 2334 facile
1616 2281 1735 2349 capi
1785 2280 1987 2350 possis,
2032 2322 2035 2326 λ

426 2366 721 2421 examinat.
752 2366 909 2433 Quod
934 2369 978 2422 si
1000 2370 1273 2440 voluptate
1296 2386 1493 2427 sensus
1522 2373 1585 2426 ad
1618 2373 1990 2441 spectaculqu

428 2457 658 2514 inﬂexus
698 2460 882 2525 fuerit,
910 2468 963 2516 et
988 2462 1326 2518 characteris
1350 2463 1497 2519 illius
1528 2464 1707 2536 imago
1736 2480 1833 2535 per
1855 2480 1990 2520 ocu-

427 2549 513 2605 los
549 2551 604 2605 in
636 2561 872 2607 mentem
903 2553 1219 2623 irrepserit;
1251 2562 1383 2611 tunc
1406 2557 1767 2626 penetralium
1805 2565 1860 2613 et
1890 2559 1990 2613 ab-

428 2643 666 2698 ditorum
698 2642 830 2711 dux,
862 2661 1016 2702 mens
1052 2648 1286 2713 scilicet,
1326 2648 1648 2705 debellatur.

1071 2823 1351 2879 CCLXXV
1363 2827 1405 2880 Ι.

1879 152 1938 213 S.
1978 148 2141 211 NILI

2010 274 2060 331 Α

3549 137 3721 209 18-5

2293 264 2450 319 ΣΟΓθ.
2481 292 2549 304 —
2576 264 2924 319 ΕΥΡΥΚΛΕῙ
2962 261 3435 331 ΠΡΕΣΒΥΤΕΡῼ.

2167 358 2227 412 '0
2258 358 2421 421 τόπος
2449 360 2477 412 ὁ
2506 357 2668 412 καλού
2679 374 2835 427 μενος
2864 354 3036 409 Αἰνὼν
3061 356 3231 425 πέραν
3258 354 3350 407 τοῦ
3380 352 3713 424 Ἱορδάνὸυ

2087 449 2402 521 ἐτύγχανεν.
2437 447 2609 502 Αἰνὼν
2649 448 2705 501 δὲ
2737 446 3096 518 ἑρμηνεύεται
3125 445 3428 515 ὀφθαλμὸς
3448 440 3718 507 βασά-

2085 560 2216 606 νου,
2245 540 2519 595 τουτέστιν
2550 539 2915 610 ἐξητασμένη.
2943 536 3039 590 καὶ
3064 534 3522 605 βεδασανισμένη,
3556 530 3711 607 κςιὶ

2085 636 2318 705 ἐγκοπος
2358 633 2577 706 θεωρία.
2603 630 3051 704 Διορατικώτεροι
3082 629 3263 683 τοίνυν
3306 628 3559 696 ἐγένοντο
3625 624 3709 675 οἱ

2095 730 2501 801 βαπτισθέντες.
2553 727 2754 797 Σαλείμ
2807 726 2862 780 δὲ
2921 724 3301 797 ἑρμηνεύεται,
3332 722 3464 787 υἱὸς
3506 720 3714 774 dra-

2087 822 2305 877 ϐαίνων
2329 836 2343 850 ·
2387 818 2654 891 Ἰορδάνης
2681 819 2738 872 δὲ
2767 815 3093 882 κατάϐασις
3142 814 3359 883 λέγεται
3396 816 3466 883 τῇ
3525 810 3709 864 Ἑλ·-

2086 914 2288 986 ληνικῇ
2331 913 2571 984 γλώσσῃ.
2631 912 2811 982 Πέραν
2861 909 2919 963 δὲ
2964 910 3065 978 τῆς
3103 904 3453 967 ωταὸἀσεώς
3502 904 3710 956 ἔστιν

2086 1006 2121 1076 ὴ
2172 1004 2436 1066 ἀνάδασις
2491 1002 2603 1057 τῶν
2657 1001 2762 1054 ὑπὸ
2807 999 2915 1054 τῶν
2966 997 3221 1068 μαθητῶν
3272 997 3364 1048 τοῦ
3410 990 3708 1064 Χριστοῦ

2089 1094 2498 1166 βαπτιζομένων
2526 1095 2607 1157 εἰς
2633 1092 2692 1146 τὸ
2720 1092 2890 1161 ὄνομα
2916 1088 3011 1143 τοῦ
3039 1087 3287 1158 Σωτῆρος
3329 1084 3485 1156 ἡμῶν
3519 1084 3710 1151 Χρι-

2091 1185 2241 1240 στοῦ.

2604 1271 2762 1325 ΣΟΝ.
2780 1300 2849 1311 -
2873 1268 2961 1335 Τῷ
2987 1266 3169 1333 αὐτῷ.

2167 1362 2235 1417 Ἦ
2268 1362 2521 1433 μετάνοια
2551 1361 2803 1427 ζωοποιεί
2835 1360 2925 1415 τὸν
2970 1362 3083 1422 τοῖς
3122 1356 3526 1429 παραπτώμασι
3574 1372 3705 1409 νει-

2089 1454 2384 1523 κρωθέντα·
2414 1452 2549 1523 αῦτη
2575 1451 2684 1522 γὰρ
2710 1450 2993 1521 γνώρισμα
3016 1449 3248 1519 ὑπάρχει
3268 1448 3368 1518 τῆς
3390 1445 3704 1513 παλιγγε-

2090 1543 2290 1609 νεσίας,
2309 1544 2566 1615 τρόπαιον
2589 1543 2646 1596 δὲ
2669 1541 3036 1605 ἀναστάσεως,
3059 1538 3305 1594 ἐντεῦθεν
3325 1539 3427 1610 ἤδη
3447 1537 3697 1607 ὀφθαλ-

2092 1636 2211 1704 μοῖς
2240 1632 2594 1703 βλεπομένης.

2297 1725 2457 1780 ΣΟΕ’.
2482 1756 2550 1765 -
2574 1724 2965 1794 ΗΡΑΚΛΕΙἸᾩ
2987 1719 3437 1788 ΣΧΟΛΑΣΤΙΚῼ.

2169 1818 2231 1871 Ἥ
2265 1818 2454 1889 πρώτη
2480 1819 2574 1871 τοῦ
2598 1815 2901 1889 πειρασμοῦ
2936 1814 3228 1885 προσϐολὴ,
3254 1815 3376 1868 ὅθεν
3397 1813 3469 1867 τὰ
3508 1810 3689 1880 πάθη

2086 1909 2351 1980 λαμϐάνει
2380 1909 2476 1981 τὴν
2508 1909 2702 1981 ἀρχὴν,
2737 1909 2893 1961 τοῦτο
2939 1908 3035 1978 τῆς
3070 1906 3341 1977 ἡμετέρας
3373 1904 3694 1974 δυνάμεως

2088 2000 2431 2062 κατάσκοπος
2486 1998 2713 2067 γίνεται.
2773 1991 2920 2057 Οἷον,
2972 1995 3196 2048 ἐνέπεσε
3246 1993 3325 2063 τῷ
3391 1989 3688 2059 ὀφθαλμῷ

2090 2086 2268 2157 θέαμα
2290 2087 2384 2158 τὴν
2409 2087 2701 2157 ἐπιθυμίαν
2726 2086 3017 2155 δυνάμενον
3041 2083 3365 2152 ἀνακινῆσαι
3383 2098 3398 2113 ⁸
3419 2081 3510 2134 διὰ
3534 2079 3688 2132 τοῦ-

2090 2195 2149 2230 το
2200 2178 2536 2230 κατασκοπεῖ
2578 2174 2674 2247 τὴν
2709 2176 2766 2226 ὲν
2815 2176 2896 2226 σοὶ
2927 2173 3153 2243 δύναμιν
3181 2174 3209 2225 ὁ
3236 2170 3515 2240 πολέμιος,
3546 2168 3685 2220 εἴτε

2093 2268 2309 2339 ἰσχυρός
2360 2285 2444 2331 τις
2499 2267 2593 2320 καὶ
2632 2268 3051 2337 ὲμπαράσκευος
3078 2259 3147 2329 εἴ,
3190 2263 3299 2316 εἴτε
3326 2262 3535 2327 ἄτονος,
3566 2261 3684 2313 καὶ

2091 2361 2376 2423 εὐάλωτος.
2410 2361 2470 2413 Ei
2500 2359 2556 2412 δὲ
2586 2359 2888 2430 μαλαχθείη
2922 2357 2989 2410 δι’
3018 2356 3211 2428 ἡδονῆς
3230 2354 3365 2425 πρὸς
3392 2354 3491 2424 τὴν
3530 2353 3681 2407 θέαν

2090 2455 2123 2522 ἠ
2157 2452 2424 2521 αἴσθησις,
2452 2451 2547 2503 καὶ
2597 2450 2658 2504 τὸ
2709 2449 2804 2502 τοῦ
2855 2448 3203 2519 χαρακτῆρος
3248 2444 3462 2498 εἴδωλον
3512 2442 3683 2496 ἔνδον

2090 2544 2193 2613 τῆς
2221 2543 2457 2604 διανοίας
2518 2542 2607 2596 διὰ
2653 2542 2765 2594 τῶν
2815 2539 3105 2607 ὀφθαλμῶν
3150 2538 3368 2597 είσδύει,
3398 2537 3522 2588 τότε
3555 2552 3680 2589 κα-

2091 2636 2475 2705 ταπολεμεῖται
2516 2626 2879 2705 δ’στρατηγὸς
2927 2632 3036 2686 τῶν
3088 2630 3256 2697 ἔνδον,
3309 2630 3595 2683 τουτέστιν
3642 2631 3679 2684 ὁ

2094 2728 2238 2791 νοῦς.

2784 2814 2964 2883 xoq'.

508 2907 567 2964 Si
596 2910 743 2981 quis,
779 2912 878 2977 ait,
915 2931 936 2965 t
969 2913 1133 2970 homo
1168 2915 1557 2975 formidolosus
1601 2927 1687 2975 est
1729 2932 1784 2975 et
1828 2920 1993 2977 corde

2166 2913 2236 2967 Εί
2259 2930 2363 2977 τις,
2389 2912 2572 2983 φησὶν,
2615 2932 2633 2965 ι
2670 2911 2954 2980 ἄνθρωπος
2981 2909 3149 2969 δειλός
3174 2908 3288 2961 ἔστι
3326 2909 3392 2978 τῇ
3442 2905 3673 2977 καρδία,

433 2998 650 3068 pavido,
680 3009 986 3055 revertatur
1013 3003 1069 3057 in
1106 3005 1325 3059 domum
1355 3022 1531 3072 suam,
1558 3017 1611 3062 et
1648 3025 1717 3065 ne
1748 3020 1905 3065 exeat
1927 3011 1995 3066 ad

434 3090 662 3158 bellum,
686 3106 755 3147 ne
791 3108 986 3164 pavere
1013 3095 1178 3152 faciat
1204 3113 1299 3153 cor
1323 3098 1510 3156 fratris
1538 3103 1622 3156 sui
1647 3103 1713 3155 ⁷⁵.
1751 3122 1769 3155 ι
1810 3103 1995 3161 Potest

431 3182 577 3237 enim
622 3183 916 3256 quispiam,
962 3189 1414 3262 simeticulosns
1462 3202 1519 3247 et
1570 3195 1800 3264 pavidus
1838 3198 1994 3269 103

432 3283 537 3341 est,
570 3283 627 3331 et
665 3292 897 3348 pugnam
947 3279 1280 3348 daemonum,
1328 3284 1537 3340 robusti
1586 3287 1868 3344 ardentem
1926 3290 1995 3345 ad

434 3366 651 3437 egregia
673 3382 901 3439 quaeque
938 3358 1359 3441 prepensionem
1393 3376 1713 3433 dissolvere.

1039 3462 1383 3519 CCLXXVII.

506 3546 644 3604 Cum
679 3564 789 3605 non
808 3551 1071 3621 pusillum
1104 3556 1306 3609 malum
1349 3557 1421 3613 sit
1455 3558 1544 3622 iis,
1573 3558 1669 3629 qui
1699 3567 1997 3617 temereet

436 3638 648 3697 frustra
701 3642 1061 3712 deblaterant,
1107 3647 1256 3702 acies
1291 3648 1513 3720 linguae,
1564 3659 1851 3722 propterea
1895 3667 1998 3723 pro

436 3740 595 3802 porta
638 3740 695 3789 et
735 3742 889 3790 vecte
935 3746 1160 3793 sanctus
1208 3737 1422 3811 Moyses
1460 3741 1740 3798 silentium
1788 3743 1993 3813 posuit.

440 3822 686 3895 Namque
738 3824 864 3881 ideo
913 3826 1051 3882 duas
1103 3844 1264 3884 aures
1321 3830 1704 3902 possidemus,
1754 3834 1995 3903 linguam

440 3928 632 3978 unam,
680 3922 744 3970 ut
792 3917 952 3985 plura
985 3917 1053 3972 ad
1087 3919 1320 3973 salutem
1366 3921 1677 3985 audiamus,
1712 3938 1875 3992 quam
1919 3923 1999 3977 lo-

438 4019 696 4075 quamur,
730 4022 827 4077 per
859 4008 1002 4064 bona
1041 4025 1207 4079 opera
1249 4012 1434 4081 potius
1470 4014 1793 4081 clamantes,
1832 4022 1887 4070 et
1915 4013 1999 4069 di-

439 4097 567 4151 vina
601 4096 865 4155 facinora.
901 4101 1067 4157 Recte
1097 4102 1282 4173 itaque
1309 4104 1521 4175 Moyses
1548 4106 1689 4176 ipse,
1720 4117 1774 4161 et
1807 4123 1997 4163 sacer-

439 4188 638 4253 dotes,
692 4198 747 4245 et
812 4191 1015 4247 Levitae
1073 4195 1332 4249 universo
1386 4196 1574 4251 lsraeli
1639 4199 2000 4255 mittebantur

442 4281 740 4338 dicentes:
804 4300 825 4336 ι
869 4282 1033 4352 Tace,
1091 4285 1278 4352 Israel,
1330 4296 1384 4343 et
1437 4289 1565 4344 audi
1623 4291 1840 4360 eloquia
1894 4291 1998 4346 Do-
2030 4285 2257 4349 Βῖταιν

442 4369 578 4425 mini
615 4371 684 4427 ".
719 4389 739 4423 ι

671 4544 1039 4604 CCLXXVIH.
1081 4580 1150 4591 -—
1185 4550 1504 4607 LEONIDAE
1538 4552 1794 4609 COMITI.

510 4634 644 4699 Quae
672 4638 813 4708 apud
868 4640 1190 4710 insipientes
1248 4651 1435 4714 gentes
1478 4644 1695 4700 fortuna
1733 4654 1787 4700 et
1832 4645 1999 4701 fatum

441 4728 884 4796 nuncupabatur.
918 4746 1099 4801 neque
1134 4749 1376 4804 unquam
1410 4734 1535 4800 fuit,
1564 4751 1741 4805 neque
1766 4744 1871 4799 est,
1904 4751 2000 4791 ne-

442 4829 552 4885 que
574 4816 682 4870 erit
704 4816 1023 4887 aliquando,
1044 4837 1217 4892 neque
1247 4839 1479 4893 usquam
1501 4828 1837 4894 apparuerit.
1856 4826 2002 4883 Cave

444 4920 514 4960 ne
537 4913 596 4960 tu
622 4905 726 4973 illi,
766 4923 889 4978 quae
922 4912 1072 4965 nulla
1113 4912 1389 4977 subsistit,
1411 4915 1824 4971 subsistentiam
1857 4918 2002 4972 elar-

444 4996 613 5068 giaris
642 5041 659 5066 ,
703 5014 772 5054 ex
808 5012 1080 5074 praecepta
1129 5006 1466 5074 praenotione
1507 5007 1839 5064 insulsarum
1867 5027 2004 5081 gen-

445 5089 581 5143 tium
607 5090 842 5160 ineptias
874 5107 938 5148 ac
967 5104 1292 5165 nugamenta
1329 5099 1690 5168 subsequens.

583 5180 909 5238 CCLXXIX.
936 5216 1007 5226 —
1042 5186 1437 5242 THALLIANO
1471 5188 1861 5248 ILLUSTRIO.
1896 5234 1899 5237 ι

518 5270 623 5327 Alii
660 5273 879 5342 quidem
920 5279 1370 5348 praecipientibus
1402 5283 1687 5339 monachis
1712 5298 1834 5338 cum
1868 5299 2003 5355 gau-

447 5359 542 5415 dio
566 5370 618 5418 et
654 5363 938 5423 alacritate
962 5371 1132 5442 magis
1161 5371 1442 5435 obediunt,
1475 5388 1635 5443 quam
1681 5371 1783 5444 ipsi
1813 5374 2005 5445 praeci-

2094 3006 2497 3076 ἀποστραφήτω
2525 3006 2606 3067 είς
2654 3004 2753 3074 τὴν
2788 3002 2965 3055 οἰκίαν
2998 3000 3187 3067 αὑτοῦ,
3231 3000 3321 3053 καὶ
3353 2999 3427 3070 μὴ
3467 2998 3673 3070 ἐξέλθῃ

2095 3099 2176 3162 είς
2204 3097 2456 3167 πόλεμον,
2485 3097 2572 3150 ίνα
2604 3095 2678 3167 μὴ
2706 3094 2946 3164 δειλιάνῃ
2975 3093 3072 3164 τὴν
3103 3092 3329 3163 καρδίαν
3364 3091 3457 3145 τοῦ
3510 3090 3677 3145 ἁδελ-

2096 3187 2196 3257 φοῦ
2234 3187 2418 3241 αὐτοῦ.
2452 3209 2469 3239 ι
2500 3186 2729 3240 Δύναται
2757 3185 2864 3255 γάρ
2913 3200 2997 3246 τις
3032 3182 3201 3246 δειλὸς
3234 3182 3495 3252 ὑπάρχων
3528 3180 3676 3249 πρὸς

2097 3280 2454 3349 πειρασμοὺς,
2486 3278 2581 3331 καὶ
2627 3275 2862 3346 πόλεμον
2907 3274 3175 3343 δαιμόνων
3219 3270 3535 3344 παραλῦσαι
3566 3270 3673 3343 τὴν

2097 3370 2402 3441 προθυμίαν
2423 3369 2516 3423 τοῦ
2542 3367 2776 3433 εύζώνου
2806 3365 2943 3436 πρὸς
2975 3365 3277 3437 ἀριστείαν.

2813 3462 2973 3513 ΣΟΖ’.

2177 3555 2392 3626 Ἐπειδὴ
2437 3513 2512 3607 οὐὶ
2546 3552 2740 3624 μικρὸν
2787 3552 2954 3606 κακὸν
3007 3552 3121 3614 τοῖς
3172 3549 3296 3619 εἰκῆ
3347 3548 3441 3602 καὶ
3490 3548 3673 3618 μάτην

2097 3646 2425 3718 φλυαροῦσιν
2452 3645 2684 3714 ὑπάρχει
2722 3644 2822 3714 τῆς
2847 3641 3092 3711 γλώττης
3136 3643 3169 3711 ἡ
3200 3639 3300 3703 ὀξύ
3321 3656 3439 3710 της,
3474 3638 3673 3691 τούτου

2095 3737 2257 3808 χάριν
2308 3735 2428 3790 ἀντὶ
2458 3734 2648 3805 θύρας,
2680 3734 2773 3787 καὶ
2805 3731 3000 3802 μοχλοῦ
3027 3730 3124 3802 τὴν
3164 3730 3372 3800 σιωπὴν
3393 3727 3617 3799 τίθησιν
3644 3728 3676 3781 ὁ

2094 3827 2249 3896 ἅγιος
2292 3828 2535 3896 Μωῦσῆς
2564 3842 2578 3855 ⁸
2620 3825 2707 3878 διὰ
2750 3824 2858 3895 γὰρ
2894 3822 3166 3877 τοῦτοδύο
3194 3822 3496 3891 εἰλήφαμεν
3532 3815 3674 3882 ὦτα,

2100 3918 2229 3989 μίαν
2252 3918 2309 3972 δὲ
2342 3916 2612 3985 γλῶσσαν,
2645 3916 2732 3969 ἵνα
2763 3915 2983 3969 πλείονα
3006 3914 3294 3983 ἀκούωμεν
3317 3913 3453 3984 πρὸς
3487 3928 3673 3981 σωτη-

2101 4010 2245 4080 ρίαν,
2279 4009 2423 4079 ῆπερ
2451 4005 2739 4077 λαλοῦμεν,
2782 4005 2871 4059 διὰ
2917 4004 3168 4077 πράξεων
3210 4004 3429 4072 ἀγαθῶν
3469 4003 3675 4074 μᾶλλον

2101 4101 2331 4173 βοῶντες
2359 4140 2375 4165 ,
2433 4100 2525 4152 καὶ
2579 4098 2738 4153 θείων
2800 4096 3260 4168 κατορθωμάτων.
3307 4096 3507 4160 Καλῶς
3579 4093 3677 4152 οὖν

2101 4192 2262 4256 αὐτός
2312 4208 2374 4245 τε
2420 4192 2449 4245 ὁ
2493 4191 2765 4262 Μωῦσῆς,
2802 4192 2896 4243 καὶ
2947 4190 2996 4242 οἱ
3051 4192 3234 4260 ἱερεῖς,
3280 4189 3375 4242 καὶ
3424 4190 3475 4241 οί
3532 4190 3678 4243 Λευ-

2350 4281 2512 4334 παντὶ
2586 4279 2667 4351 τῷ
2738 4279 2953 4350 Ἰσραὴλ
3028 4278 3419 4333 ἀπεστέλλοντο
3486 4277 3678 4346 λέγον-

2107 4392 2198 4438 τες
2243 4389 2257 4403 ·
2315 4391 2335 4425 t
2398 4369 2584 4425 Σιώπα
2612 4411 2628 4435 ,
2698 4371 2915 4442 Ἰσραὴλ
2942 4411 2957 4437 ,
3013 4370 3107 4423 καὶ
3155 4371 3320 4425 ἄκουε
3388 4370 3457 4424 τὰ
3516 4370 3677 4439 λόγια

2108 4466 2336 4538 Κυρίου.
2376 4484 2393 4517 ι

2448 4556 2614 4609 ΣΟΗ’.
2633 4584 2700 4594 -
2717 4553 3013 4624 ΛΕΩΝΙΔῌ
3040 4550 3332 4606 ΚΟΜΗΤΙ.

2194 4648 2255 4703 Ἦ
2289 4647 2438 4719 παρὰ
2478 4647 2587 4710 τοῖς
2618 4645 2850 4715 ἄφροσιν
2882 4644 3106 4714 Ἕλλησι
3154 4644 3315 4714 τύχη,
3350 4644 3444 4697 καὶ
3479 4646 3676 4716 εἱμαρ-

2115 4743 2250 4814 μένη
2300 4737 2847 4811 προσαγορευομένη,
2890 4736 3001 4789 οὔτ’
3033 4732 3101 4807 ἦν
3153 4754 3317 4801 ποτε,
3372 4735 3673 4802 οὔτ’ἒστιν,

2105 4835 2216 4891 οὒτ’
2240 4835 2391 4887 ἔσται
2420 4831 2657 4895 πώποτε,
2697 4830 2833 4899 μήτε
2864 4830 3056 4900 φανείη
3090 4829 3244 4882 ποτέ.
3274 4829 3449 4882 Μόνον
3502 4828 3581 4899 μὴ
3610 4828 3672 4881 σύ

2106 4943 2170 4994 γε
2200 4925 2370 4996 ταύτῃ
2410 4922 2762 4989 ἁνυποστὰτῳ
2815 4918 2948 4990 οῦσῃ
3001 4922 3258 4990 παρέχοις
3301 4921 3398 4989 τὴν
3441 4918 3672 4988 ὓπαρξιν

2109 5015 2475 5082 ἐξακολουθῶν
2498 5015 2561 5067 ὲκ
2588 5009 2905 5084 προλήψεως
2935 5013 3045 5075 τοῖς
3062 5012 3166 5065 τῶν
3201 5013 3443 5083 ἀνοήτων
3481 5012 3670 5083 Ἐλλή-

2110 5128 2217 5164 νων
2248 5110 2386 5181 ληρὴ
2397 5124 2578 5177 μασιν.

2357 5202 2600 5255 ΣΟΘ’.-
2629 5203 2969 5258 ΘᾹΛΛΙΑΝΩ
3004 5199 3423 5270 ΙΛΛΟΥΣΤΡΙῼ.

2183 5294 2398 5364 Ἐτεροι
2425 5292 2523 5364 μὲν
2552 5295 2815 5363 ἐπιταγὰς
2847 5295 3046 5364 μᾶλλον
3075 5292 3229 5364 παρὰ
3257 5290 3503 5363 μοναχῶν
3536 5292 3671 5362 μετὰ

2116 5385 2287 5456 χαρᾶς
2325 5384 2417 5438 καὶ
2448 5385 2752 5457 προθυμίας
2792 5386 3055 5458 δέχονται,
3089 5386 3229 5459 ἤπερ
3268 5384 3663 5439 ὲπιτάσσουσιν.

523 5544 572 5578 ⁷⁵
614 5542 765 5601 loan.
830 5562 911 5613 Ill,
940 5545 1029 5602 2'5.
1103 5548 1149 5580 ’³⁵
1189 5546 1343 5605 Deut.
1385 5567 1478 5619 xx,
1521 5552 1569 5606 8·
1647 5554 1693 5585 ⁷⁵
1719 5536 1887 5609 Deut.
1921 5569 2091 5621 xxvtt,
2124 5557 2177 5612 9.
