  <div class='ocr_page' id='page_1' title='image "/cluster/home/n/w/nwhite01/storage/ocr_20150623/79/nnc1.0038021404/110.png"; bbox 0 0 3850 6218; ppageno 0'>
   <div class='ocr_carea' id='block_1_1' title="bbox 183 203 3464 301">
    <p class='ocr_par' dir='ltr' id='par_1_1' title="bbox 183 203 3464 301">
     <span class='ocr_line' id='line_1_1' title="bbox 183 203 3464 301; baseline 0.014 -31"><span class='ocrx_word' id='word_1_1' title='bbox 183 203 295 274; x_wconf 80' lang='lat'><strong>185</strong></span> <span class='ocrx_word' id='word_1_2' title='bbox 1460 229 1993 295; x_wconf 78' lang='lat' dir='ltr'><strong>EPISTOLARUM</strong></span> <span class='ocrx_word' id='word_1_3' title='bbox 2031 237 2173 295; x_wconf 89' lang='lat' dir='ltr'><strong>LIB.</strong></span> <span class='ocrx_word' id='word_1_4' title='bbox 2216 238 2294 301; x_wconf 64' lang='lat'><strong>1.:</strong></span> <span class='ocrx_word' id='word_1_5' title='bbox 3360 233 3464 299; x_wconf 76' lang='lat'><strong>185</strong></span> 
     </span>
    </p>
   </div>
   <div class='ocr_carea' id='block_1_2' title="bbox 176 318 1763 417">
    <p class='ocr_par' dir='ltr' id='par_1_2' title="bbox 176 318 1763 410">
     <span class='ocr_line' id='line_1_2' title="bbox 176 318 1763 410; baseline 0.013 -37"><span class='ocrx_word' id='word_1_6' title='bbox 176 318 555 378; x_wconf 77' lang='grc' dir='ltr'>Γινὼσκουσι</span> <span class='ocrx_word' id='word_1_7' title='bbox 594 326 703 398; x_wconf 72' lang='grc' dir='ltr'>γὰρ</span> <span class='ocrx_word' id='word_1_8' title='bbox 726 328 843 401; x_wconf 84' lang='grc' dir='ltr'><strong>Θεῷ</strong></span> <span class='ocrx_word' id='word_1_9' title='bbox 872 330 1261 398; x_wconf 74' lang='grc' dir='ltr'><strong>ὑπακούοντες,</strong></span> <span class='ocrx_word' id='word_1_10' title='bbox 1293 336 1393 391; x_wconf 69' lang='grc' dir='ltr'>καὶ</span> <span class='ocrx_word' id='word_1_11' title='bbox 1414 338 1532 407; x_wconf 79' lang='grc' dir='ltr'><strong>Θεῷ</strong></span> <span class='ocrx_word' id='word_1_12' title='bbox 1563 338 1661 410; x_wconf 74' lang='grc' dir='ltr'>τὴν</span> <span class='ocrx_word' id='word_1_13' title='bbox 1695 339 1763 410; x_wconf 89' lang='grc' dir='ltr'><strong>χά</strong></span> 
     </span>
    </p>
   </div>
   <div class='ocr_carea' id='block_1_3' title="bbox 1895 318 3466 417">
    <p class='ocr_par' dir='ltr' id='par_1_3' title="bbox 1898 344 3466 417">
     <span class='ocr_line' id='line_1_3' title="bbox 1898 344 3466 417; baseline 0 -22"><span class='ocrx_word' id='word_1_14' title='bbox 1898 344 2073 413; x_wconf 91' lang='lat' dir='ltr'><strong>piant.</strong></span> <span class='ocrx_word' id='word_1_15' title='bbox 2109 348 2178 400; x_wconf 84' lang='lat' dir='ltr'><strong>Se</strong></span> <span class='ocrx_word' id='word_1_16' title='bbox 2206 348 2411 417; x_wconf 88' lang='lat' dir='ltr'><strong>quippe</strong></span> <span class='ocrx_word' id='word_1_17' title='bbox 2447 347 2561 403; x_wconf 90' lang='lat' dir='ltr'><strong>Deo</strong></span> <span class='ocrx_word' id='word_1_18' title='bbox 2586 346 2811 401; x_wconf 81' lang='lat' dir='ltr'><strong>obedire</strong></span> <span class='ocrx_word' id='word_1_19' title='bbox 2856 354 3233 416; x_wconf 72' lang='lat' dir='ltr'><strong>cognoscunt,</strong></span> <span class='ocrx_word' id='word_1_20' title='bbox 3262 354 3315 398; x_wconf 84' lang='lat' dir='ltr'><strong>et</strong></span> <span class='ocrx_word' id='word_1_21' title='bbox 3354 344 3466 396; x_wconf 75' lang='lat' dir='ltr'><strong>heu</strong></span> 
     </span>
    </p>
   </div>
   <div class='ocr_carea' id='block_1_4' title="bbox 176 421 1763 507">
    <p class='ocr_par' dir='ltr' id='par_1_4' title="bbox 176 421 1763 507">
     <span class='ocr_line' id='line_1_4' title="bbox 176 421 1763 507; baseline 0.011 -42"><span class='ocrx_word' id='word_1_22' title='bbox 295 421 690 488; x_wconf 71' lang='grc' dir='ltr'>παρέχοντες,</span> <span class='ocrx_word' id='word_1_23' title='bbox 720 424 813 476; x_wconf 81' lang='grc' dir='ltr'>καὶ</span> <span class='ocrx_word' id='word_1_24' title='bbox 832 426 1266 497; x_wconf 83' lang='grc' dir='ltr'>τιμηθησόμενοι</span> <span class='ocrx_word' id='word_1_25' title='bbox 1300 430 1453 501; x_wconf 79' lang='grc' dir='ltr'>παρὰ</span> <span class='ocrx_word' id='word_1_26' title='bbox 1491 430 1626 483; x_wconf 82' lang='grc' dir='ltr'>Θεοῦ</span> <span class='ocrx_word' id='word_1_27' title='bbox 1676 448 1763 484; x_wconf 69' lang='grc' dir='ltr'><strong>και</strong></span> 
     </span>
    </p>
   </div>
   <div class='ocr_carea' id='block_1_5' title="bbox 1895 421 3466 507">
    <p class='ocr_par' dir='ltr' id='par_1_5' title="bbox 1902 435 3466 507">
     <span class='ocr_line' id='line_1_5' title="bbox 1902 435 3466 507; baseline -0.003 -19"><span class='ocrx_word' id='word_1_28' title='bbox 1902 436 2105 505; x_wconf 77' lang='lat' dir='ltr'><strong>gratias</strong></span> <span class='ocrx_word' id='word_1_29' title='bbox 2140 447 2344 507; x_wconf 80' lang='lat' dir='ltr'><strong>agunt,</strong></span> <span class='ocrx_word' id='word_1_30' title='bbox 2390 446 2443 493; x_wconf 88' lang='lat' dir='ltr'><strong>et</strong></span> <span class='ocrx_word' id='word_1_31' title='bbox 2483 446 2739 504; x_wconf 88' lang='lat' dir='ltr'><strong>tanquam</strong></span> <span class='ocrx_word' id='word_1_32' title='bbox 2783 454 2812 490; x_wconf 91' lang='lat' dir='ltr'><strong>a</strong></span> <span class='ocrx_word' id='word_1_33' title='bbox 2862 436 2971 491; x_wconf 86' lang='lat' dir='ltr'><strong>Deo</strong></span> <span class='ocrx_word' id='word_1_34' title='bbox 3018 435 3318 489; x_wconf 75' lang='lat' dir='ltr'><strong>honorandi</strong></span> <span class='ocrx_word' id='word_1_35' title='bbox 3368 452 3466 502; x_wconf 83' lang='lat' dir='ltr'><strong>pro</strong></span> 
     </span>
    </p>
   </div>
   <div class='ocr_carea' id='block_1_6' title="bbox 170 503 1763 601">
    <p class='ocr_par' dir='ltr' id='par_1_6' title="bbox 170 503 1763 601">
     <span class='ocr_line' id='line_1_6' title="bbox 170 503 1763 601; baseline 0.013 -45"><span class='ocrx_word' id='word_1_36' title='bbox 170 503 352 569; x_wconf 72' lang='grc' dir='ltr'>ἀξίαν</span> <span class='ocrx_word' id='word_1_37' title='bbox 392 509 700 601; x_wconf 73' lang='grc' dir='ltr'>τιμῶντες.</span> <span class='ocrx_word' id='word_1_38' title='bbox 731 513 801 565; x_wconf 81' lang='grc' dir='ltr'>Σὺ</span> <span class='ocrx_word' id='word_1_39' title='bbox 844 514 902 567; x_wconf 86' lang='grc' dir='ltr'>δὲ</span> <span class='ocrx_word' id='word_1_40' title='bbox 932 519 1050 581; x_wconf 84' lang='grc' dir='ltr'>ταῖς</span> <span class='ocrx_word' id='word_1_41' title='bbox 1083 517 1329 589; x_wconf 82' lang='grc' dir='ltr'><strong>βαρείαις</strong></span> <span class='ocrx_word' id='word_1_42' title='bbox 1360 522 1645 588; x_wconf 72' lang='grc' dir='ltr'><strong>ἐπιταγαῖς</strong></span> <span class='ocrx_word' id='word_1_43' title='bbox 1692 540 1763 576; x_wconf 88' lang='grc' dir='ltr'><strong>κα</strong></span> 
     </span>
    </p>
   </div>
   <div class='ocr_carea' id='block_1_7' title="bbox 1895 503 3465 601">
    <p class='ocr_par' dir='ltr' id='par_1_7' title="bbox 1898 527 3465 601">
     <span class='ocr_line' id='line_1_7' title="bbox 1898 527 3465 601; baseline -0.003 -20"><span class='ocrx_word' id='word_1_44' title='bbox 1898 527 2293 601; x_wconf 77' lang='lat' dir='ltr'><strong>dignitateeos</strong></span> <span class='ocrx_word' id='word_1_45' title='bbox 2325 529 2618 583; x_wconf 85' lang='lat' dir='ltr'><strong>honorant.</strong></span> <span class='ocrx_word' id='word_1_46' title='bbox 2665 531 2732 581; x_wconf 87' lang='lat' dir='ltr'><strong>At</strong></span> <span class='ocrx_word' id='word_1_47' title='bbox 2774 537 2829 581; x_wconf 88' lang='lat' dir='ltr'><strong>tu</strong></span> <span class='ocrx_word' id='word_1_48' title='bbox 2876 527 3165 598; x_wconf 79' lang='lat' dir='ltr'><strong>pra-ceptis</strong></span> <span class='ocrx_word' id='word_1_49' title='bbox 3207 528 3465 596; x_wconf 74' lang='lat' dir='ltr'><strong>gravibus</strong></span> 
     </span>
    </p>
   </div>
   <div class='ocr_carea' id='block_1_8' title="bbox 164 599 1763 691">
    <p class='ocr_par' dir='ltr' id='par_1_8' title="bbox 164 599 1759 691">
     <span class='ocr_line' id='line_1_8' title="bbox 164 599 1759 691; baseline 0.013 -45"><span class='ocrx_word' id='word_1_50' title='bbox 164 599 569 691; x_wconf 66' lang='grc' dir='ltr'>ταφορτίζεις</span> <span class='ocrx_word' id='word_1_51' title='bbox 603 603 728 666; x_wconf 79' lang='grc' dir='ltr'>τοὺς</span> <span class='ocrx_word' id='word_1_52' title='bbox 770 607 1167 677; x_wconf 83' lang='grc' dir='ltr'>παροικοῦντας</span> <span class='ocrx_word' id='word_1_53' title='bbox 1194 613 1260 682; x_wconf 83' lang='grc' dir='ltr'>τῇ</span> <span class='ocrx_word' id='word_1_54' title='bbox 1294 610 1457 685; x_wconf 77' lang='grc' dir='ltr'>κώμῃ</span> <span class='ocrx_word' id='word_1_55' title='bbox 1491 630 1584 665; x_wconf 90' lang='grc' dir='ltr'><strong>σου</strong></span> <span class='ocrx_word' id='word_1_56' title='bbox 1617 613 1759 684; x_wconf 86' lang='grc' dir='ltr'>ἁσκη</span> 
     </span>
    </p>
   </div>
   <div class='ocr_carea' id='block_1_9' title="bbox 1895 599 3465 691">
    <p class='ocr_par' dir='ltr' id='par_1_9' title="bbox 1903 599 3465 691">
     <span class='ocr_line' id='line_1_9' title="bbox 1903 599 3465 691; baseline -0.007 -14"><span class='ocrx_word' id='word_1_57' title='bbox 1903 620 2063 691; x_wconf 50' lang='lat' dir='ltr'><strong>IonI</strong></span> <span class='ocrx_word' id='word_1_58' title='bbox 2099 599 2335 683; x_wconf 85' lang='lat' dir='ltr'><strong>ascetas,</strong></span> <span class='ocrx_word' id='word_1_59' title='bbox 2385 621 2479 691; x_wconf 91' lang='lat' dir='ltr'><strong>qui</strong></span> <span class='ocrx_word' id='word_1_60' title='bbox 2525 624 2673 676; x_wconf 84' lang='lat' dir='ltr'><strong>circa</strong></span> <span class='ocrx_word' id='word_1_61' title='bbox 2724 629 2876 674; x_wconf 91' lang='lat' dir='ltr'><strong>tuum</strong></span> <span class='ocrx_word' id='word_1_62' title='bbox 2936 620 3195 689; x_wconf 82' lang='lat' dir='ltr'><strong>Oppidum</strong></span> <span class='ocrx_word' id='word_1_63' title='bbox 3240 618 3465 686; x_wconf 83' lang='lat' dir='ltr'><strong>degunt,</strong></span> 
     </span>
    </p>
   </div>
   <div class='ocr_carea' id='block_1_10' title="bbox 166 685 1763 783">
    <p class='ocr_par' dir='ltr' id='par_1_10' title="bbox 166 685 1763 774">
     <span class='ocr_line' id='line_1_10' title="bbox 166 685 1763 774; baseline 0.013 -36"><span class='ocrx_word' id='word_1_64' title='bbox 166 685 283 750; x_wconf 68' lang='grc' dir='ltr'><strong>τὰς</strong></span> <span class='ocrx_word' id='word_1_65' title='bbox 320 690 605 763; x_wconf 74' lang='grc' dir='ltr'>καθάπερ</span> <span class='ocrx_word' id='word_1_66' title='bbox 636 695 960 764; x_wconf 81' lang='grc' dir='ltr'>ἀνδράποδα.</span> <span class='ocrx_word' id='word_1_67' title='bbox 1011 700 1121 753; x_wconf 79' lang='grc' dir='ltr'><strong>Καὶ</strong></span> <span class='ocrx_word' id='word_1_68' title='bbox 1150 701 1266 765; x_wconf 83' lang='grc' dir='ltr'>πῶς</span> <span class='ocrx_word' id='word_1_69' title='bbox 1309 719 1368 755; x_wconf 91' lang='grc' dir='ltr'><strong>σε</strong></span> <span class='ocrx_word' id='word_1_70' title='bbox 1401 702 1613 758; x_wconf 82' lang='grc' dir='ltr'><strong>καλέσω</strong></span> <span class='ocrx_word' id='word_1_71' title='bbox 1643 704 1763 774; x_wconf 83' lang='grc' dir='ltr'>φιλό</span> 
     </span>
    </p>
   </div>
   <div class='ocr_carea' id='block_1_11' title="bbox 1895 685 3467 783">
    <p class='ocr_par' dir='ltr' id='par_1_11' title="bbox 1898 685 3467 783">
     <span class='ocr_line' id='line_1_11' title="bbox 1898 685 3467 783; baseline -0.002 -19"><span class='ocrx_word' id='word_1_72' title='bbox 1898 685 2068 765; x_wconf 46' lang='lat' dir='ltr'><strong>veluti</strong></span> <span class='ocrx_word' id='word_1_73' title='bbox 2102 685 2691 782; x_wconf 45' lang='lat' dir='ltr'><strong>niancipia,-molestus</strong></span> <span class='ocrx_word' id='word_1_74' title='bbox 2742 685 3063 783; x_wconf 31' lang='lat' dir='ltr'><strong>fatigaSalét</strong></span> <span class='ocrx_word' id='word_1_75' title='bbox 3095 711 3369 782; x_wconf 84' lang='lat' dir='ltr'><strong>quomodo</strong></span> <span class='ocrx_word' id='word_1_76' title='bbox 3413 717 3467 762; x_wconf 90' lang='lat' dir='ltr'><strong>te</strong></span> 
     </span>
    </p>
   </div>
   <div class='ocr_carea' id='block_1_12' title="bbox 166 795 1763 870">
    <p class='ocr_par' dir='ltr' id='par_1_12' title="bbox 166 795 477 847">
     <span class='ocr_line' id='line_1_12' title="bbox 166 795 477 847; baseline -0.003 0"><span class='ocrx_word' id='word_1_77' title='bbox 166 795 436 847; x_wconf 61' lang='lat' dir='ltr'><strong>1mm</strong></span> <span class='ocrx_word' id='word_1_78' title='bbox 459 799 477 846; x_wconf 88' lang='grc'><strong>;</strong></span> 
     </span>
    </p>
   </div>
   <div class='ocr_carea' id='block_1_13' title="bbox 1895 795 2811 870">
    <p class='ocr_par' dir='ltr' id='par_1_13' title="bbox 1897 799 2811 870">
     <span class='ocr_line' id='line_1_13' title="bbox 1897 799 2811 870; baseline 0.001 -16"><span class='ocrx_word' id='word_1_79' title='bbox 1897 799 2103 855; x_wconf 88' lang='lat' dir='ltr'><strong>Christi</strong></span> <span class='ocrx_word' id='word_1_80' title='bbox 2130 810 2407 855; x_wconf 76' lang='lat' dir='ltr'><strong>amantem</strong></span> <span class='ocrx_word' id='word_1_81' title='bbox 2430 801 2811 870; x_wconf 86' lang='lat' dir='ltr'><strong>compellabo?</strong></span> 
     </span>
    </p>
   </div>
   <div class='ocr_carea' id='block_1_14' title="bbox 534 876 1763 959">
    <p class='ocr_par' dir='ltr' id='par_1_14' title="bbox 534 876 1473 959">
     <span class='ocr_line' id='line_1_14' title="bbox 534 876 1473 959; baseline 0.017 -31"><span class='ocrx_word' id='word_1_82' title='bbox 534 876 660 957; x_wconf 59' lang='lat' dir='ltr'><strong>sua</strong></span> <span class='ocrx_word' id='word_1_83' title='bbox 690 906 760 918; x_wconf 94' lang='lat'><strong>—</strong></span> <span class='ocrx_word' id='word_1_84' title='bbox 783 878 1116 954; x_wconf 73' lang='grc' dir='ltr'><strong>ΦΕΒΡΔΡΙῼ</strong></span> <span class='ocrx_word' id='word_1_85' title='bbox 1156 885 1473 959; x_wconf 78' lang='grc' dir='ltr'><strong>ΔΙΑΚΟΝῼ.</strong></span> 
     </span>
    </p>
   </div>
   <div class='ocr_carea' id='block_1_15' title="bbox 1895 876 3257 959">
    <p class='ocr_par' dir='ltr' id='par_1_15' title="bbox 2094 887 3257 947">
     <span class='ocr_line' id='line_1_15' title="bbox 2094 887 3257 947; baseline 0 -2"><span class='ocrx_word' id='word_1_86' title='bbox 2094 891 2395 947; x_wconf 71' lang='lat' dir='ltr'><strong>CCLXXX.</strong></span> <span class='ocrx_word' id='word_1_87' title='bbox 2438 923 2507 934; x_wconf 95' lang='lat'>—</span> <span class='ocrx_word' id='word_1_88' title='bbox 2548 889 2898 945; x_wconf 78' lang='lat' dir='ltr'><strong>FEBRARIO</strong></span> <span class='ocrx_word' id='word_1_89' title='bbox 2936 887 3257 945; x_wconf 77' lang='lat' dir='ltr'><strong>DIACONO.</strong></span> 
     </span>
    </p>
   </div>
   <div class='ocr_carea' id='block_1_16' title="bbox 246 962 1795 1053">
    <p class='ocr_par' dir='ltr' id='par_1_16' title="bbox 246 962 1795 1053">
     <span class='ocr_line' id='line_1_16' title="bbox 246 962 1795 1053; baseline 0.014 -38"><span class='ocrx_word' id='word_1_90' title='bbox 246 962 365 1035; x_wconf 73' lang='grc' dir='ltr'><strong>Μὴ</strong></span> <span class='ocrx_word' id='word_1_91' title='bbox 404 964 478 1018; x_wconf 76' lang='grc' dir='ltr'>τὰ</span> <span class='ocrx_word' id='word_1_92' title='bbox 512 966 692 1039; x_wconf 81' lang='grc' dir='ltr'>πλάτη</span> <span class='ocrx_word' id='word_1_93' title='bbox 714 968 808 1021; x_wconf 75' lang='grc' dir='ltr'>τοῦ</span> <span class='ocrx_word' id='word_1_94' title='bbox 847 969 963 1039; x_wconf 85' lang='grc' dir='ltr'>βίου</span> <span class='ocrx_word' id='word_1_95' title='bbox 986 972 1181 1043; x_wconf 88' lang='grc' dir='ltr'>λίχνως</span> <span class='ocrx_word' id='word_1_96' title='bbox 1209 994 1298 1047; x_wconf 88' lang='grc' dir='ltr'><strong>μοι</strong></span> <span class='ocrx_word' id='word_1_97' title='bbox 1327 981 1631 1051; x_wconf 79' lang='grc' dir='ltr'>περιζήτει·</span> <span class='ocrx_word' id='word_1_98' title='bbox 1660 982 1795 1053; x_wconf 75' lang='grc' dir='ltr'>μᾶλ-</span> 
     </span>
    </p>
   </div>
   <div class='ocr_carea' id='block_1_17' title="bbox 166 1053 1792 1144">
    <p class='ocr_par' dir='ltr' id='par_1_17' title="bbox 166 1053 1792 1144">
     <span class='ocr_line' id='line_1_17' title="bbox 166 1053 1792 1144; baseline 0.013 -37"><span class='ocrx_word' id='word_1_99' title='bbox 166 1053 276 1108; x_wconf 77' lang='grc' dir='ltr'><strong>λον</strong></span> <span class='ocrx_word' id='word_1_100' title='bbox 315 1057 391 1109; x_wconf 79' lang='grc' dir='ltr'>δὲ</span> <span class='ocrx_word' id='word_1_101' title='bbox 418 1059 524 1128; x_wconf 78' lang='grc' dir='ltr'>τὴν</span> <span class='ocrx_word' id='word_1_102' title='bbox 572 1060 789 1130; x_wconf 84' lang='grc' dir='ltr'>στενὴν,</span> <span class='ocrx_word' id='word_1_103' title='bbox 820 1064 915 1116; x_wconf 79' lang='grc' dir='ltr'>καὶ</span> <span class='ocrx_word' id='word_1_104' title='bbox 964 1066 1338 1140; x_wconf 85' lang='grc' dir='ltr'>τεθλιμμένην</span> <span class='ocrx_word' id='word_1_105' title='bbox 1385 1072 1627 1142; x_wconf 78' lang='grc' dir='ltr'>ἀτραπὸν</span> <span class='ocrx_word' id='word_1_106' title='bbox 1683 1091 1792 1144; x_wconf 73' lang='grc' dir='ltr'><strong>μα⁴</strong></span> 
     </span>
    </p>
   </div>
   <div class='ocr_carea' id='block_1_18' title="bbox 172 1146 781 1222">
    <p class='ocr_par' dir='ltr' id='par_1_18' title="bbox 172 1146 781 1222">
     <span class='ocr_line' id='line_1_18' title="bbox 172 1146 781 1222; baseline 0.008 -22"><span class='ocrx_word' id='word_1_107' title='bbox 172 1146 424 1202; x_wconf 70' lang='grc' dir='ltr'>στεύειν</span> <span class='ocrx_word' id='word_1_108' title='bbox 458 1149 781 1222; x_wconf 84' lang='grc' dir='ltr'>βουλήθητι.</span> 
     </span>
    </p>
   </div>
   <div class='ocr_carea' id='block_1_19' title="bbox 493 1243 1520 1321">
    <p class='ocr_par' dir='ltr' id='par_1_19' title="bbox 493 1243 1520 1321">
     <span class='ocr_line' id='line_1_19' title="bbox 493 1243 1520 1321; baseline 0.011 -27"><span class='ocrx_word' id='word_1_109' title='bbox 493 1243 757 1299; x_wconf 78' lang='grc' dir='ltr'><strong>ΣΗΑ’.-</strong></span> <span class='ocrx_word' id='word_1_110' title='bbox 787 1245 1014 1319; x_wconf 77' lang='grc' dir='ltr'><strong>ΙΛΑΡῙῼ</strong></span> <span class='ocrx_word' id='word_1_111' title='bbox 1051 1248 1520 1321; x_wconf 66' lang='grc' dir='ltr'><strong>ΠΡΕΣΒΥΤΕΡᾷ.</strong></span> 
     </span>
    </p>
   </div>
   <div class='ocr_carea' id='block_1_20' title="bbox 249 1331 1791 1417">
    <p class='ocr_par' dir='ltr' id='par_1_20' title="bbox 249 1331 1791 1417">
     <span class='ocr_line' id='line_1_20' title="bbox 249 1331 1791 1417; baseline 0.009 -32"><span class='ocrx_word' id='word_1_112' title='bbox 249 1331 453 1388; x_wconf 83' lang='grc' dir='ltr'>Ὀταν</span> <span class='ocrx_word' id='word_1_113' title='bbox 482 1333 724 1406; x_wconf 81' lang='grc' dir='ltr'><strong>δυνηθῇς</strong></span> <span class='ocrx_word' id='word_1_114' title='bbox 773 1337 866 1390; x_wconf 82' lang='grc' dir='ltr'>δύο</span> <span class='ocrx_word' id='word_1_115' title='bbox 918 1339 1090 1409; x_wconf 82' lang='grc' dir='ltr'>μῆνας</span> <span class='ocrx_word' id='word_1_116' title='bbox 1137 1341 1293 1411; x_wconf 80' lang='grc' dir='ltr'>εὐχῇ,</span> <span class='ocrx_word' id='word_1_117' title='bbox 1330 1342 1425 1397; x_wconf 77' lang='grc' dir='ltr'>καὶ</span> <span class='ocrx_word' id='word_1_118' title='bbox 1476 1346 1546 1416; x_wconf 75' lang='grc' dir='ltr'>τῇ</span> <span class='ocrx_word' id='word_1_119' title='bbox 1590 1346 1791 1417; x_wconf 62' lang='grc' dir='ltr'>ήσυχίᾳ.</span> 
     </span>
    </p>
   </div>
   <div class='ocr_carea' id='block_1_21' title="bbox 166 1429 1790 1506">
    <p class='ocr_par' dir='ltr' id='par_1_21' title="bbox 166 1429 1790 1506">
     <span class='ocr_line' id='line_1_21' title="bbox 166 1429 1790 1506; baseline 0.01 -31"><span class='ocrx_word' id='word_1_120' title='bbox 166 1431 720 1499; x_wconf 73' lang='grc' dir='ltr'><strong>προσκαρτερῆσαι,</strong></span> <span class='ocrx_word' id='word_1_121' title='bbox 753 1429 875 1482; x_wconf 89' lang='grc' dir='ltr'>τότε</span> <span class='ocrx_word' id='word_1_122' title='bbox 906 1432 1009 1485; x_wconf 78' lang='grc' dir='ltr'>κᾶν</span> <span class='ocrx_word' id='word_1_123' title='bbox 1029 1432 1198 1504; x_wconf 78' lang='grc' dir='ltr'>δνυχά</span> <span class='ocrx_word' id='word_1_124' title='bbox 1226 1435 1328 1488; x_wconf 85' lang='grc' dir='ltr'>πού</span> <span class='ocrx_word' id='word_1_125' title='bbox 1352 1452 1493 1501; x_wconf 85' lang='grc' dir='ltr'>τινα,</span> <span class='ocrx_word' id='word_1_126' title='bbox 1525 1436 1559 1506; x_wconf 82' lang='grc' dir='ltr'>ἢ</span> <span class='ocrx_word' id='word_1_127' title='bbox 1589 1454 1790 1505; x_wconf 65' lang='grc' dir='ltr'>φαντα-</span> 
     </span>
    </p>
   </div>
   <div class='ocr_carea' id='block_1_22' title="bbox 170 1515 1763 1609">
    <p class='ocr_par' dir='ltr' id='par_1_22' title="bbox 170 1515 1763 1599">
     <span class='ocr_line' id='line_1_22' title="bbox 170 1515 1763 1599; baseline 0.009 -33"><span class='ocrx_word' id='word_1_128' title='bbox 170 1515 320 1568; x_wconf 75' lang='grc' dir='ltr'>σίαν</span> <span class='ocrx_word' id='word_1_129' title='bbox 361 1520 576 1590; x_wconf 85' lang='grc' dir='ltr'>μικράν</span> <span class='ocrx_word' id='word_1_130' title='bbox 610 1538 738 1576; x_wconf 87' lang='grc' dir='ltr'>τινα</span> <span class='ocrx_word' id='word_1_131' title='bbox 775 1523 835 1577; x_wconf 84' lang='grc' dir='ltr'>ὲν</span> <span class='ocrx_word' id='word_1_132' title='bbox 863 1525 940 1594; x_wconf 82' lang='grc' dir='ltr'>νῷ</span> <span class='ocrx_word' id='word_1_133' title='bbox 970 1524 1153 1581; x_wconf 86' lang='grc' dir='ltr'>λαϐεῖν</span> <span class='ocrx_word' id='word_1_134' title='bbox 1174 1527 1378 1599; x_wconf 79' lang='grc' dir='ltr'><strong>δυνήσῃ</strong></span> <span class='ocrx_word' id='word_1_135' title='bbox 1403 1529 1503 1598; x_wconf 82' lang='grc' dir='ltr'>τῆς</span> <span class='ocrx_word' id='word_1_136' title='bbox 1529 1530 1763 1583; x_wconf 68' lang='grc' dir='ltr'>ἐπιπόνοι</span> 
     </span>
    </p>
   </div>
   <div class='ocr_carea' id='block_1_23' title="bbox 1895 1515 3467 1609">
    <p class='ocr_par' dir='ltr' id='par_1_23' title="bbox 1895 1533 3467 1609">
     <span class='ocr_line' id='line_1_23' title="bbox 1895 1533 3467 1609; baseline -0.002 -18"><span class='ocrx_word' id='word_1_137' title='bbox 1895 1536 2075 1591; x_wconf 86' lang='lat' dir='ltr'><strong>sillam</strong></span> <span class='ocrx_word' id='word_1_138' title='bbox 2121 1538 2411 1607; x_wconf 75' lang='lat' dir='ltr'><strong>imaginem</strong></span> <span class='ocrx_word' id='word_1_139' title='bbox 2442 1540 2731 1595; x_wconf 64' lang='lat' dir='ltr'><strong>laboriosae</strong></span> <span class='ocrx_word' id='word_1_140' title='bbox 2767 1537 3061 1609; x_wconf 66' lang='lat' dir='ltr'><strong>patientiae.</strong></span> <span class='ocrx_word' id='word_1_141' title='bbox 3090 1544 3143 1591; x_wconf 90' lang='lat' dir='ltr'><strong>et</strong></span> <span class='ocrx_word' id='word_1_142' title='bbox 3170 1533 3467 1590; x_wconf 81' lang='lat' dir='ltr'><strong>sudoribus</strong></span> 
     </span>
    </p>
   </div>
   <div class='ocr_carea' id='block_1_24' title="bbox 166 1610 1763 1699">
    <p class='ocr_par' dir='ltr' id='par_1_24' title="bbox 166 1610 1763 1691">
     <span class='ocr_line' id='line_1_24' title="bbox 166 1610 1763 1691; baseline 0.01 -31"><span class='ocrx_word' id='word_1_143' title='bbox 166 1610 566 1679; x_wconf 79' lang='grc' dir='ltr'>τληπαθείας,</span> <span class='ocrx_word' id='word_1_144' title='bbox 598 1614 693 1668; x_wconf 78' lang='grc' dir='ltr'>καὶ</span> <span class='ocrx_word' id='word_1_145' title='bbox 720 1615 821 1686; x_wconf 87' lang='grc' dir='ltr'>τῆς</span> <span class='ocrx_word' id='word_1_146' title='bbox 840 1616 1183 1689; x_wconf 84' lang='grc' dir='ltr'>πολυμόχθου</span> <span class='ocrx_word' id='word_1_147' title='bbox 1225 1619 1520 1691; x_wconf 82' lang='grc' dir='ltr'><strong>διαγωγῆς,</strong></span> <span class='ocrx_word' id='word_1_148' title='bbox 1554 1622 1661 1676; x_wconf 81' lang='grc' dir='ltr'>τῶν</span> <span class='ocrx_word' id='word_1_149' title='bbox 1700 1623 1763 1679; x_wconf 81' lang='grc' dir='ltr'><strong>διι</strong></span> 
     </span>
    </p>
   </div>
   <div class='ocr_carea' id='block_1_25' title="bbox 1895 1610 3467 1699">
    <p class='ocr_par' dir='ltr' id='par_1_25' title="bbox 1895 1629 3467 1699">
     <span class='ocr_line' id='line_1_25' title="bbox 1895 1629 3467 1699; baseline -0.003 -16"><span class='ocrx_word' id='word_1_150' title='bbox 1895 1629 2150 1683; x_wconf 59' lang='lat' dir='ltr'><strong>obnoxiae</strong></span> <span class='ocrx_word' id='word_1_151' title='bbox 2188 1632 2331 1694; x_wconf 69' lang='lat' dir='ltr'><strong>vitae,</strong></span> <span class='ocrx_word' id='word_1_152' title='bbox 2377 1638 2431 1685; x_wconf 92' lang='lat' dir='ltr'><strong>et</strong></span> <span class='ocrx_word' id='word_1_153' title='bbox 2480 1632 2713 1685; x_wconf 88' lang='lat' dir='ltr'><strong>instituti</strong></span> <span class='ocrx_word' id='word_1_154' title='bbox 2749 1647 2961 1691; x_wconf 87' lang='lat' dir='ltr'><strong>eorum,</strong></span> <span class='ocrx_word' id='word_1_155' title='bbox 3009 1629 3103 1699; x_wconf 88' lang='lat' dir='ltr'><strong>qui</strong></span> <span class='ocrx_word' id='word_1_156' title='bbox 3150 1644 3246 1699; x_wconf 90' lang='lat' dir='ltr'><strong>per</strong></span> <span class='ocrx_word' id='word_1_157' title='bbox 3289 1635 3467 1682; x_wconf 89' lang='lat' dir='ltr'><strong>totum</strong></span> 
     </span>
    </p>
   </div>
   <div class='ocr_carea' id='block_1_26' title="bbox 166 1701 1763 1793">
    <p class='ocr_par' dir='ltr' id='par_1_26' title="bbox 166 1701 1763 1785">
     <span class='ocr_line' id='line_1_26' title="bbox 166 1701 1763 1785; baseline 0.011 -34"><span class='ocrx_word' id='word_1_158' title='bbox 166 1701 386 1771; x_wconf 71' lang='grc' dir='ltr'>πάσης</span> <span class='ocrx_word' id='word_1_159' title='bbox 410 1704 513 1773; x_wconf 83' lang='grc' dir='ltr'>τῆς</span> <span class='ocrx_word' id='word_1_160' title='bbox 539 1704 691 1775; x_wconf 79' lang='grc' dir='ltr'>ζωῆς</span> <span class='ocrx_word' id='word_1_161' title='bbox 721 1710 1164 1779; x_wconf 87' lang='grc' dir='ltr'>προσανεχόντων</span> <span class='ocrx_word' id='word_1_162' title='bbox 1217 1711 1292 1783; x_wconf 84' lang='grc' dir='ltr'>τῷ</span> <span class='ocrx_word' id='word_1_163' title='bbox 1324 1713 1548 1785; x_wconf 88' lang='grc' dir='ltr'>μονήρει</span> <span class='ocrx_word' id='word_1_164' title='bbox 1577 1714 1763 1769; x_wconf 78' lang='grc' dir='ltr'>κανόνι</span> 
     </span>
    </p>
   </div>
   <div class='ocr_carea' id='block_1_27' title="bbox 1895 1701 3467 1793">
    <p class='ocr_par' dir='ltr' id='par_1_27' title="bbox 1895 1719 3467 1793">
     <span class='ocr_line' id='line_1_27' title="bbox 1895 1719 3467 1793; baseline 0 -20"><span class='ocrx_word' id='word_1_165' title='bbox 1895 1720 2013 1773; x_wconf 70' lang='lat' dir='ltr'><strong>vita:</strong></span> <span class='ocrx_word' id='word_1_166' title='bbox 2036 1720 2274 1791; x_wconf 87' lang='lat' dir='ltr'><strong>spatium</strong></span> <span class='ocrx_word' id='word_1_167' title='bbox 2305 1723 2623 1777; x_wconf 77' lang='lat' dir='ltr'><strong>monasticae</strong></span> <span class='ocrx_word' id='word_1_168' title='bbox 2647 1723 2866 1793; x_wconf 68' lang='lat' dir='ltr'><strong>regulae,</strong></span> <span class='ocrx_word' id='word_1_169' title='bbox 2894 1730 2950 1776; x_wconf 85' lang='lat' dir='ltr'><strong>et</strong></span> <span class='ocrx_word' id='word_1_170' title='bbox 2974 1721 3041 1774; x_wconf 87' lang='lat' dir='ltr'><strong>ab</strong></span> <span class='ocrx_word' id='word_1_171' title='bbox 3064 1720 3210 1775; x_wconf 90' lang='lat' dir='ltr'><strong>omni</strong></span> <span class='ocrx_word' id='word_1_172' title='bbox 3237 1719 3467 1788; x_wconf 79' lang='lat' dir='ltr'><strong>strepitu</strong></span> 
     </span>
    </p>
   </div>
   <div class='ocr_carea' id='block_1_28' title="bbox 172 1793 1763 1883">
    <p class='ocr_par' dir='ltr' id='par_1_28' title="bbox 172 1793 772 1870">
     <span class='ocr_line' id='line_1_28' title="bbox 172 1793 772 1870; baseline 0.01 -25"><span class='ocrx_word' id='word_1_173' title='bbox 172 1793 291 1846; x_wconf 72' lang='grc' dir='ltr'>καὶ</span> <span class='ocrx_word' id='word_1_174' title='bbox 328 1797 398 1865; x_wconf 78' lang='grc' dir='ltr'>τῇ</span> <span class='ocrx_word' id='word_1_175' title='bbox 426 1797 772 1870; x_wconf 81' lang='grc' dir='ltr'>ἁκτυπησίᾳ.</span> 
     </span>
    </p>
   </div>
   <div class='ocr_carea' id='block_1_29' title="bbox 1895 1793 3285 1883">
    <p class='ocr_par' dir='ltr' id='par_1_29' title="bbox 1895 1810 3285 1883">
     <span class='ocr_line' id='line_1_29' title="bbox 1895 1810 3285 1883; baseline -0.001 -18"><span class='ocrx_word' id='word_1_176' title='bbox 1895 1826 2071 1867; x_wconf 65' lang='lat' dir='ltr'><strong>vacuae</strong></span> <span class='ocrx_word' id='word_1_177' title='bbox 2103 1812 2273 1883; x_wconf 87' lang='lat' dir='ltr'><strong>quieti</strong></span> <span class='ocrx_word' id='word_1_178' title='bbox 2307 1813 2662 1872; x_wconf 87' lang='lat' dir='ltr'><strong>addicuntur.</strong></span> <span class='ocrx_word' id='word_1_179' title='bbox 2692 1828 3027 1882; x_wconf 74' lang='lat' dir='ltr'><strong>cognoscere</strong></span> <span class='ocrx_word' id='word_1_180' title='bbox 3060 1810 3285 1881; x_wconf 87' lang='lat' dir='ltr'><strong>poteris.</strong></span> 
     </span>
    </p>
   </div>
   <div class='ocr_carea' id='block_1_30' title="bbox 1967 978 3466 1054">
    <p class='ocr_par' dir='ltr' id='par_1_30' title="bbox 1967 978 3466 1054">
     <span class='ocr_line' id='line_1_30' title="bbox 1967 978 3466 1054; baseline -0.004 -18"><span class='ocrx_word' id='word_1_181' title='bbox 1967 981 2047 1036; x_wconf 81' lang='lat' dir='ltr'><strong>Ne</strong></span> <span class='ocrx_word' id='word_1_182' title='bbox 2086 986 2214 1039; x_wconf 72' lang='lat' dir='ltr'><strong>vitae</strong></span> <span class='ocrx_word' id='word_1_183' title='bbox 2247 984 2425 1054; x_wconf 90' lang='lat' dir='ltr'><strong>ampla</strong></span> <span class='ocrx_word' id='word_1_184' title='bbox 2467 985 2812 1054; x_wconf 88' lang='lat' dir='ltr'><strong>remissaque</strong></span> <span class='ocrx_word' id='word_1_185' title='bbox 2847 982 3006 1038; x_wconf 87' lang='lat' dir='ltr'><strong>avide</strong></span> <span class='ocrx_word' id='word_1_186' title='bbox 3044 983 3209 1036; x_wconf 88' lang='lat' dir='ltr'><strong>nimis</strong></span> <span class='ocrx_word' id='word_1_187' title='bbox 3246 978 3466 1051; x_wconf 88' lang='lat' dir='ltr'><strong>perqui-</strong></span> 
     </span>
    </p>
   </div>
   <div class='ocr_carea' id='block_1_31' title="bbox 1895 1072 3471 1146">
    <p class='ocr_par' dir='ltr' id='par_1_31' title="bbox 1895 1072 3471 1146">
     <span class='ocr_line' id='line_1_31' title="bbox 1895 1072 3471 1146; baseline -0.004 -18"><span class='ocrx_word' id='word_1_188' title='bbox 1895 1088 2009 1128; x_wconf 88' lang='lat' dir='ltr'><strong>ras.</strong></span> <span class='ocrx_word' id='word_1_189' title='bbox 2048 1073 2237 1129; x_wconf 89' lang='lat' dir='ltr'><strong>Potius</strong></span> <span class='ocrx_word' id='word_1_190' title='bbox 2272 1075 2642 1146; x_wconf 78' lang='lat' dir='ltr'><strong>angustiorem</strong></span> <span class='ocrx_word' id='word_1_191' title='bbox 2692 1075 3133 1145; x_wconf 87' lang='lat' dir='ltr'><strong>pressioremque</strong></span> <span class='ocrx_word' id='word_1_192' title='bbox 3166 1072 3306 1126; x_wconf 86' lang='lat' dir='ltr'><strong>viam</strong></span> <span class='ocrx_word' id='word_1_193' title='bbox 3346 1079 3471 1145; x_wconf 0' lang='lat' dir='ltr'><strong>stu-9</strong></span> 
     </span>
    </p>
   </div>
   <div class='ocr_carea' id='block_1_32' title="bbox 1896 1160 3300 1235">
    <p class='ocr_par' dir='ltr' id='par_1_32' title="bbox 1896 1160 3300 1235">
     <span class='ocr_line' id='line_1_32' title="bbox 1896 1160 3300 1235; baseline 0.004 -16"><span class='ocrx_word' id='word_1_194' title='bbox 1896 1164 2053 1221; x_wconf 90' lang='lat' dir='ltr'><strong>diose</strong></span> <span class='ocrx_word' id='word_1_195' title='bbox 2078 1167 2409 1235; x_wconf 86' lang='lat' dir='ltr'><strong>cunquirito.</strong></span> <span class='ocrx_word' id='word_1_196' title='bbox 3297 1160 3300 1164; x_wconf 24' lang='grc' dir='ltr'><strong>λ</strong></span> 
     </span>
    </p>
   </div>
   <div class='ocr_carea' id='block_1_33' title="bbox 2035 1254 3322 1316">
    <p class='ocr_par' dir='ltr' id='par_1_33' title="bbox 2035 1254 3322 1316">
     <span class='ocr_line' id='line_1_33' title="bbox 2035 1254 3322 1316; baseline -0.003 -2"><span class='ocrx_word' id='word_1_197' title='bbox 2035 1259 2365 1316; x_wconf 79' lang='lat' dir='ltr'><strong>CCLXXXI.</strong></span> <span class='ocrx_word' id='word_1_198' title='bbox 2406 1292 2473 1303; x_wconf 92' lang='grc'><strong><em>-</em></strong></span> <span class='ocrx_word' id='word_1_199' title='bbox 2516 1261 2792 1316; x_wconf 67' lang='grc' dir='ltr'>ιιιιΑιιιο</span> <span class='ocrx_word' id='word_1_200' title='bbox 2845 1254 3322 1313; x_wconf 81' lang='lat' dir='ltr'><strong>PRESBYTERO.</strong></span> 
     </span>
    </p>
   </div>
   <div class='ocr_carea' id='block_1_34' title="bbox 1969 1352 3465 1423">
    <p class='ocr_par' dir='ltr' id='par_1_34' title="bbox 1969 1352 3465 1423">
     <span class='ocr_line' id='line_1_34' title="bbox 1969 1352 3465 1423; baseline -0.005 -13"><span class='ocrx_word' id='word_1_201' title='bbox 1969 1352 2103 1407; x_wconf 87' lang='lat' dir='ltr'><strong>Cum</strong></span> <span class='ocrx_word' id='word_1_202' title='bbox 2142 1370 2238 1423; x_wconf 93' lang='lat' dir='ltr'><strong>per</strong></span> <span class='ocrx_word' id='word_1_203' title='bbox 2264 1355 2403 1411; x_wconf 91' lang='lat' dir='ltr'><strong>duos</strong></span> <span class='ocrx_word' id='word_1_204' title='bbox 2435 1372 2649 1411; x_wconf 85' lang='lat' dir='ltr'><strong>menses</strong></span> <span class='ocrx_word' id='word_1_205' title='bbox 2683 1358 2735 1410; x_wconf 93' lang='lat' dir='ltr'><strong>in</strong></span> <span class='ocrx_word' id='word_1_206' title='bbox 2767 1356 3016 1410; x_wconf 85' lang='lat' dir='ltr'><strong>oratione</strong></span> <span class='ocrx_word' id='word_1_207' title='bbox 3048 1361 3103 1407; x_wconf 92' lang='lat' dir='ltr'><strong>et</strong></span> <span class='ocrx_word' id='word_1_208' title='bbox 3136 1353 3317 1422; x_wconf 87' lang='lat' dir='ltr'><strong>quiete</strong></span> <span class='ocrx_word' id='word_1_209' title='bbox 3344 1364 3465 1420; x_wconf 83' lang='lat' dir='ltr'><strong>per-</strong></span> 
     </span>
    </p>
   </div>
   <div class='ocr_carea' id='block_1_35' title="bbox 1895 1441 3465 1517">
    <p class='ocr_par' dir='ltr' id='par_1_35' title="bbox 1895 1441 3465 1517">
     <span class='ocr_line' id='line_1_35' title="bbox 1895 1441 3465 1517; baseline -0.004 -17"><span class='ocrx_word' id='word_1_210' title='bbox 1895 1444 2093 1500; x_wconf 83' lang='lat' dir='ltr'><strong>sistere</strong></span> <span class='ocrx_word' id='word_1_211' title='bbox 2136 1448 2363 1514; x_wconf 84' lang='lat' dir='ltr'><strong>poteris,</strong></span> <span class='ocrx_word' id='word_1_212' title='bbox 2400 1456 2529 1502; x_wconf 86' lang='lat' dir='ltr'><strong>tunc</strong></span> <span class='ocrx_word' id='word_1_213' title='bbox 2561 1449 2641 1501; x_wconf 89' lang='lat' dir='ltr'><strong>vel</strong></span> <span class='ocrx_word' id='word_1_214' title='bbox 2670 1462 2902 1517; x_wconf 81' lang='lat' dir='ltr'><strong>unguem</strong></span> <span class='ocrx_word' id='word_1_215' title='bbox 2937 1447 3199 1515; x_wconf 88' lang='lat' dir='ltr'><strong>aliquem,</strong></span> <span class='ocrx_word' id='word_1_216' title='bbox 3239 1441 3322 1496; x_wconf 87' lang='lat' dir='ltr'><strong>vel</strong></span> <span class='ocrx_word' id='word_1_217' title='bbox 3363 1458 3465 1511; x_wconf 90' lang='lat' dir='ltr'><strong>pu-</strong></span> 
     </span>
    </p>
   </div>
   <div class='ocr_carea' id='block_1_36' title="bbox 2498 1905 2849 1962">
    <p class='ocr_par' dir='ltr' id='par_1_36' title="bbox 2498 1905 2849 1962">
     <span class='ocr_line' id='line_1_36' title="bbox 2498 1905 2849 1962; baseline -0.003 -1"><span class='ocrx_word' id='word_1_218' title='bbox 2498 1905 2849 1962; x_wconf 74' lang='lat' dir='ltr'><strong>CCLXXXII.</strong></span> 
     </span>
    </p>
   </div>
   <div class='ocr_carea' id='block_1_37' title="bbox 1953 1993 3457 2068">
    <p class='ocr_par' dir='ltr' id='par_1_37' title="bbox 1953 1993 3457 2068">
     <span class='ocr_line' id='line_1_37' title="bbox 1953 1993 3457 2068; baseline -0.003 -17"><span class='ocrx_word' id='word_1_219' title='bbox 1953 1996 2087 2052; x_wconf 86' lang='lat' dir='ltr'><strong>Cum</strong></span> <span class='ocrx_word' id='word_1_220' title='bbox 2120 1997 2269 2053; x_wconf 80' lang='lat' dir='ltr'><strong>fures</strong></span> <span class='ocrx_word' id='word_1_221' title='bbox 2305 2000 2584 2068; x_wconf 84' lang='lat' dir='ltr'><strong>perversis</strong></span> <span class='ocrx_word' id='word_1_222' title='bbox 2614 2000 2859 2054; x_wconf 86' lang='lat' dir='ltr'><strong>moribus</strong></span> <span class='ocrx_word' id='word_1_223' title='bbox 2903 1998 3181 2067; x_wconf 87' lang='lat' dir='ltr'><strong>sapientes</strong></span> <span class='ocrx_word' id='word_1_224' title='bbox 3213 1993 3457 2066; x_wconf 83' lang='lat' dir='ltr'><strong>gentium</strong></span> 
     </span>
    </p>
   </div>
   <div class='ocr_carea' id='block_1_38' title="bbox 1883 2085 3456 2162">
    <p class='ocr_par' dir='ltr' id='par_1_38' title="bbox 1883 2085 3456 2162">
     <span class='ocr_line' id='line_1_38' title="bbox 1883 2085 3456 2162; baseline -0.006 -16"><span class='ocrx_word' id='word_1_225' title='bbox 1883 2099 2091 2153; x_wconf 80' lang='lat' dir='ltr'><strong>essent,</strong></span> <span class='ocrx_word' id='word_1_226' title='bbox 2113 2105 2144 2143; x_wconf 88' lang='lat' dir='ltr'><strong>a</strong></span> <span class='ocrx_word' id='word_1_227' title='bbox 2173 2089 2356 2162; x_wconf 79' lang='lat' dir='ltr'><strong>Moyse</strong></span> <span class='ocrx_word' id='word_1_228' title='bbox 2387 2098 2443 2145; x_wconf 88' lang='lat' dir='ltr'><strong>et</strong></span> <span class='ocrx_word' id='word_1_229' title='bbox 2471 2091 2751 2161; x_wconf 84' lang='lat' dir='ltr'><strong>prophetis</strong></span> <span class='ocrx_word' id='word_1_230' title='bbox 2778 2091 3066 2160; x_wconf 88' lang='lat' dir='ltr'><strong>potissima</strong></span> <span class='ocrx_word' id='word_1_231' title='bbox 3097 2104 3285 2143; x_wconf 86' lang='lat' dir='ltr'><strong>eorum</strong></span> <span class='ocrx_word' id='word_1_232' title='bbox 3320 2085 3456 2157; x_wconf 79' lang='lat' dir='ltr'><strong>dog-</strong></span> 
     </span>
    </p>
   </div>
   <div class='ocr_carea' id='block_1_39' title="bbox 1884 2180 3459 2255">
    <p class='ocr_par' dir='ltr' id='par_1_39' title="bbox 1884 2180 3459 2255">
     <span class='ocr_line' id='line_1_39' title="bbox 1884 2180 3459 2255; baseline -0.004 -17"><span class='ocrx_word' id='word_1_233' title='bbox 1884 2190 2031 2239; x_wconf 82' lang='lat' dir='ltr'><strong>mata</strong></span> <span class='ocrx_word' id='word_1_234' title='bbox 2056 2183 2201 2239; x_wconf 90' lang='lat' dir='ltr'><strong>male</strong></span> <span class='ocrx_word' id='word_1_235' title='bbox 2224 2184 2390 2255; x_wconf 79' lang='lat' dir='ltr'><strong>grati,</strong></span> <span class='ocrx_word' id='word_1_236' title='bbox 2420 2193 2476 2239; x_wconf 94' lang='lat' dir='ltr'><strong>et</strong></span> <span class='ocrx_word' id='word_1_237' title='bbox 2506 2184 2759 2239; x_wconf 83' lang='lat' dir='ltr'><strong>beneﬁcii</strong></span> <span class='ocrx_word' id='word_1_238' title='bbox 2797 2184 3150 2237; x_wconf 87' lang='lat' dir='ltr'><strong>immemores</strong></span> <span class='ocrx_word' id='word_1_239' title='bbox 3181 2180 3459 2250; x_wconf 80' lang='lat' dir='ltr'><strong>accipien-</strong></span> 
     </span>
    </p>
   </div>
   <div class='ocr_carea' id='block_1_40' title="bbox 1882 2275 3461 2345">
    <p class='ocr_par' dir='ltr' id='par_1_40' title="bbox 1882 2275 3461 2345">
     <span class='ocr_line' id='line_1_40' title="bbox 1882 2275 3461 2345; baseline -0.003 -16"><span class='ocrx_word' id='word_1_240' title='bbox 1882 2282 1989 2339; x_wconf 85' lang='lat' dir='ltr'><strong>tes,</strong></span> <span class='ocrx_word' id='word_1_241' title='bbox 2018 2275 2340 2345; x_wconf 86' lang='lat' dir='ltr'><strong>jactantiam</strong></span> <span class='ocrx_word' id='word_1_242' title='bbox 2368 2284 2423 2331; x_wconf 93' lang='lat' dir='ltr'><strong>et</strong></span> <span class='ocrx_word' id='word_1_243' title='bbox 2457 2284 2727 2330; x_wconf 88' lang='lat' dir='ltr'><strong>tumorem</strong></span> <span class='ocrx_word' id='word_1_244' title='bbox 2758 2284 3001 2338; x_wconf 88' lang='lat' dir='ltr'><strong>struunt,</strong></span> <span class='ocrx_word' id='word_1_245' title='bbox 3039 2282 3300 2343; x_wconf 89' lang='lat' dir='ltr'><strong>tanquam</strong></span> <span class='ocrx_word' id='word_1_246' title='bbox 3329 2286 3461 2343; x_wconf 86' lang='lat' dir='ltr'><strong>pro-</strong></span> 
     </span>
    </p>
   </div>
   <div class='ocr_carea' id='block_1_41' title="bbox 1884 2368 3139 2439">
    <p class='ocr_par' dir='ltr' id='par_1_41' title="bbox 1884 2368 3139 2439">
     <span class='ocr_line' id='line_1_41' title="bbox 1884 2368 3139 2439; baseline -0.002 -17"><span class='ocrx_word' id='word_1_247' title='bbox 1884 2368 2019 2439; x_wconf 88' lang='lat' dir='ltr'><strong>priis</strong></span> <span class='ocrx_word' id='word_1_248' title='bbox 2050 2368 2281 2423; x_wconf 88' lang='lat' dir='ltr'><strong>aliorum</strong></span> <span class='ocrx_word' id='word_1_249' title='bbox 2321 2369 2672 2423; x_wconf 87' lang='lat' dir='ltr'><strong>claritatibus</strong></span> <span class='ocrx_word' id='word_1_250' title='bbox 2720 2368 3139 2421; x_wconf 84' lang='lat' dir='ltr'><strong>insolescentcs.</strong></span> 
     </span>
    </p>
   </div>
   <div class='ocr_carea' id='block_1_42' title="bbox 2128 2457 3171 2517">
    <p class='ocr_par' dir='ltr' id='par_1_42' title="bbox 2128 2457 3171 2517">
     <span class='ocr_line' id='line_1_42' title="bbox 2128 2457 3171 2517; baseline -0.006 0"><span class='ocrx_word' id='word_1_251' title='bbox 2128 2460 2507 2517; x_wconf 70' lang='lat' dir='ltr'><strong>C(ZLXXXIII.</strong></span> <span class='ocrx_word' id='word_1_252' title='bbox 2539 2491 2607 2501; x_wconf 88' lang='lat'><strong>—</strong></span> <span class='ocrx_word' id='word_1_253' title='bbox 2642 2457 3171 2515; x_wconf 75' lang='lat' dir='ltr'><strong>DIONYSIODORO.</strong></span> 
     </span>
    </p>
   </div>
   <div class='ocr_carea' id='block_1_43' title="bbox 1953 2548 3455 2619">
    <p class='ocr_par' dir='ltr' id='par_1_43' title="bbox 1953 2548 3455 2619">
     <span class='ocr_line' id='line_1_43' title="bbox 1953 2548 3455 2619; baseline -0.002 -11"><span class='ocrx_word' id='word_1_254' title='bbox 1953 2553 2109 2610; x_wconf 81' lang='lat' dir='ltr'><strong>Haud</strong></span> <span class='ocrx_word' id='word_1_255' title='bbox 2144 2554 2518 2610; x_wconf 86' lang='lat' dir='ltr'><strong>necessarium</strong></span> <span class='ocrx_word' id='word_1_256' title='bbox 2553 2552 2740 2617; x_wconf 80' lang='lat' dir='ltr'><strong>fuerit,</strong></span> <span class='ocrx_word' id='word_1_257' title='bbox 2776 2566 2876 2606; x_wconf 85' lang='lat' dir='ltr'><strong>nec</strong></span> <span class='ocrx_word' id='word_1_258' title='bbox 2909 2552 3069 2604; x_wconf 88' lang='lat' dir='ltr'><strong>laude</strong></span> <span class='ocrx_word' id='word_1_259' title='bbox 3099 2550 3325 2619; x_wconf 79' lang='lat' dir='ltr'><strong>dignum</strong></span> <span class='ocrx_word' id='word_1_260' title='bbox 3360 2548 3455 2616; x_wconf 86' lang='lat' dir='ltr'><strong>iis,</strong></span> 
     </span>
    </p>
   </div>
   <div class='ocr_carea' id='block_1_44' title="bbox 1880 2641 3457 2715">
    <p class='ocr_par' dir='ltr' id='par_1_44' title="bbox 1880 2641 3457 2715">
     <span class='ocr_line' id='line_1_44' title="bbox 1880 2641 3457 2715; baseline -0.003 -16"><span class='ocrx_word' id='word_1_261' title='bbox 1880 2645 1973 2715; x_wconf 89' lang='lat' dir='ltr'><strong>qui</strong></span> <span class='ocrx_word' id='word_1_262' title='bbox 1992 2645 2386 2700; x_wconf 90' lang='lat' dir='ltr'><strong>nonnullorum</strong></span> <span class='ocrx_word' id='word_1_263' title='bbox 2405 2644 2687 2698; x_wconf 81' lang='lat' dir='ltr'><strong>hominum</strong></span> <span class='ocrx_word' id='word_1_264' title='bbox 2709 2641 3118 2697; x_wconf 88' lang='lat' dir='ltr'><strong>accusationem</strong></span> <span class='ocrx_word' id='word_1_265' title='bbox 3142 2641 3457 2706; x_wconf 89' lang='lat' dir='ltr'><strong>instituunt,</strong></span> 
     </span>
    </p>
   </div>
   <div class='ocr_carea' id='block_1_45' title="bbox 919 1911 1088 1965">
    <p class='ocr_par' dir='ltr' id='par_1_45' title="bbox 919 1911 1088 1965">
     <span class='ocr_line' id='line_1_45' title="bbox 919 1911 1088 1965; baseline 0.012 -2"><span class='ocrx_word' id='word_1_266' title='bbox 919 1911 1088 1965; x_wconf 86' lang='grc' dir='ltr'><strong>ΣΠΒ¹.</strong></span> 
     </span>
    </p>
   </div>
   <div class='ocr_carea' id='block_1_46' title="bbox 256 1995 1783 2076">
    <p class='ocr_par' dir='ltr' id='par_1_46' title="bbox 256 1995 1783 2076">
     <span class='ocr_line' id='line_1_46' title="bbox 256 1995 1783 2076; baseline 0.009 -29"><span class='ocrx_word' id='word_1_267' title='bbox 256 1995 521 2050; x_wconf 76' lang='grc' dir='ltr'>κλέπται</span> <span class='ocrx_word' id='word_1_268' title='bbox 572 1997 869 2071; x_wconf 79' lang='grc' dir='ltr'>δύστροποι</span> <span class='ocrx_word' id='word_1_269' title='bbox 911 2002 1064 2066; x_wconf 76' lang='grc' dir='ltr'>ὄντες</span> <span class='ocrx_word' id='word_1_270' title='bbox 1090 2004 1139 2056; x_wconf 77' lang='lat' dir='ltr'><strong>oi</strong></span> <span class='ocrx_word' id='word_1_271' title='bbox 1164 2003 1270 2057; x_wconf 86' lang='grc' dir='ltr'><strong>τῶν</strong></span> <span class='ocrx_word' id='word_1_272' title='bbox 1311 2006 1577 2076; x_wconf 84' lang='grc' dir='ltr'><strong>Ἑλλήνων</strong></span> <span class='ocrx_word' id='word_1_273' title='bbox 1608 2008 1783 2076; x_wconf 74' lang='grc' dir='ltr'>σοφοὶ,</span> 
     </span>
    </p>
   </div>
   <div class='ocr_carea' id='block_1_47' title="bbox 173 2089 1784 2171">
    <p class='ocr_par' dir='ltr' id='par_1_47' title="bbox 173 2089 1784 2171">
     <span class='ocr_line' id='line_1_47' title="bbox 173 2089 1784 2171; baseline 0.009 -32"><span class='ocrx_word' id='word_1_274' title='bbox 173 2089 353 2158; x_wconf 71' lang='grc' dir='ltr'>παρά</span> <span class='ocrx_word' id='word_1_275' title='bbox 382 2105 445 2142; x_wconf 90' lang='grc' dir='ltr'><strong>τε</strong></span> <span class='ocrx_word' id='word_1_276' title='bbox 466 2090 774 2159; x_wconf 77' lang='grc' dir='ltr'>Μωῦσέως,</span> <span class='ocrx_word' id='word_1_277' title='bbox 799 2093 897 2147; x_wconf 73' lang='grc' dir='ltr'>καὶ</span> <span class='ocrx_word' id='word_1_278' title='bbox 925 2094 1034 2147; x_wconf 85' lang='grc' dir='ltr'><strong>τῶν</strong></span> <span class='ocrx_word' id='word_1_279' title='bbox 1066 2097 1360 2167; x_wconf 80' lang='grc' dir='ltr'><strong>προφητῶν</strong></span> <span class='ocrx_word' id='word_1_280' title='bbox 1385 2099 1454 2152; x_wconf 84' lang='grc' dir='ltr'>τὰ</span> <span class='ocrx_word' id='word_1_281' title='bbox 1476 2099 1784 2171; x_wconf 85' lang='grc' dir='ltr'>κυριώτερα</span> 
     </span>
    </p>
   </div>
   <div class='ocr_carea' id='block_1_48' title="bbox 174 2178 1787 2257">
    <p class='ocr_par' dir='ltr' id='par_1_48' title="bbox 174 2178 1787 2257">
     <span class='ocr_line' id='line_1_48' title="bbox 174 2178 1787 2257; baseline 0.011 -28"><span class='ocrx_word' id='word_1_282' title='bbox 174 2178 307 2230; x_wconf 79' lang='grc' dir='ltr'><strong>τῶν</strong></span> <span class='ocrx_word' id='word_1_283' title='bbox 357 2179 652 2251; x_wconf 82' lang='grc' dir='ltr'>δογμάτων</span> <span class='ocrx_word' id='word_1_284' title='bbox 679 2184 780 2236; x_wconf 80' lang='grc' dir='ltr'>οὐκ</span> <span class='ocrx_word' id='word_1_285' title='bbox 818 2185 1156 2257; x_wconf 78' lang='grc' dir='ltr'><strong>εὐχαρίστως</strong></span> <span class='ocrx_word' id='word_1_286' title='bbox 1178 2187 1432 2253; x_wconf 89' lang='grc' dir='ltr'>λαϐόντες</span> <span class='ocrx_word' id='word_1_287' title='bbox 1466 2190 1787 2255; x_wconf 76' lang='grc' dir='ltr'>ἀλαζονείαν</span> 
     </span>
    </p>
   </div>
   <div class='ocr_carea' id='block_1_49' title="bbox 179 2269 1783 2352">
    <p class='ocr_par' dir='ltr' id='par_1_49' title="bbox 179 2269 1783 2352">
     <span class='ocr_line' id='line_1_49' title="bbox 179 2269 1783 2352; baseline 0.008 -30"><span class='ocrx_word' id='word_1_288' title='bbox 179 2269 297 2323; x_wconf 78' lang='grc' dir='ltr'>καὶ</span> <span class='ocrx_word' id='word_1_289' title='bbox 326 2270 501 2339; x_wconf 68' lang='grc' dir='ltr'>τῦφον</span> <span class='ocrx_word' id='word_1_290' title='bbox 528 2273 880 2343; x_wconf 84' lang='grc' dir='ltr'>τυρεύουσιν,</span> <span class='ocrx_word' id='word_1_291' title='bbox 909 2275 982 2340; x_wconf 85' lang='grc' dir='ltr'>ὡς</span> <span class='ocrx_word' id='word_1_292' title='bbox 1016 2277 1103 2330; x_wconf 78' lang='grc' dir='ltr'><strong>ἐπ’</strong></span> <span class='ocrx_word' id='word_1_293' title='bbox 1137 2278 1290 2343; x_wconf 81' lang='grc' dir='ltr'><strong>ἰδίοις</strong></span> <span class='ocrx_word' id='word_1_294' title='bbox 1338 2282 1451 2343; x_wconf 85' lang='grc' dir='ltr'>τοῖς</span> <span class='ocrx_word' id='word_1_295' title='bbox 1482 2279 1783 2352; x_wconf 85' lang='grc' dir='ltr'><strong>ἀλλοτρίοις</strong></span> 
     </span>
    </p>
   </div>
   <div class='ocr_carea' id='block_1_50' title="bbox 180 2363 859 2437">
    <p class='ocr_par' dir='ltr' id='par_1_50' title="bbox 180 2363 859 2437">
     <span class='ocr_line' id='line_1_50' title="bbox 180 2363 859 2437; baseline 0.01 -23"><span class='ocrx_word' id='word_1_296' title='bbox 180 2363 509 2433; x_wconf 70' lang='grc' dir='ltr'>κειμηλίοις</span> <span class='ocrx_word' id='word_1_297' title='bbox 537 2367 859 2437; x_wconf 82' lang='grc' dir='ltr'>γανύμενοι.</span> 
     </span>
    </p>
   </div>
   <div class='ocr_carea' id='block_1_51' title="bbox 598 2459 1389 2534">
    <p class='ocr_par' dir='ltr' id='par_1_51' title="bbox 598 2459 1389 2534">
     <span class='ocr_line' id='line_1_51' title="bbox 598 2459 1389 2534; baseline 0.011 -25"><span class='ocrx_word' id='word_1_298' title='bbox 598 2459 766 2512; x_wconf 62' lang='lat' dir='ltr'><strong>sura</strong></span> <span class='ocrx_word' id='word_1_299' title='bbox 788 2490 860 2501; x_wconf 88' lang='lat'>—</span> <span class='ocrx_word' id='word_1_300' title='bbox 879 2461 1389 2534; x_wconf 80' lang='grc' dir='ltr'><strong>ΔΙΟΝΥΣΙΟΔΩΡῼ.</strong></span> 
     </span>
    </p>
   </div>
   <div class='ocr_carea' id='block_1_52' title="bbox 266 2547 1781 2623">
    <p class='ocr_par' dir='ltr' id='par_1_52' title="bbox 266 2547 1781 2623">
     <span class='ocr_line' id='line_1_52' title="bbox 266 2547 1781 2623; baseline 0.01 -24"><span class='ocrx_word' id='word_1_301' title='bbox 266 2547 382 2599; x_wconf 75' lang='grc' dir='ltr'>Οὐκ</span> <span class='ocrx_word' id='word_1_302' title='bbox 410 2547 719 2616; x_wconf 81' lang='grc' dir='ltr'>ἀναγκαῖον</span> <span class='ocrx_word' id='word_1_303' title='bbox 752 2550 819 2604; x_wconf 82' lang='grc' dir='ltr'>ἂν</span> <span class='ocrx_word' id='word_1_304' title='bbox 846 2551 957 2623; x_wconf 80' lang='grc' dir='ltr'>εἵη,</span> <span class='ocrx_word' id='word_1_305' title='bbox 993 2554 1102 2606; x_wconf 78' lang='grc' dir='ltr'>οὐδ’</span> <span class='ocrx_word' id='word_1_306' title='bbox 1123 2556 1347 2609; x_wconf 77' lang='grc' dir='ltr'>ἐπαίνου</span> <span class='ocrx_word' id='word_1_307' title='bbox 1376 2556 1546 2623; x_wconf 79' lang='grc' dir='ltr'>ἄξιον,</span> <span class='ocrx_word' id='word_1_308' title='bbox 1573 2559 1633 2613; x_wconf 83' lang='grc' dir='ltr'>τὸ</span> <span class='ocrx_word' id='word_1_309' title='bbox 1659 2560 1781 2614; x_wconf 88' lang='grc' dir='ltr'>πεί-</span> 
     </span>
    </p>
   </div>
   <div class='ocr_carea' id='block_1_53' title="bbox 186 2634 1780 2721">
    <p class='ocr_par' dir='ltr' id='par_1_53' title="bbox 186 2634 1780 2721">
     <span class='ocr_line' id='line_1_53' title="bbox 186 2634 1780 2721; baseline 0.011 -33"><span class='ocrx_word' id='word_1_310' title='bbox 186 2634 382 2691; x_wconf 75' lang='grc' dir='ltr'>θεσθαι</span> <span class='ocrx_word' id='word_1_311' title='bbox 410 2640 729 2711; x_wconf 86' lang='grc' dir='ltr'>προχείρως</span> <span class='ocrx_word' id='word_1_312' title='bbox 771 2646 885 2707; x_wconf 85' lang='grc' dir='ltr'>τοῖς</span> <span class='ocrx_word' id='word_1_313' title='bbox 914 2645 1221 2716; x_wconf 77' lang='grc' dir='ltr'>προσώπων</span> <span class='ocrx_word' id='word_1_314' title='bbox 1250 2648 1415 2700; x_wconf 84' lang='grc' dir='ltr'>τινῶν</span> <span class='ocrx_word' id='word_1_315' title='bbox 1444 2653 1780 2721; x_wconf 82' lang='grc' dir='ltr'>κατηγορίαν</span> 
     </span>
    </p>
   </div>
   <div class='ocr_carea' id='block_1_54' title="bbox 185 2730 1763 2815">
    <p class='ocr_par' dir='ltr' id='par_1_54' title="bbox 185 2730 1763 2815">
     <span class='ocr_line' id='line_1_54' title="bbox 185 2730 1763 2815; baseline 0.01 -34"><span class='ocrx_word' id='word_1_316' title='bbox 185 2730 571 2800; x_wconf 74' lang='grc' dir='ltr'>ποιουμένοις,</span> <span class='ocrx_word' id='word_1_317' title='bbox 604 2733 710 2787; x_wconf 76' lang='grc' dir='ltr'>κᾶν</span> <span class='ocrx_word' id='word_1_318' title='bbox 736 2734 1001 2806; x_wconf 79' lang='grc' dir='ltr'>ὑπάρχειν</span> <span class='ocrx_word' id='word_1_319' title='bbox 1026 2737 1255 2791; x_wconf 84' lang='grc' dir='ltr'>δοκῶσιν</span> <span class='ocrx_word' id='word_1_320' title='bbox 1294 2739 1580 2812; x_wconf 83' lang='grc' dir='ltr'>αἰδέσιμοι.</span> <span class='ocrx_word' id='word_1_321' title='bbox 1614 2744 1763 2815; x_wconf 82' lang='grc' dir='ltr'>Περι·</span> 
     </span>
    </p>
   </div>
   <div class='ocr_carea' id='block_1_55' title="bbox 1895 2730 3456 2815">
    <p class='ocr_par' dir='ltr' id='par_1_55' title="bbox 1895 2732 3456 2805">
     <span class='ocr_line' id='line_1_55' title="bbox 1895 2732 3456 2805; baseline -0.005 -11"><span class='ocrx_word' id='word_1_322' title='bbox 1895 2736 2131 2802; x_wconf 89' lang='lat' dir='ltr'><strong>:redere,</strong></span> <span class='ocrx_word' id='word_1_323' title='bbox 2159 2738 2286 2791; x_wconf 88' lang='lat' dir='ltr'><strong>licet</strong></span> <span class='ocrx_word' id='word_1_324' title='bbox 2315 2745 2668 2791; x_wconf 86' lang='lat' dir='ltr'><strong>accusatores</strong></span> <span class='ocrx_word' id='word_1_325' title='bbox 2707 2734 2861 2805; x_wconf 83' lang='lat'><strong>105</strong></span> <span class='ocrx_word' id='word_1_326' title='bbox 2895 2733 3192 2788; x_wconf 85' lang='lat' dir='ltr'><strong>venerandi</strong></span> <span class='ocrx_word' id='word_1_327' title='bbox 3228 2732 3456 2787; x_wconf 84' lang='lat' dir='ltr'><strong>videan-</strong></span> 
     </span>
    </p>
   </div>
   <div class='ocr_carea' id='block_1_56' title="bbox 185 2822 1763 2907">
    <p class='ocr_par' dir='ltr' id='par_1_56' title="bbox 185 2822 1763 2907">
     <span class='ocr_line' id='line_1_56' title="bbox 185 2822 1763 2907; baseline 0.011 -34"><span class='ocrx_word' id='word_1_328' title='bbox 185 2822 382 2891; x_wconf 81' lang='grc' dir='ltr'>μένειν</span> <span class='ocrx_word' id='word_1_329' title='bbox 439 2823 557 2896; x_wconf 80' lang='grc' dir='ltr'>γὰρ</span> <span class='ocrx_word' id='word_1_330' title='bbox 587 2831 1006 2898; x_wconf 82' lang='grc' dir='ltr'>χρησιμώτατον</span> <span class='ocrx_word' id='word_1_331' title='bbox 1045 2832 1139 2884; x_wconf 77' lang='grc' dir='ltr'>καὶ</span> <span class='ocrx_word' id='word_1_332' title='bbox 1168 2832 1271 2902; x_wconf 81' lang='grc' dir='ltr'>τὴν</span> <span class='ocrx_word' id='word_1_333' title='bbox 1316 2833 1411 2886; x_wconf 84' lang='grc' dir='ltr'>τοῦ</span> <span class='ocrx_word' id='word_1_334' title='bbox 1445 2852 1763 2907; x_wconf 81' lang='grc' dir='ltr'>κατηγόρου·</span> 
     </span>
    </p>
   </div>
   <div class='ocr_carea' id='block_1_57' title="bbox 1895 2822 3458 2907">
    <p class='ocr_par' dir='ltr' id='par_1_57' title="bbox 1895 2823 3458 2905">
     <span class='ocr_line' id='line_1_57' title="bbox 1895 2823 3458 2905; baseline -0.003 -22"><span class='ocrx_word' id='word_1_335' title='bbox 1895 2846 1989 2886; x_wconf 88' lang='lat' dir='ltr'><strong>.ur.</strong></span> <span class='ocrx_word' id='word_1_336' title='bbox 2019 2829 2285 2899; x_wconf 87' lang='lat' dir='ltr'><strong>Perquam</strong></span> <span class='ocrx_word' id='word_1_337' title='bbox 2305 2828 2448 2883; x_wconf 88' lang='lat' dir='ltr'><strong>enim</strong></span> <span class='ocrx_word' id='word_1_338' title='bbox 2474 2827 2630 2890; x_wconf 88' lang='lat' dir='ltr'><strong>utile,</strong></span> <span class='ocrx_word' id='word_1_339' title='bbox 2648 2826 2949 2897; x_wconf 69' lang='lat' dir='ltr'><strong>etquzestui</strong></span> <span class='ocrx_word' id='word_1_340' title='bbox 2976 2824 3258 2878; x_wconf 87' lang='lat' dir='ltr'><strong>uberrimo</strong></span> <span class='ocrx_word' id='word_1_341' title='bbox 3292 2823 3458 2905; x_wconf 79' lang='lat' dir='ltr'><strong>fuerit</strong></span> 
     </span>
    </p>
   </div>
   <div class='ocr_carea' id='block_1_58' title="bbox 182 2916 1763 3001">
    <p class='ocr_par' dir='ltr' id='par_1_58' title="bbox 182 2916 1763 3001">
     <span class='ocr_line' id='line_1_58' title="bbox 182 2916 1763 3001; baseline 0.009 -35"><span class='ocrx_word' id='word_1_342' title='bbox 182 2916 357 2983; x_wconf 76' lang='grc' dir='ltr'>μένου</span> <span class='ocrx_word' id='word_1_343' title='bbox 422 2917 631 2988; x_wconf 81' lang='grc' dir='ltr'>μέρους</span> <span class='ocrx_word' id='word_1_344' title='bbox 695 2920 1012 2990; x_wconf 80' lang='grc' dir='ltr'>ἀπολογίαν,</span> <span class='ocrx_word' id='word_1_345' title='bbox 1060 2920 1163 2977; x_wconf 82' lang='grc' dir='ltr'>εἷθ’</span> <span class='ocrx_word' id='word_1_346' title='bbox 1195 2924 1418 2995; x_wconf 78' lang='grc' dir='ltr'>ὕστερον</span> <span class='ocrx_word' id='word_1_347' title='bbox 1470 2928 1607 2997; x_wconf 86' lang='grc' dir='ltr'>μετὰ</span> <span class='ocrx_word' id='word_1_348' title='bbox 1680 2928 1763 3001; x_wconf 57' lang='lat' dir='ltr'><strong>rip</strong></span> 
     </span>
    </p>
   </div>
   <div class='ocr_carea' id='block_1_59' title="bbox 1895 2916 3457 3001">
    <p class='ocr_par' dir='ltr' id='par_1_59' title="bbox 1895 2919 3457 2989">
     <span class='ocr_line' id='line_1_59' title="bbox 1895 2919 3457 2989; baseline -0.004 -13"><span class='ocrx_word' id='word_1_349' title='bbox 1895 2931 1933 2977; x_wconf 66' lang='lat' dir='ltr'><strong>at</strong></span> <span class='ocrx_word' id='word_1_350' title='bbox 1955 2930 2333 2977; x_wconf 84' lang='lat' dir='ltr'><strong>accusatorum</strong></span> <span class='ocrx_word' id='word_1_351' title='bbox 2363 2919 2774 2989; x_wconf 83' lang='lat' dir='ltr'><strong>responsionem</strong></span> <span class='ocrx_word' id='word_1_352' title='bbox 2811 2926 3137 2988; x_wconf 76' lang='lat' dir='ltr'><strong>exspectare</strong></span> <span class='ocrx_word' id='word_1_353' title='bbox 3165 2934 3178 2971; x_wconf 87' lang='lat'><strong>:</strong></span> <span class='ocrx_word' id='word_1_354' title='bbox 3215 2927 3457 2987; x_wconf 88' lang='lat' dir='ltr'><strong>postmo-</strong></span> 
     </span>
    </p>
   </div>
   <div class='ocr_carea' id='block_1_60' title="bbox 180 3008 1763 3089">
    <p class='ocr_par' dir='ltr' id='par_1_60' title="bbox 180 3008 1763 3089">
     <span class='ocr_line' id='line_1_60' title="bbox 180 3008 1763 3089; baseline 0.009 -29"><span class='ocrx_word' id='word_1_355' title='bbox 180 3008 461 3079; x_wconf 77' lang='grc' dir='ltr'>ἀκρόασιν</span> <span class='ocrx_word' id='word_1_356' title='bbox 489 3009 602 3065; x_wconf 80' lang='grc' dir='ltr'>τῶν</span> <span class='ocrx_word' id='word_1_357' title='bbox 637 3011 982 3082; x_wconf 79' lang='grc' dir='ltr'>ἀμφοτέρων,</span> <span class='ocrx_word' id='word_1_358' title='bbox 1025 3015 1256 3087; x_wconf 88' lang='grc' dir='ltr'>νόμιμόν</span> <span class='ocrx_word' id='word_1_359' title='bbox 1293 3035 1353 3071; x_wconf 89' lang='grc' dir='ltr'><strong>τε</strong></span> <span class='ocrx_word' id='word_1_360' title='bbox 1404 3019 1498 3074; x_wconf 75' lang='grc' dir='ltr'>καὶ</span> <span class='ocrx_word' id='word_1_361' title='bbox 1541 3020 1763 3089; x_wconf 74' lang='grc' dir='ltr'>δίκαιον,</span> 
     </span>
    </p>
   </div>
   <div class='ocr_carea' id='block_1_61' title="bbox 1895 3008 3455 3089">
    <p class='ocr_par' dir='ltr' id='par_1_61' title="bbox 1895 3008 3455 3081">
     <span class='ocr_line' id='line_1_61' title="bbox 1895 3008 3455 3081; baseline -0.004 -13"><span class='ocrx_word' id='word_1_362' title='bbox 1895 3015 2008 3068; x_wconf 85' lang='lat' dir='ltr'><strong>lum</strong></span> <span class='ocrx_word' id='word_1_363' title='bbox 2040 3014 2289 3081; x_wconf 83' lang='lat' dir='ltr'><strong>utrisque</strong></span> <span class='ocrx_word' id='word_1_364' title='bbox 2331 3011 2534 3066; x_wconf 86' lang='lat' dir='ltr'><strong>auditis</strong></span> <span class='ocrx_word' id='word_1_365' title='bbox 2578 3010 2886 3081; x_wconf 83' lang='lat' dir='ltr'><strong>legitimum</strong></span> <span class='ocrx_word' id='word_1_366' title='bbox 2926 3023 2992 3062; x_wconf 90' lang='lat' dir='ltr'><strong>ac</strong></span> <span class='ocrx_word' id='word_1_367' title='bbox 3034 3008 3271 3079; x_wconf 83' lang='lat' dir='ltr'><strong>justum,</strong></span> <span class='ocrx_word' id='word_1_368' title='bbox 3307 3017 3363 3063; x_wconf 92' lang='lat' dir='ltr'><strong>et</strong></span> <span class='ocrx_word' id='word_1_369' title='bbox 3395 3014 3455 3062; x_wconf 89' lang='lat' dir='ltr'><strong>ut</strong></span> 
     </span>
    </p>
   </div>
   <div class='ocr_carea' id='block_1_62' title="bbox 180 3094 1763 3180">
    <p class='ocr_par' dir='ltr' id='par_1_62' title="bbox 180 3094 1245 3175">
     <span class='ocr_line' id='line_1_62' title="bbox 180 3094 1245 3175; baseline 0.01 -25"><span class='ocrx_word' id='word_1_370' title='bbox 180 3094 264 3160; x_wconf 76' lang='grc' dir='ltr'>ὡς</span> <span class='ocrx_word' id='word_1_371' title='bbox 296 3098 562 3169; x_wconf 77' lang='grc' dir='ltr'>καθήκει,</span> <span class='ocrx_word' id='word_1_372' title='bbox 590 3101 845 3172; x_wconf 77' lang='grc' dir='ltr'>ἐκφέρειν</span> <span class='ocrx_word' id='word_1_373' title='bbox 873 3104 934 3157; x_wconf 87' lang='grc' dir='ltr'>τὸ</span> <span class='ocrx_word' id='word_1_374' title='bbox 964 3105 1245 3175; x_wconf 75' lang='grc' dir='ltr'>ψήφισμα.</span> 
     </span>
    </p>
   </div>
   <div class='ocr_carea' id='block_1_63' title="bbox 1895 3094 2595 3180">
    <p class='ocr_par' dir='ltr' id='par_1_63' title="bbox 1895 3105 2595 3179">
     <span class='ocr_line' id='line_1_63' title="bbox 1895 3105 2595 3179; baseline -0.004 -18"><span class='ocrx_word' id='word_1_375' title='bbox 1895 3123 1979 3179; x_wconf 55' lang='lat' dir='ltr'><strong>par</strong></span> <span class='ocrx_word' id='word_1_376' title='bbox 2002 3116 2106 3170; x_wconf 78' lang='lat' dir='ltr'><strong>est,</strong></span> <span class='ocrx_word' id='word_1_377' title='bbox 2132 3106 2401 3175; x_wconf 88' lang='lat' dir='ltr'><strong>judicium</strong></span> <span class='ocrx_word' id='word_1_378' title='bbox 2433 3105 2595 3159; x_wconf 82' lang='lat' dir='ltr'><strong>ferre.</strong></span> 
     </span>
    </p>
   </div>
   <div class='ocr_carea' id='block_1_64' title="bbox 494 3188 1763 3269">
    <p class='ocr_par' dir='ltr' id='par_1_64' title="bbox 494 3188 1451 3269">
     <span class='ocr_line' id='line_1_64' title="bbox 494 3188 1451 3269; baseline 0.013 -28"><span class='ocrx_word' id='word_1_379' title='bbox 494 3188 659 3244; x_wconf 72' lang='grc' dir='ltr'><strong>ΣΠΔο.</strong></span> <span class='ocrx_word' id='word_1_380' title='bbox 694 3221 765 3231; x_wconf 90' lang='grc'><strong>-</strong></span> <span class='ocrx_word' id='word_1_381' title='bbox 795 3191 1026 3265; x_wconf 64' lang='lat' dir='ltr'><strong>rorare</strong></span> <span class='ocrx_word' id='word_1_382' title='bbox 1050 3197 1451 3269; x_wconf 77' lang='grc' dir='ltr'><strong>ΦΟΙΔΕΡΑΤῼ.</strong></span> 
     </span>
    </p>
   </div>
   <div class='ocr_carea' id='block_1_65' title="bbox 1895 3188 3246 3269">
    <p class='ocr_par' dir='ltr' id='par_1_65' title="bbox 2079 3192 3246 3254">
     <span class='ocr_line' id='line_1_65' title="bbox 2079 3192 3246 3254; baseline -0.003 0"><span class='ocrx_word' id='word_1_383' title='bbox 2079 3196 2453 3254; x_wconf 81' lang='lat' dir='ltr'><strong>CCLXXXIV.</strong></span> <span class='ocrx_word' id='word_1_384' title='bbox 2484 3226 2553 3237; x_wconf 92' lang='lat'><strong>-—</strong></span> <span class='ocrx_word' id='word_1_385' title='bbox 2582 3194 2779 3250; x_wconf 87' lang='lat' dir='ltr'><strong>JULlO</strong></span> <span class='ocrx_word' id='word_1_386' title='bbox 2816 3194 3030 3249; x_wconf 83' lang='lat' dir='ltr'><strong>FOEDE</strong></span> <span class='ocrx_word' id='word_1_387' title='bbox 3044 3192 3246 3250; x_wconf 80' lang='lat' dir='ltr'><strong>RATO.</strong></span> 
     </span>
    </p>
   </div>
   <div class='ocr_carea' id='block_1_66' title="bbox 254 3279 1769 3369">
    <p class='ocr_par' dir='ltr' id='par_1_66' title="bbox 254 3279 1769 3369">
     <span class='ocr_line' id='line_1_66' title="bbox 254 3279 1769 3369; baseline 0.015 -38"><span class='ocrx_word' id='word_1_388' title='bbox 254 3279 374 3350; x_wconf 76' lang='grc' dir='ltr'><strong>Τῆς</strong></span> <span class='ocrx_word' id='word_1_389' title='bbox 402 3281 548 3353; x_wconf 79' lang='grc' dir='ltr'>ὑπὲρ</span> <span class='ocrx_word' id='word_1_390' title='bbox 568 3283 631 3336; x_wconf 83' lang='grc' dir='ltr'>τὸ</span> <span class='ocrx_word' id='word_1_391' title='bbox 663 3284 784 3339; x_wconf 82' lang='grc' dir='ltr'>δέον</span> <span class='ocrx_word' id='word_1_392' title='bbox 836 3288 1101 3359; x_wconf 83' lang='grc' dir='ltr'>σιτήσεως</span> <span class='ocrx_word' id='word_1_393' title='bbox 1146 3291 1209 3344; x_wconf 86' lang='grc' dir='ltr'>τὸ</span> <span class='ocrx_word' id='word_1_394' title='bbox 1253 3293 1445 3365; x_wconf 80' lang='grc' dir='ltr'>πέρας,</span> <span class='ocrx_word' id='word_1_395' title='bbox 1488 3297 1646 3369; x_wconf 85' lang='grc' dir='ltr'>δῆλον</span> <span class='ocrx_word' id='word_1_396' title='bbox 1687 3298 1769 3352; x_wconf 87' lang='grc' dir='ltr'>ὅτι</span> 
     </span>
    </p>
   </div>
   <div class='ocr_carea' id='block_1_67' title="bbox 176 3370 1767 3459">
    <p class='ocr_par' dir='ltr' id='par_1_67' title="bbox 176 3370 1767 3459">
     <span class='ocr_line' id='line_1_67' title="bbox 176 3370 1767 3459; baseline 0.014 -36"><span class='ocrx_word' id='word_1_397' title='bbox 176 3370 434 3426; x_wconf 77' lang='grc' dir='ltr'>κόλασιν·</span> <span class='ocrx_word' id='word_1_398' title='bbox 484 3374 746 3441; x_wconf 86' lang='grc' dir='ltr'>πολλάκις</span> <span class='ocrx_word' id='word_1_399' title='bbox 797 3377 855 3431; x_wconf 76' lang='grc' dir='ltr'>δὲ</span> <span class='ocrx_word' id='word_1_400' title='bbox 916 3380 1010 3433; x_wconf 82' lang='grc' dir='ltr'>καὶ</span> <span class='ocrx_word' id='word_1_401' title='bbox 1065 3382 1220 3436; x_wconf 87' lang='grc' dir='ltr'>νόσον</span> <span class='ocrx_word' id='word_1_402' title='bbox 1278 3385 1355 3456; x_wconf 85' lang='grc' dir='ltr'>τῷ</span> <span class='ocrx_word' id='word_1_403' title='bbox 1414 3388 1627 3459; x_wconf 84' lang='grc' dir='ltr'>σώματι</span> <span class='ocrx_word' id='word_1_404' title='bbox 1662 3390 1767 3445; x_wconf 82' lang='grc' dir='ltr'>δω-</span> 
     </span>
    </p>
   </div>
   <div class='ocr_carea' id='block_1_68' title="bbox 177 3467 390 3536">
    <p class='ocr_par' dir='ltr' id='par_1_68' title="bbox 177 3467 390 3536">
     <span class='ocr_line' id='line_1_68' title="bbox 177 3467 390 3536; baseline 0 -15"><span class='ocrx_word' id='word_1_405' title='bbox 177 3467 390 3536; x_wconf 78' lang='grc' dir='ltr'>ρείται.</span> 
     </span>
    </p>
   </div>
   <div class='ocr_carea' id='block_1_69' title="bbox 651 3561 1310 3639">
    <p class='ocr_par' dir='ltr' id='par_1_69' title="bbox 651 3561 1310 3639">
     <span class='ocr_line' id='line_1_69' title="bbox 651 3561 1310 3639; baseline 0.014 -27"><span class='ocrx_word' id='word_1_406' title='bbox 651 3561 819 3617; x_wconf 69' lang='lat' dir='ltr'><strong>me.</strong></span> <span class='ocrx_word' id='word_1_407' title='bbox 840 3590 907 3603; x_wconf 93' lang='lat'><strong><em>—</em></strong></span> <span class='ocrx_word' id='word_1_408' title='bbox 932 3564 1310 3639; x_wconf 78' lang='grc' dir='ltr'><strong>ΚΟΡΝΗΛΙῼ.</strong></span> 
     </span>
    </p>
   </div>
   <div class='ocr_carea' id='block_1_70' title="bbox 256 3648 1768 3730">
    <p class='ocr_par' dir='ltr' id='par_1_70' title="bbox 256 3648 1768 3730">
     <span class='ocr_line' id='line_1_70' title="bbox 256 3648 1768 3730; baseline 0.011 -28"><span class='ocrx_word' id='word_1_409' title='bbox 256 3668 278 3701; x_wconf 75' lang='grc' dir='ltr'><strong>ι</strong></span> <span class='ocrx_word' id='word_1_410' title='bbox 318 3648 769 3722; x_wconf 78' lang='grc' dir='ltr'>Ἐπισκέψομαι,</span> <span class='ocrx_word' id='word_1_411' title='bbox 810 3656 975 3725; x_wconf 79' lang='grc' dir='ltr'>φησὶν</span> <span class='ocrx_word' id='word_1_412' title='bbox 1034 3658 1069 3726; x_wconf 91' lang='grc' dir='ltr'><strong>ή</strong></span> <span class='ocrx_word' id='word_1_413' title='bbox 1110 3661 1415 3728; x_wconf 81' lang='grc' dir='ltr'>προφητεία</span> <span class='ocrx_word' id='word_1_414' title='bbox 1440 3702 1454 3727; x_wconf 92' lang='grc'><strong>,</strong></span> <span class='ocrx_word' id='word_1_415' title='bbox 1509 3663 1602 3717; x_wconf 75' lang='grc' dir='ltr'><strong>ἐπὶ</strong></span> <span class='ocrx_word' id='word_1_416' title='bbox 1640 3665 1768 3730; x_wconf 81' lang='grc' dir='ltr'>τοὺς</span> 
     </span>
    </p>
   </div>
   <div class='ocr_carea' id='block_1_71' title="bbox 174 3739 1766 3825">
    <p class='ocr_par' dir='ltr' id='par_1_71' title="bbox 174 3739 1766 3825">
     <span class='ocr_line' id='line_1_71' title="bbox 174 3739 1766 3825; baseline 0.012 -35"><span class='ocrx_word' id='word_1_417' title='bbox 174 3739 495 3809; x_wconf 75' lang='grc' dir='ltr'>φοροῦντας</span> <span class='ocrx_word' id='word_1_418' title='bbox 533 3741 724 3811; x_wconf 78' lang='grc' dir='ltr'>ἱμάτια</span> <span class='ocrx_word' id='word_1_419' title='bbox 749 3743 1026 3815; x_wconf 81' lang='grc' dir='ltr'>ἀλλότρια.</span> <span class='ocrx_word' id='word_1_420' title='bbox 1054 3763 1073 3797; x_wconf 74' lang='grc' dir='ltr'><strong>ι</strong></span> <span class='ocrx_word' id='word_1_421' title='bbox 1114 3746 1173 3801; x_wconf 89' lang='grc' dir='ltr'>Ὀ</span> <span class='ocrx_word' id='word_1_422' title='bbox 1200 3748 1307 3819; x_wconf 83' lang='grc' dir='ltr'>γὰρ</span> <span class='ocrx_word' id='word_1_423' title='bbox 1331 3750 1405 3821; x_wconf 82' lang='grc' dir='ltr'>μὴ</span> <span class='ocrx_word' id='word_1_424' title='bbox 1429 3754 1766 3825; x_wconf 79' lang='grc' dir='ltr'>κεκτημένος</span> 
     </span>
    </p>
   </div>
   <div class='ocr_carea' id='block_1_72' title="bbox 172 3829 1764 3915">
    <p class='ocr_par' dir='ltr' id='par_1_72' title="bbox 172 3829 1764 3915">
     <span class='ocr_line' id='line_1_72' title="bbox 172 3829 1764 3915; baseline 0.011 -35"><span class='ocrx_word' id='word_1_425' title='bbox 172 3829 280 3900; x_wconf 77' lang='grc' dir='ltr'>τὴν</span> <span class='ocrx_word' id='word_1_426' title='bbox 305 3831 541 3901; x_wconf 76' lang='grc' dir='ltr'>ἀρετὴν,</span> <span class='ocrx_word' id='word_1_427' title='bbox 579 3832 1004 3904; x_wconf 76' lang='grc' dir='ltr'>ὑποκρινόμενος</span> <span class='ocrx_word' id='word_1_428' title='bbox 1040 3836 1120 3902; x_wconf 86' lang='grc' dir='ltr'>δὲ,</span> <span class='ocrx_word' id='word_1_429' title='bbox 1166 3840 1260 3891; x_wconf 76' lang='grc' dir='ltr'>καὶ</span> <span class='ocrx_word' id='word_1_430' title='bbox 1296 3843 1764 3915; x_wconf 78' lang='grc' dir='ltr'>σχηματιζόμενος</span> 
     </span>
    </p>
   </div>
   <div class='ocr_carea' id='block_1_73' title="bbox 174 3920 1761 4005">
    <p class='ocr_par' dir='ltr' id='par_1_73' title="bbox 174 3920 1761 4005">
     <span class='ocr_line' id='line_1_73' title="bbox 174 3920 1761 4005; baseline 0.009 -32"><span class='ocrx_word' id='word_1_431' title='bbox 174 3921 390 3991; x_wconf 82' lang='grc' dir='ltr'>ἀρετὴν</span> <span class='ocrx_word' id='word_1_432' title='bbox 434 3920 605 3991; x_wconf 74' lang='grc' dir='ltr'>ἔχειν,</span> <span class='ocrx_word' id='word_1_433' title='bbox 634 3920 789 3987; x_wconf 72' lang='grc' dir='ltr'>οὗτος</span> <span class='ocrx_word' id='word_1_434' title='bbox 817 3923 1039 3995; x_wconf 75' lang='grc' dir='ltr'>εὔδηλον</span> <span class='ocrx_word' id='word_1_435' title='bbox 1070 3927 1356 3998; x_wconf 85' lang='grc' dir='ltr'>ἀλλοτρίαν</span> <span class='ocrx_word' id='word_1_436' title='bbox 1386 3931 1578 4002; x_wconf 85' lang='grc' dir='ltr'>στολὴν</span> <span class='ocrx_word' id='word_1_437' title='bbox 1607 3952 1761 4005; x_wconf 85' lang='grc' dir='ltr'>περι-</span> 
     </span>
    </p>
   </div>
   <div class='ocr_carea' id='block_1_74' title="bbox 173 4012 1762 4098">
    <p class='ocr_par' dir='ltr' id='par_1_74' title="bbox 173 4012 1762 4098">
     <span class='ocr_line' id='line_1_74' title="bbox 173 4012 1762 4098; baseline 0.008 -33"><span class='ocrx_word' id='word_1_438' title='bbox 173 4012 465 4067; x_wconf 85' lang='grc' dir='ltr'>ϐάλλεται.</span> <span class='ocrx_word' id='word_1_439' title='bbox 498 4014 609 4068; x_wconf 76' lang='grc' dir='ltr'><strong>Καὶ</strong></span> <span class='ocrx_word' id='word_1_440' title='bbox 632 4017 681 4069; x_wconf 77' lang='lat' dir='ltr'><strong>ot</strong></span> <span class='ocrx_word' id='word_1_441' title='bbox 711 4017 1007 4088; x_wconf 80' lang='grc' dir='ltr'>ἑτερόδοξοι</span> <span class='ocrx_word' id='word_1_442' title='bbox 1049 4018 1106 4072; x_wconf 81' lang='grc' dir='ltr'>δὲ</span> <span class='ocrx_word' id='word_1_443' title='bbox 1138 4024 1592 4093; x_wconf 80' lang='grc' dir='ltr'>προσποιούμενοι</span> <span class='ocrx_word' id='word_1_444' title='bbox 1627 4042 1762 4098; x_wconf 87' lang='grc' dir='ltr'>χρη-</span> 
     </span>
    </p>
   </div>
   <div class='ocr_carea' id='block_1_75' title="bbox 178 4106 1763 4188">
    <p class='ocr_par' dir='ltr' id='par_1_75' title="bbox 178 4106 1763 4188">
     <span class='ocr_line' id='line_1_75' title="bbox 178 4106 1763 4188; baseline 0.009 -31"><span class='ocrx_word' id='word_1_445' title='bbox 178 4108 283 4159; x_wconf 79' lang='grc' dir='ltr'>στὰ</span> <span class='ocrx_word' id='word_1_446' title='bbox 310 4106 613 4170; x_wconf 82' lang='grc' dir='ltr'>διδάσκειν,</span> <span class='ocrx_word' id='word_1_447' title='bbox 661 4106 975 4178; x_wconf 78' lang='grc' dir='ltr'>ἐλέγχονται</span> <span class='ocrx_word' id='word_1_448' title='bbox 1023 4110 1112 4164; x_wconf 87' lang='grc' dir='ltr'>διὰ</span> <span class='ocrx_word' id='word_1_449' title='bbox 1159 4111 1268 4165; x_wconf 84' lang='grc' dir='ltr'><strong>τῶν</strong></span> <span class='ocrx_word' id='word_1_450' title='bbox 1298 4114 1516 4181; x_wconf 83' lang='grc' dir='ltr'>φαύλων</span> <span class='ocrx_word' id='word_1_451' title='bbox 1559 4116 1763 4188; x_wconf 85' lang='grc' dir='ltr'>δογμά-</span> 
     </span>
    </p>
   </div>
   <div class='ocr_carea' id='block_1_76' title="bbox 174 4198 1763 4279">
    <p class='ocr_par' dir='ltr' id='par_1_76' title="bbox 174 4198 1763 4279">
     <span class='ocr_line' id='line_1_76' title="bbox 174 4198 1763 4279; baseline 0.008 -30"><span class='ocrx_word' id='word_1_452' title='bbox 174 4214 311 4261; x_wconf 81' lang='grc' dir='ltr'>των,</span> <span class='ocrx_word' id='word_1_453' title='bbox 344 4198 742 4269; x_wconf 77' lang='grc' dir='ltr'>ἠλλοτριῶσθαι</span> <span class='ocrx_word' id='word_1_454' title='bbox 763 4200 862 4271; x_wconf 87' lang='grc' dir='ltr'>τῆς</span> <span class='ocrx_word' id='word_1_455' title='bbox 891 4200 1043 4265; x_wconf 86' lang='grc' dir='ltr'>Θείας</span> <span class='ocrx_word' id='word_1_456' title='bbox 1085 4202 1367 4274; x_wconf 86' lang='grc' dir='ltr'>ἀληθείας,</span> <span class='ocrx_word' id='word_1_457' title='bbox 1402 4208 1497 4260; x_wconf 73' lang='grc' dir='ltr'>καὶ</span> <span class='ocrx_word' id='word_1_458' title='bbox 1536 4207 1636 4279; x_wconf 87' lang='grc' dir='ltr'>τῆς</span> <span class='ocrx_word' id='word_1_459' title='bbox 1685 4208 1763 4262; x_wconf 88' lang='grc' dir='ltr'>δι-</span> 
     </span>
    </p>
   </div>
   <div class='ocr_carea' id='block_1_77' title="bbox 180 4289 1762 4371">
    <p class='ocr_par' dir='ltr' id='par_1_77' title="bbox 180 4289 1762 4371">
     <span class='ocr_line' id='line_1_77' title="bbox 180 4289 1762 4371; baseline 0.01 -30"><span class='ocrx_word' id='word_1_460' title='bbox 180 4289 484 4358; x_wconf 80' lang='grc' dir='ltr'>καιοσύνης</span> <span class='ocrx_word' id='word_1_461' title='bbox 502 4307 516 4320; x_wconf 90' lang='grc'><strong>·</strong></span> <span class='ocrx_word' id='word_1_462' title='bbox 544 4291 930 4361; x_wconf 82' lang='grc' dir='ltr'>περιεϐάλοντο</span> <span class='ocrx_word' id='word_1_463' title='bbox 949 4293 1059 4365; x_wconf 86' lang='grc' dir='ltr'>γὰρ</span> <span class='ocrx_word' id='word_1_464' title='bbox 1083 4295 1363 4369; x_wconf 81' lang='grc' dir='ltr'>ἀλλότριον</span> <span class='ocrx_word' id='word_1_465' title='bbox 1387 4300 1621 4371; x_wconf 83' lang='grc' dir='ltr'>φόρεμα,</span> <span class='ocrx_word' id='word_1_466' title='bbox 1653 4299 1762 4356; x_wconf 83' lang='grc' dir='ltr'><strong>ὦσ-</strong></span> 
     </span>
    </p>
   </div>
   <div class='ocr_carea' id='block_1_78' title="bbox 177 4376 1685 4457">
    <p class='ocr_par' dir='ltr' id='par_1_78' title="bbox 177 4376 1685 4457">
     <span class='ocr_line' id='line_1_78' title="bbox 177 4376 1685 4457; baseline 0.008 -22"><span class='ocrx_word' id='word_1_467' title='bbox 177 4398 289 4457; x_wconf 75' lang='grc' dir='ltr'><strong>περ</strong></span> <span class='ocrx_word' id='word_1_468' title='bbox 319 4382 479 4437; x_wconf 85' lang='grc' dir='ltr'>λύκοι</span> <span class='ocrx_word' id='word_1_469' title='bbox 512 4384 582 4437; x_wconf 78' lang='grc' dir='ltr'>τὰ</span> <span class='ocrx_word' id='word_1_470' title='bbox 607 4383 716 4438; x_wconf 85' lang='grc' dir='ltr'>τῶν</span> <span class='ocrx_word' id='word_1_471' title='bbox 750 4386 1038 4457; x_wconf 85' lang='grc' dir='ltr'>προϐάτων</span> <span class='ocrx_word' id='word_1_472' title='bbox 1065 4387 1255 4445; x_wconf 88' lang='grc' dir='ltr'>κώδια.</span> <span class='ocrx_word' id='word_1_473' title='bbox 1682 4376 1685 4381; x_wconf 45' lang='grc'><em>’</em></span> 
     </span>
    </p>
   </div>
   <div class='ocr_carea' id='block_1_79' title="bbox 469 4565 1482 4646">
    <p class='ocr_par' dir='ltr' id='par_1_79' title="bbox 469 4565 1482 4646">
     <span class='ocr_line' id='line_1_79' title="bbox 469 4565 1482 4646; baseline 0.01 -29"><span class='ocrx_word' id='word_1_474' title='bbox 469 4565 656 4631; x_wconf 71' lang='grc' dir='ltr'><strong>ΣΠΕΓ.</strong></span> <span class='ocrx_word' id='word_1_475' title='bbox 671 4595 743 4605; x_wconf 91' lang='grc'><strong><em>-</em></strong></span> <span class='ocrx_word' id='word_1_476' title='bbox 763 4566 972 4638; x_wconf 72' lang='grc' dir='ltr'><strong>ΓΑΙΝᾼ</strong></span> <span class='ocrx_word' id='word_1_477' title='bbox 1000 4568 1482 4646; x_wconf 80' lang='grc' dir='ltr'><strong>ΣΤΡΑΤΗΛΑἸᾘ.</strong></span> 
     </span>
    </p>
   </div>
   <div class='ocr_carea' id='block_1_80' title="bbox 257 4653 1761 4733">
    <p class='ocr_par' dir='ltr' id='par_1_80' title="bbox 257 4653 1761 4733">
     <span class='ocr_line' id='line_1_80' title="bbox 257 4653 1761 4733; baseline 0.009 -27"><span class='ocrx_word' id='word_1_478' title='bbox 257 4672 277 4706; x_wconf 82' lang='grc' dir='ltr'><strong>ι</strong></span> <span class='ocrx_word' id='word_1_479' title='bbox 320 4655 423 4718; x_wconf 86' lang='grc' dir='ltr'>ὐς</span> <span class='ocrx_word' id='word_1_480' title='bbox 452 4653 530 4707; x_wconf 83' lang='grc' dir='ltr'>ὣν</span> <span class='ocrx_word' id='word_1_481' title='bbox 576 4655 918 4727; x_wconf 78' lang='grc' dir='ltr'>ἀπαύγασμα</span> <span class='ocrx_word' id='word_1_482' title='bbox 949 4659 1050 4728; x_wconf 85' lang='grc' dir='ltr'>τῆς</span> <span class='ocrx_word' id='word_1_483' title='bbox 1094 4657 1271 4730; x_wconf 79' lang='grc' dir='ltr'>δόξης.</span> <span class='ocrx_word' id='word_1_484' title='bbox 1309 4680 1329 4715; x_wconf 72' lang='grc' dir='ltr'><strong>ι</strong></span> <span class='ocrx_word' id='word_1_485' title='bbox 1374 4662 1761 4733; x_wconf 82' lang='grc' dir='ltr'>’Υποδείγματι</span> 
     </span>
    </p>
   </div>
   <div class='ocr_carea' id='block_1_81' title="bbox 1947 3285 3454 3360">
    <p class='ocr_par' dir='ltr' id='par_1_81' title="bbox 1947 3285 3454 3360">
     <span class='ocr_line' id='line_1_81' title="bbox 1947 3285 3454 3360; baseline -0.001 -15"><span class='ocrx_word' id='word_1_486' title='bbox 1947 3290 2139 3346; x_wconf 81' lang='lat' dir='ltr'><strong>Victus</strong></span> <span class='ocrx_word' id='word_1_487' title='bbox 2179 3290 2487 3360; x_wconf 87' lang='lat' dir='ltr'><strong>quotidiani</strong></span> <span class='ocrx_word' id='word_1_488' title='bbox 2528 3288 2809 3343; x_wconf 85' lang='lat' dir='ltr'><strong>immodici</strong></span> <span class='ocrx_word' id='word_1_489' title='bbox 2854 3288 2979 3343; x_wconf 84' lang='lat' dir='ltr'><strong>ﬁnis</strong></span> <span class='ocrx_word' id='word_1_490' title='bbox 3006 3328 3020 3353; x_wconf 96' lang='lat'><strong>,</strong></span> <span class='ocrx_word' id='word_1_491' title='bbox 3064 3299 3124 3343; x_wconf 89' lang='lat' dir='ltr'><strong>ut</strong></span> <span class='ocrx_word' id='word_1_492' title='bbox 3163 3285 3454 3345; x_wconf 84' lang='lat' dir='ltr'><strong>manifesto</strong></span> 
     </span>
    </p>
   </div>
   <div class='ocr_carea' id='block_1_82' title="bbox 1875 3380 3451 3454">
    <p class='ocr_par' dir='ltr' id='par_1_82' title="bbox 1875 3380 3451 3454">
     <span class='ocr_line' id='line_1_82' title="bbox 1875 3380 3451 3454; baseline -0.004 -16"><span class='ocrx_word' id='word_1_493' title='bbox 1875 3392 2140 3454; x_wconf 88' lang='lat' dir='ltr'><strong>apparet,</strong></span> <span class='ocrx_word' id='word_1_494' title='bbox 2176 3382 2540 3452; x_wconf 87' lang='lat' dir='ltr'><strong>supplicium,</strong></span> <span class='ocrx_word' id='word_1_495' title='bbox 2581 3396 2726 3449; x_wconf 70' lang='lat' dir='ltr'><strong>saepe</strong></span> <span class='ocrx_word' id='word_1_496' title='bbox 2765 3380 2930 3433; x_wconf 89' lang='lat' dir='ltr'><strong>etiam</strong></span> <span class='ocrx_word' id='word_1_497' title='bbox 2973 3393 3201 3434; x_wconf 86' lang='lat' dir='ltr'><strong>numero</strong></span> <span class='ocrx_word' id='word_1_498' title='bbox 3239 3388 3296 3434; x_wconf 87' lang='lat' dir='ltr'><strong>et</strong></span> <span class='ocrx_word' id='word_1_499' title='bbox 3333 3393 3451 3433; x_wconf 91' lang='lat' dir='ltr'><strong>ma-</strong></span> 
     </span>
    </p>
   </div>
   <div class='ocr_carea' id='block_1_83' title="bbox 1874 3472 2953 3547">
    <p class='ocr_par' dir='ltr' id='par_1_83' title="bbox 1874 3472 2953 3547">
     <span class='ocr_line' id='line_1_83' title="bbox 1874 3472 2953 3547; baseline -0.004 -17"><span class='ocrx_word' id='word_1_500' title='bbox 1874 3476 1981 3533; x_wconf 81' lang='lat' dir='ltr'><strong>lam</strong></span> <span class='ocrx_word' id='word_1_501' title='bbox 2014 3474 2389 3547; x_wconf 67' lang='lat' dir='ltr'><strong>aegritudinem</strong></span> <span class='ocrx_word' id='word_1_502' title='bbox 2422 3474 2639 3541; x_wconf 89' lang='lat' dir='ltr'><strong>corpori</strong></span> <span class='ocrx_word' id='word_1_503' title='bbox 2675 3472 2953 3526; x_wconf 88' lang='lat' dir='ltr'><strong>conciliat.</strong></span> 
     </span>
    </p>
   </div>
   <div class='ocr_carea' id='block_1_84' title="bbox 2228 3560 3093 3620">
    <p class='ocr_par' dir='ltr' id='par_1_84' title="bbox 2228 3560 3093 3620">
     <span class='ocr_line' id='line_1_84' title="bbox 2228 3560 3093 3620; baseline -0.002 0"><span class='ocrx_word' id='word_1_504' title='bbox 2228 3562 2581 3620; x_wconf 78' lang='lat' dir='ltr'><strong>CCLXXXV.</strong></span> <span class='ocrx_word' id='word_1_505' title='bbox 2625 3594 2691 3603; x_wconf 93' lang='lat'><strong><em>—</em></strong></span> <span class='ocrx_word' id='word_1_506' title='bbox 2729 3560 3093 3618; x_wconf 72' lang='lat' dir='ltr'><strong>CORNELIO.</strong></span> 
     </span>
    </p>
   </div>
   <div class='ocr_carea' id='block_1_85' title="bbox 1950 3653 3450 3725">
    <p class='ocr_par' dir='ltr' id='par_1_85' title="bbox 1950 3653 3450 3725">
     <span class='ocr_line' id='line_1_85' title="bbox 1950 3653 3450 3725; baseline -0.002 -14"><span class='ocrx_word' id='word_1_507' title='bbox 1950 3677 1968 3711; x_wconf 84' lang='grc' dir='ltr'><strong>ι</strong></span> <span class='ocrx_word' id='word_1_508' title='bbox 2004 3657 2292 3721; x_wconf 84' lang='lat' dir='ltr'><strong>Visitabo,</strong></span> <span class='ocrx_word' id='word_1_509' title='bbox 2331 3658 2407 3710; x_wconf 90' lang='lat' dir='ltr'><strong>ait</strong></span> <span class='ocrx_word' id='word_1_510' title='bbox 2446 3656 2767 3711; x_wconf 88' lang='lat' dir='ltr'><strong>vaticinium</strong></span> <span class='ocrx_word' id='word_1_511' title='bbox 2793 3691 2809 3717; x_wconf 88' lang='lat'><strong>,</strong></span> <span class='ocrx_word' id='word_1_512' title='bbox 2850 3670 3017 3725; x_wconf 89' lang='lat' dir='ltr'><strong>super</strong></span> <span class='ocrx_word' id='word_1_513' title='bbox 3056 3669 3153 3709; x_wconf 89' lang='lat' dir='ltr'><strong>eos</strong></span> <span class='ocrx_word' id='word_1_514' title='bbox 3179 3693 3194 3717; x_wconf 89' lang='lat'><strong>,</strong></span> <span class='ocrx_word' id='word_1_515' title='bbox 3233 3653 3328 3724; x_wconf 90' lang='lat' dir='ltr'><strong>qui</strong></span> <span class='ocrx_word' id='word_1_516' title='bbox 3366 3653 3450 3708; x_wconf 88' lang='lat' dir='ltr'><strong>in-</strong></span> 
     </span>
    </p>
   </div>
   <div class='ocr_carea' id='block_1_86' title="bbox 1874 3742 3449 3814">
    <p class='ocr_par' dir='ltr' id='par_1_86' title="bbox 1874 3742 3449 3814">
     <span class='ocr_line' id='line_1_86' title="bbox 1874 3742 3449 3814; baseline -0.004 -11"><span class='ocrx_word' id='word_1_517' title='bbox 1874 3747 1992 3803; x_wconf 91' lang='lat' dir='ltr'><strong>duti</strong></span> <span class='ocrx_word' id='word_1_518' title='bbox 2029 3755 2158 3803; x_wconf 86' lang='lat' dir='ltr'><strong>sunt</strong></span> <span class='ocrx_word' id='word_1_519' title='bbox 2189 3746 2436 3801; x_wconf 86' lang='lat' dir='ltr'><strong>vestibus</strong></span> <span class='ocrx_word' id='word_1_520' title='bbox 2472 3743 2774 3814; x_wconf 79' lang='lat' dir='ltr'><strong>peregrinis</strong></span> <span class='ocrx_word' id='word_1_521' title='bbox 2807 3743 2874 3800; x_wconf 87' lang='grc'><strong>⁷⁷.</strong></span> <span class='ocrx_word' id='word_1_522' title='bbox 2911 3763 2929 3795; x_wconf 73' lang='grc' dir='ltr'><strong>ι</strong></span> <span class='ocrx_word' id='word_1_523' title='bbox 2962 3742 3065 3809; x_wconf 85' lang='lat' dir='ltr'><strong>Qui</strong></span> <span class='ocrx_word' id='word_1_524' title='bbox 3095 3742 3238 3797; x_wconf 90' lang='lat' dir='ltr'><strong>enim</strong></span> <span class='ocrx_word' id='word_1_525' title='bbox 3272 3743 3449 3797; x_wconf 89' lang='lat' dir='ltr'><strong>virtu-</strong></span> 
     </span>
    </p>
   </div>
   <div class='ocr_carea' id='block_1_87' title="bbox 1872 3835 3447 3902">
    <p class='ocr_par' dir='ltr' id='par_1_87' title="bbox 1872 3835 3447 3902">
     <span class='ocr_line' id='line_1_87' title="bbox 1872 3835 3447 3902; baseline -0.004 -9"><span class='ocrx_word' id='word_1_526' title='bbox 1872 3846 1980 3894; x_wconf 87' lang='lat' dir='ltr'><strong>tem</strong></span> <span class='ocrx_word' id='word_1_527' title='bbox 2015 3854 2126 3892; x_wconf 90' lang='lat' dir='ltr'><strong>non</strong></span> <span class='ocrx_word' id='word_1_528' title='bbox 2162 3847 2343 3902; x_wconf 89' lang='lat' dir='ltr'><strong>tenet,</strong></span> <span class='ocrx_word' id='word_1_529' title='bbox 2373 3836 2823 3891; x_wconf 82' lang='lat' dir='ltr'><strong>dissimulatione</strong></span> <span class='ocrx_word' id='word_1_530' title='bbox 2860 3850 2991 3890; x_wconf 86' lang='lat' dir='ltr'><strong>vero</strong></span> <span class='ocrx_word' id='word_1_531' title='bbox 3023 3850 3158 3889; x_wconf 87' lang='lat' dir='ltr'><strong>usus</strong></span> <span class='ocrx_word' id='word_1_532' title='bbox 3189 3835 3447 3888; x_wconf 88' lang='lat' dir='ltr'><strong>virtutem</strong></span> 
     </span>
    </p>
   </div>
   <div class='ocr_carea' id='block_1_88' title="bbox 1871 3924 3446 3999">
    <p class='ocr_par' dir='ltr' id='par_1_88' title="bbox 1871 3924 3446 3999">
     <span class='ocr_line' id='line_1_88' title="bbox 1871 3924 3446 3999; baseline -0.004 -13"><span class='ocrx_word' id='word_1_533' title='bbox 1871 3945 1931 3987; x_wconf 84' lang='lat' dir='ltr'><strong>se</strong></span> <span class='ocrx_word' id='word_1_534' title='bbox 1952 3929 2236 3999; x_wconf 90' lang='lat' dir='ltr'><strong>possidere</strong></span> <span class='ocrx_word' id='word_1_535' title='bbox 2257 3928 2563 3993; x_wconf 84' lang='lat' dir='ltr'><strong>contendit,</strong></span> <span class='ocrx_word' id='word_1_536' title='bbox 2584 3928 2937 3982; x_wconf 74' lang='lat' dir='ltr'><strong>manifestum</strong></span> <span class='ocrx_word' id='word_1_537' title='bbox 2965 3932 3049 3981; x_wconf 88' lang='lat' dir='ltr'><strong>est</strong></span> <span class='ocrx_word' id='word_1_538' title='bbox 3083 3941 3207 3980; x_wconf 90' lang='lat' dir='ltr'><strong>eum</strong></span> <span class='ocrx_word' id='word_1_539' title='bbox 3249 3924 3446 3980; x_wconf 88' lang='lat' dir='ltr'><strong>alienis</strong></span> 
     </span>
    </p>
   </div>
   <div class='ocr_carea' id='block_1_89' title="bbox 1868 4015 3445 4087">
    <p class='ocr_par' dir='ltr' id='par_1_89' title="bbox 1868 4015 3445 4087">
     <span class='ocr_line' id='line_1_89' title="bbox 1868 4015 3445 4087; baseline -0.001 -15"><span class='ocrx_word' id='word_1_540' title='bbox 1868 4018 2113 4072; x_wconf 86' lang='lat' dir='ltr'><strong>vestibus</strong></span> <span class='ocrx_word' id='word_1_541' title='bbox 2141 4016 2576 4072; x_wconf 88' lang='lat' dir='ltr'><strong>circumvestiri.</strong></span> <span class='ocrx_word' id='word_1_542' title='bbox 2611 4016 2677 4069; x_wconf 90' lang='lat' dir='ltr'><strong>Et</strong></span> <span class='ocrx_word' id='word_1_543' title='bbox 2713 4017 2808 4087; x_wconf 86' lang='lat' dir='ltr'><strong>qui</strong></span> <span class='ocrx_word' id='word_1_544' title='bbox 2843 4031 2874 4070; x_wconf 90' lang='lat' dir='ltr'><strong>a</strong></span> <span class='ocrx_word' id='word_1_545' title='bbox 2902 4016 3188 4070; x_wconf 85' lang='lat' dir='ltr'><strong>catholicis</strong></span> <span class='ocrx_word' id='word_1_546' title='bbox 3216 4015 3445 4071; x_wconf 88' lang='lat' dir='ltr'><strong>auribus</strong></span> 
     </span>
    </p>
   </div>
   <div class='ocr_carea' id='block_1_90' title="bbox 1866 4108 3447 4177">
    <p class='ocr_par' dir='ltr' id='par_1_90' title="bbox 1866 4108 3447 4177">
     <span class='ocr_line' id='line_1_90' title="bbox 1866 4108 3447 4177; baseline -0.004 -10"><span class='ocrx_word' id='word_1_547' title='bbox 1866 4113 2044 4167; x_wconf 88' lang='lat' dir='ltr'><strong>aliena</strong></span> <span class='ocrx_word' id='word_1_548' title='bbox 2074 4111 2359 4175; x_wconf 88' lang='lat' dir='ltr'><strong>sentiunt,</strong></span> <span class='ocrx_word' id='word_1_549' title='bbox 2393 4109 2717 4165; x_wconf 89' lang='lat' dir='ltr'><strong>simulantes</strong></span> <span class='ocrx_word' id='word_1_550' title='bbox 2765 4124 2824 4163; x_wconf 90' lang='lat' dir='ltr'><strong>se</strong></span> <span class='ocrx_word' id='word_1_551' title='bbox 2861 4108 3027 4177; x_wconf 91' lang='lat' dir='ltr'><strong>proba</strong></span> <span class='ocrx_word' id='word_1_552' title='bbox 3062 4108 3295 4171; x_wconf 90' lang='lat' dir='ltr'><strong>docere,</strong></span> <span class='ocrx_word' id='word_1_553' title='bbox 3322 4122 3447 4177; x_wconf 87' lang='lat' dir='ltr'><strong>pro-</strong></span> 
     </span>
    </p>
   </div>
   <div class='ocr_carea' id='block_1_91' title="bbox 1868 4199 3442 4278">
    <p class='ocr_par' dir='ltr' id='par_1_91' title="bbox 1868 4199 3442 4278">
     <span class='ocr_line' id='line_1_91' title="bbox 1868 4199 3442 4278; baseline -0.004 -17"><span class='ocrx_word' id='word_1_554' title='bbox 1868 4215 1991 4278; x_wconf 80' lang='lat' dir='ltr'><strong>pter</strong></span> <span class='ocrx_word' id='word_1_555' title='bbox 2029 4219 2197 4276; x_wconf 89' lang='lat' dir='ltr'><strong>prava</strong></span> <span class='ocrx_word' id='word_1_556' title='bbox 2244 4203 2500 4275; x_wconf 74' lang='lat' dir='ltr'><strong>dogmata</strong></span> <span class='ocrx_word' id='word_1_557' title='bbox 2553 4202 2680 4257; x_wconf 88' lang='lat' dir='ltr'><strong>aliis</strong></span> <span class='ocrx_word' id='word_1_558' title='bbox 2717 4202 3035 4264; x_wconf 88' lang='lat' dir='ltr'><strong>insinuata,</strong></span> <span class='ocrx_word' id='word_1_559' title='bbox 3074 4216 3132 4255; x_wconf 85' lang='lat' dir='ltr'><strong>se</strong></span> <span class='ocrx_word' id='word_1_560' title='bbox 3178 4215 3207 4253; x_wconf 90' lang='lat' dir='ltr'><strong>a</strong></span> <span class='ocrx_word' id='word_1_561' title='bbox 3257 4199 3442 4255; x_wconf 85' lang='lat' dir='ltr'><strong>divina</strong></span> 
     </span>
    </p>
   </div>
   <div class='ocr_carea' id='block_1_92' title="bbox 1869 4291 3440 4365">
    <p class='ocr_par' dir='ltr' id='par_1_92' title="bbox 1869 4291 3440 4365">
     <span class='ocr_line' id='line_1_92' title="bbox 1869 4291 3440 4365; baseline -0.001 -16"><span class='ocrx_word' id='word_1_562' title='bbox 1869 4298 2102 4353; x_wconf 91' lang='lat' dir='ltr'><strong>veritate</strong></span> <span class='ocrx_word' id='word_1_563' title='bbox 2148 4304 2203 4351; x_wconf 91' lang='lat' dir='ltr'><strong>et</strong></span> <span class='ocrx_word' id='word_1_564' title='bbox 2249 4294 2470 4365; x_wconf 87' lang='lat' dir='ltr'><strong>justitia</strong></span> <span class='ocrx_word' id='word_1_565' title='bbox 2525 4293 2686 4364; x_wconf 83' lang='lat' dir='ltr'><strong>longe</strong></span> <span class='ocrx_word' id='word_1_566' title='bbox 2735 4309 2858 4348; x_wconf 91' lang='lat' dir='ltr'><strong>esse</strong></span> <span class='ocrx_word' id='word_1_567' title='bbox 2909 4291 3440 4362; x_wconf 86' lang='lat' dir='ltr'><strong>deprehenduntur:</strong></span> 
     </span>
    </p>
   </div>
   <div class='ocr_carea' id='block_1_93' title="bbox 1869 4378 3485 4458">
    <p class='ocr_par' dir='ltr' id='par_1_93' title="bbox 1869 4378 3485 4458">
     <span class='ocr_line' id='line_1_93' title="bbox 1869 4378 3485 4458; baseline -0.004 -15"><span class='ocrx_word' id='word_1_568' title='bbox 1869 4403 2108 4458; x_wconf 88' lang='lat' dir='ltr'><strong>namque</strong></span> <span class='ocrx_word' id='word_1_569' title='bbox 2164 4386 2347 4441; x_wconf 90' lang='lat' dir='ltr'><strong>alieno</strong></span> <span class='ocrx_word' id='word_1_570' title='bbox 2410 4386 2733 4440; x_wconf 88' lang='lat' dir='ltr'><strong>indumento</strong></span> <span class='ocrx_word' id='word_1_571' title='bbox 2802 4384 3204 4440; x_wconf 87' lang='lat' dir='ltr'><strong>circumvestiti</strong></span> <span class='ocrx_word' id='word_1_572' title='bbox 3273 4378 3485 4452; x_wconf 33' lang='lat' dir='ltr'><strong>sunt,—</strong></span> 
     </span>
    </p>
   </div>
   <div class='ocr_carea' id='block_1_94' title="bbox 1799 4463 3016 4551">
    <p class='ocr_par' dir='ltr' id='par_1_94' title="bbox 1799 4463 3016 4551">
     <span class='ocr_line' id='line_1_94' title="bbox 1799 4463 3016 4551; baseline -0.003 -18"><span class='ocrx_word' id='word_1_573' title='bbox 1799 4463 1843 4519; x_wconf 78' lang='grc' dir='ltr'><strong>Ῐ)</strong></span> <span class='ocrx_word' id='word_1_574' title='bbox 1867 4477 2325 4551; x_wconf 88' lang='lat' dir='ltr'><strong>quemadmodum</strong></span> <span class='ocrx_word' id='word_1_575' title='bbox 2360 4477 2470 4545; x_wconf 92' lang='lat' dir='ltr'><strong>lupi</strong></span> <span class='ocrx_word' id='word_1_576' title='bbox 2535 4475 2775 4545; x_wconf 88' lang='lat' dir='ltr'><strong>pellibus</strong></span> <span class='ocrx_word' id='word_1_577' title='bbox 2809 4475 3016 4529; x_wconf 92' lang='lat' dir='ltr'><strong>ovium.</strong></span> 
     </span>
    </p>
   </div>
   <div class='ocr_carea' id='block_1_95' title="bbox 1900 4564 3405 4631">
    <p class='ocr_par' dir='ltr' id='par_1_95' title="bbox 1900 4564 3405 4631">
     <span class='ocr_line' id='line_1_95' title="bbox 1900 4564 3405 4631; baseline -0.003 -5"><span class='ocrx_word' id='word_1_578' title='bbox 1900 4568 2275 4626; x_wconf 77' lang='lat' dir='ltr'><strong>CCLXXXVI.</strong></span> <span class='ocrx_word' id='word_1_579' title='bbox 2313 4598 2385 4608; x_wconf 93' lang='lat'><strong>—-</strong></span> <span class='ocrx_word' id='word_1_580' title='bbox 2423 4566 2657 4624; x_wconf 62' lang='lat' dir='ltr'><strong>GAlNzE</strong></span> <span class='ocrx_word' id='word_1_581' title='bbox 2689 4566 3044 4623; x_wconf 79' lang='lat' dir='ltr'><strong>COPlARUM</strong></span> <span class='ocrx_word' id='word_1_582' title='bbox 3080 4564 3405 4631; x_wconf 74' lang='lat' dir='ltr'><strong>DUCTORI.</strong></span> 
     </span>
    </p>
   </div>
   <div class='ocr_carea' id='block_1_96' title="bbox 1942 4659 3441 4733">
    <p class='ocr_par' dir='ltr' id='par_1_96' title="bbox 1942 4659 3441 4733">
     <span class='ocr_line' id='line_1_96' title="bbox 1942 4659 3441 4733; baseline 0.001 -19"><span class='ocrx_word' id='word_1_583' title='bbox 1942 4680 1961 4714; x_wconf 82' lang='grc' dir='ltr'><strong>ι</strong></span> <span class='ocrx_word' id='word_1_584' title='bbox 1994 4662 2099 4729; x_wconf 87' lang='lat' dir='ltr'><strong>Qui</strong></span> <span class='ocrx_word' id='word_1_585' title='bbox 2135 4674 2219 4718; x_wconf 89' lang='lat' dir='ltr'><strong>est</strong></span> <span class='ocrx_word' id='word_1_586' title='bbox 2256 4661 2517 4733; x_wconf 77' lang='lat' dir='ltr'><strong>Splendor</strong></span> <span class='ocrx_word' id='word_1_587' title='bbox 2557 4660 2745 4732; x_wconf 74' lang='lat' dir='ltr'><strong>gloria:</strong></span> <span class='ocrx_word' id='word_1_588' title='bbox 2783 4660 2847 4713; x_wconf 80' lang='grc'><strong>⁷⁸.</strong></span> <span class='ocrx_word' id='word_1_589' title='bbox 2882 4679 2901 4712; x_wconf 77' lang='grc' dir='ltr'><strong>ι</strong></span> <span class='ocrx_word' id='word_1_590' title='bbox 2932 4659 3192 4730; x_wconf 81' lang='lat' dir='ltr'><strong>Exemplo</strong></span> <span class='ocrx_word' id='word_1_591' title='bbox 3230 4675 3441 4715; x_wconf 89' lang='lat' dir='ltr'><strong>sermo-</strong></span> 
     </span>
    </p>
   </div>
   <div class='ocr_carea' id='block_1_97' title="bbox 178 4744 1759 4827">
    <p class='ocr_par' dir='ltr' id='par_1_97' title="bbox 178 4744 1759 4827">
     <span class='ocr_line' id='line_1_97' title="bbox 178 4744 1759 4827; baseline 0.008 -27"><span class='ocrx_word' id='word_1_592' title='bbox 178 4744 487 4815; x_wconf 77' lang='grc' dir='ltr'>διαλέγεται</span> <span class='ocrx_word' id='word_1_593' title='bbox 516 4748 547 4801; x_wconf 87' lang='grc' dir='ltr'><strong>ό</strong></span> <span class='ocrx_word' id='word_1_594' title='bbox 576 4748 749 4818; x_wconf 85' lang='grc' dir='ltr'>μέγας</span> <span class='ocrx_word' id='word_1_595' title='bbox 786 4750 1126 4815; x_wconf 78' lang='grc' dir='ltr'>’Δπόστολος,</span> <span class='ocrx_word' id='word_1_596' title='bbox 1156 4752 1245 4807; x_wconf 79' lang='grc' dir='ltr'>ἵνα</span> <span class='ocrx_word' id='word_1_597' title='bbox 1275 4755 1491 4827; x_wconf 82' lang='grc' dir='ltr'>σημάνῃ</span> <span class='ocrx_word' id='word_1_598' title='bbox 1522 4758 1582 4810; x_wconf 83' lang='grc' dir='ltr'>τὸ</span> <span class='ocrx_word' id='word_1_599' title='bbox 1614 4758 1759 4811; x_wconf 81' lang='grc' dir='ltr'>ἁπα-</span> 
     </span>
    </p>
   </div>
   <div class='ocr_carea' id='block_1_98' title="bbox 182 4836 1763 4919">
    <p class='ocr_par' dir='ltr' id='par_1_98' title="bbox 182 4836 1757 4919">
     <span class='ocr_line' id='line_1_98' title="bbox 182 4836 1757 4919; baseline 0.009 -30"><span class='ocrx_word' id='word_1_600' title='bbox 182 4836 293 4902; x_wconf 75' lang='grc' dir='ltr'>θὶς,</span> <span class='ocrx_word' id='word_1_601' title='bbox 336 4838 435 4892; x_wconf 76' lang='grc' dir='ltr'>καὶ</span> <span class='ocrx_word' id='word_1_602' title='bbox 471 4838 555 4891; x_wconf 82' lang='grc' dir='ltr'>ὅτι</span> <span class='ocrx_word' id='word_1_603' title='bbox 587 4840 686 4893; x_wconf 84' lang='grc' dir='ltr'>οὐκ</span> <span class='ocrx_word' id='word_1_604' title='bbox 714 4839 773 4905; x_wconf 77' lang='grc' dir='ltr'><strong>ἐξ</strong></span> <span class='ocrx_word' id='word_1_605' title='bbox 804 4840 1208 4908; x_wconf 70' lang='grc' dir='ltr'>ὲλαττωθέντος</span> <span class='ocrx_word' id='word_1_606' title='bbox 1236 4846 1330 4900; x_wconf 82' lang='grc' dir='ltr'>τοῦ</span> <span class='ocrx_word' id='word_1_607' title='bbox 1374 4848 1607 4919; x_wconf 84' lang='grc' dir='ltr'>Πατρὸς,</span> <span class='ocrx_word' id='word_1_608' title='bbox 1635 4849 1757 4917; x_wconf 84' lang='grc' dir='ltr'>οὐδὲ</span> 
     </span>
    </p>
   </div>
   <div class='ocr_carea' id='block_1_99' title="bbox 1895 4836 3438 4919">
    <p class='ocr_par' dir='ltr' id='par_1_99' title="bbox 1903 4844 3438 4915">
     <span class='ocr_line' id='line_1_99' title="bbox 1903 4844 3438 4915; baseline 0.001 -16"><span class='ocrx_word' id='word_1_609' title='bbox 1903 4848 2011 4902; x_wconf 90' lang='lat' dir='ltr'><strong>ime</strong></span> <span class='ocrx_word' id='word_1_610' title='bbox 2042 4846 2341 4901; x_wconf 79' lang='lat' dir='ltr'><strong>obnoxium</strong></span> <span class='ocrx_word' id='word_1_611' title='bbox 2373 4844 2711 4915; x_wconf 81' lang='lat' dir='ltr'><strong>signiﬁcaret</strong></span> <span class='ocrx_word' id='word_1_612' title='bbox 2733 4888 2748 4912; x_wconf 87' lang='lat'><strong>,</strong></span> <span class='ocrx_word' id='word_1_613' title='bbox 2780 4845 3128 4914; x_wconf 90' lang='lat' dir='ltr'><strong>splendorem</strong></span> <span class='ocrx_word' id='word_1_614' title='bbox 3162 4844 3308 4899; x_wconf 87' lang='lat' dir='ltr'><strong>hunc</strong></span> <span class='ocrx_word' id='word_1_615' title='bbox 3341 4860 3438 4900; x_wconf 79' lang='lat' dir='ltr'><strong>ne-</strong></span> 
     </span>
    </p>
   </div>
   <div class='ocr_carea' id='block_1_100' title="bbox 182 4929 1763 5007">
    <p class='ocr_par' dir='ltr' id='par_1_100' title="bbox 182 4929 1761 5007">
     <span class='ocr_line' id='line_1_100' title="bbox 182 4929 1761 5007; baseline 0.008 -26"><span class='ocrx_word' id='word_1_616' title='bbox 182 4929 511 5000; x_wconf 80' lang='grc' dir='ltr'>μειωθέντος</span> <span class='ocrx_word' id='word_1_617' title='bbox 529 4930 661 4994; x_wconf 77' lang='grc' dir='ltr'>,τόδε</span> <span class='ocrx_word' id='word_1_618' title='bbox 689 4932 1052 5004; x_wconf 77' lang='grc' dir='ltr'>ἀπαύγασμα,</span> <span class='ocrx_word' id='word_1_619' title='bbox 1086 4936 1188 4989; x_wconf 83' lang='grc' dir='ltr'><strong>οὐκ</strong></span> <span class='ocrx_word' id='word_1_620' title='bbox 1221 4937 1618 5007; x_wconf 79' lang='grc' dir='ltr'>ἀνυπόστατον,</span> <span class='ocrx_word' id='word_1_621' title='bbox 1644 4941 1761 4994; x_wconf 83' lang='grc' dir='ltr'>ἀλλ’</span> 
     </span>
    </p>
   </div>
   <div class='ocr_carea' id='block_1_101' title="bbox 1895 4929 3432 5007">
    <p class='ocr_par' dir='ltr' id='par_1_101' title="bbox 1897 4935 3432 5007">
     <span class='ocr_line' id='line_1_101' title="bbox 1897 4935 3432 5007; baseline 0.002 -17"><span class='ocrx_word' id='word_1_622' title='bbox 1897 4951 1963 4991; x_wconf 89' lang='lat' dir='ltr'><strong>ue</strong></span> <span class='ocrx_word' id='word_1_623' title='bbox 1990 4951 2056 4990; x_wconf 77' lang='lat' dir='ltr'><strong>ex</strong></span> <span class='ocrx_word' id='word_1_624' title='bbox 2092 4936 2483 4992; x_wconf 88' lang='lat' dir='ltr'><strong>detrimentum</strong></span> <span class='ocrx_word' id='word_1_625' title='bbox 2524 4951 2728 5007; x_wconf 88' lang='lat' dir='ltr'><strong>passo,</strong></span> <span class='ocrx_word' id='word_1_626' title='bbox 2767 4944 2861 4989; x_wconf 90' lang='lat' dir='ltr'><strong>aut</strong></span> <span class='ocrx_word' id='word_1_627' title='bbox 2900 4936 3192 4989; x_wconf 89' lang='lat' dir='ltr'><strong>imminuto</strong></span> <span class='ocrx_word' id='word_1_628' title='bbox 3228 4935 3390 4993; x_wconf 88' lang='lat' dir='ltr'><strong>Patre</strong></span> <span class='ocrx_word' id='word_1_629' title='bbox 3415 4979 3432 5005; x_wconf 92' lang='lat'><strong>,</strong></span> 
     </span>
    </p>
   </div>
   <div class='ocr_carea' id='block_1_102' title="bbox 177 5021 1763 5103">
    <p class='ocr_par' dir='ltr' id='par_1_102' title="bbox 177 5021 1761 5103">
     <span class='ocr_line' id='line_1_102' title="bbox 177 5021 1761 5103; baseline 0.007 -28"><span class='ocrx_word' id='word_1_630' title='bbox 177 5022 239 5075; x_wconf 72' lang='grc' dir='ltr'>ιν</span> <span class='ocrx_word' id='word_1_631' title='bbox 273 5022 451 5092; x_wconf 81' lang='grc' dir='ltr'>ἑτέρῳ</span> <span class='ocrx_word' id='word_1_632' title='bbox 491 5021 607 5093; x_wconf 76' lang='grc' dir='ltr'>ἔχει</span> <span class='ocrx_word' id='word_1_633' title='bbox 637 5022 698 5077; x_wconf 83' lang='grc' dir='ltr'>τὸ</span> <span class='ocrx_word' id='word_1_634' title='bbox 729 5021 886 5079; x_wconf 77' lang='grc' dir='ltr'>εἶναι.</span> <span class='ocrx_word' id='word_1_635' title='bbox 922 5026 1015 5097; x_wconf 82' lang='grc' dir='ltr'><strong>Μὴ</strong></span> <span class='ocrx_word' id='word_1_636' title='bbox 1045 5022 1138 5081; x_wconf 82' lang='grc' dir='ltr'>οὖν</span> <span class='ocrx_word' id='word_1_637' title='bbox 1173 5027 1333 5083; x_wconf 81' lang='grc' dir='ltr'>τοῦτο</span> <span class='ocrx_word' id='word_1_638' title='bbox 1366 5032 1630 5103; x_wconf 76' lang='grc' dir='ltr'>ἐννοήσῃς</span> <span class='ocrx_word' id='word_1_639' title='bbox 1667 5033 1761 5086; x_wconf 75' lang='grc' dir='ltr'><strong>ἐπὶ</strong></span> 
     </span>
    </p>
   </div>
   <div class='ocr_carea' id='block_1_103' title="bbox 1895 5021 3435 5103">
    <p class='ocr_par' dir='ltr' id='par_1_103' title="bbox 1895 5027 3435 5098">
     <span class='ocr_line' id='line_1_103' title="bbox 1895 5027 3435 5098; baseline 0.001 -15"><span class='ocrx_word' id='word_1_640' title='bbox 1895 5042 1979 5083; x_wconf 87' lang='lat' dir='ltr'><strong>sse</strong></span> <span class='ocrx_word' id='word_1_641' title='bbox 2016 5027 2136 5082; x_wconf 85' lang='lat' dir='ltr'><strong>sine</strong></span> <span class='ocrx_word' id='word_1_642' title='bbox 2173 5029 2536 5083; x_wconf 86' lang='lat' dir='ltr'><strong>subsistentia</strong></span> <span class='ocrx_word' id='word_1_643' title='bbox 2564 5068 2579 5091; x_wconf 92' lang='lat'><strong>,</strong></span> <span class='ocrx_word' id='word_1_644' title='bbox 2617 5045 2783 5098; x_wconf 91' lang='lat' dir='ltr'><strong>quam</strong></span> <span class='ocrx_word' id='word_1_645' title='bbox 2825 5029 2877 5082; x_wconf 92' lang='lat' dir='ltr'><strong>in</strong></span> <span class='ocrx_word' id='word_1_646' title='bbox 2914 5028 3023 5080; x_wconf 89' lang='lat' dir='ltr'><strong>alio</strong></span> <span class='ocrx_word' id='word_1_647' title='bbox 3073 5028 3317 5083; x_wconf 86' lang='lat' dir='ltr'><strong>haberet.</strong></span> <span class='ocrx_word' id='word_1_648' title='bbox 3354 5028 3435 5085; x_wconf 67' lang='lat' dir='ltr'><strong>Ne</strong></span> 
     </span>
    </p>
   </div>
   <div class='ocr_carea' id='block_1_104' title="bbox 176 5112 1763 5190">
    <p class='ocr_par' dir='ltr' id='par_1_104' title="bbox 176 5112 1759 5188">
     <span class='ocr_line' id='line_1_104' title="bbox 176 5112 1759 5188; baseline 0.006 -20"><span class='ocrx_word' id='word_1_649' title='bbox 176 5113 271 5168; x_wconf 75' lang='grc' dir='ltr'>τοῦ</span> <span class='ocrx_word' id='word_1_650' title='bbox 301 5112 442 5167; x_wconf 77' lang='grc' dir='ltr'>Θεοῦ</span> <span class='ocrx_word' id='word_1_651' title='bbox 477 5114 677 5183; x_wconf 86' lang='grc' dir='ltr'>Λόγου·</span> <span class='ocrx_word' id='word_1_652' title='bbox 707 5115 871 5184; x_wconf 80' lang='grc' dir='ltr'>βλέπε</span> <span class='ocrx_word' id='word_1_653' title='bbox 922 5118 1031 5188; x_wconf 83' lang='grc' dir='ltr'>γὰρ</span> <span class='ocrx_word' id='word_1_654' title='bbox 1074 5118 1128 5173; x_wconf 89' lang='grc' dir='ltr'><strong>τί</strong></span> <span class='ocrx_word' id='word_1_655' title='bbox 1157 5119 1319 5185; x_wconf 84' lang='grc' dir='ltr'>εὐθὺς</span> <span class='ocrx_word' id='word_1_656' title='bbox 1368 5122 1398 5175; x_wconf 91' lang='grc' dir='ltr'><strong>ό</strong></span> <span class='ocrx_word' id='word_1_657' title='bbox 1438 5123 1759 5188; x_wconf 86' lang='grc' dir='ltr'>Ἀπόστολος</span> 
     </span>
    </p>
   </div>
   <div class='ocr_carea' id='block_1_105' title="bbox 1895 5112 3432 5190">
    <p class='ocr_par' dir='ltr' id='par_1_105' title="bbox 1895 5119 3432 5190">
     <span class='ocr_line' id='line_1_105' title="bbox 1895 5119 3432 5190; baseline 0.002 -17"><span class='ocrx_word' id='word_1_658' title='bbox 1895 5134 2041 5189; x_wconf 88' lang='lat' dir='ltr'><strong>aque</strong></span> <span class='ocrx_word' id='word_1_659' title='bbox 2098 5120 2202 5175; x_wconf 87' lang='lat' dir='ltr'><strong>hoc</strong></span> <span class='ocrx_word' id='word_1_660' title='bbox 2254 5120 2322 5175; x_wconf 91' lang='lat' dir='ltr'><strong>de</strong></span> <span class='ocrx_word' id='word_1_661' title='bbox 2377 5120 2488 5175; x_wconf 87' lang='lat' dir='ltr'><strong>Deo</strong></span> <span class='ocrx_word' id='word_1_662' title='bbox 2532 5119 2714 5174; x_wconf 86' lang='lat' dir='ltr'><strong>Verbo</strong></span> <span class='ocrx_word' id='word_1_663' title='bbox 2768 5120 3073 5190; x_wconf 79' lang='lat' dir='ltr'><strong>intelligas.</strong></span> <span class='ocrx_word' id='word_1_664' title='bbox 3125 5120 3432 5176; x_wconf 83' lang='lat' dir='ltr'><strong>Considera</strong></span> 
     </span>
    </p>
   </div>
   <div class='ocr_carea' id='block_1_106' title="bbox 180 5206 1763 5283">
    <p class='ocr_par' dir='ltr' id='par_1_106' title="bbox 180 5206 1750 5283">
     <span class='ocr_line' id='line_1_106' title="bbox 180 5206 1750 5283; baseline 0.008 -24"><span class='ocrx_word' id='word_1_665' title='bbox 180 5206 378 5274; x_wconf 74' lang='grc' dir='ltr'>ιπάγει</span> <span class='ocrx_word' id='word_1_666' title='bbox 400 5223 416 5237; x_wconf 90' lang='grc'><strong>·</strong></span> <span class='ocrx_word' id='word_1_667' title='bbox 457 5226 478 5259; x_wconf 77' lang='grc' dir='ltr'><strong>ι</strong></span> <span class='ocrx_word' id='word_1_668' title='bbox 517 5208 627 5261; x_wconf 76' lang='grc' dir='ltr'><strong>Καὶ</strong></span> <span class='ocrx_word' id='word_1_669' title='bbox 654 5211 939 5281; x_wconf 79' lang='grc' dir='ltr'>χαρακτήρ</span> <span class='ocrx_word' id='word_1_670' title='bbox 969 5214 1068 5283; x_wconf 82' lang='grc' dir='ltr'>τῆς</span> <span class='ocrx_word' id='word_1_671' title='bbox 1100 5212 1455 5278; x_wconf 84' lang='grc' dir='ltr'>ὑποστάσεως</span> <span class='ocrx_word' id='word_1_672' title='bbox 1502 5214 1691 5271; x_wconf 80' lang='grc' dir='ltr'>αὑτοῦ.</span> <span class='ocrx_word' id='word_1_673' title='bbox 1732 5234 1750 5271; x_wconf 70' lang='grc' dir='ltr'><strong>ι</strong></span> 
     </span>
    </p>
   </div>
   <div class='ocr_carea' id='block_1_107' title="bbox 1895 5206 3429 5283">
    <p class='ocr_par' dir='ltr' id='par_1_107' title="bbox 1895 5211 3429 5281">
     <span class='ocr_line' id='line_1_107' title="bbox 1895 5211 3429 5281; baseline 0.001 -16"><span class='ocrx_word' id='word_1_674' title='bbox 1895 5211 1998 5265; x_wconf 87' lang='lat' dir='ltr'><strong>nim</strong></span> <span class='ocrx_word' id='word_1_675' title='bbox 2031 5226 2152 5281; x_wconf 70' lang='lat' dir='ltr'><strong>qua:</strong></span> <span class='ocrx_word' id='word_1_676' title='bbox 2186 5212 2370 5265; x_wconf 88' lang='lat' dir='ltr'><strong>statim</strong></span> <span class='ocrx_word' id='word_1_677' title='bbox 2392 5211 2552 5281; x_wconf 80' lang='lat'><strong>106</strong></span> <span class='ocrx_word' id='word_1_678' title='bbox 2568 5212 2866 5281; x_wconf 84' lang='lat' dir='ltr'><strong>Apostolus</strong></span> <span class='ocrx_word' id='word_1_679' title='bbox 2896 5211 3082 5266; x_wconf 87' lang='lat' dir='ltr'><strong>subdit</strong></span> <span class='ocrx_word' id='word_1_680' title='bbox 3110 5229 3122 5265; x_wconf 92' lang='lat'><strong>:</strong></span> <span class='ocrx_word' id='word_1_681' title='bbox 3161 5211 3256 5265; x_wconf 69' lang='lat' dir='ltr'><strong>«Et</strong></span> <span class='ocrx_word' id='word_1_682' title='bbox 3292 5212 3429 5267; x_wconf 82' lang='lat' dir='ltr'><strong>cha-</strong></span> 
     </span>
    </p>
   </div>
   <div class='ocr_carea' id='block_1_108' title="bbox 1853 5301 3427 5374">
    <p class='ocr_par' dir='ltr' id='par_1_108' title="bbox 1853 5301 3427 5374">
     <span class='ocr_line' id='line_1_108' title="bbox 1853 5301 3427 5374; baseline 0 -15"><span class='ocrx_word' id='word_1_683' title='bbox 1853 5311 2036 5359; x_wconf 88' lang='lat' dir='ltr'><strong>racter</strong></span> <span class='ocrx_word' id='word_1_684' title='bbox 2085 5304 2441 5374; x_wconf 86' lang='lat' dir='ltr'><strong>hypostaseos</strong></span> <span class='ocrx_word' id='word_1_685' title='bbox 2492 5306 2658 5359; x_wconf 89' lang='lat' dir='ltr'><strong>illius.</strong></span> <span class='ocrx_word' id='word_1_686' title='bbox 2691 5322 2710 5356; x_wconf 78' lang='grc'><strong>)</strong></span> <span class='ocrx_word' id='word_1_687' title='bbox 2764 5301 3233 5369; x_wconf 86' lang='lat' dir='ltr'><strong>Quemadmodum</strong></span> <span class='ocrx_word' id='word_1_688' title='bbox 3279 5305 3427 5359; x_wconf 88' lang='lat' dir='ltr'><strong>enim</strong></span> 
     </span>
    </p>
   </div>
   <div class='ocr_carea' id='block_1_109' title="bbox 1851 5393 3427 5467">
    <p class='ocr_par' dir='ltr' id='par_1_109' title="bbox 1851 5393 3427 5467">
     <span class='ocr_line' id='line_1_109' title="bbox 1851 5393 3427 5467; baseline 0.003 -19"><span class='ocrx_word' id='word_1_689' title='bbox 1851 5393 2032 5461; x_wconf 80' lang='lat' dir='ltr'><strong>Pater,</strong></span> <span class='ocrx_word' id='word_1_690' title='bbox 2079 5396 2152 5450; x_wconf 87' lang='lat' dir='ltr'><strong>ita</strong></span> <span class='ocrx_word' id='word_1_691' title='bbox 2185 5404 2240 5450; x_wconf 90' lang='lat' dir='ltr'><strong>et</strong></span> <span class='ocrx_word' id='word_1_692' title='bbox 2270 5393 2444 5452; x_wconf 80' lang='lat' dir='ltr'><strong>Filius</strong></span> <span class='ocrx_word' id='word_1_693' title='bbox 2484 5397 2880 5467; x_wconf 80' lang='lat' dir='ltr'><strong>euliypostatus</strong></span> <span class='ocrx_word' id='word_1_694' title='bbox 2909 5401 3033 5451; x_wconf 88' lang='lat' dir='ltr'><strong>est:</strong></span> <span class='ocrx_word' id='word_1_695' title='bbox 3063 5410 3176 5451; x_wconf 91' lang='lat' dir='ltr'><strong>non</strong></span> <span class='ocrx_word' id='word_1_696' title='bbox 3215 5395 3427 5467; x_wconf 73' lang='lat' dir='ltr'><strong>absQue</strong></span> 
     </span>
    </p>
   </div>
   <div class='ocr_carea' id='block_1_110' title="bbox 1858 5487 3426 5563">
    <p class='ocr_par' dir='ltr' id='par_1_110' title="bbox 1858 5487 3426 5563">
     <span class='ocr_line' id='line_1_110' title="bbox 1858 5487 3426 5563; baseline 0.004 -20"><span class='ocrx_word' id='word_1_697' title='bbox 1858 5488 2132 5561; x_wconf 84' lang='lat' dir='ltr'><strong>principio</strong></span> <span class='ocrx_word' id='word_1_698' title='bbox 2166 5487 2376 5559; x_wconf 84' lang='lat' dir='ltr'><strong>Filius,</strong></span> <span class='ocrx_word' id='word_1_699' title='bbox 2413 5498 2675 5561; x_wconf 87' lang='lat' dir='ltr'><strong>tanquam</strong></span> <span class='ocrx_word' id='word_1_700' title='bbox 2729 5489 2824 5561; x_wconf 90' lang='lat' dir='ltr'><strong>qui</strong></span> <span class='ocrx_word' id='word_1_701' title='bbox 2880 5489 3211 5563; x_wconf 89' lang='lat' dir='ltr'><strong>principium</strong></span> <span class='ocrx_word' id='word_1_702' title='bbox 3259 5490 3426 5549; x_wconf 82' lang='lat' dir='ltr'><strong>habet</strong></span> 
     </span>
    </p>
   </div>
   <div class='ocr_carea' id='block_1_111' title="bbox 1862 4752 3436 4822">
    <p class='ocr_par' dir='ltr' id='par_1_111' title="bbox 1862 4752 3436 4822">
     <span class='ocr_line' id='line_1_111' title="bbox 1862 4752 3436 4822; baseline -0.001 -14"><span class='ocrx_word' id='word_1_703' title='bbox 1862 4768 1987 4808; x_wconf 88' lang='lat' dir='ltr'><strong>nem</strong></span> <span class='ocrx_word' id='word_1_704' title='bbox 2017 4755 2260 4808; x_wconf 78' lang='lat' dir='ltr'><strong>conserit</strong></span> <span class='ocrx_word' id='word_1_705' title='bbox 2291 4768 2526 4822; x_wconf 79' lang='lat' dir='ltr'><strong>magnus</strong></span> <span class='ocrx_word' id='word_1_706' title='bbox 2557 4752 2889 4822; x_wconf 85' lang='lat' dir='ltr'><strong>Apostolus,</strong></span> <span class='ocrx_word' id='word_1_707' title='bbox 2944 4764 3002 4806; x_wconf 93' lang='lat' dir='ltr'><strong>ut</strong></span> <span class='ocrx_word' id='word_1_708' title='bbox 3035 4752 3281 4821; x_wconf 88' lang='lat' dir='ltr'><strong>passioni</strong></span> <span class='ocrx_word' id='word_1_709' title='bbox 3327 4752 3436 4808; x_wconf 55' lang='lat' dir='ltr'><strong>mi-</strong></span> 
     </span>
    </p>
   </div>
   <div class='ocr_carea' id='block_1_112' title="bbox 184 5298 1749 5372">
    <p class='ocr_par' dir='ltr' id='par_1_112' title="bbox 184 5298 1749 5372">
     <span class='ocr_line' id='line_1_112' title="bbox 184 5298 1749 5372; baseline 0.01 -23"><span class='ocrx_word' id='word_1_710' title='bbox 184 5298 394 5370; x_wconf 82' lang='grc' dir='ltr'>Ὠσπερ</span> <span class='ocrx_word' id='word_1_711' title='bbox 451 5298 559 5367; x_wconf 84' lang='grc' dir='ltr'><strong>γὰρ</strong></span> <span class='ocrx_word' id='word_1_712' title='bbox 611 5301 641 5353; x_wconf 85' lang='grc' dir='ltr'>ὁ</span> <span class='ocrx_word' id='word_1_713' title='bbox 695 5301 887 5372; x_wconf 83' lang='grc' dir='ltr'>Πατὴρ</span> <span class='ocrx_word' id='word_1_714' title='bbox 946 5304 1331 5371; x_wconf 86' lang='grc' dir='ltr'>ὲνυπόστατος,</span> <span class='ocrx_word' id='word_1_715' title='bbox 1366 5306 1538 5372; x_wconf 78' lang='grc' dir='ltr'>οὕτως</span> <span class='ocrx_word' id='word_1_716' title='bbox 1588 5310 1681 5363; x_wconf 73' lang='grc' dir='ltr'>καὶ</span> <span class='ocrx_word' id='word_1_717' title='bbox 1720 5311 1749 5364; x_wconf 85' lang='grc' dir='ltr'><strong>ό</strong></span> 
     </span>
    </p>
   </div>
   <div class='ocr_carea' id='block_1_113' title="bbox 184 5390 1747 5474">
    <p class='ocr_par' dir='ltr' id='par_1_113' title="bbox 184 5390 1747 5474">
     <span class='ocr_line' id='line_1_113' title="bbox 184 5390 1747 5474; baseline 0.01 -32"><span class='ocrx_word' id='word_1_718' title='bbox 184 5390 309 5453; x_wconf 75' lang='grc' dir='ltr'><strong>Υἱὸς</strong></span> <span class='ocrx_word' id='word_1_719' title='bbox 342 5391 727 5455; x_wconf 66' lang='grc' dir='ltr'>ἀνυπόστατος·</span> <span class='ocrx_word' id='word_1_720' title='bbox 763 5393 864 5446; x_wconf 79' lang='grc' dir='ltr'>οὐκ</span> <span class='ocrx_word' id='word_1_721' title='bbox 892 5394 1126 5466; x_wconf 75' lang='grc' dir='ltr'>ἄναρχος</span> <span class='ocrx_word' id='word_1_722' title='bbox 1182 5399 1211 5450; x_wconf 86' lang='grc' dir='ltr'>ὁ</span> <span class='ocrx_word' id='word_1_723' title='bbox 1248 5398 1397 5464; x_wconf 63' lang='lat' dir='ltr'><strong>reg,</strong></span> <span class='ocrx_word' id='word_1_724' title='bbox 1429 5400 1602 5465; x_wconf 84' lang='grc' dir='ltr'>αῐτιος</span> <span class='ocrx_word' id='word_1_725' title='bbox 1638 5403 1747 5474; x_wconf 79' lang='grc' dir='ltr'><strong>γὰρ</strong></span> 
     </span>
    </p>
   </div>
   <div class='ocr_carea' id='block_1_114' title="bbox 184 5481 1747 5565">
    <p class='ocr_par' dir='ltr' id='par_1_114' title="bbox 184 5481 1747 5565">
     <span class='ocr_line' id='line_1_114' title="bbox 184 5481 1747 5565; baseline 0.01 -30"><span class='ocrx_word' id='word_1_726' title='bbox 184 5481 346 5536; x_wconf 73' lang='grc' dir='ltr'>αὑτοῦ</span> <span class='ocrx_word' id='word_1_727' title='bbox 397 5485 428 5536; x_wconf 87' lang='grc' dir='ltr'><strong>ό</strong></span> <span class='ocrx_word' id='word_1_728' title='bbox 486 5484 698 5556; x_wconf 86' lang='grc' dir='ltr'>Πατὴρ,</span> <span class='ocrx_word' id='word_1_729' title='bbox 754 5485 876 5540; x_wconf 87' lang='grc' dir='ltr'>καθ’</span> <span class='ocrx_word' id='word_1_730' title='bbox 894 5486 932 5540; x_wconf 60' lang='grc' dir='ltr'><strong>ὃς</strong></span> <span class='ocrx_word' id='word_1_731' title='bbox 950 5487 1162 5557; x_wconf 81' lang='grc' dir='ltr'>Πατὴρ,</span> <span class='ocrx_word' id='word_1_732' title='bbox 1191 5489 1253 5543; x_wconf 86' lang='grc' dir='ltr'>οὐ</span> <span class='ocrx_word' id='word_1_733' title='bbox 1288 5489 1410 5546; x_wconf 78' lang='grc' dir='ltr'>καθ’</span> <span class='ocrx_word' id='word_1_734' title='bbox 1434 5490 1463 5546; x_wconf 82' lang='grc' dir='ltr'>ὃ</span> <span class='ocrx_word' id='word_1_735' title='bbox 1488 5491 1747 5565; x_wconf 78' lang='grc' dir='ltr'>Κτίστης.</span> 
     </span>
    </p>
   </div>
   <div class='ocr_carea' id='block_1_115' title="bbox 252 5626 1763 5737">
    <p class='ocr_par' dir='ltr' id='par_1_115' title="bbox 252 5660 1633 5735">
     <span class='ocr_line' id='line_1_115' title="bbox 252 5660 1633 5735; baseline 0.005 -19"><span class='ocrx_word' id='word_1_736' title='bbox 252 5663 296 5696; x_wconf 79' lang='grc'><strong>⁷⁷</strong></span> <span class='ocrx_word' id='word_1_737' title='bbox 336 5660 581 5734; x_wconf 88' lang='lat' dir='ltr'><strong>Sophon.</strong></span> <span class='ocrx_word' id='word_1_738' title='bbox 620 5680 658 5732; x_wconf 86' lang='grc' dir='ltr'><strong>ι,</strong></span> <span class='ocrx_word' id='word_1_739' title='bbox 687 5663 741 5721; x_wconf 87' lang='grc'><strong>8.</strong></span> <span class='ocrx_word' id='word_1_740' title='bbox 818 5665 863 5699; x_wconf 87' lang='grc'><strong>⁷⁸</strong></span> <span class='ocrx_word' id='word_1_741' title='bbox 920 5665 1086 5728; x_wconf 78' lang='lat' dir='ltr'><strong>Hebr.</strong></span> <span class='ocrx_word' id='word_1_742' title='bbox 1124 5683 1163 5735; x_wconf 83' lang='grc' dir='ltr'><strong>ι,</strong></span> <span class='ocrx_word' id='word_1_743' title='bbox 1187 5669 1240 5725; x_wconf 78' lang='lat'><strong>3.</strong></span> <span class='ocrx_word' id='word_1_744' title='bbox 1630 5718 1633 5723; x_wconf 85' lang='lat'><strong>.</strong></span> 
     </span>
    </p>
   </div>
   <div class='ocr_carea' id='block_1_116' title="bbox 1895 5626 3477 5737">
    <p class='ocr_par' dir='ltr' id='par_1_116' title="bbox 2256 5626 3477 5737">
     <span class='ocr_line' id='line_1_116' title="bbox 2256 5626 3477 5737; baseline 0.002 -36"><span class='ocrx_word' id='word_1_745' title='bbox 2256 5626 2265 5641; x_wconf 85' lang='grc'><em>’</em></span> <span class='ocrx_word' id='word_1_746' title='bbox 2790 5732 2791 5737; x_wconf 12' lang='grc' dir='ltr'><strong>η</strong></span> <span class='ocrx_word' id='word_1_747' title='bbox 3458 5630 3477 5703; x_wconf 73' lang='lat' dir='ltr'><strong>i</strong></span> 
     </span>
    </p>
   </div>
  </div>
