3850 6218
150 218 235 285 ίω
1416 229 1752 294 EPISTOU

1861 233 1946 295 1M
1976 237 2120 299 LIB.
2165 235 2214 298 Ι.

3317 235 3418 303 190

148 329 296 401 μάνον
333 327 448 398 τὴν
482 331 724 386 σαυτοῦ
774 331 1096 397 κενοδοξίαν,
1130 332 1223 387 καὶ
1271 333 1752 409 ἀνθρωπαρεσκίαν

1861 351 2346 413 adapertaque,et
2408 340 2593 411 lingua
2654 341 3018 396 incontinenti
3075 344 3414 400 tantumdem

144 421 545 490 πληροφορῶν,
585 423 703 476 καὶ
748 423 907 478 ἄθλια
962 424 1377 495 αἰχμαλωτίζων
1423 428 1655 495 γύναια·
1707 432 1760 484 τί

144 510 203 563 ἀν
242 510 555 581 διεπράξω
608 516 956 587 εὐπορήσας,
1005 510 1187 588 ὦνπερ
1244 517 1481 588 εὐλόγως
1530 522 1762 575 ἀπεστε-

144 603 310 673 ρήθης
329 621 349 670 ;

464 782 740 849 ΣιιΑορ-
757 783 1037 858 ΔΙΛΙΔΝῼ
1072 789 1443 863 ΕΠΙΣΚΟΠῼ.

202 873 310 926 Τὸν
378 872 636 944 Ἀαρὼν
690 876 951 933 δεικνύων
1009 880 1262 954 θαυμάζῃ
1309 883 1461 954 παρά
1521 884 1757 949 πάντων,

143 964 562 1036 ἐπιφερόμενός
603 984 677 1020 τε
720 968 900 1033 λίθους
945 970 1193 1041 τιμίους,

140 1061 300 1129 inoo;
332 1058 775 1130 ἐξηρτημένος.
825 1060 948 1114 Τῶν
978 1062 1083 1133 γὰρ
1127 1063 1231 1117 ὑπὸ
1282 1067 1365 1117 σοὶ
1409 1065 1757 1135 ταττομένων

142 1149 447 1220 κληρικῶν,
474 1152 536 1203 οἱ
572 1152 687 1221 μὲν
714 1152 873 1223 σιγὴν
894 1154 1188 1218 ἀσκοῦντες
1220 1155 1297 1226 τῷ
1326 1156 1424 1227 βίῳ
1454 1158 1759 1227 κεκράγασι

142 1240 451 1309 σάλπιγγος
501 1243 1058 1316 μεγαλοφωνότερον,
1091 1247 1141 1298 οί
1177 1246 1233 1299 δὲ
1285 1247 1362 1318 τῷ
1410 1247 1540 1319 θείῳ
1588 1248 1755 1318 λόγῳ,

142 1330 229 1384 καὶ
254 1334 385 1395 ταῖς
430 1332 750 1404 λαμπραῖς
778 1336 1017 1405 ὁμιλίαις
1050 1337 1411 1407 κατηχοῦντες
1446 1339 1586 1409 ὑπὲρ
1615 1339 1759 1392 ἐκεί-

140 1439 258 1483 νους
287 1424 428 1483 τοὺς
467 1422 754 1487 κώδωνας
789 1428 889 1496 τὴν
937 1427 1211 1498 μακαρίαν
1259 1430 1420 1501 ἠχὴν,
1465 1432 1544 1494 είς
1592 1431 1761 1493 αὐτὰς

143 1509 235 1574 τὰς
272 1512 460 1575 ἀκοὰς
494 1513 611 1566 τοῦ
646 1515 741 1567 νοῦ
772 1518 1198 1586 είσκομίζουσιν.

538 1606 711 1673 xw.
730 1637 799 1646 —
816 1609 1053 1680 MNth
1084 1611 1393 1683 ΜΟΝΑΧῼ.

1247 975 1341 1027 καὶ
1381 975 1631 1040 κώδωνας
1672 977 1761 1030 εὑ-

1862 442 2010 485 tuam
2045 432 2393 487 insolentiam
2414 469 2428 493 ,
2459 438 2513 484 et
2543 429 2795 500 placendi
2827 429 3141 484 hominibus
3175 431 3417 486 studium

1855 521 2106 591 jactans,
2135 534 2188 576 et
2227 522 2595 576 inlortunatas
2638 521 2990 575 mulierculas
3029 521 3085 574 in
3134 521 3418 591 captivita-

1860 622 1967 666 tem
1999 614 2247 679 ducens;
2280 614 2409 683 quid
2444 614 2560 683 ipse
2588 614 2808 667 molitus
2840 612 3068 676 fuisses,
3103 612 3147 668 si
3175 613 3264 667 illa
3291 628 3418 684 pos-

1860 702 2103 757 sedisses
2123 742 2139 767 ,
2165 703 2367 772 quibus
2403 716 2511 754 non
2540 700 2658 754 sine
2682 703 2898 754 ratione
2921 701 3284 756 destitueris?

2128 790 2353 847 CCXCI.
2387 820 2446 829 —
2487 789 2768 845 ELIANO
2801 787 3151 845 EPISCOPO.

1930 868 2201 939 Aaronem
2234 892 2522 938 ostentans
2555 884 2608 937 in
2642 882 2885 935 omnium
2920 880 3285 936 admiratione
3317 895 3379 936 es
3402 918 3421 946 ,

1858 981 1913 1028 et
1946 973 2224 1043 pretiosos
2268 970 2479 1043 lapides
2528 971 2993 1031 circumducens,
3042 978 3097 1023 et
3150 970 3286 1023 bene
3334 984 3425 1023 so-

1859 1062 2047 1116 lantia
2111 1061 2481 1115 tintinnabula
2537 1074 2777 1129 appensa
2824 1067 3086 1129 gestans;
3137 1059 3231 1127 qui
3278 1059 3423 1113 enim

1861 1154 1959 1209 tibi
2007 1154 2241 1209 subsunt
2284 1169 2351 1207 ex
2397 1154 2579 1218 clero,
2611 1153 2662 1205 hi
2696 1150 2915 1220 quidem
2947 1151 3226 1206 silentium
3266 1166 3425 1205 exer-

1859 1256 2049 1303 centes
2077 1249 2205 1302 tuba
2238 1247 2745 1317 magniloquentius
2773 1246 3030 1299 insonant
3064 1262 3078 1310 ;
3114 1244 3205 1297 alii
3238 1244 3426 1299 divino

1862 1343 2027 1397 verbo
2076 1341 2490 1411 splendidisque
2542 1339 2834 1409 colloquiis
2878 1340 2990 1393 illis
3037 1339 3423 1393 tintinnabulis

1859 1435 2261 1489 consonantius
2292 1435 2746 1502 interstrepentes
2769 1470 2784 1495 ,
2831 1430 3050 1485 beatum
3096 1433 3336 1486 sonitum
3370 1430 3429 1486 in

1860 1526 2011 1596 ipsas
2044 1528 2246 1581 mentis
2277 1540 2440 1580 aures
2476 1525 2793 1593 important.

2141 1615 2386 1674 CCXCll.
2418 1646 2489 1658 —
2517 1614 2746 1670 LINNIO
2782 1611 3139 1669 MONACHO.

211 1690 412 1743 Πᾶσαν
448 1694 568 1765 τὴν
604 1696 700 1749 ὑπ’
723 1697 951 1765 οὐρανὸν
977 1673 1391 1769 περιτροχάζειν
1441 1701 1752 1765 σπουδάζεις

1931 1706 2155 1763 Terram
2190 1723 2407 1762 omnem
2432 1748 2448 1773 ,
2482 1723 2601 1778 quae
2636 1708 2738 1762 sub
2766 1707 2909 1761 caalo
2939 1716 3021 1760 est
3043 1745 3057 1769 ,
3090 1706 3428 1759 circumcur-

152 1783 549 1857 σεσαλευμένῃ
609 1789 674 1858 τῇ
728 1788 948 1859 γνώμῃ,
999 1791 1255 1862 ἀφορμὰς
1297 1792 1495 1863 μυρίας
1532 1792 1759 1846 πλαττό·

154 1890 335 1943 μενος,
381 1878 494 1929 καὶ
552 1878 750 1949 χώρας
784 1881 848 1932 ὲκ
885 1881 1074 1952 χωρῶν
1109 1883 1474 1953 μεταμείϐων.
1517 1884 1636 1937 Κᾶν
1664 1883 1760 1936 νῦν

156 1965 438 2035 τοιγάρτοι
468 1966 706 2021 παῦσαι
727 1970 827 2039 τῆς
850 1970 1082 2040 πλάνης,
1109 1971 1401 2041 ἐδράσθητι
1433 1971 1493 2025 τὸ
1522 1974 1756 2042 φρονεῖν,

158 2054 429 2123 σταθερὸν
457 2058 719 2112 ἀνάλαϐε
753 2059 1031 2131 λογισμὸν,
1048 2062 1451 2130 καταφόνευσον
1471 2062 1569 2133 τὴν
1592 2064 1759 2115 ἀστα-

166 2146 282 2200 σίαν
310 2144 395 2218 τῷ
454 2149 623 2220 ξίφει
669 2151 771 2222 τῆς
812 2153 1124 2225 καρτερίας,
1149 2153 1250 2217 τάς
1288 2154 1554 2218 ἀτάκτους
1581 2156 1760 2225 ὁρμὰς

163 2238 551 2308 ἀναχαίτισον,
609 2242 764 2306 τέλος
812 2243 995 2308 ἐπίθες
1050 2244 1127 2315 τῷ
1184 2245 1445 2316 ἀμυθήτῳ
1506 2246 1755 2317 βρασμῷ,

169 2331 559 2403 ἐπισυνάγαγε
608 2334 733 2388 ὅλον
781 2335 973 2389 σαυτὸν
1021 2337 1161 2407 πρὸς
1197 2337 1431 2409 Χριστὸν
1461 2338 1628 2410 ψυχῇ,
1666 2338 1759 2392 καὶ

170 2421 417 2494 σώματιέ

372 2515 559 2583 Σιιιν.
585 2546 663 2560 -
695 2518 1188 2591 ΠΡΙΣΚΙΛΛΙΑΝῼ
1214 2522 1535 2593 ΔΙΑΚΟΝῼ.

234 2605 297 2660 Et
326 2607 396 2662 ἐκ
424 2608 741 2681 προσώπου
772 2610 867 2665 τοῦ
893 2613 1162 2666 Δεσπότου
1211 2614 1366 2685 ἡμῶν
1417 2614 1589 2687 Ἰησοῦ
1622 2617 1759 2689 Χρι-

176 2695 294 2751 στοῦ
348 2699 609 2769 φάσκεις
648 2702 718 2757 τὰ
767 2704 1140 2776 προϐληθέντα
1196 2706 1347 2776 παρά
1389 2707 1482 2760 σοῦ
1540 2710 1758 2779 ῥήματα

175 2789 419 2860 εἰρῆσθαι
450 2793 516 2845 ἐν
546 2797 620 2865 τῇ
660 2795 953 2866 Παναρέτῳ
988 2796 1093 2849 ὑπὸ
1115 2795 1207 2850 τοῦ
1238 2798 1600 2869 Σολομῶντος,
1634 2800 1754 2863 πῶς

178 2894 332 2949 φησιν
391 2883 605 2939 ἑαυτὸν
642 2886 672 2938 ὁ
712 2889 1061 2958 συγγραφεὺς
1097 2888 1191 2941 τοῦ
1246 2888 1406 2957 λόγου
1445 2890 1504 2954 ἐξ
1534 2890 1753 2961 ἡδονῆς,

178 2968 266 3070 καὶ
314 2969 495 3070 ὕπνου
556 2974 711 3070 λέγει
756 2978 1121 3070 γεγενῆσθακ
1167 2979 1525 3050 ὐμολόγησον
1577 2981 1755 3034 τοίνυν
1781 3011 1824 3070 c

176 3057 566 3132 ὴποχηκέναι.
620 3066 684 3119 Ἦ
711 3066 819 3137 γὰρ
855 3068 948 3121 τοῦ
980 3069 1229 3139 Σωτῆρος
1268 3072 1325 3121 ὲν
1359 3073 1425 3141 τῇ
1456 3070 1616 3142 σαρκὶ
1640 3071 1745 3141 τῆς

183 3150 450 3223 Παρθένου
483 3157 774 3229 σύλληψις,
807 3160 1091 3231 ἀνήδοντπ
1120 3162 1400 3226 παντελῶς
1430 3164 1525 3216 καὶ
1567 3162 1743 3234 ἀρρύ-

182 3259 393 3311 παντος,
444 3248 720 3320 ἀμίαντός
746 3268 807 3305 τε
857 3252 954 3306 καὶ
992 3253 1219 3318 ἄσπιλος
1279 3254 1497 3327 καθαρά
1554 3272 1614 3309 τε
1661 3256 1755 3310 καὶ

186 3333 456 3409 ἄφθαρτος
494 3340 747 3411 γέγονεν.

542 3433 700 3499 Σιιιι.
720 3434 1058 3507 -ΙΩΑΝΝῌ
1084 3435 1397 3508 ΜΟΝΑΧῼ.

260 3515 409 3581 ῗΕστι
429 3524 535 3593 μὲν
575 3525 663 3579 ὅτε
690 3525 785 3579 καὶ
820 3527 967 3581 ἄλλοι
1002 3526 1166 3591 ἄλλας
1202 3528 1488 3600 διαφόρους
1519 3530 1745 3584 Σατανι-

189 3606 285 3673 κάς
316 3610 602 3679 διακονίας
640 3616 949 3670 ἐκτελοῦσιν
992 3619 1042 3671 οἰ
1070 3618 1323 3689 δαίμονες
1367 3620 1504 3690 πρὸς
1549 3636 1745 3688 πειρα-

197 3700 344 3770 σμδν,
376 3705 475 3759 καὶ
500 3705 711 3777 βλάϐην
764 3707 874 3761 τῶν
916 3708 1239 3780 ἀνθρώπων.
1269 3711 1425 3773 Ἔστι
1452 3712 1508 3765 δὲ
1536 3713 1625 3765 ὅτε
1657 3713 1751 3766 καὶ⁸

193 3782 268 3854 εἷς
288 3791 497 3867 δαίμων
573 3798 773 3861 πολλὰς
825 3801 1096 3854 τεκταίνει
1148 3802 1507 3872 φαυλότητας.
1540 3803 1749 3876 Ὥσπερ

198 3882 299 3955 γὰρ
342 3888 582 3961 ἐγχωρεῖ
608 3890 696 3943 τὸν
734 3891 828 3944 ἕνα
857 3892 1140 3963 ἄνθρωπον
1181 3896 1426 3967 γεωργὸν
1463 3891 1623 3959 εἶναι,
1656 3897 1750 3949 καὶ

198 3971 433 4043 τέκτονα,
460 3979 561 4032 καὶ
599 3979 823 4049 χαλκέα,
849 3981 942 4033 καὶ
974 3982 1329 4053 σκυτοτόμον,
1359 3983 1452 4036 καὶ
1480 3986 1746 4055 κεραμέα,

204 4062 289 4117 καὶ
313 4065 620 4140 ζωγράφον,
648 4071 740 4124 καὶ
768 4070 838 4125 τὰ
862 4071 1009 4142 ἑξῆς,
1041 4072 1212 4136 οὕτως
1254 4074 1487 4145 ἐγχωρεῖ
1512 4075 1607 4128 ἕνα
1634 4077 1751 4130 δαί-

208 4168 332 4222 μονα
364 4161 458 4214 καὶ
484 4161 675 4233 θυμὸν,
709 4164 803 4217 καὶ
844 4164 1123 4234 πορνείαν,
1163 4165 1260 4218 καὶ
1293 4166 1616 4235 φιλοδοξίαν,
1656 4170 1751 4223 καὶ

209 4242 407 4313 φθόνον,
444 4254 540 4305 καὶ
565 4250 635 4305 τά
664 4250 790 4321 ἑξῆς
841 4253 1103 4323 ἐνεργεῖν.
1150 4253 1261 4307 Καὶ
1289 4254 1543 4325 πρόσεχε,
1578 4257 1697 4321 πῶς
1723 4260 1751 4313 ό

1860 1816 1982 1856 rere
2011 1800 2303 1855 deturbata
2336 1808 2516 1856 mente
2561 1798 2849 1854 contendis
2872 1841 2887 1863 ,
2930 1800 3180 1852 inﬁnitas
3228 1811 3427 1853 causas

1860 1890 2214 1961 conﬁngens,
2255 1900 2308 1945 et
2344 1892 2463 1945 loca
2507 1906 2573 1945 ex
2619 1891 2755 1945 locis
2803 1897 3168 1943 commutans.
3222 1885 3425 1940 Saltem

1860 1996 2008 2036 nunc
2038 1982 2106 2036 ab
2131 1997 2321 2036 errore
2346 1996 2504 2037 cessa
2528 2022 2544 2048 ,
2580 1982 2925 2035 intellectum
2969 1980 3123 2034 ﬁrma
3144 2019 3160 2043 ,
3206 1979 3425 2033 solitam

1859 2087 2079 2128 assume
2105 2072 2525 2142 cogitationem,
2559 2072 2740 2142 gladio
2774 2072 3077 2126 tolerantiae
3107 2072 3427 2125 inconstan-

1857 2163 1987 2216 tiam
2022 2162 2215 2215 cazdito
2237 2200 2253 2225 ,
2282 2160 2629 2215 inordinatos
2662 2160 2897 2230 impetus
2944 2160 3098 2214 frena
3130 2199 3147 2226 ,
3194 2157 3426 2212 infando

1863 2253 2067 2308 fervori
2097 2252 2258 2306 ﬁnem
2285 2252 2504 2321 impone
2525 2294 2540 2317 ,
2568 2260 2743 2305 totum
2774 2252 3121 2322 temetipsum
3166 2250 3234 2305 ad
3277 2248 3427 2306 Chri-

1857 2354 2001 2400 stum
2030 2356 2260 2412 corpore
2286 2350 2341 2396 et
2365 2340 2548 2394 anima
2577 2341 2862 2410 recollige.

1931 2520 2092 2591 109
2123 2504 2393 2576 chcm.
2421 2505 2500 2560 -ἐ
2523 2517 3002 2574 PRISCILLIANO
3032 2514 3351 2573 DIACONO.

1929 2612 1986 2666 Si
2030 2628 2095 2667 ex
2142 2626 2375 2682 persona
2423 2609 2640 2666 Domini
2676 2612 2848 2666 nostri
2879 2610 3007 2666 Jesu
3045 2609 3251 2665 Christi
3287 2624 3419 2681 pro-

1856 2706 2033 2776 posita
2066 2719 2159 2774 per
2185 2712 2237 2759 te
2267 2703 2430 2759 verba
2458 2704 2661 2759 asseris
2691 2704 2896 2757 dictata
2928 2719 3051 2759 esse
3080 2718 3109 2756 a
3134 2701 3430 2758 Salomone

1856 2796 1913 2851 in
1950 2795 2215 2851 Panareto
2242 2811 2257 2849 :
2290 2798 2646 2864 quamobrem
2677 2795 2952 2850 sermonis
3008 2795 3159 2849 illius
3190 2796 3429 2864 scriptor

1857 2888 1935 2941 ait
1967 2903 2089 2943 sese
2118 2902 2185 2941 ex
2220 2888 2498 2956 voluptate
2530 2894 2585 2941 et
2633 2901 2827 2941 somno
2869 2898 3050 2940 ortum
3082 2886 3306 2942 duxisse
3337 2885 3430 2940 ιιι

1858 2977 2084 3033 Fateare
2118 2980 2306 3048 itaque
2332 2985 2480 3031 tuam
2517 2978 2892 3033 oscitantiam.
2924 2977 3234 3033 Servatoris
3269 2992 3427 3031 nam-

1855 3085 1962 3141 que
2011 3070 2068 3123 in
2112 3076 2304 3124 ventre
2343 3067 2588 3138 Virginis
2637 3070 2965 3138 conceptio,
3020 3084 3251 3140 prorsus
3305 3069 3426 3125 sine

1855 3160 2152 3231 voluptate,
2184 3176 2287 3215 non
2320 3160 2622 3224 sordidata,
2657 3160 3008 3227 intaminata,
3041 3161 3423 3228 immaculata,

1853 3266 1990 3323 pura
2022 3260 2078 3307 et
2106 3252 2425 3322 incorrupta
2460 3251 2586 3306 fuit.

2123 3425 2395 3483 CCXCIV.
2426 3454 2493 3467 -—
2517 3424 2759 3481 JOANNI
2788 3424 3142 3481 MONACHO.

1922 3518 2310 3590 Saepenumero
2350 3518 2455 3572 alia
2500 3518 2625 3573 aliis
2666 3516 2925 3572 Satanica
2969 3517 3275 3573 ministeria
3314 3516 3425 3572 dae-

1848 3626 2039 3667 mones
2066 3613 2120 3665 in
2142 3613 2499 3666 tentationem
2526 3622 2579 3665 et
2602 3626 2801 3668 noxam
2834 3611 3116 3665 hominum
3140 3620 3419 3666 exercent.

1850 3706 2241 3775 Saepenumero
2284 3704 2449 3758 etiam
2500 3719 2645 3758 unus
2689 3704 2898 3757 daemon
2944 3704 3146 3757 multas
3196 3702 3424 3779 molitur

1848 3795 2255 3868 improbitates.
2285 3794 2759 3861 Quemadmodum
2790 3796 2933 3850 enim
2965 3795 3080 3851 ﬁeri
3109 3778 3328 3866 potest",
3357 3801 3423 3848 ut

1849 3907 1993 3946 unus
2038 3891 2202 3944 homo
2238 3889 2478 3959 agricola
2510 3888 2619 3955 sit,
2662 3897 2716 3944 et
2744 3888 2919 3954 faber,
2961 3896 3016 3944 et
3064 3903 3320 3951 excusor,
3363 3893 3422 3942 et

1849 3980 2151 4041 coriarius,
2181 3989 2235 4032 et
2282 3978 2511 4048 figulus,
2548 3987 2601 4032 et
2634 3979 2815 4047 pictor
2838 4017 2853 4041 ,
2886 3987 2941 4032 et
2987 3978 3133 4049 alia;
3180 3978 3299 4047 pari
3327 3991 3422 4030 ra-

1849 4072 1996 4126 tione
2022 4071 2185 4125 etiam
2215 4070 2328 4124 ﬁeri
2358 4078 2574 4140 potest,
2609 4076 2669 4124 ut
2702 4087 2844 4125 unus
2874 4071 3084 4126 daemon
3112 4078 3166 4125 et
3196 4070 3418 4124 iracun-

1849 4165 2028 4228 diam,
2058 4170 2112 4217 et
2143 4162 2560 4217 fornicationem
2583 4201 2599 4227 ,
2630 4171 2686 4218 et
2716 4164 2931 4217 inanem
2956 4163 3186 4234 gloriam
3209 4200 3225 4227 ,
3256 4172 3310 4216 et
3339 4162 3424 4215 in-

1861 4255 2195 4318 videntiam,
2238 4261 2293 4308 et
2332 4253 2437 4306 alia
2477 4254 2737 4309 insinuet.
2778 4252 2845 4307 Et
2878 4252 3421 4319 attendepeumdem

210 4333 355 4401 αὐτὸς
381 4339 680 4413 ἀλιτήριος,
728 4342 822 4397 καὶ⁷
852 4345 1233 4415 μισάνθρωπος
1260 4345 1472 4417 ἐχθρὸς,
1526 4349 1619 4402 καὶ
1655 4367 1752 4419 γα-

1861 4347 2250 4411 facinorosum,
2282 4354 2337 4400 et
2374 4346 2650 4400 hominum
2680 4360 2893 4401 osorem
2929 4346 3333 4409 adversarium,
3363 4348 3421 4397 et

215 4433 584 4502 στριμαργίαν,
613 4434 708 4487 καὶ
764 4433 1102 4498 κενοδοξίαν,
1146 4435 1239 4488 καὶ
1294 4435 1654 4510 φιλαργυρίαν
1677 4437 1757 4511 τῷ
1794 4448 1795 4451 ‘

214 4511 413 4590 Χριστῷ
465 4523 843 4595 πειραζομένῳ
890 4523 1055 4577 κατὰ.
1084 4524 1146 4577 τὺ
1201 4524 1545 4597 ἀνθρώπινον
1606 4545 1746 4600 προ-

216 4602 415 4666 έτεινεν.

486 4702 643 4769 Σιιεγ.
666 4732 735 4742 -
756 4704 1117 4776 ΒΕΝΟΥΣΤῼ
1144 4707 1454 4780 ΜΟΝΔΧῼ.

290 4785 343 4841 ’0
370 4794 701 4861 μεταϐαίνων
726 4798 789 4849 ἐκ
818 4796 997 4849 τόπων
1030 4800 1108 4861 είς
1138 4799 1333 4864 τόπους
1388 4802 1621 4873 μοναχδς
1655 4804 1751 4857 έκ-

224 4872 302 4938 τδς
321 4882 549 4953 μεγάλης
584 4885 849 4956 ἀνάγκης,
879 4887 966 4940 διὰ
991 4888 1091 4958 τὴν
1118 4890 1323 4943 οἰκείαν
1365 4892 1749 4963 μικροψυχίαν,

224 4971 304 5021 καὶ
330 4973 776 5047 ἁνυπομονησίαν,
811 4979 905 5031 καὶ
933 4978 1224 5049 λογισμούς
1282 4998 1433 5045 τινας
1467 4983 1749 5055 ἀνθρωπί-

230 5074 350 5129 νους,
374 5069 459 5121 καὶ
481 5069 746 5133 ἀσθενεῖς,
786 5068 1020 5140 νομίζων
1047 5070 1136 5123 διὰ
1159 5072 1257 5141 τῆς
1287 5072 1596 5144 ἀποδημίας
1624 5076 1751 5138 τοὺς

231 5146 485 5225 λογισμοὺς
532 5159 633 5228 τῆς
668 5158 844 5229 ψυχῆς
917 5160 1236 5224 ἐλαττῶσαι,
1277 5160 1367 5214 τὸν
1435 5162 1532 5232 μὲν
1588 5162 1751 5215 τόπον

236 5238 432 5314 ἀλλάξει,
479 5247 577 5317 τὴν
600 5249 659 5302 δέ
687 5249 865 5320 θλίψιν
894 5251 992 5321 τῆς
1022 5252 1267 5323 καρδίας,
1309 5255 1403 5307 καὶ
1434 5254 1532 5323 τὴν
1558 5252 1751 5307 ἑαυτοῦ

237 5340 461 5409 συνοχὴν,
494 5342 589 5394 καὶ
624 5340 717 5393 τὸν
779 5343 1081 5413 πειρασμὸν
1126 5344 1376 5415 οὐδαμῶς
1430 5345 1742 5409 ἐλαττώσει,

240 5422 334 5479 om
364 5432 596 5499 μειώσει,
642 5432 844 5502 μᾶλλον
870 5433 927 5485 δὲ
952 5432 1197 5506 αὐξήσει,
1243 5436 1336 5489 καὶ
1387 5434 1594 5505 θρέψει,
1655 5439 1746 5491 καὶ

291 5602 328 5636 ⁸⁸
361 5607 477 5669 Sao.
511 5626 605 5673 vn,
633 5610 688 5663 ‘2.
764 5610 810 5643 ⁸³
842 5607 1031 5667 Matth.
1074 5626 1126 5665 tv
1150 5627 1164 5670 ;
1189 5608 1321 5665 Luc.
1362 5627 1441 5673 tv,
1474 5610 1699 5669 passim.

1856 4441 2037 4510 gulam
2057 4475 2073 4502 ,
2104 4444 2159 4493 et
2187 4437 2400 4491 inanem
2428 4437 2657 4506 gloriam
2676 4474 2691 4500 ,
2718 4446 2773 4491 et
2799 4437 3082 4490 avaritiam
3106 4436 3321 4491 Christo
3346 4433 3416 4499 ⁸⁸,

1850 4527 1946 4598 qui
2006 4537 2067 4582 ut
2122 4527 2287 4583 homo
2348 4526 2745 4583 tentationibus
2805 4527 3164 4595 subdebatur,
3218 4541 3418 4599 propo-

1855 4632 2063 4673 suisse.

2080 4705 2331 4763 CCXCV.
2363 4737 2434 4751 —
2461 4706 2787 4769 VENUSTO
2824 4705 3177 4763 MONACHO.

1917 4798 2024 4865 Qui
2086 4812 2155 4852 ex
2224 4798 2362 4854 locis
2441 4797 2497 4852 in
2558 4797 2675 4852 loca
2726 4798 3056 4867 commigrat
3114 4796 3416 4852 monachus

1847 4889 2058 4959 absque
2134 4896 2365 4959 urgente
2411 4890 2783 4953 necessitate,
2842 4897 3067 4958 propter
3138 4902 3415 4958 propriam

1847 4976 2353 5047 pusillanimitatem
2378 5018 2393 5043 ,
2423 4978 2607 5046 [no
2656 4985 2709 5032 et
2739 4976 3145 5031 intolerantiam
3166 5014 3184 5041 ,
3217 4984 3273 5030 et
3322 4990 3418 5030 co-

1846 5067 2134 5137 gitationes
2166 5066 2451 5136 quaspiam
2492 5065 2738 5120 imbelles
2778 5065 3190 5132 humanasque,
3224 5076 3415 5117 secum

1845 5164 2158 5228 respectans
2190 5172 2254 5212 ea
2302 5158 2740 5228 peregrinatione
2793 5156 3162 5227 cogitationes
3215 5154 3414 5208 anima:

1846 5252 2094 5306 minuere
2142 5264 2336 5319 posse,
2390 5251 2568 5304 locum
2601 5264 2731 5304 sane
2760 5246 3093 5318 permutabit
3118 5285 3133 5310 ,
3169 5254 3411 5300 attamen

1854 5341 2038 5397 cordis
2066 5341 2434 5406 aﬂlictionem,
2458 5342 2730 5411 propriam
2760 5340 3189 5394 coarctationem
3216 5344 3271 5393 et
3290 5347 3408 5392 ten-

1853 5434 2112 5497 tationem
2141 5430 2296 5488 nullo
2323 5431 2486 5489 modo
2525 5433 2829 5498 mutilabit,
2873 5448 3049 5503 neque
3090 5432 3407 5497 imminuet,
