3850 6218
437 241 538 311 191
1456 267 1467 271 °
1899 249 1957 309 S.

3590 236 3747 303 153

442 360 552 413 imo
583 360 845 431 augebit,
889 369 942 415 et
987 362 1228 427 nutriet,
1269 370 1331 443 et
1374 361 1647 427 firmabit,
1677 371 1730 418 et
1760 362 1962 418 fovebit

2226 358 2450 425 ταιώσει,
2491 359 2584 413 καὶ
2612 352 2825 428 θάλψει,
2865 357 2954 413 καὶ
2986 356 3435 411 πολυπλασιάσει.
3470 357 3685 408 Διός-’.ε
3698 371 3746 423 ρ

441 452 855 522 auctioremque
888 454 1107 509 tandem
1141 454 1350 509 reddet.
1382 454 1678 526 Propterea
1708 470 1775 509 ne
1809 456 1961 509 remis

2229 452 2432 522 χαύνως
2481 452 2573 505 καὶ
2616 453 3063 522 ἀπεριμερίμνως
3103 448 3195 501 τὸν
3229 448 3343 520 βίον
3392 447 3749 501 διοδεύσει)-

439 559 533 610 se,
570 560 746 614 neque
773 546 1181 601 inconsiderate
1220 548 1388 602 vitam
1435 559 1680 603 nostram
1726 550 1959 618 transiga

2287 545 2458 613 Λόγον
2527 545 2636 615 γὰρ
2701 544 2918 606 πάντως
2986 541 3255 612 ὑφέξομεν
3318 541 3424 596 τῶν
3496 540 3744 612 ἔργων

439 652 583 691 mus.
620 636 907 693 Rationem
955 640 1224 710 siquidem
1257 656 1486 712 prorsus
1514 640 1583 696 de
1610 640 1869 711 operibus
1902 655 2002 694 no-
2104 636 2280 708 ἡμῶν.

438 730 569 782 stris
602 728 867 784 reddituri
902 746 1113 786 sumus.

2523 723 2767 791 EtﬁE-
2801 724 3247 778 ΚΑΡΠΑΛΙΩΝΙ.

807 819 1055 875 CCXCVI
1068 842 1085 870 ,ο
1106 850 1175 860 -
1207 819 1640 875 CARPALIONI.
2174 816 2327 886 Μικρ

2222 813 2386 886 [ικροῦ
2411 814 2519 867 δεῖν
2548 812 2927 883 ὲξεθάμϐησας
2958 813 3104 883 ἡμᾶς
3140 811 3467 882 μυθολογίας
3502 826 3742 883 προσ-

508 904 712 963 Parum
762 909 937 963 abfuit
976 912 1108 980 quin
1142 926 1242 965 nos
1276 912 1328 965 in
1362 921 1641 981 stuporem
1672 910 2003 972 adduxeris,

2216 905 2324 974 γὼν
2347 911 2473 960 κατ’
2499 905 2629 975 ὄναρ
2657 905 2962 975 πλουτήσας
2982 908 3094 967 τοῖς
3109 904 3379 966 πλείστοις
3420 904 3736 973 κόσμοις,

438 996 653 1054 fabellis
686 1000 741 1053 in
777 1002 1014 1055 medium
1058 1002 1349 1067 adductis,
1397 1018 1494 1072 per
1536 1005 1808 1058 somnium
1854 1004 1958 1057 divt

2226 998 2303 1069 τῷ
2332 999 2526 1068 πλήθει
2555 998 2663 1050 τῶν
2702 997 2930 1060 αἰώνων,
2958 997 3052 1051 καὶ
3076 999 3142 1067 τῇ
3176 995 3545 1067 ὲξαριθμήσει
3574 994 3740 1047 τῶν

438 1090 618 1144 factus
644 1091 896 1160 plurimis
922 1093 1141 1148 mundis
1161 1133 1176 1157 ,
1208 1100 1261 1147 et
1291 1108 1506 1148 aeonum
1538 1094 1885 1149 multitudine
1905 1134 1920 1156 ,
1954 1118 1958 1142 ι

2222 1092 2465 1144 »δείκτων
2500 1089 2683 1160 ὁρίων,
2724 1090 2817 1141 καὶ
2858 1087 3145 1160 μεθορίων,
3197 1087 3313 1141 ἀλλ’
3353 1086 3613 1157 ἐντυχὼν
3644 1087 3742 1154 τῇ

442 1180 800 1234 terminorum
829 1192 993 1251 atque
1021 1182 1384 1237 conﬁniorutn
1420 1186 1871 1247 enumeratione,
1911 1199 1962 1238 se

2244 1181 2437 1235 πολλοῦ
2467 1182 2565 1253 ήδη
2599 1182 2791 1252 χρόνου
2823 1180 3231 1251 συντεταγμένῃ
3271 1180 3377 1234 ὑπὸ
3403 1179 3744 1249 διαφόρων

439 1283 563 1337 qua:
592 1268 646 1323 in
682 1270 813 1325 folio
854 1283 1384 1328 commonstrantur.
1427 1275 1497 1327 At
1535 1275 1737 1329 multos
1761 1275 1875 1344 jam
1910 1275 1959 1329 al

2226 1274 2413 1328 σώπων
2467 1276 2785 1347 ἀνατροπῇ,
2830 1275 2924 1327 καὶ
2970 1276 3244 1344 ἀνασκευῇ
3272 1312 3287 1337 ,
3349 1272 3461 1325 τῶν
3515 1270 3746 1324 τοιού-

440 1357 573 1413 hinc
603 1375 782 1417 annos
820 1365 1185 1435 compositam
1228 1380 1258 1419 a
1299 1365 1537 1422 diversis
1584 1366 1960 1439 refutationem

2263 1367 2547 1439 δογμάτων
2573 1408 2588 1433 ,
2633 1368 2700 1437 τῇ
2761 1366 2935 1435 σιωπῇ
2991 1364 3193 1434 μᾶλλον
3243 1363 3440 1417 σαυτὸν
3499 1361 3746 1433 προτί-

439 1460 495 1505 et
524 1452 786 1509 similium
830 1455 1147 1526 dogmatum
1194 1457 1637 1527 reprobationem
1680 1438 2006 1530 perlege’ns,
2113 1476 2314 1530 μησον.

440 1543 661 1600 silentio
701 1549 876 1618 magis
910 1550 1010 1604 tibi
1045 1550 1312 1604 honorem
1344 1565 1624 1621 compara.

655 1638 950 1695 CCXCVII.
984 1671 1053 1679 —
1084 1639 1437 1695 EVERTHIO
1471 1638 1797 1695 TmBUNo.
2047 1703 2087 1722 ﬂ

2047 1703 2087 1722 ,,
2439 1655 2595 1722 2w.
2614 1683 2683 1694 —
2704 1650 2959 1721 amem
2981 1648 3347 1720 ΤΡΙΒΟΥΝῼ.

509 1728 646 1784 Cttm
679 1731 812 1784 mihi
845 1731 1050 1787 foedera
1083 1732 1223 1787 inter
1251 1747 1444 1787 canem
1471 1742 1525 1786 et
1555 1732 1802 1803 hyaenam
1832 1742 2013 1786 osten-

2216 1748 2359 1801 Οταν
2424 1703 3024 1818 ᾦνί-δείξῃςσπονδάς
3074 1743 3235 1807 κυνὸς
3300 1703 3397 1795 καὶ
3474 1741 3735 1811 ὑαίνης,

441 1820 626 1887 deris,
658 1830 791 1876 tunc
825 1823 921 1877 tibi
958 1823 1180 1878 credam
1235 1824 1439 1879 dicenti
1490 1826 1772 1878 excultum
1805 1824 1869 1878 ad
1907 1825 1961 1877 bi

2209 1855 2235 1891 ε
2296 1837 2657 1908 πεισθήσομαι
2696 1854 2779 1890 σοι
2838 1834 3219 1906 φιλάνθρωπον
3265 1834 3480 1904 λέγοντι
3530 1833 3728 1889 δύνα-

440 1913 761 1968 manitatem
813 1930 974 1982 posse
1006 1931 1129 1970 esse
1158 1916 1337 1970 virum
1358 1955 1375 1983 ,
1406 1915 1497 1985 qui
1532 1931 1812 1985 nunquam
1851 1932 1960 1971 exs:

1700 1931 1812 1971 "3|"
1851 1931 2012 1971 “53'
2116 1930 2239 1983 σθαι
2262 1925 2398 1982 εἶναι
2426 1929 2516 1982 τὸν
2540 1929 2833 2001 ἀπλήστως
2867 1927 3220 1982 πλουτοῦντα.

440 2009 660 2057 turatur
687 2002 911 2057 divitiis.

887 2091 1209 2147 CCXCVIII.
1245 2124 1313 2134 ——
1350 2092 1559 2149 Eidem.

2621 2108 2783 2175 me.
2812 2137 2884 2149 —
2912 2106 2995 2173 Τῷ
3014 2106 3194 2174 αὐτῷ.

507 2180 695 2252 Neque
745 2183 909 2254 lupus
957 2200 1081 2238 cum
1135 2199 1239 2238 ove
1293 2200 1534 2254 unquam
1590 2186 1904 2240 amabiliter
1953 2185 2009 2238 in

2205 2199 2321 2253 )ὗτε
2342 2197 2504 2260 λύκος
2542 2199 2796 2271 προϐάτῳ
2831 2199 2960 2251 ποτὲ
2985 2197 3214 2267 φιλικῶς
3248 2197 3725 2270 προσωμίλησεν,

437 2276 762 2331 societatem
818 2278 1011 2344 venit;
1066 2293 1246 2348 neque
1301 2278 1729 2342 immisericors,
1780 2288 1834 2332 et
1891 2294 1957 2344 qu

2195 2309 2237 2345 τε
2267 2291 2611 2361 ἄσπλαγχνος
2656 2291 2751 2344 καὶ
2788 2289 3062 2360 ἄπληστος
3082 2289 3344 2360 λογισμὸς
3379 2292 3447 2361 τῇ
3483 2289 3715 2359 ἀγαθο-

437 2383 723 2439 nunquam
790 2377 1147 2424 exsaturatur
1192 2371 1490 2441 cogitatio,
1544 2371 1687 2425 bona
1734 2370 1957 2425 volunta

1404 2371 1490 2438 i0,
1544 2371 1687 2425 bona
1734 2370 2016 2425 νυίυηωῑθ
2117 2384 2298 2455 θελείᾳ
2324 2381 2924 2454 φιλιοῦσθαιάνέχεται,

437 2462 666 2519 amicari
697 2462 959 2516 sustinet.
1530 2496 1533 2503 ς

830 2554 983 2622 ll],
1017 2551 1289 2607 CCXCIX.
1316 2584 1387 2593 —
1415 2552 1623 2607 Eidem.

2619 2556 2774 2625 ΣιιΘκ
2797 2587 2866 2598 -
2893 2557 2977 2623 Τῷ
3006 2557 3188 2622 αὐτῷ.

508 2641 725 2710 Quaeris
757 2659 787 2697 a
819 2660 924 2709 me,
950 2658 1122 2713 quare
1156 2646 1210 2698 in
1244 2646 1527 2715 proprium
1567 2661 1740 2716 genus
1764 2660 2010 2701 amorem

2199 2652 2440 2723 Ἐρωτᾷς
2468 2667 2555 2720 με,
2594 2650 2684 2704 διὰ
2715 2650 2766 2703 τί
2800 2649 2933 2704 κύνα
2997 2650 3241 2722 κέκληκα
3290 2648 3391 2720 τὴν
3445 2651 3710 2724 στοργήν

437 2750 629 2790 canem
654 2736 1003 2791 vocaverim?
1034 2751 1158 2790 nam
1188 2737 1343 2792 canis
1367 2745 1452 2791 est
1487 2738 1624 2806 ipse.
1657 2737 1877 2792 rabiose
1912 2753 1957 2792 sa

2196 2741 2253 2805 δς
2291 2741 2351 2795 τὸ
2384 2739 2670 2811 ὁμόφυλον.
2707 2738 2868 2792 Κύων
2916 2738 3026 2809 γάρ
3077 2741 3226 2792 ἐστιν
3269 2739 3407 2809 αὕτη
3443 2739 3714 2808 μανικῶς

438 2841 738 2898 penumero
771 2827 1223 2881 inhumanitatem
1264 2843 1505 2891 omnem,
1558 2836 1615 2881 et
1657 2843 1876 2883 omnem
1908 2829 1958 2881 in

2196 2832 2503 2903 αράττουσα
2527 2831 2788 2895 πολλάκις
2831 2833 3011 2885 πᾶσαν
3057 2831 3336 2902 ὠμότητα,
3372 2832 3469 2885 καὶ
3514 2832 3716 2883 πᾶσαν

438 2919 794 2990 probitatem,
830 2920 1109 2986 duritiem,
1165 2920 1516 2974 insolentiam
1551 2923 1958 2991 tenacitatequ

2194 2923 2401 2995 νηρίαν,
2425 2923 2765 2994 σκληρότητά
2780 2939 2860 2987 τε,
2881 2922 2975 2975 καὶ
2991 2921 3343 2992 ὑψαυχενίαν,
3368 2921 3461 2975 καὶ
3484 2923 3714 2991 ἀμετα-

438 3009 781 3080 discerpens.
813 3010 981 3067 Canis
1005 3012 1192 3081 itaque
1214 3021 1299 3067 est
1328 3028 1435 3066 non
1472 3012 1872 3083 vituperabilis,
1914 3030 1958 3069 se

2192 3014 2319 3069 τίαν.
2344 3013 2502 3068 Κύων
2538 3011 2714 3066 τοίνυν
2746 3013 2804 3066 οὐ
2839 3012 3066 3081 ψεκτὸς,
3089 3012 3371 3076 ἐπαινετὸς
3412 3010 3470 3065 δὲ
3496 3010 3712 3083 μᾶλλον

439 3102 735 3157 laudabilis
788 3103 971 3173 patius
1026 3118 1153 3174 erga
1211 3104 1462 3159 homines
1496 3119 1650 3161 amor
1682 3120 1747 3160 ac
1777 3106 1959 3161 benew

1395 3120 1462 3159 es
1496 3119 1650 3161 amor
1682 3120 1747 3160 ac
1777 3106 2015 3161 benevo—
2119 3107 2154 3177 ἠ
2184 3104 2321 3177 πρὸς
2350 3104 2671 3177 ἀνθρώπους
2704 3103 2915 3174 ἀγάπη.

441 3191 630 3248 ientia.

981 3283 1129 3340 CCC.
1162 3315 1233 3326 --
1262 3283 1467 3341 Eidem.
2111 3340 2117 3347 ,

2111 3340 2117 3347 .
2664 3282 2744 3338 T'.
2776 3280 2943 3346 -Τῷ
2971 3279 3151 3347 αὐτῷ.

518 3372 577 3428 Si
606 3381 870 3444 perpetuo
910 3377 1264 3432 contenderis
1296 3378 1349 3431 in
1381 3378 1658 3436 daemonas
1706 3387 1761 3436 et
1787 3379 2015 3438 affectus

2207 3378 2331 3431 Ἐὰν
2368 3377 2455 3431 ἀεὶ
2507 3376 2750 3446 ἀγωνίσῃ
2795 3375 2922 3437 τοὺς
2973 3375 3255 3445 δαίμονας,
3306 3372 3403 3427 καὶ
3438 3372 3508 3428 τὰ
3550 3372 3710 3443 πάθη

445 3463 669 3530 latrare,
704 3480 812 3520 non
838 3466 1067 3521 latrabis
1093 3469 1146 3521 in
1181 3469 1451 3524 homines.

2122 3469 2393 3535 ὑλακτεῖν,
2426 3469 2525 3540 οὐχ
2551 3468 2875 3539 ὑλακτήσεις
2904 3466 3246 3538 ἀνθρώπους.

978 3557 1155 3613 CCCI.
1186 3590 1254 3600 —
1284 3559 1490 3615 Eidem.

2649 3559 2771 3612 TA'.
2791 3590 2863 3601 —
2885 3556 2971 3624 Τῷ
2990 3557 3170 3623 αὐτῷ.

517 3649 823 3722 Scripsisti.
853 3660 1078 3722 propter
1110 3653 1242 3723 quid
1279 3670 1385 3708 non
1414 3670 1570 3711 cesso
1602 3656 1877 3712 haubari?
1922 3658 2019 3714 sed

2191 3652 2503 3724 Γέγραφας,
2571 3649 2717 3714 τίνος
2768 3652 2928 3723 χάριν
2968 3649 3030 3703 οὐ
3088 3647 3337 3719 παύομαι
3399 3647 3704 3713 ὕλακτεῖνς

446 3734 648 3812 επῂἰιιε
682 3742 1009 3814 significavi,
1049 3745 1225 3813 gratia
1281 3752 1389 3799 tuae
1434 3747 1901 3815 pusillanimitatis

2186 3742 2296 3796 Md
2320 3742 2579 3806 πολλάκις
2609 3742 2960 3811 σεσήμαγκα,
2993 3739 3094 3810 τῆς
3154 3740 3254 3811 σῆς
3284 3739 3450 3792 ἕνεκα
3502 3756 3706 3809 μικρο-

445 3829 845 3889 illiberalitatis.
910 3833 1029 3888 Prae
1068 3834 1437 3890 admiratione
1471 3853 1707 3908 namque
1737 3850 1960 3909 stupore

2190 3836 2344 3905 ιχίας,
2382 3834 2476 3887 καὶ
2505 3832 2810 3901 φειδωλίας·
2848 3831 3144 3901 ὲκπλήξεις
3167 3831 3277 3901 γάρ
3309 3847 3396 3902 με,
3427 3830 3481 3884 εί
3505 3848 3569 3900 γε
3600 3833 3710 3887 κᾶν

445 3939 533 3979 me
566 3924 960 3990 commovebis,
992 3926 1037 3980 si
1069 3925 1154 3979 vel
1180 3926 1468 3980 minimunt
1494 3939 1601 3983 tua:
1626 3929 1965 3985 inhumanita

2188 3927 2368 3996 ιγάκις
2426 3926 2666 3998 μαχήσῃ,
2722 3926 2818 3980 καὶ
2864 3924 3151 3996 πολεμήσῃ
3203 3925 3271 3994 τῇ
3335 3923 3515 3994 οἰκείᾳ
3581 3940 3708 3995 μισ-

444 4032 682 4088 pugnam
722 4025 885 4084 atque
915 4025 1193 4072 certamen
1224 4017 1438 4072 inieris.

915 4025 1193 4072 certamen
1224 4017 1438 4072 inieris.
2126 4019 2432 4092 ανθρωπία.

692 4108 890 4164 CCCII.
929 4138 991 4150 -—
1030 4108 1253 4164 FELICI
1294 4108 1773 4172 PRESBYTERO.

2445 4109 2565 4165 TB'.
2581 4138 2653 4149 —
2674 4108 2914 4162 ΦΙΛΗΚῙ
2941 4106 3417 4178 ΠΡΕΣΒΥΤΕΡῼ.

519 4198 889 4277 Robustarum
959 4202 1352 4272 ﬁrmarumque
1411 4204 1716 4260 animarum
1771 4213 1856 4262 est
1916 4222 2019 4277 per

2195 4201 2474 4273 Στιόαρῶν
2532 4202 2623 4255 καὶ
2681 4200 2926 4272 περῤὦν
2976 4200 3211 4270 ὑπάρχει
3248 4198 3472 4269 ψυχῶν,
3514 4198 3578 4252 τδ
3618 4197 3708 4252 διὰ

447 4290 647 4347 multas
670 4292 1050 4348 tribulationes
1082 4293 1372 4364 prasentis
1397 4296 1583 4349 saeculi
1608 4297 1709 4351 iter
1740 4314 1967 4369 perager

2183 4293 2336 4347 )λλῶν
2376 4292 2608 4362 θλίψεων
2652 4291 2886 4362 βαδίζειν
2918 4291 3016 4362 τὴν
3049 4290 3141 4343 τοῦ
3189 4290 3459 4359 παρόντος
3502 4290 3703 4354 αἰῶνος

449 4383 542 4440 Sic
570 4385 714 4440 enim
766 4385 1030 4441 Dominus
1063 4385 1190 4440 forti
1222 4393 1278 4440 et
1327 4386 1602 4440 constanti
1657 4388 1839 4444 anima
1888 4406 1969 4445 USI

2184 4386 2266 4439 ὅν.
2317 4383 2473 4440 Οὕτω
2528 4385 2637 4456 γὰρ
2676 4385 2705 4436 ὁ
2751 4384 2958 4456 Κύριος
2996 4382 3262 4455 κέχρηται
3296 4385 3362 4454 τῇ
3405 4383 3704 4456 εὐτονούσῃ

447 4484 556 4533 est.
2124 4478 2290 4550 ψυχῇ.

737 4565 960 4624 CCCI“.
989 4597 1059 4607 --
1087 4564 1360 4622 SEVERO
1408 4566 1719 4622 PRIMATI.

520 4658 780 4732 Ethiops
814 4661 1006 4730 pellem
1048 4676 1155 4714 non
1185 4666 1382 4726 mutat,
1421 4676 1599 4729 neque
1631 4662 2022 4717 versicolorem
2406 4654 2897 4725 TI‘.—SETHP9
2944 4653 3408 4707 ΠΡΩΤΕΥΟΝΤΙ.

449 4753 773 4808 varietatem
812 4753 1098 4823 panthera.
1166 4750 1250 4804 Tu
1284 4766 1417 4806 vero
1456 4756 1686 4822 poteris,
1730 4755 1969 4809 dummm

2196 4746 2386 4816 Αἰθίοψ
2422 4745 2520 4816 μὲν
2546 4745 2646 4798 οὐκ
2678 4742 2929 4796 ἀλλάττει
2959 4740 3019 4794 τὸ
3050 4741 3250 4811 δέρμα,
3278 4740 3398 4792 οὐδὲ
3425 4738 3692 4810 πάρδαλις

447 4845 705 4901 voluntas
737 4846 862 4913 fert,
890 4854 945 4901 et
976 4859 1006 4898 a
1038 4843 1196 4913 112
1238 4843 1531 4900 tenebrosa
1573 4847 1844 4902 sententia
1881 4848 1967 4900 ιὶὺι

2177 4838 2543 4909 ιποικίλματα
2595 4835 2802 4904 αὑτῆςο
2842 4834 2905 4887 σὺ
2935 4832 2991 4886 δὲ
3037 4833 3244 4905 δυνήσῃ
3295 4831 3391 4885 ἐὰν
3445 4830 3697 4904 θελήσῃς,

450 4934 583 5000 rari,
625 4942 681 4989 et
725 4935 891 4989 variae
945 4931 1371 5003 multiplicisque
1416 4933 1787 5003 improbitatis
1836 4935 1970 4991 inust

2177 4934 2209 4985 L‘t
2248 4932 2347 5001 τῆς
2382 4928 2715 4991 σκοτοειδοῦς
2754 4927 3137 4996 ἀπαλλαγῆναι
3185 4923 3431 4996 γνώμης.
3482 4925 3581 4978 καὶ
3634 4924 3697 4977 τά

451 5027 608 5098 signa
640 5026 883 5082 abluere.

2120 5023 2395 5094 στίγματα
2426 5020 2527 5091 τῆς
2551 5017 2904 5089 πολυμόρφου
2940 5015 3319 5070 ὲκπλύνασθαι
3347 5016 3569 5078 κακίας.

962 5119 1182 5177 CCCIV.
1213 5152 1282 5164 —-
1307 5122 1516 5177 Eidem.

2661 5112 2782 5165 TA’.
2804 5140 2875 5151 —
2891 5108 3177 5175 Τῷαῠτῷ.

522 5213 734 5281 Quaeris
763 5229 792 5268 a
821 5230 926 5277 me,
957 5214 1086 5284 quid
1115 5225 1219 5278 est,
1260 5214 1407 5284 quod
1450 5215 1527 5268 ait
1574 5212 1718 5267 Deus
1765 5226 1861 5282 per
1890 5224 2020 5281 pro-

2203 5208 2453 5278 Πυνθάνῃ
2483 5222 2606 5277 μου,
2637 5204 2691 5257 τί
2726 5220 2891 5274 φησιν
2940 5203 3028 5257 διὰ
3067 5203 3347 5275 προφήτου
3369 5200 3398 5253 ὁ
3419 5200 3553 5265 Θεὸς
3573 5241 3589 5266 ,
3618 5201 3696 5255 δτι

454 5306 674 5377 pbetam
712 5326 723 5359 :
761 5323 779 5357 ι
822 5306 1077 5375 Detegam
1127 5306 1437 5376 posteriora
1489 5312 1584 5359 tua
1618 5304 1671 5358 iu
1726 5308 1974 5371 conspect

2192 5296 2550 5365 Ἀποκαλύψω
2586 5294 2654 5348 τὰ
2682 5293 2905 5347 ὁπίσθιά
2944 5309 3038 5346 σου
3085 5294 3177 5347 ἐπὶ
3233 5292 3525 5363 πρόσωπόν
3578 5308 3691 5356 σου,

454 5395 571 5459 luo.
594 5406 649 5452 et
671 5408 800 5453 tunc
821 5398 1151 5453 videbuntur
1178 5397 1340 5452 fanda
1369 5397 1703 5467 infandaque
1733 5393 1974 5465 opprobr

2169 5392 2229 5445 al.
2255 5390 2375 5444 τότε
2408 5388 2702 5459 ὀφθήσεται
2733 5387 2882 5439 πᾶσα
2913 5387 2949 5458 ή
2984 5385 3178 5458 ἀτιμία
3206 5402 3352 5440 σον.)
3375 5385 3465 5440 Ἐν
3483 5384 3592 5456 γὰρ
3614 5384 3689 5456 τῷ

459 5496 556 5544 tua
574 5488 643 5543 “.
680 5508 699 5542 ι
736 5489 949 5545 Etenim
980 5491 1033 5546 in
1065 5490 1250 5547 divino
1271 5490 1363 5547 illo
1393 5505 1458 5546 ac
1487 5489 1773 5546 tremendo
1793 5485 1979 5559 judicit

2173 5482 2265 5554 είῳ
2289 5480 2481 5555 ἐκείνῳ
2503 5480 2595 5536 καὶ
2617 5476 2831 5551 φρικτῷ
2850 5477 3186 5551 δικαστηρίῳ
3207 5477 3388 5534 πάντα
3412 5493 3493 5533 σοι
3522 5493 3693 5549 mpu-

530 5666 580 5702 ⁸⁵
597 5664 711 5725 Jer.
742 5686 860 5739 xm,
885 5669 976 5726 26.
