3850 6218
151 235 237 307 193
1351 237 1685 298 EPISTOIJ

1797 237 1878 296 1M
1917 238 2059 297 LIB.
2098 238 2144 297 Ι.

3255 237 3357 305 194

152 352 379 419 στήσεται
432 350 517 411 εἰς
575 350 861 419 πρόσωπον
918 348 983 401 τά
1038 349 1206 408 κακά.
1265 348 1409 417 άπερ
1464 346 1685 402 ἐνταῦθα

1798 348 1982 401 omnia
2014 349 2067 401 in
2108 347 2299 402 faciem
2334 356 2482 402 tuam
2528 350 2689 412 mala,
2726 365 2847 418 qua:
2888 351 2975 405 hic
3008 356 3353 421 perpetrasti,

148 440 410 509 πέπρακας
436 479 453 503 ,
497 438 592 491 ἵνα
628 438 859 509 βλέπων,
902 442 995 493 καὶ⁸
1027 440 1280 508 ἐπιγνοὺς
1321 442 1399 503 είς
1436 439 1697 510 αἰσχύνην

147 532 225 584 καὶ
249 530 409 599 φόϐον
430 531 535 583 καὶ
564 531 763 600 τρόμον
794 532 1144 603 κατενεχθῇς.

590 622 706 675 TE'.
744 652 814 661 —
841 623 1235 695 ΚΑΛΟΚΥΡῼ.

202 712 401 765 Ὗδατα
429 711 694 775 πολλάκις
718 713 766 765 οί
805 713 1078 780 ἄνθρωποι
1110 714 1391 781 λέγονται·
1427 714 1559 782 φασὶ
1593 715 1696 784 γὰρ

143 804 183 855 oi
217 802 488 872 προφῆται
511 820 525 833 ·
566 823 585 855 ι
618 804 752 857 Ἰδοὺ
786 805 862 868 ὡς
902 805 1045 876 ὕδωρ
1087 806 1240 870 πολὺ,
1276 805 1402 876 ἔθνη
1449 807 1641 860 πολλά.
1670 824 1689 858 ι

145 895 252 955 Καὶ,
290 912 307 945 ι
334 894 556 965 Πλῆθος
588 894 757 948 ὲθνῶν
784 896 1012 961 πολλῶν,
1036 897 1224 966 ῶσπερ
1246 896 1388 969 ὕδωρ
1422 898 1634 968 ὴχὴσει.
1672 917 1691 949 ι

144 984 271 1048 Καὶ,
316 1003 333 1035 ι
377 986 516 1039 Ἰδοὺ
580 986 769 1055 ἀνάγω
802 989 886 1058 ἐφ’
930 989 1075 1058 ὑμᾶς
1109 987 1169 1042 τὸ
1199 988 1342 1061 ὕδωρ
1387 992 1544 1055 πολὺ,
1605 990 1695 1045 τὸν

147 1077 340 1146 βασιλέα
360 1077 475 1131 τῶν
511 1080 836 1151 ’Δσσυρίων.
871 1099 890 1133 ι

654 1173 793 1240 TC".
816 1202 885 1211 —
913 1172 995 1239 Τῷ
1016 1174 1199 1240 αὐτῷ.

204 1262 427 1331 Χριστὸς
454 1262 645 1326 esse;
696 1264 789 1315 καὶ
835 1264 1112 1335 Δεσπότης
1142 1264 1249 1317 τῶν
1298 1265 1453 1331 ὅλων,
1509 1263 1695 1333 σαφῶς

144 1355 219 1405 καὶ
237 1354 537 1426 διαρῤήδην
570 1358 628 1408 ὲν
652 1359 764 1417 τοῖς
788 1356 1140 1424 Εὐαγγελίοις
1165 1356 1391 1410 ἀνακλεῖ
1427 1358 1549 1421 τοὺς
1587 1357 1696 1411 ἀπὸ

145 1446 374 1510 παντοίας
426 1448 633 1510 κακίας
680 1447 1083 1517 βεϐαρημένους
1112 1465 1125 1478 ο
1163 1448 1365 1501 «Δεῦτε
1420 1448 1554 1519 πρός
1601 1466 1692 1519 με,

144 1539 468 1609 κραυγάζων,
546 1539 705 1607 κάγὼ
762 1540 1059 1593 ἀναπαύσω
1112 1542 1275 1611 ὑμᾶς.
1302 1560 1320 1590 ι
1362 1540 1532 1593 Τοῦτο
1586 1541 1694 1613 γάρ

145 1630 269 1699 αύτῷ
293 1632 507 1699 καὶτῆς
542 1632 601 1695 ἐξ
622 1629 852 1701 ούρανοῦ
898 1630 1124 1683 καθόδου
1156 1632 1215 1685 τὸ
1240 1632 1410 1685 αἴτιον
1458 1632 1691 1700 γεγενῆ-

145 1721 247 1773 σθαι
277 1722 735 1775 διεϐεϐαιώσατο·
771 1741 787 1771 ι
816 1723 888 1774 Οὐ
913 1722 1021 1792 γὰρ
1057 1716 1219 1793 ἦλθον
1265 1722 1504 1786 δικαίους
1532 1723 1692 1776 καλέ-

146 1828 238 1873 σαι,
264 1813 443 1883 φησὶν,
475 1814 618 1867 ἀλλὰ
647 1814 1004 1884 ἁμαρτωλοὺς
1039 1814 1172 1885 πρὸς
1194 1814 1254 1867 τὸ
1295 1815 1642 1884 μετανοῆσαι.
1668 1833 1686 1867 ι

145 1905 256 1965 Καὶ,
303 1907 409 1957 «OE
443 1906 724 1975 ἰσχύοντες
770 1907 830 1958 ού
884 1905 1176 1976 χρῄζουσιν
1226 1905 1433 1975 ἰατροῦ,
1474 1905 1589 1959 ἀλλ’
1640 1906 1691 1959 οί

145 1996 304 2059 κακῶς
336 1996 578 2066 ἔχοντες.
610 2018 629 2049 ι
662 1998 724 2049 Εί
772 1997 949 2051 τοίνυν
985 1998 1140 2051 ταῦθ’
1188 1998 1360 2060 οὕτως
1411 1997 1545 2068 ἔχει,
1590 2015 1692 2068 μη-

145 2088 303 2157 δαμῶς
322 2089 697 2157 ἀπογίνωσκε,
737 2086 1009 2159 μᾶλλονδὲ
1041 2088 1283 2159 ρώννυσο
1308 2090 1427 2153 ταῖς
1455 2106 1681 2160 χρηστο-

146 2180 305 2252 τέραις
336 2182 462 2235 ὲλπί
468 2200 578 2236 σιν.

392 2275 517 2327 ΤΖ¹.
536 2305 611 2315 -
630 2274 924 2345 ΣΙΛΒΔΝῼ
954 2274 1396 2345 ΚΟΙΝΟΒΙΩΤῌ.

213 2362 323 2415 Ἐὰν
360 2362 616 2434 θέλωμεν
636 2364 724 2417 διὰ
760 2365 977 2417 πάντων
1019 2365 1400 2433 καταπατῆσαι
1430 2363 1556 2426 τοὺς
1583 2362 1689 2416 δαί-

152 2470 307 2521 μονάς,
337 2453 607 2526 δείξωμεν
640 2455 726 2508 διὰ
758 2455 974 2507 πάντων
1009 2455 1108 2525 τὴν
1144 2456 1675 2526 ταπεινοφροσύνην,

148 2546 197 2597 τὸ
230 2547 427 2601 ἑαυτῶν
501 2546 720 2618 θέλημα
795 2548 1012 2618 μακρὰν
1078 2547 1478 2619 ἀπορρίψαντες
1509 2564 1521 2577 ·
1595 2548 1689 2599 καὶ

151 2636 311 2706 ὥσπερ
338 2638 434 2706 τὴν
457 2638 719 2708 νηστείαν
746 2637 913 2706 ἡδέως
938 2637 1364 2707 καταδεχόμεθα,
1393 2636 1686 2689 κελευσάν-

147 2742 233 2778 των
259 2730 379 2796 ἡμῖν
411 2728 523 2781 τῶν
553 2729 647 2780 τὸν
678 2728 790 2797 βίον
842 2729 1266 2798 προοδευκότων,
1317 2727 1457 2779 οὕτω
1503 2728 1597 2779 καὶ
1630 2726 1689 2779 τὸ

151 2822 332 2886 φαγεῖν,
362 2820 395 2891 ἢ
426 2823 577 2873 πιεῖν
611 2821 744 2891 πρός
772 2838 891 2873 τινα
928 2820 1117 2891 χρόνον
1171 2821 1451 2890 κεκμηκὸς
1504 2820 1690 2873 διανα-

149 2909 321 2962 παῦσαι
365 2911 426 2963 τὸ
466 2911 630 2980 σῶμα
689 2912 1181 2980 συμϐουλευόμενοι
1240 2911 1393 2980 παρὰ
1456 2912 1567 2963 τῶν
1625 2908 1685 2965 εὖ

1798 430 2054 492 astabun't
2085 456 2098 492 :
2136 448 2194 492 ut
2221 439 2409 494 videns
2430 449 2483 495 et
2508 456 2846 510 cognoscens
2877 442 2931 495 in
2954 442 3353 506 confusionem,

1798 530 2048 586 timorem
2079 546 2141 587 ac
2176 542 2471 588 tremorem
2505 534 2797 589 concedas.

2225 622 2423 677 (ZCCV.
2456 652 2519 669 .-
2547 623 2935 680 CALOCYRO.

1866 713 2033 783 Aqua:
2058 730 2435 783 smpenumero
2456 715 2705 769 homines
2740 728 3167 786 nuncupantur:
3201 730 3356 770 nam-

1796 822 1903 877 que
1948 809 2138 861 dicunt
2189 810 2466 879 prophetae
2502 828 2514 864 :
2559 829 2576 861 ι
2613 811 2753 865 Ecce
2803 812 2949 865 velut
2986 824 3141 880 aqua:
3174 808 3357 863 multa;

1797 900 1981 969 populi
2008 901 2161 954 multi
2182 901 2283 955 ⁸⁵.»
2302 900 2366 955 Et
2396 921 2410 957 :
2446 901 2769 955 (Multitudo
2800 903 3091 956 multarum
3114 899 3354 969 gentium

1796 994 1945 1048 velut
1980 1010 2119 1064 aqua
2146 1002 2454 1065 perstrepet
2479 995 2577 1049 ⁸⁸.»
2614 997 2677 1048 Et
2714 1014 2726 1048 :
2764 994 2929 1050 «Ecce
2957 1009 3059 1063 ego
3084 993 3353 1047 adducam

1798 1101 1965 1142 super
1991 1102 2086 1142 vos
2108 1102 2301 1157 aquam
2338 1088 2563 1140 multam
2587 1103 2769 1154 regem
2793 1086 3147 1158 Assyriorum
3169 1083 3237 1137 ⁸⁷.
3258 1102 3277 1133 ι

2297 1172 2520 1229 CCCVI.
2548 1205 2613 1215 -
2649 1174 2849 1228 Eidem.

1864 1263 2115 1319 Christus
2149 1264 2324 1330 Deus,
2373 1275 2426 1320 et
2471 1266 2714 1319 omnium
2764 1264 3048 1325 Dominus.
3097 1261 3243 1316 clare
3295 1274 3360 1313 ac

1796 1358 1971 1427 palam
2009 1357 2062 1411 in
2096 1357 2424 1428 Evangeliis,
2455 1374 2572 1421 eos,
2604 1358 2697 1426 qui
2726 1357 2876 1410 omni
2908 1370 3107 1425 genere
3139 1353 3359 1408 malitiae

1798 1458 2226 1517 prmgravantur,
2256 1449 2489 1503 advocat
2520 1467 2535 1502 :
2574 1468 2591 1499 ι
2624 1448 2816 1503 Venite
2846 1447 2913 1502 ad
2945 1463 3050 1505 me.
3092 1447 3355 1511 clamans,

1795 1546 1847 1593 et
1870 1554 1969 1607 ego
2002 1538 2241 1593 reficiam
2279 1555 2373 1594 vos
2396 1538 2462 1592 ⁸⁸.
2502 1557 2521 1591 ι
2558 1540 2673 1593 Hoc
2698 1541 2842 1594 enim
2875 1539 2949 1591 illi
2982 1553 3012 1591 e
3066 1537 3207 1591 cmlo
3260 1536 3359 1588 de-

1796 1644 2023 1685 scensus
2078 1631 2130 1684 in
2172 1646 2338 1684 causa
2381 1630 2553 1687 fuisse
2584 1632 2940 1686 asseveravit.
2986 1650 3003 1679 ι
3039 1630 3156 1683 Non
3189 1628 3356 1691 enim,

1795 1720 1991 1790 inquit,
2014 1723 2134 1774 veni
2160 1721 2338 1790 justos
2373 1737 2591 1785 vocare,
2619 1722 2714 1776 sed
2740 1729 3056 1791 peccatores
3087 1720 3152 1771 ad
3182 1718 3359 1787 pinni-

1792 1813 2012 1868 tentiam
2036 1814 2101 1866 ⁸⁸.
2140 1832 2157 1864 ι
2204 1813 2269 1866 Ει
2310 1832 2321 1866 :
2369 1833 2387 1863 ι
2426 1814 2525 1881 Qui
2560 1814 2695 1867 bene
2727 1814 2931 1875 valent,
2960 1827 3072 1865 non
3110 1811 3359 1878 indigent

1790 1903 2021 1965 medico.
2049 1904 2143 1958 sed
2168 1906 2260 1974 qui
2293 1904 2433 1959 male
2476 1921 2535 1960 se
2570 1904 2770 1957 habent
2791 1905 2857 1957 θ’,
2894 1923 2912 1954 ι
2954 1902 3074 1955 "me
3108 1903 3289 1971 itaque
3310 1902 3359 1955 si

1790 1996 1865 2049 ita
1896 2010 1956 2050 se
1989 1996 2211 2061 habent,
2259 1996 2407 2050 nullo
2440 1995 2604 2049 modo
2630 1996 2681 2049 iu
2717 1996 3153 2063 desperationem
3186 1993 3358 2063 rapia-

1788 2089 1888 2154 ris,
1919 2087 2013 2143 sed
2043 2088 2224 2158 potius
2248 2102 2345 2157 spe
2374 2087 2584 2141 meliori
2614 2085 2969 2140 confirmare.

1896 2262 2051 2332 113
2098 2260 2340 2318 CCCVll.
2372 2291 2444 2303 —
2480 2259 2776 2316 SlLVANO
2819 2254 3249 2315 (ἋΕΝΟΒΙΤᾹ).

1859 2352 1915 2409 Si
1944 2370 2171 2424 prorsus
2204 2354 2477 2409 daemones
2513 2353 2840 2408 conculcare
2876 2352 3038 2407 nobis
3084 2352 3137 2405 in
3170 2350 3355 2404 animo

1785 2456 1893 2510 est,
1927 2462 2020 2516 per
2054 2448 2236 2500 omnia
2279 2447 2633 2501 ostendamus
2681 2445 3079 2508 humilitatem,
3120 2442 3280 2511 longe
3322 2456 3355 2495 a

1786 2538 1945 2593 nobis
1978 2539 2252 2609 propriam
2274 2540 2609 2591 voluntatem
2643 2544 3012 2592 removentes.
3059 2538 3126 2591 Et
3160 2551 3353 2607 quem-

1787 2626 2077 2681 admodum
2138 2626 2406 2696 jejunium
2469 2628 2661 2681 libenti
2706 2627 2892 2680 animo
2940 2627 3349 2695 amplectimur,

1788 2722 1860 2774 ita
1889 2718 2327 2788 prmeipientibus
2366 2719 2492 2783 illis,
2533 2720 2627 2788 qui
2664 2734 2761 2773 nos
2793 2728 3231 2788 prrecesserunt;
3275 2720 3356 2773 sic

1788 2817 1842 2863 et
1874 2809 2178 2872 comedere,
2221 2818 2275 2863 et
2326 2809 2534 2871 bibere,
2579 2819 2632 2862 et
2685 2808 2750 2861 ad
2807 2817 3021 2878 tempus
3073 2809 3351 2864 defessum

1790 2916 1988 2968 corpus
2012 2900 2179 2969 quieti
2227 2899 2465 2964 tradere,
2502 2914 2624 2953 cum
2670 2900 2739 2953 ab
2779 2900 2909 2961 illis,
2947 2899 3039 2969 qui
3073 2915 3162 2953 res
3190 2914 3344 2968 expe-

152 3002 337 3055 είδότων
381 3004 707 3073 δοκιμάζειν
760 3005 851 3056 καὶ
900 3006 1107 3073 κρίνειν
1132 3004 1200 3056 τά
1222 3005 1546 3074 πράγματα,
1584 3005 1685 3056 ὑπ-

1797 2993 1887 3046 riri
1936 3006 2000 3045 ac
2038 2992 2341 3060 dijudicare
2379 2992 2581 3061 Optime
2611 2992 2835 3056 callent,
2883 2991 3203 3056 suademur,
3243 2991 3349 3044 ala-

150 3094 434 3164 ακούσωμεν
456 3095 780 3166 προθύμως.
812 3097 905 3148 καὶ
943 3096 1457 3166 ἀναμφισϐητήτως.
1494 3095 1683 3147 Πλείον

151 3181 237 3252 γὰρ
260 3183 350 3253 τῆς
374 3185 636 3255 νηστείας
666 3187 699 3255 ἡ
725 3184 845 3237 καθ’
869 3185 1117 3255 ὑπακοὴν
1153 3185 1452 3257 μετάληψις
1484 3186 1682 3256 μαστί-

152 3272 215 3336 {tt
231 3278 343 3338 τοὺς
363 3277 597 3345 δαίμονα

330 3366 458 3420 τιιν.
480 3395 553 3406 --
574 3365 905 3436 ΘΑΛΑΣΣῙῼ
934 3363 1459 3435 ΑΡΓΥΡΟΠΡΑΤῌ.

205 3457 314 3520 Πῶς
326 3476 465 3521 τινες
485 3458 597 3511 τῶν
621 3461 829 3527 γοήτων
850 3458 950 3524 (a),
970 3457 1089 3509 τινὰ
1109 3456 1454 3527 πλανώμενον
1476 3456 1685 3527 ἀνθρω-

150 3562 229 3600 rm
260 3548 501 3619 μνημείῳ
531 3547 970 3609 ἐπιϐιϐάσαντες,
1009 3548 1088 3609 εἰς
1132 3546 1289 3615 ξένην
1348 3548 1579 3617 πατρίδα
1606 3546 1685 3611 ἐξ·

161 3638 383 3707 έπεμψαν
413 3640 636 3701 σκοτίας
670 3637 1019 3708 ὑπαρχούσης
1039 3654 1053 3701 ;
1075 3638 1229 3707 δῆλον
1264 3637 1345 3689 ὅτι
1376 3640 1442 3708 τῇ
1472 3640 1683 3709 πονηρᾷ

151 3730 421 3801 ὲπικλήσει,
461 3732 561 3786 καὶ
586 3732 652 3801 τῇ
684 3730 909 3799 δυνάμει
937 3729 1046 3781 τῶν
1077 3728 1320 3797 φυσικῶν
1345 3732 1682 3800 πραγμάτων

151 3820 327 3889 δαίμων
351 3823 626 3891 βαστάσας
653 3822 742 3874 τὸν
761 3820 1045 3891 ἄνθρωπον
1077 3819 1311 3889 ἀλλαχοῦ
1352 3821 1678 3891 διεκόμισεν.

152 3910 308 3975 υύτως
345 3915 520 3965 τοίνυν
563 3914 657 3966 καὶ
694 3910 1034 3980 ἀποκτηνοῦν
1070 3910 1378 3981 ἄνθρωπον,
1420 3911 1682 3977 πολλάκις

153 4001 365 4055 δοκοῦσιν
386 4008 432 4057 οἱ
464 4002 773 4075 φαρμακοὶ,
808 4002 928 4071 οὖχὶ
951 4000 1047 4071 τὴν
1069 4002 1256 4054 οὐσίαν
1286 4001 1381 4055 τού
1420 4002 1677 4072 σώματος

158 4096 601 4161 μεταπλάττοντες,
635 4094 768 4148 ἀλλά
803 4093 1013 4163 μορφὴν
1040 4095 1269 4161 κτήνους
1298 4094 1674 4163 περιτιθέντες

156 4184 292 4255 αὐτῷ.
318 4187 524 4240 Οὐκοῦν
546 4188 648 4239 κᾶν
666 4186 1004 4254 σαγματισθῇ
1028 4184 1217 4253 ὥσπερ
1244 4183 1395 4246 ὄντος
1420 4187 1447 4237 ὁ
1474 4185 1681 4256 ἄνθρω-

156 4290 254 4339 πος,
276 4280 387 4331 ὅσον
418 4282 516 4348 μὲν
550 4278 771 4330 δύναται
800 4276 874 4338 ὡς
906 4275 1190 4345 ἄνθρωπος
1222 4274 1501 4344 βαστάζει,
1536 4277 1595 4330 τὸ
1623 4276 1679 4329 δὲ

158 4364 310 4423 λοιπὸν
339 4373 443 4435 τοῖς
473 4369 645 4438 ῶμοις
674 4371 702 4422 ὁ
725 4368 933 4434 δαίμων
969 4368 1345 4436 ἀνακουφίζει.

302 4544 499 4597 ΤΘ’.-
542 4541 869 4596 ΣΩΣΘΕΝΕΙ
911 4536 1472 4611 ΚΟΜΕΝΤΑΡΠΣΙῼ.

227 4633 448 4704 ’Λνόητόν
504 4651 562 4686 σε
605 4634 697 4687 καὶ
730 4631 984 4684 ἀσύνετον
1022 4632 1427 4700 καταμανθάνω
1452 4648 1466 4661 '
1497 4633 1545 4683 εί
1575 4631 1683 4703 γὰρ

1791 3085 1960 3139 criter
1990 3084 2218 3153 imperio
2258 3083 2567 3147 audiamus,
2611 3099 2674 3137 ac
2705 3085 2826 3138 sine
2853 3082 2960 3137 ulla
2991 3082 3351 3137 haesitatione.

1791 3174 1961 3245 Magis
1988 3176 2254 3244 siquidem
2288 3175 2497 3244 jejunio
2533 3176 2670 3244 ipso.
2706 3191 2825 3244 qum
2857 3190 2952 3244 per
2976 3174 3351 3229 obedientiam

1791 3268 2017 3323 refectio
2050 3268 2125 3328 lit,
2164 3267 2436 3321 daemones
2471 3267 2722 3334 ﬂagellat.

1929 3356 2197 3411 CCCVI".
2225 3386 2298 3397 —
2322 3355 2706 3411 THALASSIO
2744 3355 3211 3410 ARGENTARIO.

1860 3448 2148 3514 Quomodo
2183 3464 2246 3502 ex
2281 3448 2773 3519 priestigiatoribus
2825 3449 3105 3513 nonnulli,
3159 3464 3342 3517 quem-

1789 3540 1913 3595 dam
1956 3549 2323 3607 pererrantem
2362 3540 2656 3603 hominem,
2718 3540 3013 3607 sepultnrze
3044 3540 3351 3607 appositum

1790 3633 1846 3687 in
1890 3632 2120 3687 alienam
2169 3632 2400 3701 patriam
2455 3630 2810 3696 dimiserunt,
2865 3630 3108 3684 tenebris
3154 3640 3351 3683 cuncta

1788 3725 2225 3796 occupantibus?
2267 3722 2642 3788 manifestum,
2680 3738 2845 3793 prava
2879 3724 3256 3786 advocatione,
3297 3729 3350 3777 et

1789 3831 1971 3870 rerum
2005 3817 2333 3871 naturalium
2388 3817 2647 3872 facultate
2700 3834 2729 3872 a
2779 3818 3023 3873 daemone
3074 3814 3347 3873 hominem

1788 3910 2063 3967 sublatum
2097 3911 2150 3964 in
2186 3911 2345 3964 aliam
2376 3912 2649 3980 regionem
2688 3918 3122 3981 transportatum
3157 3909 3348 3965 fuisse.

1786 3999 1986 4055 Eadem
2012 4002 2194 4069 itaque
2226 4000 2437 4055 ratione
2468 4001 2745 4055 hominem
2776 4000 2831 4055 in
2858 4001 3084 4056 bestiam
3124 4016 3350 4055 conver-

1786 4101 1901 4147 tere
1934 4092 2134 4160 sa3pius
2178 4089 2433 4145 videntur
2471 4092 2693 4145 venetici
2722 4131 2737 4156 ,
2805 4106 2915 4145 non
2982 4092 3348 4146 substantiam

1786 4183 2037 4252 corporis
2075 4182 2447 4243 immutantes,
2495 4182 2588 4235 sed
2623 4181 2851 4250 pecudis
2886 4180 3116 4234 formam
3148 4181 3220 4234 illi
3255 4196 3350 4249 ap-

1786 4272 2091 4343 pingentes.
2117 4272 2303 4340 Itaque
2325 4271 2453 4351 licet
2472 4272 2652 4337 homo,
2671 4271 3133 4340 quemadmodum
3160 4274 3349 4327 asinus

1714 4380 1758 4433 ι)
1792 4364 1927 4420 sella
1958 4372 2348 4434 praegravetur,
2383 4370 2647 4432 quantmn
2695 4371 2871 4432 potest
2922 4363 3039 4432 ipse
3080 4374 3137 4417 ut
3187 4365 3349 4419 homo

1785 4456 2045 4521 sustinet,
2079 4454 2351 4523 reliquum
2386 4454 2626 4507 humeris
2653 4454 2863 4508 dwmon
2899 4454 3117 4507 attollit.

1768 4546 1948 4623 ,114
2000 4542 2225 4601 CCCIX.
2274 4574 2343 4584 —
2393 4540 2732 4598 SUSTHENI
2793 4544 3345 4601 COMENTARESIO.

1852 4635 2083 4691 Fatuum
2141 4645 2194 4690 te
2228 4633 2614 4703 insulsumque
2643 4650 2765 4689 esse
2800 4634 3153 4704 deprehendo
3178 4652 3192 4687 :
3220 4648 3346 4687 nam

163 4722 465 4800 ὶπιλαμϐἀνῃ
537 4725 631 4778 τού
702 4723 963 4793 θεοφόρου
1027 4722 1219 4793 ἀνδρὸς
1277 4723 1525 4776 Ἰωάννου
1586 4724 1681 4776 τού

1797 4728 1831 4783 si
1869 4728 2135 4783 deiferum
2184 4729 2359 4782 virum
2408 4725 2674 4780 Joannem
2721 4726 3037 4795 episc0pum
3072 4726 3348 4781 Constan-

164 4815 419 4871 ἐπισκόπου
466 4816 1122 4879 Κωνσταντινουπόλεως,
1167 4814 1243 4876 ὡς
1289 4814 1530 4883 ὀργίλου,
1591 4815 1682 4868 καὶ

1797 4820 2242 4889 .in0politanum,
2299 4828 2555 4887 tanquam
2614 4817 2910 4871 iracundiae
2961 4815 3243 4879 deditum,
3293 4824 3347 4872 et

165 4905 321 4976 ὒῦρεσι
348 4910 638 4981 χαίροντος,
673 4910 730 4960 ὲν
757 4905 832 4974 τῷ
855 4904 1203 4974 ἐπιπλήττειν
1241 4906 1351 4966 τοῖς
1381 4902 1684 4974 ὲξαμαρτάο

166 5014 306 5061 vovet,
335 5003 421 5053 καὶ
447 4998 722 5070 ὲμϐριθῶς
761 4995 1137 5050 καθάπτεσθαι
1165 4994 1273 5047 τῶν
1312 4994 1409 5065 τὴν
1447 4996 1684 5066 ἀναλγη-

170 5090 285 5153 σίαν,
305 5092 386 5144 καὶ
425 5093 522 5162 τὴν
563 5088 922 5159 ἀναισθησίαν
982 5085 1431 5157 ἀρρωστούντων,
1494 5088 1682 5157 καιρός

174 5195 237 5232 σοι
264 5182 442 5237 καὶτὸν
473 5182 778 5250 Βαπτιστὴν
822 5177 1075 5248 Ἰωάννην
1134 5178 1335 5245 λέγειν,
1371 5178 1453 5230 ὅτι
1485 5182 1675 5249 γεννή-

176 5286 290 5337 ματα
325 5274 527 5344 ἐχιδνῶν
560 5289 709 5335 τινας
741 5269 1098 5332 ἀπεκάλεσεν,
1134 5267 1304 5326 ἰώδεις
1337 5268 1429 5319 τὸν
1478 5268 1677 5339 τρόπον

1778 4909 2004 4963 nimium
2040 4924 2099 4962 se
2137 4908 2374 4975 injuriis,
2406 4909 2459 4961 in
2490 4906 2817 4961 facinorosis
2859 4906 3346 4974 reprehendendis,

1779 4997 2166 5057 obiectantem,
2199 5008 2249 5050 et
2288 4996 2418 5062 illis,
2449 4996 2540 5065 qui
2572 5011 2681 5065 pra:
2708 4995 3006 5050 indolentia
3030 5011 3093 5049 ac
3124 5003 3346 5064 stupore

1782 5090 1918 5144 nihil
1945 5089 2368 5158 persentiscunt,
2404 5088 2613 5142 duriter
2635 5102 2937 5158 aspereqnc
2968 5086 3345 5156 objurgandis,

1783 5178 1972 5247 culpas
2009 5196 2021 5231 :
2054 5166 2268 5247 tempus
2293 5178 2402 5246 jam
2431 5187 2535 5236 cst.
2574 5186 2703 5229 utet
2743 5174 2997 5230 Joannem
3027 5175 3346 5244 Baptislam,

1784 5270 2054 5340 genimina
2100 5270 2406 5337 viperarum
2452 5270 2743 5322 nonnullos
2778 5267 2869 5336 qui
2903 5268 3182 5322 venenosis
3225 5282 3345 5319 mo-

178 5358 500 5432 ὑπάρχοντας,
540 5364 634 5417 καὶ
689 5360 783 5414 τὸν
826 5359 1146 5412 ’Δπόστολον
1204 5357 1468 5427 ὑϐριστὴν
1535 5353 1676 5411 εἶναι

1797 5360 1934 5415 ribus
1958 5368 2115 5415 erant
2140 5360 2206 5425 ⁹¹,
2247 5367 2673 5426 ntiucupantem,
2713 5357 3008 5421 insimules,
3033 5364 3085 5411 et
3119 5358 3343 5424 Aposto-

229 5474 265 5506 ⁸⁸
295 5479 534 5542 lsmxvn,
577 5478 657 5531 l2.
732 5474 778 5507 ⁸⁸
808 5474 937 5529 ibid.
1012 5473 1056 5505 ⁸⁷
1104 5473 1205 5527 lsa.
1252 5488 1367 5539 ιἰιι,
1396 5474 1448 5527 7.
1522 5472 1567 5505 ⁸⁸
1597 5475 1685 5529 Mal

1819 5489 1898 5541 ιι,
1923 5474 2014 5531 28.
2088 5473 2133 5505 ⁸⁸
2177 5471 2367 5527 Matth.
2403 5487 2477 5536 Ix,
2504 5471 2591 5538 15,

180 5554 242 5601 ιιι,
288 5548 487 5610 π;ιυυ.
517 5566 595 5612 ιιι,
624 5548 677 5600 7'.

231 5660 293 5721 la)
318 5660 528 5719 Allatius
552 5660 777 5729 νοητῶν,
802 5656 1282 5714 intellectualibus.
1308 5655 1467 5715 Eni'l‘.

2684 5471 2730 5502 9°
2762 5470 2894 5525 ibid.
2930 5467 3010 5525 12.
3085 5468 3129 5500 ⁸⁸
3155 5466 3343 5524 Matth.
