3850 6218
490 269 592 335 I95
1953 264 1993 323 S

2058 263 2220 325 NILI

3639 260 3779 326 196

484 381 599 438 Ium
640 378 965 451 injuriosum
996 393 1140 443 esse,
1168 377 1251 432 bis
1276 375 1501 432 Galatas
1542 377 1848 454 insensatps
1873 376 2059 447 appel-

2189 373 2393 449 ιρίνειν,
2430 376 2511 431 ὅτι
2541 376 2787 440 Γαλάτας
2823 374 3075 450 δεύτερον
3113 376 3376 450 ἀνοήτους
3405 379 3777 449 προσεῖπεν,
3822 430 3823 435 η

483 472 689 527 Iantem
716 469 930 539 judiccs
947 470 1028 533 9';
1057 466 1378 535 injuriaeque
1421 465 1599 519 dicam
1646 466 1926 535 prophetis
1960 465 2060 518 im-

486 563 713 633 pingas,
762 574 884 613 cum
919 573 1185 628 equorum
1240 557 1470 611 feminas
1521 556 1957 626 deperientium,
2007 565 2062 610 et

485 667 684 707 canum
734 651 963 705 latenter
992 648 1379 714 mordentimn,
1428 656 1480 703 et
1516 648 1790 717 luporum,
1843 655 1899 702 et
1936 662 2061 702 cor-

488 745 673 800 nicum
732 743 1048 799 nominibus
1105 742 1334 796 rationis
1386 749 1666 812 compotes
1728 739 2058 810 insigniant,

487 837 1005 909 reprehensionibus
1040 843 1408 904 pererrantem
1444 833 1498 887 in
1534 832 1818 887 meliorum
1852 830 2059 901 frugem

486 937 829 987 revocantes.
853 927 990 994 Quid
1011 941 1173 997 porro
1198 926 1264 981 de
1288 925 1530 979 omnium
1557 924 1687 989 Deo,
1705 931 1758 979 et
1782 924 2063 994 provisore

487 1022 710 1078 Christo
742 1020 956 1085 humili,
991 1020 1087 1090 qui
1122 1020 1339 1090 propria
1384 1017 1667 1074 clementia
1718 1025 1771 1073 et
1808 1032 2060 1071 mansue-

487 1113 681 1169 tudine
727 1128 943 1167 omnem
977 1111 1453 1166 mansuetudinem
1498 1116 1881 1180 superaverat,
1935 1123 2060 1163 cum

486 1207 646 1263 audis
676 1205 744 1260 ab
769 1206 911 1275 ipso,
936 1204 1158 1269 stultos,
1185 1210 1241 1259 et
1270 1218 1467 1266 caecos,
1508 1212 1562 1257 et
1592 1202 1731 1257 filios
1762 1200 1981 1264 diaboli,
2009 1208 2063 1255 et

486 1296 721 1358 zizania,
768 1304 822 1350 et
868 1309 1054 1359 canes,
1103 1303 1157 1350 et
1200 1309 1417 1365 porcos.
1463 1301 1518 1349 et
1562 1293 1686 1347 aliis
1732 1291 2060 1362 quibusdam

487 1388 838 1446 mordacibus
868 1398 1186 1458 peccatores
1212 1385 1463 1452 vocitari,
1496 1383 1923 1454 pronuntiabis?

732 1573 935 1629 CCCX.
983 1603 1055 1616 —
1086 1572 1436 1632 HELLADIO
1482 1574 1800 1634 LECTORI.

556 1661 742 1718 Otium
788 1663 1075 1720 ineruditis
1122 1665 1390 1719 malorum
1444 1681 1671 1736 operum
1727 1668 2055 1740 principium

488 1769 613 1811 esse
652 1764 707 1808 tu
736 1769 955 1824 quoque
989 1768 1095 1809 una
1126 1770 1249 1810 cum
1287 1756 1411 1813 aliis
1449 1757 1663 1824 fateris,
1696 1767 1751 1815 et
1785 1758 2062 1824 Hebraeos,

490 1859 616 1899 cum
646 1843 701 1897 in
727 1843 947 1899 deserto
970 1860 1079 1899 non
1106 1854 1253 1901 esset
1288 1845 1420 1913 illis,
1440 1846 1494 1901 in
1522 1862 1632 1918 quo
1649 1864 1708 1903 se
1727 1859 2066 1915 exercerent,

491 1934 548 1989 in
574 1935 844 1990 idol0rum
874 1937 1079 1991 cultum
1114 1938 1425 1993 concidisse
1454 1942 1744 2011 cognoscis
1770 1940 1838 1996 ".
1869 1941 1947 1998 Ne
1971 1941 2071 1998 ita-

490 2042 598 2097 que
626 2027 698 2082 ab
715 2042 880 2096 opere
899 2042 1156 2082 manuum
1187 2028 1507 2096 abhorreas,
1527 2044 1651 2085 cum
1676 2030 1809 2086 illud
1840 2032 1974 2087 utile
1998 2032 2071 2088 sit

489 2126 545 2172 et
572 2116 730 2171 valde
761 2116 1031 2173 sobrium.

549 2206 707 2278 115
736 2205 958 2262 CCCXL
990 2238 1058 2249 —
1088 2206 1392 2264 ΤΗΕΟΝιΕ
1438 2208 1649 2266 REMP.
1692 2211 2014 2268 GERENTI.

560 2299 692 2354 Sine
730 2299 842 2354 ullo
878 2300 1078 2355 solatio
1126 2315 1363 2357 maerore
1398 2303 1549 2373 angi,
1591 2312 1647 2358 et
1684 2304 1992 2376 deplorare,
2016 2316 2069 2362 et

484 2388 742 2461 jejuuare
770 2405 870 2461 pro
891 2390 1179 2446 demortuo
1200 2395 1634 2464 consanguineo,
1668 2395 2067 2452 incredulitatis

490 2497 556 2536 ac
577 2481 805 2552 abjecta:
830 2482 947 2552 spei
977 2482 1242 2538 indicium
1284 2494 1392 2539 est.
1428 2484 1534 2551 Qui
1563 2485 1739 2541 credit
1770 2489 2068 2557 sepulturae

491 2588 641 2629 nunc
661 2573 925 2629 traditum
959 2589 990 2628 a
1016 2576 1251 2631 mortuis
1286 2588 1750 2645 resurrecturum,
1800 2595 1896 2649 spe
1934 2596 2068 2635 con-

493 2662 823 2727 ﬂrmabitur,
864 2663 972 2718 Deo
1006 2664 1213 2734 gratias
1261 2674 1405 2736 aget,
1460 2668 1729 2739 Iacrymas
1774 2670 2066 2726 transferet

493 2760 552 2814 in
584 2758 935 2826 hilaritatem,
963 2758 1287 2815 demortuus
1340 2768 1401 2814 ut
1455 2761 1805 2831 sempiternae
1849 2764 2066 2817 miseri-

492 2851 695 2905 cordiae
718 2849 993 2919 particeps
1015 2848 1128 2915 fiat,
1160 2849 1574 2919 deprecabitur,
1606 2864 1820 2905 necnon
1851 2850 1919 2904 ad
1947 2865 2068 2921 pro-

465 2929 738 3014 priorum
763 2955 1011 2997 errorum
1033 2941 1470 2996 emendationem
1507 2942 1848 3010 prolabetur.

978 3033 1230 3091 CCCXII.
1259 3064 1331 3075 ——
1361 3033 1569 3089 Eidem.

564 3127 824 3198 Quisquis
844 3126 1091 3197 jucunde
1118 3141 1182 3182 ac
1212 3125 1428 3181 fortiter
1454 3128 1637 3182 animo
1665 3126 1742 3181 rei
1775 3126 2061 3182 desidera-

490 3228 561 3276 tae
595 3219 782 3275 tulerit
806 3219 1103 3290 jacturam,
1148 3219 1196 3274 is
1240 3217 1602 3289 philosophus
1653 3219 1962 3285 vocabitur,
2010 3229 2066 3274 et

492 3312 905 3384 magnanimus,
961 3318 1017 3366 et
1055 3311 1249 3376 multa,
1298 3325 1420 3381 quae
1475 3318 1635 3364 antea
1687 3311 2064 3377 commiserat,

490 3412 671 3460 errata
699 3402 985 3457 dissolvet.

683 3493 963 3549 CCCXIII.
998 3522 1070 3533 -—
1105 3491 1499 3549 THESSALIO
1552 3492 1866 3550 DIACONO.

563 3586 620 3641 Si
648 3587 803 3641 canis
834 3587 1040 3640 latrans
1065 3587 1337 3655 gigantem
1360 3586 1505 3640 vinci
1537 3588 1782 3641 nescium
1804 3585 2063 3651 offendet,
2109 3612 2115 3618 ~

492 3679 729 3734 offendet
758 3678 947 3748 utique
966 3685 1021 3733 et
1044 3677 1148 3732 ﬁde
1171 3678 1531 3747 conspicuum
1559 3678 1788 3748 spiritus
1816 3678 2067 3748 blasphe-

491 3772 635 3838 uliae,
657 3771 852 3825 animae
873 3769 1181 3824 molestiam
1212 3770 1501 3825 exhibens.

875 3858 1151 3917 CCCXIV.
1171 3890 1245 3901 -
1264 3859 1681 3916 DRACONTIO.

561 3951 774 4016 Timeo,
804 3952 981 4022 inquit
1011 3949 1136 4018 Job,
1171 3966 1239 4007 ne
1264 3966 1352 4006 me
1385 3952 1619 4022 caligine
1653 3952 1847 4022 perdat
1878 3950 2067 4007 Domi-

491 4060 600 4100 nus
616 4042 666 4076 “
697 4062 711 4098 :
748 4044 851 4097 hoc
889 4052 991 4103 cst,
1020 4057 1088 4097 ne
1119 4042 1417 4113 aliquando
1439 4058 1507 4097 ex
1540 4052 1687 4097 sorte
1716 4057 1930 4105 eorum,
1971 4041 2068 4111 qui

493 4136 676 4192 idonei
709 4134 838 4189 facti
880 4142 1009 4189 sunt
1040 4134 1093 4187 in
1135 4134 1341 4188 lumine
1383 4134 1572 4204 gloriae
1613 4133 1753 4203 ejus,
1794 4148 1881 4189 me
1911 4148 2068 4201 sepa-

495 4242 648 4290 rans,
684 4227 1027 4295 sempiternae
1050 4225 1267 4295 caligini
1294 4225 1490 4279 tradat.
1522 4225 1869 4296 Quapropter
1892 4240 2068 4296 neque

494 4319 663 4384 lente,
688 4334 864 4388 neque
899 4333 1089 4373 secure
1114 4318 1279 4371 vitam
1317 4318 1707 4386 trausigamus.

803 4411 962 4481 116
991 4408 1243 4465 CCCXV.
1266 4441 1334 4450 —
1361 4407 1752 4464 EUBULIONI.

568 4502 816 4558 Iiaeretici
839 4503 946 4570 lupi
974 4517 1091 4565 eos,
1118 4504 1213 4572 qui
1237 4517 1265 4555 a
1295 4503 1534 4571 pessima
1564 4502 1757 4556 hrcresi
1782 4501 1846 4556 ad
1869 4507 2072 4556 rectam

2162 473 2255 523 καὶ
2299 471 2427 534 τοὺς
2466 469 2749 540 προφήτας
2784 466 2862 539 τῷ
2888 470 2987 539 τῆς
3037 467 3249 539 ὕδρεως
3292 468 3603 539 ἐγκλήματι
3639 466 3781 520 ὕπ-

2161 559 2425 621 ευθύνους.
2450 559 2737 630 καθιστᾷν,
2789 559 2979 630 ἐπειδὴ
3028 559 3214 612 ἵππων
3256 557 3612 630 θηλυμανῶν,
3648 557 3780 612 καὶ

2162 652 2343 708 κυνῶν
2374 651 2772 721 λαθροδάκνων,
2819 652 2911 705 καὶ
2941 650 3141 717 λύκων,
3187 651 3282 705 καὶ
3324 650 3583 721 κορὼνων
3618 650 3773 703 ὀνό-

2165 762 2331 815 ματα,
2360 746 2474 807 τοῖς
2500 743 2736 812 λογικοῖς
2758 744 3097 810 ἐπετίθεσαν,
3138 743 3275 816 πρὸς
3298 744 3586 816 διόρθωσιν
3616 746 3779 797 ἐπτ-

2164 832 2441 902 σπὼμῖενοι
2486 835 2601 897 τοῖς
2640 832 2885 903 ἐλέγχοις
2926 831 3017 887 τὸν
3046 832 3528 904 διασφαλλόμενον.
3566 822 3646 887 Τί
3710 833 3775 886 δ’

2162 925 2228 979 ἂν
2247 926 2422 989 εἴποις
2478 926 2605 998 περλ⁵
2651 925 2746 978 τοῦ
2801 927 3020 981 πάντων
3077 924 3235 991 Θεοῦ,
3279 927 3374 980 καὶ
3421 926 3775 998 προνοητοῦ

2161 1016 2421 1090 Χριστοῦ,
2448 1016 2543 1071 τοῦ
2570 1018 3008 1088 ταπεινόφρονος⁸
3058 1017 3155 1069 καὶ
3208 1019 3276 1089 τῇ
3327 1017 3505 1088 οἰκείᾳ
3558 1019 3779 1070 ἐπιει-

2161 1108 2305 1180 κείᾳ,
2330 1107 2423 1161 καὶ
2440 1105 2727 1179 πραότητι,
2747 1109 2926 1159 πᾶσαν
2953 1106 3237 1177 πραότητα
3267 1105 3776 1176 ὑπερακοντίσαν-

2159 1220 2273 1269 τος,
2304 1203 2432 1257 ὅταν
2489 1201 2731 1275 ἀκούσῃς
2780 1200 2969 1264 αὐτοῦ,
3026 1200 3265 1271 μωροὺς,
3319 1200 3413 1254 καὶ
3467 1199 3773 1268 τυφλοὺς,

2163 1291 2313 1356 υἱούς
2345 1310 2405 1345 τε
2452 1292 2547 1345 τοῦ
2584 1292 2855 1358 διαϐόλου,
2891 1291 2988 1344 καὶ
3039 1289 3279 1354 ζιζάνια,
3320 1289 3493 1353 κύνας
3548 1306 3616 1341 τε
3657 1290 3778 1342 καὶ

2167 1383 2413 1453 χοίρους,
2434 1382 2529 1437 καὶ
2549 1382 2683 1437 ἀλλα
2708 1381 2832 1436 τινὰ
2854 1381 3182 1452 σκώμματα,
3200 1381 3324 1445 τοὺς
3357 1378 3778 1451 παρανομοῦν-

2160 1491 2263 1539 τας
2281 1475 2687 1540 ἀποκαλοῦντος
2707 1493 2722 1543 ;

2441 1566 2546 1620 TI'.
2575 1588 2645 1608 -μ
2670 1567 2960 1640 ΕΛΛΑΔΙῼ
3016 1566 3451 1637 ΑΝΑΓΝΩΣἸᾘ.

2236 1658 2359 1711 ’Ότι
2399 1660 2433 1730 ἡ
2463 1659 2631 1730 ἀργία
2671 1659 2815 1732 ἀρχὴ
2860 1661 3191 1733 κακουργίας
3226 1662 3337 1722 τοῖς
3381 1655 3760 1718 ἀπαιδεύτοις

2168 1747 2401 1818 γίνεται,
2433 1750 2527 1803 καὶ
2558 1750 2724 1815 αὐτὸς
2765 1752 3165 1822 συνομολογείς,
3195 1753 3287 1805 καὶ
3308 1752 3389 1804 ὅτι
3421 1749 3496 1821 μὴ
3526 1749 3773 1820 ἔχοντες

2166 1841 2220 1894 τί
2252 1842 2454 1911 πρᾶξαι
2485 1843 2536 1895 οἱ
2579 1842 2818 1914 Ἑϐραῖοι
2844 1847 2901 1897 ὲν
2924 1848 2991 1916 τῇ
3033 1846 3227 1916 ἐρήμῳ
3257 1844 3336 1906 είς
3379 1841 3771 1913 είδωλατρίαν

2166 1933 2431 2000 ἐξέπεσαν
2462 1976 2477 2002 ,
2521 1934 2841 2002 γινώσκεις.
2890 1936 2984 2006 Μὴ
3026 1931 3120 1989 οὖν
3170 1933 3457 2006 βδελύττου
3484 1933 3549 1987 τὸ
3578 1932 3769 2004 ἔργον

2165 2027 2227 2082 τὸ
2255 2025 2373 2083 τῶν,
2423 2026 2646 2099 χειρῶν,
2710 2028 2793 2081 ὅτι
2847 2027 3149 2099 ὠφέλιμον,
3185 2029 3281 2082 καὶ
3346 2027 3493 2081 πάνυ
3566 2026 3767 2097 νηφά-

2163 2115 2301 2173 λιον.

2408 2207 2558 2262 TIA'.
2577 2232 2647 2247 α·-
2675 2205 2903 2277 ΘΕΩΝᾼ
2929 2205 3493 2275 ΠΟΛΙΤΕΥΟΜΕΝῼ.

2237 2302 2312 2356 Τδ
2337 2302 2775 2372 ἀπαρηγορήτως
2803 2297 3112 2361 λυπεῖσθαι,
3133 2297 3227 2351 καὶ
3256 2298 3494 2368 θρηνεῖν,
3517 2297 3621 2352 καὶ
3652 2313 3760 2367 νη-

2167 2395 2379 2449 στεύειν
2405 2395 2498 2449 ὲπὶ
2530 2392 2609 2465 τῷ
2636 2393 3022 2463 τελευτήσαντι
3059 2392 3330 2459 συγγενεῖ.
3360 2390 3586 2460 ἔλεγχός
3628 2391 3761 2443 ἐστι

2164 2486 2265 2556 τῆς
2300 2484 2557 2548 ἀπιστίας
2601 2483 2696 2536 καὶ
2731 2483 2831 2553 τῆς
2867 2481 3236 2545 ἀνελπιστίας.
3276 2481 3334 2534 '0
3368 2480 3650 2534 πιστεύων
3688 2483 3759 2533 ἐκ

2164 2577 2373 2648 νεκρῶν
2411 2574 2808 2647 ἀναστήσεσθαι
2852 2574 2943 2628 τὸν
2991 2574 3116 2644 ἄρτι
3159 2572 3523 2644 τεθαμμένον,
3560 2573 3757 2627 ἐλπίδι

2167 2668 2527 2740 ῥωσθήσεται,
2561 2666 2680 2738 Θεῷ
2714 2667 3119 2738 εὐχαριστήσει,
3149 2666 3230 2728 είς
3257 2664 3525 2735 εὐθυμίαν
3560 2682 3746 2735 μετα-

2167 2761 2424 2814 σκευάσει
2456 2760 2583 2823 τοὺς
2618 2759 2873 2831 θρήνους,
2907 2757 3122 2822 εῠξεται
3151 2757 3333 2821 ὲλὲους
3383 2757 3609 2811 αἰωνίου
3649 2776 3754 2810 τυ-

2164 2854 2280 2924 χεῖν
2309 2852 2401 2906 τὸν
2431 2851 2784 2923 κοιμηθέντα,
2812 2849 2950 2923 πρὸς
2994 2849 3279 2921 διόρθωσιν
3320 2849 3475 2921 ῥέψει
3515 2850 3634 2904 τῶν
3668 2852 3754 2903 oi-

2165 2945 2330 2999 κείων
2363 2945 2740 3015 πταισμάτων.

2668 3034 2814 3090 TIB'.
2829 3064 2901 3077 —
2930 3034 3017 3102 Τῷ
3052 3033 3234 3102 αὐτῷ.

2234 3128 2305 3183 El.’
2337 3146 2421 3193 τις
2470 3120 2812 3200 εὐχαρίστως
2856 3129 3200 3199 ἦνεγκε,καὶ
3229 3128 3491 3199 ἀνδρείως
3520 3132 3627 3203 τὴν
3656 3134 3753 3187 τοῦ

2164 3219 2503 3289 ποθουμένου
2530 3218 2825 3289 ἀποϐολὴν,
2852 3218 3144 3287 φιλόσοφός
3175 3236 3233 3273 τε
3268 3220 3626 3291 κληθήσεται,
3657 3229 3754 3280 καὶ

2168 3312 2549 3385 μεγαλόφρων,
2583 3313 2677 3365 καὶ
2711 3310 2883 3366 πολλά
2911 3312 3223 3368 διαλύσεται
3262 3315 3370 3369 τῶν
3399 3320 3751 3391 προγενομέ-

2164 3423 2273 3459 νων
2304 3404 2740 3476 ἁμαρτημάτων.

2484 3493 2627 3549 TII'.
2644 3525 2719 3534 —
2745 3493 3075 3567 ΘΕΣΣΑΛΙῼ
3102 3496 3423 3569 ΔΙΑΚΟΝῼ.

2238 3587 2299 3640 Ei
2326 3586 2517 3658 βλάψει
2554 3588 2701 3640 κύων
2740 3587 2986 3642 ὑλακτῶν
3011 3589 3245 3657 γίγαντα
3287 3589 3744 3663 δυσμαχώτατον,

2168 3678 2361 3749 βλάψει
2384 3680 2478 3732 καὶ
2498 3679 2588 3732 τὸν
2610 3679 2787 3749 ἀληθῆ
2810 3679 2996 3733 πιστὸν
3016 3681 3231 3751 πνεῦμα
3247 3681 3347 3753 τῆς
3371 3682 3746 3756 βλασφημίας,

2164 3769 2532 3841 παρενοχλοῦν
2562 3773 2628 3841 τῇ
2663 3771 2830 3842 ψυχῇ.

2623 3865 2849 3918 Τ1Δ’.-
2865 3867 3280 3938 ΔΡΑΚΟΝΤΙῼ.

2234 3953 2531 4025 Φοϐοῦμαι,
2566 3956 2730 4025 φησὶν
2755 3958 2781 4010 ὁ
2814 3957 2953 4021 Ἰὼϐ,
2987 3958 3061 4029 μὴ
3091 3958 3291 4030 γνώφῳ
3321 3976 3389 4030 με
3436 3961 3692 4033 ὲκτρίψει
3721 3964 3749 4014 ὁ

2165 4044 2391 4116 Κύριος·
2423 4046 2691 4111 τουτέστι,
2730 4048 2940 4118 μήποτε
2974 4048 3227 4120 ὲξορίσας
3268 4068 3337 4121 με
3375 4051 3477 4121 τῆς
3528 4054 3747 4125 μερίδος

2165 4136 2274 4189 τῶν
2303 4135 2675 4191 ίκανωθέντων
2705 4137 2763 4190 ἐν
2789 4138 2867 4208 τῷ
2898 4141 3037 4208 φωτὶ
3060 4140 3163 4210 τῆς
3196 4140 3354 4213 δόξης
3388 4142 3581 4210 αὐτοῦ,
3641 4163 3746 4198 πα·-

2171 4227 2314 4298 ραδῷ
2347 4230 2414 4299 τῇ
2441 4228 2635 4300 αίωνίᾳ
2699 4228 2914 4301 σκοτία.
2972 4232 3174 4303 Διόπερ
3234 4232 3310 4305 μὴ
3362 4233 3599 4304 χαύνως,
3633 4237 3747 4307 ﬁmi.

2169 4318 2487 4391 ἀμερίμνως
2511 4318 2602 4372 τὸν
2638 4318 2750 4389 βίον
2783 4319 3114 4392 όδεύσωμεν.

2601 4411 2832 4464 TlE'.-—-—-
2857 4412 3296 4469 ΕΥΒΟΥΛῙΩΝΙ.

2242 4502 2304 4555 Οί
2356 4502 2621 4573 αἱρετικοὶ
2647 4502 2824 4569 λύκοι,
2855 4506 2982 4568 τοὺς
3008 4506 3117 4559 ἀπὸ
3143 4507 3245 4574 τῆς
3295 4508 3560 4579 κακίστης
3595 4510 3744 4582 αἱρέ-

494 4595 655 4651 fidem
692 4596 1035 4659 transiliunt,
1077 4605 1131 4649 et
1176 4610 1284 4648 non
1328 4595 1446 4649 sine
1487 4592 1651 4648 laude
1680 4600 2063 4648 convertuntur

2189 4609 2310 4655 rem;
2343 4593 2765 4663 μεταπηδῶντας
2799 4595 2935 4663 πρὸς
2959 4596 3056 4666 τὴν
3073 4598 3405 4668 όρθοδοξὶαν,
3433 4602 3529 4653 καὶ
3563 4603 3751 4665 καλῶς,

495 4685 565 4742 ad
598 4686 880 4757 pietatem,
910 4687 1272 4755 repedatores
1308 4685 1821 4755 ignominiososque
1853 4691 2072 4738 vocant.

703 4854 979 4918 CCCXVI.
1002 4891 1071 4901 —
1098 4859 1333 4916 PIERIO
1387 4858 1845 4916 SYNCLETICO.

561 4952 1017 5008 Humanissimus
1043 4953 1288 5007 omnium
1332 4951 1590 5006 Servatur
1615 4953 1893 5019 Christus,
1925 4956 2072 5024 quod

494 5048 563 5103 ad
590 5048 768 5118 ipsqu
801 5047 1105 5118 spectabat,
1155 5060 1346 5100 omnes
1376 5045 1626 5101 homines
1656 5049 1803 5101 venit
1832 5048 2069 5104 salvare.

2172 4684 2597 4755 ἐπιστρέφοντας
2647 4685 2739 4737 ἐπὶ
2768 4686 2865 4758 τὴν
2894 4679 3201 4755 εὐσέϐειαν,
3237 4692 3607 4758 ἀναποδιστάς
3652 4695 3743 4748 καὶ

2172 4777 2407 4846 φαύλους
2435 4777 2820 4833 ἀποκαλοῦσιν.

2450 4867 2696 4936 Τιςκ-
2726 4871 2956 4944 ΠΙΕΡΙῼ
2994 4874 3463 4948 ΣΥΓΚΛΗΤῙΚῼ.

2252 4957 2311 5010 '0
2358 4956 2869 5029 φιλανθρωπότατος
2914 4965 3105 5036 Σωτὴρ
3142 4966 3250 5020 τῶν
3298 4967 3435 5022 ὅλων
3486 4971 3739 5041 Χριστὸς.

2168 5049 2229 5102 τό
2243 5066 2306 5117 γε
2334 5044 2468 5121 ἦχον
2504 5052 2581 5115 είς
2610 5053 2794 5118 αὐτὸν,
2826 5056 3035 5119 πάντας
3064 5058 3387 5130 ἀνθρώπους
3409 5063 3741 5132 παρεγένετο

492 5138 881 5208 Conspicimus
928 5146 1109 5191 tamen
1173 5152 1282 5190 non
1338 5152 1528 5191 omnes
1576 5139 1901 5208 semetipsos
1958 5156 2063 5195 sum

2189 5140 2363 5194 ςῶσαι.
2395 5142 2503 5193 Καὶ
2529 5141 2818 5216 βλέπομεν,
2843 5147 3021 5200 ὅτι-ού
3065 5149 3265 5214 πάντες
3294 5153 3522 5217 ἑαυτοὺς
3572 5155 3738 5208 ἐπιδι-

493 5232 661 5288 saluti
684 5228 903 5285 dedere.
927 5227 1338 5299 Cognoscamus
1358 5228 1542 5297 igitur,
1570 5244 1781 5300 nosque
1806 5230 2063 5301 metipsos

493 5308 566 5381 Ob
615 5323 883 5378 desidiam
916 5330 971 5376 et
1017 5336 1239 5391 pravam
1301 5320 1635 5376 voluntatem
1695 5322 2059 5393 deploremus,

493 5430 675 5487 neque
697 5416 903 5485 Optimo
934 5414 1165 5469 Domino
1196 5413 1406 5470 scelera
1448 5414 1776 5471 tribuamus.

2170 5231 2317 5286 δόασι
2349 5236 2412 5304 τῇ
2443 5235 2687 5307 σωτηρίᾳ
2733 5237 2961 5291 ἑαυτῶν.
2993 5240 3185 5293 Τοίνυν
3237 5243 3622 5313 καταγνῶμεν,
3654 5245 3739 5297 καὶ

2170 5327 2399 5390 ἑαυτοὺς
2415 5327 2792 5400 ταλανίζωμεν
2814 5331 2913 5402 τῆς
2936 5332 3212 5403 ἀμελείας,
3230 5336 3324 5389 καὶ
3349 5339 3448 5407 τῆς
3470 5354 3739 5408 κακοφρο-

2174 5414 2360 5555 σξνης,
2406 5416 2501 5470 καὶ
2528 5416 2603 5490 μὴ
2634 5417 2710 5490 τῷ
2743 5420 2932 5493 ἀγαθῷ
2967 5424 3214 5497 Δεσπότῃ
3235 5426 3533 5497 ἐπάγωμεν
3554 5428 3625 5483 τὰ
3651 5430 3738 5496 ὲγ·

2175 5520 2210 5556 κ
2231 5505 2275 5556 .1".
2287 5521 2452 5556 nam.

2231 5522 2276 5573 ιη
2286 5521 2452 5573 ματα.

572 5675 822 5735 "Galat.
859 5673 1026 5744 111,1.
1102 5675 1147 5709 ³³
1220 5674 1392 5735 Exod.
1432 5692 1601 5748 χχχιι,
1642 5680 1868 5750 passim.
1943 5675 2063 5736 ’διο

2189 5696 2219 5746 ι,
2244 5680 2330 5735 l7.
