  <div class='ocr_page' id='page_1' title='image "/cluster/home/n/w/nwhite01/storage/ocr_20150623/79/nnc1.0038021404/116.png"; bbox 0 0 3850 6218; ppageno 0'>
   <div class='ocr_carea' id='block_1_1' title="bbox 175 262 285 329">
    <p class='ocr_par' dir='ltr' id='par_1_1' title="bbox 175 262 285 329">
     <span class='ocr_line' id='line_1_1' title="bbox 175 262 285 329; baseline -0.009 0"><span class='ocrx_word' id='word_1_1' title='bbox 175 262 285 329; x_wconf 74' lang='grc'><strong>197</strong></span> 
     </span>
    </p>
   </div>
   <div class='ocr_carea' id='block_1_2' title="bbox 508 380 1409 452">
    <p class='ocr_par' dir='ltr' id='par_1_2' title="bbox 508 380 1409 452">
     <span class='ocr_line' id='line_1_2' title="bbox 508 380 1409 452; baseline 0.008 -19"><span class='ocrx_word' id='word_1_2' title='bbox 508 381 736 435; x_wconf 71' lang='lat'><strong>112&#39;.-</strong></span> <span class='ocrx_word' id='word_1_3' title='bbox 763 380 1104 452; x_wconf 77' lang='grc' dir='ltr'><strong>ΑΘΑΝΑΣΙῼ</strong></span> <span class='ocrx_word' id='word_1_4' title='bbox 1131 382 1409 452; x_wconf 61' lang='grc' dir='ltr'>Εκιικο.</span> 
     </span>
    </p>
   </div>
   <div class='ocr_carea' id='block_1_3' title="bbox 1411 268 2213 333">
    <p class='ocr_par' dir='ltr' id='par_1_3' title="bbox 1411 268 2213 333">
     <span class='ocr_line' id='line_1_3' title="bbox 1411 268 2213 333; baseline 0.009 -7"><span class='ocrx_word' id='word_1_5' title='bbox 1411 268 1940 331; x_wconf 83' lang='lat' dir='ltr'><strong>EPISTOLARUM</strong></span> <span class='ocrx_word' id='word_1_6' title='bbox 1980 273 2121 332; x_wconf 85' lang='lat' dir='ltr'><strong>LIB.</strong></span> <span class='ocrx_word' id='word_1_7' title='bbox 2167 275 2213 333; x_wconf 92' lang='grc' dir='ltr'><strong>Ι.</strong></span> 
     </span>
    </p>
   </div>
   <div class='ocr_carea' id='block_1_4' title="bbox 244 391 1834 543">
    <p class='ocr_par' dir='ltr' id='par_1_4' title="bbox 244 391 1834 543">
     <span class='ocr_line' id='line_1_4' title="bbox 508 391 1834 452; baseline 0.002 -19"><span class='ocrx_word' id='word_1_8' title='bbox 508 391 649 435; x_wconf 82' lang='grc' dir='ltr'><strong>Ἰ“ΙΖ’.</strong></span> <span class='ocrx_word' id='word_1_9' title='bbox 668 410 736 421; x_wconf 87' lang='grc'><strong>-</strong></span> <span class='ocrx_word' id='word_1_10' title='bbox 763 391 1104 452; x_wconf 57' lang='lat' dir='ltr'><strong>aerarium</strong></span> <span class='ocrx_word' id='word_1_11' title='bbox 1133 391 1409 452; x_wconf 67' lang='lat' dir='ltr'><strong>Etuttw.</strong></span> <span class='ocrx_word' id='word_1_12' title='bbox 1784 391 1834 447; x_wconf 71' lang='grc' dir='ltr'><strong>Α</strong></span> 
     </span>
     <span class='ocr_line' id='line_1_5' title="bbox 244 470 1761 543; baseline 0.001 -19"><span class='ocrx_word' id='word_1_13' title='bbox 244 470 491 542; x_wconf 86' lang='grc' dir='ltr'>Ὅμοιος</span> <span class='ocrx_word' id='word_1_14' title='bbox 535 472 796 543; x_wconf 77' lang='grc' dir='ltr'><strong>ὑπάρχεις</strong></span> <span class='ocrx_word' id='word_1_15' title='bbox 849 471 928 541; x_wconf 90' lang='grc' dir='ltr'>τῷ</span> <span class='ocrx_word' id='word_1_16' title='bbox 963 471 1192 539; x_wconf 79' lang='grc' dir='ltr'>λέγοντι,</span> <span class='ocrx_word' id='word_1_17' title='bbox 1225 473 1308 525; x_wconf 86' lang='grc' dir='ltr'>ὅτι</span> <span class='ocrx_word' id='word_1_18' title='bbox 1348 473 1576 526; x_wconf 86' lang='grc' dir='ltr'>Ἥθελον</span> <span class='ocrx_word' id='word_1_19' title='bbox 1634 473 1761 527; x_wconf 83' lang='grc' dir='ltr'>ιδείν</span> 
     </span>
    </p>
   </div>
   <div class='ocr_carea' id='block_1_5' title="bbox 3319 283 3419 351">
    <p class='ocr_par' dir='ltr' id='par_1_5' title="bbox 3319 283 3419 351">
     <span class='ocr_line' id='line_1_6' title="bbox 3319 283 3419 351; baseline 0.04 -4"><span class='ocrx_word' id='word_1_20' title='bbox 3319 283 3419 351; x_wconf 87' lang='lat' dir='ltr'><strong>I98</strong></span> 
     </span>
    </p>
   </div>
   <div class='ocr_carea' id='block_1_6' title="bbox 2001 387 3265 450">
    <p class='ocr_par' dir='ltr' id='par_1_6' title="bbox 2001 387 3265 450">
     <span class='ocr_line' id='line_1_7' title="bbox 2001 387 3265 450; baseline 0.009 -11"><span class='ocrx_word' id='word_1_21' title='bbox 2001 387 2296 441; x_wconf 61' lang='lat' dir='ltr'><strong>CCCXVII.</strong></span> <span class='ocrx_word' id='word_1_22' title='bbox 2325 419 2390 428; x_wconf 91' lang='lat'><strong>—</strong></span> <span class='ocrx_word' id='word_1_23' title='bbox 2428 388 2817 446; x_wconf 73' lang='lat' dir='ltr'><strong>ATHANASIO</strong></span> <span class='ocrx_word' id='word_1_24' title='bbox 2863 391 3265 450; x_wconf 80' lang='lat' dir='ltr'><strong>DEFENSORI.</strong></span> 
     </span>
    </p>
   </div>
   <div class='ocr_carea' id='block_1_7' title="bbox 1931 477 3419 556">
    <p class='ocr_par' dir='ltr' id='par_1_7' title="bbox 1931 477 3419 556">
     <span class='ocr_line' id='line_1_8' title="bbox 1931 477 3419 556; baseline 0.01 -25"><span class='ocrx_word' id='word_1_25' title='bbox 1931 477 2083 532; x_wconf 85' lang='lat' dir='ltr'><strong>Haud</strong></span> <span class='ocrx_word' id='word_1_26' title='bbox 2103 480 2387 535; x_wconf 86' lang='lat' dir='ltr'><strong>dissimilis</strong></span> <span class='ocrx_word' id='word_1_27' title='bbox 2408 497 2468 536; x_wconf 87' lang='lat' dir='ltr'><strong>es</strong></span> <span class='ocrx_word' id='word_1_28' title='bbox 2495 484 2760 551; x_wconf 87' lang='lat' dir='ltr'><strong>poscenti,</strong></span> <span class='ocrx_word' id='word_1_29' title='bbox 2783 485 2976 541; x_wconf 85' lang='lat' dir='ltr'><strong>Videre</strong></span> <span class='ocrx_word' id='word_1_30' title='bbox 2997 486 3184 541; x_wconf 83' lang='lat' dir='ltr'><strong>vellem</strong></span> <span class='ocrx_word' id='word_1_31' title='bbox 3206 487 3419 556; x_wconf 77' lang='lat' dir='ltr'><strong>pluvias</strong></span> 
     </span>
    </p>
   </div>
   <div class='ocr_carea' id='block_1_8' title="bbox 166 559 1754 647">
    <p class='ocr_par' dir='ltr' id='par_1_8' title="bbox 166 559 1754 635">
     <span class='ocr_line' id='line_1_9' title="bbox 166 559 1754 635; baseline 0.004 -23"><span class='ocrx_word' id='word_1_32' title='bbox 166 559 427 631; x_wconf 75' lang='grc' dir='ltr'>δμδρους</span> <span class='ocrx_word' id='word_1_33' title='bbox 456 560 830 630; x_wconf 87' lang='grc' dir='ltr'>μεθύσκοντας</span> <span class='ocrx_word' id='word_1_34' title='bbox 880 562 977 632; x_wconf 82' lang='grc' dir='ltr'>τὴν</span> <span class='ocrx_word' id='word_1_35' title='bbox 1015 563 1116 632; x_wconf 86' lang='grc' dir='ltr'>γῆν</span> <span class='ocrx_word' id='word_1_36' title='bbox 1173 563 1409 629; x_wconf 84' lang='grc' dir='ltr'>ἀπασαν,</span> <span class='ocrx_word' id='word_1_37' title='bbox 1446 564 1669 635; x_wconf 78' lang='grc' dir='ltr'>ῥιγῆσαι</span> <span class='ocrx_word' id='word_1_38' title='bbox 1704 564 1754 618; x_wconf 79' lang='grc' dir='ltr'>δὲ</span> 
     </span>
    </p>
   </div>
   <div class='ocr_carea' id='block_1_9' title="bbox 1862 559 3421 647">
    <p class='ocr_par' dir='ltr' id='par_1_9' title="bbox 1862 571 3421 647">
     <span class='ocr_line' id='line_1_10' title="bbox 1862 571 3421 647; baseline 0.006 -24"><span class='ocrx_word' id='word_1_39' title='bbox 1862 576 2060 624; x_wconf 88' lang='lat' dir='ltr'><strong>terram</strong></span> <span class='ocrx_word' id='word_1_40' title='bbox 2094 571 2403 626; x_wconf 79' lang='lat' dir='ltr'><strong>universam</strong></span> <span class='ocrx_word' id='word_1_41' title='bbox 2437 573 2793 637; x_wconf 87' lang='lat' dir='ltr'><strong>inebriantes,</strong></span> <span class='ocrx_word' id='word_1_42' title='bbox 2826 575 2919 629; x_wconf 81' lang='lat' dir='ltr'><strong>sed</strong></span> <span class='ocrx_word' id='word_1_43' title='bbox 2958 578 3083 629; x_wconf 93' lang='lat' dir='ltr'><strong>nolo</strong></span> <span class='ocrx_word' id='word_1_44' title='bbox 3116 576 3316 647; x_wconf 67' lang='lat' dir='ltr'><strong>frigore</strong></span> <span class='ocrx_word' id='word_1_45' title='bbox 3344 580 3421 632; x_wconf 88' lang='lat' dir='ltr'><strong>ri-</strong></span> 
     </span>
    </p>
   </div>
   <div class='ocr_carea' id='block_1_10' title="bbox 166 652 1758 725">
    <p class='ocr_par' dir='ltr' id='par_1_10' title="bbox 166 652 1758 725">
     <span class='ocr_line' id='line_1_11' title="bbox 166 652 1758 725; baseline 0.003 -20"><span class='ocrx_word' id='word_1_46' title='bbox 166 653 231 705; x_wconf 73' lang='grc' dir='ltr'>οὗ</span> <span class='ocrx_word' id='word_1_47' title='bbox 263 653 435 708; x_wconf 79' lang='grc' dir='ltr'>θέλω.</span> <span class='ocrx_word' id='word_1_48' title='bbox 469 654 580 706; x_wconf 75' lang='grc' dir='ltr'>Καὶ</span> <span class='ocrx_word' id='word_1_49' title='bbox 614 652 731 716; x_wconf 84' lang='grc' dir='ltr'><strong>πῶς</strong></span> <span class='ocrx_word' id='word_1_50' title='bbox 764 654 999 724; x_wconf 74' lang='grc' dir='ltr'>ἐγχωρεῖ</span> <span class='ocrx_word' id='word_1_51' title='bbox 1025 654 1147 725; x_wconf 85' lang='grc' dir='ltr'>δίχα</span> <span class='ocrx_word' id='word_1_52' title='bbox 1178 655 1414 724; x_wconf 79' lang='grc' dir='ltr'><strong>ψυχρίας</strong></span> <span class='ocrx_word' id='word_1_53' title='bbox 1453 654 1758 709; x_wconf 78' lang='grc' dir='ltr'>ἀπολαῦσαι</span> 
     </span>
    </p>
   </div>
   <div class='ocr_carea' id='block_1_11' title="bbox 165 741 1761 818">
    <p class='ocr_par' dir='ltr' id='par_1_11' title="bbox 165 741 1761 818">
     <span class='ocr_line' id='line_1_12' title="bbox 165 741 1761 818; baseline 0.003 -22"><span class='ocrx_word' id='word_1_54' title='bbox 165 746 286 799; x_wconf 79' lang='grc' dir='ltr'>τῶν</span> <span class='ocrx_word' id='word_1_55' title='bbox 313 746 566 818; x_wconf 66' lang='grc' dir='ltr'>ὄμϐρωνς</span> <span class='ocrx_word' id='word_1_56' title='bbox 602 744 727 808; x_wconf 83' lang='grc' dir='ltr'><strong>Πῶς</strong></span> <span class='ocrx_word' id='word_1_57' title='bbox 755 741 852 799; x_wconf 83' lang='grc' dir='ltr'><strong>οὖν</strong></span> <span class='ocrx_word' id='word_1_58' title='bbox 882 746 1106 813; x_wconf 79' lang='grc' dir='ltr'><strong>φάσκεις</strong></span> <span class='ocrx_word' id='word_1_59' title='bbox 1138 746 1445 815; x_wconf 83' lang='grc' dir='ltr'>ὀρέγεσθαι,</span> <span class='ocrx_word' id='word_1_60' title='bbox 1489 749 1579 800; x_wconf 80' lang='grc' dir='ltr'>καὶ</span> <span class='ocrx_word' id='word_1_61' title='bbox 1608 747 1761 817; x_wconf 74' lang='grc' dir='ltr'>εὔχε-</span> 
     </span>
    </p>
   </div>
   <div class='ocr_carea' id='block_1_12' title="bbox 170 834 1759 906">
    <p class='ocr_par' dir='ltr' id='par_1_12' title="bbox 170 834 1759 906">
     <span class='ocr_line' id='line_1_13' title="bbox 170 834 1759 906; baseline 0.001 -18"><span class='ocrx_word' id='word_1_62' title='bbox 170 834 304 888; x_wconf 83' lang='grc' dir='ltr'>σθαι</span> <span class='ocrx_word' id='word_1_63' title='bbox 329 836 713 905; x_wconf 78' lang='grc' dir='ltr'><strong>πνευματικῆς</strong></span> <span class='ocrx_word' id='word_1_64' title='bbox 739 853 886 900; x_wconf 87' lang='grc' dir='ltr'>τινος</span> <span class='ocrx_word' id='word_1_65' title='bbox 916 835 1211 906; x_wconf 78' lang='grc' dir='ltr'>ἀξιωθῆναι</span> <span class='ocrx_word' id='word_1_66' title='bbox 1240 836 1460 905; x_wconf 89' lang='grc' dir='ltr'>χάριτος</span> <span class='ocrx_word' id='word_1_67' title='bbox 1499 838 1630 891; x_wconf 82' lang='grc' dir='ltr'>ἀνευ</span> <span class='ocrx_word' id='word_1_68' title='bbox 1663 836 1759 889; x_wconf 87' lang='grc' dir='ltr'><strong>πό-</strong></span> 
     </span>
    </p>
   </div>
   <div class='ocr_carea' id='block_1_13' title="bbox 166 925 1756 999">
    <p class='ocr_par' dir='ltr' id='par_1_13' title="bbox 166 925 1756 999">
     <span class='ocr_line' id='line_1_14' title="bbox 166 925 1756 999; baseline 0.001 -20"><span class='ocrx_word' id='word_1_69' title='bbox 166 944 292 990; x_wconf 87' lang='grc' dir='ltr'>νου,</span> <span class='ocrx_word' id='word_1_70' title='bbox 312 926 412 979; x_wconf 75' lang='grc' dir='ltr'>καὶ</span> <span class='ocrx_word' id='word_1_71' title='bbox 443 925 706 995; x_wconf 73' lang='grc' dir='ltr'>θλίψεως,</span> <span class='ocrx_word' id='word_1_72' title='bbox 737 929 831 979; x_wconf 87' lang='grc' dir='ltr'><strong>Δεῖ</strong></span> <span class='ocrx_word' id='word_1_73' title='bbox 850 928 956 999; x_wconf 83' lang='grc' dir='ltr'><strong>γάρ</strong></span> <span class='ocrx_word' id='word_1_74' title='bbox 978 930 1155 981; x_wconf 82' lang='grc' dir='ltr'>πάντα</span> <span class='ocrx_word' id='word_1_75' title='bbox 1183 931 1274 981; x_wconf 85' lang='grc' dir='ltr'><strong>τὸν</strong></span> <span class='ocrx_word' id='word_1_76' title='bbox 1303 928 1621 999; x_wconf 79' lang='grc' dir='ltr'>βουλόμενον</span> <span class='ocrx_word' id='word_1_77' title='bbox 1646 929 1756 982; x_wconf 80' lang='grc' dir='ltr'>εἴτε</span> 
     </span>
    </p>
   </div>
   <div class='ocr_carea' id='block_1_14' title="bbox 166 1017 1756 1091">
    <p class='ocr_par' dir='ltr' id='par_1_14' title="bbox 166 1017 1756 1091">
     <span class='ocr_line' id='line_1_15' title="bbox 166 1017 1756 1091; baseline 0.001 -19"><span class='ocrx_word' id='word_1_78' title='bbox 166 1017 388 1086; x_wconf 67' lang='grc' dir='ltr'>λεῖκὺν,</span> <span class='ocrx_word' id='word_1_79' title='bbox 419 1020 535 1072; x_wconf 83' lang='grc' dir='ltr'>εἴτε</span> <span class='ocrx_word' id='word_1_80' title='bbox 570 1019 825 1091; x_wconf 76' lang='grc' dir='ltr'>μοναχὸν,</span> <span class='ocrx_word' id='word_1_81' title='bbox 855 1020 1108 1090; x_wconf 79' lang='grc' dir='ltr'><strong>οὐρανίου</strong></span> <span class='ocrx_word' id='word_1_82' title='bbox 1142 1021 1286 1084; x_wconf 77' lang='grc' dir='ltr'>τινὸς</span> <span class='ocrx_word' id='word_1_83' title='bbox 1333 1022 1611 1090; x_wconf 78' lang='grc' dir='ltr'><strong>ἐπιτυχεῖν</strong></span> <span class='ocrx_word' id='word_1_84' title='bbox 1656 1022 1756 1074; x_wconf 86' lang='grc' dir='ltr'>δω-</span> 
     </span>
    </p>
   </div>
   <div class='ocr_carea' id='block_1_15' title="bbox 171 1111 1752 1185">
    <p class='ocr_par' dir='ltr' id='par_1_15' title="bbox 171 1111 1752 1185">
     <span class='ocr_line' id='line_1_16' title="bbox 171 1111 1752 1185; baseline 0.004 -23"><span class='ocrx_word' id='word_1_85' title='bbox 171 1112 336 1180; x_wconf 73' lang='grc' dir='ltr'>ρεᾶς,</span> <span class='ocrx_word' id='word_1_86' title='bbox 385 1113 683 1181; x_wconf 76' lang='grc' dir='ltr'>ὑπομεῖναι</span> <span class='ocrx_word' id='word_1_87' title='bbox 730 1112 937 1181; x_wconf 78' lang='grc' dir='ltr'>θλίψεις</span> <span class='ocrx_word' id='word_1_88' title='bbox 980 1111 1203 1176; x_wconf 83' lang='grc' dir='ltr'>πολλάς,</span> <span class='ocrx_word' id='word_1_89' title='bbox 1240 1114 1336 1166; x_wconf 80' lang='grc' dir='ltr'><strong>καὶ</strong></span> <span class='ocrx_word' id='word_1_90' title='bbox 1390 1116 1752 1185; x_wconf 86' lang='grc' dir='ltr'>πειρασμοὺς,</span> 
     </span>
    </p>
   </div>
   <div class='ocr_carea' id='block_1_16' title="bbox 166 1201 1754 1275">
    <p class='ocr_par' dir='ltr' id='par_1_16' title="bbox 166 1201 1754 1275">
     <span class='ocr_line' id='line_1_17' title="bbox 166 1201 1754 1275; baseline 0.004 -22"><span class='ocrx_word' id='word_1_91' title='bbox 166 1203 270 1255; x_wconf 78' lang='grc' dir='ltr'><strong>καὶ</strong></span> <span class='ocrx_word' id='word_1_92' title='bbox 299 1201 501 1267; x_wconf 82' lang='grc' dir='ltr'>λύπας,</span> <span class='ocrx_word' id='word_1_93' title='bbox 544 1204 690 1272; x_wconf 84' lang='grc' dir='ltr'>ἆπερ</span> <span class='ocrx_word' id='word_1_94' title='bbox 717 1203 894 1256; x_wconf 88' lang='grc' dir='ltr'>πάντα</span> <span class='ocrx_word' id='word_1_95' title='bbox 922 1204 1109 1274; x_wconf 78' lang='grc' dir='ltr'><strong>ἐπέχει</strong></span> <span class='ocrx_word' id='word_1_96' title='bbox 1148 1204 1304 1273; x_wconf 87' lang='grc' dir='ltr'>λόγον</span> <span class='ocrx_word' id='word_1_97' title='bbox 1334 1205 1597 1275; x_wconf 83' lang='grc' dir='ltr'>χειμῶνος</span> <span class='ocrx_word' id='word_1_98' title='bbox 1623 1222 1754 1273; x_wconf 87' lang='grc' dir='ltr'>σφο-</span> 
     </span>
    </p>
   </div>
   <div class='ocr_carea' id='block_1_17' title="bbox 163 1289 1753 1369">
    <p class='ocr_par' dir='ltr' id='par_1_17' title="bbox 163 1289 1753 1369">
     <span class='ocr_line' id='line_1_18' title="bbox 163 1289 1753 1369; baseline 0.005 -24"><span class='ocrx_word' id='word_1_99' title='bbox 163 1293 326 1363; x_wconf 73' lang='grc' dir='ltr'>δροῦ,</span> <span class='ocrx_word' id='word_1_100' title='bbox 362 1289 470 1347; x_wconf 75' lang='grc' dir='ltr'>εἷθ’</span> <span class='ocrx_word' id='word_1_101' title='bbox 492 1292 669 1359; x_wconf 81' lang='grc' dir='ltr'>οὕτως</span> <span class='ocrx_word' id='word_1_102' title='bbox 690 1295 1005 1366; x_wconf 77' lang='grc' dir='ltr'><strong>ἀμήσασθαι</strong></span> <span class='ocrx_word' id='word_1_103' title='bbox 1035 1297 1162 1360; x_wconf 77' lang='grc' dir='ltr'>τοὺς</span> <span class='ocrx_word' id='word_1_104' title='bbox 1197 1296 1443 1369; x_wconf 76' lang='grc' dir='ltr'>καρποὺς</span> <span class='ocrx_word' id='word_1_105' title='bbox 1473 1298 1566 1350; x_wconf 82' lang='grc' dir='ltr'>τοῦ</span> <span class='ocrx_word' id='word_1_106' title='bbox 1599 1299 1753 1366; x_wconf 81' lang='grc' dir='ltr'><strong>ἁγίου</strong></span> 
     </span>
    </p>
   </div>
   <div class='ocr_carea' id='block_1_18' title="bbox 163 1384 502 1456">
    <p class='ocr_par' dir='ltr' id='par_1_18' title="bbox 163 1384 502 1456">
     <span class='ocr_line' id='line_1_19' title="bbox 163 1384 502 1456; baseline 0.012 -20"><span class='ocrx_word' id='word_1_107' title='bbox 163 1384 502 1456; x_wconf 79' lang='grc' dir='ltr'>Πνεύματος</span> 
     </span>
    </p>
   </div>
   <div class='ocr_carea' id='block_1_19' title="bbox 692 1478 1239 1544">
    <p class='ocr_par' dir='ltr' id='par_1_19' title="bbox 692 1478 1239 1544">
     <span class='ocr_line' id='line_1_20' title="bbox 692 1478 1239 1544; baseline 0.007 -14"><span class='ocrx_word' id='word_1_108' title='bbox 692 1479 844 1534; x_wconf 85' lang='grc' dir='ltr'><strong>Τ1Η’.</strong></span> <span class='ocrx_word' id='word_1_109' title='bbox 862 1510 931 1519; x_wconf 93' lang='grc'><strong>-</strong></span> <span class='ocrx_word' id='word_1_110' title='bbox 954 1480 1038 1544; x_wconf 88' lang='grc' dir='ltr'><strong>Τῷ</strong></span> <span class='ocrx_word' id='word_1_111' title='bbox 1060 1478 1239 1544; x_wconf 86' lang='grc' dir='ltr'>αὐτῷ.</span> 
     </span>
    </p>
   </div>
   <div class='ocr_carea' id='block_1_20' title="bbox 244 1568 1752 1644">
    <p class='ocr_par' dir='ltr' id='par_1_20' title="bbox 244 1568 1752 1644">
     <span class='ocr_line' id='line_1_21' title="bbox 244 1568 1752 1644; baseline 0.005 -24"><span class='ocrx_word' id='word_1_112' title='bbox 244 1587 268 1620; x_wconf 74' lang='grc' dir='ltr'><strong>ι</strong></span> <span class='ocrx_word' id='word_1_113' title='bbox 300 1569 419 1623; x_wconf 74' lang='grc' dir='ltr'><strong>Καὶ</strong></span> <span class='ocrx_word' id='word_1_114' title='bbox 470 1568 734 1633; x_wconf 74' lang='grc' dir='ltr'>ἐκάθισας</span> <span class='ocrx_word' id='word_1_115' title='bbox 784 1571 967 1634; x_wconf 82' lang='grc' dir='ltr'>αὐτοῖς</span> <span class='ocrx_word' id='word_1_116' title='bbox 1008 1570 1197 1644; x_wconf 85' lang='grc' dir='ltr'>ὥσπερ</span> <span class='ocrx_word' id='word_1_117' title='bbox 1242 1572 1480 1644; x_wconf 87' lang='grc' dir='ltr'>κορώνη,</span> <span class='ocrx_word' id='word_1_118' title='bbox 1515 1591 1534 1623; x_wconf 72' lang='grc' dir='ltr'><strong>ι</strong></span> <span class='ocrx_word' id='word_1_119' title='bbox 1568 1572 1752 1642; x_wconf 77' lang='grc' dir='ltr'>ἔλεγεν</span> 
     </span>
    </p>
   </div>
   <div class='ocr_carea' id='block_1_21' title="bbox 161 1659 1751 1736">
    <p class='ocr_par' dir='ltr' id='par_1_21' title="bbox 161 1659 1751 1736">
     <span class='ocr_line' id='line_1_22' title="bbox 161 1659 1751 1736; baseline 0.004 -23"><span class='ocrx_word' id='word_1_120' title='bbox 161 1659 195 1713; x_wconf 83' lang='grc' dir='ltr'><strong>ὀ</strong></span> <span class='ocrx_word' id='word_1_121' title='bbox 226 1662 526 1733; x_wconf 73' lang='grc' dir='ltr'><strong>προφήτης</strong></span> <span class='ocrx_word' id='word_1_122' title='bbox 555 1677 570 1692; x_wconf 83' lang='grc'><em>’</em></span> <span class='ocrx_word' id='word_1_123' title='bbox 608 1664 877 1725; x_wconf 87' lang='grc' dir='ltr'>τουτέστι,</span> <span class='ocrx_word' id='word_1_124' title='bbox 914 1664 1081 1717; x_wconf 77' lang='grc' dir='ltr'>πολὺν</span> <span class='ocrx_word' id='word_1_125' title='bbox 1120 1664 1310 1735; x_wconf 82' lang='grc' dir='ltr'>χρόνον</span> <span class='ocrx_word' id='word_1_126' title='bbox 1364 1665 1751 1736; x_wconf 79' lang='grc' dir='ltr'>ἐπιλαθόμενος</span> 
     </span>
    </p>
   </div>
   <div class='ocr_carea' id='block_1_22' title="bbox 162 1751 1750 1828">
    <p class='ocr_par' dir='ltr' id='par_1_22' title="bbox 162 1751 1750 1828">
     <span class='ocr_line' id='line_1_23' title="bbox 162 1751 1750 1828; baseline 0.003 -24"><span class='ocrx_word' id='word_1_127' title='bbox 162 1751 268 1805; x_wconf 76' lang='grc' dir='ltr'>τοῦ</span> <span class='ocrx_word' id='word_1_128' title='bbox 303 1752 469 1817; x_wconf 83' lang='grc' dir='ltr'>Θεοῦ,</span> <span class='ocrx_word' id='word_1_129' title='bbox 504 1754 916 1825; x_wconf 75' lang='grc' dir='ltr'>προσδιέτριϐες</span> <span class='ocrx_word' id='word_1_130' title='bbox 938 1756 1238 1825; x_wconf 77' lang='grc' dir='ltr'><strong>φιλοπόνως</strong></span> <span class='ocrx_word' id='word_1_131' title='bbox 1262 1759 1384 1821; x_wconf 82' lang='grc' dir='ltr'>ταῖς</span> <span class='ocrx_word' id='word_1_132' title='bbox 1435 1756 1750 1828; x_wconf 86' lang='grc' dir='ltr'>ἁμαρτίαις,</span> 
     </span>
    </p>
   </div>
   <div class='ocr_carea' id='block_1_23' title="bbox 163 1839 1750 1917">
    <p class='ocr_par' dir='ltr' id='par_1_23' title="bbox 163 1839 1750 1917">
     <span class='ocr_line' id='line_1_24' title="bbox 163 1839 1750 1917; baseline 0.006 -25"><span class='ocrx_word' id='word_1_133' title='bbox 163 1839 271 1893; x_wconf 73' lang='grc' dir='ltr'>καὶ</span> <span class='ocrx_word' id='word_1_134' title='bbox 297 1840 388 1893; x_wconf 81' lang='grc' dir='ltr'><strong>διά</strong></span> <span class='ocrx_word' id='word_1_135' title='bbox 421 1840 536 1893; x_wconf 84' lang='grc' dir='ltr'>τῶν</span> <span class='ocrx_word' id='word_1_136' title='bbox 586 1844 943 1913; x_wconf 78' lang='grc' dir='ltr'><strong>πταισμάτων</strong></span> <span class='ocrx_word' id='word_1_137' title='bbox 968 1847 1081 1908; x_wconf 84' lang='grc' dir='ltr'>τοῖς</span> <span class='ocrx_word' id='word_1_138' title='bbox 1123 1844 1453 1916; x_wconf 81' lang='grc' dir='ltr'>ἀκαθάρτοις</span> <span class='ocrx_word' id='word_1_139' title='bbox 1478 1846 1750 1917; x_wconf 83' lang='grc' dir='ltr'>δαίμοσιν.</span> 
     </span>
    </p>
   </div>
   <div class='ocr_carea' id='block_1_24' title="bbox 175 1928 1749 2008">
    <p class='ocr_par' dir='ltr' id='par_1_24' title="bbox 175 1928 1749 2008">
     <span class='ocr_line' id='line_1_25' title="bbox 175 1928 1749 2008; baseline 0.004 -23"><span class='ocrx_word' id='word_1_140' title='bbox 175 1928 246 1985; x_wconf 86' lang='grc' dir='ltr'><strong><em>Ἦ</em></strong></span> <span class='ocrx_word' id='word_1_141' title='bbox 292 1932 406 2003; x_wconf 70' lang='grc' dir='ltr'><strong>γάρ</strong></span> <span class='ocrx_word' id='word_1_142' title='bbox 445 1931 663 2003; x_wconf 81' lang='grc' dir='ltr'>κορώνη</span> <span class='ocrx_word' id='word_1_143' title='bbox 696 1933 865 1986; x_wconf 85' lang='grc' dir='ltr'>πολλὰ</span> <span class='ocrx_word' id='word_1_144' title='bbox 900 1933 996 2005; x_wconf 82' lang='grc' dir='ltr'>ἔτη</span> <span class='ocrx_word' id='word_1_145' title='bbox 1032 1935 1122 2008; x_wconf 80' lang='grc' dir='ltr'><strong>ζῇ,</strong></span> <span class='ocrx_word' id='word_1_146' title='bbox 1157 1937 1251 1991; x_wconf 78' lang='grc' dir='ltr'>καὶ</span> <span class='ocrx_word' id='word_1_147' title='bbox 1278 1936 1588 2006; x_wconf 83' lang='grc' dir='ltr'>φιλότεκνός</span> <span class='ocrx_word' id='word_1_148' title='bbox 1612 1939 1749 1993; x_wconf 78' lang='grc' dir='ltr'>ἐστι.</span> 
     </span>
    </p>
   </div>
   <div class='ocr_carea' id='block_1_25' title="bbox 164 2024 1754 2100">
    <p class='ocr_par' dir='ltr' id='par_1_25' title="bbox 164 2024 1754 2100">
     <span class='ocr_line' id='line_1_26' title="bbox 164 2024 1754 2100; baseline 0.004 -23"><span class='ocrx_word' id='word_1_149' title='bbox 164 2024 320 2078; x_wconf 82' lang='grc' dir='ltr'>Πάνυ</span> <span class='ocrx_word' id='word_1_150' title='bbox 340 2026 529 2078; x_wconf 81' lang='grc' dir='ltr'><strong>τοίνυν</strong></span> <span class='ocrx_word' id='word_1_151' title='bbox 554 2027 648 2078; x_wconf 73' lang='grc' dir='ltr'><strong>καὶ</strong></span> <span class='ocrx_word' id='word_1_152' title='bbox 677 2027 784 2089; x_wconf 73' lang='grc' dir='ltr'><strong>πᾶς</strong></span> <span class='ocrx_word' id='word_1_153' title='bbox 803 2027 831 2078; x_wconf 86' lang='grc' dir='ltr'>ὁ</span> <span class='ocrx_word' id='word_1_154' title='bbox 859 2027 1162 2096; x_wconf 80' lang='grc' dir='ltr'>φιλήδονος,</span> <span class='ocrx_word' id='word_1_155' title='bbox 1193 2030 1287 2083; x_wconf 80' lang='grc' dir='ltr'>καὶ</span> <span class='ocrx_word' id='word_1_156' title='bbox 1313 2028 1645 2100; x_wconf 85' lang='grc' dir='ltr'>φιλόκοσμος</span> <span class='ocrx_word' id='word_1_157' title='bbox 1671 2048 1754 2100; x_wconf 88' lang='grc' dir='ltr'>φι-</span> 
     </span>
    </p>
   </div>
   <div class='ocr_carea' id='block_1_26' title="bbox 165 2108 1748 2194">
    <p class='ocr_par' dir='ltr' id='par_1_26' title="bbox 165 2108 1748 2194">
     <span class='ocr_line' id='line_1_27' title="bbox 165 2108 1748 2194; baseline 0.006 -25"><span class='ocrx_word' id='word_1_158' title='bbox 165 2117 257 2169; x_wconf 82' lang='grc' dir='ltr'><strong>λεῖ</strong></span> <span class='ocrx_word' id='word_1_159' title='bbox 276 2116 373 2171; x_wconf 82' lang='grc' dir='ltr'>καὶ</span> <span class='ocrx_word' id='word_1_160' title='bbox 409 2119 633 2189; x_wconf 87' lang='grc' dir='ltr'>στέργει</span> <span class='ocrx_word' id='word_1_161' title='bbox 657 2108 723 2175; x_wconf 78' lang='grc' dir='ltr'><strong>τά</strong></span> <span class='ocrx_word' id='word_1_162' title='bbox 758 2121 927 2174; x_wconf 87' lang='grc' dir='ltr'>τέκνα</span> <span class='ocrx_word' id='word_1_163' title='bbox 946 2120 1133 2188; x_wconf 77' lang='grc' dir='ltr'>αὑτοῦ,</span> <span class='ocrx_word' id='word_1_164' title='bbox 1153 2122 1489 2177; x_wconf 87' lang='grc' dir='ltr'>τουτέστιτά</span> <span class='ocrx_word' id='word_1_165' title='bbox 1512 2122 1748 2194; x_wconf 81' lang='grc' dir='ltr'>ὀλέθρια,</span> 
     </span>
    </p>
   </div>
   <div class='ocr_carea' id='block_1_27' title="bbox 167 2211 1166 2283">
    <p class='ocr_par' dir='ltr' id='par_1_27' title="bbox 167 2211 1166 2283">
     <span class='ocr_line' id='line_1_28' title="bbox 167 2211 1166 2283; baseline 0.004 -19"><span class='ocrx_word' id='word_1_166' title='bbox 167 2211 268 2264; x_wconf 79' lang='grc' dir='ltr'>καὶ</span> <span class='ocrx_word' id='word_1_167' title='bbox 302 2211 541 2283; x_wconf 83' lang='grc' dir='ltr'>βδελυρά</span> <span class='ocrx_word' id='word_1_168' title='bbox 567 2214 888 2283; x_wconf 82' lang='grc' dir='ltr'>πράγματα.</span> <span class='ocrx_word' id='word_1_169' title='bbox 1163 2250 1166 2254; x_wconf 91' lang='lat'><strong>-</strong></span> 
     </span>
    </p>
   </div>
   <div class='ocr_carea' id='block_1_28' title="bbox 568 2303 1366 2375">
    <p class='ocr_par' dir='ltr' id='par_1_28' title="bbox 568 2303 1366 2375">
     <span class='ocr_line' id='line_1_29' title="bbox 568 2303 1366 2375; baseline 0.005 -20"><span class='ocrx_word' id='word_1_170' title='bbox 568 2303 715 2358; x_wconf 75' lang='lat' dir='ltr'>TIB&#39;.</span> <span class='ocrx_word' id='word_1_171' title='bbox 733 2333 802 2343; x_wconf 91' lang='lat'><strong>—</strong></span> <span class='ocrx_word' id='word_1_172' title='bbox 831 2303 1046 2375; x_wconf 82' lang='grc' dir='ltr'><strong>ΗΡΙΜῼ</strong></span> <span class='ocrx_word' id='word_1_173' title='bbox 1074 2305 1366 2360; x_wconf 77' lang='lat' dir='ltr'><strong>KOMHTI.</strong></span> 
     </span>
    </p>
   </div>
   <div class='ocr_carea' id='block_1_29' title="bbox 242 2389 1755 2465">
    <p class='ocr_par' dir='ltr' id='par_1_29' title="bbox 242 2389 1755 2465">
     <span class='ocr_line' id='line_1_30' title="bbox 242 2389 1755 2465; baseline 0.005 -22"><span class='ocrx_word' id='word_1_174' title='bbox 242 2389 359 2461; x_wconf 84' lang='grc' dir='ltr'><strong>Τῆς</strong></span> <span class='ocrx_word' id='word_1_175' title='bbox 390 2391 697 2463; x_wconf 78' lang='grc' dir='ltr'>λεγομένης</span> <span class='ocrx_word' id='word_1_176' title='bbox 722 2433 739 2458; x_wconf 93' lang='grc'><strong>,</strong></span> <span class='ocrx_word' id='word_1_177' title='bbox 780 2394 839 2446; x_wconf 77' lang='grc' dir='ltr'>οὐ</span> <span class='ocrx_word' id='word_1_178' title='bbox 898 2394 1005 2465; x_wconf 81' lang='grc' dir='ltr'><strong>μὴν</strong></span> <span class='ocrx_word' id='word_1_179' title='bbox 1058 2393 1227 2464; x_wconf 70' lang='grc' dir='ltr'>οὔσης</span> <span class='ocrx_word' id='word_1_180' title='bbox 1281 2394 1598 2465; x_wconf 85' lang='grc' dir='ltr'>ἀνεφίκτου,</span> <span class='ocrx_word' id='word_1_181' title='bbox 1658 2397 1755 2451; x_wconf 80' lang='grc' dir='ltr'>καὶ</span> 
     </span>
    </p>
   </div>
   <div class='ocr_carea' id='block_1_30' title="bbox 168 2481 1752 2557">
    <p class='ocr_par' dir='ltr' id='par_1_30' title="bbox 168 2481 1752 2557">
     <span class='ocr_line' id='line_1_31' title="bbox 168 2481 1752 2557; baseline 0.003 -23"><span class='ocrx_word' id='word_1_182' title='bbox 168 2481 490 2552; x_wconf 74' lang='grc' dir='ltr'>ὑπερφυοῦς</span> <span class='ocrx_word' id='word_1_183' title='bbox 546 2484 815 2553; x_wconf 77' lang='grc' dir='ltr'>καθέδρας</span> <span class='ocrx_word' id='word_1_184' title='bbox 871 2483 979 2536; x_wconf 81' lang='grc' dir='ltr'><strong>τῶν</strong></span> <span class='ocrx_word' id='word_1_185' title='bbox 1039 2484 1294 2555; x_wconf 71' lang='grc' dir='ltr'>ἐπάρχων</span> <span class='ocrx_word' id='word_1_186' title='bbox 1345 2486 1631 2557; x_wconf 78' lang='grc' dir='ltr'>ἐπιθυμεῖν</span> <span class='ocrx_word' id='word_1_187' title='bbox 1692 2503 1752 2539; x_wconf 89' lang='grc' dir='ltr'><strong>σε</strong></span> 
     </span>
    </p>
   </div>
   <div class='ocr_carea' id='block_1_31' title="bbox 171 2571 1756 2650">
    <p class='ocr_par' dir='ltr' id='par_1_31' title="bbox 171 2571 1756 2650">
     <span class='ocr_line' id='line_1_32' title="bbox 171 2571 1756 2650; baseline 0.003 -22"><span class='ocrx_word' id='word_1_188' title='bbox 171 2574 458 2645; x_wconf 80' lang='grc' dir='ltr'><strong>μανθάνω.</strong></span> <span class='ocrx_word' id='word_1_189' title='bbox 516 2574 757 2627; x_wconf 87' lang='grc' dir='ltr'>Γίνωσκε</span> <span class='ocrx_word' id='word_1_190' title='bbox 794 2571 907 2640; x_wconf 76' lang='grc' dir='ltr'>οὖν,</span> <span class='ocrx_word' id='word_1_191' title='bbox 965 2576 1316 2649; x_wconf 78' lang='grc' dir='ltr'>λαμπρότατε</span> <span class='ocrx_word' id='word_1_192' title='bbox 1353 2579 1628 2650; x_wconf 80' lang='grc' dir='ltr'>ἄνθρωπε,</span> <span class='ocrx_word' id='word_1_193' title='bbox 1672 2581 1756 2633; x_wconf 86' lang='grc' dir='ltr'><strong>ὅτι</strong></span> 
     </span>
    </p>
   </div>
   <div class='ocr_carea' id='block_1_32' title="bbox 173 2668 1755 2742">
    <p class='ocr_par' dir='ltr' id='par_1_32' title="bbox 173 2668 1755 2742">
     <span class='ocr_line' id='line_1_33' title="bbox 173 2668 1755 2742; baseline 0.003 -21"><span class='ocrx_word' id='word_1_194' title='bbox 173 2668 352 2739; x_wconf 81' lang='grc' dir='ltr'>μικρά</span> <span class='ocrx_word' id='word_1_195' title='bbox 388 2668 514 2739; x_wconf 87' lang='grc' dir='ltr'>μὲν,</span> <span class='ocrx_word' id='word_1_196' title='bbox 550 2668 644 2721; x_wconf 58' lang='grc' dir='ltr'><strong>καί⁵</strong></span> <span class='ocrx_word' id='word_1_197' title='bbox 681 2668 904 2739; x_wconf 84' lang='grc' dir='ltr'>εὐτελής</span> <span class='ocrx_word' id='word_1_198' title='bbox 941 2670 1081 2733; x_wconf 74' lang='grc' dir='ltr'>ἔστι,</span> <span class='ocrx_word' id='word_1_199' title='bbox 1116 2671 1211 2723; x_wconf 73' lang='grc' dir='ltr'><strong>καὶ</strong></span> <span class='ocrx_word' id='word_1_200' title='bbox 1246 2671 1624 2742; x_wconf 84' lang='grc' dir='ltr'>ὀλιγοήμερος,</span> <span class='ocrx_word' id='word_1_201' title='bbox 1659 2672 1755 2725; x_wconf 78' lang='grc' dir='ltr'>καὶ</span> 
     </span>
    </p>
   </div>
   <div class='ocr_carea' id='block_1_33' title="bbox 168 2758 1733 2835">
    <p class='ocr_par' dir='ltr' id='par_1_33' title="bbox 168 2758 1733 2835">
     <span class='ocr_line' id='line_1_34' title="bbox 168 2758 1733 2835; baseline 0.003 -22"><span class='ocrx_word' id='word_1_202' title='bbox 168 2762 279 2814; x_wconf 80' lang='grc' dir='ltr'><strong>τῶν</strong></span> <span class='ocrx_word' id='word_1_203' title='bbox 304 2760 521 2832; x_wconf 79' lang='grc' dir='ltr'>ἡρινῶν</span> <span class='ocrx_word' id='word_1_204' title='bbox 537 2761 745 2815; x_wconf 80' lang='grc' dir='ltr'>ἀνθέων</span> <span class='ocrx_word' id='word_1_205' title='bbox 768 2762 916 2815; x_wconf 80' lang='grc' dir='ltr'>οὐδὲν</span> <span class='ocrx_word' id='word_1_206' title='bbox 941 2763 1295 2835; x_wconf 82' lang='grc' dir='ltr'>διαφέρουσα,</span> <span class='ocrx_word' id='word_1_207' title='bbox 1318 2758 1521 2835; x_wconf 69' lang='grc' dir='ltr'>ήπαρὰ</span> <span class='ocrx_word' id='word_1_208' title='bbox 1543 2763 1733 2835; x_wconf 83' lang='grc' dir='ltr'>ἀνθρώ·</span> 
     </span>
    </p>
   </div>
   <div class='ocr_carea' id='block_1_34' title="bbox 170 2854 1753 2929">
    <p class='ocr_par' dir='ltr' id='par_1_34' title="bbox 170 2854 1753 2929">
     <span class='ocr_line' id='line_1_35' title="bbox 170 2854 1753 2929; baseline 0.003 -23"><span class='ocrx_word' id='word_1_209' title='bbox 170 2869 292 2907; x_wconf 72' lang='grc' dir='ltr'><strong>πων</strong></span> <span class='ocrx_word' id='word_1_210' title='bbox 342 2869 431 2906; x_wconf 85' lang='grc' dir='ltr'><strong>σοι</strong></span> <span class='ocrx_word' id='word_1_211' title='bbox 465 2854 883 2927; x_wconf 79' lang='grc' dir='ltr'>προσφερομένη</span> <span class='ocrx_word' id='word_1_212' title='bbox 932 2855 1243 2926; x_wconf 85' lang='grc' dir='ltr'>γελοιώδης,</span> <span class='ocrx_word' id='word_1_213' title='bbox 1280 2858 1375 2910; x_wconf 82' lang='grc' dir='ltr'><strong>καὶ</strong></span> <span class='ocrx_word' id='word_1_214' title='bbox 1422 2857 1753 2929; x_wconf 81' lang='grc' dir='ltr'>χλευαστίκὴ</span> 
     </span>
    </p>
   </div>
   <div class='ocr_carea' id='block_1_35' title="bbox 168 2942 1755 3020">
    <p class='ocr_par' dir='ltr' id='par_1_35' title="bbox 168 2942 1755 3020">
     <span class='ocr_line' id='line_1_36' title="bbox 168 2942 1755 3020; baseline 0.004 -23"><span class='ocrx_word' id='word_1_215' title='bbox 168 2942 325 3009; x_wconf 71' lang='grc' dir='ltr'>δόξα,</span> <span class='ocrx_word' id='word_1_216' title='bbox 368 2945 581 3016; x_wconf 81' lang='grc' dir='ltr'>μεγάλη</span> <span class='ocrx_word' id='word_1_217' title='bbox 653 2947 711 3000; x_wconf 85' lang='grc' dir='ltr'>δὲ</span> <span class='ocrx_word' id='word_1_218' title='bbox 762 2949 854 3000; x_wconf 76' lang='grc' dir='ltr'><strong>καὶ</strong></span> <span class='ocrx_word' id='word_1_219' title='bbox 905 2948 1071 3019; x_wconf 82' lang='grc' dir='ltr'>πολλὴ</span> <span class='ocrx_word' id='word_1_220' title='bbox 1114 2950 1371 3019; x_wconf 81' lang='grc' dir='ltr'>τυγχάνει</span> <span class='ocrx_word' id='word_1_221' title='bbox 1399 2951 1432 3019; x_wconf 91' lang='grc' dir='ltr'><strong>ή</strong></span> <span class='ocrx_word' id='word_1_222' title='bbox 1466 2950 1755 3020; x_wconf 82' lang='grc' dir='ltr'>ἐσύστερον</span> 
     </span>
    </p>
   </div>
   <div class='ocr_carea' id='block_1_36' title="bbox 170 3034 1752 3112">
    <p class='ocr_par' dir='ltr' id='par_1_36' title="bbox 170 3034 1752 3112">
     <span class='ocr_line' id='line_1_37' title="bbox 170 3034 1752 3112; baseline 0.004 -23"><span class='ocrx_word' id='word_1_223' title='bbox 170 3034 435 3108; x_wconf 69' lang='grc' dir='ltr'>αἰσχύνη.</span> <span class='ocrx_word' id='word_1_224' title='bbox 468 3035 532 3090; x_wconf 80' lang='lat' dir='ltr'><strong>El</strong></span> <span class='ocrx_word' id='word_1_225' title='bbox 564 3038 745 3091; x_wconf 85' lang='grc' dir='ltr'>τοίνυν</span> <span class='ocrx_word' id='word_1_226' title='bbox 778 3038 852 3109; x_wconf 79' lang='grc' dir='ltr'>μὴ</span> <span class='ocrx_word' id='word_1_227' title='bbox 884 3038 1069 3109; x_wconf 81' lang='grc' dir='ltr'>βούλει</span> <span class='ocrx_word' id='word_1_228' title='bbox 1097 3040 1467 3111; x_wconf 73' lang='grc' dir='ltr'>αἰσχυνθῆναι,</span> <span class='ocrx_word' id='word_1_229' title='bbox 1500 3040 1574 3112; x_wconf 84' lang='grc' dir='ltr'>μὴ</span> <span class='ocrx_word' id='word_1_230' title='bbox 1626 3041 1752 3112; x_wconf 85' lang='grc' dir='ltr'>βού-</span> 
     </span>
    </p>
   </div>
   <div class='ocr_carea' id='block_1_37' title="bbox 170 3126 1757 3203">
    <p class='ocr_par' dir='ltr' id='par_1_37' title="bbox 170 3126 1757 3203">
     <span class='ocr_line' id='line_1_38' title="bbox 170 3126 1757 3203; baseline 0.006 -23"><span class='ocrx_word' id='word_1_231' title='bbox 170 3126 269 3180; x_wconf 85' lang='grc' dir='ltr'><strong>λου</strong></span> <span class='ocrx_word' id='word_1_232' title='bbox 300 3126 631 3199; x_wconf 81' lang='grc' dir='ltr'>δοξασθῆναι</span> <span class='ocrx_word' id='word_1_233' title='bbox 650 3129 750 3200; x_wconf 81' lang='grc' dir='ltr'>τὴν</span> <span class='ocrx_word' id='word_1_234' title='bbox 772 3129 1054 3195; x_wconf 77' lang='grc' dir='ltr'>ἔκπλυτον,</span> <span class='ocrx_word' id='word_1_235' title='bbox 1088 3133 1184 3186; x_wconf 74' lang='grc' dir='ltr'>καὶ</span> <span class='ocrx_word' id='word_1_236' title='bbox 1209 3132 1411 3203; x_wconf 74' lang='grc' dir='ltr'>ῥᾳδίως</span> <span class='ocrx_word' id='word_1_237' title='bbox 1442 3132 1757 3203; x_wconf 78' lang='grc' dir='ltr'>ἐξαφανιζο-</span> 
     </span>
    </p>
   </div>
   <div class='ocr_carea' id='block_1_38' title="bbox 173 3219 1043 3291">
    <p class='ocr_par' dir='ltr' id='par_1_38' title="bbox 173 3219 1043 3291">
     <span class='ocr_line' id='line_1_39' title="bbox 173 3219 1043 3291; baseline 0.003 -19"><span class='ocrx_word' id='word_1_238' title='bbox 173 3219 355 3291; x_wconf 75' lang='grc' dir='ltr'>μένην</span> <span class='ocrx_word' id='word_1_239' title='bbox 387 3221 486 3273; x_wconf 76' lang='grc' dir='ltr'>καὶ</span> <span class='ocrx_word' id='word_1_240' title='bbox 512 3221 842 3291; x_wconf 81' lang='grc' dir='ltr'>μειουμένην</span> <span class='ocrx_word' id='word_1_241' title='bbox 865 3221 1043 3286; x_wconf 77' lang='grc' dir='ltr'>δόξαν.</span> 
     </span>
    </p>
   </div>
   <div class='ocr_carea' id='block_1_39' title="bbox 609 3311 1337 3383">
    <p class='ocr_par' dir='ltr' id='par_1_39' title="bbox 609 3311 1337 3383">
     <span class='ocr_line' id='line_1_40' title="bbox 609 3311 1337 3383; baseline 0.011 -20"><span class='ocrx_word' id='word_1_242' title='bbox 609 3311 740 3365; x_wconf 79' lang='lat' dir='ltr'><strong>TK&#39;.</strong></span> <span class='ocrx_word' id='word_1_243' title='bbox 772 3340 836 3349; x_wconf 95' lang='lat'><strong>—</strong></span> <span class='ocrx_word' id='word_1_244' title='bbox 866 3313 1337 3383; x_wconf 77' lang='grc' dir='ltr'><strong>ΦΙΡΜΙΛΛΙΑΝῼ.</strong></span> 
     </span>
    </p>
   </div>
   <div class='ocr_carea' id='block_1_40' title="bbox 256 3403 1751 3475">
    <p class='ocr_par' dir='ltr' id='par_1_40' title="bbox 256 3403 1751 3475">
     <span class='ocr_line' id='line_1_41' title="bbox 256 3403 1751 3475; baseline 0.001 -16"><span class='ocrx_word' id='word_1_245' title='bbox 256 3424 278 3459; x_wconf 75' lang='grc' dir='ltr'><strong>ι</strong></span> <span class='ocrx_word' id='word_1_246' title='bbox 321 3405 472 3458; x_wconf 78' lang='grc' dir='ltr'>’Δντὶ</span> <span class='ocrx_word' id='word_1_247' title='bbox 514 3403 623 3459; x_wconf 85' lang='grc' dir='ltr'>τῶν</span> <span class='ocrx_word' id='word_1_248' title='bbox 654 3404 904 3475; x_wconf 87' lang='grc' dir='ltr'>πατέρων</span> <span class='ocrx_word' id='word_1_249' title='bbox 933 3404 1303 3475; x_wconf 76' lang='grc' dir='ltr'>ἐγεννήθησαν</span> <span class='ocrx_word' id='word_1_250' title='bbox 1337 3407 1385 3458; x_wconf 80' lang='lat' dir='ltr'><strong>oi</strong></span> <span class='ocrx_word' id='word_1_251' title='bbox 1434 3407 1541 3460; x_wconf 82' lang='grc' dir='ltr'>υἱοί</span> <span class='ocrx_word' id='word_1_252' title='bbox 1575 3424 1692 3466; x_wconf 91' lang='grc' dir='ltr'>σου,</span> <span class='ocrx_word' id='word_1_253' title='bbox 1732 3426 1751 3460; x_wconf 70' lang='grc' dir='ltr'><strong>ι</strong></span> 
     </span>
    </p>
   </div>
   <div class='ocr_carea' id='block_1_41' title="bbox 176 3494 1757 3570">
    <p class='ocr_par' dir='ltr' id='par_1_41' title="bbox 176 3494 1757 3570">
     <span class='ocr_line' id='line_1_42' title="bbox 176 3494 1757 3570; baseline 0.002 -20"><span class='ocrx_word' id='word_1_254' title='bbox 176 3498 249 3550; x_wconf 83' lang='lat' dir='ltr'><strong>0i.</strong></span> <span class='ocrx_word' id='word_1_255' title='bbox 297 3498 410 3569; x_wconf 84' lang='grc' dir='ltr'><strong>γάρ</strong></span> <span class='ocrx_word' id='word_1_256' title='bbox 449 3497 506 3549; x_wconf 75' lang='grc' dir='ltr'><strong>ἐν</strong></span> <span class='ocrx_word' id='word_1_257' title='bbox 533 3496 611 3567; x_wconf 81' lang='grc' dir='ltr'>τῷ</span> <span class='ocrx_word' id='word_1_258' title='bbox 639 3494 917 3566; x_wconf 85' lang='grc' dir='ltr'><strong>Μωσαίκῷ</strong></span> <span class='ocrx_word' id='word_1_259' title='bbox 944 3496 1091 3566; x_wconf 82' lang='grc' dir='ltr'>νόμῳ</span> <span class='ocrx_word' id='word_1_260' title='bbox 1122 3495 1539 3567; x_wconf 82' lang='grc' dir='ltr'>λελατρευκότες</span> <span class='ocrx_word' id='word_1_261' title='bbox 1566 3499 1757 3570; x_wconf 83' lang='grc' dir='ltr'>πρώην</span> 
     </span>
    </p>
   </div>
   <div class='ocr_carea' id='block_1_42' title="bbox 175 3588 1757 3659">
    <p class='ocr_par' dir='ltr' id='par_1_42' title="bbox 175 3588 1757 3659">
     <span class='ocr_line' id='line_1_43' title="bbox 175 3588 1757 3659; baseline 0.001 -16"><span class='ocrx_word' id='word_1_262' title='bbox 175 3588 325 3659; x_wconf 78' lang='grc' dir='ltr'>Θεῷ,</span> <span class='ocrx_word' id='word_1_263' title='bbox 363 3589 460 3642; x_wconf 76' lang='grc' dir='ltr'>καὶ</span> <span class='ocrx_word' id='word_1_264' title='bbox 502 3588 951 3658; x_wconf 80' lang='grc' dir='ltr'>εὐηρεστηκότες,</span> <span class='ocrx_word' id='word_1_265' title='bbox 1005 3588 1247 3659; x_wconf 78' lang='grc' dir='ltr'>δεύτεροι</span> <span class='ocrx_word' id='word_1_266' title='bbox 1281 3588 1388 3642; x_wconf 86' lang='grc' dir='ltr'>τῶν</span> <span class='ocrx_word' id='word_1_267' title='bbox 1445 3589 1757 3644; x_wconf 88' lang='grc' dir='ltr'>ἀποστόλων</span> 
     </span>
    </p>
   </div>
   <div class='ocr_carea' id='block_1_43' title="bbox 177 3679 1754 3753">
    <p class='ocr_par' dir='ltr' id='par_1_43' title="bbox 177 3679 1754 3753">
     <span class='ocr_line' id='line_1_44' title="bbox 177 3679 1754 3753; baseline 0.001 -19"><span class='ocrx_word' id='word_1_268' title='bbox 177 3679 506 3750; x_wconf 65' lang='grc' dir='ltr'>ἐδείχθησαν</span> <span class='ocrx_word' id='word_1_269' title='bbox 554 3680 697 3733; x_wconf 79' lang='grc' dir='ltr'>κατὰ</span> <span class='ocrx_word' id='word_1_270' title='bbox 741 3679 840 3749; x_wconf 82' lang='grc' dir='ltr'><strong>τὴν</strong></span> <span class='ocrx_word' id='word_1_271' title='bbox 886 3680 1253 3749; x_wconf 70' lang='grc' dir='ltr'>Ἐκκλησίαν*</span> <span class='ocrx_word' id='word_1_272' title='bbox 1311 3680 1358 3733; x_wconf 84' lang='lat' dir='ltr'><strong>oi</strong></span> <span class='ocrx_word' id='word_1_273' title='bbox 1410 3681 1514 3733; x_wconf 78' lang='lat' dir='ltr'><strong>uio&quot;.</strong></span> <span class='ocrx_word' id='word_1_274' title='bbox 1563 3681 1671 3753; x_wconf 84' lang='grc' dir='ltr'><strong>γάρ</strong></span> <span class='ocrx_word' id='word_1_275' title='bbox 1706 3685 1754 3735; x_wconf 80' lang='grc' dir='ltr'>οἱ</span> 
     </span>
    </p>
   </div>
   <div class='ocr_carea' id='block_1_44' title="bbox 177 3766 1755 3842">
    <p class='ocr_par' dir='ltr' id='par_1_44' title="bbox 177 3766 1755 3842">
     <span class='ocr_line' id='line_1_45' title="bbox 177 3766 1755 3842; baseline 0.001 -17"><span class='ocrx_word' id='word_1_276' title='bbox 177 3770 475 3825; x_wconf 80' lang='grc' dir='ltr'>ἀπόστολοι</span> <span class='ocrx_word' id='word_1_277' title='bbox 508 3766 649 3841; x_wconf 77' lang='grc' dir='ltr'>ἦσαν</span> <span class='ocrx_word' id='word_1_278' title='bbox 679 3770 777 3841; x_wconf 80' lang='grc' dir='ltr'>τῆς</span> <span class='ocrx_word' id='word_1_279' title='bbox 802 3771 909 3823; x_wconf 85' lang='grc' dir='ltr'><strong>τῶν</strong></span> <span class='ocrx_word' id='word_1_280' title='bbox 952 3772 1219 3842; x_wconf 78' lang='grc' dir='ltr'>Ἐϐραίων</span> <span class='ocrx_word' id='word_1_281' title='bbox 1250 3772 1573 3842; x_wconf 82' lang='grc' dir='ltr'>συναγωγῆς</span> <span class='ocrx_word' id='word_1_282' title='bbox 1593 3789 1606 3802; x_wconf 73' lang='grc' dir='ltr'><strong>ο</strong></span> <span class='ocrx_word' id='word_1_283' title='bbox 1639 3772 1755 3826; x_wconf 81' lang='grc' dir='ltr'>ἀλλ’</span> 
     </span>
    </p>
   </div>
   <div class='ocr_carea' id='block_1_45' title="bbox 178 3856 1754 3935">
    <p class='ocr_par' dir='ltr' id='par_1_45' title="bbox 178 3856 1754 3935">
     <span class='ocr_line' id='line_1_46' title="bbox 178 3856 1754 3935; baseline 0.001 -19"><span class='ocrx_word' id='word_1_284' title='bbox 178 3863 375 3935; x_wconf 72' lang='grc' dir='ltr'>ἐπειδὴ</span> <span class='ocrx_word' id='word_1_285' title='bbox 412 3862 780 3934; x_wconf 77' lang='grc' dir='ltr'>κατηξίωνται</span> <span class='ocrx_word' id='word_1_286' title='bbox 806 3863 884 3933; x_wconf 86' lang='grc' dir='ltr'>τῷ</span> <span class='ocrx_word' id='word_1_287' title='bbox 906 3863 1128 3933; x_wconf 81' lang='grc' dir='ltr'>Χριστῷ</span> <span class='ocrx_word' id='word_1_288' title='bbox 1162 3856 1523 3934; x_wconf 79' lang='grc' dir='ltr'>μαθητεῦσαι,</span> <span class='ocrx_word' id='word_1_289' title='bbox 1552 3865 1645 3917; x_wconf 79' lang='grc' dir='ltr'>καὶ</span> <span class='ocrx_word' id='word_1_290' title='bbox 1668 3865 1754 3917; x_wconf 85' lang='grc' dir='ltr'>διὰ</span> 
     </span>
    </p>
   </div>
   <div class='ocr_carea' id='block_1_46' title="bbox 177 3954 1754 4025">
    <p class='ocr_par' dir='ltr' id='par_1_46' title="bbox 177 3954 1754 4025">
     <span class='ocr_line' id='line_1_47' title="bbox 177 3954 1754 4025; baseline 0 -16"><span class='ocrx_word' id='word_1_291' title='bbox 177 3956 407 4009; x_wconf 82' lang='grc' dir='ltr'>πάντων</span> <span class='ocrx_word' id='word_1_292' title='bbox 438 3955 777 4025; x_wconf 88' lang='grc' dir='ltr'>μιμήσασθαι</span> <span class='ocrx_word' id='word_1_293' title='bbox 800 3954 890 4009; x_wconf 85' lang='grc' dir='ltr'>τὸν</span> <span class='ocrx_word' id='word_1_294' title='bbox 917 3955 1265 4018; x_wconf 86' lang='grc' dir='ltr'>Διδάσκαλον,</span> <span class='ocrx_word' id='word_1_295' title='bbox 1288 3956 1434 4019; x_wconf 79' lang='grc' dir='ltr'>υἱοὺς</span> <span class='ocrx_word' id='word_1_296' title='bbox 1461 3956 1754 4020; x_wconf 80' lang='grc' dir='ltr'>ἀπέδειξαν</span> 
     </span>
    </p>
   </div>
   <div class='ocr_carea' id='block_1_47' title="bbox 177 4044 1752 4119">
    <p class='ocr_par' dir='ltr' id='par_1_47' title="bbox 177 4044 1752 4119">
     <span class='ocr_line' id='line_1_48' title="bbox 177 4044 1752 4119; baseline 0.001 -18"><span class='ocrx_word' id='word_1_297' title='bbox 177 4047 393 4101; x_wconf 72' lang='grc' dir='ltr'>ἑαυτῶν</span> <span class='ocrx_word' id='word_1_298' title='bbox 445 4049 510 4118; x_wconf 76' lang='grc' dir='ltr'>τῇ</span> <span class='ocrx_word' id='word_1_299' title='bbox 563 4047 823 4119; x_wconf 78' lang='grc' dir='ltr'>πολιτείᾳ,</span> <span class='ocrx_word' id='word_1_300' title='bbox 879 4049 972 4101; x_wconf 75' lang='grc' dir='ltr'><strong>καὶ</strong></span> <span class='ocrx_word' id='word_1_301' title='bbox 1023 4044 1102 4118; x_wconf 80' lang='grc' dir='ltr'>τῷ</span> <span class='ocrx_word' id='word_1_302' title='bbox 1155 4046 1445 4118; x_wconf 80' lang='grc' dir='ltr'>ἀξιώματι,</span> <span class='ocrx_word' id='word_1_303' title='bbox 1503 4049 1629 4112; x_wconf 84' lang='grc' dir='ltr'>τοὺς</span> <span class='ocrx_word' id='word_1_304' title='bbox 1673 4051 1752 4102; x_wconf 82' lang='lat' dir='ltr'><strong>oi-</strong></span> 
     </span>
    </p>
   </div>
   <div class='ocr_carea' id='block_1_48' title="bbox 179 4138 1752 4211">
    <p class='ocr_par' dir='ltr' id='par_1_48' title="bbox 179 4138 1752 4211">
     <span class='ocr_line' id='line_1_49' title="bbox 179 4138 1752 4211; baseline 0.001 -18"><span class='ocrx_word' id='word_1_305' title='bbox 179 4140 367 4203; x_wconf 85' lang='grc' dir='ltr'>κείους</span> <span class='ocrx_word' id='word_1_306' title='bbox 418 4140 659 4211; x_wconf 87' lang='grc' dir='ltr'>πατέρας</span> <span class='ocrx_word' id='word_1_307' title='bbox 708 4141 834 4202; x_wconf 80' lang='grc' dir='ltr'>τοὺς</span> <span class='ocrx_word' id='word_1_308' title='bbox 880 4140 941 4191; x_wconf 83' lang='grc' dir='ltr'><strong>ὲν</strong></span> <span class='ocrx_word' id='word_1_309' title='bbox 990 4138 1068 4210; x_wconf 83' lang='grc' dir='ltr'>τῷ</span> <span class='ocrx_word' id='word_1_310' title='bbox 1112 4139 1261 4210; x_wconf 83' lang='grc' dir='ltr'>νόμῳ</span> <span class='ocrx_word' id='word_1_311' title='bbox 1305 4138 1472 4193; x_wconf 88' lang='grc' dir='ltr'>πάλαι</span> <span class='ocrx_word' id='word_1_312' title='bbox 1528 4139 1752 4194; x_wconf 87' lang='grc' dir='ltr'>δικαιω-</span> 
     </span>
    </p>
   </div>
   <div class='ocr_carea' id='block_1_49' title="bbox 179 4229 397 4292">
    <p class='ocr_par' dir='ltr' id='par_1_49' title="bbox 179 4229 397 4292">
     <span class='ocr_line' id='line_1_50' title="bbox 179 4229 397 4292; baseline 0.005 -9"><span class='ocrx_word' id='word_1_313' title='bbox 179 4229 397 4292; x_wconf 85' lang='grc' dir='ltr'>θέντας.</span> 
     </span>
    </p>
   </div>
   <div class='ocr_carea' id='block_1_50' title="bbox 606 4310 1259 4386">
    <p class='ocr_par' dir='ltr' id='par_1_50' title="bbox 606 4310 1259 4386">
     <span class='ocr_line' id='line_1_51' title="bbox 606 4310 1259 4386; baseline 0.003 -14"><span class='ocrx_word' id='word_1_314' title='bbox 606 4310 615 4317; x_wconf 76' lang='grc'><strong>’</strong></span> <span class='ocrx_word' id='word_1_315' title='bbox 675 4320 851 4373; x_wconf 83' lang='lat' dir='ltr'><strong>TKA&#39;.</strong></span> <span class='ocrx_word' id='word_1_316' title='bbox 870 4350 941 4359; x_wconf 96' lang='lat'><strong><em>—</em></strong></span> <span class='ocrx_word' id='word_1_317' title='bbox 962 4319 1046 4386; x_wconf 84' lang='grc' dir='ltr'><strong>Τῷ</strong></span> <span class='ocrx_word' id='word_1_318' title='bbox 1077 4319 1259 4386; x_wconf 83' lang='grc' dir='ltr'>αὐτῷ.</span> 
     </span>
    </p>
   </div>
   <div class='ocr_carea' id='block_1_51' title="bbox 1858 662 3421 737">
    <p class='ocr_par' dir='ltr' id='par_1_51' title="bbox 1858 662 3421 737">
     <span class='ocr_line' id='line_1_52' title="bbox 1858 662 3421 737; baseline 0.006 -21"><span class='ocrx_word' id='word_1_319' title='bbox 1858 677 2097 733; x_wconf 75' lang='lat' dir='ltr'><strong>gescere.</strong></span> <span class='ocrx_word' id='word_1_320' title='bbox 2153 662 2539 719; x_wconf 81' lang='lat' dir='ltr'><strong>Verumtamen</strong></span> <span class='ocrx_word' id='word_1_321' title='bbox 2589 667 2864 734; x_wconf 84' lang='lat' dir='ltr'><strong>quomodo</strong></span> <span class='ocrx_word' id='word_1_322' title='bbox 2932 667 3042 721; x_wconf 82' lang='lat' dir='ltr'><strong>ﬁeri</strong></span> <span class='ocrx_word' id='word_1_323' title='bbox 3098 678 3308 737; x_wconf 86' lang='lat' dir='ltr'><strong>potest,</strong></span> <span class='ocrx_word' id='word_1_324' title='bbox 3360 678 3421 725; x_wconf 89' lang='lat' dir='ltr'><strong>ut</strong></span> 
     </span>
    </p>
   </div>
   <div class='ocr_carea' id='block_1_52' title="bbox 1859 753 3422 833">
    <p class='ocr_par' dir='ltr' id='par_1_52' title="bbox 1859 753 3422 833">
     <span class='ocr_line' id='line_1_53' title="bbox 1859 753 3422 833; baseline 0.007 -27"><span class='ocrx_word' id='word_1_325' title='bbox 1859 753 2066 822; x_wconf 77' lang='lat' dir='ltr'><strong>abSque</strong></span> <span class='ocrx_word' id='word_1_326' title='bbox 2118 754 2319 818; x_wconf 66' lang='lat' dir='ltr'><strong>frigore</strong></span> <span class='ocrx_word' id='word_1_327' title='bbox 2360 758 2571 825; x_wconf 87' lang='lat' dir='ltr'><strong>pluvias</strong></span> <span class='ocrx_word' id='word_1_328' title='bbox 2616 757 2904 813; x_wconf 78' lang='lat' dir='ltr'><strong>obtineas‘.‘</strong></span> <span class='ocrx_word' id='word_1_329' title='bbox 2950 760 3237 825; x_wconf 86' lang='lat' dir='ltr'><strong>Quomodo</strong></span> <span class='ocrx_word' id='word_1_330' title='bbox 3289 776 3422 833; x_wconf 75' lang='lat' dir='ltr'><strong>ergo</strong></span> 
     </span>
    </p>
   </div>
   <div class='ocr_carea' id='block_1_53' title="bbox 1858 848 3422 923">
    <p class='ocr_par' dir='ltr' id='par_1_53' title="bbox 1858 848 3422 923">
     <span class='ocr_line' id='line_1_54' title="bbox 1858 848 3422 923; baseline 0.005 -24"><span class='ocrx_word' id='word_1_331' title='bbox 1858 848 2089 916; x_wconf 89' lang='lat' dir='ltr'><strong>appetis,</strong></span> <span class='ocrx_word' id='word_1_332' title='bbox 2123 862 2429 917; x_wconf 80' lang='lat' dir='ltr'><strong>exorasque</strong></span> <span class='ocrx_word' id='word_1_333' title='bbox 2482 848 2577 902; x_wconf 90' lang='lat' dir='ltr'><strong>tihi</strong></span> <span class='ocrx_word' id='word_1_334' title='bbox 2624 850 2963 918; x_wconf 84' lang='lat' dir='ltr'><strong>spiritualem</strong></span> <span class='ocrx_word' id='word_1_335' title='bbox 3018 852 3255 921; x_wconf 83' lang='lat' dir='ltr'><strong>aliquam</strong></span> <span class='ocrx_word' id='word_1_336' title='bbox 3296 868 3422 923; x_wconf 78' lang='lat' dir='ltr'><strong>gra-</strong></span> 
     </span>
    </p>
   </div>
   <div class='ocr_carea' id='block_1_54' title="bbox 1857 936 3421 1011">
    <p class='ocr_par' dir='ltr' id='par_1_54' title="bbox 1857 936 3421 1011">
     <span class='ocr_line' id='line_1_55' title="bbox 1857 936 3421 1011; baseline 0.003 -20"><span class='ocrx_word' id='word_1_337' title='bbox 1857 936 1986 991; x_wconf 88' lang='lat' dir='ltr'><strong>tiam</strong></span> <span class='ocrx_word' id='word_1_338' title='bbox 2019 937 2138 991; x_wconf 90' lang='lat' dir='ltr'><strong>siue</strong></span> <span class='ocrx_word' id='word_1_339' title='bbox 2169 938 2358 993; x_wconf 86' lang='lat' dir='ltr'><strong>dolore</strong></span> <span class='ocrx_word' id='word_1_340' title='bbox 2382 946 2434 991; x_wconf 93' lang='lat' dir='ltr'><strong>et</strong></span> <span class='ocrx_word' id='word_1_341' title='bbox 2465 938 2794 993; x_wconf 83' lang='lat' dir='ltr'><strong>aliiictione?</strong></span> <span class='ocrx_word' id='word_1_342' title='bbox 2831 938 2981 1009; x_wconf 86' lang='lat' dir='ltr'><strong>Opus</strong></span> <span class='ocrx_word' id='word_1_343' title='bbox 3028 948 3114 995; x_wconf 89' lang='lat' dir='ltr'><strong>est</strong></span> <span class='ocrx_word' id='word_1_344' title='bbox 3153 956 3301 1003; x_wconf 91' lang='lat' dir='ltr'><strong>eum,</strong></span> <span class='ocrx_word' id='word_1_345' title='bbox 3326 944 3421 1011; x_wconf 89' lang='lat' dir='ltr'><strong>qui</strong></span> 
     </span>
    </p>
   </div>
   <div class='ocr_carea' id='block_1_55' title="bbox 1856 1022 3423 1095">
    <p class='ocr_par' dir='ltr' id='par_1_55' title="bbox 1856 1022 3423 1095">
     <span class='ocr_line' id='line_1_56' title="bbox 1856 1022 3423 1095; baseline 0.007 -20"><span class='ocrx_word' id='word_1_346' title='bbox 1856 1022 1993 1086; x_wconf 90' lang='lat' dir='ltr'><strong>vult,</strong></span> <span class='ocrx_word' id='word_1_347' title='bbox 2028 1024 2140 1078; x_wconf 86' lang='lat' dir='ltr'><strong>sive</strong></span> <span class='ocrx_word' id='word_1_348' title='bbox 2171 1024 2335 1078; x_wconf 90' lang='lat' dir='ltr'><strong>homo</strong></span> <span class='ocrx_word' id='word_1_349' title='bbox 2363 1040 2394 1079; x_wconf 90' lang='lat' dir='ltr'><strong>e</strong></span> <span class='ocrx_word' id='word_1_350' title='bbox 2416 1026 2597 1095; x_wconf 76' lang='lat' dir='ltr'><strong>vulgo,</strong></span> <span class='ocrx_word' id='word_1_351' title='bbox 2623 1027 2740 1081; x_wconf 87' lang='lat' dir='ltr'><strong>sive</strong></span> <span class='ocrx_word' id='word_1_352' title='bbox 2773 1029 3075 1084; x_wconf 80' lang='lat' dir='ltr'><strong>monachus</strong></span> <span class='ocrx_word' id='word_1_353' title='bbox 3106 1030 3196 1094; x_wconf 86' lang='lat' dir='ltr'><strong>sit,</strong></span> <span class='ocrx_word' id='word_1_354' title='bbox 3223 1046 3423 1086; x_wconf 81' lang='lat' dir='ltr'><strong>munus</strong></span> 
     </span>
    </p>
   </div>
   <div class='ocr_carea' id='block_1_56' title="bbox 1854 1114 3423 1185">
    <p class='ocr_par' dir='ltr' id='par_1_56' title="bbox 1854 1114 3423 1185">
     <span class='ocr_line' id='line_1_57' title="bbox 1854 1114 3423 1185; baseline 0.006 -19"><span class='ocrx_word' id='word_1_355' title='bbox 1854 1114 2129 1183; x_wconf 83' lang='lat' dir='ltr'><strong>quidpiam</strong></span> <span class='ocrx_word' id='word_1_356' title='bbox 2178 1116 2400 1170; x_wconf 72' lang='lat' dir='ltr'><strong>cmleste</strong></span> <span class='ocrx_word' id='word_1_357' title='bbox 2446 1117 2715 1185; x_wconf 87' lang='lat' dir='ltr'><strong>obtinere,</strong></span> <span class='ocrx_word' id='word_1_358' title='bbox 2755 1120 2955 1175; x_wconf 90' lang='lat' dir='ltr'><strong>multas</strong></span> <span class='ocrx_word' id='word_1_359' title='bbox 3005 1122 3240 1176; x_wconf 82' lang='lat' dir='ltr'><strong>suﬂ&#39;erre</strong></span> <span class='ocrx_word' id='word_1_360' title='bbox 3279 1121 3423 1175; x_wconf 85' lang='lat' dir='ltr'><strong>afﬂi-</strong></span> 
     </span>
    </p>
   </div>
   <div class='ocr_carea' id='block_1_57' title="bbox 1854 1206 3420 1284">
    <p class='ocr_par' dir='ltr' id='par_1_57' title="bbox 1854 1206 3420 1284">
     <span class='ocr_line' id='line_1_58' title="bbox 1854 1206 3420 1284; baseline 0.006 -26"><span class='ocrx_word' id='word_1_361' title='bbox 1854 1206 2085 1266; x_wconf 84' lang='lat' dir='ltr'><strong>ctiones,</strong></span> <span class='ocrx_word' id='word_1_362' title='bbox 2134 1216 2188 1260; x_wconf 87' lang='lat' dir='ltr'><strong>et</strong></span> <span class='ocrx_word' id='word_1_363' title='bbox 2244 1208 2597 1273; x_wconf 89' lang='lat' dir='ltr'><strong>tentationes,</strong></span> <span class='ocrx_word' id='word_1_364' title='bbox 2647 1220 2702 1264; x_wconf 91' lang='lat' dir='ltr'><strong>et</strong></span> <span class='ocrx_word' id='word_1_365' title='bbox 2731 1212 3037 1281; x_wconf 76' lang='lat' dir='ltr'><strong>angustias,</strong></span> <span class='ocrx_word' id='word_1_366' title='bbox 3084 1228 3206 1284; x_wconf 61' lang='lat' dir='ltr'><strong>quae</strong></span> <span class='ocrx_word' id='word_1_367' title='bbox 3235 1214 3420 1269; x_wconf 85' lang='lat' dir='ltr'><strong>omnia</strong></span> 
     </span>
    </p>
   </div>
   <div class='ocr_carea' id='block_1_58' title="bbox 1854 1298 3419 1373">
    <p class='ocr_par' dir='ltr' id='par_1_58' title="bbox 1854 1298 3419 1373">
     <span class='ocr_line' id='line_1_59' title="bbox 1854 1298 3419 1373; baseline 0.007 -23"><span class='ocrx_word' id='word_1_368' title='bbox 1854 1298 2201 1352; x_wconf 82' lang='lat' dir='ltr'><strong>validissimae</strong></span> <span class='ocrx_word' id='word_1_369' title='bbox 2229 1299 2425 1355; x_wconf 89' lang='lat' dir='ltr'><strong>hiemis</strong></span> <span class='ocrx_word' id='word_1_370' title='bbox 2473 1301 2740 1356; x_wconf 89' lang='lat' dir='ltr'><strong>rationem</strong></span> <span class='ocrx_word' id='word_1_371' title='bbox 2771 1318 2881 1373; x_wconf 86' lang='lat' dir='ltr'><strong>prae</strong></span> <span class='ocrx_word' id='word_1_372' title='bbox 2914 1319 2973 1359; x_wconf 88' lang='lat' dir='ltr'><strong>se</strong></span> <span class='ocrx_word' id='word_1_373' title='bbox 3006 1304 3210 1369; x_wconf 83' lang='lat' dir='ltr'><strong>lerunt,</strong></span> <span class='ocrx_word' id='word_1_374' title='bbox 3243 1312 3297 1360; x_wconf 88' lang='lat' dir='ltr'><strong>et</strong></span> <span class='ocrx_word' id='word_1_375' title='bbox 3338 1306 3419 1361; x_wconf 82' lang='lat' dir='ltr'><strong>sic</strong></span> 
     </span>
    </p>
   </div>
   <div class='ocr_carea' id='block_1_59' title="bbox 1853 1387 3264 1459">
    <p class='ocr_par' dir='ltr' id='par_1_59' title="bbox 1853 1387 3264 1459">
     <span class='ocr_line' id='line_1_60' title="bbox 1853 1387 3264 1459; baseline 0.003 -17"><span class='ocrx_word' id='word_1_376' title='bbox 1853 1390 2196 1459; x_wconf 74' lang='lat' dir='ltr'><strong>postmodum</strong></span> <span class='ocrx_word' id='word_1_377' title='bbox 2233 1387 2472 1459; x_wconf 78' lang='lat' dir='ltr'><strong>Spiritus</strong></span> <span class='ocrx_word' id='word_1_378' title='bbox 2501 1393 2677 1447; x_wconf 88' lang='lat' dir='ltr'><strong>sancti</strong></span> <span class='ocrx_word' id='word_1_379' title='bbox 2714 1392 2925 1449; x_wconf 87' lang='lat' dir='ltr'><strong>fructus</strong></span> <span class='ocrx_word' id='word_1_380' title='bbox 2965 1395 3264 1451; x_wconf 82' lang='lat' dir='ltr'><strong>demetere.</strong></span> 
     </span>
    </p>
   </div>
   <div class='ocr_carea' id='block_1_60' title="bbox 2307 1481 2961 1541">
    <p class='ocr_par' dir='ltr' id='par_1_60' title="bbox 2307 1481 2961 1541">
     <span class='ocr_line' id='line_1_61' title="bbox 2307 1481 2961 1541; baseline 0.006 -4"><span class='ocrx_word' id='word_1_381' title='bbox 2307 1481 2626 1537; x_wconf 67' lang='lat' dir='ltr'><strong>CCCXVIII.</strong></span> <span class='ocrx_word' id='word_1_382' title='bbox 2653 1514 2721 1525; x_wconf 89' lang='lat'><strong>—</strong></span> <span class='ocrx_word' id='word_1_383' title='bbox 2754 1483 2961 1541; x_wconf 80' lang='lat' dir='ltr'><strong>Eidem.</strong></span> 
     </span>
    </p>
   </div>
   <div class='ocr_carea' id='block_1_61' title="bbox 1928 1568 3422 1648">
    <p class='ocr_par' dir='ltr' id='par_1_61' title="bbox 1928 1568 3422 1648">
     <span class='ocr_line' id='line_1_62' title="bbox 1928 1568 3422 1648; baseline 0.009 -28"><span class='ocrx_word' id='word_1_384' title='bbox 1928 1587 1947 1620; x_wconf 77' lang='grc' dir='ltr'><strong>ι</strong></span> <span class='ocrx_word' id='word_1_385' title='bbox 1978 1568 2041 1622; x_wconf 86' lang='lat' dir='ltr'><strong>Et</strong></span> <span class='ocrx_word' id='word_1_386' title='bbox 2070 1570 2258 1626; x_wconf 86' lang='lat' dir='ltr'><strong>sedisti</strong></span> <span class='ocrx_word' id='word_1_387' title='bbox 2293 1573 2401 1627; x_wconf 92' lang='lat' dir='ltr'><strong>illis</strong></span> <span class='ocrx_word' id='word_1_388' title='bbox 2437 1584 2689 1644; x_wconf 85' lang='lat' dir='ltr'><strong>tanquam</strong></span> <span class='ocrx_word' id='word_1_389' title='bbox 2714 1576 2901 1630; x_wconf 82' lang='lat' dir='ltr'><strong>cornix</strong></span> <span class='ocrx_word' id='word_1_390' title='bbox 2926 1576 3025 1640; x_wconf 68' lang='lat'><strong><em>9&quot;,»</em></strong></span> <span class='ocrx_word' id='word_1_391' title='bbox 3059 1577 3275 1632; x_wconf 86' lang='lat' dir='ltr'><strong>dicebat</strong></span> <span class='ocrx_word' id='word_1_392' title='bbox 3300 1594 3422 1648; x_wconf 89' lang='lat' dir='ltr'><strong>pro-</strong></span> 
     </span>
    </p>
   </div>
   <div class='ocr_carea' id='block_1_62' title="bbox 1853 1659 3423 1737">
    <p class='ocr_par' dir='ltr' id='par_1_62' title="bbox 1853 1659 3423 1737">
     <span class='ocr_line' id='line_1_63' title="bbox 1853 1659 3423 1737; baseline 0.006 -23"><span class='ocrx_word' id='word_1_393' title='bbox 1853 1659 2013 1731; x_wconf 84' lang='lat' dir='ltr'><strong>pheta</strong></span> <span class='ocrx_word' id='word_1_394' title='bbox 2047 1680 2061 1716; x_wconf 91' lang='lat'>:</span> <span class='ocrx_word' id='word_1_395' title='bbox 2090 1663 2193 1716; x_wconf 88' lang='lat' dir='ltr'><strong>hoc</strong></span> <span class='ocrx_word' id='word_1_396' title='bbox 2224 1664 2380 1734; x_wconf 81' lang='lat'><strong>117</strong></span> <span class='ocrx_word' id='word_1_397' title='bbox 2409 1673 2513 1727; x_wconf 90' lang='lat' dir='ltr'><strong>est,</strong></span> <span class='ocrx_word' id='word_1_398' title='bbox 2549 1681 2645 1735; x_wconf 87' lang='lat' dir='ltr'><strong>per</strong></span> <span class='ocrx_word' id='word_1_399' title='bbox 2663 1668 2890 1723; x_wconf 87' lang='lat' dir='ltr'><strong>multum</strong></span> <span class='ocrx_word' id='word_1_400' title='bbox 2920 1676 3138 1737; x_wconf 87' lang='lat' dir='ltr'><strong>tempus</strong></span> <span class='ocrx_word' id='word_1_401' title='bbox 3168 1668 3262 1723; x_wconf 86' lang='lat' dir='ltr'><strong>Dei</strong></span> <span class='ocrx_word' id='word_1_402' title='bbox 3286 1671 3423 1723; x_wconf 88' lang='lat' dir='ltr'><strong>obli-</strong></span> 
     </span>
    </p>
   </div>
   <div class='ocr_carea' id='block_1_63' title="bbox 1858 1752 3420 1829">
    <p class='ocr_par' dir='ltr' id='par_1_63' title="bbox 1858 1752 3420 1829">
     <span class='ocr_line' id='line_1_64' title="bbox 1858 1752 3420 1829; baseline 0.006 -23"><span class='ocrx_word' id='word_1_403' title='bbox 1858 1761 1946 1806; x_wconf 89' lang='lat' dir='ltr'><strong>tus</strong></span> <span class='ocrx_word' id='word_1_404' title='bbox 1971 1752 2132 1806; x_wconf 78' lang='lat' dir='ltr'><strong>anxie</strong></span> <span class='ocrx_word' id='word_1_405' title='bbox 2164 1753 2329 1809; x_wconf 89' lang='lat' dir='ltr'><strong>nimis</strong></span> <span class='ocrx_word' id='word_1_406' title='bbox 2364 1755 2416 1808; x_wconf 93' lang='lat' dir='ltr'><strong>in</strong></span> <span class='ocrx_word' id='word_1_407' title='bbox 2451 1756 2851 1825; x_wconf 86' lang='lat' dir='ltr'><strong>iniquitatibus,</strong></span> <span class='ocrx_word' id='word_1_408' title='bbox 2887 1766 2940 1811; x_wconf 91' lang='lat' dir='ltr'><strong>et</strong></span> <span class='ocrx_word' id='word_1_409' title='bbox 2971 1773 3065 1827; x_wconf 87' lang='lat' dir='ltr'><strong>per</strong></span> <span class='ocrx_word' id='word_1_410' title='bbox 3105 1760 3420 1829; x_wconf 87' lang='lat' dir='ltr'><strong>iniquitates</strong></span> 
     </span>
    </p>
   </div>
   <div class='ocr_carea' id='block_1_64' title="bbox 1853 1841 3420 1904">
    <p class='ocr_par' dir='ltr' id='par_1_64' title="bbox 1853 1841 3420 1904">
     <span class='ocr_line' id='line_1_65' title="bbox 1853 1841 3420 1904; baseline 0.006 -9"><span class='ocrx_word' id='word_1_411' title='bbox 1853 1841 2197 1898; x_wconf 70' lang='lat' dir='ltr'><strong>daemonibus</strong></span> <span class='ocrx_word' id='word_1_412' title='bbox 2222 1844 2517 1900; x_wconf 88' lang='lat' dir='ltr'><strong>immundis</strong></span> <span class='ocrx_word' id='word_1_413' title='bbox 2545 1846 2948 1903; x_wconf 82' lang='lat' dir='ltr'><strong>immorabaris.</strong></span> <span class='ocrx_word' id='word_1_414' title='bbox 2979 1847 3182 1902; x_wconf 79' lang='lat' dir='ltr'><strong>Cornix</strong></span> <span class='ocrx_word' id='word_1_415' title='bbox 3217 1850 3420 1904; x_wconf 87' lang='lat' dir='ltr'><strong>etenim</strong></span> 
     </span>
    </p>
   </div>
   <div class='ocr_carea' id='block_1_65' title="bbox 1854 1932 3423 2007">
    <p class='ocr_par' dir='ltr' id='par_1_65' title="bbox 1854 1932 3423 2007">
     <span class='ocr_line' id='line_1_66' title="bbox 1854 1932 3423 2007; baseline 0.006 -20"><span class='ocrx_word' id='word_1_416' title='bbox 1854 1932 1913 1987; x_wconf 91' lang='lat' dir='ltr'><strong>in</strong></span> <span class='ocrx_word' id='word_1_417' title='bbox 1945 1934 2143 1989; x_wconf 89' lang='lat' dir='ltr'><strong>multos</strong></span> <span class='ocrx_word' id='word_1_418' title='bbox 2176 1949 2350 1991; x_wconf 88' lang='lat' dir='ltr'><strong>annos</strong></span> <span class='ocrx_word' id='word_1_419' title='bbox 2374 1938 2539 1990; x_wconf 89' lang='lat' dir='ltr'><strong>vitam</strong></span> <span class='ocrx_word' id='word_1_420' title='bbox 2591 1938 2880 2007; x_wconf 86' lang='lat' dir='ltr'><strong>protrahit,</strong></span> <span class='ocrx_word' id='word_1_421' title='bbox 2924 1949 2978 1993; x_wconf 90' lang='lat' dir='ltr'><strong>et</strong></span> <span class='ocrx_word' id='word_1_422' title='bbox 3012 1940 3309 1995; x_wconf 88' lang='lat' dir='ltr'><strong>liberorum</strong></span> <span class='ocrx_word' id='word_1_423' title='bbox 3337 1950 3423 1996; x_wconf 84' lang='lat' dir='ltr'><strong>est</strong></span> 
     </span>
    </p>
   </div>
   <div class='ocr_carea' id='block_1_66' title="bbox 1854 2022 3422 2097">
    <p class='ocr_par' dir='ltr' id='par_1_66' title="bbox 1854 2022 3422 2097">
     <span class='ocr_line' id='line_1_67' title="bbox 1854 2022 3422 2097; baseline 0.004 -20"><span class='ocrx_word' id='word_1_424' title='bbox 1854 2037 2066 2079; x_wconf 88' lang='lat' dir='ltr'><strong>amans.</strong></span> <span class='ocrx_word' id='word_1_425' title='bbox 2101 2022 2292 2079; x_wconf 86' lang='lat' dir='ltr'><strong>Omnis</strong></span> <span class='ocrx_word' id='word_1_426' title='bbox 2334 2026 2518 2095; x_wconf 81' lang='lat' dir='ltr'><strong>itaque</strong></span> <span class='ocrx_word' id='word_1_427' title='bbox 2540 2028 2921 2097; x_wconf 89' lang='lat' dir='ltr'><strong>voluptuarius</strong></span> <span class='ocrx_word' id='word_1_428' title='bbox 2949 2037 3003 2083; x_wconf 88' lang='lat' dir='ltr'><strong>et</strong></span> <span class='ocrx_word' id='word_1_429' title='bbox 3030 2030 3233 2084; x_wconf 87' lang='lat' dir='ltr'><strong>mundo</strong></span> <span class='ocrx_word' id='word_1_430' title='bbox 3266 2030 3422 2085; x_wconf 80' lang='lat' dir='ltr'><strong>dedi-</strong></span> 
     </span>
    </p>
   </div>
   <div class='ocr_carea' id='block_1_67' title="bbox 1852 2118 3421 2190">
    <p class='ocr_par' dir='ltr' id='par_1_67' title="bbox 1852 2118 3421 2190">
     <span class='ocr_line' id='line_1_68' title="bbox 1852 2118 3421 2190; baseline 0.006 -19"><span class='ocrx_word' id='word_1_431' title='bbox 1852 2123 1944 2173; x_wconf 88' lang='lat' dir='ltr'><strong>tus</strong></span> <span class='ocrx_word' id='word_1_432' title='bbox 1972 2118 2196 2172; x_wconf 91' lang='lat' dir='ltr'><strong>nimium</strong></span> <span class='ocrx_word' id='word_1_433' title='bbox 2228 2127 2375 2172; x_wconf 89' lang='lat' dir='ltr'><strong>amat</strong></span> <span class='ocrx_word' id='word_1_434' title='bbox 2413 2126 2468 2173; x_wconf 91' lang='lat' dir='ltr'><strong>et</strong></span> <span class='ocrx_word' id='word_1_435' title='bbox 2500 2118 2678 2190; x_wconf 80' lang='lat' dir='ltr'><strong>diligit</strong></span> <span class='ocrx_word' id='word_1_436' title='bbox 2724 2120 2976 2190; x_wconf 89' lang='lat' dir='ltr'><strong>proprios</strong></span> <span class='ocrx_word' id='word_1_437' title='bbox 3016 2120 3179 2188; x_wconf 81' lang='lat' dir='ltr'><strong>lilios,</strong></span> <span class='ocrx_word' id='word_1_438' title='bbox 3226 2125 3421 2181; x_wconf 76' lang='lat' dir='ltr'><strong>noxias</strong></span> 
     </span>
    </p>
   </div>
   <div class='ocr_carea' id='block_1_68' title="bbox 1854 2208 2779 2274">
    <p class='ocr_par' dir='ltr' id='par_1_68' title="bbox 1854 2208 2779 2274">
     <span class='ocr_line' id='line_1_69' title="bbox 1854 2208 2779 2274; baseline 0.003 -15"><span class='ocrx_word' id='word_1_439' title='bbox 1854 2218 2051 2274; x_wconf 87' lang='lat' dir='ltr'><strong>nempe</strong></span> <span class='ocrx_word' id='word_1_440' title='bbox 2080 2221 2165 2260; x_wconf 88' lang='lat' dir='ltr'><strong>res</strong></span> <span class='ocrx_word' id='word_1_441' title='bbox 2191 2215 2355 2274; x_wconf 85' lang='lat' dir='ltr'><strong>atque</strong></span> <span class='ocrx_word' id='word_1_442' title='bbox 2391 2208 2779 2263; x_wconf 79' lang='lat' dir='ltr'><strong>exsecrandas.</strong></span> 
     </span>
    </p>
   </div>
   <div class='ocr_carea' id='block_1_69' title="bbox 2146 2296 3119 2357">
    <p class='ocr_par' dir='ltr' id='par_1_69' title="bbox 2146 2296 3119 2357">
     <span class='ocr_line' id='line_1_70' title="bbox 2146 2296 3119 2357; baseline 0.005 -6"><span class='ocrx_word' id='word_1_443' title='bbox 2146 2296 2424 2353; x_wconf 76' lang='lat' dir='ltr'><strong>CCCXIX.</strong></span> <span class='ocrx_word' id='word_1_444' title='bbox 2454 2328 2525 2339; x_wconf 91' lang='lat'><strong><em>—</em></strong></span> <span class='ocrx_word' id='word_1_445' title='bbox 2554 2298 2816 2356; x_wconf 79' lang='lat' dir='ltr'><strong>HERIMO</strong></span> <span class='ocrx_word' id='word_1_446' title='bbox 2865 2298 3119 2357; x_wconf 80' lang='lat' dir='ltr'><strong>COMITI.</strong></span> 
     </span>
    </p>
   </div>
   <div class='ocr_carea' id='block_1_70' title="bbox 1924 2387 3421 2467">
    <p class='ocr_par' dir='ltr' id='par_1_70' title="bbox 1924 2387 3421 2467">
     <span class='ocr_line' id='line_1_71' title="bbox 1924 2387 3421 2467; baseline 0.005 -26"><span class='ocrx_word' id='word_1_447' title='bbox 1924 2387 2056 2454; x_wconf 74' lang='lat' dir='ltr'><strong>Quae</strong></span> <span class='ocrx_word' id='word_1_448' title='bbox 2098 2388 2321 2456; x_wconf 87' lang='lat' dir='ltr'><strong>dicitur,</strong></span> <span class='ocrx_word' id='word_1_449' title='bbox 2355 2406 2456 2445; x_wconf 90' lang='lat' dir='ltr'><strong>nec</strong></span> <span class='ocrx_word' id='word_1_450' title='bbox 2486 2401 2664 2446; x_wconf 87' lang='lat' dir='ltr'><strong>tamen</strong></span> <span class='ocrx_word' id='word_1_451' title='bbox 2715 2399 2820 2457; x_wconf 89' lang='lat' dir='ltr'><strong>est,</strong></span> <span class='ocrx_word' id='word_1_452' title='bbox 2866 2393 3210 2450; x_wconf 88' lang='lat' dir='ltr'><strong>inaccessam</strong></span> <span class='ocrx_word' id='word_1_453' title='bbox 3254 2404 3421 2467; x_wconf 77' lang='lat' dir='ltr'><strong>atque</strong></span> 
     </span>
    </p>
   </div>
   <div class='ocr_carea' id='block_1_71' title="bbox 1851 2480 3423 2554">
    <p class='ocr_par' dir='ltr' id='par_1_71' title="bbox 1851 2480 3423 2554">
     <span class='ocr_line' id='line_1_72' title="bbox 1851 2480 3423 2554; baseline 0.005 -17"><span class='ocrx_word' id='word_1_454' title='bbox 1851 2480 2122 2553; x_wconf 76' lang='lat' dir='ltr'><strong>insignem</strong></span> <span class='ocrx_word' id='word_1_455' title='bbox 2167 2483 2460 2553; x_wconf 63' lang='lat' dir='ltr'><strong>praesidum</strong></span> <span class='ocrx_word' id='word_1_456' title='bbox 2495 2485 2790 2554; x_wconf 62' lang='lat' dir='ltr'><strong>provinciae</strong></span> <span class='ocrx_word' id='word_1_457' title='bbox 2831 2487 3147 2542; x_wconf 89' lang='lat' dir='ltr'><strong>cathedram</strong></span> <span class='ocrx_word' id='word_1_458' title='bbox 3180 2489 3338 2544; x_wconf 87' lang='lat' dir='ltr'><strong>avide</strong></span> <span class='ocrx_word' id='word_1_459' title='bbox 3367 2497 3423 2545; x_wconf 84' lang='lat' dir='ltr'><strong>te</strong></span> 
     </span>
    </p>
   </div>
   <div class='ocr_carea' id='block_1_72' title="bbox 1854 2575 3423 2653">
    <p class='ocr_par' dir='ltr' id='par_1_72' title="bbox 1854 2575 3423 2653">
     <span class='ocr_line' id='line_1_73' title="bbox 1854 2575 3423 2653; baseline 0.007 -26"><span class='ocrx_word' id='word_1_460' title='bbox 1854 2583 2140 2644; x_wconf 88' lang='lat' dir='ltr'><strong>per0ptare</strong></span> <span class='ocrx_word' id='word_1_461' title='bbox 2161 2575 2342 2629; x_wconf 91' lang='lat' dir='ltr'><strong>audio.</strong></span> <span class='ocrx_word' id='word_1_462' title='bbox 2371 2575 2524 2631; x_wconf 87' lang='lat' dir='ltr'><strong>Scias</strong></span> <span class='ocrx_word' id='word_1_463' title='bbox 2550 2577 2752 2646; x_wconf 88' lang='lat' dir='ltr'><strong>itaque,</strong></span> <span class='ocrx_word' id='word_1_464' title='bbox 2774 2579 2856 2631; x_wconf 89' lang='lat' dir='ltr'><strong>vir</strong></span> <span class='ocrx_word' id='word_1_465' title='bbox 2879 2580 3273 2647; x_wconf 85' lang='lat' dir='ltr'><strong>illustrissime,</strong></span> <span class='ocrx_word' id='word_1_466' title='bbox 3301 2598 3423 2653; x_wconf 71' lang='lat' dir='ltr'><strong>quae</strong></span> 
     </span>
    </p>
   </div>
   <div class='ocr_carea' id='block_1_73' title="bbox 1854 2664 3421 2744">
    <p class='ocr_par' dir='ltr' id='par_1_73' title="bbox 1854 2664 3421 2744">
     <span class='ocr_line' id='line_1_74' title="bbox 1854 2664 3421 2744; baseline 0.006 -25"><span class='ocrx_word' id='word_1_467' title='bbox 1854 2665 1951 2720; x_wconf 90' lang='lat' dir='ltr'><strong>tibi</strong></span> <span class='ocrx_word' id='word_1_468' title='bbox 1982 2664 2050 2719; x_wconf 91' lang='lat' dir='ltr'><strong>ab</strong></span> <span class='ocrx_word' id='word_1_469' title='bbox 2082 2665 2396 2720; x_wconf 90' lang='lat' dir='ltr'><strong>hominibus</strong></span> <span class='ocrx_word' id='word_1_470' title='bbox 2446 2668 2679 2721; x_wconf 88' lang='lat' dir='ltr'><strong>ridicula</strong></span> <span class='ocrx_word' id='word_1_471' title='bbox 2718 2677 2773 2723; x_wconf 91' lang='lat' dir='ltr'><strong>et</strong></span> <span class='ocrx_word' id='word_1_472' title='bbox 2832 2670 3100 2727; x_wconf 87' lang='lat' dir='ltr'><strong>dedecore</strong></span> <span class='ocrx_word' id='word_1_473' title='bbox 3157 2686 3421 2744; x_wconf 82' lang='lat' dir='ltr'><strong>Oppressa</strong></span> 
     </span>
    </p>
   </div>
   <div class='ocr_carea' id='block_1_74' title="bbox 1853 2755 3425 2830">
    <p class='ocr_par' dir='ltr' id='par_1_74' title="bbox 1853 2755 3425 2830">
     <span class='ocr_line' id='line_1_75' title="bbox 1853 2755 3425 2830; baseline 0.006 -21"><span class='ocrx_word' id='word_1_474' title='bbox 1853 2756 2025 2826; x_wconf 77' lang='lat' dir='ltr'><strong>gloria</strong></span> <span class='ocrx_word' id='word_1_475' title='bbox 2047 2755 2312 2821; x_wconf 86' lang='lat' dir='ltr'><strong>defertur,</strong></span> <span class='ocrx_word' id='word_1_476' title='bbox 2339 2772 2559 2826; x_wconf 89' lang='lat' dir='ltr'><strong>parvam</strong></span> <span class='ocrx_word' id='word_1_477' title='bbox 2590 2766 2640 2811; x_wconf 92' lang='lat' dir='ltr'><strong>et</strong></span> <span class='ocrx_word' id='word_1_478' title='bbox 2672 2759 2855 2821; x_wconf 87' lang='lat' dir='ltr'><strong>vilem,</strong></span> <span class='ocrx_word' id='word_1_479' title='bbox 2890 2769 2944 2814; x_wconf 89' lang='lat' dir='ltr'><strong>et</strong></span> <span class='ocrx_word' id='word_1_480' title='bbox 2975 2775 3273 2830; x_wconf 90' lang='lat' dir='ltr'><strong>paucorum</strong></span> <span class='ocrx_word' id='word_1_481' title='bbox 3308 2756 3425 2818; x_wconf 82' lang='lat' dir='ltr'><strong>die-</strong></span> 
     </span>
    </p>
   </div>
   <div class='ocr_carea' id='block_1_75' title="bbox 1853 2847 3423 2923">
    <p class='ocr_par' dir='ltr' id='par_1_75' title="bbox 1853 2847 3423 2923">
     <span class='ocr_line' id='line_1_76' title="bbox 1853 2847 3423 2923; baseline 0.006 -25"><span class='ocrx_word' id='word_1_482' title='bbox 1853 2860 1973 2899; x_wconf 90' lang='lat' dir='ltr'><strong>rum</strong></span> <span class='ocrx_word' id='word_1_483' title='bbox 1998 2860 2141 2908; x_wconf 85' lang='lat' dir='ltr'><strong>esse,</strong></span> <span class='ocrx_word' id='word_1_484' title='bbox 2171 2855 2225 2899; x_wconf 92' lang='lat' dir='ltr'><strong>et</strong></span> <span class='ocrx_word' id='word_1_485' title='bbox 2251 2861 2280 2899; x_wconf 89' lang='lat' dir='ltr'><strong>a</strong></span> <span class='ocrx_word' id='word_1_486' title='bbox 2310 2848 2493 2902; x_wconf 89' lang='lat' dir='ltr'><strong>vernis</strong></span> <span class='ocrx_word' id='word_1_487' title='bbox 2525 2847 2752 2903; x_wconf 84' lang='lat' dir='ltr'><strong>ﬂoribus</strong></span> <span class='ocrx_word' id='word_1_488' title='bbox 2777 2848 2916 2901; x_wconf 89' lang='lat' dir='ltr'><strong>nihil</strong></span> <span class='ocrx_word' id='word_1_489' title='bbox 2943 2849 3198 2917; x_wconf 78' lang='lat' dir='ltr'><strong>dilferre;</strong></span> <span class='ocrx_word' id='word_1_490' title='bbox 3232 2852 3423 2923; x_wconf 80' lang='lat' dir='ltr'><strong>ingen-</strong></span> 
     </span>
    </p>
   </div>
   <div class='ocr_carea' id='block_1_76' title="bbox 1854 2937 3421 3009">
    <p class='ocr_par' dir='ltr' id='par_1_76' title="bbox 1854 2937 3421 3009">
     <span class='ocr_line' id='line_1_77' title="bbox 1854 2937 3421 3009; baseline 0.006 -21"><span class='ocrx_word' id='word_1_491' title='bbox 1854 2942 1961 2990; x_wconf 87' lang='lat' dir='ltr'><strong>tem</strong></span> <span class='ocrx_word' id='word_1_492' title='bbox 2000 2951 2149 3000; x_wconf 89' lang='lat' dir='ltr'><strong>vero,</strong></span> <span class='ocrx_word' id='word_1_493' title='bbox 2190 2937 2525 3007; x_wconf 88' lang='lat' dir='ltr'><strong>multamque</strong></span> <span class='ocrx_word' id='word_1_494' title='bbox 2559 2953 2680 3007; x_wconf 71' lang='lat' dir='ltr'><strong>quae</strong></span> <span class='ocrx_word' id='word_1_495' title='bbox 2720 2938 3097 3009; x_wconf 89' lang='lat' dir='ltr'><strong>subsequitur,</strong></span> <span class='ocrx_word' id='word_1_496' title='bbox 3145 2941 3421 2996; x_wconf 84' lang='lat' dir='ltr'><strong>deforma-</strong></span> 
     </span>
    </p>
   </div>
   <div class='ocr_carea' id='block_1_77' title="bbox 1856 3029 3423 3103">
    <p class='ocr_par' dir='ltr' id='par_1_77' title="bbox 1856 3029 3423 3103">
     <span class='ocr_line' id='line_1_78' title="bbox 1856 3029 3423 3103; baseline 0.004 -21"><span class='ocrx_word' id='word_1_497' title='bbox 1856 3029 2082 3083; x_wconf 90' lang='lat' dir='ltr'><strong>tionem.</strong></span> <span class='ocrx_word' id='word_1_498' title='bbox 2119 3030 2307 3099; x_wconf 89' lang='lat' dir='ltr'><strong>Itaque</strong></span> <span class='ocrx_word' id='word_1_499' title='bbox 2346 3030 2392 3084; x_wconf 91' lang='lat' dir='ltr'><strong>si</strong></span> <span class='ocrx_word' id='word_1_500' title='bbox 2422 3045 2526 3083; x_wconf 90' lang='lat' dir='ltr'><strong>non</strong></span> <span class='ocrx_word' id='word_1_501' title='bbox 2555 3029 2636 3083; x_wconf 91' lang='lat' dir='ltr'><strong>vis</strong></span> <span class='ocrx_word' id='word_1_502' title='bbox 2672 3030 2895 3099; x_wconf 89' lang='lat' dir='ltr'><strong>probra,</strong></span> <span class='ocrx_word' id='word_1_503' title='bbox 2937 3030 3161 3101; x_wconf 88' lang='lat' dir='ltr'><strong>despice</strong></span> <span class='ocrx_word' id='word_1_504' title='bbox 3190 3033 3423 3103; x_wconf 77' lang='lat' dir='ltr'><strong>gloriam</strong></span> 
     </span>
    </p>
   </div>
   <div class='ocr_carea' id='block_1_78' title="bbox 1856 3120 3426 3194">
    <p class='ocr_par' dir='ltr' id='par_1_78' title="bbox 1856 3120 3426 3194">
     <span class='ocr_line' id='line_1_79' title="bbox 1856 3120 3426 3194; baseline 0.001 -17"><span class='ocrx_word' id='word_1_505' title='bbox 1856 3122 2024 3185; x_wconf 90' lang='lat' dir='ltr'><strong>illam,</strong></span> <span class='ocrx_word' id='word_1_506' title='bbox 2058 3136 2180 3192; x_wconf 76' lang='lat' dir='ltr'><strong>quae</strong></span> <span class='ocrx_word' id='word_1_507' title='bbox 2207 3120 2369 3177; x_wconf 84' lang='lat' dir='ltr'><strong>facile</strong></span> <span class='ocrx_word' id='word_1_508' title='bbox 2405 3121 2686 3186; x_wconf 87' lang='lat' dir='ltr'><strong>dilabitur,</strong></span> <span class='ocrx_word' id='word_1_509' title='bbox 2717 3122 2988 3176; x_wconf 89' lang='lat' dir='ltr'><strong>amittitur</strong></span> <span class='ocrx_word' id='word_1_510' title='bbox 3029 3131 3195 3194; x_wconf 84' lang='lat' dir='ltr'><strong>atque</strong></span> <span class='ocrx_word' id='word_1_511' title='bbox 3238 3125 3426 3179; x_wconf 84' lang='lat' dir='ltr'><strong>immi-</strong></span> 
     </span>
    </p>
   </div>
   <div class='ocr_carea' id='block_1_79' title="bbox 1856 3215 2065 3270">
    <p class='ocr_par' dir='ltr' id='par_1_79' title="bbox 1856 3215 2065 3270">
     <span class='ocr_line' id='line_1_80' title="bbox 1856 3215 2065 3270; baseline 0.005 -1"><span class='ocrx_word' id='word_1_512' title='bbox 1856 3215 2065 3270; x_wconf 91' lang='lat' dir='ltr'><strong>nuitur.</strong></span> 
     </span>
    </p>
   </div>
   <div class='ocr_carea' id='block_1_80' title="bbox 2206 3302 3070 3361">
    <p class='ocr_par' dir='ltr' id='par_1_80' title="bbox 2206 3302 3070 3361">
     <span class='ocr_line' id='line_1_81' title="bbox 2206 3302 3070 3361; baseline 0.001 -1"><span class='ocrx_word' id='word_1_513' title='bbox 2206 3302 2457 3361; x_wconf 75' lang='lat' dir='ltr'><strong>CCCXX.</strong></span> <span class='ocrx_word' id='word_1_514' title='bbox 2505 3334 2571 3345; x_wconf 91' lang='lat'><strong><em>—</em></strong></span> <span class='ocrx_word' id='word_1_515' title='bbox 2602 3303 3070 3361; x_wconf 78' lang='lat' dir='ltr'><strong>FIRMILLIANO.</strong></span> 
     </span>
    </p>
   </div>
   <div class='ocr_carea' id='block_1_81' title="bbox 1932 3396 3425 3468">
    <p class='ocr_par' dir='ltr' id='par_1_81' title="bbox 1932 3396 3425 3468">
     <span class='ocr_line' id='line_1_82' title="bbox 1932 3396 3425 3468; baseline 0.003 -18"><span class='ocrx_word' id='word_1_516' title='bbox 1932 3417 1951 3450; x_wconf 78' lang='grc' dir='ltr'><strong>ι</strong></span> <span class='ocrx_word' id='word_1_517' title='bbox 1983 3398 2092 3453; x_wconf 88' lang='lat' dir='ltr'><strong>Pro</strong></span> <span class='ocrx_word' id='word_1_518' title='bbox 2137 3398 2389 3468; x_wconf 83' lang='lat' dir='ltr'><strong>patribus</strong></span> <span class='ocrx_word' id='word_1_519' title='bbox 2439 3397 2549 3452; x_wconf 87' lang='lat' dir='ltr'><strong>tuis</strong></span> <span class='ocrx_word' id='word_1_520' title='bbox 2592 3398 2706 3451; x_wconf 87' lang='lat' dir='ltr'><strong>nati</strong></span> <span class='ocrx_word' id='word_1_521' title='bbox 2744 3408 2873 3453; x_wconf 88' lang='lat' dir='ltr'><strong>sunt</strong></span> <span class='ocrx_word' id='word_1_522' title='bbox 2898 3397 2997 3452; x_wconf 87' lang='lat' dir='ltr'><strong>tibi</strong></span> <span class='ocrx_word' id='word_1_523' title='bbox 3032 3396 3129 3451; x_wconf 85' lang='lat' dir='ltr'><strong>ﬁlii</strong></span> <span class='ocrx_word' id='word_1_524' title='bbox 3153 3399 3220 3451; x_wconf 79' lang='lat'><strong>“.</strong></span> <span class='ocrx_word' id='word_1_525' title='bbox 3254 3416 3273 3450; x_wconf 77' lang='grc' dir='ltr'><strong>ι</strong></span> <span class='ocrx_word' id='word_1_526' title='bbox 3320 3398 3425 3465; x_wconf 85' lang='lat' dir='ltr'><strong>Qui</strong></span> 
     </span>
    </p>
   </div>
   <div class='ocr_carea' id='block_1_82' title="bbox 1855 3488 3422 3562">
    <p class='ocr_par' dir='ltr' id='par_1_82' title="bbox 1855 3488 3422 3562">
     <span class='ocr_line' id='line_1_83' title="bbox 1855 3488 3422 3562; baseline -0.001 -16"><span class='ocrx_word' id='word_1_527' title='bbox 1855 3490 2000 3546; x_wconf 88' lang='lat' dir='ltr'><strong>enim</strong></span> <span class='ocrx_word' id='word_1_528' title='bbox 2046 3491 2099 3544; x_wconf 95' lang='lat' dir='ltr'><strong>in</strong></span> <span class='ocrx_word' id='word_1_529' title='bbox 2145 3490 2260 3559; x_wconf 82' lang='lat' dir='ltr'><strong>lege</strong></span> <span class='ocrx_word' id='word_1_530' title='bbox 2299 3488 2535 3544; x_wconf 87' lang='lat' dir='ltr'><strong>Mosaica</strong></span> <span class='ocrx_word' id='word_1_531' title='bbox 2571 3488 2681 3543; x_wconf 87' lang='lat' dir='ltr'><strong>Deo</strong></span> <span class='ocrx_word' id='word_1_532' title='bbox 2718 3491 2926 3544; x_wconf 93' lang='lat' dir='ltr'><strong>cultum</strong></span> <span class='ocrx_word' id='word_1_533' title='bbox 2961 3490 3230 3561; x_wconf 89' lang='lat' dir='ltr'><strong>principio</strong></span> <span class='ocrx_word' id='word_1_534' title='bbox 3262 3492 3422 3562; x_wconf 67' lang='lat' dir='ltr'><strong>exhi-</strong></span> 
     </span>
    </p>
   </div>
   <div class='ocr_carea' id='block_1_83' title="bbox 1856 3581 3426 3652">
    <p class='ocr_par' dir='ltr' id='par_1_83' title="bbox 1856 3581 3426 3652">
     <span class='ocr_line' id='line_1_84' title="bbox 1856 3581 3426 3652; baseline -0.002 -17"><span class='ocrx_word' id='word_1_535' title='bbox 1856 3581 2113 3647; x_wconf 89' lang='lat' dir='ltr'><strong>buerunt,</strong></span> <span class='ocrx_word' id='word_1_536' title='bbox 2144 3582 2331 3650; x_wconf 90' lang='lat' dir='ltr'><strong>illique</strong></span> <span class='ocrx_word' id='word_1_537' title='bbox 2379 3582 2737 3651; x_wconf 90' lang='lat' dir='ltr'><strong>placuerunt,</strong></span> <span class='ocrx_word' id='word_1_538' title='bbox 2776 3582 3076 3637; x_wconf 89' lang='lat' dir='ltr'><strong>secundum</strong></span> <span class='ocrx_word' id='word_1_539' title='bbox 3118 3594 3239 3650; x_wconf 86' lang='lat' dir='ltr'><strong>post</strong></span> <span class='ocrx_word' id='word_1_540' title='bbox 3290 3597 3426 3652; x_wconf 80' lang='lat' dir='ltr'><strong>apu-</strong></span> 
     </span>
    </p>
   </div>
   <div class='ocr_carea' id='block_1_84' title="bbox 1856 3672 3425 3733">
    <p class='ocr_par' dir='ltr' id='par_1_84' title="bbox 1856 3672 3425 3733">
     <span class='ocr_line' id='line_1_85' title="bbox 1856 3672 3425 3733; baseline -0.001 -4"><span class='ocrx_word' id='word_1_541' title='bbox 1856 3674 2027 3729; x_wconf 81' lang='lat' dir='ltr'><strong>stolos</strong></span> <span class='ocrx_word' id='word_1_542' title='bbox 2079 3675 2132 3727; x_wconf 91' lang='lat' dir='ltr'><strong>in</strong></span> <span class='ocrx_word' id='word_1_543' title='bbox 2184 3673 2425 3728; x_wconf 88' lang='lat' dir='ltr'><strong>Ecclesia</strong></span> <span class='ocrx_word' id='word_1_544' title='bbox 2476 3674 2653 3727; x_wconf 89' lang='lat' dir='ltr'><strong>locum</strong></span> <span class='ocrx_word' id='word_1_545' title='bbox 2710 3672 3114 3733; x_wconf 81' lang='lat' dir='ltr'><strong>obtinuerunt:</strong></span> <span class='ocrx_word' id='word_1_546' title='bbox 3149 3672 3243 3726; x_wconf 84' lang='lat' dir='ltr'><strong>[iiii</strong></span> <span class='ocrx_word' id='word_1_547' title='bbox 3278 3675 3425 3728; x_wconf 83' lang='lat' dir='ltr'><strong>enim</strong></span> 
     </span>
    </p>
   </div>
   <div class='ocr_carea' id='block_1_85' title="bbox 1858 3750 3501 3841">
    <p class='ocr_par' dir='ltr' id='par_1_85' title="bbox 1858 3750 3501 3841">
     <span class='ocr_line' id='line_1_86' title="bbox 1858 3750 3501 3841; baseline -0.003 -21"><span class='ocrx_word' id='word_1_548' title='bbox 1858 3764 2086 3834; x_wconf 88' lang='lat' dir='ltr'><strong>apostoli</strong></span> <span class='ocrx_word' id='word_1_549' title='bbox 2144 3774 2300 3820; x_wconf 87' lang='lat' dir='ltr'><strong>erant</strong></span> <span class='ocrx_word' id='word_1_550' title='bbox 2351 3762 2702 3818; x_wconf 54' lang='lat' dir='ltr'><strong>Hebraeorum</strong></span> <span class='ocrx_word' id='word_1_551' title='bbox 2762 3760 3097 3833; x_wconf 67' lang='lat' dir='ltr'><strong>Synagogae;</strong></span> <span class='ocrx_word' id='word_1_552' title='bbox 3146 3761 3243 3817; x_wconf 86' lang='lat' dir='ltr'><strong>sed</strong></span> <span class='ocrx_word' id='word_1_553' title='bbox 3298 3777 3424 3817; x_wconf 91' lang='lat' dir='ltr'><strong>cum</strong></span> 
     </span>
    </p>
   </div>
   <div class='ocr_carea' id='block_1_86' title="bbox 1858 3854 3496 3928">
    <p class='ocr_par' dir='ltr' id='par_1_86' title="bbox 1858 3854 3496 3928">
     <span class='ocr_line' id='line_1_87' title="bbox 1858 3854 3496 3928; baseline 0 -18"><span class='ocrx_word' id='word_1_554' title='bbox 1858 3866 2041 3926; x_wconf 88' lang='lat' dir='ltr'><strong>postea</strong></span> <span class='ocrx_word' id='word_1_555' title='bbox 2068 3856 2215 3928; x_wconf 80' lang='lat' dir='ltr'><strong>digni</strong></span> <span class='ocrx_word' id='word_1_556' title='bbox 2262 3857 2433 3911; x_wconf 89' lang='lat' dir='ltr'><strong>habiti</strong></span> <span class='ocrx_word' id='word_1_557' title='bbox 2490 3866 2639 3920; x_wconf 89' lang='lat' dir='ltr'><strong>sunt,</strong></span> <span class='ocrx_word' id='word_1_558' title='bbox 2689 3864 2748 3909; x_wconf 94' lang='lat' dir='ltr'><strong>ut</strong></span> <span class='ocrx_word' id='word_1_559' title='bbox 2792 3855 2997 3911; x_wconf 89' lang='lat' dir='ltr'><strong>Christi</strong></span> <span class='ocrx_word' id='word_1_560' title='bbox 3039 3856 3292 3927; x_wconf 82' lang='lat' dir='ltr'><strong>discipuli</strong></span> <span class='ocrx_word' id='word_1_561' title='bbox 3329 3856 3425 3910; x_wconf 84' lang='lat' dir='ltr'><strong>ﬁe-</strong></span> <span class='ocrx_word' id='word_1_562' title='bbox 3492 3854 3496 3859; x_wconf 76' lang='grc'><strong>’</strong></span> 
     </span>
    </p>
   </div>
   <div class='ocr_carea' id='block_1_87' title="bbox 1853 3946 3425 4018">
    <p class='ocr_par' dir='ltr' id='par_1_87' title="bbox 1853 3946 3425 4018">
     <span class='ocr_line' id='line_1_88' title="bbox 1853 3946 3425 4018; baseline -0.001 -17"><span class='ocrx_word' id='word_1_563' title='bbox 1853 3955 1999 4012; x_wconf 88' lang='lat' dir='ltr'><strong>rent,</strong></span> <span class='ocrx_word' id='word_1_564' title='bbox 2046 3955 2101 4002; x_wconf 90' lang='lat' dir='ltr'><strong>et</strong></span> <span class='ocrx_word' id='word_1_565' title='bbox 2146 3964 2240 4018; x_wconf 86' lang='lat' dir='ltr'><strong>per</strong></span> <span class='ocrx_word' id='word_1_566' title='bbox 2290 3949 2473 4002; x_wconf 89' lang='lat' dir='ltr'><strong>omnia</strong></span> <span class='ocrx_word' id='word_1_567' title='bbox 2530 3946 2849 4016; x_wconf 82' lang='lat' dir='ltr'><strong>Magistrum</strong></span> <span class='ocrx_word' id='word_1_568' title='bbox 2887 3946 3255 4012; x_wconf 88' lang='lat' dir='ltr'><strong>imitarentur,</strong></span> <span class='ocrx_word' id='word_1_569' title='bbox 3297 3946 3425 4000; x_wconf 74' lang='lat' dir='ltr'><strong>vitae</strong></span> 
     </span>
    </p>
   </div>
   <div class='ocr_carea' id='block_1_88' title="bbox 1856 4037 3424 4109">
    <p class='ocr_par' dir='ltr' id='par_1_88' title="bbox 1856 4037 3424 4109">
     <span class='ocr_line' id='line_1_89' title="bbox 1856 4037 3424 4109; baseline -0.001 -16"><span class='ocrx_word' id='word_1_570' title='bbox 1856 4040 2104 4095; x_wconf 92' lang='lat' dir='ltr'><strong>instituto</strong></span> <span class='ocrx_word' id='word_1_571' title='bbox 2137 4048 2191 4093; x_wconf 90' lang='lat' dir='ltr'><strong>et</strong></span> <span class='ocrx_word' id='word_1_572' title='bbox 2238 4038 2502 4109; x_wconf 82' lang='lat' dir='ltr'><strong>dignitate</strong></span> <span class='ocrx_word' id='word_1_573' title='bbox 2541 4038 2796 4108; x_wconf 87' lang='lat' dir='ltr'><strong>proprios</strong></span> <span class='ocrx_word' id='word_1_574' title='bbox 2838 4047 3047 4108; x_wconf 87' lang='lat' dir='ltr'><strong>patres,</strong></span> <span class='ocrx_word' id='word_1_575' title='bbox 3083 4040 3178 4108; x_wconf 87' lang='lat' dir='ltr'><strong>qui</strong></span> <span class='ocrx_word' id='word_1_576' title='bbox 3218 4038 3272 4091; x_wconf 88' lang='lat' dir='ltr'><strong>in</strong></span> <span class='ocrx_word' id='word_1_577' title='bbox 3305 4037 3424 4108; x_wconf 80' lang='lat' dir='ltr'><strong>lege</strong></span> 
     </span>
    </p>
   </div>
   <div class='ocr_carea' id='block_1_89' title="bbox 1849 4127 3501 4199">
    <p class='ocr_par' dir='ltr' id='par_1_89' title="bbox 1849 4127 3501 4199">
     <span class='ocr_line' id='line_1_90' title="bbox 1849 4127 3501 4199; baseline 0 -18"><span class='ocrx_word' id='word_1_578' title='bbox 1849 4129 1959 4199; x_wconf 83' lang='lat' dir='ltr'><strong>jam</strong></span> <span class='ocrx_word' id='word_1_579' title='bbox 1992 4130 2120 4183; x_wconf 91' lang='lat' dir='ltr'><strong>olim</strong></span> <span class='ocrx_word' id='word_1_580' title='bbox 2141 4130 2424 4199; x_wconf 77' lang='lat' dir='ltr'><strong>justificati</strong></span> <span class='ocrx_word' id='word_1_581' title='bbox 2472 4128 2710 4192; x_wconf 80' lang='lat' dir='ltr'><strong>fuerant,</strong></span> <span class='ocrx_word' id='word_1_582' title='bbox 2750 4127 2893 4182; x_wconf 88' lang='lat' dir='ltr'><strong>lilios</strong></span> <span class='ocrx_word' id='word_1_583' title='bbox 2921 4143 3045 4184; x_wconf 87' lang='lat' dir='ltr'><strong>esse</strong></span> <span class='ocrx_word' id='word_1_584' title='bbox 3076 4144 3209 4185; x_wconf 92' lang='lat' dir='ltr'><strong>suos</strong></span> <span class='ocrx_word' id='word_1_585' title='bbox 3232 4135 3422 4184; x_wconf 83' lang='lat' dir='ltr'><strong>osten-</strong></span> <span class='ocrx_word' id='word_1_586' title='bbox 3498 4138 3501 4181; x_wconf 44' lang='grc' dir='ltr'>ἡ</span> 
     </span>
    </p>
   </div>
   <div class='ocr_carea' id='block_1_90' title="bbox 1852 4218 2072 4273">
    <p class='ocr_par' dir='ltr' id='par_1_90' title="bbox 1852 4218 2072 4273">
     <span class='ocr_line' id='line_1_91' title="bbox 1852 4218 2072 4273; baseline 0.009 -2"><span class='ocrx_word' id='word_1_587' title='bbox 1852 4218 2072 4273; x_wconf 85' lang='lat' dir='ltr'><strong>derunt.</strong></span> 
     </span>
    </p>
   </div>
   <div class='ocr_carea' id='block_1_91' title="bbox 2249 4308 3052 4379">
    <p class='ocr_par' dir='ltr' id='par_1_91' title="bbox 2249 4308 3052 4379">
     <span class='ocr_line' id='line_1_92' title="bbox 2249 4308 3052 4379; baseline -0.005 -12"><span class='ocrx_word' id='word_1_588' title='bbox 2249 4310 2407 4379; x_wconf 80' lang='lat'><strong>118</strong></span> <span class='ocrx_word' id='word_1_589' title='bbox 2431 4308 2708 4363; x_wconf 69' lang='lat' dir='ltr'><strong>CCCXXI.</strong></span> <span class='ocrx_word' id='word_1_590' title='bbox 2738 4339 2809 4349; x_wconf 95' lang='lat'><em>—</em></span> <span class='ocrx_word' id='word_1_591' title='bbox 2839 4308 3052 4364; x_wconf 78' lang='lat' dir='ltr'><strong>Eidem.</strong></span> 
     </span>
    </p>
   </div>
   <div class='ocr_carea' id='block_1_92' title="bbox 250 4397 1754 4486">
    <p class='ocr_par' dir='ltr' id='par_1_92' title="bbox 250 4412 1751 4486">
     <span class='ocr_line' id='line_1_93' title="bbox 250 4412 1751 4486; baseline 0 -21"><span class='ocrx_word' id='word_1_592' title='bbox 250 4412 473 4483; x_wconf 82' lang='grc' dir='ltr'>Δυνήσῃ</span> <span class='ocrx_word' id='word_1_593' title='bbox 504 4412 597 4465; x_wconf 74' lang='grc' dir='ltr'><strong>καὶ</strong></span> <span class='ocrx_word' id='word_1_594' title='bbox 633 4412 808 4476; x_wconf 76' lang='grc' dir='ltr'>ἄλλως</span> <span class='ocrx_word' id='word_1_595' title='bbox 836 4412 896 4465; x_wconf 83' lang='grc' dir='ltr'><strong>τὸ</strong></span> <span class='ocrx_word' id='word_1_596' title='bbox 918 4414 1079 4483; x_wconf 79' lang='grc' dir='ltr'>ῥητὸν</span> <span class='ocrx_word' id='word_1_597' title='bbox 1101 4413 1437 4481; x_wconf 78' lang='grc' dir='ltr'>ἐκδέξασθαι,</span> <span class='ocrx_word' id='word_1_598' title='bbox 1456 4413 1529 4479; x_wconf 88' lang='grc' dir='ltr'><strong>ώς</strong></span> <span class='ocrx_word' id='word_1_599' title='bbox 1551 4414 1618 4468; x_wconf 80' lang='grc' dir='ltr'>τὰ</span> <span class='ocrx_word' id='word_1_600' title='bbox 1646 4414 1751 4486; x_wconf 84' lang='grc' dir='ltr'><strong>πρὸ</strong></span> 
     </span>
    </p>
   </div>
   <div class='ocr_carea' id='block_1_93' title="bbox 1862 4397 3424 4486">
    <p class='ocr_par' dir='ltr' id='par_1_93' title="bbox 1924 4397 3424 4461">
     <span class='ocr_line' id='line_1_94' title="bbox 1924 4397 3424 4461; baseline 0.003 -10"><span class='ocrx_word' id='word_1_601' title='bbox 1924 4397 2135 4454; x_wconf 82' lang='lat' dir='ltr'><strong>Poteris</strong></span> <span class='ocrx_word' id='word_1_602' title='bbox 2163 4400 2325 4453; x_wconf 83' lang='lat' dir='ltr'><strong>etiam</strong></span> <span class='ocrx_word' id='word_1_603' title='bbox 2356 4400 2583 4461; x_wconf 87' lang='lat' dir='ltr'><strong>dictum,</strong></span> <span class='ocrx_word' id='word_1_604' title='bbox 2615 4408 2669 4453; x_wconf 92' lang='lat' dir='ltr'><strong>et</strong></span> <span class='ocrx_word' id='word_1_605' title='bbox 2698 4400 2752 4453; x_wconf 93' lang='lat' dir='ltr'><strong>in</strong></span> <span class='ocrx_word' id='word_1_606' title='bbox 2786 4400 2948 4453; x_wconf 86' lang='lat' dir='ltr'><strong>aliam</strong></span> <span class='ocrx_word' id='word_1_607' title='bbox 2978 4397 3305 4455; x_wconf 82' lang='lat' dir='ltr'><strong>sententi’am</strong></span> <span class='ocrx_word' id='word_1_608' title='bbox 3339 4417 3424 4455; x_wconf 88' lang='lat' dir='ltr'><strong>re-</strong></span> 
     </span>
    </p>
   </div>
   <div class='ocr_carea' id='block_1_94' title="bbox 175 4504 1750 4577">
    <p class='ocr_par' dir='ltr' id='par_1_94' title="bbox 175 4504 1750 4577">
     <span class='ocr_line' id='line_1_95' title="bbox 175 4504 1750 4577; baseline -0.001 -19"><span class='ocrx_word' id='word_1_609' title='bbox 175 4504 364 4573; x_wconf 73' lang='grc' dir='ltr'>ὀλίγου</span> <span class='ocrx_word' id='word_1_610' title='bbox 387 4506 579 4576; x_wconf 87' lang='grc' dir='ltr'>χρόνου</span> <span class='ocrx_word' id='word_1_611' title='bbox 609 4504 935 4574; x_wconf 84' lang='grc' dir='ltr'>ὀμιληθέντα</span> <span class='ocrx_word' id='word_1_612' title='bbox 966 4507 1117 4576; x_wconf 83' lang='grc' dir='ltr'>ἡμῖν.</span> <span class='ocrx_word' id='word_1_613' title='bbox 1151 4524 1169 4557; x_wconf 72' lang='grc' dir='ltr'><strong>ι</strong></span> <span class='ocrx_word' id='word_1_614' title='bbox 1203 4505 1351 4559; x_wconf 72' lang='grc' dir='ltr'>Ἀντὶ</span> <span class='ocrx_word' id='word_1_615' title='bbox 1370 4506 1479 4560; x_wconf 84' lang='grc' dir='ltr'>τῶν</span> <span class='ocrx_word' id='word_1_616' title='bbox 1500 4507 1750 4577; x_wconf 81' lang='grc' dir='ltr'>πατέρων</span> 
     </span>
    </p>
   </div>
   <div class='ocr_carea' id='block_1_95' title="bbox 180 4596 1752 4667">
    <p class='ocr_par' dir='ltr' id='par_1_95' title="bbox 180 4596 1752 4667">
     <span class='ocr_line' id='line_1_96' title="bbox 180 4596 1752 4667; baseline 0.001 -18"><span class='ocrx_word' id='word_1_617' title='bbox 180 4613 281 4649; x_wconf 82' lang='grc' dir='ltr'><strong>σου</strong></span> <span class='ocrx_word' id='word_1_618' title='bbox 337 4596 711 4665; x_wconf 75' lang='grc' dir='ltr'>ἐγεννήθησαν</span> <span class='ocrx_word' id='word_1_619' title='bbox 762 4597 811 4649; x_wconf 82' lang='grc' dir='ltr'><strong>οἱ</strong></span> <span class='ocrx_word' id='word_1_620' title='bbox 860 4597 962 4648; x_wconf 89' lang='grc' dir='ltr'>υίοί</span> <span class='ocrx_word' id='word_1_621' title='bbox 1024 4612 1116 4649; x_wconf 90' lang='grc' dir='ltr'><strong>σου</strong></span> <span class='ocrx_word' id='word_1_622' title='bbox 1150 4611 1166 4629; x_wconf 76' lang='grc' dir='ltr'><strong>ο</strong></span> <span class='ocrx_word' id='word_1_623' title='bbox 1205 4615 1223 4649; x_wconf 71' lang='grc' dir='ltr'><strong>ι</strong></span> <span class='ocrx_word' id='word_1_624' title='bbox 1261 4598 1560 4662; x_wconf 86' lang='grc' dir='ltr'>τουτέστιν,</span> <span class='ocrx_word' id='word_1_625' title='bbox 1615 4599 1752 4667; x_wconf 84' lang='grc' dir='ltr'>ὅπερ</span> 
     </span>
    </p>
   </div>
   <div class='ocr_carea' id='block_1_96' title="bbox 178 4686 1750 4758">
    <p class='ocr_par' dir='ltr' id='par_1_96' title="bbox 178 4686 1750 4758">
     <span class='ocr_line' id='line_1_97' title="bbox 178 4686 1750 4758; baseline 0.001 -18"><span class='ocrx_word' id='word_1_626' title='bbox 178 4686 377 4757; x_wconf 78' lang='grc' dir='ltr'>πρώην</span> <span class='ocrx_word' id='word_1_627' title='bbox 406 4688 497 4740; x_wconf 72' lang='grc' dir='ltr'><strong>ἐπὶ</strong></span> <span class='ocrx_word' id='word_1_628' title='bbox 536 4687 643 4740; x_wconf 82' lang='grc' dir='ltr'>τῶν</span> <span class='ocrx_word' id='word_1_629' title='bbox 675 4687 925 4757; x_wconf 84' lang='grc' dir='ltr'>πατέρων</span> <span class='ocrx_word' id='word_1_630' title='bbox 979 4704 1070 4740; x_wconf 91' lang='grc' dir='ltr'><strong>σου</strong></span> <span class='ocrx_word' id='word_1_631' title='bbox 1126 4687 1415 4749; x_wconf 84' lang='grc' dir='ltr'>πλεονάκις</span> <span class='ocrx_word' id='word_1_632' title='bbox 1459 4689 1611 4758; x_wconf 87' lang='grc' dir='ltr'><strong>παρά</strong></span> <span class='ocrx_word' id='word_1_633' title='bbox 1656 4689 1750 4742; x_wconf 82' lang='grc' dir='ltr'><strong>τοῦ</strong></span> 
     </span>
    </p>
   </div>
   <div class='ocr_carea' id='block_1_97' title="bbox 176 4778 1746 4849">
    <p class='ocr_par' dir='ltr' id='par_1_97' title="bbox 176 4778 1746 4849">
     <span class='ocr_line' id='line_1_98' title="bbox 176 4778 1746 4849; baseline -0.001 -17"><span class='ocrx_word' id='word_1_634' title='bbox 176 4778 319 4832; x_wconf 75' lang='grc' dir='ltr'>Θεοῦ</span> <span class='ocrx_word' id='word_1_635' title='bbox 371 4778 641 4849; x_wconf 78' lang='grc' dir='ltr'>ἐζήτησας</span> <span class='ocrx_word' id='word_1_636' title='bbox 692 4779 956 4849; x_wconf 85' lang='grc' dir='ltr'>χάρισμα,</span> <span class='ocrx_word' id='word_1_637' title='bbox 1007 4780 1100 4831; x_wconf 75' lang='grc' dir='ltr'><strong>καὶ</strong></span> <span class='ocrx_word' id='word_1_638' title='bbox 1138 4778 1399 4842; x_wconf 86' lang='grc' dir='ltr'>πολλάκις</span> <span class='ocrx_word' id='word_1_639' title='bbox 1459 4779 1746 4848; x_wconf 84' lang='grc' dir='ltr'>ἀπέτυχες,</span> 
     </span>
    </p>
   </div>
   <div class='ocr_carea' id='block_1_98' title="bbox 178 4868 1750 4943">
    <p class='ocr_par' dir='ltr' id='par_1_98' title="bbox 178 4868 1750 4943">
     <span class='ocr_line' id='line_1_99' title="bbox 178 4868 1750 4943; baseline 0.001 -20"><span class='ocrx_word' id='word_1_640' title='bbox 178 4877 279 4924; x_wconf 64' lang='grc' dir='ltr'><strong>καὶ</strong></span> <span class='ocrx_word' id='word_1_641' title='bbox 322 4870 733 4941; x_wconf 78' lang='grc' dir='ltr'>παρηκούσθης,</span> <span class='ocrx_word' id='word_1_642' title='bbox 790 4869 947 4922; x_wconf 80' lang='grc' dir='ltr'>τοῦτο</span> <span class='ocrx_word' id='word_1_643' title='bbox 1004 4870 1090 4922; x_wconf 78' lang='grc' dir='ltr'>ἐπ’</span> <span class='ocrx_word' id='word_1_644' title='bbox 1122 4871 1363 4940; x_wconf 80' lang='grc' dir='ltr'>ἐσχάτων</span> <span class='ocrx_word' id='word_1_645' title='bbox 1420 4868 1514 4922; x_wconf 81' lang='grc' dir='ltr'>τοῦ</span> <span class='ocrx_word' id='word_1_646' title='bbox 1565 4872 1750 4943; x_wconf 89' lang='grc' dir='ltr'>γήρως</span> 
     </span>
    </p>
   </div>
   <div class='ocr_carea' id='block_1_99' title="bbox 180 4959 1751 5033">
    <p class='ocr_par' dir='ltr' id='par_1_99' title="bbox 180 4959 1751 5033">
     <span class='ocr_line' id='line_1_100' title="bbox 180 4959 1751 5033; baseline -0.002 -16"><span class='ocrx_word' id='word_1_647' title='bbox 180 4980 275 5017; x_wconf 88' lang='grc' dir='ltr'><strong>σου</strong></span> <span class='ocrx_word' id='word_1_648' title='bbox 337 4961 480 5032; x_wconf 78' lang='grc' dir='ltr'>ὑπὲρ</span> <span class='ocrx_word' id='word_1_649' title='bbox 529 4961 628 5031; x_wconf 83' lang='grc' dir='ltr'>τὴν</span> <span class='ocrx_word' id='word_1_650' title='bbox 677 4959 1020 5014; x_wconf 87' lang='grc' dir='ltr'>παιδοποιίαν</span> <span class='ocrx_word' id='word_1_651' title='bbox 1066 4960 1358 5030; x_wconf 80' lang='grc' dir='ltr'>δεξάμενος</span> <span class='ocrx_word' id='word_1_652' title='bbox 1412 4960 1610 5033; x_wconf 81' lang='grc' dir='ltr'>τέρπῃ,</span> <span class='ocrx_word' id='word_1_653' title='bbox 1658 4962 1751 5017; x_wconf 75' lang='grc' dir='ltr'>καὶ</span> 
     </span>
    </p>
   </div>
   <div class='ocr_carea' id='block_1_100' title="bbox 176 5046 1752 5122">
    <p class='ocr_par' dir='ltr' id='par_1_100' title="bbox 176 5046 1752 5122">
     <span class='ocr_line' id='line_1_101' title="bbox 176 5046 1752 5122; baseline 0.003 -21"><span class='ocrx_word' id='word_1_654' title='bbox 176 5047 575 5119; x_wconf 82' lang='grc' dir='ltr'>κατευφραίνῃ·</span> <span class='ocrx_word' id='word_1_655' title='bbox 604 5046 893 5118; x_wconf 89' lang='grc' dir='ltr'>κρείσσονα</span> <span class='ocrx_word' id='word_1_656' title='bbox 914 5048 1042 5118; x_wconf 85' lang='grc' dir='ltr'>γάρ,</span> <span class='ocrx_word' id='word_1_657' title='bbox 1075 5048 1260 5120; x_wconf 73' lang='grc' dir='ltr'>φησὶν,</span> <span class='ocrx_word' id='word_1_658' title='bbox 1295 5049 1426 5103; x_wconf 85' lang='grc' dir='ltr'>υἱῶν</span> <span class='ocrx_word' id='word_1_659' title='bbox 1454 5050 1548 5104; x_wconf 77' lang='grc' dir='ltr'><strong>καὶ</strong></span> <span class='ocrx_word' id='word_1_660' title='bbox 1585 5050 1752 5122; x_wconf 86' lang='grc' dir='ltr'>θυγα-</span> 
     </span>
    </p>
   </div>
   <div class='ocr_carea' id='block_1_101' title="bbox 170 5139 1378 5212">
    <p class='ocr_par' dir='ltr' id='par_1_101' title="bbox 170 5139 1378 5212">
     <span class='ocr_line' id='line_1_102' title="bbox 170 5139 1378 5212; baseline 0 -19"><span class='ocrx_word' id='word_1_661' title='bbox 170 5140 356 5210; x_wconf 85' lang='grc' dir='ltr'>τέρων</span> <span class='ocrx_word' id='word_1_662' title='bbox 380 5139 589 5209; x_wconf 75' lang='grc' dir='ltr'>δωρεὰν</span> <span class='ocrx_word' id='word_1_663' title='bbox 610 5140 639 5191; x_wconf 83' lang='grc' dir='ltr'>ὁ</span> <span class='ocrx_word' id='word_1_664' title='bbox 670 5139 874 5210; x_wconf 83' lang='grc' dir='ltr'>Κύριος</span> <span class='ocrx_word' id='word_1_665' title='bbox 899 5139 1061 5192; x_wconf 87' lang='grc' dir='ltr'>δώσει</span> <span class='ocrx_word' id='word_1_666' title='bbox 1091 5156 1191 5193; x_wconf 85' lang='grc' dir='ltr'>σοι.</span> <span class='ocrx_word' id='word_1_667' title='bbox 1373 5207 1378 5212; x_wconf 85' lang='lat'><strong><em>_</em></strong></span> 
     </span>
    </p>
   </div>
   <div class='ocr_carea' id='block_1_102' title="bbox 392 5224 1536 5302">
    <p class='ocr_par' dir='ltr' id='par_1_102' title="bbox 392 5224 1536 5302">
     <span class='ocr_line' id='line_1_103' title="bbox 392 5224 1536 5302; baseline 0.002 -20"><span class='ocrx_word' id='word_1_668' title='bbox 392 5228 567 5282; x_wconf 62' lang='grc' dir='ltr'><strong>ΤΚΒ.</strong></span> <span class='ocrx_word' id='word_1_669' title='bbox 594 5258 666 5269; x_wconf 87' lang='grc'><strong>-</strong></span> <span class='ocrx_word' id='word_1_670' title='bbox 690 5224 1027 5283; x_wconf 77' lang='grc' dir='ltr'><strong>ΣΩΚΡΑἸἙῙ</strong></span> <span class='ocrx_word' id='word_1_671' title='bbox 1068 5230 1536 5302; x_wconf 82' lang='grc' dir='ltr'><strong>ΠΡΕΣΒΥΤΕΡῼ.</strong></span> 
     </span>
    </p>
   </div>
   <div class='ocr_carea' id='block_1_103' title="bbox 246 5319 1749 5395">
    <p class='ocr_par' dir='ltr' id='par_1_103' title="bbox 246 5319 1749 5395">
     <span class='ocr_line' id='line_1_104' title="bbox 246 5319 1749 5395; baseline 0.003 -23"><span class='ocrx_word' id='word_1_672' title='bbox 246 5319 329 5392; x_wconf 79' lang='grc' dir='ltr'>Τῇ</span> <span class='ocrx_word' id='word_1_673' title='bbox 364 5320 541 5392; x_wconf 78' lang='grc' dir='ltr'>οἰκείᾳ</span> <span class='ocrx_word' id='word_1_674' title='bbox 576 5322 605 5374; x_wconf 87' lang='grc' dir='ltr'><em>ὁ</em></span> <span class='ocrx_word' id='word_1_675' title='bbox 661 5321 794 5384; x_wconf 81' lang='grc' dir='ltr'>Θεὸς</span> <span class='ocrx_word' id='word_1_676' title='bbox 830 5321 1123 5392; x_wconf 85' lang='grc' dir='ltr'>ἀγαθότητι</span> <span class='ocrx_word' id='word_1_677' title='bbox 1160 5320 1229 5375; x_wconf 76' lang='grc' dir='ltr'>τὰ</span> <span class='ocrx_word' id='word_1_678' title='bbox 1264 5320 1441 5375; x_wconf 88' lang='grc' dir='ltr'>πάντα</span> <span class='ocrx_word' id='word_1_679' title='bbox 1476 5323 1749 5395; x_wconf 79' lang='grc' dir='ltr'>συστησά-</span> 
     </span>
    </p>
   </div>
   <div class='ocr_carea' id='block_1_104' title="bbox 182 5412 1748 5483">
    <p class='ocr_par' dir='ltr' id='par_1_104' title="bbox 182 5412 1748 5483">
     <span class='ocr_line' id='line_1_105' title="bbox 182 5412 1748 5483; baseline 0.003 -19"><span class='ocrx_word' id='word_1_680' title='bbox 182 5428 367 5483; x_wconf 82' lang='grc' dir='ltr'>μενος,</span> <span class='ocrx_word' id='word_1_681' title='bbox 410 5414 631 5483; x_wconf 85' lang='grc' dir='ltr'>προνοεί</span> <span class='ocrx_word' id='word_1_682' title='bbox 661 5413 896 5478; x_wconf 89' lang='grc' dir='ltr'>πάντων,</span> <span class='ocrx_word' id='word_1_683' title='bbox 941 5413 1041 5467; x_wconf 82' lang='grc' dir='ltr'><strong>οὐκ</strong></span> <span class='ocrx_word' id='word_1_684' title='bbox 1078 5414 1159 5477; x_wconf 91' lang='grc' dir='ltr'><strong>είς</strong></span> <span class='ocrx_word' id='word_1_685' title='bbox 1209 5412 1269 5467; x_wconf 75' lang='grc' dir='ltr'>τὸ</span> <span class='ocrx_word' id='word_1_686' title='bbox 1308 5414 1426 5468; x_wconf 90' lang='grc' dir='ltr'>κατ’</span> <span class='ocrx_word' id='word_1_687' title='bbox 1448 5413 1605 5479; x_wconf 79' lang='grc' dir='ltr'>ἀξίαν</span> <span class='ocrx_word' id='word_1_688' title='bbox 1638 5415 1748 5470; x_wconf 78' lang='grc' dir='ltr'>τῶν</span> 
     </span>
    </p>
   </div>
   <div class='ocr_carea' id='block_1_105' title="bbox 181 5503 1746 5577">
    <p class='ocr_par' dir='ltr' id='par_1_105' title="bbox 181 5503 1746 5577">
     <span class='ocr_line' id='line_1_106' title="bbox 181 5503 1746 5577; baseline 0.004 -19"><span class='ocrx_word' id='word_1_689' title='bbox 181 5504 273 5558; x_wconf 79' lang='grc' dir='ltr'><strong>ὑπ’</strong></span> <span class='ocrx_word' id='word_1_690' title='bbox 303 5503 476 5559; x_wconf 82' lang='grc' dir='ltr'>αὑτοῦ</span> <span class='ocrx_word' id='word_1_691' title='bbox 510 5506 923 5577; x_wconf 89' lang='grc' dir='ltr'>προνοουμένων</span> <span class='ocrx_word' id='word_1_692' title='bbox 955 5504 1186 5575; x_wconf 84' lang='grc' dir='ltr'>βλέπων,</span> <span class='ocrx_word' id='word_1_693' title='bbox 1213 5505 1331 5560; x_wconf 79' lang='grc' dir='ltr'>ἀλλ’</span> <span class='ocrx_word' id='word_1_694' title='bbox 1357 5508 1436 5572; x_wconf 85' lang='grc' dir='ltr'><strong>είς</strong></span> <span class='ocrx_word' id='word_1_695' title='bbox 1468 5507 1527 5562; x_wconf 81' lang='grc' dir='ltr'><strong>τὸ</strong></span> <span class='ocrx_word' id='word_1_696' title='bbox 1556 5508 1746 5564; x_wconf 73' lang='grc' dir='ltr'>ἑαυτοῦ</span> 
     </span>
    </p>
   </div>
   <div class='ocr_carea' id='block_1_106' title="bbox 251 5681 1225 5765">
    <p class='ocr_par' dir='ltr' id='par_1_106' title="bbox 251 5681 1225 5765">
     <span class='ocr_line' id='line_1_107' title="bbox 251 5681 1225 5765; baseline 0.003 -26"><span class='ocrx_word' id='word_1_697' title='bbox 251 5684 300 5717; x_wconf 82' lang='grc'><strong><em>⁸⁸</em></strong></span> <span class='ocrx_word' id='word_1_698' title='bbox 325 5681 440 5741; x_wconf 86' lang='lat' dir='ltr'><strong>Jer.</strong></span> <span class='ocrx_word' id='word_1_699' title='bbox 468 5684 629 5752; x_wconf 76' lang='lat' dir='ltr'><strong>tu,2,</strong></span> <span class='ocrx_word' id='word_1_700' title='bbox 703 5684 751 5765; x_wconf 55' lang='grc' dir='ltr'><strong>ξ’</strong></span> <span class='ocrx_word' id='word_1_701' title='bbox 780 5682 927 5742; x_wconf 86' lang='lat' dir='ltr'><strong>Psal.</strong></span> <span class='ocrx_word' id='word_1_702' title='bbox 964 5699 1112 5752; x_wconf 70' lang='lat' dir='ltr'><strong>xuv,</strong></span> <span class='ocrx_word' id='word_1_703' title='bbox 1140 5683 1225 5742; x_wconf 81' lang='grc' dir='ltr'><strong>ΓΙ.</strong></span> 
     </span>
    </p>
   </div>
   <div class='ocr_carea' id='block_1_107' title="bbox 1850 4491 3423 4561">
    <p class='ocr_par' dir='ltr' id='par_1_107' title="bbox 1850 4491 3423 4561">
     <span class='ocr_line' id='line_1_108' title="bbox 1850 4491 3423 4561; baseline 0.001 -16"><span class='ocrx_word' id='word_1_704' title='bbox 1850 4499 2295 4560; x_wconf 86' lang='lat' dir='ltr'><strong>torquere:quae</strong></span> <span class='ocrx_word' id='word_1_705' title='bbox 2339 4499 2463 4543; x_wconf 88' lang='lat' dir='ltr'><strong>ante</strong></span> <span class='ocrx_word' id='word_1_706' title='bbox 2514 4505 2622 4543; x_wconf 88' lang='lat' dir='ltr'><strong>non</strong></span> <span class='ocrx_word' id='word_1_707' title='bbox 2670 4491 2899 4545; x_wconf 90' lang='lat' dir='ltr'><strong>multum</strong></span> <span class='ocrx_word' id='word_1_708' title='bbox 2950 4500 3169 4561; x_wconf 84' lang='lat' dir='ltr'><strong>tempus</strong></span> <span class='ocrx_word' id='word_1_709' title='bbox 3202 4508 3231 4544; x_wconf 87' lang='lat' dir='ltr'><strong>a</strong></span> <span class='ocrx_word' id='word_1_710' title='bbox 3263 4492 3423 4547; x_wconf 89' lang='lat' dir='ltr'><strong>nobis</strong></span> 
     </span>
    </p>
   </div>
   <div class='ocr_carea' id='block_1_108' title="bbox 1849 4580 3423 4652">
    <p class='ocr_par' dir='ltr' id='par_1_108' title="bbox 1849 4580 3423 4652">
     <span class='ocr_line' id='line_1_109' title="bbox 1849 4580 3423 4652; baseline -0.001 -15"><span class='ocrx_word' id='word_1_711' title='bbox 1849 4592 2176 4652; x_wconf 84' lang='lat' dir='ltr'><strong>pertractata</strong></span> <span class='ocrx_word' id='word_1_712' title='bbox 2215 4593 2363 4635; x_wconf 89' lang='lat' dir='ltr'><strong>sunt.</strong></span> <span class='ocrx_word' id='word_1_713' title='bbox 2411 4598 2429 4630; x_wconf 81' lang='grc' dir='ltr'><strong>ι</strong></span> <span class='ocrx_word' id='word_1_714' title='bbox 2468 4580 2574 4634; x_wconf 89' lang='lat' dir='ltr'><strong>Pro</strong></span> <span class='ocrx_word' id='word_1_715' title='bbox 2602 4581 2852 4649; x_wconf 85' lang='lat' dir='ltr'><strong>patrihus</strong></span> <span class='ocrx_word' id='word_1_716' title='bbox 2881 4581 2990 4635; x_wconf 90' lang='lat' dir='ltr'><strong>tuis</strong></span> <span class='ocrx_word' id='word_1_717' title='bbox 3024 4584 3134 4635; x_wconf 90' lang='lat' dir='ltr'><strong>nati</strong></span> <span class='ocrx_word' id='word_1_718' title='bbox 3166 4590 3295 4635; x_wconf 89' lang='lat' dir='ltr'><strong>sunt</strong></span> <span class='ocrx_word' id='word_1_719' title='bbox 3323 4583 3423 4636; x_wconf 89' lang='lat' dir='ltr'><strong>tibi</strong></span> 
     </span>
    </p>
   </div>
   <div class='ocr_carea' id='block_1_109' title="bbox 1849 4670 3423 4741">
    <p class='ocr_par' dir='ltr' id='par_1_109' title="bbox 1849 4670 3423 4741">
     <span class='ocr_line' id='line_1_110' title="bbox 1849 4670 3423 4741; baseline 0 -16"><span class='ocrx_word' id='word_1_720' title='bbox 1849 4672 1944 4726; x_wconf 82' lang='lat' dir='ltr'><strong>lilii</strong></span> <span class='ocrx_word' id='word_1_721' title='bbox 1977 4690 1990 4725; x_wconf 86' lang='lat'><strong>;</strong></span> <span class='ocrx_word' id='word_1_722' title='bbox 2026 4691 2046 4724; x_wconf 78' lang='grc' dir='ltr'><strong>ι</strong></span> <span class='ocrx_word' id='word_1_723' title='bbox 2091 4670 2393 4741; x_wconf 87' lang='lat' dir='ltr'><strong>quodquod</strong></span> <span class='ocrx_word' id='word_1_724' title='bbox 2448 4670 2658 4725; x_wconf 86' lang='lat' dir='ltr'><strong>scilicet</strong></span> <span class='ocrx_word' id='word_1_725' title='bbox 2707 4670 2913 4740; x_wconf 88' lang='lat' dir='ltr'><strong>pridem</strong></span> <span class='ocrx_word' id='word_1_726' title='bbox 2949 4682 3163 4741; x_wconf 90' lang='lat' dir='ltr'><strong>patrum</strong></span> <span class='ocrx_word' id='word_1_727' title='bbox 3203 4680 3423 4725; x_wconf 88' lang='lat' dir='ltr'><strong>tuorum</strong></span> 
     </span>
    </p>
   </div>
   <div class='ocr_carea' id='block_1_110' title="bbox 1849 4762 3421 4834">
    <p class='ocr_par' dir='ltr' id='par_1_110' title="bbox 1849 4762 3421 4834">
     <span class='ocr_line' id='line_1_111' title="bbox 1849 4762 3421 4834; baseline -0.002 -14"><span class='ocrx_word' id='word_1_728' title='bbox 1849 4772 2095 4834; x_wconf 88' lang='lat' dir='ltr'><strong>tempore</strong></span> <span class='ocrx_word' id='word_1_729' title='bbox 2122 4766 2320 4833; x_wconf 81' lang='lat' dir='ltr'><strong>saepius</strong></span> <span class='ocrx_word' id='word_1_730' title='bbox 2354 4779 2383 4817; x_wconf 89' lang='lat' dir='ltr'><strong>a</strong></span> <span class='ocrx_word' id='word_1_731' title='bbox 2421 4762 2533 4818; x_wconf 86' lang='lat' dir='ltr'><strong>Deo</strong></span> <span class='ocrx_word' id='word_1_732' title='bbox 2564 4780 2764 4818; x_wconf 80' lang='lat' dir='ltr'><strong>munus</strong></span> <span class='ocrx_word' id='word_1_733' title='bbox 2798 4764 3108 4833; x_wconf 83' lang='lat' dir='ltr'><strong>postulasti,</strong></span> <span class='ocrx_word' id='word_1_734' title='bbox 3135 4771 3188 4818; x_wconf 89' lang='lat' dir='ltr'><strong>et</strong></span> <span class='ocrx_word' id='word_1_735' title='bbox 3219 4763 3421 4834; x_wconf 82' lang='lat' dir='ltr'><strong>saepius</strong></span> 
     </span>
    </p>
   </div>
   <div class='ocr_carea' id='block_1_111' title="bbox 1848 4854 3423 4925">
    <p class='ocr_par' dir='ltr' id='par_1_111' title="bbox 1848 4854 3423 4925">
     <span class='ocr_line' id='line_1_112' title="bbox 1848 4854 3423 4925; baseline -0.004 -12"><span class='ocrx_word' id='word_1_736' title='bbox 1848 4868 1957 4913; x_wconf 79' lang='lat' dir='ltr'><strong>non</strong></span> <span class='ocrx_word' id='word_1_737' title='bbox 1995 4856 2301 4918; x_wconf 89' lang='lat' dir='ltr'><strong>obtinuisti,</strong></span> <span class='ocrx_word' id='word_1_738' title='bbox 2336 4872 2513 4925; x_wconf 85' lang='lat' dir='ltr'><strong>neque</strong></span> <span class='ocrx_word' id='word_1_739' title='bbox 2555 4856 2844 4911; x_wconf 75' lang='lat' dir='ltr'><strong>exauditus</strong></span> <span class='ocrx_word' id='word_1_740' title='bbox 2872 4872 2952 4919; x_wconf 88' lang='lat' dir='ltr'><strong>es,</strong></span> <span class='ocrx_word' id='word_1_741' title='bbox 2987 4856 3089 4909; x_wconf 90' lang='lat' dir='ltr'><strong>hoc</strong></span> <span class='ocrx_word' id='word_1_742' title='bbox 3122 4854 3281 4910; x_wconf 80' lang='lat' dir='ltr'><strong>eﬂ&#39;cta</strong></span> <span class='ocrx_word' id='word_1_743' title='bbox 3307 4854 3423 4923; x_wconf 89' lang='lat' dir='ltr'><strong>jam</strong></span> 
     </span>
    </p>
   </div>
   <div class='ocr_carea' id='block_1_112' title="bbox 1848 4949 3424 5019">
    <p class='ocr_par' dir='ltr' id='par_1_112' title="bbox 1848 4949 3424 5019">
     <span class='ocr_line' id='line_1_113' title="bbox 1848 4949 3424 5019; baseline -0.004 -13"><span class='ocrx_word' id='word_1_744' title='bbox 1848 4958 2005 5006; x_wconf 61' lang='lat' dir='ltr'><strong>aetate</strong></span> <span class='ocrx_word' id='word_1_745' title='bbox 2047 4965 2211 5019; x_wconf 91' lang='lat' dir='ltr'><strong>super</strong></span> <span class='ocrx_word' id='word_1_746' title='bbox 2259 4950 2396 5005; x_wconf 88' lang='lat' dir='ltr'><strong>alios</strong></span> <span class='ocrx_word' id='word_1_747' title='bbox 2434 4949 2573 5003; x_wconf 90' lang='lat' dir='ltr'><strong>lilios</strong></span> <span class='ocrx_word' id='word_1_748' title='bbox 2618 4957 2952 5003; x_wconf 82' lang='lat' dir='ltr'><strong>consecutus</strong></span> <span class='ocrx_word' id='word_1_749' title='bbox 2986 4949 3185 5002; x_wconf 71' lang='lat' dir='ltr'><strong>laetaris</strong></span> <span class='ocrx_word' id='word_1_750' title='bbox 3208 4955 3260 5002; x_wconf 88' lang='lat' dir='ltr'><strong>et</strong></span> <span class='ocrx_word' id='word_1_751' title='bbox 3287 4962 3424 5017; x_wconf 75' lang='lat' dir='ltr'><strong>gau-</strong></span> 
     </span>
    </p>
   </div>
   <div class='ocr_carea' id='block_1_113' title="bbox 1849 5038 3422 5106">
    <p class='ocr_par' dir='ltr' id='par_1_113' title="bbox 1849 5038 3422 5106">
     <span class='ocr_line' id='line_1_114' title="bbox 1849 5038 3422 5106; baseline -0.003 -7"><span class='ocrx_word' id='word_1_752' title='bbox 1849 5045 1946 5099; x_wconf 90' lang='lat' dir='ltr'><strong>des</strong></span> <span class='ocrx_word' id='word_1_753' title='bbox 1978 5062 1992 5099; x_wconf 89' lang='lat'><strong>:</strong></span> <span class='ocrx_word' id='word_1_754' title='bbox 2025 5041 2219 5098; x_wconf 85' lang='lat' dir='ltr'><strong>Melius</strong></span> <span class='ocrx_word' id='word_1_755' title='bbox 2251 5042 2419 5106; x_wconf 85' lang='lat' dir='ltr'><strong>enim,</strong></span> <span class='ocrx_word' id='word_1_756' title='bbox 2453 5042 2547 5104; x_wconf 89' lang='lat' dir='ltr'><strong>ait,</strong></span> <span class='ocrx_word' id='word_1_757' title='bbox 2579 5042 2705 5095; x_wconf 90' lang='lat' dir='ltr'><strong>liiiis</strong></span> <span class='ocrx_word' id='word_1_758' title='bbox 2732 5049 2787 5095; x_wconf 90' lang='lat' dir='ltr'><strong>et</strong></span> <span class='ocrx_word' id='word_1_759' title='bbox 2822 5041 3059 5105; x_wconf 82' lang='lat' dir='ltr'><strong>filiabus,</strong></span> <span class='ocrx_word' id='word_1_760' title='bbox 3091 5055 3287 5093; x_wconf 90' lang='lat' dir='ltr'><strong>munus</strong></span> <span class='ocrx_word' id='word_1_761' title='bbox 3316 5038 3422 5094; x_wconf 92' lang='lat' dir='ltr'><strong>Do-</strong></span> 
     </span>
    </p>
   </div>
   <div class='ocr_carea' id='block_1_114' title="bbox 1851 5136 2414 5192">
    <p class='ocr_par' dir='ltr' id='par_1_114' title="bbox 1851 5136 2414 5192">
     <span class='ocr_line' id='line_1_115' title="bbox 1851 5136 2414 5192; baseline -0.011 0"><span class='ocrx_word' id='word_1_762' title='bbox 1851 5138 2033 5192; x_wconf 86' lang='lat' dir='ltr'><strong>minus</strong></span> <span class='ocrx_word' id='word_1_763' title='bbox 2063 5136 2158 5190; x_wconf 91' lang='lat' dir='ltr'><strong>tibi</strong></span> <span class='ocrx_word' id='word_1_764' title='bbox 2193 5136 2414 5189; x_wconf 89' lang='lat' dir='ltr'><strong>tribuet.</strong></span> 
     </span>
    </p>
   </div>
   <div class='ocr_carea' id='block_1_115' title="bbox 2007 5224 3271 5287">
    <p class='ocr_par' dir='ltr' id='par_1_115' title="bbox 2007 5224 3271 5287">
     <span class='ocr_line' id='line_1_116' title="bbox 2007 5224 3271 5287; baseline -0.006 0"><span class='ocrx_word' id='word_1_765' title='bbox 2007 5229 2305 5287; x_wconf 73' lang='lat' dir='ltr'><strong>CCCXXII.</strong></span> <span class='ocrx_word' id='word_1_766' title='bbox 2342 5257 2410 5267; x_wconf 92' lang='lat'>—</span> <span class='ocrx_word' id='word_1_767' title='bbox 2448 5226 2742 5283; x_wconf 70' lang='lat' dir='ltr'><strong>SOCliATl</strong></span> <span class='ocrx_word' id='word_1_768' title='bbox 2793 5224 3271 5281; x_wconf 73' lang='lat' dir='ltr'><strong>PRESBYTERO.</strong></span> 
     </span>
    </p>
   </div>
   <div class='ocr_carea' id='block_1_116' title="bbox 1922 5318 3423 5394">
    <p class='ocr_par' dir='ltr' id='par_1_116' title="bbox 1922 5318 3423 5394">
     <span class='ocr_line' id='line_1_117' title="bbox 1922 5318 3423 5394; baseline -0.005 -14"><span class='ocrx_word' id='word_1_769' title='bbox 1922 5323 2151 5394; x_wconf 83' lang='lat' dir='ltr'><strong>PrOpria</strong></span> <span class='ocrx_word' id='word_1_770' title='bbox 2184 5320 2326 5376; x_wconf 90' lang='lat' dir='ltr'><strong>Deus</strong></span> <span class='ocrx_word' id='word_1_771' title='bbox 2360 5321 2604 5374; x_wconf 87' lang='lat' dir='ltr'><strong>bonitate</strong></span> <span class='ocrx_word' id='word_1_772' title='bbox 2641 5321 2965 5377; x_wconf 82' lang='lat' dir='ltr'><strong>constitutis</strong></span> <span class='ocrx_word' id='word_1_773' title='bbox 2997 5318 3275 5383; x_wconf 89' lang='lat' dir='ltr'><strong>omnibus,</strong></span> <span class='ocrx_word' id='word_1_774' title='bbox 3304 5318 3423 5372; x_wconf 84' lang='lat' dir='ltr'><strong>om-</strong></span> 
     </span>
    </p>
   </div>
   <div class='ocr_carea' id='block_1_117' title="bbox 1853 5410 3421 5481">
    <p class='ocr_par' dir='ltr' id='par_1_117' title="bbox 1853 5410 3421 5481">
     <span class='ocr_line' id='line_1_118' title="bbox 1853 5410 3421 5481; baseline -0.006 -9"><span class='ocrx_word' id='word_1_775' title='bbox 1853 5432 2004 5472; x_wconf 86' lang='lat' dir='ltr'><strong>mum</strong></span> <span class='ocrx_word' id='word_1_776' title='bbox 2056 5428 2241 5469; x_wconf 88' lang='lat' dir='ltr'><strong>curam</strong></span> <span class='ocrx_word' id='word_1_777' title='bbox 2291 5412 2450 5480; x_wconf 77' lang='lat' dir='ltr'><strong>gerit,</strong></span> <span class='ocrx_word' id='word_1_778' title='bbox 2502 5426 2611 5464; x_wconf 92' lang='lat' dir='ltr'><strong>non</strong></span> <span class='ocrx_word' id='word_1_779' title='bbox 2652 5410 2973 5481; x_wconf 80' lang='lat' dir='ltr'><strong>dignitatem</strong></span> <span class='ocrx_word' id='word_1_780' title='bbox 3031 5424 3243 5473; x_wconf 89' lang='lat' dir='ltr'><strong>eorum,</strong></span> <span class='ocrx_word' id='word_1_781' title='bbox 3280 5423 3421 5479; x_wconf 78' lang='lat' dir='ltr'><strong>quos</strong></span> 
     </span>
    </p>
   </div>
   <div class='ocr_carea' id='block_1_118' title="bbox 1855 5503 3420 5582">
    <p class='ocr_par' dir='ltr' id='par_1_118' title="bbox 1855 5503 3420 5582">
     <span class='ocr_line' id='line_1_119' title="bbox 1855 5503 3420 5582; baseline -0.006 -17"><span class='ocrx_word' id='word_1_782' title='bbox 1855 5509 1972 5582; x_wconf 87' lang='lat' dir='ltr'><strong>ipse</strong></span> <span class='ocrx_word' id='word_1_783' title='bbox 2006 5507 2285 5581; x_wconf 79' lang='lat' dir='ltr'><strong>praevidet,</strong></span> <span class='ocrx_word' id='word_1_784' title='bbox 2316 5503 2641 5576; x_wconf 87' lang='lat' dir='ltr'><strong>respiciens,</strong></span> <span class='ocrx_word' id='word_1_785' title='bbox 2674 5504 2769 5561; x_wconf 89' lang='lat' dir='ltr'><strong>sed</strong></span> <span class='ocrx_word' id='word_1_786' title='bbox 2810 5504 3070 5575; x_wconf 75' lang='lat' dir='ltr'><strong>suiipsius</strong></span> <span class='ocrx_word' id='word_1_787' title='bbox 3100 5505 3420 5560; x_wconf 75' lang='lat' dir='ltr'><strong>electionem</strong></span> 
     </span>
    </p>
   </div>
  </div>
