3850 6218
454 269 562 341 199

1938 287 1998 347 S.
2032 282 2195 347 NILI

3592 296 3727 358 200

368 407 375 415 κ
454 399 510 443 et
538 387 914 456 cujuscunque
962 387 1090 443 boni
1121 356 1643 459 suppeditati’onem.
1673 392 2019 465 Quapropter

2129 396 2434 453 ἑκλεκτικόν
2470 418 2529 454 τε
2569 404 2661 457 καὶ
2715 406 2914 470 παντὸς
2945 406 3151 476 ἀγαθοῦ
3205 412 3558 481 παρεκτικόν.
3604 415 3729 467 Διὸ

452 490 509 534 et
540 479 819 542 alimenta,
865 479 1239 534 misericordia
1294 493 1348 537 et
1394 484 1912 564 commiseratione,
1964 488 2019 540 in

451 588 578 626 eum
616 572 1035 640 respicientibus
1070 573 1313 626 exhibet.
1351 573 1416 628 Et
1458 575 1559 628 hoc
1596 576 1779 643 fuerit,
1814 577 1959 647 quod
1990 592 2022 631 a

450 663 746 719 Psalmodo
792 664 1102 718 concinitur
1139 684 1153 720 :
1211 683 1230 716 ι
1270 664 1585 720 Misericors
1633 676 1687 721 et
1733 669 2024 724 miserator

455 756 741 820 Dominus,
773 773 955 811 escam
986 757 1077 811 dat
1111 760 1429 815 timentibus
1463 776 1523 815 se
1541 762 1608 815 ³⁷.
1644 781 1663 813 ν

680 849 996 905 CCCXXllI.
1027 879 1094 891 —
1122 850 1425 907 CYRIACO
1469 851 1789 909 DIACONO.

523 939 621 1003 Ne,
652 950 711 995 ut
738 945 926 997 vesani
952 941 1134 997 facere
1157 959 1405 1010 suevere,
1426 945 1697 1014 corporis,
1720 962 1840 1015 qua:
1861 962 2025 1017 gene-

446 1034 718 1088 rationem
752 1041 1076 1104 propagant,
1102 1044 1285 1104 partes
1322 1036 1595 1103 abscidas,
1646 1037 1741 1092 sed
1797 1054 2024 1108 precare

451 1140 727 1196 exoraque
787 1125 1073 1181 Dominum
1114 1128 1373 1182 invisibili
1410 1130 1653 1198 potentia
1707 1130 2021 1185 interiorem

446 1216 727 1271 hominem
758 1218 990 1282 evirare,
1022 1234 1088 1272 ne
1115 1220 1254 1271 ultra
1297 1219 1584 1292 intelligas,
1619 1236 1795 1291 neque
1842 1232 2024 1277 mente

447 1309 699 1364 revolvas
733 1310 1036 1362 masculum
1077 1318 1128 1361 et
1159 1308 1439 1363 feminam.

809 1400 969 1469 119
1000 1400 1324 1456 CCCXXIV.
1354 1431 1422 1441 --
1459 1400 1668 1458 Eidem.

522 1490 737 1546 Dietum
800 1494 1069 1561 Apostoli,
1136 1514 1154 1545 ι
1203 1496 1584 1550 Adhortamini
1639 1500 2020 1570 vosmetipsos,

444 1581 631 1635 donec
662 1581 822 1635 hodie
844 1584 1268 1653 cognominatur
1299 1584 1383 1650 ’8;
1420 1604 1438 1634 ι
1475 1593 1525 1640 et
1552 1586 1696 1656 quod
1727 1587 1779 1640 in
1806 1586 1925 1641 Jobi
1960 1588 2024 1642 li-

2125 490 2220 542 καὶ
2258 491 2463 563 τροφὴν
2489 494 2623 566 ἐλέῳ
2649 497 2743 550 καὶ
2767 500 3036 571 οἰκτιρμῷ
3064 500 3250 554 δίδωσι
3287 504 3400 565 τοῖς
3426 504 3505 567 εἰς
3532 505 3725 560 αὐτὸν

2123 581 2539 642 ἀναϐλέπουσιν.
2572 591 2684 643 Καὶ
2707 591 2865 645 τοῦτο
2892 594 2957 647 ἂν
2985 596 3067 665 εἴη
3100 596 3159 650 τὸ
3189 597 3294 651 ὑπὸ
3322 599 3417 652 τοῦ
3456 600 3729 671 Ψαλμῳ-

2122 671 2214 726 δοῦ
2245 674 2559 749 λεγόμενον,
2588 683 2671 737 ὃτι
2707 704 2726 736 ι
2751 687 3049 758 Ἐλεήμων,
3075 691 3170 743 καὶ
3197 693 3498 765 οἰκτίρμων
3525 698 3560 750 6
3588 696 3728 751 Κύ-

2128 786 2241 842 ριος
2271 771 2475 842 τροφὴν
2503 772 2686 828 δίδωσι
2708 778 2820 841 τοῖς
2854 780 3207 851 φοϐουμένοις
3234 785 3419 841 αὐτόν.
3445 807 3463 841 ι

2439 865 2693 920 ΤΚΓ’.-
2712 869 3027 942 ΚΥΡΙΑΚῼ
3056 874 3376 946 ΔῙΑΚΟΝῼ.

2193 955 2287 1027 Μὴ
2314 955 2452 1010 κατὰ
2474 958 2600 1023 τοὺς
2622 959 2864 1031 ἄφρονας
2890 962 3079 1033 βούλου
3104 966 3356 1036 ἐκτεμεῖν
3375 967 3446 1022 τά
3471 969 3573 1022 τοῦ
3604 970 3726 1024 σώ-

2128 1060 2296 1114 ματος
2347 1050 2642 1118 γεννητικὰ
2692 1050 2877 1122 μόρια,
2910 1054 3025 1107 ἀλλ’
3051 1055 3231 1127 εὔχου,
3265 1058 3360 1111 καὶ
3388 1063 3727 1129 παρακάλει

2123 1136 2214 1190 τὸν
2243 1135 2446 1209 Κύριον
2479 1139 2695 1212 ἀοράτῳ
2719 1143 2947 1214 δυνάμει
2978 1147 3289 1217 εὐνουχίσαι
3324 1152 3416 1203 τὸν
3449 1152 3564 1205 ἔσω
3608 1155 3726 1209 ἆν-

2126 1226 2366 1299 θρωπον,
2417 1230 2505 1284 ἵνα
2542 1233 2741 1304 μηκέτι
2781 1236 2990 1308 ὲννοῇς,
3029 1240 3164 1310 μηδὲ
3201 1241 3481 1317 διαλογίζη
3532 1245 3724 1317 ἄρσεν

2128 1320 2222 1375 καὶ
2249 1320 2405 1392 θῆλυ.

2598 1415 2770 1472 ΤΚΔ’.
2813 1452 2883 1462 -
2918 1419 3002 1486 Τῷ
3035 1424 3215 1489 αὐτῷ.

2194 1504 2268 1557 Τὸ
2304 1506 2476 1560 εἰπεῖν
2506 1507 2595 1562 τὸν
2640 1510 2979 1568 ’Λπόστολονο
3021 1536 3037 1568 ι
3068 1518 3442 1589 Παρακαλεῖτε
3468 1522 3723 1586 ἑαυτοὺς

2124 1595 2282 1668 ἄχρις
2310 1592 2369 1651 οὗ
2400 1600 2459 1653 τὸ
2489 1602 2731 1672 σήμερον
2791 1607 3058 1671 καλεῖται,
3099 1630 3118 1662 ι
3162 1613 3257 1665 καὶ
3302 1613 3364 1666 τὸ
3389 1616 3724 1687 γεγράφθαι

450 1674 551 1727 bro
580 1672 843 1742 scriptum
873 1684 994 1728 est:
1035 1694 1052 1725 ι
1094 1673 1318 1729 Factum
1351 1685 1453 1738 est,
1504 1686 1563 1731 ut
1606 1678 1723 1733 dies
1755 1679 1867 1733 haec
1895 1680 1961 1743 9’,
1995 1698 2015 1732 ι

2129 1689 2183 1740 ὲν
2205 1691 2272 1759 τῇ
2304 1688 2473 1760 βίϐλῳ
2514 1693 2609 1746 τοῦ
2658 1695 2796 1748 Ἰώϐ-
2839 1716 2857 1749 ‹
2906 1698 3153 1768 Ἐγένετο
3203 1703 3279 1768 δὲ,
3308 1672 3724 1778 (ὓς-η’·ήμέρα

446 1774 695 1827 praesens
726 1776 899 1814 aevum
930 1764 1249 1816 universum
1287 1765 1492 1819 indicat
1524 1781 1542 1818 :
1573 1784 1716 1821 unus
1746 1769 2019 1839 siquidem

2129 1777 2283 1850 αὕτη,
2332 1800 2350 1832 ι
2406 1782 2497 1836 τὸν
2532 1786 2776 1857 παρόντα
2834 1790 3005 1845 αἰῶνα
3036 1794 3154 1847 ὅλον
3211 1794 3379 1865 δηλοῖ’

448 1853 568 1907 dies
600 1862 685 1909 est
719 1854 955 1908 humana
995 1857 1103 1909 vita
1135 1858 1335 1911 omnis.
1372 1859 1650 1913 Continuo
1680 1862 1846 1926 enim,
1883 1877 2024 1917 sem-

450 1959 657 2014 perque
705 1942 939 2000 Satanas
988 1950 1261 2015 exposcit.
1316 1946 1544 2003 Factum
1587 1952 1771 2020 itaque
1808 1963 1913 2018 est,
1963 1959 2024 2006 u’t

450 2034 568 2090 dies
620 2037 771 2100 haec,
816 2038 921 2091 hoc
969 2048 1074 2100 est,
1130 2040 1237 2092 tale
1276 2039 1407 2109 quid
1455 2050 1587 2095 tunc
1623 2042 1740 2096 ﬁeri
1772 2043 2020 2113 contigit,

446 2128 612 2196 quale
665 2137 720 2182 et
775 2129 982 2183 nostris
1037 2130 1186 2185 hisce
1251 2133 1592 2201 temporibus
1644 2150 2023 2205 saepenumero

450 2219 708 2274 usuvenit
762 2220 854 2287 iis,
905 2222 995 2291 qui
1051 2237 1081 2274 a
1138 2222 1357 2277 diabolo
1410 2233 1712 2282 tentantur.
1763 2228 1913 2283 Adeo
1965 2240 2025 2282 ut

450 2310 595 2366 haud
639 2322 791 2367 recte
843 2312 1008 2368 fuerit
1061 2325 1444 2385 contemnere;
1482 2320 1733 2388 quinimo
1762 2321 2021 2391 depreca-

446 2404 599 2457 tione
636 2413 691 2457 et
741 2403 980 2473 Spiritus
1022 2408 1406 2462 consolatione
1446 2418 1686 2463 mentem
1719 2410 2017 2477 ﬁrmemus,

447 2511 519 2551 ne
550 2511 650 2549 nos
677 2494 1027 2551 adversarius
1061 2513 1155 2566 per
1181 2499 1622 2569 desperationem
1659 2502 1946 2572 obglutiat.

917 2586 1221 2644 CCCXXV.
1246 2622 1314 2632 -—
1339 2592 1548 2646 Eidem.

517 2699 747 2754 Occulta
796 2716 964 2754 manu
1016 2700 1163 2757 Deus
1222 2702 1363 2757 bello
1435 2712 1595 2758 vexat
1642 2704 1864 2760 Amalec
1895 2746 1911 2770 ,
1965 2716 2025 2761 ut

446 2792 615 2843 rel'ert
663 2789 876 2861 Moyses
907 2792 945 2843 ι.
974 2789 1238 2847 Dominus
1295 2794 1441 2847 enim
1491 2806 1700 2862 noster,
1736 2796 2021 2852 oculorum

446 2879 716 2951 effugiens
745 2882 1019 2944 obtutum,
1064 2898 1165 2951 pro
1200 2884 1359 2939 nobis
1390 2885 1667 2941 diabolum
1698 2901 1972 2960 oppugnat
2001 2908 2017 2945 :

447 2991 549 3030 nos
590 2990 720 3030 vero
753 2985 971 3045 propter
1003 2991 1200 3029 nomen
1235 2993 1418 3042 suum,
1450 2987 1505 3033 et
1541 2981 1819 3049 propriam
1852 2983 2021 3038 misc-

3438 1799 3540 1869 μία
3595 1801 3724 1871 γὰρ

2124 1869 2304 1941 ἡμέρα
2334 1873 2442 1935 πᾶς
2470 1875 2497 1926 6
2525 1875 2864 1946 ἀνθρώπινος
2895 1880 3026 1951 βίος.
3058 1885 3331 1955 Διηνεκῶς
3361 1888 3569 1953 τοίνυν,
3612 1869 3722 1945 καὶ

2123 1959 2211 2012 ἀεὶ
2242 1959 2533 2027 ὲξαιτεῖται
2560 1968 2587 2019 6
2608 1967 2871 2032 Σατανᾶς.
2910 1970 3155 2040 Ἐγένετο
3184 1971 3297 2038 οὖν,
3329 1980 3517 2048 φησὶν,
3553 1981 3635 2044 ὡς
3679 1985 3717 2053 ἠ

2124 2052 2306 2123 ἡμέρα
2326 2053 2497 2142 αὕτη,
2527 2060 2793 2125 τουτέστι,
2826 2063 3062 2118 τοιοῦτόν
3090 2083 3143 2119 τι
3171 2068 3293 2121 τότε
3317 2071 3518 2142 συνέϐη
3551 2052 3718 2141 γενέέ

2124 2147 2268 2208 σθαι,
2292 2141 2403 2201 οἷον
2429 2149 2523 2202 καὶ
2557 2149 2641 2219 ἐφ’
2675 2152 2831 2224 ἡμῶν
2860 2154 2953 2208 νῦν
2982 2156 3241 2223 πολλάκις
3268 2141 3559 2230 συμϐαίνει
3593 2167 3718 2230 τοῖς

2124 2236 2230 2290 ὑπὸ
2269 2239 2364 2292 τοῦ
2399 2239 2643 2295 διαϐόλου
2680 2245 3115 2316 πειραζομένοις.
3139 2250 3303 2305 Ὥστε
3346 2248 3438 2306 οὖν
3481 2254 3561 2326 μὴ
3596 2258 3717 2309 ὀλι-

2122 2330 2322 2395 γωρεῖν
2364 2328 2548 2398 καλὸν,
2572 2334 2637 2403 τῇ
2674 2336 3012 2408 παρακλήσει
3058 2339 3135 2405 δὲ,
3162 2342 3256 2394 καὶ
3285 2346 3352 2415 τῇ
3386 2347 3717 2418 παρηγορίᾳ

2121 2418 2215 2471 τοῦ
2246 2421 2560 2492 Πνεύματος
2599 2427 2856 2496 ῥωννύειν
2883 2429 2945 2483 τὸ
2980 2433 3259 2503 φρόνημα,
3300 2436 3385 2490 ἵνα
3416 2441 3497 2509 μὴ
3529 2457 3708 2495 κατα-

2125 2511 2223 2584 πίῃ
2249 2514 2277 2567 6
2325 2514 2514 2587 ἐχθρὸς
2543 2519 2683 2588 ἡμᾶς
2705 2519 2792 2572 διά
2821 2521 2920 2592 τῆς
2958 2524 3342 2591 ἀπογνώσεως.

2611 2610 2788 2665 TKE’.
2814 2641 2887 2651 ——
2913 2611 2995 2678 Τῷ
3023 2613 3202 2680 αὐτῷ.

2194 2695 2419 2768 Κρυφίᾳ
2479 2701 2625 2769 χειρὶ
2668 2702 2696 2753 6
2743 2702 2876 2766 Θεὸς
2905 2705 3134 2775 πολεμεῖ
3160 2707 3249 2761 τὸν
3296 2707 3570 2780 Ἀμαλὴκ,
3629 2713 3710 2776 ὡς

2120 2785 2267 2854 λέγει
2288 2790 2315 2841 6
2331 2789 2591 2861 Μωῦσῆς.
2611 2790 2668 2843 Ὀ
2687 2793 2795 2863 γὰρ
2816 2796 3091 2866 Δεσπότης
3109 2798 3267 2869 ἡμῶν
3288 2801 3537 2872 ἀοράτως
3565 2804 3709 2873 ύπὲτ

2119 2878 2278 2949 ἡμῶν
2312 2880 2579 2950 ἀμύνεται
2604 2883 2695 2939 τὸν
2719 2885 2989 2939 διάϐολον·
3018 2890 3163 2959 ἡμᾶς
3181 2890 3239 2943 δὲ
3264 2891 3426 2963 χάριν
3453 2894 3551 2947 τοῦ
3583 2896 3705 2949 ὀνόο

2125 2986 2294 3039 ματος
2334 2972 2521 3037 αὐτοῦ,
2570 2976 2668 3030 καὶ
2697 2977 2791 3030 τοῦ
2821 2978 3022 3032 οἰκείου
3056 2980 3241 3044 ἐλέους
3272 2985 3576 3056 εὐεργετεῖ,
3614 2990 3707 3041 καὶ

446 3068 743 3123 ricordiam
778 3069 1057 3124 beneﬁciis
1094 3069 1277 3136 allicit,
1307 3069 1471 3137 fovet,
1498 3073 1748 3134 mdilieat,
1779 3075 2019 3137 ordinat,

2129 3059 2342 3127 Θάλπει,
2386 3063 2479 3116 καὶ
2514 3065 2807 3135 οἰκοδομεῖ,
2847 3068 2942 3120 καὶ
2970 3071 3313 3139 καταρτίζει,
3338 3076 3704 3145 περιφράττε-

447 3161 602 3217 intus
655 3169 923 3231 extraque
985 3163 1365 3233 circumsepit,
1422 3166 1667 3219 custodit
1729 3174 1783 3219 et
1841 3178 2019 3222 servat

2129 3170 2182 3206 τε
2217 3153 2437 3221 ἔσωθεν,
2481 3157 2575 3210 καὶ
2616 3157 2837 3223 ἔξωθεν,
2887 3162 2981 3213 καὶ
3020 3163 3367 3232 περισκέπει,
3405 3164 3503 3218 καὶ
3542 3165 3703 3232 σώζει

447 3254 841 3313 misericordiaa
872 3270 936 3308 ac
966 3255 1331 3310 humanitatis
1358 3271 1549 3312 amans
1578 3250 1865 3312 Dominus.

682 3346 1004 3403 CCCXXV].
1026 3376 1096 3387 —-
1125 3347 1499 3403 THEODOTO
1534 3347 1796 3402 COMITI.

521 3438 697 3493 Divini
749 3440 927 3511 angeli
978 3439 1481 3511 Dominnmrsuum
1534 3441 1799 3496 imitando
1826 3456 2021 3496 conse-

446 3540 688 3596 ctantur,
746 3531 982 3601 ideoque
1033 3532 1271 3602 diligunt
1336 3532 1727 3590 humilitatem.
1789 3532 2022 3600 Quando

448 3624 633 3694 itaque
650 3624 953 3679 monachus
972 3624 1094 3679 vita:
1113 3639 1225 3679 suae
1245 3639 1309 3679 ac
1326 3624 1565 3680 instituti
1588 3625 1921 3680 sublimitate
1938 3626 2024 3678 in-

448 3718 754 3783 solescens,
822 3717 1135 3787 superbiam
1213 3716 1581 3786 amplectitur,
1662 3733 1787 3771 cum
1849 3734 2024 3787 eaque

447 3810 589 3864 adeo
622 3809 764 3864 fixus
793 3817 899 3870 est,
937 3816 995 3862 ut
1025 3808 1183 3861 avelli
1230 3824 1338 3862 non
1385 3811 1581 3878 possit.
1612 3809 1788 3880 angeli
1832 3825 2023 3877 super-

446 3900 681 3955 bientem
742 3899 900 3968 120
946 3898 1098 3951 illum
1147 3898 1433 3960 deserunt,
1483 3900 1757 3969 longeque
1804 3914 1863 3955 se
1914 3901 2023 3954 alio

447 3991 762 4053 conferunt,
806 3997 1099 4044 renuentes
1151 3999 1353 4059 tegere,
1399 3992 1600 4045 auxilia
1651 3991 1813 4057 ferre,
1845 4004 2023 4046 custo-

446 4083 565 4138 dire
604 4090 659 4138 et
710 4096 1076 4153 propugnare,
1129 4093 1188 4135 ut
1224 4094 1279 4135 et
1330 4090 1509 4137 antea.
1564 4083 1874 4152 Statimque
1918 4083 2023 4136 ini-

446 4174 700 4245 quissimi
738 4175 1014 4229 daemones
1054 4173 1429 4235 advenientes,
1484 4182 1538 4227 et
1586 4175 1743 4229 beata
1794 4177 1883 4229 illa
1921 4192 2020 4230 cu-

448 4267 627 4321 stodia
679 4265 972 4335 spoliatum
1016 4266 1337 4335 amplexati,
1393 4282 1504 4335 prae
1544 4268 1802 4337 superbia
1852 4269 2018 4323 tumi-

445 4349 576 4402 dum
608 4349 664 4402 in
700 4347 1144 4412 fornicationem,
1170 4347 1632 4415 furtum,c:edem,
1667 4351 2016 4417 adulterium,

2121 3247 2151 3298 6
2179 3247 2593 3318 φιλοικτίρμων,
2622 3253 2715 3303 καὶ
2745 3252 3122 3321 φιλάνθρωπος
3155 3255 3376 3326 Κύριος.

2434 3337 2627 3406 TKG’.
2644 3369 2717 3378 —
2735 3340 3041 3415 ΘΕΟΔΟΤῼ
3085 3346 3381 3403 ΚΟΜΗΤΙ.

2192 3426 2296 3480 Τὸν
2324 3428 2600 3501 Δεσπότην
2640 3432 2847 3487 ἑαυτῶν
2874 3436 2923 3487 οἱ
2949 3436 3081 3491 θεῖοι
3117 3440 3445 3511 μιμούμενοι
3474 3446 3697 3516 ἄγγελοι

2120 3518 2219 3590 τὴν
2237 3523 2736 3596 ταπεινοφροσύνην
2761 3527 3069 3595 ἀγαπῶσιν.
3107 3532 3278 3587 Ἐπάν
3306 3535 3487 3591 τοίνυν
3532 3556 3687 3608 μονα-

2121 3614 2215 3682 χὸ;
2251 3616 2621 3685 γαυρούμενος
2668 3617 2745 3689 τῷ
2781 3619 2903 3690 ὖψει
2942 3621 3041 3691 τῆς
3072 3624 3368 3691 πολιτείας,
3403 3628 3502 3699 τὴν
3535 3632 3691 3703 ὑπερ-

2122 3706 2386 3774 ηφάνειαν
2432 3707 2767 3780 ἀσπάσηται,
2830 3713 2927 3767 καὶ
2973 3716 3181 3787 ταύτης
3226 3718 3699 3786 δυσαποσπάστως

2122 3798 2241 3867 ἔχῃ,
2272 3798 2657 3855 ἀπολείπουσιν
2675 3805 2723 3856 οξ
2751 3805 2973 3874 ἄγγελοι
2990 3807 3080 3860 τὸν
3103 3809 3585 3884 ἀλαζονευόμενον,
3604 3819 3695 3869 κὰδ

2125 3892 2341 3961 μακρὰν
2374 3891 2720 3961 ἀφίστανται.
2766 3898 2962 3968 μηκέτι
3011 3899 3255 3966 θέλοντες
3287 3905 3535 3973 σκέπειν,
3570 3909 3696 3979 βοη-

2122 3984 2234 4037 θεῖν
2259 4002 2318 4037 τε
2370 3987 2463 4039 καὶ
2491 3991 2763 4059 φρουρεῖν,
2789 3992 2883 4044 καὶ
2900 3993 3413 4063 ἀντιλαμϐάνεσθαι,
3444 4000 3697 4069 καθάπερ

2121 4079 2215 4129 καὶ
2250 4076 2538 4148 πρότερον.
2563 4079 2738 4144 Εὐθὺς
2763 4082 2821 4135 δὲ
2852 4083 3244 4157 ἐπιδραμόντες
3272 4090 3321 4141 οἱ
3345 4092 3697 4163 παμπόνηροι

2118 4166 2393 4238 δαίμονες,
2427 4170 2522 4223 καὶ
2554 4172 2967 4241 συμπλακέντες
3004 4176 3082 4246 τῷ
3111 4180 3576 4250 ἀπορφανισθέντι
3598 4184 3694 4254 τῆς

2123 4262 2400 4332 μακαρίας
2427 4267 2691 4334 φρουρᾶς,
2728 4268 3124 4323 καταϐάλλουσι
3153 4272 3245 4325 τὸν
3280 4279 3696 4346 πεφυσιωμένοι]

2118 4354 2200 4416 εἰς
2223 4354 2498 4424 πορνείαν,
2540 4356 2572 4426 ἢ
2605 4357 2829 4427 κλοπὴν,
2872 4359 2903 4430 ἢ
2962 4364 3329 4429 φονοκτονίαν,
3357 4368 3629 4437 μοιχείαν,
3658 4369 3691 4438 ἢ

447 4452 544 4496 aut
590 4441 645 4494 in
692 4439 841 4494 aliud
884 4440 1185 4511 quidquam
1237 4457 1303 4495 ex
1352 4443 1540 4498 vetitis
1571 4445 1908 4513 praecipitem
1938 4443 2020 4498 fe-

2129 4442 2308 4514 έτερόν
2333 4462 2385 4497 τι
2418 4445 2525 4498 τῶν
2559 4449 3043 4520 ἀπηγορευμένων.
3081 4454 3302 4519 Μείζων
3342 4458 3452 4527 γὰρ
3477 4460 3695 4512 πάντων

446 4543 599 4590 runt.
630 4532 891 4588 Omnium
940 4533 1210 4603 siquidem
1258 4536 1529 4591 scelerum
1564 4538 2024 4593 immanissimum

444 4629 626 4684 scelus
653 4636 737 4681 est
755 4628 1034 4696 superbia,
1060 4636 1115 4682 et
1140 4644 1235 4697 per
1269 4644 1387 4682 eam
1418 4629 1689 4684 universa:
1718 4630 2023 4701 iniquitatis

443 4734 639 4782 auctor
678 4725 746 4779 de
780 4726 919 4779 caelo
944 4725 998 4778 in
1037 4733 1239 4778 terram
1289 4723 1519 4777 corruit.
1554 4722 1732 4778 Haaca
1764 4738 1851 4777 me
1900 4721 2022 4777 ideo

444 4820 591 4874 dicta
650 4825 800 4875 sunt,
860 4816 1014 4896 quod
1058 4830 1087 4868 a
1148 4831 1233 4869 me
1297 4816 1612 4884 postulasti,
1665 4814 2019 4884 quamobrem

443 4904 692 4959 nonnulli
737 4919 804 4957 ex
838 4903 947 4966 his.
980 4904 1075 4972 qui
1118 4918 1178 4957 se
1222 4903 1477 4957 ascetieaa
1512 4903 1635 4957 vitae
1670 4903 2022 4967 addixerunt,

443 4996 740 5068 aliquando
788 4997 843 5049 in
905 4994 1103 5064 impias
1168 4995 1527 5064 Operationes
1605 4994 2026 5064 horrendosque

444 5088 637 5158 lapsus
667 5086 905 5141 cadunt?
942 5085 1150 5139 Bonum
1214 5086 1399 5154 itaque
1443 5085 1612 5140 fuerit
1660 5087 1867 5140 bonum
1910 5101 2026 5139 am-

443 5180 631 5249 plecti,
663 5180 1037 5247 rontinuoqne
1087 5178 1221 5231 illud
1252 5186 1438 5232 tenere
1487 5196 1499 5231 :
1551 5186 1605 5231 at
1639 5177 1715 5231 nil
1744 5178 2026 5232 moderata

445 5279 629 5326 mente
660 5272 1038 5342 praestantius,
1070 5287 1236 5339 quam
1268 5278 1323 5324 et
1355 5270 1613 5325 Christus
1641 5272 1889 5325 omnium
1925 5270 2023 5325 Do-

443 5362 650 5425 minus,
683 5369 736 5414 et
764 5360 929 5424 Deus,
961 5371 1017 5415 et
1052 5362 1281 5421 Auctor,
1325 5375 1449 5414 cum
1490 5360 1545 5414 in
1568 5375 1737 5415 carne
1764 5376 1887 5415 cum
1924 5361 2023 5413 ho-

443 5454 686 5507 minibus
742 5462 910 5513 esset,
985 5453 1147 5507 nobis
1215 5453 1473 5508 omnibus
1544 5457 2019 5518 cominonstravit,

380 5538 395 5553 ’
443 5542 757 5612 imitarique
785 5544 1043 5613 praicepit
1076 5543 1332 5613 inquiens
1362 5561 1375 5595 :
1422 5562 1441 5595 ι
1484 5543 1688 5600 Discite
1721 5560 1750 5598 a
1781 5562 1866 5601 me
1893 5548 2021 5616 quia

2122 4534 2233 4589 τῶν
2293 4538 2781 4609 πλημμελημάτων
2820 4542 3201 4616 πλημμέλημά
3242 4547 3388 4599 ἐστιν
3436 4547 3469 4617 ὴ
3527 4548 3694 4618 ὑπερ-

2124 4631 2381 4701 ηφάνεια,
2412 4634 2506 4685 καὶ
2544 4632 2633 4687 διά
2659 4633 2860 4705 ταύτην
2890 4637 2919 4688 6
2958 4638 3138 4708 πάσης
3178 4639 3512 4711 φαυλότητος
3539 4643 3693 4711 εὑρε-

2123 4722 2220 4793 τὴς
2246 4722 2489 4788 διάϐολος
2518 4726 2583 4779 ὲκ
2608 4726 2714 4779 τῶν
2732 4727 2979 4799 οὐρανῶν
3007 4730 3086 4792 είς
3107 4731 3205 4801 τὴν
3230 4735 3334 4801 γῆν
3363 4750 3491 4787 κατε
3500 4734 3687 4805 ῥρίφη.

2123 4813 2310 4868 Ταῦτά
2342 4833 2431 4885 μοι
2463 4818 2701 4888 εἴρηται,
2736 4818 2871 4872 διότι
2897 4820 3189 4891 ὴρώτησάς
3217 4840 3310 4892 με,
3337 4824 3478 4887 τίνος
3505 4825 3688 4878 ἕνεκεν

2120 4907 2262 4971 τινὲς
2288 4908 2397 4962 τῶν
2444 4910 2536 4963 τὸν
2575 4911 2875 4984 ἀσκητικὸν
2918 4914 3296 4985 προελομένων
3350 4916 3465 4985 βίον
3512 4916 3688 4990 καιρῷ

2120 5015 2225 5052 τινι
2253 5000 2389 5070 πρὸς
2425 5000 2713 5071 ἀθεμίτους
2754 5006 3153 5075 καταφέρονται
3193 5008 3439 5074 πράξεις,
3467 5012 3564 5063 καὶ
3592 5027 3686 5079 φο·

2122 5089 2259 5159 ϐερά
2288 5091 2589 5161 πτώματα;
2631 5094 2810 5148 Καλὸν
2848 5097 3129 5167 τοιγάρτοι
3176 5099 3539 5165 ἀσπάζεσθαι,
3596 5099 3712 5174 ita;

2122 5184 2343 5250 κρατεῖν
2378 5182 2640 5253 διηνεκῶς
2692 5184 2754 5238 τὸ
2818 5187 3001 5241 καλόν
3034 5189 3186 5241 οὐδὲν
3224 5190 3279 5243 δὲ
3332 5190 3552 5244 κάλλιον
3591 5194 3684 5260 τῆς

2124 5275 2609 5346 μετριοφροσύνης,
2663 5278 2854 5348 ἥντινα
2909 5280 3003 5333 καὶ
3061 5282 3351 5352 Χριστὸςό
3390 5283 3500 5337 τῶν
3554 5286 3684 5338 ὅλων

2119 5364 2343 5436 Κύριος,
2370 5369 2465 5420 καὶ
2486 5367 2642 5432 Θεὸς,
2671 5371 2768 5423 καὶ
2793 5373 3198 5443 Δεσπότηςτοῖς
3222 5374 3532 5447 ἀνθρώποις
3564 5393 3683 5428 συν-

2118 5459 2592 5530 αναστρεφόμενος
2626 5460 2686 5513 τὸ
2722 5462 2864 5516 κατά
2891 5466 3089 5535 σάρκα,
3122 5469 3285 5520 πᾶσιν
3323 5469 3454 5528 ’ἡμῖν
3491 5468 3682 5522 ἐνεδεί-

2122 5550 2268 5618 ξατο,
2318 5552 2412 5605 καὶ
2460 5552 2656 5624 ζηλοῦν
2710 5558 3007 5627 προσέταξε
3052 5558 3244 5629 λέγων·
3280 5578 3297 5611 ι
3332 5560 3548 5615 Μάθετε
3588 5558 3678 5614 ἀπ’

510 5719 559 5753 ’⁷
592 5718 737 5776 Psal.
775 5732 864 5787 cx,
898 5737 950 5776 ο.
1012 5718 1074 5799 ,⁸⁸
1112 5719 1279 5777 Hebr.
1312 5737 1394 5785 in,
1433 5721 1519 5777 15.
1591 5723 1642 5785 τ⁹⁹
1668 5721 1771 5780 Job
1808 5740 1867 5797 ιι,
1904 5727 1957 5781 1.
1984 5791 2020 5806 ρ

2134 5726 2260 5786 xod.
2293 5743 2424 5799 ινιι,
2451 5731 2484 5786 8
2516 5744 2635 5803 sqq.
