3850 6218
193 251 305 317 201

1475 253 2007 316 EPISTOLARUM
2045 255 2191 315 LIB.
2217 256 2268 315 I.

3367 259 3471 320 202

195 371 348 440 ἐμοῦ
378 409 397 434 ,
449 371 539 424 δτι
573 371 744 442 πρᾶός
780 371 898 441 είμι
931 371 1024 426 καί
1056 371 1312 434 ταπεινὸς
1346 375 1414 440 τῇ
1454 372 1681 442 καρδίᾳ,
1711 372 1788 424 κα“

1911 371 2062 426 mitis
2103 386 2224 425 sum
2274 379 2324 423 et
2368 369 2594 424 humilis
2628 369 2817 432 corde.
2853 377 2909 425 et
2948 369 3194 440 requiem
3222 370 3470 426 stabilem

195 463 528 516 ἀνάπαυσιν
546 461 769 531 βεϐαίαν
795 462 1055 533 εὑρήσετε
1078 465 1199 526 ταῖς
1231 463 1525 533 ὑμετέραις
1544 463 1761 532 ψυχαῖς.
1776 481 1797 516 ι

466 553 640 606 ΤΚΖ’.
672 580 741 591 -
770 552 1111 624 1ΠΠΟΝΙΚῼ
1139 551 1553 622 ΣΚΡΙΝΙΑΡΙῼ.

279 640 554 713 Εΰῖονται
602 643 870 707 πολλάκις
915 642 1059 707 τινὲς
1109 642 1492 714 ἀπαλλαγῆναι
1520 641 1614 695 τοῦ
1667 642 1800 696 ἰδίου

201 733 495 800 σώματος,
550 731 628 795 ὡς
661 731 798 802 πρὸς
846 731 908 785 τὸ
953 733 1288 803 ἁμαρτάνειν
1330 733 1429 800 τὴν
1471 731 1645 800 ψυχὴν
1675 748 1802 783 συν-

643 822 840 893 Ἐχρῆν
909 822 964 876 δὲ
1023 823 1218 885 αὐτοὺς
1286 821 1486 892 μᾶλλον
1546 820 1800 890 εὔχεσθαι

202 919 600 987 ἀπαλλαγῆναι
630 918 726 971 τοῦ
765 920 974 971 ἑαυτῶν
1009 919 1282 990 μοχθηροῦ
1320 920 1546 989 τρόπου,
1585 922 1680 974 καὶ
1699 919 1800 990 τῆς

202 1008 518 1078 ἐμπαθῶς,
543 1009 642 1061 καὶ
689 1009 985 1081 φιλορύπου
1020 1011 1269 1080 γνώμης.

201 824 553 886 εὶαύνοντος.

713 1182 893 1237 TKH'.
921 1181 1092 1247 -Τῷ
1124 1182 1304 1249 αὐτῷ.

274 1273 339 1324 Αἱ
369 1274 558 1342 χεῖρες
587 1270 684 1324 τοῦ
731 1273 971 1344 Χριστοῦ
1003 1278 1412 1344 προσπαγείσαι
1447 1273 1526 1345 τῷ
1551 1276 1792 1347 σταυρῷ,

203 1365 298 1414 καὶ
326 1363 376 1414 οἰ
411 1362 581 1422 πόδες
613 1362 1058 1434 προσηλωθέντες
1104 1365 1425 1434 σημαίνουσι
1456 1366 1706 1435 πράξεών
1734 1383 1796 1420 τε

203 1453 483 1522 πονηρῶν,
513 1452 723 1505 καὶτοῦ
754 1453 890 1524 πρὸς
920 1455 1099 1509 πᾶσαν
1127 1455 1444 1508 δυσσέϐειαν
1475 1459 1568 1510 καὶ
1615 1460 1795 1530 ἀμαρ-

203 1543 320 1595 τίαν
349 1543 561 1611 δρόμου
617 1541 870 1611 κώλυμα,
903 1543 999 1596 καὶ
1033 1543 1393 1614 κατάργησιν,
1438 1545 1531 1598 καὶ
1576 1546 1794 1616 στερεὸν

203 1635 577 1703 ἐμποδισμόν.
614 1635 694 1706 Τῇ
722 1635 832 1704 γὰρ
864 1634 1037 1705 ἰσχύει
1067 1635 1158 1688 τοῦ
1189 1635 1518 1690 Δεσποτικοῦ
1557 1636 1790 1708 σταυροῦ

1904 462 2198 516 invenietis
2231 462 2518 516 animabus
2551 464 2753 517 vestris
2779 463 2823 516 ’.
2858 481 2878 514 ι

2041 553 2387 608 CCCXXV“.
2428 585 2492 594 —
2521 551 2880 608 HIPPONICO
2916 551 3328 608 SCRINIARIO.

1975 643 2186 714 Sapius
2247 644 2493 698 nonnulli
2516 659 2706 714 preces
2754 642 3060 706 effundunt,
3105 653 3219 697 uta
3252 645 3474 712 proprio

1900 735 2207 792 liberentur
2237 751 2490 805 corpore,
2524 747 2785 804 tanquam
2837 735 2904 790 ab
2929 751 3015 797 eo,
3045 738 3190 803 quod
3231 738 3470 789 animam

1901 823 1970 878 ad
2005 822 2428 892 delinquendum
2462 822 2762 892 compellit.
2811 819 3004 875 Potius
3052 821 3165 875 illis
3222 836 3474 890 compre-

1900 914 2138 968 candum
2175 922 2356 979 esset,
2385 921 2498 968 uta
2538 914 2777 983 propriis
2827 913 3157 968 facinorosis
3203 915 3470 975 moribus.

1898 1009 2191 1072 menteque
2213 1001 2456 1066 sordida,
2489 1011 2544 1056 et
2565 1001 2948 1057 affectionibus
2985 1003 3232 1057 involuta
3270 1017 3472 1057 exone-

1899 1097 2176 1147 rarentur.

2231 1183 2384 1252 l2],
2437 1181 2806 1238 CCCXXVIII.
2834 1213 2903 1223 —
2929 1181 3138 1238 Eidem.

1970 1275 2162 1331 Manus
2190 1276 2392 1331 Christi
2430 1276 2582 1330 cruci
2615 1276 2808 1342 allixa,
2843 1277 3120 1347 pedesque
3145 1278 3318 1333 clavis
3347 1294 3472 1349 per-

1897 1368 2083 1435 forati,
2121 1370 2388 1422 malarum
2439 1369 2740 1433 actionum,
2783 1377 2835 1423 et
2867 1368 2934 1422 ad
2963 1384 3180 1422 omnem
3219 1371 3472 1442 impieta-

1895 1469 2005 1516 tem
2060 1471 2113 1516 et
2141 1461 2324 1515 scelus
2356 1460 2593 1528 impetus
2627 1461 3098 1530 impedimentum,
3127 1471 3182 1515 et
3205 1464 3472 1517 cessatio-

1895 1567 2019 1606 nem
2084 1551 2412 1621 firmumque
2464 1553 2812 1606 obstaculum
2849 1561 3062 1608 notant.
3097 1551 3343 1622 Namque
3370 1554 3473 1607 Do-

1897 1642 2115 1697 minica
2145 1643 2332 1696 crucis
2376 1643 2580 1697 virtute
2630 1643 3052 1712 prostravimus,
3083 1658 3145 1697 ac
3181 1644 3474 1698 conculca-

203 1728 706 1793 κατεπαλαίσαμεν,
733 1727 827 1780 καὶ
851 1729 1330 1798 κατεπατήσαμεν,
1356 1730 1452 1780 καὶ
1495 1726 1788 1791 ἐξεὸιασά-

1901 1735 2093 1799 vimus,
2139 1743 2196 1788 et
2255 1733 2628 1804 ablegavimus
2684 1734 2838 1803 prius
2888 1749 2990 1790 nos
3045 1735 3354 1790 vincentem
3405 1751 3470 1788 ac

207 1817 345 1886 μεθα
368 1818 476 1884 τὴν
530 1815 725 1886 πρώην
751 1817 897 1886 ἡμεῖς
923 1817 1184 1882 νικῶσαν,
1213 1817 1310 1871 καὶ
1338 1817 1636 1871 ἀπατῶσαν
1693 1817 1790 1872 καὶ

204 1908 615 1978 ἐκϐιαζομένην
646 1907 940 1978 ἁμαρτίαν.

662 2001 835 2055 mea
861 2029 932 2041 —
961 2000 1339 2073 ΜΛΥΡΙΑΝῼ.

278 2095 339 2148 '0
390 2093 492 2147 τοῦ
555 2093 691 2148 Θεοῦ
725 2094 854 2158 Υἱὸς
890 2093 1097 2165 Ἰησοῦς
1131 2093 1371 2164 Χριστὸς
1413 2094 1514 2147 οὐκ
1539 2093 1793 2160 ἐφείσατο

203 2186 544 2251 ἐσυτοῦ,ῖνα
591 2186 747 2256 ἡμῶν
788 2185 1064 2257 φείσηται⁹
1118 2186 1149 2238 6
1200 2184 1362 2256 μόνος
1409 2186 1792 2256 ἀναμάρτητος

202 2276 501 2329 ἀποθανὼν
532 2277 675 2348 ὑπὲρ
702 2276 810 2330 τῶν
858 2276 1224 2347 ἁμαρτωλῶν.
1262 2276 1355 2331 Μὴ
1389 2271 1485 2330 οὖν
1517 2277 1793 2346 ἀποτίνω-

205 2386 326 2435 σκε,
359 2369 484 2421 ἀλλ’
517 2368 740 2436 ἐπείγου
778 2369 914 2439 πρὸς
944 2370 1006 2420 τὸ
1039 2368 1231 2422 σῶσον.

423 2459 555 2512 ΤΛ¹.
583 2487 654 2497 -
688 2458 1065 2530 ΘΕΟΠΟΜΠῼ
1112 2458 1577 2530 ΣΥΓΚΛΗΤΙΚῼ.

271 2549 566 2612 Τυπικῶς,
607 2549 806 2620 μᾶλλον
845 2551 904 2603 δέ
958 2549 1314 2622 προφητικῶς
1353 2551 1381 2602 ό
1409 2550 1505 2602 τοῦ
1543 2551 1792 2604 Ἰωσεδὲκ

206 2657 341 2693 ποτε
403 2640 613 2712 Ἰησοῦς
658 2640 814 2708 ὤφθη
845 2641 1024 2712 φορῶν
1052 2642 1241 2712 ἰμάτια
1295 2641 1535 2712 ῥυπαρὰ,
1568 2641 1682 2693 ἀλλ’
1710 2641 1794 2705 ἐξ·

204 2733 380 2800 εδύθη
397 2733 470 2785 τὰ
517 2732 874 2803 ῥυπανθέντα,
901 2733 995 2786 καὶ
1018 2731 1306 2785 ἐνεδύσατο
1335 2733 1523 2801 ἰμάτια
1553 2734 1790 2802 καθαρά.

206 2824 385 2880 Τοῦτο
427 2823 486 2876 δέ
538 2823 780 2891 γέγονεν,
819 2825 903 2876 ἵνα
959 2823 1176 2894 γνῶμεν
1221 2823 1316 2877 καὶ
1352 2822 1617 2893 μάθωμεν
1643 2866 1656 2886 ,
1711 2825 1791 2875 ὅτι

207 2916 395 2978 καθὼς
425 2916 767 2985 ἐφορὲσαμεν
786 2914 883 2986 τὴν
906 2916 1090 2967 εἰκόνα
1113 2914 1207 2967 τοῦ
1235 2918 1443 2984 χοῖκου,
1490 2917 1794 2983 φορέσομεν

209 3011 310 3063 καὶ
335 3009 437 3078 τὴν
480 3011 664 3062 εἰκόνα
697 3006 790 3060 τοῦ
815 3005 1159 3077 ἐπουρανίουο
1197 3005 1340 3059 κατὰ
1375 3005 1509 3059 πολὺ
1545 3005 1655 3075 γὰρ
1673 3007 1795 3077 νικᾷ

209 3102 451 3171 Χριστὸς
488 3103 608 3163 ταῖς
656 3099 885 3160 οἰκείαις
938 3099 1159 3166 ἀρεταῖς
1203 3098 1302 3159 τάς
1337 3097 1450 3150 τῶν
1490 3096 1794 3168 ἀνθρώπων

210 3190 459 3260 κηλῖδας.
499 3190 622 3243 ὅθεν
659 3188 945 3259 εὖχεσθασι
979 3188 1061 3240 δεῖ
1106 3189 1367 3257 ῥυσθῆναι
1405 3188 1499 3241 καὶ
1526 3188 1779 3260 λυτρωθῆι

211 3297 302 3330 ναι
329 3278 553 3348 χρονίας
596 3277 938 3348 προλήψεως,
969 3276 1065 3329 καὶ
1091 3276 1167 3346 μὴ
1198 3276 1498 3330 ἀποθανεῖν
1526 3279 1594 3348 τῇ
1627 3279 1792 3348 ἐρὀ-

211 3371 466 3443 καομένῃ,
501 3371 596 3424 καὶ
622 3369 799 3442 ψεκτῇ
825 3368 1180 3426 καταστάσει.
1209 3388 1214 3392 ·

585 3640 831 3693 TAA'.-—
859 3639 1086 3711 ΙΛΔΡΙῼ
1112 3639 1423 3710 ΜΟΝΑΧῼ.

283 3750 306 3784 ε
357 3731 494 3784 ’Δπὸ
546 3731 790 3800 κεφαλῆς
837 3730 1027 3800 Σανίρ,
1064 3733 1160 3783 καὶ
1204 3731 1444 3803 Ἑρμῶν,
1492 3751 1509 3783 ι
1566 3731 1699 3804 φησί
1731 3733 1792 3786 τὸ

208 3824 320 3879 τῶν
351 3825 614 3896 ᾀσμάτων
633 3819 836 3894 τᾼσμα.
861 3823 1026 3894 Σανὶρ
1047 3822 1103 3874 δὲ
1122 3821 1655 3894 ἑρμηνεύεται-ὁδὸς
1685 3824 1792 3877 λύ-

208 3933 384 3986 χνου.
425 3915 644 3984 Ἐρμὼν
669 3914 724 3965 δὲ
751 3913 1052 3982 ἀνάθημαο
1082 3913 1170 3967 διὰ
1203 3914 1304 3984 τῆς
1335 3915 1578 3985 κεφαλῆς
1616 3915 1675 3968 τὸ
1705 3915 1791 3968 λο-

208 4006 456 4076 γιστικδν
481 4008 514 4076 ἠ
524 4005 639 4075 μῶν
672 4007 700 4057 6
725 4004 973 4074 Σολομὼν
997 4005 1363 4075 αἰνιξάμενος.
1398 4005 1594 4068 Ὅλους
1609 4007 1789 4059 τοίνυν

209 4100 442 4159 ἑαυτοὺς
491 4095 568 4165 τῷ
603 4095 722 4165 Θεῷ
771 4095 1061 4166 ἀναθῶμεν
1107 4095 1540 4168 -πεζοποροῦντες
1578 4098 1789 4162 ἀόκνως

207 4192 304 4262 τὴν
329 4189 704 4260 προκειμένην
748 4189 882 4257 ἡμῖν
920 4187 1133 4259 στενὴν,
1168 4187 1266 4242 καὶ
1292 4188 1510 4258 μακρὰν
1541 4187 1660 4240 ὁδὸν
1693 4205 1790 4240 πεο

209 4283 576 4353 φαηισμένοις
599 4284 708 4344 τοῖς
730 4281 1029 4351 ὀφθαλμοῖς
1062 4279 1163 4352 τῆς
1190 4280 1367 4351 ψυχῆς
1389 4282 1455 4350 τῇ
1481 4279 1786 4349 λαμπηδόνι

207 4375 316 4428 τῶν
341 4375 505 4428 θείων
537 4373 995 4443 προσταγμάτων.

706 4466 873 4521 ΤΛΒ’.
894 4496 966 4507 -—
993 4463 1076 4530 Τῷ
1110 4461 1291 4528 αὐτῷ.

279 4564 365 4617 Ti
390 4564 457 4634 τῇ
475 4561 666 4632 Γραφῇ
689 4558 1040 4632 ἐμφερόμενα
1060 4556 1282 4629 ρυπαρά
1307 4555 1515 4627 ἱμάτια,
1537 4554 1782 4624 λογισμοι

209 4659 316 4711 εἰσι
344 4656 596 4726 πονηροὶ.
629 4653 723 4709 καὶ
742 4655 890 4722 λόγοι
908 4651 1125 4722 φαῦλοι,
1159 4652 1250 4705 καὶ
1288 4650 1515 4721 πράξεις
1547 4650 1786 4720 παράνο-

212 4762 324 4816 μοι.
356 4745 559 4814 Διόπερ
595 4744 722 4815 περί
759 4743 855 4796 τοῦ
909 4742 1080 4795 Ἰούδα
1117 4743 1177 4795 ἐν
1204 4740 1371 4812 βίϐλῳ
1402 4739 1667 4811 Ψαλμῶν,
1696 4740 1786 4812 ἐρ-

210 4835 370 4906 ρέθη·
406 4853 422 4884 ι
446 4833 759 4887 Ἐνεδύσατο
787 4833 1030 4903 κατάραν
1055 4831 1130 4895 ὡς
1156 4832 1390 4902 ἱμάτιον·
1427 4849 1445 4882 ι
1481 4830 1595 4885 καί·
1623 4848 1643 4883 ι
1664 4831 1785 4884 Ἐν-

205 4925 563 4979 δυσάσθωσαν
592 4925 872 4994 αἰσχύνην,
899 4925 993 4978 καί
1024 4922 1291 4995 ἐντροπὴν
1321 4923 1370 4976 οἱ
1404 4919 1693 4992 ζητοῦντες
1720 4921 1788 4974 τά

207 5019 358 5072 κακά
397 5037 507 5088 μοι.
548 5038 566 5070 ι
598 5019 762 5072 Οὐδὲν
790 5018 846 5070 δὲ
873 5017 1045 5080 οὕτως
1077 5015 1346 5086 αἰσχύνει,
1387 5015 1482 5070 καὶ
1510 5015 1782 5087 ἐπάρατον

207 5111 450 5164 δείκνυσι
474 5109 566 5162 τὸν
588 5110 892 5180 ἄνθρωπον,
930 5107 1006 5172 ὡς
1032 5108 1298 5178 ἁμαρτία.

665 5287 830 5341 TAI".
865 5317 935 5327 —
962 5287 1310 5358 ΧΕΙΜΑΣΙῼ.

279 5379 418 5448 Περὶ
452 5379 562 5432 τῶν
598 5377 1003 5450 ἐναρξαμένων,
1041 5379 1137 5432 καὶ
1165 5377 1240 5448 μὴ
1285 5377 1689 5431 τελειωσάντων
1718 5377 1779 5431 τὸ

201 5470 517 5539 θαυμάσιον
540 5469 699 5539 ἔργον
729 5469 830 5540 τῆς
869 5468 1092 5540 ἀρετῆς,
1116 5467 1333 5541 λεχθείη
1385 5468 1453 5523 ἂν
1477 5469 1537 5522 τὸ
1562 5485 1778 5540 προφηο

275 5583 296 5613 ¹
327 5580 514 5635 Matth.
547 5597 624 5644 τι,
658 5581 750 5638 ‘29.
849 5582 871 5614 ⁸
907 5581 1074 5637 Zach.
1106 5598 1188 5648 In,
1239 5583 1292 5638 5.
1369 5582 1391 5614 ⁸
1418 5582 1577 5639 Cant.
1606 5598 1679 5640 tv.
1707 5581 1761 5638 8.

285 5649 308 5681 ‘
325 5651 472 5707 Psal.
510 5668 635 5716 ιιι,
666 5653 749 5707 15.

540 5746 804 5808 ΡΑτιιοῐ..
844 5747 956 5808 Gn.
986 5748 1247 5809 LXXIX.

1892 1824 2236 1890 illudentem,
2267 1832 2323 1879 et
2352 1831 2566 1878 tantum
2612 1840 2724 1878 non
2776 1833 3062 1895 cogentem
3103 1826 3468 1896 iniquitatem.

2261 1993 2588 2053 CCCXXIX.
2617 2026 2682 2036 —
2707 1992 3093 2049 MAURIANO.

1967 2090 2064 2146 Dei
2088 2087 2263 2145 Filius
2300 2089 2460 2144 Jesus
2489 2087 2748 2143 Christus
2770 2085 3095 2156 sibimetipsi
3139 2101 3247 2140 non
3280 2101 3473 2156 peper-

1893 2183 1989 2250 cit,
2019 2189 2080 2236 ut.
2107 2181 2270 2236 nobis
2305 2190 2588 2251 parceret;
2621 2179 2712 2248 qui
2746 2178 2900 2249 solus
2935 2177 3055 2231 sine
3084 2187 3308 2248 peccato
3332 2187 3471 2241 erat,

1893 2290 1993 2346 pro
2026 2274 2414 2346 peccatoribus
2455 2278 2686 2326 mortem
2730 2271 2979 2340 oppetiit.
3011 2269 3088 2324 Ne
3125 2271 3308 2340 itaque
3335 2271 3472 2324 dim-

1892 2365 2016 2430 das,
2048 2365 2144 2421 sed
2167 2365 2235 2419 ad
2275 2366 2505 2418 salutem
2538 2365 2832 2418 allaturum
2863 2362 3153 2417 contende.

2018 2456 2324 2513 CCCXXX.
2350 2487 2419 2498 —
2445 2454 2867 2510 THEOPOMPO
2898 2451 3347 2508 SYNCLETICO.

1964 2547 2246 2618 Figurate,
2306 2545 2416 2600 imo
2457 2545 2799 2615 prophetice,
2840 2542 3000 2598 Jesus
3039 2541 3288 2596 losodeci
3327 2542 3472 2596 filius

1897 2636 2194 2708 aliquando
2227 2636 2382 2691 visus
2410 2645 2493 2690 est
2523 2635 2765 2690 sordidis
2795 2634 3142 2689 vestimentis
3175 2631 3402 2687 indutus
3427 2633 3467 2686 ³.

1896 2729 2287 2784 Verumtamen
2354 2744 2476 2798 qua
2561 2727 2825 2782 sordibus
2888 2726 3191 2796 inquinata
3258 2724 3472 2778 fuerant

1897 2824 2145 2877 vestibus
2176 2822 2464 2892 depositis,
2511 2821 2866 2874 intaminatas
2897 2818 3220 2887 assumpsit.
3256 2817 3308 2870 Id
3348 2817 3471 2870 ideo

1899 2915 2105 2968 factum
2140 2922 2248 2974 est,
2294 2919 2354 2966 ut
2377 2926 2776 2981 cognoscamus
2809 2909 3290 2979 addiscamusque,
3324 2911 3468 2979 quod

1899 3003 2360 3074 quemadmodum
2411 3003 2703 3072 imaginem
2770 3001 3054 3056 terrestris
3106 3002 3468 3070 portavimus,

1896 3099 1972 3150 ita
2006 3096 2347 3165 portabimus
2379 3101 2435 3150 et
2473 3095 2717 3149 calestis
2764 3094 3054 3164 imaginem
3085 3108 3101 3148 :
3155 3107 3355 3164 magno
3390 3094 3468 3148 si-

1894 3186 2114 3256 quidem
2145 3185 2436 3241 intervallo
2478 3185 2734 3243 Christus
2759 3185 3000 3256 propriis
3029 3185 3329 3240 virtutibus
3367 3184 3470 3238 ho-

1893 3277 2106 3332 minum
2167 3276 2362 3334 sordes
2422 3283 2742 3347 exsuperat.
2799 3276 3148 3348 Quapropter
3196 3276 3465 3331 orandum

1892 3377 1998 3434 est,
2030 3378 2091 3424 ut
2133 3370 2445 3426 relaxemur
2491 3369 2898 3439 liberemurque
2941 3384 2973 3423 a
3022 3369 3284 3424 diuturna
3327 3385 3466 3438 pra-

1891 3459 2162 3530 ceptione,
2220 3473 2400 3528 neque
2454 3458 2508 3512 in
2559 3459 2938 3512 contaminata
2988 3466 3044 3514 et
3103 3457 3466 3528 opprobriosa

1893 3549 2211 3606 conditione
2238 3550 2362 3604 vita
2390 3548 2551 3602 ﬁnem
2585 3564 2877 3618 ponamus.

2035 3641 2192 3711 [22
2218 3640 2541 3696 CCCXXX].
2566 3670 2636 3680 —
2654 3639 2935 3696 HILARIO
2969 3639 3323 3695 MONACHO.

1966 3751 1985 3785 ι
2021 3732 2094 3788 De
2121 3733 2332 3788 vertice
2383 3733 2548 3788 Sanir
2593 3740 2647 3787 et
2691 3732 2931 3787 Hermon
2963 3733 3007 3797 δ,
3053 3752 3071 3785 ι
3126 3732 3180 3786 in
3232 3732 3464 3786 Cantica

1890 3825 2231 3880 canticorum
2282 3825 2508 3881 dicitur.
2579 3825 2743 3880 Sanir
2793 3824 2935 3878 viam
2983 3823 3214 3878 lucerna:
3267 3833 3459 3888 notat;

1890 3918 2132 3972 Hermon
2181 3917 2586 3986 o/ferumentum
2625 3924 2731 3973 est.
2787 3914 2893 3971 Per
2952 3917 3210 3972 vertidem
3249 3919 3463 3972 ratione

1890 4009 2181 4078 praditam
2239 4009 2558 4063 facultatem
2630 4009 2789 4063 nobis
2859 4007 3120 4062 Salomon
3176 4007 3459 4062 indicavit.

1888 4097 2271 4170 Nosmetipsos
2309 4099 2498 4171 itaque
2537 4107 2686 4155 totos
2718 4099 2829 4156 Deo
2855 4115 3154 4155 voveamus
3210 4115 3276 4155 ac
3329 4099 3462 4154 offe-

1887 4207 2094 4258 ramus,
2147 4191 2437 4261 diligenter
2498 4190 2836 4261 propositam
2889 4193 3051 4248 nobis
3095 4193 3241 4246 viam
3288 4207 3461 4261 angu-

1887 4291 2028 4338 stam
2057 4285 2079 4315 ⁵
2108 4297 2172 4337 ac
2208 4282 2448 4353 longam,
2478 4284 2658 4338 oculis
2704 4285 2900 4336 anima
2947 4293 3343 4354 praceptorum
3373 4285 3461 4339 di-

1809 4394 1864 4455 D
1885 4375 2140 4430 vinorum
2173 4374 2466 4444 splendore
2499 4374 2847 4439 illuminatis,
2878 4375 3091 4444 pedites
3116 4376 3390 4431 ineuntes.

2325 4463 2499 4520 CCCX
2510 4463 2670 4518 XXII.
2701 4493 2772 4506 —-
2801 4464 3008 4520 Eidem.

1957 4557 2090 4624 Qua
2137 4557 2196 4612 in
2265 4556 2556 4625 Scriptura
2622 4557 2940 4613 referuntur
3001 4559 3222 4615 sordida
3287 4569 3461 4615 vesti-

1883 4655 2068 4703 menta
2102 4649 2145 4712 ⁸,
2196 4647 2568 4719 cogitationes
2619 4663 2802 4719 prava
2862 4657 3017 4716 sunt,
3073 4659 3128 4706 et
3185 4651 3460 4720 colloquia

1883 4740 2052 4806 mala,
2084 4741 2412 4810 exlegesque
2463 4740 2733 4795 actiones.
2777 4739 3182 4812 PrOptereaque
3220 4741 3287 4796 de
3320 4741 3459 4795 Juda

1885 4829 1942 4884 in
1975 4830 2119 4886 libro
2145 4829 2489 4885 Psalmorum
2526 4829 2766 4884 traditur
2793 4848 2807 4885 :
2861 4848 2879 4882 ‹
2911 4831 3094 4885 Induit
3119 4832 3460 4885 maledictio—

1883 4937 2008 4976 nem
2050 4925 2196 4977 sicut
2238 4924 2624 4977 vestimentum
2659 4923 2702 4988 ";
2736 4941 2755 4974 ι
2788 4930 2878 4977 et:
2920 4941 2939 4973 ι
2973 4922 3302 4992 Operiautur
3331 4938 3459 4976 con.

1883 5013 2104 5069 fusione
2132 5022 2186 5069 et
2218 5014 2446 5084 pudore,
2482 5015 2573 5084 qui
2610 5022 2866 5084 quarunt
2894 5015 3026 5068 mihi
3061 5015 3203 5066 mala
3235 5013 3278 5065 ⁸.
3313 5031 3331 5062 ι
3365 5011 3460 5065 Ni-

1880 5106 1959 5160 hil
2007 5106 2155 5161 enim
2196 5107 2372 5175 magis
2416 5107 2667 5171 infamat,
2715 5105 3226 5176 exsecrandumque
3282 5105 3458 5160 homi-

1881 5210 2004 5251 nem
2037 5195 2241 5260 reddit,
2269 5205 2518 5265 peccato.

2244 5285 2613 5342 CCCXXXHI.
2637 5317 2708 5329 —-
2734 5285 3083 5352 CHIMASIO,

1957 5376 2034 5433 De
2057 5377 2148 5442 iis,
2181 5379 2275 5449 qui
2323 5379 2568 5449 aggressi
2613 5389 2762 5444 sunt,
2795 5395 2895 5435 nec
2931 5378 3252 5433 admirabile
3287 5378 3451 5432 virtu-

1883 5469 1957 5524 tis
2013 5485 2153 5541 opus
2202 5470 2486 5540 perfecere
2521 5511 2537 5535 ,
2591 5472 2972 5542 propheticum
3015 5471 3148 5524 illud
3197 5471 3404 5525 dixeris

1873 5583 1896 5616 '
1923 5581 2116 5640 Matth.
2141 5600 2234 5651 vn,
2260 5585 2346 5640 Η.
2459 5586 2479 5618 ⁸
2503 5584 2670 5642 Zacb.
2695 5602 2779 5650 ιιι,
2804 5587 2856 5643 5.
2969 5587 2988 5618 ν
3015 5584 3161 5640 Psal.
3186 5597 3337 5647 cvm,
3365 5583 3448 5637 18.

3021 5748 3053 5806 7
