3850 6218
170 280 274 344 205

488 394 569 444 ιι-
599 422 669 432 -
693 394 985 465 ΑΣΤΕΡΙῼ
1021 394 1456 466 mmmam.

236 482 314 535 Οὐ
363 481 637 551 βούλομαί
671 501 731 536 σε
785 487 854 555 τῇ
889 486 1064 555 οἰήσει
1093 484 1460 556 προκόπτειν,
1508 483 1645 539 ἀλλά
1692 480 1773 553 τῷ

170 574 317 641 ἔργῳ
364 576 475 643 τῆς
525 574 823 646 καλλίστης
886 577 1198 641 πολιτείας,
1248 576 1346 629 καὶ
1395 576 1493 639 ri;
1537 575 1772 645 θεογνω-

174 663 313 727 σίας.

710 759 789 813 Θ’.
830 792 899 801 —
939 760 1021 825 Τῷ
1060 760 1220 826 αὐτῷ

247 867 267 899 ι
309 850 594 921 Ἀμαρτία
622 851 733 921 γὰρ
754 853 855 905 οὐκ
888 853 1235 922 ὲλλογιεῖται,
1268 852 1344 925 μὴ
1376 852 1529 917 δντος
1546 852 1765 924 νόμου.»

177 943 320 1006 Ἕως
354 945 472 1013 γὰρ
510 945 740 1014 μηδέπω
773 948 1243 1017 συμπεπλήρωται
1274 947 1303 997 ό
1334 947 1391 998 ἐν
1424 949 1556 1017 ἡμῖν
1583 947 1771 1016 νόμος,

176 1036 584 1104 προστακτικὸς
640 1036 739 1105 μὲν
770 1030 846 1091 ὧν
892 1039 1183 1109 ποιητέον,
1229 1039 1665 1109 ἀπαγορευτικὸς
1715 1040 1772 1093 δὲ

175 1118 247 1178 ῶν
285 1125 363 1196 μὴ
390 1128 672 1193 ποιητέον,
708 1128 851 1181 κατά
886 1130 984 1192 τὰς
1028 1130 1481 1199 ὑποτυπουμένας
1527 1130 1774 1199 φυσικῶς

174 1218 304 1286 ἡμῖν
362 1218 501 1287 περὶ
564 1218 785 1286 ἀγαθῶν
850 1221 944 1271 καὶ
1012 1221 1200 1273 κακῶν
1248 1219 1619 1290 ἐνθυμήσεις,
1652 1221 1773 1274 οὐδὲ

175 1311 522 1382 ἁμαρτάνειν
552 1311 935 1383 λελογίσμεθα.
971 1314 1156 1384 Χωρὶς
1186 1314 1297 1384 γὰρ
1325 1315 1492 1383 νόμον
1525 1315 1775 1384 ἀμαρτία

173 1403 361 1472 νεκρά.
419 1403 927 1473 Συμπληρωθέντος
973 1405 1029 1457 δὲ
1061 1405 1156 1458 τοῦ
1187 1407 1353 1476 νόμου
1385 1405 1479 1459 τοῦ
1518 1410 1575 1459 ὲν
1618 1408 1771 1475 ἡμῖν,

178 1492 312 1561 μετά
363 1493 464 1545 τὸν
494 1493 846 1561 ἀπαρτισμὸν
879 1493 986 1545 τῶν
1030 1495 1269 1559 ἐννοιῶν,
1293 1495 1387 1546 καί
1415 1494 1515 1563 τῆς
1554 1494 1775 1563 ἐντολῆς

174 1582 467 1653 ἐλθούσης,
528 1583 690 1645 εὐθὺς
760 1584 929 1635 κακία
975 1585 1033 1637 ἐν
1091 1586 1225 1655 ἡμῖν
1281 1584 1631 1655 εὑρίσκεται,
1678 1584 1774 1637 καὶ

173 1675 441 1745 ἀνέζησεν
473 1675 511 1745 ἡ
541 1674 806 1745 ἁμαρτία.

732 1770 789 1821 l'.
821 1800 888 1809 —
929 1767 1013 1834 Τῷ
1045 1767 1225 1833 αὐτῷ.

243 1861 465 1930 Ὥσπερ
504 1862 539 1931 ἡ
570 1859 845 1931 περιτομὴ
866 1863 944 1923 εἰς
966 1860 1338 1931 ἀκροϐυστίαν
1359 1860 1669 1927 λελόγισται
1696 1859 1776 1930 τῷ

179 1951 443 2021 μοχθηρῷ
485 1952 757 2020 Ἰουδαίῳ,
800 1950 978 2013 οὕτως
1026 1953 1060 2020 ἡ
1097 1952 1421 2021 ἐγκράτεια,
1472 1951 1569 2004 καὶ
1619 1952 1652 2019 ὴ
1682 1968 1777 2021 νη-

180 2046 329 2098 στεία
366 2048 455 2109 εἰς
511 2046 827 2116 κραιπάλην
856 2087 870 2109 ,
904 2046 998 2097 καὶ
1043 2045 1353 2115 ἀπληστίαν
1392 2044 1669 2111 λογίζεται
1700 2044 1778 2114 τῷ

180 2137 321 2189 κατά
346 2138 486 2199 τοὺς
514 2136 791 2206 Ἕλληνας
836 2136 1179 2207 νηστεύοντι,
1218 2140 1312 2188 καὶ
1358 2137 1437 2205 τῷ
1470 2136 1610 2189 κατά
1653 2137 1779 2197 τοὺς

180 2229 525 2298 Μανιχαίους
566 2227 844 2281 ἀσιτοῦντι
870 2268 885 2292 ,
937 2230 1032 2281 καὶ
1068 2228 1136 2282 τὰ
1186 2228 1326 2281 καλὰ
1363 2227 1638 2297 κτίσματι
1684 2227 1777 2280 τοῦ

181 2322 314 2374 Θεοῦ
349 2321 768 2392 βδελυττομένῳ
796 2319 896 2374 ἀνθ
908 2319 1100 2391 ρώπῳ.

451 2462 457 2468 .
716 2416 822 2468 IA'.
852 2444 920 2455 -—
953 2412 1038 2477 Τῷ
1068 2412 1250 2478 αὐτῷ.

261 2506 325 2559 'II
355 2506 508 2560 κατά
534 2506 772 2577 Χριστὸν
802 2506 1100 2577 τελουμένη
1134 2505 1454 2575 ἐγκράτεια,
1488 2503 1650 2574 καλὴ.
1685 2502 1783 2556 καὶ

187 2599 323 2666 ἄγαν
359 2598 571 2670 ἀρίστη
614 2600 753 2660 ἐστὶ,
801 2599 897 2649 καὶ
929 2595 1236 2666 λυσιτελὴς,
1278 2595 1395 2666 ἡδὲ
1421 2595 1541 2648 κατ’
1580 2594 1781 2664 Ἕλλη-

189 2710 299 2753 νας,
329 2693 431 2745 καὶ
450 2692 597 2743 κατά
622 2692 959 2761 Μανιχαίους
994 2689 1275 2759 γινομένη,
1307 2685 1503 2758 ψεκτὴ,
1532 2688 1627 2740 καὶ
1660 2688 1784 2740 ἑπι-

189 2785 395 2855 ϐλαϐής
406 2828 421 2841 .

433 2877 540 2930 IB’.
573 2908 643 2916 —
680 2877 1044 2947 ΝΗΜΕΡΤΙῼ
1082 2876 1544 2945 ΣῘΛΕΝΤΙΑΡΙῼ.

258 2968 418 3037 Μηδὲ
468 2984 602 3019 ποτε
648 2966 757 3037 δῷς
811 2967 1023 3037 σεαυτῷ
1074 2968 1386 3021 ἀνάπαυσιν
1428 2965 1537 3019 ἀπὸ
1586 2962 1786 3026 παντὸς

1410 277 1945 345 EPISTOLARUM
1969 278 2116 339 LIB.
2159 279 2244 340 II.

1794 390 1843 449 Α

3345 285 3453 355 206

2093 391 2251 462 125
2292 390 2425 446 VIII.
2468 422 2536 433 —
2573 390 2872 449 AS'I‘ERIO
2914 392 3241 455 LECTORI.

1944 482 2085 539 Nolo
2115 495 2168 539 te
2197 485 2517 555 opinatione
2537 525 2551 549 ,
2588 489 2682 543 sed
2719 490 2925 560 Optima
2956 491 3083 547 vita:
3112 494 3329 551 ratione
3351 536 3367 562 ,
3401 505 3457 550 et

1875 574 1973 633 Dei
2007 577 2321 648 cognitione
2353 579 2421 633 ad
2458 580 2717 635 virtutem
2753 584 3032 655 progredi.

2437 752 2524 809 IX.
2564 784 2635 794 -—
2674 754 2884 813 Eidem.

1950 862 1971 897 ι
2004 846 2294 901 Peccatum
2328 862 2439 901 non
2466 849 2835 919 reputabitur,
2874 851 2921 907 si
2952 852 3040 908 lex
3074 870 3185 910 non
3215 866 3299 912 est
3332 858 3395 911 ".
3437 878 3454 909 ι

1874 936 2176 1009 Quousque
2202 940 2348 993 enim
2385 956 2491 994 non
2522 943 2796 1011 completa
2822 952 2906 999 est
2932 946 2986 999 in
3016 946 3175 1003 nobis
3201 949 3308 1015 lex,
3337 966 3459 1019 quae

1871 1029 2063 1099 jubeat
2095 1046 2159 1087 ea
2183 1072 2198 1097 ,
2236 1049 2356 1102 qua:
2405 1034 2653 1088 facienda
2696 1044 2855 1103 sunt,
2896 1039 3293 1111 prohibeatque
3320 1057 3457 1097 con-

1876 1123 2047 1177 traria
2086 1128 2389 1181 secundum
2430 1129 2646 1185 innatas
2685 1134 2843 1187 nobis
2875 1134 2942 1189 de
2982 1134 3149 1191 bonis
3197 1146 3251 1191 et
3297 1139 3459 1193 malis

1877 1206 2427 1283 animadversiones,
2490 1238 2718 1291 peccare
2777 1242 3048 1296 nusquam
3114 1236 3454 1300 reputamur.

1875 1302 2123 1375 Namque
2161 1308 2373 1378 absque
2406 1312 2521 1381 lege
2548 1325 2832 1382 peccatum
2869 1327 3150 1372 mortuum
3185 1330 3291 1376 cst.
3322 1322 3457 1377 Cum

1877 1408 2006 1447 vero
2033 1396 2118 1449 lex
2144 1396 2197 1449 in
2229 1400 2387 1454 nobis
2412 1403 2681 1469 completa
2713 1404 2877 1459 fuerit
2906 1416 3033 1477 post
3057 1411 3459 1480 cogitationum

1877 1488 2304 1556 perfectionem,
2333 1503 2387 1547 ct
2420 1506 2694 1566 pneeepto
2727 1498 3092 1561 adveniente.
3122 1502 3309 1557 statim
3339 1518 3461 1557 ma-

1879 1581 1993 1635 litia
2023 1582 2078 1637 in
2110 1584 2272 1640 nobis
2301 1587 2598 1652 invenitur,
2630 1597 2684 1643 ct
2716 1600 3001 1659 peccatum
3036 1594 3257 1647 revixit.

2442 1765 2512 1821 Χ.
2571 1798 2642 1810 -
2682 1768 2895 1825 Eidem.

1947 1851 2421 1917 Quemadmodum
2479 1860 2838 1915 circumcisio
2894 1860 3217 1917 facinoroso
3271 1861 3465 1921 Juda'o

1878 1944 1931 1997 in
1968 1948 2295 2014 praeputium
2344 1948 2686 2018 reputatur;
2738 1953 2812 2007 ita
2860 1962 2915 2009 et
2966 1958 3357 2026 continentia,
3406 1969 3461 2015 et

1874 2035 2147 2104 jejunium
2185 2040 2237 2092 in
2268 2044 2548 2111 crapulam
2579 2052 2634 2099 et
2670 2045 2723 2098 in
2756 2046 3129 2103 insatietatem
3170 2058 3464 2121 reputatur

1878 2128 1993 2188 illi,
2026 2129 2117 2198 qui
2150 2145 2303 2185 more
2332 2134 2581 2203 gentium
2603 2134 2817 2204 jejunat
2839 2180 2854 2203 ,
2887 2146 2942 2193 et
2989 2139 3082 2207 qui
3112 2181 3128 2205 ,
3177 2152 3236 2194 ut
3280 2139 3461 2196 Mani-

1880 2217 2016 2271 chazi
2055 2222 2331 2288 assolent,
2366 2236 2396 2275 τι
2428 2224 2570 2279 cibis
2598 2226 2871 2295 abstinet,
2904 2236 2958 2283 et
2990 2230 3132 2284 bona
3162 2230 3258 2287 Dei
3293 2247 3463 2305 opera

1880 2320 2229 2366 exsecratur.

2461 2405 2548 2463 XI.
2582 2436 2652 2449 -ι
2687 2408 2899 2466 Eidem.

1954 2489 2088 2555 Quae
2121 2492 2425 2548 secundum
2464 2497 2742 2551 Christum
2776 2500 3119 2555 continentia
3153 2502 3462 2573 perficitur.

1883 2582 2063 2649 bona,
2095 2593 2150 2639 et
2192 2603 2354 2655 quam
2386 2592 2592 2657 optima
2635 2598 2719 2646 est
2764 2601 2818 2645 et
2863 2593 3054 2652 utilis:
3099 2610 3221 2665 qua:
3260 2610 3468 2651 secun-

1886 2674 2017 2729 dum
2048 2684 2239 2746 gentes
2267 2687 2321 2732 et
2346 2678 2684 2736 Manichaeos
2703 2722 2719 2746 ,
2752 2683 3132 2754 vituperabilis
3158 2694 3214 2741 et
3242 2687 3431 2743 noxia.

2031 2854 2192 2925 126
2232 2854 2351 2911 xu.
2384 2887 2453 2897 -
2478 2857 2840 2919 unumne
2869 2826 3329 2925 SILENTIABIO.

1958 2942 2039 3001 Ne
2066 2965 2305 3018 unquam
2343 2967 2527 3009 cesses
2556 2956 2623 3010 ab
2652 2958 2803 3012 omni
2838 2974 2929 3024 re,
2959 2976 3082 3031 quae
3111 2962 3178 3016 ad
3211 2964 3470 3034 pietatem

195 3060 326 3131 πρὸς
353 3062 420 3114 τὸ
461 3059 685 3123 εὐσεϐὲς
720 3059 1089 3123 συντείνοντος
1124 3060 1454 3131 πράγματος
1475 3075 1490 3089 ο
1526 3061 1646 3122 ταῖς
1677 3058 1785 3129 γὰρ

1904 3038 2175 3095 :onducit.
2204 3040 2263 3096 In
2295 3046 2702 3105 cessationibus
2729 3051 2875 3105 enim
2909 3067 2973 3109 ac
2999 3054 3129 3111 otiis
3156 3070 3315 3113 error
3368 3060 3473 3113 im-

196 3150 569 3213 ἀναπαύσεσι,
602 3150 699 3202 καὶ
747 3153 866 3214 ταῖς
906 3150 1129 3217 ἀργίαις
1171 3149 1231 3203 τὸ
1274 3148 1653 3221 πλημμελοῦν,
1695 3148 1790 3201 καὶ
1816 3133 1857 3151 ν
1893 3133 2252 3204 probitasque
2283 3138 2471 3205 potius
2503 3139 2838 3197 admittitur.
2879 3143 2986 3199 Sed
3020 3155 3074 3200 et
3107 3162 3334 3217 precare
3364 3150 3475 3206 fre-

198 3244 254 3295 τὸ
288 3242 507 3311 φαῦλον
568 3242 880 3294 ἐπιτίθεται
951 3241 1177 3309 μᾶλλον.
1259 3241 1422 3294 Ἀλλά
1476 3243 1569 3295 καὶ
1630 3240 1791 3312 εὔχου

200 3335 554 3403 συχνότερον,
592 3333 687 3385 καὶ
707 3335 773 3402 τῇ
810 3332 1118 3400 ἀναγνώσει
1158 3332 1395 3403 πρόσεχε
1421 3332 1528 3387 τῶν
1547 3337 1641 3387 τοῦ
1676 3336 1792 3387 Ku-

201 3425 314 3494 ρίου
342 3424 596 3494 θεσμῶν,
623 3424 716 3477 καὶ
756 3423 1039 3494 περίελκε,
1065 3425 1159 3477 καὶ
1190 3424 1435 3495 περίσπα
1463 3425 1561 3496 τὴν
1595 3424 1791 3478 σαυτοῦ

198 3517 445 3572 διάνοιαν
486 3518 568 3580 εἰς
605 3516 706 3580 τὰς
760 3517 868 3569 τῶν
918 3517 1189 3587 δεομένων
1230 3519 1511 3581 εὐποιίας,
1554 3520 1652 3573 καὶ
1694 3519 1794 3584 τάς

201 3608 549 3679 προστασίας
603 3606 712 3660 τῶν
750 3610 1265 3678 καταπονουμένων.
1308 3610 1420 3663 Καὶ
1471 3609 1645 3671 οὕτως
1700 3612 1794 3663 ὲκ-

202 3700 371 3772 φεύξῃ
406 3700 610 3772 ῥᾳδίως
631 3700 692 3753 οὺ
730 3700 891 3771 μόνον
918 3700 1017 3770 τὴν
1049 3701 1335 3771 ἐνέργειαν
1365 3700 1465 3768 τῆς
1495 3701 1792 3771 ἁμαρτίας,

202 3793 337 3846 ἀλλά
368 3793 473 3846 καὶ
513 3792 706 3857 αὒτάς,
743 3792 819 3855 ὡς
852 3793 1020 3857 εἰκὸς,
1057 3795 1157 3855 τὰς
1205 3793 1533 3864 προσϐολὰς,
1562 3794 1656 3846 καὶ
1695 3795 1795 3857 τὰς

206 3887 435 3957 μνήμας
453 3884 553 3938 καῖΙ
571 3884 673 3947 τὰς
691 3884 1043 3956 ἀνακινήσεις
1071 3886 1181 3937 τῶν
1198 3886 1413 3939 ἀτόπων
1431 3886 1772 3957 πραγμάτων

744 3978 842 4031 II".
872 4008 944 4017 —
976 3976 1060 4042 Τῷ
1084 3976 1244 4042 αὐτῷ

284 4066 536 4122 Ἐπαινῶ
564 4084 625 4120 σε
668 4068 770 4139 τῆς
794 4067 940 4121 κατά
967 4068 1144 4139 ψυχὴν
1196 4068 1522 4138 ἐπιμελείας
1571 4067 1795 4138 πολλῆς,

1891 3229 2155 3296 quentius
2185 3271 2201 3298 ,
2265 3241 2319 3287 ct
2348 3231 2756 3291 Dominicorum
2805 3252 3203 3312 praeceptorum
3252 3245 3475 3304 lectioni

1894 3319 2192 3390 incumbe,
2222 3332 2277 3377 et
2310 3327 2524 3381 attrahe
2547 3368 2562 3391 ,
2597 3336 2651 3383 et
2682 3332 2898 3401 applica
2930 3344 3167 3389 mentem
3215 3344 3366 3392 tuam
3418 3340 3475 3394 in

1892 3427 2193 3481 egenorum
2246 3416 2669 3474 beneficentiam
2715 3430 2772 3476 et
2824 3425 3131 3493 patrocinia
3180 3442 3477 3499 oppresso-

1894 3521 2041 3562 rum.
2097 3505 2299 3577 Sicque
2349 3509 2496 3566 facili
2546 3515 2767 3583 negotio
2814 3518 3050 3574 evitabis
3102 3534 3214 3574 non
3260 3528 3475 3576 tantum

1896 3594 2210 3667 iniquitatis
2242 3601 2488 3657 actiones
2509 3642 2523 3665 ,
2560 3604 2656 3658 sed
2688 3613 2742 3660 et
2779 3605 2961 3677 ipsos,
2997 3619 3054 3663 ut
3085 3624 3186 3679 par
3215 3618 3336 3676 est,
3373 3611 3479 3665 im-

1895 3698 2064 3759 pctus,
2093 3699 2149 3746 et
2188 3696 2481 3750 memorias
2519 3703 2574 3752 et
2612 3706 2795 3755 motus
2860 3715 3044 3757 rerum
3084 3702 3475 3759 absurdarum.

2444 3967 2581 4022 XIII.
2615 3998 2685 4010 —-
2716 3969 2924 4027 Eidem.

1968 4050 2195 4107 Multam
2224 4060 2372 4109 tuam
2401 4058 2550 4111 circa
2578 4057 2816 4113 animam
2850 4060 3189 4131 diligentiam
3220 4070 3275 4119 et
3302 4066 3483 4120 conti-

207 4162 300 4213 καὶ
335 4161 447 4230 τῆς
498 4160 849 4231 ἐγκρατείας,
886 4161 982 4215 καὶ
1020 4162 1140 4230 τῆς
1191 4160 1404 4231 ἀποχῆς
1447 4162 1556 4213 τῶν
1610 4162 1785 4215 κακῶι

1904 4146 2144 4199 nentiam
2170 4186 2185 4210 ,
2221 4157 2276 4201 et
2328 4163 2357 4201 a
2393 4150 2578 4217 pravis
2616 4152 2951 4220 spectaculis
2984 4152 3479 4225 longinquitatem,

210 4251 526 4322 θεαμάτων,
587 4253 683 4305 καὶ
726 4252 826 4322 τῆς
882 4252 1232 4317 ἀνεξικακίας
1258 4293 1273 4318 ,
1322 4254 1417 4307 καὶ
1463 4252 1573 4305 τῶν
1623 4254 1785 4308 ἀλλωι

1904 4242 1953 4290 et
1981 4237 2307 4305 injuriarum
2338 4240 2682 4295 tolerantiam
2703 4282 2719 4307 ,
2750 4249 3062 4314 ceteraque
3087 4244 3191 4298 alia
3219 4246 3483 4316 praeclare

211 4344 695 4415 κατορθωμάτων,
743 4337 930 4415 ὦνπερ
983 4345 1357 4399 ὲπιδείκνυσαι
1398 4346 1457 4397 ὲν
1504 4346 1654 4416 μέσῳ
1700 4346 1785 4400 τοῐ

1904 4337 2056 4397 gesta
2078 4369 2093 4395 ,
2121 4345 2244 4399 quae
2271 4331 2452 4386 medio
2484 4334 2693 4388 mundo
2716 4334 2994 4391 involutus
3020 4337 3267 4393 ostendis
3288 4377 3304 4404 ,
3329 4354 3483 4394 sum-

212 4435 420 4505 κόσμου
457 4434 850 4504 στρεφόμενος.
889 4436 1028 4489 Ἀλλ’
1056 4437 1115 4489 ἓν
1147 4453 1238 4507 μοι
1266 4436 1348 4490 ἔτι
1402 4436 1541 4507 πρὸς
1590 4438 1785 4501 τούτοις

1904 4434 2127 4489 mopere
2153 4419 2420 4475 admiror.
2467 4420 2573 4476 Sed
2619 4438 2789 4477 unum
2830 4424 2966 4478 mihi
3015 4424 3197 4481 adhuc
3244 4441 3357 4498 pra
3394 4427 3485 4482 his

214 4526 466 4595 χάρισαι,
516 4525 616 4596 τῆς
661 4526 771 4578 τῶν
804 4525 1105 4594 γελοποιῶν
1147 4526 1327 4597 λύμης
1380 4526 1569 4579 λοιπὸν
1604 4529 1801 4581 σαυτὸν
1844 4570 1863 4589 ,

216 4617 622 4688 ἀποσχοίνισον,
654 4619 750 4672 καὶ
788 4619 899 4671 ίδού
940 4636 1025 4671 σοι
1062 4621 1091 4672 ό
1127 4620 1396 4688 στέφανος
1429 4620 1756 4675 πέπλεκται.

501 4795 597 4848 lA'.
623 4824 696 4834 —
714 4795 1019 4867 ΑΝΤΩΝΙῼ
1060 4796 1519 4868 ΣΧΟΛΑΣΤΙΚῼ.

284 4886 365 4956 Τῇ
401 4884 525 4956 θείᾳ
579 4886 748 4957 ψήφῳ
784 4886 1145 4956 βεϐαπτίσθαι
1180 4888 1510 4960 Ἰσραηλῖται
1559 4888 1800 4957 λογιζον-

221 4995 325 5043 ται,
362 4978 701 5049 περαιῶντες
736 4979 835 5049 τὴν
896 4980 1161 5051 Ἐρυθρὰν
1192 4979 1486 5046 θάλασσαν,
1518 4982 1693 5035 καίτοι
1726 4982 1801 5052 μὴ

224 5068 631 5138 βαπτισθέντες.
695 5069 883 5133 Οὕτως
931 5071 1075 5138 ἔδοξε
1115 5072 1235 5144 Θεῷ
1288 5073 1379 5126 τὸν
1420 5073 1802 5144 δευτερότοκον

236 5162 474 5233 Ἐφραῖμ
513 5161 860 5233 πρωτότοκον
911 5163 1211 5232 λέγεσθαι,
1264 5166 1360 5219 καὶ
1408 5164 1802 5236 προκρίνεσθαι

226 5256 311 5308 τοῦ
338 5254 590 5327 μείζονος
622 5256 917 5328 Μανασσῆ,
958 5258 1024 5311 ἵν’
1066 5260 1226 5328 ἡμεῖς
1256 5256 1511 5330 ζητῶμεν
1547 5259 1647 5321 τὰς
1676 5259 1799 5313 τού-

227 5364 323 5400 των
353 5348 649 5419 σημασίας.

701 5438 803 5494 IE'.
824 5471 895 5481 —
922 5440 1315 5512 ΘΕΟΣΕΒΕΙῼ.

290 5528 352 5582 Ai
382 5528 532 5599 παρά
571 5529 649 5600 τῷ
683 5533 935 5604 προφήτῃ
970 5534 1215 5604 Ζαχαρία
1243 5532 1336 5585 δύο
1365 5537 1566 5605 χρυσαῖ
1586 5533 1794 5599 ῖέλαῖαι,

296 5706 337 5738 ³⁸
363 5706 520 5762 Rom.
583 5724 638 5773 ν,
698 5708 785 5761 IS.

1900 4512 2161 4567 omnibus
2208 4513 2557 4583 gratificare,
2606 4529 2637 4567 a
2687 4525 2839 4583 peste
2883 4530 3202 4572 scurrarum
3229 4558 3246 4585 ,
3278 4519 3483 4589 quibus

1899 4603 2140 4659 inhaeres
2160 4644 2174 4669 ,
2206 4604 2537 4661 discinditor
2563 4624 2578 4662 :
2620 4614 2675 4661 et
2707 4623 2774 4663 en
2800 4608 2917 4679 jam
2964 4609 3063 4664 tibi
3110 4624 3319 4666 corona
3350 4626 3487 4667 con-

1897 4700 2048 4751 texta
2073 4705 2176 4752 est.

2148 4783 2290 4839 XIV.
2307 4784 2696 4842 —ANTONIO
2729 4785 3231 4845 SCIIOLASTICO.

1972 4873 2172 4928 Divino
2194 4872 2417 4929 decreto
2438 4874 2702 4930 Israelita:
2737 4891 2886 4932 mare
2915 4876 3165 4932 Rubrum
3200 4877 3485 4950 trajicien-

1900 4974 2021 5032 tes,
2056 4967 2183 5022 licet
2225 4968 2486 5038 baptizati
2536 4984 2645 5023 non
2693 4969 2935 5037 fuerint,
2988 4970 3256 5041 baptizati
3302 4984 3485 5029 tamen

1901 5060 2311 5116 existimantur.
2344 5064 2437 5117 Sic
2464 5064 2575 5120 Deo
2601 5064 2778 5118 visum
2808 5073 2890 5120 est
2912 5104 2927 5128 ,
2961 5065 3208 5121 secundo
3239 5067 3483 5137 genitum

1902 5155 2165 5225 Ephraim
2198 5159 2628 5229 primogenitum
2661 5158 2809 5223 dici,
2858 5168 2912 5215 et
2954 5160 3153 5230 majori
3193 5168 3326 5216 nato
3370 5159 3485 5216 Ma-

1903 5266 2085 5307 nassae
2114 5252 2379 5307 anteferri
2411 5254 2477 5320 “,
2509 5261 2571 5307 ut
2595 5269 2701 5310 nos
2728 5253 2926 5309 horum
2957 5254 3302 5327 significatus
3329 5255 3487 5312 avide

1907 5342 2315 5413 perquiramus.

2279 5432 2436 5502 127
2468 5430 2584 5486 xv.
2617 5463 2685 5471 —
2721 5430 3127 5489 THEOSEBIO.

1979 5527 2109 5585 Dure
2134 5528 2275 5601 apud
2307 5529 2626 5601 prophetam
2662 5527 2986 5584 Zachariam
3019 5530 3174 5584 olivae
3206 5542 3386 5586 aureae
3417 5528 3485 5594 ".

862 5708 907 5740 ¹⁶
959 5709 1094 5764 Gen.
1144 5726 1334 5777 xum,
1375 5712 1461 5767 l9.
1545 5711 1585 5742 ¹⁷
1619 5710 1785 5767 Zacb.
1830 5728 1941 5778 xw,
1976 5711 2032 5765 5.
