3850 6218
368 278 471 342 207

1862 272 1924 333 S.
1961 268 2128 331 NILI

3520 281 3649 345 308

367 407 499 456 eos,
543 388 638 461 qui
681 387 738 443 in
782 386 1068 445 Christum
1096 384 1501 451 crediderunt,
1548 393 1668 441 tum
1714 400 1784 442 ex
1834 385 1946 442 IIe-

2068 385 2176 449 τούς
2222 402 2283 439 τε
2327 383 2387 451 ἐξ
2424 384 2720 454 Ἰουδαίων,
2757 384 2858 442 καὶ
2881 385 3019 452 τοὺς
3046 387 3157 442 ἀπὸ
3196 388 3308 443 τῶν
3338 388 3511 445 ἐθνῶν
3563 391 3653 459 τῷ

366 483 562 549 braeis,
599 491 712 536 tum
746 497 811 537 ex
846 481 1139 552 gentibus,
1172 479 1344 535 veluti
1376 480 1431 534 in
1477 481 1672 534 umbra
1706 489 1898 535 notant
1931 498 1945 534 :

367 576 464 647 qui
492 575 646 646 prius
677 588 804 628 cum
832 581 1025 629 essent
1054 581 1109 626 ut
1136 572 1306 643 palea:
1337 612 1353 637 ,
1390 571 1609 626 demum
1643 587 1741 642 per
1785 574 1947 626 Iidem

368 676 424 724 et
455 663 1143 737 pmnitentiamiugeutem
1171 661 1610 717 misericordiam
1640 663 1949 725 consecuti,

367 757 522 814 aurei
550 766 735 811 mente
754 755 870 809 visi
905 762 1058 811 sunt.

617 844 754 899 XVI.
788 873 860 886 --
889 839 1243 897 AGATHONI
1284 838 1702 897 DECEMBRIO.

435 937 575 992 Cum
618 936 868 991 Isboseth
914 933 1296 989 interfectores
1343 935 1540 989 beatus
1598 932 1769 986 David
1802 932 1953 987 occi-

368 1027 571 1088 disset.
600 1041 900 1096 eorumque
926 1041 1124 1081 manus
1170 1025 1448 1095 pedesque
1492 1024 1857 1089 abscidisset,
1895 1022 1952 1078 in

368 1119 520 1175 fonte
544 1128 598 1174 et
620 1120 675 1173 in
704 1134 845 1189 aqua
874 1117 1166 1188 suspendit
1196 1119 1260 1171 η.
1293 1116 1399 1172 Per
1427 1118 1541 1172 haec
1572 1124 1765 1179 notat,
1799 1115 1951 1186 quod

369 1212 672 1269 secundum
697 1210 975 1266 Christum
1015 1210 1109 1276 ﬁt,
1148 1209 1485 1280 baptismate
1523 1208 1825 1279 amputatis
1858 1223 1954 1261 ex-

368 1304 559 1360 tremis
588 1304 828 1358 mutilari
859 1312 914 1358 et
959 1302 1239 1367 interimi,
1278 1302 1372 1372 qui
1405 1310 1531 1356 ante
1570 1301 1731 1355 ﬁdem
1761 1314 1864 1354 nos
1897 1300 1953 1353 in

368 1397 739 1467 captivitatem
774 1396 1159 1461 abduxerunt,
1207 1396 1532 1465 animasque
1563 1401 1792 1451 nostras
1820 1406 1956 1448 cou-

369 1490 750 1553 trucidarunt,
778 1488 1081 1543 daemones.

894 1577 1060 1632 XVII.
1086 1608 1157 1619 —
1186 1577 1397 1632 Eidem.

440 1669 572 1726 Post
605 1670 907 1725 Mosaicam
953 1670 1069 1739 spei
1123 1670 1369 1723 melioris
1401 1668 1575 1738 legem
1610 1665 1949 1738 superindu-

2050 478 2271 549 Χριστῷ
2312 479 2675 544 πιστεύοντας
2706 478 3154 552 σκιογραφοῦσιν,
3193 482 3389 545 οἵτινες
3435 482 3639 554 πρώην

2048 569 2346 642 ἀχυρώδεις
2403 573 2759 643 ὑπάρχοντες,
2803 571 3033 645 ὕστερον
3079 574 3167 629 διά
3216 576 3477 641 πίστεως,
3534 575 3638 629 καὶ

2054 663 2342 730 μετανοίας
2393 664 2643 733 μεγάλως
2694 664 3043 736 ἐλεηθέντες,
3096 668 3291 740 χρυσοῖ
3342 685 3490 731 τινες
3534 666 3639 738 τὴν

2050 751 2275 822 γνώμην
2304 757 2630 824 πεφήνασιν.

2335 846 2450 911 ις’.
2484 874 2556 886 --
2588 846 2888 901 ΑΓΑΘΩΝΙ
2924 846 3347 919 ΔΕΚΕΜΒΡΙῼ.

2122 934 2261 998 Τοὺς
2298 935 2392 988 τοῦ
2435 934 2673 989 Ίσ6οσθὲ
2693 936 2986 1007 ἀναιρέτας
3012 938 3041 989 6
3074 938 3343 1009 μάκαριος
3365 937 3638 1006 φονεύσας

2054 1020 2240 1084 Δαυῖδ,
2273 1023 2368 1074 καὶ
2406 1025 2596 1093 χεῖρας
2630 1022 2835 1077 τούτων
2865 1024 2960 1077 καὶ
3002 1024 3167 1088 πόδας
3207 1026 3509 1096 ἀποκόψας,
3542 1029 3640 1080 ἐπὶ

2051 1113 2150 1181 τῆς
2169 1115 2401 1183 κρήνης,
2432 1115 2526 1167 καὶ
2552 1114 2643 1167 ἐπὶ
2669 1117 2759 1169 τοῦ
2784 1114 2977 1178 ὓδατος
3010 1118 3338 1188 ἐκρέμασεν.
3369 1119 3641 1191 Σημαίνεο

2052 1202 2143 1254 διὰ
2169 1202 2397 1269 τούτων,
2431 1204 2515 1258 ὅτι
2544 1205 2625 1275 τῷ
2672 1205 2815 1259 κατὰ
2863 1207 3102 1277 Χριστὸν
3135 1210 3401 1279 γινομένῳ
3437 1210 3641 1281 βαπτίο

2056 1312 2223 1365 σματι
2252 1287 2769 1367 ἀκροτηριάζονται,
2802 1300 2899 1350 καὶ
2927 1298 3277 1369 ἀναιροῦνται
3298 1302 3353 1353 οἱ
3392 1301 3501 1370 πρὸ
3535 1302 3643 1372 τῆς

2053 1388 2291 1451 πίστεως
2343 1390 2493 1460 ἡμᾶς
2530 1389 2967 1461 δουλωσάμενοι,
2996 1390 3091 1444 καὶ
3126 1392 3226 1455 τὰς
3252 1392 3429 1464 ψυχὰς
3477 1394 3643 1466 ήμῶν

2054 1480 2478 1543 ἀποκτείναντες
2510 1480 2787 1551 δαίμονες.

2578 1576 2677 1629 IZ'.
2703 1604 2775 1616 —
2810 1575 2894 1641 Τῷ
2923 1575 3103 1642 αὐτῷ.

2127 1663 2285 1719 Μετά
2320 1665 2413 1719 τὸν
2467 1666 2765 1720 Μωσαῖκδν
2812 1668 2977 1737 νόμον
3022 1668 3378 1739 ἐπεισαγωγὴ
3418 1670 3644 1741 ἐδείχθη

369 1770 514 1818 ctam
568 1760 743 1816 fuisse
797 1760 979 1815 edocti
1034 1776 1268 1825 sumus,
1319 1775 1415 1829 per
1463 1774 1628 1827 quam
1684 1758 1953 1812 inhazrere

2068 1760 2155 1828 τῆς
2178 1757 2489 1828 κρείττονος
2516 1758 2752 1824 ἐλπίδος,
2782 1759 2851 1814 δι’
2874 1755 2941 1831 ἧς
2961 1761 3200 1829 ἐγγίζειν
3222 1761 3300 1831 τῷ
3322 1760 3445 1831 Θεῷ
3471 1762 3635 1817 δυνά-

370 1854 483 1909 Deo
532 1867 851 1924 possumus.
904 1852 1093 1922 Itaque
1145 1870 1163 1903 ι
1200 1851 1656 1921 Appropinquate
1705 1849 1848 1915 Deo,
1900 1855 1954 1904 et

2068 1845 2220 1915 μεθα.
2245 1847 2456 1900 Οὐκοῦν
2490 1868 2506 1900 ι
2532 1849 2819 1918 Ἐγγίσατε
2850 1851 2930 1922 τῷ
2958 1851 3099 1922 Θεῷ,
3124 1852 3217 1906 καὶ
3250 1854 3427 1921 ἐγγιεί
3447 1854 3639 1922 ὑμῖν,ι

370 1946 835 2016 appropinquabit
872 1946 1031 2001 vobis
1062 1946 1128 2012 ιθ,
1168 1964 1185 1997 ι
1224 1954 1283 2001 ιιι
1308 1947 1546 2000 Jacobus
1574 1946 1669 1998 ait.
1698 1944 1954 1998 Attamen

2068 1936 2198 1991 καθά
2225 1955 2392 2008 φησιν
2424 1938 2702 2003 Ἰάκωϐος.
2741 1941 2799 1994 Ὁ
2831 1941 2889 1995 δὲ
2919 1941 3029 1996 τῶν
3069 1942 3339 1996 Ἰουδαίων
3369 1942 3499 2007 λαὸς
3536 1943 3643 1997 οὐκ

369 2036 688 2093 Iudaeorum
744 2038 988 2108 populus
1036 2037 1258 2093 nolebat
1315 2054 1413 2108 per
1470 2052 1622 2107 spem
1676 2048 1730 2091 et
1793 2036 1954 2090 Iidem

2068 2027 2214 2099 ήθελε
2261 2030 2327 2082 δι’
2354 2030 2566 2094 ἐλπίδος
2600 2031 2696 2085 καὶ
2740 2033 2976 2097 πίστεως
3011 2034 3281 2102 ἐγγίζειν,
3308 2035 3405 2088 καὶ
3440 2035 3642 2088 κολλᾶ-

370 2146 541 2201 prope
594 2130 747 2193 ﬁeri,
781 2128 1129 2201 Dominoque
1159 2129 1555 2201 couglutiuari.
1607 2129 1954 2199 Quapropter

2068 2120 2182 2173 ςθαι
2207 2122 2419 2193 Κυρίῳ,
2444 2122 2635 2195 διόπερ
2667 2124 2829 2178 Δαυῒδ
2855 2124 3065 2194 ἔλεγεν,
3101 2127 3185 2180 ὅτι
3212 2143 3239 2178 't
3277 2126 3445 2197 Ὀργὴ
3468 2126 3644 2180 ἀνέϐη

372 2222 544 2278 David
573 2223 794 2277 dicebat
826 2240 841 2277 :
876 2240 895 2274 ι
929 2222 1013 2276 Ira
1046 2222 1297 2320 ascendit
1324 2222 1380 2276 in
1413 2220 1585 2277 Israel
1613 2222 1659 2252 ²⁰
1687 2239 1702 2275 :
1736 2239 1753 2271 ι
1781 2236 1954 2289 quau-

2068 2213 2149 2266 ἐπὶ
2175 2212 2265 2264 τὸν
2282 2214 2553 2285 Ἰσραὴλμ
2578 2215 2876 2287 ἐπειδήπερ
2905 2218 3005 2270 οὐκ
3034 2217 3353 2270 ἐπίστευσεν
3386 2216 3466 2287 τῷ
3495 2217 3643 2288 Θεῷ.

372 2311 664 2382 doquidem
696 2327 806 2367 non
833 2314 1070 2369 credidit
1104 2312 1213 2368 Deo
1233 2311 1462 2383 [neque
1492 2313 1735 2382 speravit
1777 2315 1829 2366 in
1865 2329 1956 2366 sa-

373 2404 552 2459 lutare
583 2404 751 2459 illius.
788 2405 905 2475 Ipse
933 2419 1158 2460 rursum
1194 2404 1339 2460 Deus
1370 2419 1471 2475 per
1520 2403 1719 2460 Isaiam
1771 2421 1954 2459 enun-

374 2497 535 2550 tiavit
558 2515 579 2551 ηε
612 2515 629 2548 ι
666 2496 908 2565 Populus
941 2498 1045 2551 iste
1075 2496 1239 2551 labiis
1268 2511 1355 2551 me
1388 2504 1570 2562 amat,
1618 2511 1718 2551 cor
1768 2505 1954 2550 autem

370 2600 567 2639 eorum
602 2584 762 2653 longe
791 2595 877 2638 est
912 2602 937 2634 τι
975 2602 1057 2637 me
1088 2586 1156 2636 ⁹¹.
1191 2603 1209 2635 ι

805 2676 967 2744 128
999 2672 1184 2728 XVIII.
1216 2704 1284 2715 —
1317 2672 1525 2727 Eidem.

452 2765 532 2821 Ει
578 2766 843 2836 improbis
888 2766 1136 2835 plerique
1168 2766 1426 2820 tenebras
1460 2766 1515 2820 in
1548 2764 1715 2819 corde
1740 2779 1842 2819 suo
1872 2774 1955 2819 te-

375 2860 547 2915 tricas
577 2857 721 2911 clam
748 2872 873 2912 esse
902 2856 1029 2912 aliis
1064 2857 1384 2913 hominibus
1415 2857 1726 2928 cupientes,
1760 2857 1955 2926 ingen-

375 2960 459 3007 tes
491 2952 637 3005 risus
665 2949 873 3015 edunt,
906 2949 1267 3020 laetitiamque
1295 2951 1463 3004 veluti
1497 2951 1550 3004 in
1583 2950 1800 3004 theatro
1834 2964 1957 3018 per-

2052 2303 2176 2356 οὺδέ
2220 2303 2446 2375 ἤλπισεν
2474 2307 2567 2359 ἐπὶ
2596 2308 2657 2360 τὸ
2691 2309 2957 2378 σωτήριον
2988 2307 3178 2362 αὑτοῦ.
3206 2308 3315 2361 Καὶ
3347 2308 3513 2372 αὐτὸς
3536 2309 3647 2362 πά-

2053 2392 2138 2445 λιν
2162 2394 2190 2446 ό
2220 2394 2351 2458 Θεὸς
2389 2395 2578 2468 εἴρηκε
2608 2396 2698 2451 διὰ
2732 2397 2825 2451 τοῦ
2871 2398 3130 2452 Ἠσαῖουο
3165 2417 3185 2451 ι
3224 2398 3281 2452 '0
3318 2398 3447 2462 λαδς
3485 2395 3646 2463 οὗτος

2054 2484 2259 2556 χείλεσί
2296 2503 2364 2556 με
2395 2488 2610 2560 ἀγαπᾷ,
2641 2490 2677 2560 ή
2698 2488 2756 2543 δέ
2780 2489 2979 2562 καρδία
2998 2490 3183 2545 αὐτῶν
3206 2491 3400 2563 πόρρω
3439 2490 3646 2562 ἀπέχει

2051 2578 2151 2631 ἀπ’
2180 2577 2338 2648 ἐμοῦ.
2372 2596 2393 2631 ι

2576 2670 2783 2725 1Η¹.-
2824 2669 2910 2737 Τῷ
2937 2670 3120 2737 αὐτῷ.

2126 2759 2322 2813 Πολλοὶ
2348 2760 2456 2815 τῶν
2495 2760 2717 2830 φαύλων
2741 2761 2803 2814 τὸ
2834 2762 2892 2815 ἐν
2921 2764 2987 2832 τῇ
3032 2762 3230 2835 καρδίᾳ
3259 2762 3445 2818 αὐτῶν
3471 2764 3643 2835 ἀμει-

2052 2848 2142 2915 δές
2191 2850 2381 2915 σκότος
2417 2851 2703 2905 λανθάνειν
2755 2853 2883 2916 τοὺς
2924 2854 3248 2925 ἀνθρώπους
3298 2855 3643 2927 βουλόμενοι,

2053 2943 2393 3013 καγχάζουσι
2450 2944 2679 3014 μεγάλα,
2711 2945 2805 2997 καὶ
2852 2944 2949 3013 τὴν
3004 2946 3296 3018 ἱλαρότητα
3329 2947 3644 3019 θεατρίζειν

377 3044 605 3114 vulgare
636 3043 860 3112 populis
897 3042 1177 3097 videntur.
1228 3042 1401 3097 Porro
1432 3042 1751 3098 necessario
1783 3041 1954 3096 scien-

2068 3034 2330 3088 δοκοῦσιν.
2368 3035 2509 3088 Ἀλλ’
2538 3036 2836 3104 ἀναγκαῖον
2863 3035 3082 3101 εἰδέναι,
3106 3037 3181 3099 ὡς
3207 3038 3387 3107 πάσης
3410 3037 3644 3105 στυγνός

376 3141 505 3196 dum
533 3147 619 3194 est
643 3180 658 3205 ,
687 3154 784 3194 eos
812 3138 961 3193 intus
990 3139 1140 3193 omni
1170 3136 1397 3192 tristitia
1422 3136 1617 3205 plenos
1643 3149 1767 3189 esse
1786 3173 1802 3200 ,
1825 3146 1960 3188 cum

374 3247 473 3288 eos
496 3231 709 3302 justum
744 3230 1003 3302 gaudium
1033 3236 1348 3284 aversatum
1381 3227 1713 3282 deseruerit.

613 3319 756 3377 XIX.
791 3349 862 3361 —-
893 3318 1324 3375 PANTONYMO
1354 3316 1717 3374 SATRAPJE.

445 3410 653 3468 Judaeis
694 3413 764 3468 de
810 3420 904 3466 tua
949 3410 1159 3464 familia
1203 3424 1304 3464 cur
1348 3408 1558 3464 victum
1596 3418 1649 3462 et
1689 3407 1957 3460 amictum

372 3507 556 3562 invito
586 3507 774 3562 animo
805 3514 859 3561 te
887 3504 1245 3575 suppeditare
1276 3501 1525 3557 ostendis
1546 3539 1561 3565 ,
1595 3500 1753 3570 quasi
1785 3498 1958 3551 facul-

379 3608 520 3655 tates
568 3609 693 3655 tuas
743 3598 797 3652 in
847 3605 1105 3661 exteros,
1160 3594 1515 3667 pervicaces.
1569 3588 1851 3660 improbos
1899 3595 1955 3643 et

376 3690 588 3745 deliros
620 3688 992 3760 profunderes
1020 3688 1043 3740 ?

734 3779 851 3835 XX.
884 3807 957 3819 -—
988 3774 1263 3831 IIIPATIO
1301 3770 1607 3829 EPHORO.

450 3869 570 3925 Non
604 3885 797 3926 omnes
828 3869 1157 3923 demortuos
1178 3866 1359 3936 justos
1390 3862 1570 3919 factos
1597 3876 1724 3917 esse
1762 3861 1957 3916 existi-

377 3977 538 4017 mans
566 3961 853 4032 apostolus
884 3959 1088 4015 Paulus
1120 3958 1313 4014 scribit
1339 3974 1354 4012 :
1386 3975 1405 4008 ι
1436 3954 1541 4021 Qui
1572 3955 1737 4009 vitam
1781 3953 1918 4006 obiit
1940 3992 1955 4017 ,

374 4054 715 4125 justiﬁes-tus
763 4060 849 4109 est
878 4068 907 4106 a
952 4060 1180 4123 peccato
1220 4052 1309 4116 ²²;
1342 4068 1361 4102 ι
1387 4063 1519 4104 vere
1567 4047 1715 4103 enim
1765 4059 1959 4099 onmes

380 4146 534 4215 impii
566 4155 622 4201 et
664 4144 871 4214 iniqui,
905 4158 1031 4199 cum
1074 4142 1201 4197 vita:
1243 4142 1407 4196 linem
1444 4139 1768 4210 posuerint,
1814 4134 1957 4205 justi

380 4236 513 4292 facti
540 4252 663 4292 esse
692 4235 1026 4291 videbuntur
1053 4253 1067 4291 :
1097 4233 1193 4290 sed
1226 4231 1374 4302 quod
1399 4230 1586 4285 omnis
1614 4228 1778 4282 homo
1797 4266 1812 4292 ,
1842 4227 1955 4295 jam

2056 3142 2222 3196 τητος
2251 3126 2486 3196 πλήρεις
2514 3128 2851 3197 ὑπάρχουσιν
2881 3127 3116 3195 ἔνδοθεν,
3148 3131 3249 3201 τῆς
3275 3128 3493 3195 δικαίας
3514 3130 3645 3183 τού-

2052 3235 2185 3283 τους
2215 3220 2664 3291 ἀποστραφείσης
2696 3223 2894 3290 χαρᾶς.

2316 3309 2423 3366 -ΙΘἎ
2449 3339 2513 3352 -
2546 3313 2977 3385 ΠΑΝΤΩΝΥΜῼ
3009 3314 3357 3386 ΣΑΤΡΑΠῌ.

2125 3399 2265 3463 Τοὺς
2300 3399 2590 3465 Ἰουδαίους
2624 3401 2702 3471 (I)
2736 3400 2813 3472 μὴ
2860 3401 3110 3472 εὑψυχῶν
3156 3399 3444 3471 διαθρέψαι
3467 3437 3485 3463 ,
3541 3398 3641 3454 καὶ

2054 3491 2335 3563 ἀμφιάσαι
2368 3492 2608 3559 οἰκέτας,
2645 3493 2789 3547 διατί
2828 3493 3128 3563 ἐνδεικτιᾷς
3165 3492 3328 3561 δῆθεν
3367 3490 3447 3555 ὡς
3478 3491 3643 3545 ἀλλος

2055 3583 2225 3655 τρίοις
2245 3583 2445 3651 ἔξωθεν
2477 3583 2941 3656 προσερχομένοις
2979 3584 3307 3656 ἀγερώχοις,
3333 3586 3431 3639 καὶ
3467 3600 3643 3655 πονη-

2059 3679 2195 3748 ροῖς,
2223 3677 2318 3730 καὶ
2359 3676 2547 3748 λήροις
2576 3677 2675 3748 τὴν
2699 3677 2942 3749 κῦπαρξιν
2973 3676 3318 3745 σκορπίζων;

2474 3770 2562 3821 Κ⁹.
2588 3798 2659 3812 -—
2687 3769 2944 3841 ΥΠΑΤΙῼ
2981 3769 3219 3840 ΕΦΟΡῼ.

2129 3861 2241 3931 Οὐχ
2263 3861 2346 3913 ὅτι
2375 3860 2586 3924 πάντας
2610 3862 2736 3923 τοὺς
2767 3860 3027 3924 θανόντας
3050 3859 3432 3915 δεδικαιῶσθαι
3453 3859 3639 3930 οἰόμε-

2056 3966 2150 4011 -νος
2182 3950 2211 4002 6
2264 3949 2560 4013 ἀπόστολος
2601 3949 2813 4014 Παῦλος
2852 3950 3087 4020 γράφει,
3126 3950 3209 4004 ὅτι
3265 3968 3285 4003 ι
3317 3950 3375 4005 ’0
3425 3951 3641 4007 ἀποθα·

2060 4038 2168 4093 νὼν
2191 4039 2535 4093 δεδικαίωται
2563 4040 2673 4093 ἀπὸ
2702 4040 2803 4111 τῆς
2831 4041 3106 4111 ἁμαρτίας
3124 4058 3140 4074 ·
3176 4059 3196 4094 ι
3230 4042 3399 4106 ὅντως
3430 4043 3540 4114 γάρ
3572 4044 3643 4097 ἀν

2065 4130 2307 4193 ἅπαντες
2340 4130 2579 4195 ἀσεϐεῖς,
2638 4132 2733 4186 καὶ
2778 4133 3087 4204 παράνομοι
3122 4133 3504 4189 δεδικαιῶσθαι
3548 4135 3641 4189 δό-

2059 4220 2247 4286 ξουσιν
2292 4219 2601 4287 ἐξελθόντες
2632 4224 2725 4277 τοῦ
2755 4224 2907 4294 βίου’
2944 4225 3059 4278 ἀλλ’
3092 4226 3173 4279 ὅτι
3212 4228 3322 4291 πᾶς
3352 4227 3643 4299 ἄνθρωπος

382 4337 666 4398 peccatum
721 4342 831 4381 non
885 4326 1131 4388 faciens,
1182 4339 1305 4379 cum
1339 4337 1371 4377 a
1416 4336 1583 4393 prava
1632 4318 1954 4389 operatione

2068 4312 2263 4383 μηκέτι
2298 4312 2442 4382 δρῶν
2479 4313 2576 4383 τὴν
2617 4315 2915 4386 ἁμαρτίαν,
2964 4315 3053 4370 διὰ
3096 4316 3156 4369 τὸ
3198 4317 3511 4374 παύσασθαι
3539 4320 3645 4391 τῆς

378 4415 700 4480 cessaverit,
719 4423 773 4470 et
793 4412 1041 4468 videatur
1056 4413 1263 4482 iniquis
1284 4410 1595 4466 actionibus
1618 4410 1954 4471 demortuus,

2068 4404 2278 4476 φαύλης
2300 4405 2599 4475 ἐνεργείας,
2626 4406 2702 4470 ὡς
2733 4406 2905 4460 δοκῶν
2935 4409 3304 4480 νενεκρῶσθαι
3327 4412 3447 4473 ταῖς
3474 4426 3647 4484 πονη-

379 4507 472 4563 hic
500 4522 610 4561 non
642 4512 928 4577 peccator,
963 4505 1057 4561 sed
1082 4504 1305 4575 justus.
1351 4517 1454 4557 nec
1497 4502 1708 4569 absque
1748 4500 1954 4554 ratione

2069 4498 2191 4570 ραῖς
2236 4495 2518 4567 πράξεσιν,
2553 4493 2708 4561 οὗτος
2763 4497 2948 4552 οὐκέτι
2989 4499 3344 4571 ἁμαρτωλὸς,
3378 4502 3517 4557 ἀλλά
3566 4503 3647 4557 δί-

380 4606 484 4654 est.
536 4598 627 4653 Sic
684 4598 871 4667 itaque
922 4596 1195 4668 scriptum
1250 4593 1536 4663 intellige:
1582 4591 1689 4657 Qui
1740 4599 1954 4660 peccati

2068 4604 2222 4652 καιος
2258 4587 2494 4657 εὐλόγως
2532 4590 2884 4660 χρηματίζει.
2913 4589 3101 4655 Οὕτως
3133 4592 3314 4645 τοίνυν
3355 4592 3550 4664 νόησον
3581 4595 3647 4647 τδ

380 4700 636 4745 mortuus
665 4698 789 4755 est,
817 4704 945 4743 cum
980 4687 1116 4743 illud
1162 4686 1405 4758 amplius
1459 4698 1571 4740 non
1620 4688 1831 4754 pauet,
1878 4681 1954 4752 ju-

2068 4680 2474 4753 γεγραμμένον,
2510 4680 2591 4733 ὅτι
2624 4680 2681 4733 '0
2706 4679 2991 4735 ἀποθανὼν
3019 4685 3085 4754 τῇ
3119 4682 3383 4756 ἁμαρτίᾳ,
3409 4684 3648 4757 ἐπειδή-

380 4791 504 4837 stus
539 4781 721 4837 factus
750 4791 856 4836 est.

2068 4789 2175 4845 περ
2198 4771 2397 4845 μηκέτι
2432 4771 2665 4843 πράττει
2699 4772 2893 4841 αὐτὴν,
2925 4774 3288 4830 δεδικαίωται.

717 4873 862 4930 XXI.
891 4903 960 4914 -—
992 4869 1269 4927 ISIDOBO
1298 4856 1621 4926 LECTORI.

2350 4865 2482 4920 ΚΜ.
2514 4895 2585 4907 -
2618 4864 2878 4937 ῙΣΙΔΩΡῼ
2914 4867 3348 4940 ΛΝΑΓΝΩΣἸᾘ.

453 4966 648 5024 Petrus
696 4967 1080 5037 apostolorum
1135 4964 1395 5034 princeps
1448 4963 1570 5017 ait:
1602 4980 1622 5015 ι
1652 4958 1711 5015 Si
1761 4973 1954 5031 expro-

2140 4954 2350 5026 Πέτρος
2402 4956 2431 5008 6
2489 4954 2883 5025 πρωτοστάτης
2925 4954 3035 5007 τῶν
3085 4956 3401 5011 ἀποστόλων
3442 4956 3609 5026 φησίν
3629 4973 3646 4989 ⁸

382 5055 622 5112 bramini
653 5058 709 5113 in
735 5060 959 5113 nomine
984 5056 1144 5127 129
1166 5055 1395 5121 Christi,
1418 5054 1565 5110 beati
1593 5053 1728 5109 estis
1744 5053 1833 5117 ¹³;
1864 5071 1883 5104 ι
1904 5058 1954 5108 el

2077 5066 2098 5101 ι
2119 5048 2181 5101 Εί
2204 5047 2530 5111 ὀνειδίζεσθε
2554 5049 2611 5100 ἐν
2641 5046 2865 5118 ὀνόματι
2890 5045 3147 5118 Χριστοῦ,
3174 5048 3432 5121 μακάριοί
3464 5051 3607 5103 ἐστε.
3624 5069 3644 5101 ι

382 5146 652 5205 Dominus
682 5149 821 5205 dixit
854 5165 952 5219 per
979 5149 1177 5205 Isaiam
1205 5167 1257 5202 τι
1282 5144 1653 5218 Opprobrium
1682 5144 1954 5201 hominum

2071 5141 2183 5197 Καὶ
2220 5143 2249 5195 6
2277 5140 2480 5211 Κύριος
2514 5139 2706 5212 εἴρηκε
2747 5139 2835 5193 διὰ
2879 5140 2970 5193 τοῦ
3004 5140 3265 5196 Ἡσαΐου·
3314 5142 3649 5213 Ὀνειδισμδν

454 5324 569 5450 iii"
601 5326 736 5381 Rep.
768 5339 843 5391 tv,
873 5324 961 5378 12.
1038 5327 1083 5359 ¹⁹
1105 5324 1223 5380 Jac.
1259 5342 1334 5390 Iv,
1368 5326 1424 5381 8.

384 5411 435 5457 ι’,
466 5411 553 5450 14.

1536 5329 1581 5361 ὀ
1608 5328 1751 5384 Psal.
1783 5346 1986 5396 tum,
2025 5330 2115 5385 2|.
2197 5328 2237 5358 "
2289 5326 2395 5381 Isa.
2439 5342 2589 5387 xxix.
2628 5326 2713 5381 I5.
2809 5326 2854 5357 ³³
2907 5324 3066 5380 Rom.
3100 5340 3175 5392 v1,
3208 5326 3260 5379 7.
3360 5325 3407 5357 ³³
3444 5323 3464 5378 ι
3497 5323 3644 5379 Petr.

455 5553 532 5638 )
584 5552 722 5623 Lege
759 5554 883 5635 τοῦς
899 5550 1095 5638 ⁸ίδίους,
1126 5551 1192 5632 ad
1226 5551 1371 5605 hunc
1391 5566 1612 5635 sensum
1646 5570 1661 5608 :
1702 5554 1959 5638 Q‘uendo-
2065 5556 2387 5638 extrinsecus
2414 5553 2765 5638 advenientes,
2800 5554 3064 5638 improbos
3106 5563 3156 5609 et
3211 5565 3511 5638 nugg_tores.
3566 5556 3643 5638 [β’

384 5621 590 5696 quidem
632 5621 860 5694 propriis
892 5621 1333 5696 fantuli_s__victum
1362 5631 1411 5674 et
1455 5625 1699 5696 vestitum
1740 5626 1958 5679 libenter
2066 5626 2287 5696 cultam
2322 5634 2440 5679 tuus
2487 5625 2833 5696 profundas?
2875 5621 3235 5683 COTELEBIUS
3283 5621 3538 5679 'Momtm.
3566 5621 3649 5679 Ἐ.

387 5692 706 5766 suppeditas,
731 5692 831 5749 cur
871 5700 971 5747 tete
1012 5692 1210 5745 scilicet
1242 5701 1468 5746 ostentus
1499 5694 1652 5762 quasi
1683 5694 1734 5747 in
1760 5697 1959 5751 alienos
2064 5696 2129 5751 (ἱ.
2160 5695 2224 5762 Il,
2267 5696 2390 5751 556.
