3850 6218
208 300 298 363 209

1411 299 1943 362 EPISTOLARUM
1975 302 2121 361 LIB.
2163 302 2246 361 ll.

3344 297 3452 365 210

209 412 486 484 ἀνθρώπων
517 414 784 485 μηδαμῶς
839 415 1137 488 φοϐηθῆτε.
1174 434 1207 470 ›-
1241 417 1320 470 Δι’
1366 415 1533 469 αὐτοῦ
1570 416 1629 469 δὲ
1659 415 1759 486 βοᾷ

1876 430 1931 469 ιε
1962 414 2205 470 timeatis
2238 416 2303 472 “.
2335 434 2351 467 ι
2380 414 2483 470 Per
2507 416 2750 485 seipsum
2784 414 2838 469 in
2871 412 3170 483 Evangelia
3197 412 3444 469 clamat:

212 505 260 555 ἑν
277 501 346 571 τῷ
373 502 720 574 Εὑαγγελίῳ·
748 524 765 556 ι
785 506 1063 577 Μακάριοί
1089 509 1236 570 ὲστε,
1268 508 1398 560 ὅταν
1423 506 1758 560 ὀνειδίσωσιν

211 593 367 661 ὑμᾶς’
396 596 614 665 χαίρετε
643 637 657 661 ,
688 598 784 650 καὶ¹
807 598 1162 667 ἀγαλλιᾶσθε,
1193 601 1275 652 ὅτι
1314 600 1344 652 6
1378 599 1569 671 μισθὸς
1604 596 1759 667 ὑμῶν

212 686 354 749 πολὺς
374 688 430 740 ὲν
451 690 565 749 τοῖς
592 688 860 759 οὐρανοῖς.
898 708 925 741 ι
958 691 1068 744 Καὶ
1088 693 1117 744 6
1137 691 1432 754 ἀπόστολος
1464 691 1521 744 δὲ
1549 689 1758 753 Παῦλος

212 777 259 828 ὲν
297 780 354 847 τῇ
388 778 524 847 πρὸς
576 779 865 849 Ἐϐραίους
919 781 1227 851 Ἐπιστολῇ.
1275 782 1481 852 σφόδρα
1529 780 1759 853 ἐπῄνεσε

212 868 319 929 τοὺς
346 868 424 931 εἰς
468 868 557 921 τὸν
591 870 825 939 Σωτῆρα
862 870 1098 939 Χριστὸν
1136 870 1361 940 ἔχοντας
1399 870 1626 934 ζέουσαν
1666 871 1758 924 πί-

216 972 330 1009 στιν.
354 957 414 1010 Εί
432 957 614 1009 τοίνυν
636 957 793 1010 ταῦθ’
818 957 991 1019 οὕτως
1016 957 1153 1027 ἔχει,
1177 957 1423 1027 μηδό).ως
1447 957 1758 1027 ἁθυμήσῃς,

216 1046 330 1116 μηδὲ
354 1047 592 1118 πτοηθῇς
631 1048 1086 1119 ὲξονειδιζόμενος
1116 1048 1183 1102 δι’
1218 1048 1489 1112 εῠκλειαν,
1517 1048 1605 1099 καὶ
1633 1048 1760 1116 τρό-

214 1154 310 1189 πων
334 1141 701 1210 χρηστότητα,
749 1141 846 1192 καλ⁸
884 1140 1143 1210 λαμπρὰν
1173 1140 1477 1205 εὐσέϐειαν,
1513 1138 1619 1192 ὑπὸ
1650 1137 1761 1192 τῶν

212 1227 489 1301 ἀϐελτέρων
526 1248 609 1294 τε,
642 1233 738 1284 καὶ
767 1231 965 1294 ἀθέων,
995 1232 1091 1286 καὶ
1129 1232 1391 1302 μυσαρῶν
1425 1231 1758 1303 ἀνθρώπων

212 1320 291 1371 καὶ
329 1320 428 1392 γὰρ
460 1322 511 1375 οἱ
561 1323 754 1391 πόρνοι
787 1323 1129 1391 καταγελῶσι
1175 1323 1284 1376 τῶν
1319 1323 1757 1395 σωφρονούντων,

211 1409 288 1460 καὶ
314 1411 357 1462 οἱ
404 1410 619 1475 ἀσεϐεῖς
653 1412 949 1466 σκόπτουσι
993 1413 1123 1473 τοὺς
1155 1412 1547 1476 εὐσεϐοῦντας,
1585 1414 1680 1467 καὶ
1710 1415 1761 1467 oi

211 1500 412 1568 πονηροὶ
439 1501 563 1564 τοὺς
599 1502 844 1570 ἀγαθοὺς
875 1502 1329 1573 μυκτηρίξουσιν,
1362 1504 1457 1557 καὶ
1486 1505 1536 1556 οἱ
1567 1503 1765 1573 τυφλοὶ

210 1589 621 1657 πολυϐλέποντας
647 1595 1040 1665 κικλήσκουσιν
1066 1595 1319 1659 ἑαυτοὺς,
1345 1596 1455 1650 καὶ
1481 1598 1529 1649 οἱ
1561 1597 1762 1666 φαυλό-

210 1698 337 1736 τατοι
363 1685 651 1748 κρατοῦσι,
695 1686 789 1739 καὶ
832 1686 1273 1757 άνακηρύττουσι
1325 1687 1423 1748 τὰς
1463 1688 1760 1759 ἁμαρτίας,

1869 525 1887 558 ι
1928 504 2080 561 Beati
2111 508 2282 569 estis,
2315 523 2441 562 cum
2475 508 2860 562 maledixeriut
2891 506 3047 561 vobis
3075 523 3090 571 ;
3122 505 3354 575 gaudete
3395 512 3450 557 et

1863 600 2174 663 exsultate,
2203 601 2465 669 quoniam
2499 616 2717 656 merces
2762 609 2940 654 vestra
2990 599 3216 667 copiosa
3259 605 3344 653 est
3389 596 3444 649 in

1863 692 2022 747 caelis
2053 693 2121 746 ’⁵.
2147 710 2166 744 ι
2190 691 2256 745 Ει
2283 692 2483 748 Paulus
2513 692 2795 763 apostolus
2823 691 3067 762 Epistula
3092 689 3160 743 ad
3186 688 3441 743 Hebmos

1864 784 2099 839 maxime
2127 786 2432 839 admiratus
2459 792 2544 838 est
2567 798 2684 848 eos,
2711 785 2801 853 qui
2828 784 2884 838 in
2918 782 3257 836 Salvatorem
3283 779 3443 835 Chri-

1864 878 2011 925 stum
2054 870 2257 925 habent
2297 871 2581 925 ardentem
2623 870 2783 925 ﬁdcin
2823 872 2891 925 ’°.
2922 870 3046 924 Haac
3075 870 3258 938 itaque
3286 868 3331 923 si
3366 868 3441 921 ita

1865 981 1925 1021 se
1950 965 2187 1033 habent,
2218 982 2289 1021 ne
2315 981 2548 1037 prorsus
2578 966 2820 1019 animum
2849 963 3228 1035 despondeas,
3260 977 3442 1032 neque

1864 1058 2065 1114 timore
2092 1058 2353 1113 concidas
2377 1098 2392 1119 .
2422 1068 2646 1128 propter
2676 1057 2879 1112 famam
2901 1097 2918 1123 ,
2944 1064 3000 1111 et
3032 1070 3244 1109 morum
3271 1054 3443 1122 aequi-

1864 1157 2031 1205 tatem
2054 1188 2071 1214 ,
2098 1157 2153 1203 et
2186 1148 2534 1220 splendidam
2566 1149 2865 1219 pietatem,
2897 1162 2926 1201 a
2964 1145 3221 1209 vesanis,
3257 1144 3443 1213 impiis

1864 1240 2333 1309 exsecrandisque
2386 1240 2706 1294 hominibus
2768 1237 3083 1293 maledictis
3134 1235 3439 1306 impetitus.

1867 1331 2083 1386 Etenim
2119 1331 2358 1386 adulteri
2394 1333 2750 1386 continentes
2784 1329 3058 1394 irrident,
3092 1337 3147 1382 et
3182 1327 3307 1396 pios
3336 1325 3445 1378 im-

1866 1423 1942 1494 pii
1977 1423 2416 1489 calumniantur,
2447 1430 2502 1478 et
2533 1424 2738 1493 probos
2771 1420 3008 1491 improbi
3036 1434 3175 1475 naso
3216 1433 3446 1489 suSpen-

1865 1514 2039 1578 dunt,
2070 1516 2315 1585 caecique
2344 1514 2575 1569 multum
2605 1529 2665 1570 se
2697 1514 2821 1569 visu
2861 1513 3069 1582 pollere
3108 1509 3442 1581 gloriantur,

1865 1617 1920 1661 et
1951 1606 2177 1677 pessimi
2223 1607 2531 1676 plaudunt,
2574 1612 2630 1660 et
2688 1604 3016 1674 iniquitates
3055 1602 3347 1673 evulgant,
3390 1606 3453 1654 et:

1867 1696 2325 1767 probrosissimos
2347 1696 2602 1765 vituperii
2628 1694 2879 1757 allectus,
2905 1694 3264 1750 decernentes
3286 1690 3445 1745 dulce

210 1772 289 1824 καὶ
312 1774 373 1826 τὰ
400 1775 655 1845 αἴσχιστα
680 1776 830 1847 πάθη
869 1776 969 1846 τῆς
1017 1778 1263 1847 ἀτιμίας,
1301 1776 1666 1849 ψηφιζόμενοι
1703 1780 1766 1832 τὸ

1876 1803 2112 1841 amarum
2143 1803 2289 1843 esse.
2316 1786 2427 1843 Nos
2452 1803 2589 1841 vero
2612 1788 2795 1857 potius
2820 1802 2919 1843 eos
2949 1783 3192 1840 ludibrio
3222 1781 3445 1836 habebi-

209 1864 378 1935 πικρὸν
429 1866 605 1934 γλυκὺ
691 1862 854 1922 εἶναι.
910 1869 1052 1922 Ἀλλ’
1101 1870 1266 1940 ἡμεῖς
1326 1870 1528 1941 μᾶλλον
1582 1871 1769 1927 αὐτῶν

210 1957 629 2028 καταγελάσομεν
666 1998 682 2022 ,
730 1961 826 2013 καὶ
884 1961 1380 2031 ιοαταγνωσόμεθα,
1420 1962 1765 2033 πενθήσομέν

208 2060 279 2107 τε.
328 2045 418 2101 καὶ
465 2048 966 2121 καταθρηνήσομεν
1004 2050 1105 2120 τὴν
1151 2050 1262 2103 τῶν
1302 2051 1560 2105 τοιούτων
1612 2052 1764 2105 ἀπώ-

208 2135 355 2187 λειαν.

262 2153 355 2191 ιαν.

637 2229 772 2285 KB’.
801 2257 873 2272 -
908 2230 1320 2302 annoanno-

278 2318 529 2385 Ὀφείλεις
556 2321 907 2393 εὐχαριστεῖν
939 2322 1017 2392 τῷ
1046 2322 1188 2394 Θεῷ,
1216 2324 1301 2377 ὅτι
1332 2323 1433 2378 οὐκ
1462 2324 1610 2396 ἔχεις
1636 2326 1769 2397 χρή-

214 2425 357 2477 ματα,
386 2411 473 2466 ῐνσ.
500 2412 576 2484 μὴ
601 2414 920 2486 ἀπαιτηθῇς
965 2417 1024 2469 ἐν
1054 2416 1241 2489 ἡμέρᾳ
1268 2416 1502 2487 κρίσεως
1522 2418 1615 2471 τὸν
1641 2417 1765 2471 τού-

209 2516 299 2553 των
326 2502 499 2571 λόγον’
546 2525 566 2556 ι
597 2500 671 2576 ’9
718 2506 850 2577 γὰρ,
886 2506 1042 2576 φησὶ,
1072 2507 1209 2560 πολὺ
1240 2507 1473 2573 δέδοται,
1504 2509 1766 2582 περισσό-

210 2608 343 2663 τερον
386 2596 788 2662 ἀπαιτήσουσιν
838 2599 888 2651 οἱ
935 2600 1247 2669 πράκτορες
1293 2600 1553 2668 ἄγγελοι·
1593 2618 1614 2652 ι
1670 2600 1767 2654 καλ⁵

211 2684 397 2755 πολλὴν,
438 2688 596 2758 δίκην
652 2690 837 2758 ὑφέξει
879 2690 989 2743 τῶν
1046 2690 1309 2745 δοθέντων
1380 2692 1681 2763 χρημάτων
1735 2693 1765 2745 6

211 2775 473 2841 πλούσιος,
541 2781 643 2834 καὶ
691 2781 917 2850 ἀκριϐὲς
984 2779 1331 2848 λογοθέσιον,
1393 2782 1489 2835 καὶ
1526 2784 1766 2853 φρικτὴν

209 2865 571 2925 δυσκουσσίονα.
600 2911 618 2937 ,
660 2871 888 2943 πότερον
945 2870 1165 2936 καλῶς,
1219 2871 1252 2942 ἢ
1296 2873 1481 2936 κακῶς
1531 2872 1766 2945 διῴκησε

209 2956 266 3010 τὰ
302 2960 375 3023 είς
422 2961 588 3014 αὑτὸν
637 2961 993 3033 περιελθόντα
1043 2963 1185 3022 κατὰ
1222 2963 1481 3038 πρόνοιαν
1515 2965 1673 3021 Θεοῦ.

484 3144 615 3198 ιιιν.
640 3176 713 3186 -
749 3146 1103 3218 “rosum
1138 3148 1483 3220 maxum...
1791 3110 1839 3169 θ

267 3235 349 3305 ivli]
377 3236 661 3310 θαρσήσῃς
691 3238 770 3309 τῷ
798 3242 946 3311 γήρᾳ
965 3256 979 3271 ·
1014 3242 1108 3293 καὶ
1133 3240 1243 3309 γὰρ
1273 3242 1367 3293 καὶ
1392 3241 1647 3312 γέροντες
1676 3241 1768 3295 πί-

211 3341 442 3379 πτουσιν·
473 3329 743 3381 ὲπικαλοῦ
787 3332 845 3383 δὲ
874 3333 966 3383 τὸν
1011 3331 1248 3403 Χριστὸν
1302 3333 1391 3385 ἀεὶ⁸
1442 3333 1578 3403 πρὸς
1640 3333 1768 3404 βοή-

211 3412 360 3479 θειαν,
389 3415 453 3468 ἶν’
480 3418 650 3480 αὐτός
675 3434 769 3471 σου
826 3421 1061 3492 φρουρὸς
1091 3423 1185 3474 καὶ
1209 3421 1459 3486 ἀσειστος
1499 3422 1789 3492 ἀσφάλεια..

210 3507 432 3578 γένηται.

500 3605 634 3659 ΚΔ’.
663 3632 735 3645 -—
767 3604 1043 3676 ΧΑΡΙΣῙῼ
1078 3604 1451 3678 ΕΠΙΣΚΟΠῼ.

270 3692 603 3749 Πυνθάνεταί
634 3713 735 3766 μου
767 3697 802 3767 ἡ
850 3695 1010 3766 τιμία
1052 3711 1148 3748 σου
1178 3695 1347 3766 ψυχὴ,
1383 3695 1437 3748 τί
1468 3694 1536 3750 ἂν
1575 3695 1662 3767 εἴη
1711 3695 1769 3752 τὸ

211 3786 575 3856 γεγραμμένον
601 3786 708 3840 ὑπὸ
733 3785 827 3839 τοῦ
858 3786 1209 3851 Ἀποστόλου,
1238 3788 1321 3841 ὅτι
1354 3804 1373 3840 t
1402 3788 1643 3860 Δύναμις
1670 3789 1772 3860 τῆς

211 3873 461 3946 ἁμαρτίας
479 3879 509 3931 6
527 3880 696 3949 νόμος
715 3879 830 3931 ἐστὶ
850 3878 1123 3945 Μωσέως;
1140 3898 1157 3930 ι
1185 3880 1296 3950 Οὐχ
1310 3881 1393 3933 ὃτι
1412 3881 1774 3951 πταισμάτων

210 3965 236 4016 6
247 3964 374 4031 θεῖος
386 3970 547 4040 νόμος
571 3969 807 4040 ὑπάρχει
828 3970 1133 4041 ποιητικὸς,
1159 3969 1311 4024 ὥσπε
1318 3989 1349 4042 ρ
1364 3972 1507 4036 τινὲς
1524 3973 1775 4028 ἀπαίδευ-

210 4076 283 4113 τοι
296 4064 472 4129 κακῶς
487 4067 863 4137 νενομίκασιν·
882 4066 996 4120 οὐδ’
1010 4067 1091 4119 ὅτι
1111 4066 1476 4137 ἰσχυροποιεῖν
1490 4067 1590 4138 τὴν
1603 4068 1775 4140 ἀμαρ-

213 4153 318 4208 τίαν
337 4157 490 4211 εῐωθε
510 4176 525 4188 ·
553 4158 633 4229 μὴ
657 4157 887 4226 γένοιτο.
906 4158 1000 4229 Μὴ
1024 4154 1119 4212 οὖν
1142 4159 1250 4230 γὰρ
1276 4158 1476 4228 μᾶλλον
1499 4160 1591 4213 καὶ
1617 4176 1783 4231 περι-

215 4246 436 4311 κόπτειν,
463 4249 499 4322 ἢ
537 4251 637 4302 καὶ
665 4248 1011 4318 ὲξαφανίζειν
1038 4249 1138 4312 τὰς
1169 4250 1447 4320 ἁμαρτίας
1490 4250 1733 4319 πέφυκεν
1753 4267 1767 4282 ο

1865 1894 2028 1942 mus,
2065 1888 2117 1935 et
2159 1879 2689 1941 condemnabimus.
2737 1886 2795 1933 et
2847 1877 3115 1933 similium
3165 1872 3441 1928 excidium

1863 1971 2331 2040 complorabimus
2352 1984 2433 2025 ac
2460 1968 2791 2040 lugebimus.

2331 2232 2494 2288 XXII.
2526 2266 2592 2275 --
2622 2230 2993 2287 NICODEMO.

1935 2326 2138 2382 Gratiae
2167 2327 2265 2380 tibi
2300 2328 2525 2396 agenda:
2559 2335 2690 2379 sunt
2726 2325 2866 2386 Deo,
2895 2323 3044 2394 quod
3074 2320 3323 2393 pecuniis
3348 2320 3445 2397 de.

1865 2421 2151 2484 stituaris,
2198 2436 2267 2475 ne
2312 2422 2399 2476 die
2440 2421 2641 2489 judicii
2688 2420 2757 2475 de
2794 2434 2982 2474 earum
3024 2417 3236 2472 ratione
3277 2430 3444 2481 expo-

1865 2515 2065 2570 scaris.
2097 2532 2116 2565 ι
2146 2513 2249 2568 Cui
2296 2512 2477 2579 enim,
2526 2513 2641 2575 ait,
2689 2511 2928 2565 multum
2954 2508 3136 2573 datum
3159 2513 3261 2568 est,
3284 2506 3353 2560 ah
3378 2521 3463 2559 co-

1865 2608 2044 2679 majus
2073 2614 2331 2677 expetent
2374 2606 2551 2675 angeli
2582 2612 2871 2660 exactores
2900 2603 2944 2633 "
2976 2619 2989 2654 :
3026 2620 3043 2652 ι
3071 2612 3124 2655 et
3152 2600 3305 2655 dives
3348 2614 3448 2668 pro
3474 2632 3483 2643 ε

1866 2697 2152 2755 concessis
2182 2697 2287 2752 sibi
2319 2698 2573 2767 pecuniis
2608 2696 2797 2750 acrius
2829 2694 2883 2748 in
2915 2692 3185 2762 judicium
3219 2690 3445 2745 vocabi-

1866 2803 1977 2858 tur,
2000 2793 2272 2845 rationem
2297 2790 2632 2844 exactiorem
2659 2788 2993 2846 redditurus.
3018 2783 3302 2838 horrenda:
3330 2783 3448 2839 dis-

1866 2883 2112 2940 cussioni
2166 2880 2593 2951 subjiciendus,
2644 2896 2713 2933 an
2768 2878 2907 2933 bene
2954 2876 3037 2930 vel
3089 2875 3267 2937 male,
3324 2890 3448 2945 qua:

1867 2976 2122 3032 Numinis
2164 2973 2512 3046 providentia
2551 2973 2607 3026 in
2651 2970 2831 3041 ipsum
2871 2982 3171 3039 pervenere
3211 2964 3453 3020 admini-r

1868 3074 2182 3226 sum;er
2214 3153 2402 3208 χχιιι.
2425 3183 2496 3193 -
2516 3147 2935 3205 Αριιιιοοιειι)
2974 3142 3294 3201 ῡΙΑΕΟΝΟ.

1940 3249 2018 3303 Ne
2051 3248 2185 3303 lidas
2228 3246 2459 3299 nimium
2509 3242 2713 3307 senio;
2757 3254 2999 3310 namque
3051 3238 3352 3293 concidunt
3395 3242 3477 3291 et-

1872 3358 2032 3397 senes
2063 3341 2188 3411 ipsi.
2224 3337 2333 3393 Sed
2365 3328 2641 3391 Christum
2676 3332 2873 3388 invoca
2904 3331 3170 3385 continuo
3205 3329 3259 3382 in
3295 3328 3454 3383 auxi-

1872 3435 2023 3496 lium,
2046 3441 2104 3487 ut
2134 3432 2224 3486 ille
2258 3430 2357 3483 tibi
2390 3436 2580 3483 custos
2609 3435 2665 3482 et
2697 3425 3032 3480 inconcussa
3060 3422 3333 3478 securitas
3357 3420 3448 3475 sit.

2138 3605 2329 3659 xxuv.
2364 3634 2438 3648 η
2474 3580 2801 3657 (ιιιΑιιιδιο
2839 3597 3199 3654 muscoso.

1944 3701 2327 3763 Perconlaris,
2360 3699 2446 3751 vir
2483 3696 2834 3758 honorande,
2866 3693 2997 3763 quid
3034 3693 3165 3746 illud
3202 3691 3276 3744 sit
3303 3687 3451 3758 quod

1873 3794 2141 3861 scriptum
2175 3798 2259 3844 est
2289 3805 2386 3859 per
2419 3787 2739 3857 Apostolum
2772 3804 2786 3839 :
2818 3784 3117 3837 «Potentia
3137 3782 3345 3853 peccati
3365 3781 3451 3834 lex

1872 3890 1957 3938 est
1986 3883 2188 3952 Moysis
2218 3880 2333 3933 ἐγ»
2351 3879 2485 3933 Non
2513 3878 2656 3948 quod
2674 3877 3095 3932 commissorum
3117 3874 3355 3944 turpium
3376 3873 3454 3928 di-
3477 3909 3481 3913 Α

1872 3973 1998 4028 vina
2047 3974 2131 4027 lex
2183 3971 2665 4042 procreatrixsit,
2696 3966 3157 4039 quemadmodum
3197 3965 3450 4019 nonnulli

1875 4066 2073 4121 insulsi
2113 4065 2276 4120 nimis
2311 4079 2476 4135 prave
2504 4063 2931 4122 existimarunt;
2968 4075 3144 4127 neque
3184 4057 3329 4128 quod
3363 4073 3454 4112 ro-

1875 4157 1979 4212 bur
2007 4166 2232 4228 peccato
2258 4156 2481 4210 tribuat.
2508 4154 2666 4209 Absit
2694 4154 2818 4207 hoc.
2842 4151 3109 4217 Quinimo
3122 4150 3305 4219 potius
3329 4160 3455 4217 pec-

1875 4259 1997 4306 cata
2030 4250 2293 4318 impedit,
2313 4247 2715 4317 disperditque.
2742 4244 2845 4299 Sed
2870 4248 3016 4314 quod
3041 4243 3263 4298 robustc
3285 4239 3452 4295 nimis

216 4335 315 4389 ἀλλ’
342 4339 420 4393 ὅτι
447 4340 695 4404 δυνατῶς
718 4341 945 4409 ἐλέγξας
975 4341 1073 4412 τὴν
1092 4339 1201 4394 τῶν
1231 4341 1451 4411 φαύλως
1478 4341 1766 4412 δρωμένων

1878 4358 2059 4397 rerum
2094 4341 2235 4394 male
2268 4350 2547 4409 gestarum
2578 4337 2975 4393 absurditatem
3008 4332 3451 4405 reprehendens,

216 4427 445 4496 ἀτοπίαν,
476 4434 575 4487 καὶ
604 4433 972 4504 δημοσιεύσας
998 4432 1098 4505 τὴν
1143 4432 1306 4501 φύσιν
1346 4434 1455 4487 τῶν
1484 4435 1771 4504 ἀπρεπῶν,

217 4520 496 4595 ἐμφράττει
526 4525 591 4579 τὸ
632 4526 991 4596 ἀναίσχυντον
1019 4525 1194 4596 στόμα
1234 4525 1344 4578 τῶν
1379 4526 1652 4579 Ἰουδαίων
1687 4544 1772 4578 σε-

220 4617 545 4686 μνυνομένων
588 4618 689 4687 μὲν
736 4619 830 4672 ἐπὶ
865 4616 945 4688 τῷ
977 4618 1106 4688 θείῳ
1134 4618 1448 4688 γράμματι,
1482 4619 1575 4673 καὶ
1608 4636 1774 4690 κορυ-

219 4702 537 4763 ϐαντιῶντων
581 4710 870 4779 διηνεκῶς,
908 4711 1091 4763 πᾶσαν
1133 4710 1190 4763 δὲ
1237 4711 1515 4781 ἁμαρτίαν
1555 4710 1773 4780 ἀφόϐως

219 4794 730 4867 ὲργαζομένων,,καὶ
778 4799 867 4851 διὰ
896 4799 997 4868 τῆς
1045 4797 1413 4867 παραϐάσεως
1451 4796 1545 4850 τοῦ
1582 4797 1771 4868 νόμου,

220 4887 297 4938 τὸν
323 4891 617 4963 νομοθέτην
658 4890 1058 4962 ἀτιμαζόντων.
1087 4890 1230 4958 Πρὸς
1267 4890 1376 4961 γὰρ
1401 4888 1466 4961 δὴ
1498 4890 1559 4943 τὸ
1590 4890 1772 4962 πρόσ-

221 4996 353 5034 ωπον
386 4984 490 5037 τῶν
526 4983 609 5055 τῷ
638 4985 789 5054 νόμῳ
821 4983 1283 5052 ὲγκαυχωμένων,
1325 4984 1421 5036 καὶ
1450 4980 1778 5046 ἀλαζονευο-

227 5073 399 5140 μένων,
428 5076 458 5129 6
483 5078 629 5141 θεῖος
666 5076 991 5139 Ἀπόστολος
1021 5074 1196 5129 ταῦτά
1238 5092 1299 5128 τε
1328 5074 1422 5129 καὶ
1451 5073 1522 5128 τὰ
1552 5074 1797 5128 τοιαῦταη

224 5162 653 5236 ἀποφθέγγεσθαι
669 5168 881 5221 εἴωθεν.

512 5256 639 5309 ΚΕ’.
672 5286 704 5300 σ-
728 5286 739 5296 -
780 5256 1106 5328 ΕΡΜΟΛΑῼ
1142 5257 1452 5326 ΜΟΝΑΧῼ.

286 5345 422 5399 Ἀνω
461 5347 622 5417 βλέπε
655 5351 791 5419 πρὸς
819 5349 974 5402 Θεόν.
1014 5350 1080 5402 Τί
1130 5365 1213 5401 σοι
1260 5348 1496 5412 καὶτοῖς
1525 5348 1773 5417 γητνοιςς

223 5434 301 5503 Μὴ
334 5436 447 5491 θέλε
470 5441 733 5513 καθορᾷν,
768 5442 822 5495 τί
863 5443 1095 5511 πράττει
1126 5442 1155 5493 6
1197 5441 1461 5511 κοσμικός
1482 5457 1495 5470 ·
1527 5441 1775 5511 ἀπέστης

220 5524 319 5596 γὰρ
343 5527 431 5581 τοῦ
458 5530 687 5602 κόσμου,
716 5533 812 5586 καὶ
852 5534 953 5605 τῆς
984 5532 1348 5605 ἀγχόνηςτοῦ
1382 5532 1519 5604 βίου.
1558 5532 1648 5603 Μὴ
1680 5529 1774 5587 οὖν

1874 4445 1930 4491 et
1964 4435 2352 4489 indecorarum
2392 4431 2672 4485 actionum
2708 4440 2964 4486 naturam
3001 4428 3327 4497 divulgans,
3361 4425 3452 4478 in-

1872 4526 2244 4582 verecundum
2278 4524 2593 4579 Iudaeorum
2638 4521 3017 4585 os-occludit,
3050 4519 3145 4590 qui
3178 4519 3234 4573 in
3262 4516 3453 4572 divina

1871 4622 2052 4675 littera
2089 4619 2422 4690 gloriantur,
2466 4628 2521 4672 et
2573 4631 2727 4671 more
2774 4615 3143 4686 corybantum
3191 4616 3456 4682 perpetuo

1873 4711 2192 4773 insaniunt,
2223 4719 2277 4764 et
2301 4723 2466 4764 omne
2493 4719 2777 4779 peccatum
2808 4705 3077 4775 intrepide
3102 4708 3454 4773 perpetrant,

1872 4810 1928 4857 et
1981 4804 2116 4873 legis
2167 4800 2615 4870 transgressione
2666 4799 3036 4869 legislatorem
3091 4795 3450 4848 inhonorant.

1873 4893 2122 4964 Namque
2157 4893 2213 4948 in
2252 4908 2546 4964 personam
2586 4906 2777 4946 eorum
2801 4931 2817 4955 ,
2848 4890 2944 4959 qui
2985 4888 3101 4957 lege
3150 4885 3457 4956 gloriantur

1874 4993 1926 5040 et
1959 4985 2316 5054 superbiunt,
2349 4983 2571 5038 divinus
2623 4978 2928 5051 Apostolus
2985 4979 3100 5030 haec
3147 4985 3203 5029 et
3253 4972 3456 5027 similia

1875 5077 2062 5132 dicere
2091 5076 2398 5130 consuevit.

2131 5251 2299 5307 XXV.
2334 5285 2402 5295 —
2436 5247 2818 5306 HERMOLAO
2855 5246 3214 5304 MONACHU.

1954 5345 2185 5402 Sursum
2222 5344 2287 5397 ad
2319 5341 2494 5397 Deum
2531 5341 2736 5412 aspice.
2776 5340 2918 5407 Quid
2956 5340 3054 5394 tibi
3088 5349 3143 5394 et
3176 5338 3459 5395 terrenis?

1881 5436 2064 5501 Cave,
2099 5449 2169 5489 ne
2206 5432 2339 5503 quid
2376 5440 2528 5501 gerat
2569 5430 2849 5495 niundus,
2893 5430 3095 5484 intueri
3130 5428 3460 5485 contendas.

1886 5526 2182 5599 Sejunctus
2210 5538 2269 5580 es
2305 5539 2336 5578 a
2363 5520 2571 5578 mundo
2591 5561 2605 5589 ,
2638 5528 2693 5576 et
2724 5535 2908 5575 rerum
2935 5519 3341 5576 mundanarum
3364 5519 3460 5574 13-.

290 5698 446 5757 "lsa.
474 5705 633 5770 1.1.7.,
694 5707 740 5738 ”
780 5706 963 5763 Matth.
1012 5722 1065 5769 v,
1103 5707 1185 5773 ll,
1226 5708 1306 5767 12.
1384 5709 1427 5738 η
1459 5708 1625 5763 Hebr.
1662 5724 1715 5762 κ.
1754 5708 1766 5761 ξ

1920 5707 1964 5739 ²⁷
2026 5704 2162 5761 Luc.
2213 5718 2313 5767 xu,
2366 5700 2455 5757 48.
2531 5702 2579 5735 ’⁸
2635 5700 2652 5756 l
2701 5701 2965 5765 Coraxv,
3021 5700 3118 5754 56.-
