3850 6218
407 314 509 384 211

1889 332 1949 392 S.
1977 332 2139 392 NlLI

3562 337 3678 403 212

406 449 571 505 queo.
611 431 691 489 Ne
736 434 922 505 itaque
958 434 1273 491 actionibus
1309 437 1609 495 mundanis
1649 441 1941 499 incumbas
1967 486 1982 508 ,

2122 466 2190 518 ρα
2212 448 2272 501 τὸ
2314 450 2568 519 βιωτικδν
2600 449 2779 520 ἔργον,
2824 450 2959 503 ἀλλὰ
2988 452 3222 523 πρόσεχε
3257 452 3466 524 σεαυτῷ
3495 456 3681 526 μόνῳ,

412 525 566 595 131
598 524 696 581 sed
728 525 827 579 tibi
855 526 957 581 soli
988 527 1231 591 attende,
1258 530 1648 599 examiuaque,
1688 533 1986 601 quomodo,

410 621 468 667 ut
493 626 767 668 nouorum
793 623 1103 669 ascetarum
1128 625 1213 671 est
1232 655 1249 681 ,
1280 632 1419 685 opus
1445 626 1599 673 tuum
1628 623 1988 693 compleatur.

412 702 824 760 «Considerate
873 707 1019 759 enim
1067 705 1377 777 diligenter,
1410 711 1684 780 quomodo
1749 715 1994 771 ambule-

407 795 479 850 us
511 796 578 864 υ,
604 807 658 853 et
682 793 950 863 quoddam
971 798 1095 853 vitae
1140 798 1457 855 institutum
1499 804 1817 873 sequimini,
1853 825 1874 860 ι
1905 806 1994 862 di-

409 887 596 941 vinum
624 888 827 941 clamat
851 899 1205 959 praceptum.

624 976 890 1033 XXVI.—
919 978 1263 1036 PROCOPIO
1320 982 1806 1043 PRESBYTEBO.

480 1066 535 1122 Si
571 1068 625 1122 in
662 1068 821 1138 pejus
849 1072 1271 1126 conversionem
1305 1074 1590 1144 vituperas
1617 1117 1634 1145 ,
1676 1092 1993 1134 conversm—

412 1174 535 1213 nem
568 1159 622 1212 in
650 1160 813 1229 pejus
852 1161 1055 1215 devita.
1102 1181 1121 1213 ι
1159 1162 1263 1227 Qui
1314 1166 1485 1228 enim,
1529 1167 1627 1231 ait,
1684 1183 1991 1226 conversus

411 1246 579 1303 fuerit
609 1259 781 1313 retro,
834 1266 942 1304 non
987 1263 1071 1307 est
1109 1254 1250 1310 bene
1290 1255 1598 1326 dispositus
1646 1259 1714 1312 ad
1761 1274 1990 1329 regnum

412 1341 682 1395 caelorum
716 1343 782 1396 ”.
819 1360 839 1394 ι

677 1431 893 1489 XXVII.
923 1464 996 1476 -—
1024 1434 1427 1493 FRUMENTIO
1456 1439 1718 1495 COMITI.

491 1540 512 1577 ι
558 1522 922 1581 Circumcisio
969 1528 1105 1580 nihil
1148 1536 1254 1592 est,
1290 1532 1364 1583 ait
1398 1532 1719 1600 Apostolus.
1766 1541 1819 1585 et
1856 1549 1994 1603 prm—

417 1614 636 1685 putium
668 1612 1295 1674 nibilest“.bNeutrum
1343 1622 1490 1677 enim
1520 1622 1574 1676 in
1613 1625 1842 1677 salutem
1873 1625 1994 1678 ani-

416 1718 519 1757 mae
546 1711 603 1759 et
628 1701 943 1760 divinorum
975 1709 1351 1780 cognitionem
1394 1713 1676 1767 conducit.
1711 1713 1987 1777 Quidnam

2098 543 2191 593 καὶ
2226 541 2497 610 φρόντιζε,
2528 543 2674 605 ὅπως
2700 544 2843 596 κατὰ
2876 544 2937 595 τὸ
2967 546 3176 614 πρέπον
3218 549 3328 609 τοῖς
3378 549 3679 615 ἁσκηταῖς,

2095 630 2368 702 πραχθείη
2409 631 2470 685 τὸ
2516 633 2675 703 ἔργον
2729 651 2847 686 σου.
2901 653 2919 685 ‹
2962 635 3202 687 Βλέπετε
3244 636 3351 706 γὰρ
3402 636 3681 704 ἁκριῦῶς,

2096 720 2214 782 πῶς
2258 725 2634 792 περιπατεῖτε,
2688 725 2783 778 καὶ
2822 725 2941 789 πῶς
2987 724 3357 791 πολιτεύεσθε,
3395 745 3415 778 ι
3472 726 3569 798 βοᾷ
3609 726 3684 780 τὸ

2096 812 2240 867 θεῖον
2279 814 2581 885 ἐπίταγμα.

2317 994 2465 1059 KG'.
2496 1024 2568 1032 —
2597 994 2951 1065 ΠΡΟΚΟΠΙῼ
2984 992 3458 1064 ΠΡΕΣΒΥΤΕΡῼ.

2165 1085 2227 1137 El
2255 1083 2444 1153 ψέγεις
2462 1084 2561 1156 τὴν
2592 1088 2670 1148 εἰς
2694 1086 2754 1138 τὸ
2782 1088 2960 1157 χεῖρον
2988 1086 3249 1158 στροφὴν,
3274 1088 3444 1157 φεῦγε
3470 1084 3571 1156 τὴν
3594 1086 3691 1149 είς

2090 1177 2153 1228 τὸ
2179 1179 2360 1246 χεῖρον
2391 1177 2650 1247 στροφήν.
2690 1196 2709 1228 ι
2750 1177 2808 1230 '0
2834 1179 2942 1248 γὰρ
2970 1179 3249 1247 στραφεὶς,
3280 1180 3465 1246 φησὶν,
3500 1179 3579 1241 είς
3610 1178 3691 1233 τὰ

2092 1269 2287 1332 ὀπίσω,
2320 1268 2421 1321 οὐκ
2446 1267 2592 1320 ἐστιν
2625 1267 2844 1333 εύθετος
2866 1272 2931 1340 τῇ
2963 1268 3210 1341 βασιλείᾳ
3233 1270 3342 1322 τῶν
3370 1269 3684 1340 οὐρανῶν.»

2367 1444 2496 1496 ΚΖ’.
2525 1473 2596 1483 -
2622 1444 3071 1515 «premamus;
3099 1446 3397 1499 KOMHTI.

2170 1549 2188 1581 ι
2227 1532 2504 1603 Περιτομὴ
2538 1533 2690 1587 οὐδέν
2718 1534 2859 1597 ἐστι,
2906 1535 3070 1604 φησὶν
3116 1536 3144 1587 ὁ
3206 1535 3547 1599 Ἀπόστολος,
3583 1552 3663 1588 κα

2092 1624 2425 1691 ἀκροϐυστία
2462 1626 2614 1678 οὐδέν
2648 1627 2814 1679 ἐστιν.
2846 1646 2864 1677 ο
2916 1626 3208 1697 Οὐδέτερον
3246 1627 3355 1697 γὰρ
3384 1627 3493 1681 τῶν
3521 1630 3691 1698 εἰρίο-

2096 1715 2274 1785 μένων
2298 1715 2665 1784 συμὸἀλλεται
2704 1717 2842 1785 πρὸς
2870 1716 3144 1787 σωτηρίαν
3168 1718 3366 1788 ψυχῆς,
3406 1719 3501 1771 καὶ
3543 1720 3697 1773 θειο-

412 1795 581 1863 igitur
615 1797 910 1861 condncet,
951 1807 1006 1853 et
1050 1802 1483 1882 emolumentum
1524 1804 1732 1857 homini
1762 1804 1993 1860 aﬂeret?

2116 1804 2259 1873 πέραν
2289 1804 2509 1872 γνῶσιν.
2546 1805 2611 1857 Τί
2642 1802 2734 1858 οὖν
2770 1805 2836 1859 ἂν
2865 1808 2952 1877 εἴη
2978 1808 3038 1860 τὸ
3066 1807 3400 1870 λυσιτελοῦν,
3438 1810 3533 1861 καὶ
3555 1810 3695 1882 δνη-

414 1886 707 1943 lIanil‘esto
736 1889 1049 1945 divinorum
1065 1875 1473 1964 praeceptorum
1503 1898 1777 1951 custodia.

658 2085 898 2143 XXVIII.
928 2120 999 2130 —
1030 2088 1345 2144 IIIPPASIO
1380 2089 1710 2145 TRIBUNO.

481 2178 951 2246 Quemadmodum
986 2191 1071 2236 est
1113 2184 1361 2235 ciborum
1392 2182 1687 2251 jt‘jllllllllll,
1724 2183 1798 2236 ita
1825 2190 1909 2237 est
1942 2190 1996 2238 et

412 2270 510 2325 irae
539 2270 835 2340 jejunium,
880 2279 935 2326 et
973 2273 1293 2327 ambitionis
1330 2272 1650 2329 dominatus
1693 2276 1991 2342 jejunium,

409 2368 466 2415 et
494 2360 831 2424 invidentim,
865 2370 920 2417 et
943 2362 1247 2431 jactantiaa,
1287 2373 1341 2418 et
1375 2366 1642 2428 avaritia,
1668 2373 1722 2419 et
1759 2366 1993 2433 injuria-

412 2466 537 2506 rum
567 2455 865 2516 memorize,
899 2461 955 2506 et
994 2455 1300 2521 repentinae,
1341 2456 1469 2517 iraa,
1500 2463 1554 2508 et
1593 2456 1992 2519 somnolentiae,

412 2552 470 2597 et
507 2543 784 2613 segnitiei,
830 2552 889 2598 et
937 2544 1304 2610 curiositatis,
1347 2552 1402 2599 et
1441 2546 1897 2615 perturbationis,
1938 2555 1994 2602 et

416 2635 700 2690 similium.

699 2726 894 2783 XXIX.
926 2758 998 2770 —-
1028 2726 1313 2786 THYRSO
1348 2727 1708 2787 MONACIIO.

486 2841 545 2897 Si
571 2842 791 2897 curiose
818 2843 1207 2911 perscrutaris,
1240 2850 1294 2898 et
1324 2842 1515 2898 sedulo
1542 2858 1630 2898 res
1652 2859 1868 2910 eorum,
1898 2843 1993 2913 qui

418 2934 819 2988 contumeliose
858 2933 1016 3005 132
1048 2949 1108 2989 se
1171 2942 1389 3003 gerunt,
1425 2936 1753 3005 expiscaris,
1808 2935 1994 2991 cardis

417 3030 497 3084 tui
529 3029 734 3083 oblitus
774 3045 855 3091 cs,
906 3030 1099 3082 cellam
1149 3036 1297 3081 tuam
1345 3044 1454 3081 non
1500 3028 1666 3089 nosti,
1696 3043 1726 3080 a
1764 3029 1993 3083 veritate

2101 1912 2183 1947 σιν
2212 1896 2504 1967 προξενούν
2550 1897 2628 1965 τῷ
2663 1897 2973 1970 ἀνθρώπως
3024 1900 3194 1970 Δῆλον
3237 1901 3317 1953 ὅτι
3363 1902 3397 1972 ἡ
3448 1903 3694 1973 τήρησις

2096 1987 2203 2040 τῶν
2231 1988 2461 2040 ἐντολῶν
2488 1988 2581 2041 τού
2613 1989 2771 2045 Θεοῦ.

2416 2101 2549 2156 KII'.
2586 2134 2657 2143 —
2685 2103 2965 2173 ΙΠΠΑΣῙῼ
2995 2103 3360 2176 ΤΡΙΒΟΥΝῼ.

2168 2193 2380 2263 ’Ὥσπερ
2410 2194 2526 2245 ἐστὶ
2556 2192 2858 2264 βρωμάτων
2895 2194 3118 2265 νηστεία
3137 2234 3153 2259 ,
3200 2195 3343 2249 οὕτω
3372 2196 3467 2249 καὶ
3507 2196 3692 2268 θυμοῦ

2096 2282 2319 2351 νηστεία
2352 2282 2491 2347 ἐστὶ,
2523 2283 2618 2335 καὶ
2654 2284 2943 2354 φιλαρχίας
2963 2285 3207 2354 νηστεία,
3239 2286 3332 2339 καὶ
3356 2286 3687 2357 βασκανίας,

2096 2372 2190 2425 καὶ
2236 2373 2475 2444 κόμπου,
2520 2375 2616 2427 καὶ
2656 2375 3091 2447 φιλοχρηματίας
3138 2395 3219 2441 τε,
3252 2381 3347 2432 καὶ
3374 2381 3687 2451 ὀξύχολίας,

2096 2464 2191 2515 καὶ
2217 2463 2505 2533 ὑπνηλίας,
2552 2465 2645 2519 καὶ
2677 2467 2875 2531 νωθίας
2900 2507 2917 2533 ,
2958 2470 3051 2523 καὶ
3089 2472 3432 2542 περιεργίας,
3464 2476 3559 2527 καὶ
3587 2492 3692 2528 τα-

2100 2556 2292 2627 ραχῆς,
2330 2557 2426 2610 καὶ
2462 2558 2571 2610 τῶν
2610 2557 2868 2630 καθεξῆς.

2471 2733 2602 2787 κει.
2636 2765 2708 2775 -
2737 2735 2960 2807 ΘΥΡΣῼ
2995 2737 3307 2809 ΜΟΝΑΧῼ.

2179 2844 2306 2898 Ἐὰν
2328 2845 2811 2919 πολυπραγμονῇς,
2855 2851 2949 2903 καὶ
3001 2851 3172 2920 ἡδέως
3230 2853 3570 2927 περιεργάζῃ
3616 2872 3691 2910 τα

2095 2940 2399 3009 πράγματα
2430 2939 2537 2993 τῶν
2568 2940 2664 3010 τὴν
2705 2941 3094 3011 ἀσχημοσύνην
3126 2943 3543 3013 ἐργαζομένων,
3575 2948 3686 2999 ὲπ-

2096 3029 2285 3082 ελάθου
2321 3030 2421 3096 τῆς
2474 3030 2701 3082 σεαυτοῦ
2724 3030 2981 3101 καρδίας.
3022 3032 3122 3084 οὐκ
3156 3029 3299 3096 οἶδας
3335 3034 3432 3103 τὴν
3485 3034 3689 3089 κέλλαν

417 3123 664 3186 aberras,
716 3136 812 3190 per
861 3118 1009 3172 invia
1059 3120 1162 3173 iter
1201 3120 1422 3189 carpis,
1484 3129 1539 3174 et
1582 3119 1873 3176 considera
1925 3119 1993 3175 ad

2116 3137 2216 3184 sou,
2248 3118 2557 3189 ἐπλανήθης
2586 3120 2694 3173 ἀπὸ
2724 3120 2822 3189 τῆς
2848 3120 3127 3191 ἀληθείας,
3158 3123 3254 3175 καὶ
3286 3122 3503 3177 ἀνοδίαν
3536 3123 3692 3195 βαδί-

417 3226 713 3284 quemnam
737 3211 955 3267 tandem
986 3210 1146 3265 Iinem
1181 3211 1463 3268 devenias.

952 3322 1123 3381 XXX.
1155 3356 1226 3365 —
1258 3325 1463 3382 Eidem.

487 3414 960 3484 Quemadmodum
990 3416 1129 3486 ipse,
1163 3416 1210 3471 si
1240 3416 1471 3487 gratiam
1498 3418 1628 3470 mihi
1652 3417 1835 3471 datam
1867 3418 1993 3472 aliis

417 3522 638 3577 quoque
665 3520 776 3560 non
801 3506 1302 3569 communicavero,
1337 3507 1607 3560 rationem
1636 3508 1692 3561 in
1719 3509 1806 3562 dic
1837 3507 1989 3576 judi-

417 3599 487 3653 cii
513 3596 831 3652 redditurus
866 3606 1284 3667 sum,tanquam
1320 3598 1465 3667 quod
1500 3599 1726 3652 silentio
1748 3598 1994 3667 spiritale

417 3688 685 3745 talentum
717 3687 1074 3754 suﬂ'oderim;
1111 3689 1184 3745 ita
1216 3698 1271 3743 et
1301 3696 1360 3743 tu
1394 3690 1447 3742 iu
1475 3689 1568 3758 jus
1600 3691 1910 3754 vocaberis,
1948 3691 1995 3745 si

415 3790 471 3835 et
502 3781 628 3836 aliis
669 3779 886 3835 idoneis
932 3793 1044 3834 non
1086 3780 1356 3849 elargitus
1404 3780 1613 3845 fueris,
1661 3782 1997 3851 cognitionis

419 3888 619 3929 munus
652 3872 878 3926 cceleste
912 3871 1012 3924 tibi
1046 3871 1448 3927 concreditum.
1483 3872 1665 3928 Testis
1697 3873 1844 3926 enim
1878 3872 1996 3942 ipse

419 3978 566 4030 sum,
601 3964 829 4018 multam
865 3962 963 4017 tibi
991 3964 1394 4033 suppeditatam
1422 3980 1548 4019 esse
1579 3963 1833 4018 Numinis
1864 3978 1993 4033 gra-

416 4059 575 4119 tiam,
625 4056 698 4111 ob
747 4071 964 4111 morum
1029 4056 1395 4120 nobilitatem,
1458 4057 1581 4110 vitae
1642 4057 1989 4125 gravitatem,

420 4163 636 4219 unaque
657 4162 784 4204 cum
822 4148 1296 4219 praestantissimis
1330 4148 1615 4202 monachis
1652 4148 1991 4202 contenden-

420 4253 529 4296 tem
554 4239 913 4311 diligentiam.
946 4238 1103 4305 Quod
1138 4255 1274 4295 sane
1319 4240 1372 4293 in
1405 4240 1593 4294 habitu
1627 4239 1903 4306 saeculari,
1940 4250 1994 4295 et

421 4330 641 4404 publica
669 4330 1025 4401 expeditione
1047 4332 1371 4386 admirabile
1393 4340 1498 4388 est.

690 4444 887 4500 XXXI.
919 4473 990 4489 --
1019 4444 1368 4510 ΡΗΟΤΙΝᾸΣ,
1408 4454 1464 4500 et
1503 4442 1712 4503 DOR...

2106 3208 2250 3273 ζεις·
2292 3209 2386 3263 καὶ
2417 3208 2601 3279 βλέπε,
2636 3208 2771 3279 πρὸς
2795 3212 2948 3263 ποῖον
2986 3210 3183 3282 ἑλεύσῃ
3208 3210 3399 3282 πέρας.

2640 3322 2713 3375 A'.
2758 3351 2830 3361 -—
2866 3321 2950 3387 Τῷ
2976 3321 3157 3388 αὐτῷ.

2179 3415 2391 3485 Ὠσπερ
2419 3412 2549 3483 ἐγὼ,
2572 3414 2621 3467 εἰ
2654 3414 2728 3483 μὴ
2763 3413 3049 3485 μεταδοίην
3083 3414 3289 3487 ἑτέροις
3304 3414 3404 3485 τῆς
3432 3413 3691 3487 δοθείσης

2109 3523 2199 3577 μοι
2232 3508 2475 3576 χάριτος,
2523 3506 2680 3573 λόγον
2719 3503 2900 3572 ὑφέξω
2951 3506 3010 3557 ὲν
3062 3506 3243 3577 ἡμέρα
3296 3505 3569 3575 κρίσεως,
3608 3507 3690 3569 ὡς

2104 3598 2409 3670 κατορύξας
2442 3600 2506 3668 τῇ
2543 3599 2719 3667 σιωπῇ
2744 3596 2805 3648 τὸ
2830 3596 3196 3666 πνευματικὸν
3209 3596 3491 3661 τάλαντον,
3512 3597 3689 3661 οὕτως

2105 3693 2199 3744 καὶ
2230 3691 2293 3743 σὺ
2316 3688 2544 3752 εὐθύνας
2571 3687 2945 3759 ἁπαιτηθήσῃ,
2984 3688 3079 3741 ἐὰν
3112 3688 3185 3759 μὴ
3226 3689 3323 3741 καὶ
3353 3687 3534 3752 ἄλλοις
3564 3691 3688 3741 lxa-

2105 3785 2218 3844 νοῖς
2252 3782 2568 3853 χορηγήσῃς
2596 3781 2694 3852 τὴν
2725 3780 3182 3849 ἐμπιστευθεῖσαν
3208 3798 3291 3834 σοι
3313 3781 3565 3851 οὐράνιον
3585 3780 3689 3833 δω-

2109 3872 2237 3946 ρεὰν
2266 3876 2367 3943 τῆς
2391 3871 2667 3939 γνώσεως.
2700 3871 2978 3941 Μαρτυρῶ
3009 3871 3119 3944 γάρ
3159 3888 3240 3925 σοι
3274 3871 3474 3941 πολλὴν
3507 3871 3687 3941 ἔχοντι

2105 3969 2268 4040 χάριν
2287 3966 2444 4031 Θεοῦ,
2474 3967 2541 4020 δι’
2572 3967 2855 4034 εὐγένειαν
2883 3969 3118 4038 τρόπων,
3150 3970 3243 4022 καὶ
3273 3968 3385 4039 βίον
3420 3968 3690 4039 σεμνότα-

2106 4079 2218 4124 τον,
2245 4061 2340 4114 xui.
2362 4060 2679 4130 ἐπιμέλειαν
2703 4060 3087 4131 ἀμιλλωμένην
3108 4062 3219 4125 τοῖς
3246 4060 3560 4133 κρατίστοις
3575 4059 3689 4113 τῶν

2112 4154 2395 4224 μοναχῶνο
2433 4154 2570 4223 ὅπερ
2613 4152 2923 4223 θαυμαστὸν
2958 4152 3179 4223 βλέπειν
3208 4154 3267 4206 ἐν
3314 4154 3557 4226 σχήματι
3590 4169 3687 4207 κο-

2108 4244 2312 4317 σμικῷ,
2347 4246 2443 4299 καὶ
2466 4246 2702 4316 δημοσίᾳ
2733 4244 3013 4316 στρατείᾳ.

2387 4441 2511 4495 ΛΑν.
2539 4470 2610 4481 -
2633 4440 2935 4513 «parum
2968 4456 3062 4495 και
3087 4443 3235 4495 ΔοΡ.
3275 4483 3291 4497 .
3337 4480 3397 4497 ..

491 4535 743 4595 Vestram
773 4538 941 4591 vitam
964 4537 1347 4591 intaminatam
1376 4538 1637 4591 memoria
1664 4537 1987 4603 recolentes,

2167 4534 2290 4602 Μνη
2300 4532 2616 4602 μονεύοντες
2636 4536 2736 4605 τῆς
2770 4503 3070 4603 άμολύντου
3093 4534 3249 4605 ὑμῶν
3278 4533 3444 4605 ζωῆς,
3468 4533 3691 4598 δοξάζο-

420 4630 653 4702 gloriam
686 4628 908 4685 Christo
934 4629 1164 4692 damus,
1198 4644 1322 4684 cum
1358 4627 1565 4682 Davide
1597 4629 1955 4685 enuntiantes
1984 4648 1999 4686 :

2103 4641 2203 4695 μεν
2228 4625 2318 4676 τὸν
2351 4624 2605 4694 Χριστὸν,
2632 4623 2882 4694 λέγοντες
2912 4626 3011 4679 σὺν
3040 4624 3119 4695 τῷ
3142 4624 3307 4678 Δαυῖδ
3324 4640 3337 4654 ·
3368 4642 3388 4675 ι
3438 4624 3530 4687 Ὠς
3550 4625 3689 4693 ἀγα-

425 4739 446 4775 ι
481 4723 656 4790 Quam
689 4722 891 4777 dilecta
928 4722 1283 4777 tabernacula
1318 4729 1406 4775 tua
1440 4727 1494 4773 et
1522 4721 1740 4781 altaria,
1776 4721 1993 4777 Domine

2116 4714 2248 4784 τητά
2280 4716 2348 4768 τὰ
2378 4715 2715 4787 σκηνώματά
2746 4733 2863 4780 σου,
2892 4715 3079 4769 καὶτὰ
3104 4714 3481 4785 θυσιαστήρια,
3508 4715 3686 4784 Κύριε

422 4816 691 4869 virtutum
718 4813 796 4866 "l
835 4830 854 4864 ι
898 4810 1039 4867 Vere
1068 4814 1271 4867 etenim
1302 4811 1676 4872 tabernacula,
1703 4820 1756 4865 et
1788 4813 2002 4877 altaria,

421 4915 477 4960 et
514 4904 805 4976 templum,
834 4914 889 4959 et
933 4918 1164 4959 munera
1197 4903 1291 4958 Dei
1322 4918 1420 4973 per
1452 4903 1828 4973 virginitatem
1875 4919 2005 4975 ape-

422 4998 643 5054 ruistis.

630 5102 853 5159 XXXII.
878 5132 951 5145 —
977 5101 1363 5159 MENANDRO
1398 5103 1805 5160 DOMESTICO.

494 5215 672 5287 Nolo,
706 5219 944 5274 insultas
986 5219 1217 5275 auribus
1256 5218 1499 5285 nostris,
1534 5235 1563 5272 a
1599 5230 1829 5288 paterno
1878 5234 1997 5279 meo

2098 4808 2207 4859 τῶν
2234 4808 2542 4878 δυνάμεωνί
2576 4828 2593 4860 ι
2641 4808 2881 4880 Ἀληθῶς
2910 4808 3019 4880 γὰρ
3071 4807 3407 4879 σκηνώματά
3450 4824 3512 4859 τε
3537 4846 3553 4870 ,
3589 4807 3687 4860 καὶ

2104 4899 2482 4970 θυσιαστήρια,
2538 4901 2633 4954 καὶ
2663 4900 2811 4964 ναὸς,
2861 4901 2955 4953 καὶ
2998 4900 3261 4971 κειμήλια
3293 4898 3429 4952 Θεοῦ
3466 4898 3558 4951 διὰ
3584 4897 3687 4969 τῆς

2103 4992 2400 5062 παρθενίας
2426 4992 2727 5062 πεφήνατε.

2344 5104 2469 5159 AB’.
2501 5135 2570 5147 ——
2592 5104 2971 5175 ΜΕΝΑΝΔΡῼ
3006 5102 3417 5173 ΔΩΜΕΣΤΙΚῼ.

2172 5220 2246 5274 Οὐ
2281 5220 2560 5290 βούλομαι,
2590 5220 2792 5289 λέγεις,
2823 5219 3081 5288 ἐκστῆναι
3128 5215 3222 5269 τοῦ
3269 5213 3523 5286 πατρῴου
3565 5213 3691 5268 Ἐλ-

424 5310 764 5366 Hellenismo
798 5310 1150 5367 desciscere:
1194 5327 1430 5380 namque
1488 5309 1541 5363 id
1581 5310 1993 5381 vituperandum

2116 5311 2387 5382 ίηνισμοῦ·
2423 5311 2787 5364 ἐπονείδιστον
2816 5310 2925 5379 γὰρ
2953 5308 3111 5362 τοῦτό
3140 5325 3203 5373 γε
3243 5303 3416 5378 οἶμαι.
3468 5306 3535 5359 Τί
3566 5304 3681 5372 οὖν,

427 5409 581 5473 puto.
606 5398 995 5457 Verumtamen
1028 5402 1118 5457 dic
1148 5404 1304 5470 mihi,
1331 5404 1416 5457 vir
1445 5402 1786 5469 admirande,
1823 5404 1868 5457 si
1904 5418 2003 5471 pa-

2101 5402 2220 5453 εἰπέ
2245 5419 2356 5472 μοι,
2382 5400 2673 5472 θαυμάσιε,
2704 5404 2753 5456 εἰ
2774 5404 2803 5455 ὁ
2848 5403 3030 5473 πατήρ
3060 5418 3155 5455 σου
3192 5399 3494 5472 λῄσταρχὸς
3515 5416 3623 5464 τις,
3649 5400 3680 5470 ἢ

426 5504 512 5549 ter
538 5501 669 5549 tuus
698 5494 1016 5563 praedonum
1060 5495 1353 5565 princeps,
1406 5505 1500 5549 aut
1542 5494 1697 5564 133
1751 5494 1993 5549 ebrietati

2116 5491 2395 5563 μεθυστὴς,
2427 5493 2460 5565 ἢ
2495 5494 2709 5562 πόρνος,
2738 5493 3145 5564 ἢτοκογλύφος,
3178 5491 3211 5563 ἢ
3238 5492 3440 5562 θρασὺς
3481 5491 3517 5549 ἢ
3541 5507 3681 5560 τυμ-

426 5584 670 5652 deditus,
698 5594 795 5641 aut
823 5586 1060 5653 adulter,
1090 5595 1185 5641 aut
1212 5586 1515 5652 fenerator,
1556 5595 1650 5640 aut
1680 5587 1883 5653 audax,
1908 5592 1993 5640 aut

2116 5582 2355 5655 ὅωρύχος
2386 5585 2700 5655 ἐτύγχανεν,
2723 5586 2784 5639 ού
2815 5586 2989 5649 θέλεις
3010 5583 3247 5656 σώφρονι
3279 5583 3522 5654 Λογισμῷ
3550 5598 3683 5654 χρη·

502 5768 551 5805 ³⁸
577 5768 779 5840 Ephcs.
814 5787 865 5837 v,
914 5770 999 5826 15.
1077 5770 1121 5803 ³⁸
1158 5769 1291 5826 Luc.
1328 5786 1403 5836 ιι,
1454 5770 1547 5839 69.t
1623 5772 1661 5803 ³¹
1699 5771 1873 5828 lCor.
1927 5787 1993 5827 vn

2116 5776 2142 5823 ι.
2222 5771 2265 5802 ³²
2304 5764 2703 5833 I’sal.t.xxxm,
2740 5767 2789 5823 l.
