3850 6218
214 316 329 380 213

1410 323 1946 387 EPISTOLARUM
1974 322 2121 382 LIB.
2154 322 2237 382 II.

3374 302 3480 369 2M

217 432 455 501 σὰμενος
482 470 499 496 ,
537 450 802 503 κρειττων
850 434 1104 501 γενέσθαι
1159 438 1262 503 τῆς
1310 437 1404 491 τοῦ
1442 437 1656 501 ἀδίκου,
1712 434 1807 486 καὶ

1927 429 2287 498 sepulcrorum
2333 424 2564 480 efl’ossor
2590 421 2810 482 fuisset,
2850 433 3033 472 annon
3078 431 3309 486 cuperes
3352 431 3484 486 pru-

216 522 438 576 ἀνοσίου
466 524 678 592 πατρὸς
711 526 1165 596 κακοφροσύνηςς

360 721 486 776 AI".
511 752 585 762 —
614 723 1022 785 ΧΡΥΣΟΓΟΝῼ
1066 725 1513 785 ΠΡΕΣΒΥΤΕΡο
1542 727 1662 781 ΚΑΙ

812 778 1212 867 ΗΓΟΥΜΕΝῼ.

307 881 595 954 Ἦρώτησέ
627 901 716 955 με,
748 886 783 955 ή
829 885 1073 957 ὑμετέρα
1115 887 1327 957 ἀγάπη,
1366 888 1419 940 τί
1448 889 1618 953 ἐστιν,
1666 889 1805 958 ὅπερ

224 973 433 1042 φάσκει
454 974 597 1045 πρὸς
635 975 727 1028 τὸν
758 975 939 1029 Θεὸνὸ
975 976 1219 1047 Βαρούχο
1251 979 1332 1032 ὃτι
1382 998 1401 1031 ι
1438 978 1511 1031 Σὺ
1552 977 1603 1031 εἴ
1670 978 1805 1031 καθ-

223 1064 422 1133 ήμενος
442 1065 537 1117 τὸν
554 1064 749 1125 αἰῶνα,
769 1069 865 1119 καὶ
887 1068 1043 1137 ἡμεῖς
1064 1068 1428 1137 ἀπολλύμενοι
1448 1069 1536 1121 τὸν
1553 1069 1725 1122 αἰῶνα
1744 1086 1757 1133 ;
1780 1087 1799 1121 ι

236 1156 293 1209 '0
320 1157 453 1216 Θεὸς
508 1158 696 1229 ἐπειδὴ
728 1159 1086 1222 ἀναλλοίωτος
1146 1162 1244 1216 καὶ⁸
1274 1162 1540 1234 ἄτρεπτος
1571 1164 1806 1233 ὑπάρχει

222 1248 487 1318 διηνεκῶς
517 1290 534 1313 ,
565 1234 727 1321 δῆλω
764 1253 847 1305 ὃτι
899 1254 957 1305 ὲν
990 1256 1055 1324 τῇ
1090 1254 1281 1307 ἑαυτοῦ
1333 1255 1600 1325 καθῆσθαι
1647 1259 1809 1326 ἀτρε-

222 1342 448 1411 πτότητι
474 1343 566 1395 διὰ
596 1344 795 1407 παντὸς
820 1346 1065 1415 εἴρηται·
1103 1348 1262 1417 ἡμεῖς
1290 1347 1348 1400 δὲ
1369 1350 1592 1416 τρεπτοὶ
1631 1349 1804 1415 ὅντες,

224 1434 422 1504 ῥᾳδίως
458 1436 814 1507 ἀπολλύμεθα
844 1440 1102 1492 ἑκάστοτε
1151 1440 1298 1493 ἄλλοι
1327 1441 1441 1494 ἀντ’
1467 1441 1642 1495 ἄλλων
1675 1442 1806 1495 πολ-

220 1525 372 1588 λάκις
407 1527 689 1596 γινόμενοι
711 1568 727 1589 ,
768 1530 863 1583 καὶ
905 1532 997 1599 ἀφ’
1026 1532 1227 1602 ἐτέρων
1273 1532 1547 1603 λογισμῶν
1576 1535 1661 1603 ἐφ’
1689 1535 1807 1587 ὲτέ-

219 1635 343 1689 ρους
378 1619 679 1690 λογισμοὺς
710 1622 948 1692 συνεχῶς
973 1624 1406 1692 μεταϐαίνοντες.

498 1711 620 1765 AA'.
648 1743 718 1751 ——
744 1715 1083 1785 ΣΩΚΡΑΤΙῼ
1122 1716 1536 1772 ΕΞΚΕΠΤΟΡΙ.

1908 520 2061 575 denti
2089 534 2336 588 saneque
2357 517 2589 572 consilio
2614 524 2796 575 utens,
2821 514 3013 583 injusti
3044 525 3108 562 ac
3140 510 3288 578 impii
3318 511 3485 577 patris

1906 609 2259 679 improbitate
2292 608 2483 664 sanior
2513 605 2785 661 evadere?

2005 722 2242 776 XXXIII.
2279 751 2349 761 —
2381 710 3385 843 ΟΙΙΙὶΪΓΞἏἚἏΙΣςῖΙΡΒΕΒΡῩΤΕΒΟ.

1975 882 2279 939 Postulasti
2301 921 2315 945 ,
2339 883 2535 938 dilecte
2563 883 2658 947 mi,
2684 880 2815 949 quid
2843 887 2947 938 est,
2966 877 3106 948 quod
3124 874 3337 929 Baruch
3361 872 3494 926 dicit

1907 975 1974 1029 ad
2022 976 2190 1030 Deum
2225 995 2237 1030 :
2280 994 2299 1027 ‹
2338 975 2419 1030 Tu
2452 990 2511 1029 es
2545 974 2745 1029 sedens
2777 972 2830 1025 in
2861 971 3081 1032 secula,
3119 977 3173 1025 et
3205 984 3306 1020 nos
3344 963 3490 1035 peri-

1907 1084 2032 1123 mus
2060 1070 2114 1123 in
2150 1068 2414 1123 saxulum
2439 1068 2524 1120 “2
2552 1087 2571 1119 ›
2609 1066 2750 1122 Deus
2782 1080 2907 1118 eum
2942 1060 3303 1116 immutabilis
3328 1068 3490 1126 atque

1908 1164 2250 1221 invariabilis
2284 1164 2674 1234 perpetuosit,
2706 1159 3058 1213 manifestum
3100 1164 3204 1217 est,
3248 1169 3371 1208 eum
3426 1152 3481 1204 in

1909 1256 2131 1324 Propria
2187 1256 2380 1309 sedere
2431 1252 2877 1308 immutabilitate
2922 1252 2976 1303 in
3010 1256 3275 1303 aeternum
3300 1245 3391 1309 ‘3',
3428 1252 3489 1299 ut

1906 1346 2129 1399 dicitur.
2158 1346 2228 1398 At
2259 1361 2382 1410 nos,
2409 1345 2503 1415 qui
2532 1344 2600 1397 de
2630 1341 2777 1396 facili
2815 1349 3115 1402 mutamur,
3155 1347 3209 1392 et
3242 1336 3478 1405 singulis

1909 1436 2105 1491 diebus
2138 1437 2427 1499 morimur,
2458 1435 2548 1488 alii
2579 1442 2743 1503 atque
2774 1432 2865 1486 alii
2894 1431 3109 1500 sapius.
3139 1427 3293 1490 facti,
3336 1436 3391 1479 et
3422 1439 3490 1479 e1

1908 1528 2033 1583 aliis
2064 1528 2117 1582 in
2152 1529 2293 1584 alias
2322 1514 2689 1597 cogitationes
2713 1523 3020 1594 saepissime
3047 1529 3417 1575 transeuntes.

2110 1708 2427 1762 XXXIV.-—-
2457 1705 2800 1763 SOCRATIO
2861 1698 3257 1757 EXCEPTURI

290 1817 309 1850 ι
350 1798 418 1853 Δὶ
458 1800 720 1872 δυνάμεις
774 1803 880 1855 τῶν
924 1803 1168 1872 οὐρανῶν
1216 1806 1639 1877 σαλευθήσονται
1682 1809 1803 1862 κατ’

1983 1817 2002 1849 ι
2048 1801 2290 1856 Virtutes
2332 1801 2595 1854 caelorum
2628 1796 3132 1852 commovebuntur
3167 1792 3220 1843 in
3251 1789 3337 1843 die
3362 1787 3496 1856 justi

216 1890 437 1962 ἐκείνην
470 1892 572 1962 τὴν
614 1893 827 1964 ἡμόραν
856 1895 957 1964 τῆς
996 1897 1409 1967 δικαιοκρισίας.
1457 1917 1476 1949 ι
1511 1899 1805 1953 Τουτέστιν

1935 1889 2100 1943 udicii
2145 1890 2209 1944 ³⁸.
2257 1910 2275 1942 ι
2324 1890 2439 1944 Hoc
2487 1898 2608 1954 est,
2666 1886 2895 1957 angelici
2946 1884 3227 1939 exercitus
3281 1880 3495 1932 Domini

216 1983 271 2035 εί
321 1984 625 2053 ἁγγελικαὶ
676 1988 924 2057 στρατιαὶ
973 1988 1053 2059 τῷ
1084 1990 1396 2061 Δεσποτικῷ
1437 1992 1808 2063 ὑπηρετοῦσαι

216 2073 631 2144 προστάγματι,
663 2075 723 2140 ἐξ
753 2077 1090 2149 ἡμερότητος
1117 2079 1196 2143 είς
1227 2080 1397 2151 ὀργὴν
1425 2081 1812 2154 κινηθήσονται

217 2202 245 2233 ς
273 2205 291 2217 .
321 2203 338 2216 .
375 2201 392 2217 .
421 2164 634 2228 πάντας
658 2166 785 2230 τοὺς
820 2170 1089 2239 πονηροὺς
1110 2169 1452 2241 ἀνθρώπους.

952 2261 1077 2315 AE'.

289 2351 363 2404 Οἱ
386 2351 628 2414 ἀνόσιοι,
649 2353 745 2407 καὶ
769 2353 938 2419 ἄθεοι,
968 2354 1197 2424 πονηροί
1226 2372 1307 2419 τε,
1340 2357 1437 2410 καὶ
1464 2358 1692 2429 ἄθεσμοι
1715 2359 1809 2412 τοῦ

220 2444 438 2497 Σατανᾶ
466 2445 719 2516 λογισμοὶ
750 2447 824 2518 μὴ
859 2449 1189 2519 θροείτωσάν
1218 2468 1299 2516 σε,
1329 2451 1464 2522 μηδὲ
1499 2452 1812 2521 καταπλητ-

218 2533 491 2597 τέτωσαν,
545 2537 717 2605 μήτε
774 2539 880 2609 μὴν
932 2540 1505 2610 παρασκευαζέτωσαν
1559 2543 1809 2613 ἀθυμεῖν,

221 2624 317 2676 καὶ
345 2624 636 2679 ἐκλύεσθαι
660 2627 760 2698 τὴν
791 2630 889 2700 σὴν
924 2630 1133 2701 ἀγαθὴν
1173 2632 1348 2703 ψυχὴν
1368 2673 1383 2697 ,
1414 2634 1591 2687 πίστει
1643 2652 1810 2703 γεγα-

222 2716 499 2788 νωμένην,
523 2720 619 2771 καὶ
651 2720 727 2790 τῷ
755 2722 971 2793 σταυρῷ
991 2724 1086 2776 τοῦ
1110 2725 1346 2795 Χριστοῦ
1377 2728 1816 2799 φραττομένην.’

369 2832 516 2898 AG'.
545 2861 618 2872 —-
645 2834 1091 2889 ΔΗΜΟΣΘΕΝΕΙ
1134 2837 1345 2891 ΠΑΤΡΙ
1379 2840 1668 2895 ΠΟΛΕΩΣ.

296 2943 365 2996 EI
398 2944 475 3015 μὴ
503 2946 613 3000 τῶν
646 2949 956 3021 μακαρίων,
988 2952 1084 3006 καὶ
1122 2952 1296 3017 ὅντως
1337 2954 1498 3009 θείων
1526 2957 1625 3027 τῆς
1673 2959 1817 3029 Γρα-

226 3035 338 3105 φῆς
386 3036 563 3106 λόγων
590 3041 761 3110 ἐρᾷς,
795 3044 1016 3113 κτήνεσι
1056 3047 1167 3110 τοῖς
1212 3046 1458 3118 ἀνοήτοις
1504 3049 1599 3102 καὶ
1638 3050 1819 3119 ἀλογί-

228 3144 381 3193 στοις
409 3134 854 3208 παρεικασθήσῃ,

654 3228 775 3283 ΛΖ¹.
796 3260 867 3270 -
897 3231 1385 3305 ΚΑΛΛΙΣΤΙΑΝῼ.

312 3312 518 3390 Ὥσπερ
545 3319 863 3392 ὀρεγόμενοι
900 3324 1000 3394 τῆς
1030 3325 1175 3395 ζωῆς
1210 3327 1434 3392 ἐσθίειν,
1484 3330 1579 3383 καὶ
1611 3330 1809 3394 πίνειν,

228 3410 463 3481 φράζειν
488 3430 569 3478 τε,
603 3416 697 3467 καὶ
729 3417 1037 3486 ἀκροᾶσθαι
1068 3417 1361 3488 εἰώθαμεν,
1411 3420 1554 3473 οὕτω
1601 3423 1694 3474 καὶ
1744 3426 1813 3494 τῇ

226 3501 536 3569 ἀναγνώσει
569 3503 678 3555 τῶν
698 3506 789 3557 τοῦ
813 3506 947 3562 Θεοῦ
978 3507 1173 3575 λογίων
1210 3514 1568 3582 προσανέχειν
1601 3513 1813 3581 ὀφείλο-

228 3610 335 3663 μεν
362 3594 681 3666 ἀκορέστως
708 3600 774 3667 τῇ
801 3598 1017 3670 γνώμῃ,

604 3689 735 3742 AH'.
768 3720 841 3729 —
873 3692 1427 3766 ΑΣΚΛΗΠΙΟΔΟΤῼ.

300 3775 366 3828 Τί
399 3793 483 3829 σοι
512 3776 703 3845 ὄφελος
741 3779 849 3830 τῶν
878 3781 975 3849 μὲν
1008 3783 1237 3835 οἰκετῶν
1268 3783 1480 3852 ἄρχειν,
1511 3789 1641 3849 ’ταῖς
1690 3790 1813 3841 ἐπι-

224 3866 452 3937 θυμίαις
477 3868 537 3922 δὲ
555 3867 846 3935 δουλεύειν,
876 3870 1067 3944 ῶσπερ
1102 3878 1326 3946 πικραῖς
1356 3878 1702 3945 δεσποίναις;

478 4040 600 4095 AB'.
634 4071 705 4082 -—
730 4043 1078 4119 ΛΥΞΕΝΤΙῼ
1110 4048 1528 4122 ΙΛΛΟΥΣΤΡΙῼ

296 4131 612 4202 Μονογενὴς
642 4133 768 4200 Υἱὸς
808 4137 902 4189 καὶ
924 4138 1098 4205 Λόγος
1124 4139 1218 4193 τοῦ
1246 4141 1479 4211 Πατρὸς,
1506 4143 1616 4207 ζῶν
1644 4146 1814 4214 Λόγος

225 4225 400 4283 ἐστὶν,
449 4226 545 4278 καὶ
595 4227 959 4292 ὲνυπόστατος
984 4232 1158 4300 Λόγος
1205 4233 1463 4305 ὑπάρχει,
1490 4237 1719 4302 ἀπαθῶς
1748 4242 1815 4293 ὲκ

225 4311 447 4381 [ἰατρὸς
470 4312 577 4382 πρὸ
601 4314 818 4369 πάντων
847 4318 1080 4383 αἰώνων,
1119 4324 1216 4374 καὶ
1240 4323 1447 4391 χρόνων
1479 4329 1813 4399 γεγεννημέ-

221 4418 333 4465 νος,
374 4404 535 4471 μόνος
563 4405 628 4457 ὲκ
665 4407 826 4475 μόνου
861 4411 1175 4482 μονογενὴς,
1209 4430 1329 4482 φως
1360 4417 1423 4467 ἐκ
1452 4416 1649 4483 φωτὸς,
1681 4417 1812 4482 Θεὸς

222 4495 485 4565 ἀληθινὸς
535 4499 601 4550 ἐκ
655 4498 791 4553 Θεοῦ
842 4502 1124 4574 ἀληθινοῦ,
1176 4504 1254 4573 τῷ
1292 4506 1406 4576 ἰδίῳ
1452 4508 1630 4579 Πατρὶ
1669 4511 1811 4565 κατὰ

223 4587 411 4640 ⁸πάντα
443 4587 651 4657 ὅμοιος,
687 4590 934 4662 δυνάμει,
982 4594 1162 4665 οὐσία,
1203 4598 1520 4669 ἀγαθότητι,
1572 4601 1809 4674 ἐξουσίᾳ,

221 4679 319 4730 καὶ
341 4679 495 4750 πάσῃ
522 4679 842 4753 τελειότητι,
866 4683 940 4747 ὡς
965 4688 1163 4755 χωρεῖν
1188 4686 1281 4739 τὸν
1304 4684 1523 4761 Πατέρα
1554 4693 1611 4743 ἐν
1640 4693 1810 4762 αὐτῷ,

223 4772 322 4824 καὶ
354 4772 655 4841 χωρεῖσθαι
686 4774 791 4828 ὑπὸ
824 4776 919 4829 τοῦ
955 4778 1190 4850 Πατρδς,
1222 4780 1441 4836 πάντων
1475 4784 1676 4838 ὑλικῶν
1702 4788 1812 4855 Δη-

224 4863 531 4932 μιουργὸς,
566 4864 662 4917 σὺν
703 4864 783 4934 τῷ
828 4866 1025 4937 Πατρὶ,
1067 4867 1265 4939 καὶτῷ
1296 4869 1458 4941 ἁγίῳ,
1485 4872 1580 4923 καὶ
1615 4874 1814 4941 ὁμοου-

223 4957 349 5027 σίιρ,
376 4956 473 5009 καὶ
503 4959 866 5030 προσκυνητῷ
901 4959 1200 5031 Πνεύματι.

296 5142 307 5155 ι
766 5072 871 5125 M’-
889 5103 961 5113 —-
999 5073 1082 5139 Τῷ
1105 5073 1287 5141 αὐτῷ.

305 5186 380 5239 '0.
401 5185 698 5257 μονογενὴς
723 5187 874 5252 Υἱὸς,
905 5190 1001 5242 καὶ
1029 5191 1203 5257 Λόγος
1236 5190 1331 5244 τοῦ
1367 5191 1526 5256 Θεοῦ,
1548 5194 1647 5246 καὶ
1675 5211 1816 5264 μετα

220 5281 283 5334 τὸ
316 5278 785 5350 ηηματισθῆναι,
823 5282 945 5351 ἦτοι
973 5282 1376 5354 σωματωθῆναι
1409 5286 1476 5338 ἐκ
1521 5286 1620 5355 τῆς
1653 5287 1817 5355 ἁγίας

1908 1982 2196 2035 audientes
2266 1981 2500 2050 imperio
2573 1996 2642 2034 ex
2722 1974 3159 2031 mansuetudine
3232 1973 3282 2024 in
3360 1973 3495 2024 iram

1908 2069 2443 2136 commovebuntur,
2514 2075 2591 2122 et.
2642 2080 2840 2138 pravos
2900 2064 3151 2118 homines
3209 2060 3497 2113 tttiiversos

1908 2158 2165 2230 perdent.

2584 2246 2800 2303 XXXV.

1985 2346 2290 2407 Perversae,
2318 2352 2373 2400 et
2404 2342 2607 2413 impiae,
2638 2354 2953 2412 pravaeque,
2980 2347 3034 2393 et
3074 2337 3297 2401 exleges
3339 2334 3498 2387 Sata-

1912 2456 1997 2495 nae
2041 2438 2402 2509 cogitationes
2442 2451 2513 2489 ne
2568 2444 2621 2490 te
2668 2433 3019 2496 conturbent,
3063 2444 3240 2497 neque
3291 2438 3500 2496 perter-

1913 2537 2092 2592 reant,
2126 2542 2303 2596 neque
2334 2526 2386 2580 id
2415 2530 2742 2594 operentur,
2771 2529 2827 2573 ut
2860 2519 3101 2573 animum
3133 2517 3497 2585 despondeas,

1912 2632 1967 2676 et
2008 2629 2099 2673 tua
2134 2620 2276 2672 bona
2298 2618 2481 2671 anima
2512 2614 2616 2668 ﬁde
2640 2613 2986 2677 collustrata,
3014 2616 3068 2664 et
3094 2607 3298 2664 Christi
3336 2621 3501 2660 cruce

1914 2710 2282 2775 circumsepta
2313 2704 2672 2759 dissolvatur.

1920 2821 2080 2892 134
2119 2817 2360 2873 XXXVI.
2390 2846 2462 2857 —-
2499 2809 2953 2870 DEMOSTHENI
3005 2806 3213 2864 URBIS
3257 2802 3503 2859 PATRI.‘

1991 2935 2045 2988 Si
2082 2936 2237 2989 beata
2274 2942 2329 2987 et
2367 2948 2495 2987 vere
2528 2930 2717 2985 divina
2763 2927 3068 2995 Scriptura:
3114 2922 3328 2991 eloquia
3382 2931 3500 2974 Slu-

1918 3028 2073 3083 dlinse
2104 3045 2208 3080 non
2235 3026 2464 3096 appetis,
2485 3023 2750 3095 jumentis
2799 3018 3186 3105 insipientibus
3210 3024 3263 3071 et
3288 3016 3501 3068 ratione

1842 3133 1887 3189 ο
1919 3122 2199 3177 destitutis
2229 3117 2632 3173 assimilaberis
2663 3116 2728 3166 ³⁸.

2268 3206 2529 3261 XXXVII.
2562 3235 2630 3247 —-
2662 3198 3143 3259 CALLISTIANO.

1985 3299 2476 3368 Quemadmodum,
2516 3298 2644 3350 dum
2684 3298 2851 3351 vitam
2886 3294 3213 3364 appetimus,
3243 3290 3403 3344 edere
3447 3300 3500 3342 et

1914 3396 2124 3455 bibere,
2180 3395 2329 3462 loqui
2378 3400 2431 3445 et
2478 3390 2667 3445 audire
2722 3389 3039 3452 suevimus,
3075 3387 3149 3440 ita
3198 3393 3251 3438 et
3297 3383 3500 3437 divinis

1915 3489 2150 3556 eloquiis
2206 3484 2552 3557 perlegendis
2604 3482 3059 3539 insaturabiliter.
3100 3487 3280 3533 mente
3332 3490 3497 3547 Opera

1916 3578 2094 3632 danda
2129 3585 2234 3631 est.

2221 3685 2507 3742 XXXVIII.
2529 3718 2598 3727 —-
2626 3682 3183 3740 ASCLEPIODOTO.‘

1988 3780 2125 3845 Quis
2156 3782 2250 3833 tibi
2305 3794 2437 3833 usus
2490 3778 2655 3831 fuerit
2708 3776 2886 3831 servis
2937 3773 3155 3841 quidem
3207 3773 3496 3839 imperare,

1920 3871 2203 3925 desideriis
2260 3886 2392 3925 vero
2432 3881 2696 3938 tanquam
2747 3866 3055 3921 immitibus
3103 3861 3344 3918 dominis
3380 3878 3497 3915 ser—

1919 3964 2033 4018 vire
2061 3963 2084 4015 ?
2780 3974 2787 3979 '

2131 4053 2371 4107 XXXIX.
2401 4081 2474 4094 --—
2496 4048 2852 4106 AUXENTIO
2891 4043 3278 4100 ILLUSTRIO.

1995 4147 2319 4216 Uuigenitus
2375 4145 2569 4207 Filius,
2624 4152 2679 4198 et
2738 4143 2982 4197 Verbum
3041 4138 3247 4199 Patris,
3307 4135 3502 4189 vivens

1921 4241 2184 4303 Verbum,
2212 4246 2265 4293 et
2295 4239 2515 4308 propria
2568 4236 2881 4291 subsistens
2928 4229 3210 4303 hypostasi
3258 4226 3499 4281 Verbum

1918 4343 2022 4395 est,
2072 4349 2139 4388 ex
2179 4332 2338 4385 Patre
2368 4338 2497 4384 ante
2538 4329 2720 4383 omnia
2755 4326 2976 4384 sarcula,
3006 4333 3058 4377 et
3090 4333 3333 4390 tempora
3380 4318 3502 4371 sine

1894 4427 2033 4501 .uIla
2083 4423 2341 4493 passione
2389 4420 2629 4492 genitus,
2683 4419 2840 4473 solus
2889 4433 2953 4470 ex
3005 4417 3123 4469 solo
3161 4410 3497 4481 unigenitus,

1921 4519 2099 4569 lumen
2131 4531 2197 4569 ex
2241 4514 2470 4575 lumine,
2510 4512 2655 4565 Deus
2684 4524 2850 4563 verus
2883 4507 2950 4561 de
2994 4506 3104 4561 Deo
3152 4520 3315 4570 vero,
3348 4501 3497 4554 Patri

1911 4608 1966 4661 in
2022 4606 2280 4660 omnibus
2329 4603 2551 4666 similis,
2592 4601 2868 4672 potentia,
2920 4597 3185 4658 essentia,
3228 4594 3495 4649 bonitate.

1911 4696 2243 4751 auctoritate
2271 4704 2325 4750 et
2360 4694 2512 4749 omni
2560 4691 2925 4763 perfectione,
2962 4689 3100 4742 adeo
3135 4695 3194 4739 ut
3222 4685 3275 4738 in
3315 4684 3498 4750 seipse

1910 4789 2092 4860 capiat
2120 4788 2358 4851 Patrem,
2384 4796 2436 4840 et
2462 4785 2713 4854 capiatur
2739 4799 2766 4835 a
2792 4781 2987 4845 Patre;
3016 4793 3204 4833 rerum
3228 4775 3515 4833 onmium,-

1912 4894 2033 4946 qua:
2064 4876 2308 4931 materia:
2364 4875 2620 4937 subsunt,
2679 4870 2965 4930 Conditor,
3031 4882 3156 4920 cum
3216 4864 3496 4939 Patrenet

1912 4976 2126 5032 sancto,
2151 4974 2206 5022 et
2236 4963 2718 5027 consubstantiali,
2751 4971 2804 5016 et
2834 4957 3116 5012 adorando
3142 4954 3375 5025 Spiritu.

2394 5076 2551 5149 135
2580 5074 2695 5130 XL.
2728 5104 2799 5114 —
2830 5071 3039 5125 Eidem.

1989 5190 2315 5262 Unigenitus
2371 5188 2569 5253 Filius,
2623 5194 2679 5243 et
2722 5185 2817 5240 Dei
2877 5183 3117 5238 Verbum
3162 5180 3327 5235 etiam
3374 5190 3500 5249 post

1915 5285 2168 5350 formam,
2203 5297 2408 5353 corpus
2451 5295 2673 5349 nempe,
2713 5294 2778 5333 ex
2807 5283 2999 5331 saneta
3022 5274 3250 5343 Virgine
3281 5288 3498 5326 assum--

221 5372 532 5442 Παρθένου,
572 5372 673 5425 οὐκ
698 5372 1090 5439 ἐκπέπτωκεν,
1131 5377 1225 5429 καὶ
1266 5376 1683 5449 ἀπηλλοτριώθη
1716 5380 1807 5449 τῆς

1927 5390 2086 5448 piam,
2146 5392 2256 5430 non
2309 5374 2686 5445 degeneravit,
2743 5367 3231 5439 nequeapmprio
3281 5365 3501 5422 deitatis
3567 5361 3572 5366 ’

225 5463 364 5525 ἰδίας
394 5462 672 5533 θεότητος,
707 5463 889 5532 ἔμεινε
928 5464 1038 5536 γὰρ
1068 5464 1201 5528 Θεὸς
1230 5467 1323 5520 καὶ
1366 5467 1506 5537 μετά
1548 5468 1647 5537 τὴν
1679 5470 1814 5539 σάρ-

221 5570 419 5622 κωσιν,
444 5555 580 5619 Θεὸς
611 5555 715 5626 μὲν
748 5554 1000 5628 ἀληθινὸς
1030 5557 1173 5611 κατὰ
1199 5557 1261 5611 τὸ
1305 5559 1555 5630 ἀόρατον,
1604 5560 1816 5632 ἄνθρω-

307 5737 353 5769 ²³
383 5737 619 5792 Baruelt.
655 5753 737 5800 ιη.
762 5741 815 5795 ’5.
897 5742 962 5773 ³³·
992 5739 1135 5797 P-sal.
1187 5758 1452 5806 vaxvm,
1513 5744 1599 5798 57.

1916 5480 2062 5525 statu
2090 5476 2271 5523 motus
2301 5474 2420 5533 est;
2453 5480 2692 5534 namque
2721 5463 2889 5518 etiam
2909 5470 3033 5531 post
3061 5460 3497 5516 incarnationem

1926 5563 2068 5618 Deus
2127 5559 2453 5632 permansit,
2507 5556 2651 5613 Deus
2702 5555 2922 5626 quidem
2954 5569 3141 5623 .verus
3193 5551 3499 5609 secundum

1682 5744 1722 5773 ³⁵
1781 5742 1978 5796 .Ilattii.
2038 5757 2187 5806 xxn',
2239 5741 2328 5795 99.
2409 5739 2463 5771 "-
2512 5733 2997 5799 Psal.x1.vm,I3.
