  <div class='ocr_page' id='page_1' title='image "/cluster/home/n/w/nwhite01/storage/ocr_20150623/79/nnc1.0038021404/125.png"; bbox 0 0 3850 6218; ppageno 0'>
   <div class='ocr_carea' id='block_1_1' title="bbox 398 305 504 370">
    <p class='ocr_par' dir='ltr' id='par_1_1' title="bbox 398 305 504 370">
     <span class='ocr_line' id='line_1_1' title="bbox 398 305 504 370; baseline 0 0"><span class='ocrx_word' id='word_1_1' title='bbox 398 305 504 370; x_wconf 74' lang='lat'><strong>215</strong></span> 
     </span>
    </p>
   </div>
   <div class='ocr_carea' id='block_1_2' title="bbox 1869 296 2140 360">
    <p class='ocr_par' dir='ltr' id='par_1_2' title="bbox 1869 296 2140 360">
     <span class='ocr_line' id='line_1_2' title="bbox 1869 296 2140 360; baseline -0.007 -3"><span class='ocrx_word' id='word_1_2' title='bbox 1869 299 1939 360; x_wconf 72' lang='lat' dir='ltr'><strong>S.</strong></span> <span class='ocrx_word' id='word_1_3' title='bbox 1977 296 2140 356; x_wconf 86' lang='lat' dir='ltr'>NILI</span> 
     </span>
    </p>
   </div>
   <div class='ocr_carea' id='block_1_3' title="bbox 3543 289 3669 354">
    <p class='ocr_par' dir='ltr' id='par_1_3' title="bbox 3543 289 3669 354">
     <span class='ocr_line' id='line_1_3' title="bbox 3543 289 3669 354; baseline -0.008 -1"><span class='ocrx_word' id='word_1_4' title='bbox 3543 289 3669 354; x_wconf 73' lang='lat'><strong>216</strong></span> 
     </span>
    </p>
   </div>
   <div class='ocr_carea' id='block_1_4' title="bbox 393 403 1972 490">
    <p class='ocr_par' dir='ltr' id='par_1_4' title="bbox 393 413 1958 490">
     <span class='ocr_line' id='line_1_4' title="bbox 393 413 1958 490; baseline -0.006 -15"><span class='ocrx_word' id='word_1_5' title='bbox 393 420 540 490; x_wconf 80' lang='lat' dir='ltr'><strong>quod</strong></span> <span class='ocrx_word' id='word_1_6' title='bbox 597 433 708 473; x_wconf 88' lang='lat' dir='ltr'><strong>non</strong></span> <span class='ocrx_word' id='word_1_7' title='bbox 762 418 998 481; x_wconf 86' lang='lat' dir='ltr'><strong>videtur,</strong></span> <span class='ocrx_word' id='word_1_8' title='bbox 1051 424 1105 472; x_wconf 90' lang='lat' dir='ltr'><strong>et</strong></span> <span class='ocrx_word' id='word_1_9' title='bbox 1158 415 1465 472; x_wconf 87' lang='lat' dir='ltr'><strong>secundum</strong></span> <span class='ocrx_word' id='word_1_10' title='bbox 1518 413 1666 486; x_wconf 91' lang='lat' dir='ltr'><strong>quod</strong></span> <span class='ocrx_word' id='word_1_11' title='bbox 1719 414 1958 478; x_wconf 85' lang='lat' dir='ltr'><strong>videtur,</strong></span> 
     </span>
    </p>
   </div>
   <div class='ocr_carea' id='block_1_5' title="bbox 2078 403 3668 490">
    <p class='ocr_par' dir='ltr' id='par_1_5' title="bbox 2078 403 3668 482">
     <span class='ocr_line' id='line_1_5' title="bbox 2078 403 3668 482; baseline -0.007 -18"><span class='ocrx_word' id='word_1_12' title='bbox 2078 428 2162 474; x_wconf 72' lang='grc' dir='ltr'><strong>τος</strong></span> <span class='ocrx_word' id='word_1_13' title='bbox 2191 411 2248 464; x_wconf 77' lang='grc' dir='ltr'>δὲ</span> <span class='ocrx_word' id='word_1_14' title='bbox 2280 410 2532 482; x_wconf 82' lang='grc' dir='ltr'>ἀληθινὸς</span> <span class='ocrx_word' id='word_1_15' title='bbox 2579 410 2732 464; x_wconf 78' lang='grc' dir='ltr'>κατὰ.</span> <span class='ocrx_word' id='word_1_16' title='bbox 2764 410 2826 463; x_wconf 82' lang='grc' dir='ltr'>τὸ</span> <span class='ocrx_word' id='word_1_17' title='bbox 2869 409 3051 480; x_wconf 86' lang='grc' dir='ltr'>όρώμε</span> <span class='ocrx_word' id='word_1_18' title='bbox 3067 424 3180 470; x_wconf 85' lang='grc' dir='ltr'>νον,</span> <span class='ocrx_word' id='word_1_19' title='bbox 3222 407 3322 460; x_wconf 81' lang='grc' dir='ltr'>οὐκ</span> <span class='ocrx_word' id='word_1_20' title='bbox 3348 403 3509 466; x_wconf 70' lang='grc' dir='ltr'>ἄνους</span> <span class='ocrx_word' id='word_1_21' title='bbox 3537 403 3668 473; x_wconf 84' lang='grc' dir='ltr'><strong>γάρ</strong></span> 
     </span>
    </p>
   </div>
   <div class='ocr_carea' id='block_1_6' title="bbox 397 505 1964 578">
    <p class='ocr_par' dir='ltr' id='par_1_6' title="bbox 397 505 1964 578">
     <span class='ocr_line' id='line_1_6' title="bbox 397 505 1964 578; baseline -0.005 -12"><span class='ocrx_word' id='word_1_22' title='bbox 397 516 563 567; x_wconf 83' lang='grc' dir='ltr'>Ιιοπιο</span> <span class='ocrx_word' id='word_1_23' title='bbox 588 526 776 565; x_wconf 88' lang='lat' dir='ltr'><strong>verus.</strong></span> <span class='ocrx_word' id='word_1_24' title='bbox 808 508 996 578; x_wconf 84' lang='lat' dir='ltr'><strong>Neque</strong></span> <span class='ocrx_word' id='word_1_25' title='bbox 1023 509 1167 563; x_wconf 91' lang='lat' dir='ltr'><strong>enim</strong></span> <span class='ocrx_word' id='word_1_26' title='bbox 1191 507 1313 563; x_wconf 90' lang='lat' dir='ltr'><strong>sine</strong></span> <span class='ocrx_word' id='word_1_27' title='bbox 1334 513 1515 563; x_wconf 88' lang='lat' dir='ltr'><strong>mente</strong></span> <span class='ocrx_word' id='word_1_28' title='bbox 1542 516 1596 562; x_wconf 90' lang='lat' dir='ltr'><strong>et</strong></span> <span class='ocrx_word' id='word_1_29' title='bbox 1619 505 1802 561; x_wconf 87' lang='lat' dir='ltr'><strong>anima</strong></span> <span class='ocrx_word' id='word_1_30' title='bbox 1825 512 1964 567; x_wconf 87' lang='lat' dir='ltr'><strong>erat,</strong></span> 
     </span>
    </p>
   </div>
   <div class='ocr_carea' id='block_1_7' title="bbox 395 601 1114 671">
    <p class='ocr_par' dir='ltr' id='par_1_7' title="bbox 395 601 1114 671">
     <span class='ocr_line' id='line_1_7' title="bbox 395 601 1114 671; baseline -0.003 -14"><span class='ocrx_word' id='word_1_31' title='bbox 395 617 454 657; x_wconf 81' lang='lat' dir='ltr'><strong>ut</strong></span> <span class='ocrx_word' id='word_1_32' title='bbox 483 603 680 658; x_wconf 76' lang='lat' dir='ltr'><strong>eﬂ‘utiit</strong></span> <span class='ocrx_word' id='word_1_33' title='bbox 716 601 1114 671; x_wconf 82' lang='lat' dir='ltr'><strong>Apollinarius.</strong></span> 
     </span>
    </p>
   </div>
   <div class='ocr_carea' id='block_1_8' title="bbox 689 688 1663 749">
    <p class='ocr_par' dir='ltr' id='par_1_8' title="bbox 689 688 1663 749">
     <span class='ocr_line' id='line_1_8' title="bbox 689 688 1663 749; baseline -0.005 0"><span class='ocrx_word' id='word_1_34' title='bbox 689 693 828 749; x_wconf 77' lang='lat' dir='ltr'><strong>XLI.</strong></span> <span class='ocrx_word' id='word_1_35' title='bbox 856 719 926 734; x_wconf 65' lang='grc' dir='ltr'><strong>υ-</strong></span> <span class='ocrx_word' id='word_1_36' title='bbox 955 691 1316 749; x_wconf 80' lang='lat' dir='ltr'><strong>EUTHYMIO</strong></span> <span class='ocrx_word' id='word_1_37' title='bbox 1344 688 1663 746; x_wconf 81' lang='lat' dir='ltr'><strong>DIACONO.</strong></span> 
     </span>
    </p>
   </div>
   <div class='ocr_carea' id='block_1_9' title="bbox 461 796 1971 875">
    <p class='ocr_par' dir='ltr' id='par_1_9' title="bbox 461 796 1971 875">
     <span class='ocr_line' id='line_1_9' title="bbox 461 796 1971 875; baseline -0.005 -17"><span class='ocrx_word' id='word_1_38' title='bbox 461 804 569 858; x_wconf 82' lang='lat' dir='ltr'><strong>Alii</strong></span> <span class='ocrx_word' id='word_1_39' title='bbox 591 805 813 875; x_wconf 86' lang='lat' dir='ltr'><strong>quidem</strong></span> <span class='ocrx_word' id='word_1_40' title='bbox 842 803 896 857; x_wconf 91' lang='lat' dir='ltr'><strong>in</strong></span> <span class='ocrx_word' id='word_1_41' title='bbox 923 802 1144 866; x_wconf 90' lang='lat' dir='ltr'><strong>vinetis,</strong></span> <span class='ocrx_word' id='word_1_42' title='bbox 1181 808 1236 856; x_wconf 91' lang='lat' dir='ltr'><strong>et</strong></span> <span class='ocrx_word' id='word_1_43' title='bbox 1261 801 1499 865; x_wconf 72' lang='lat' dir='ltr'><strong>olivetis,</strong></span> <span class='ocrx_word' id='word_1_44' title='bbox 1531 808 1585 854; x_wconf 89' lang='lat' dir='ltr'><strong>et</strong></span> <span class='ocrx_word' id='word_1_45' title='bbox 1605 796 1892 868; x_wconf 90' lang='lat' dir='ltr'><strong>jumentis,</strong></span> <span class='ocrx_word' id='word_1_46' title='bbox 1916 803 1971 850; x_wconf 85' lang='lat' dir='ltr'><strong>et</strong></span> 
     </span>
    </p>
   </div>
   <div class='ocr_carea' id='block_1_10' title="bbox 395 892 1972 958">
    <p class='ocr_par' dir='ltr' id='par_1_10' title="bbox 395 892 1972 958">
     <span class='ocr_line' id='line_1_10' title="bbox 395 892 1972 958; baseline -0.007 -7"><span class='ocrx_word' id='word_1_47' title='bbox 395 913 677 952; x_wconf 86' lang='lat' dir='ltr'><strong>servorum</strong></span> <span class='ocrx_word' id='word_1_48' title='bbox 728 893 1102 957; x_wconf 75' lang='lat' dir='ltr'><strong>multitudine,</strong></span> <span class='ocrx_word' id='word_1_49' title='bbox 1135 900 1191 948; x_wconf 90' lang='lat' dir='ltr'><strong>et</strong></span> <span class='ocrx_word' id='word_1_50' title='bbox 1219 892 1432 946; x_wconf 68' lang='lat' dir='ltr'><strong>aedibus</strong></span> <span class='ocrx_word' id='word_1_51' title='bbox 1463 906 1600 944; x_wconf 90' lang='lat' dir='ltr'><strong>auro</strong></span> <span class='ocrx_word' id='word_1_52' title='bbox 1632 895 1972 958; x_wconf 79' lang='lat' dir='ltr'><strong>argentoque</strong></span> 
     </span>
    </p>
   </div>
   <div class='ocr_carea' id='block_1_11' title="bbox 393 976 1991 1057">
    <p class='ocr_par' dir='ltr' id='par_1_11' title="bbox 393 976 1991 1057">
     <span class='ocr_line' id='line_1_11' title="bbox 393 976 1991 1057; baseline -0.008 -15"><span class='ocrx_word' id='word_1_53' title='bbox 393 986 718 1057; x_wconf 77' lang='lat' dir='ltr'><strong>splendidis,</strong></span> <span class='ocrx_word' id='word_1_54' title='bbox 753 992 807 1038; x_wconf 91' lang='lat' dir='ltr'><strong>et</strong></span> <span class='ocrx_word' id='word_1_55' title='bbox 831 983 1070 1038; x_wconf 86' lang='lat' dir='ltr'><strong>terrenis</strong></span> <span class='ocrx_word' id='word_1_56' title='bbox 1100 981 1406 1036; x_wconf 91' lang='lat' dir='ltr'><strong>ditionibus</strong></span> <span class='ocrx_word' id='word_1_57' title='bbox 1439 979 1701 1050; x_wconf 79' lang='lat' dir='ltr'><strong>gaudent.</strong></span> <span class='ocrx_word' id='word_1_58' title='bbox 1723 976 1807 1031; x_wconf 88' lang='lat' dir='ltr'><strong>Tu</strong></span> <span class='ocrx_word' id='word_1_59' title='bbox 1837 991 1991 1038; x_wconf 84' lang='lat' dir='ltr'><strong>vero,</strong></span> 
     </span>
    </p>
   </div>
   <div class='ocr_carea' id='block_1_12' title="bbox 393 1068 1971 1146">
    <p class='ocr_par' dir='ltr' id='par_1_12' title="bbox 393 1068 1971 1146">
     <span class='ocr_line' id='line_1_12' title="bbox 393 1068 1971 1146; baseline -0.008 -13"><span class='ocrx_word' id='word_1_60' title='bbox 393 1078 811 1146; x_wconf 83' lang='lat' dir='ltr'><strong>praeclarissime</strong></span> <span class='ocrx_word' id='word_1_61' title='bbox 839 1075 1046 1131; x_wconf 88' lang='lat' dir='ltr'><strong>Christi</strong></span> <span class='ocrx_word' id='word_1_62' title='bbox 1074 1089 1249 1138; x_wconf 86' lang='lat' dir='ltr'><strong>serve,</strong></span> <span class='ocrx_word' id='word_1_63' title='bbox 1275 1071 1484 1143; x_wconf 84' lang='lat' dir='ltr'><strong>Regem</strong></span> <span class='ocrx_word' id='word_1_64' title='bbox 1521 1069 1852 1124; x_wconf 91' lang='lat' dir='ltr'><strong>invisibilem</strong></span> <span class='ocrx_word' id='word_1_65' title='bbox 1885 1068 1971 1122; x_wconf 84' lang='lat' dir='ltr'><strong>in-</strong></span> 
     </span>
    </p>
   </div>
   <div class='ocr_carea' id='block_1_13' title="bbox 393 1160 1971 1225">
    <p class='ocr_par' dir='ltr' id='par_1_13' title="bbox 393 1160 1971 1225">
     <span class='ocr_line' id='line_1_13' title="bbox 393 1160 1971 1225; baseline -0.006 -3"><span class='ocrx_word' id='word_1_66' title='bbox 393 1168 800 1225; x_wconf 86' lang='lat' dir='ltr'><strong>tellectualibus</strong></span> <span class='ocrx_word' id='word_1_67' title='bbox 853 1165 1228 1221; x_wconf 88' lang='lat' dir='ltr'><strong>indesinenter</strong></span> <span class='ocrx_word' id='word_1_68' title='bbox 1277 1163 1458 1219; x_wconf 91' lang='lat' dir='ltr'><strong>oculis</strong></span> <span class='ocrx_word' id='word_1_69' title='bbox 1510 1175 1766 1225; x_wconf 86' lang='lat' dir='ltr'><strong>cernens,</strong></span> <span class='ocrx_word' id='word_1_70' title='bbox 1821 1160 1971 1215; x_wconf 82' lang='lat' dir='ltr'><strong>illius</strong></span> 
     </span>
    </p>
   </div>
   <div class='ocr_carea' id='block_1_14' title="bbox 393 1250 1971 1329">
    <p class='ocr_par' dir='ltr' id='par_1_14' title="bbox 393 1250 1971 1329">
     <span class='ocr_line' id='line_1_14' title="bbox 393 1250 1971 1329; baseline -0.005 -17"><span class='ocrx_word' id='word_1_71' title='bbox 393 1259 682 1313; x_wconf 84' lang='lat' dir='ltr'><strong>suavitatis</strong></span> <span class='ocrx_word' id='word_1_72' title='bbox 724 1258 1025 1329; x_wconf 89' lang='lat' dir='ltr'><strong>particeps,</strong></span> <span class='ocrx_word' id='word_1_73' title='bbox 1071 1266 1124 1312; x_wconf 90' lang='lat' dir='ltr'><strong>et</strong></span> <span class='ocrx_word' id='word_1_74' title='bbox 1165 1270 1390 1319; x_wconf 90' lang='lat' dir='ltr'><strong>amore,</strong></span> <span class='ocrx_word' id='word_1_75' title='bbox 1439 1253 1533 1323; x_wconf 90' lang='lat' dir='ltr'><strong>qui</strong></span> <span class='ocrx_word' id='word_1_76' title='bbox 1572 1250 1814 1307; x_wconf 88' lang='lat' dir='ltr'><strong>discindi</strong></span> <span class='ocrx_word' id='word_1_77' title='bbox 1861 1266 1971 1305; x_wconf 89' lang='lat' dir='ltr'><strong>non</strong></span> 
     </span>
    </p>
   </div>
   <div class='ocr_carea' id='block_1_15' title="bbox 391 1345 1970 1420">
    <p class='ocr_par' dir='ltr' id='par_1_15' title="bbox 391 1345 1970 1420">
     <span class='ocr_line' id='line_1_15' title="bbox 391 1345 1970 1420; baseline -0.006 -14"><span class='ocrx_word' id='word_1_78' title='bbox 391 1357 585 1420; x_wconf 82' lang='lat' dir='ltr'><strong>potest,</strong></span> <span class='ocrx_word' id='word_1_79' title='bbox 607 1350 687 1404; x_wconf 89' lang='lat' dir='ltr'><strong>illi</strong></span> <span class='ocrx_word' id='word_1_80' title='bbox 711 1350 1021 1420; x_wconf 79' lang='lat' dir='ltr'><strong>colligatus,</strong></span> <span class='ocrx_word' id='word_1_81' title='bbox 1040 1364 1248 1418; x_wconf 84' lang='lat' dir='ltr'><strong>speque</strong></span> <span class='ocrx_word' id='word_1_82' title='bbox 1271 1361 1401 1418; x_wconf 89' lang='lat' dir='ltr'><strong>erga</strong></span> <span class='ocrx_word' id='word_1_83' title='bbox 1419 1361 1542 1401; x_wconf 93' lang='lat' dir='ltr'><strong>eum</strong></span> <span class='ocrx_word' id='word_1_84' title='bbox 1562 1345 1802 1398; x_wconf 88' lang='lat' dir='ltr'><strong>animum</strong></span> <span class='ocrx_word' id='word_1_85' title='bbox 1819 1354 1970 1397; x_wconf 91' lang='lat' dir='ltr'><strong>tuum</strong></span> 
     </span>
    </p>
   </div>
   <div class='ocr_carea' id='block_1_16' title="bbox 390 1435 1975 1510">
    <p class='ocr_par' dir='ltr' id='par_1_16' title="bbox 390 1435 1975 1510">
     <span class='ocr_line' id='line_1_16' title="bbox 390 1435 1975 1510; baseline -0.006 -13"><span class='ocrx_word' id='word_1_86' title='bbox 390 1443 698 1505; x_wconf 86' lang='lat' dir='ltr'><strong>enutriens,</strong></span> <span class='ocrx_word' id='word_1_87' title='bbox 711 1449 766 1496; x_wconf 90' lang='lat' dir='ltr'><strong>et</strong></span> <span class='ocrx_word' id='word_1_88' title='bbox 780 1442 1221 1510; x_wconf 72' lang='lat' dir='ltr'><strong>dilectione,quae</strong></span> <span class='ocrx_word' id='word_1_89' title='bbox 1234 1455 1343 1508; x_wconf 89' lang='lat' dir='ltr'><strong>non</strong></span> <span class='ocrx_word' id='word_1_90' title='bbox 1361 1439 1669 1502; x_wconf 87' lang='lat' dir='ltr'><strong>marcescit,</strong></span> <span class='ocrx_word' id='word_1_91' title='bbox 1686 1445 1793 1490; x_wconf 90' lang='lat' dir='ltr'><strong>tete</strong></span> <span class='ocrx_word' id='word_1_92' title='bbox 1803 1435 1975 1490; x_wconf 78' lang='lat' dir='ltr'><strong>delec-</strong></span> 
     </span>
    </p>
   </div>
   <div class='ocr_carea' id='block_1_17' title="bbox 392 1530 1974 1605">
    <p class='ocr_par' dir='ltr' id='par_1_17' title="bbox 392 1530 1974 1605">
     <span class='ocr_line' id='line_1_17' title="bbox 392 1530 1974 1605; baseline -0.003 -20"><span class='ocrx_word' id='word_1_93' title='bbox 392 1545 537 1598; x_wconf 85' lang='lat' dir='ltr'><strong>tans,</strong></span> <span class='ocrx_word' id='word_1_94' title='bbox 567 1535 825 1605; x_wconf 86' lang='lat' dir='ltr'><strong>precibus</strong></span> <span class='ocrx_word' id='word_1_95' title='bbox 839 1534 1116 1589; x_wconf 90' lang='lat' dir='ltr'><strong>continuis</strong></span> <span class='ocrx_word' id='word_1_96' title='bbox 1137 1541 1190 1588; x_wconf 89' lang='lat' dir='ltr'><strong>et</strong></span> <span class='ocrx_word' id='word_1_97' title='bbox 1211 1532 1548 1603; x_wconf 90' lang='lat' dir='ltr'><strong>psalmorum</strong></span> <span class='ocrx_word' id='word_1_98' title='bbox 1570 1530 1826 1585; x_wconf 89' lang='lat' dir='ltr'><strong>cantibus</strong></span> <span class='ocrx_word' id='word_1_99' title='bbox 1843 1543 1974 1582; x_wconf 83' lang='lat' dir='ltr'><strong>con-</strong></span> 
     </span>
    </p>
   </div>
   <div class='ocr_carea' id='block_1_18' title="bbox 393 1616 1971 1688">
    <p class='ocr_par' dir='ltr' id='par_1_18' title="bbox 393 1616 1971 1688">
     <span class='ocr_line' id='line_1_18' title="bbox 393 1616 1971 1688; baseline -0.004 -15"><span class='ocrx_word' id='word_1_100' title='bbox 393 1621 547 1674; x_wconf 90' lang='lat' dir='ltr'><strong>tinuo</strong></span> <span class='ocrx_word' id='word_1_101' title='bbox 564 1622 886 1675; x_wconf 89' lang='lat' dir='ltr'><strong>incumbens</strong></span> <span class='ocrx_word' id='word_1_102' title='bbox 907 1630 960 1674; x_wconf 89' lang='lat' dir='ltr'><strong>et</strong></span> <span class='ocrx_word' id='word_1_103' title='bbox 981 1635 1265 1674; x_wconf 89' lang='lat' dir='ltr'><strong>sermones</strong></span> <span class='ocrx_word' id='word_1_104' title='bbox 1283 1617 1598 1688; x_wconf 87' lang='lat' dir='ltr'><strong>spirituales</strong></span> <span class='ocrx_word' id='word_1_105' title='bbox 1616 1616 1971 1686; x_wconf 89' lang='lat' dir='ltr'><strong>amplectens,</strong></span> 
     </span>
    </p>
   </div>
   <div class='ocr_carea' id='block_1_19' title="bbox 394 1705 1967 1780">
    <p class='ocr_par' dir='ltr' id='par_1_19' title="bbox 394 1705 1967 1780">
     <span class='ocr_line' id='line_1_19' title="bbox 394 1705 1967 1780; baseline -0.003 -16"><span class='ocrx_word' id='word_1_106' title='bbox 394 1712 780 1780; x_wconf 88' lang='lat' dir='ltr'><strong>prophetarum</strong></span> <span class='ocrx_word' id='word_1_107' title='bbox 811 1713 904 1766; x_wconf 91' lang='lat' dir='ltr'><strong>illa</strong></span> <span class='ocrx_word' id='word_1_108' title='bbox 938 1714 1251 1767; x_wconf 80' lang='lat' dir='ltr'><strong>exclamas:</strong></span> <span class='ocrx_word' id='word_1_109' title='bbox 1286 1731 1306 1764; x_wconf 84' lang='grc'><strong>«</strong></span> <span class='ocrx_word' id='word_1_110' title='bbox 1342 1709 1679 1765; x_wconf 81' lang='lat' dir='ltr'><strong>Recordatus</strong></span> <span class='ocrx_word' id='word_1_111' title='bbox 1707 1723 1827 1762; x_wconf 89' lang='lat' dir='ltr'><strong>sum</strong></span> <span class='ocrx_word' id='word_1_112' title='bbox 1853 1705 1967 1769; x_wconf 87' lang='lat' dir='ltr'><strong>Dei,</strong></span> 
     </span>
    </p>
   </div>
   <div class='ocr_carea' id='block_1_20' title="bbox 391 1798 1968 1872">
    <p class='ocr_par' dir='ltr' id='par_1_20' title="bbox 391 1798 1968 1872">
     <span class='ocr_line' id='line_1_20' title="bbox 391 1798 1968 1872; baseline -0.004 -15"><span class='ocrx_word' id='word_1_113' title='bbox 391 1813 445 1857; x_wconf 90' lang='lat' dir='ltr'><strong>et</strong></span> <span class='ocrx_word' id='word_1_114' title='bbox 466 1804 679 1859; x_wconf 72' lang='lat' dir='ltr'><strong>laetatus</strong></span> <span class='ocrx_word' id='word_1_115' title='bbox 701 1820 820 1859; x_wconf 93' lang='lat' dir='ltr'><strong>sum</strong></span> <span class='ocrx_word' id='word_1_116' title='bbox 855 1805 920 1856; x_wconf 82' lang='grc'><strong>³⁶;</strong></span> <span class='ocrx_word' id='word_1_117' title='bbox 959 1822 977 1855; x_wconf 76' lang='grc' dir='ltr'><strong>ι</strong></span> <span class='ocrx_word' id='word_1_118' title='bbox 1008 1803 1113 1859; x_wconf 88' lang='lat' dir='ltr'><strong>Et:</strong></span> <span class='ocrx_word' id='word_1_119' title='bbox 1154 1824 1171 1855; x_wconf 78' lang='grc' dir='ltr'><strong>ι</strong></span> <span class='ocrx_word' id='word_1_120' title='bbox 1209 1802 1612 1872; x_wconf 62' lang='grc' dir='ltr'>Ξυνθτιιιιῑεὺοι</span> <span class='ocrx_word' id='word_1_121' title='bbox 1646 1802 1698 1853; x_wconf 89' lang='lat' dir='ltr'><strong>in</strong></span> <span class='ocrx_word' id='word_1_122' title='bbox 1737 1798 1968 1853; x_wconf 90' lang='lat' dir='ltr'><strong>Domino</strong></span> 
     </span>
    </p>
   </div>
   <div class='ocr_carea' id='block_1_21' title="bbox 395 1891 1962 1966">
    <p class='ocr_par' dir='ltr' id='par_1_21' title="bbox 395 1891 1962 1966">
     <span class='ocr_line' id='line_1_21' title="bbox 395 1891 1962 1966; baseline -0.003 -20"><span class='ocrx_word' id='word_1_123' title='bbox 395 1911 535 1960; x_wconf 88' lang='lat' dir='ltr'><strong>meo,</strong></span> <span class='ocrx_word' id='word_1_124' title='bbox 569 1911 680 1950; x_wconf 92' lang='lat' dir='ltr'><strong>non</strong></span> <span class='ocrx_word' id='word_1_125' title='bbox 723 1897 964 1951; x_wconf 85' lang='lat' dir='ltr'><strong>laboravi</strong></span> <span class='ocrx_word' id='word_1_126' title='bbox 1007 1912 1245 1966; x_wconf 84' lang='lat' dir='ltr'><strong>sequens</strong></span> <span class='ocrx_word' id='word_1_127' title='bbox 1294 1895 1583 1949; x_wconf 90' lang='lat' dir='ltr'><strong>Dominum</strong></span> <span class='ocrx_word' id='word_1_128' title='bbox 1630 1907 1812 1948; x_wconf 91' lang='lat' dir='ltr'><strong>meum</strong></span> <span class='ocrx_word' id='word_1_129' title='bbox 1845 1891 1909 1944; x_wconf 83' lang='grc'><strong>³⁷.</strong></span> <span class='ocrx_word' id='word_1_130' title='bbox 1943 1910 1962 1942; x_wconf 74' lang='grc' dir='ltr'><strong>ι</strong></span> 
     </span>
    </p>
   </div>
   <div class='ocr_carea' id='block_1_22' title="bbox 397 1985 1970 2057">
    <p class='ocr_par' dir='ltr' id='par_1_22' title="bbox 397 1985 1970 2057">
     <span class='ocr_line' id='line_1_22' title="bbox 397 1985 1970 2057; baseline -0.001 -18"><span class='ocrx_word' id='word_1_131' title='bbox 397 1986 695 2040; x_wconf 83' lang='lat' dir='ltr'><strong>Exsultabo</strong></span> <span class='ocrx_word' id='word_1_132' title='bbox 727 1987 934 2057; x_wconf 89' lang='lat' dir='ltr'><strong>itaque,</strong></span> <span class='ocrx_word' id='word_1_133' title='bbox 962 1987 1361 2042; x_wconf 87' lang='lat' dir='ltr'><strong>humanissime</strong></span> <span class='ocrx_word' id='word_1_134' title='bbox 1394 1985 1642 2052; x_wconf 90' lang='lat' dir='ltr'><strong>Domine,</strong></span> <span class='ocrx_word' id='word_1_135' title='bbox 1674 1987 1730 2040; x_wconf 93' lang='lat' dir='ltr'><strong>in</strong></span> <span class='ocrx_word' id='word_1_136' title='bbox 1760 1999 1970 2040; x_wconf 90' lang='lat' dir='ltr'><strong>sermo-</strong></span> 
     </span>
    </p>
   </div>
   <div class='ocr_carea' id='block_1_23' title="bbox 394 2077 1970 2149">
    <p class='ocr_par' dir='ltr' id='par_1_23' title="bbox 394 2077 1970 2149">
     <span class='ocr_line' id='line_1_23' title="bbox 394 2077 1970 2149; baseline -0.002 -17"><span class='ocrx_word' id='word_1_137' title='bbox 394 2080 554 2134; x_wconf 86' lang='lat' dir='ltr'><strong>nibus</strong></span> <span class='ocrx_word' id='word_1_138' title='bbox 586 2081 718 2143; x_wconf 87' lang='lat' dir='ltr'><strong>tuis,</strong></span> <span class='ocrx_word' id='word_1_139' title='bbox 762 2079 1222 2149; x_wconf 89' lang='lat' dir='ltr'><strong>quemadmodum</strong></span> <span class='ocrx_word' id='word_1_140' title='bbox 1259 2079 1353 2149; x_wconf 92' lang='lat' dir='ltr'><strong>qui</strong></span> <span class='ocrx_word' id='word_1_141' title='bbox 1386 2078 1608 2133; x_wconf 85' lang='lat' dir='ltr'><strong>divitias</strong></span> <span class='ocrx_word' id='word_1_142' title='bbox 1639 2077 1872 2139; x_wconf 83' lang='lat' dir='ltr'><strong>invenit,</strong></span> <span class='ocrx_word' id='word_1_143' title='bbox 1914 2083 1970 2132; x_wconf 88' lang='lat' dir='ltr'><strong>et</strong></span> 
     </span>
    </p>
   </div>
   <div class='ocr_carea' id='block_1_24' title="bbox 395 2166 1969 2239">
    <p class='ocr_par' dir='ltr' id='par_1_24' title="bbox 395 2166 1969 2239">
     <span class='ocr_line' id='line_1_24' title="bbox 395 2166 1969 2239; baseline -0.001 -17"><span class='ocrx_word' id='word_1_144' title='bbox 395 2169 630 2236; x_wconf 67' lang='lat' dir='ltr'><strong>praedam</strong></span> <span class='ocrx_word' id='word_1_145' title='bbox 656 2171 880 2224; x_wconf 90' lang='lat' dir='ltr'><strong>multam</strong></span> <span class='ocrx_word' id='word_1_146' title='bbox 914 2169 977 2222; x_wconf 83' lang='grc'><strong>³⁸.</strong></span> <span class='ocrx_word' id='word_1_147' title='bbox 1015 2169 1426 2239; x_wconf 87' lang='lat' dir='ltr'><strong>Proptereaque</strong></span> <span class='ocrx_word' id='word_1_148' title='bbox 1460 2167 1715 2223; x_wconf 86' lang='lat' dir='ltr'><strong>Salvator</strong></span> <span class='ocrx_word' id='word_1_149' title='bbox 1741 2174 1796 2223; x_wconf 92' lang='lat' dir='ltr'><strong>et</strong></span> <span class='ocrx_word' id='word_1_150' title='bbox 1822 2166 1969 2221; x_wconf 84' lang='lat' dir='ltr'><strong>Con-</strong></span> 
     </span>
    </p>
   </div>
   <div class='ocr_carea' id='block_1_25' title="bbox 391 2258 1972 2333">
    <p class='ocr_par' dir='ltr' id='par_1_25' title="bbox 391 2258 1972 2333">
     <span class='ocr_line' id='line_1_25' title="bbox 391 2258 1972 2333; baseline -0.003 -18"><span class='ocrx_word' id='word_1_151' title='bbox 391 2262 537 2316; x_wconf 91' lang='lat' dir='ltr'><strong>ditor</strong></span> <span class='ocrx_word' id='word_1_152' title='bbox 564 2262 811 2317; x_wconf 87' lang='lat' dir='ltr'><strong>omnium</strong></span> <span class='ocrx_word' id='word_1_153' title='bbox 849 2263 949 2316; x_wconf 90' lang='lat' dir='ltr'><strong>tibi</strong></span> <span class='ocrx_word' id='word_1_154' title='bbox 1000 2260 1340 2333; x_wconf 80' lang='lat' dir='ltr'><strong>respondet:</strong></span> <span class='ocrx_word' id='word_1_155' title='bbox 1381 2258 1653 2313; x_wconf 87' lang='lat' dir='ltr'><strong>Gaudium</strong></span> <span class='ocrx_word' id='word_1_156' title='bbox 1704 2267 1881 2323; x_wconf 91' lang='lat' dir='ltr'><strong>tuum,</strong></span> <span class='ocrx_word' id='word_1_157' title='bbox 1916 2263 1972 2311; x_wconf 90' lang='lat' dir='ltr'><strong>et</strong></span> 
     </span>
    </p>
   </div>
   <div class='ocr_carea' id='block_1_26' title="bbox 390 2347 1969 2421">
    <p class='ocr_par' dir='ltr' id='par_1_26' title="bbox 390 2347 1969 2421">
     <span class='ocr_line' id='line_1_26' title="bbox 390 2347 1969 2421; baseline -0.004 -14"><span class='ocrx_word' id='word_1_158' title='bbox 390 2353 814 2409; x_wconf 77' lang='lat' dir='ltr'><strong>exsultationem</strong></span> <span class='ocrx_word' id='word_1_159' title='bbox 844 2363 994 2407; x_wconf 89' lang='lat' dir='ltr'><strong>tuam</strong></span> <span class='ocrx_word' id='word_1_160' title='bbox 1029 2354 1216 2408; x_wconf 89' lang='lat' dir='ltr'><strong>nullus</strong></span> <span class='ocrx_word' id='word_1_161' title='bbox 1246 2352 1419 2406; x_wconf 81' lang='lat' dir='ltr'><strong>furari</strong></span> <span class='ocrx_word' id='word_1_162' title='bbox 1456 2350 1656 2421; x_wconf 89' lang='lat' dir='ltr'><strong>poterit</strong></span> <span class='ocrx_word' id='word_1_163' title='bbox 1676 2349 1720 2382; x_wconf 81' lang='grc'><strong>³⁹</strong></span> <span class='ocrx_word' id='word_1_164' title='bbox 1752 2367 1766 2404; x_wconf 92' lang='lat'><strong>:</strong></span> <span class='ocrx_word' id='word_1_165' title='bbox 1799 2347 1969 2402; x_wconf 86' lang='lat' dir='ltr'><strong>Maria</strong></span> 
     </span>
    </p>
   </div>
   <div class='ocr_carea' id='block_1_27' title="bbox 391 2441 1968 2516">
    <p class='ocr_par' dir='ltr' id='par_1_27' title="bbox 391 2441 1968 2516">
     <span class='ocr_line' id='line_1_27' title="bbox 391 2441 1968 2516; baseline -0.004 -17"><span class='ocrx_word' id='word_1_166' title='bbox 391 2445 664 2515; x_wconf 75' lang='lat' dir='ltr'><strong>siquidem</strong></span> <span class='ocrx_word' id='word_1_167' title='bbox 696 2447 956 2516; x_wconf 90' lang='lat' dir='ltr'><strong>optimam</strong></span> <span class='ocrx_word' id='word_1_168' title='bbox 989 2447 1152 2516; x_wconf 88' lang='lat' dir='ltr'><strong>elegit</strong></span> <span class='ocrx_word' id='word_1_169' title='bbox 1193 2445 1507 2499; x_wconf 89' lang='lat' dir='ltr'><strong>divinarum</strong></span> <span class='ocrx_word' id='word_1_170' title='bbox 1552 2441 1968 2510; x_wconf 88' lang='lat' dir='ltr'><strong>disciplinarum</strong></span> 
     </span>
    </p>
   </div>
   <div class='ocr_carea' id='block_1_28' title="bbox 392 2533 1972 2606">
    <p class='ocr_par' dir='ltr' id='par_1_28' title="bbox 392 2533 1972 2606">
     <span class='ocr_line' id='line_1_28' title="bbox 392 2533 1972 2606; baseline -0.004 -16"><span class='ocrx_word' id='word_1_171' title='bbox 392 2550 615 2605; x_wconf 87' lang='lat' dir='ltr'><strong>semper</strong></span> <span class='ocrx_word' id='word_1_172' title='bbox 639 2536 904 2591; x_wconf 83' lang='lat' dir='ltr'><strong>virentem</strong></span> <span class='ocrx_word' id='word_1_173' title='bbox 937 2547 1150 2606; x_wconf 89' lang='lat' dir='ltr'><strong>partem</strong></span> <span class='ocrx_word' id='word_1_174' title='bbox 1178 2533 1248 2587; x_wconf 72' lang='grc' dir='ltr'><strong>⁸ο.</strong></span> <span class='ocrx_word' id='word_1_175' title='bbox 1279 2533 1516 2600; x_wconf 84' lang='lat' dir='ltr'><strong>Quando</strong></span> <span class='ocrx_word' id='word_1_176' title='bbox 1547 2533 1733 2601; x_wconf 89' lang='lat' dir='ltr'><strong>itaque</strong></span> <span class='ocrx_word' id='word_1_177' title='bbox 1760 2543 1972 2585; x_wconf 80' lang='lat' dir='ltr'><strong>sermo-</strong></span> 
     </span>
    </p>
   </div>
   <div class='ocr_carea' id='block_1_29' title="bbox 393 2622 1971 2699">
    <p class='ocr_par' dir='ltr' id='par_1_29' title="bbox 393 2622 1971 2699">
     <span class='ocr_line' id='line_1_29' title="bbox 393 2622 1971 2699; baseline -0.003 -19"><span class='ocrx_word' id='word_1_178' title='bbox 393 2644 491 2683; x_wconf 87' lang='lat' dir='ltr'><strong>nes</strong></span> <span class='ocrx_word' id='word_1_179' title='bbox 530 2628 689 2699; x_wconf 80' lang='lat'><strong>136</strong></span> <span class='ocrx_word' id='word_1_180' title='bbox 713 2629 818 2684; x_wconf 91' lang='lat' dir='ltr'><strong>mei</strong></span> <span class='ocrx_word' id='word_1_181' title='bbox 848 2629 902 2682; x_wconf 93' lang='lat' dir='ltr'><strong>in</strong></span> <span class='ocrx_word' id='word_1_182' title='bbox 927 2637 982 2684; x_wconf 89' lang='lat' dir='ltr'><strong>te</strong></span> <span class='ocrx_word' id='word_1_183' title='bbox 1009 2629 1260 2682; x_wconf 88' lang='lat' dir='ltr'><strong>habitant</strong></span> <span class='ocrx_word' id='word_1_184' title='bbox 1280 2625 1684 2689; x_wconf 88' lang='lat' dir='ltr'><strong>recordatione,</strong></span> <span class='ocrx_word' id='word_1_185' title='bbox 1712 2622 1971 2678; x_wconf 84' lang='lat' dir='ltr'><strong>recorda-</strong></span> 
     </span>
    </p>
   </div>
   <div class='ocr_carea' id='block_1_30' title="bbox 393 2717 1969 2791">
    <p class='ocr_par' dir='ltr' id='par_1_30' title="bbox 393 2717 1969 2791">
     <span class='ocr_line' id='line_1_30' title="bbox 393 2717 1969 2791; baseline -0.004 -17"><span class='ocrx_word' id='word_1_186' title='bbox 393 2721 494 2774; x_wconf 87' lang='lat' dir='ltr'><strong>bor</strong></span> <span class='ocrx_word' id='word_1_187' title='bbox 542 2721 620 2774; x_wconf 87' lang='lat' dir='ltr'><strong>tui</strong></span> <span class='ocrx_word' id='word_1_188' title='bbox 667 2720 722 2774; x_wconf 90' lang='lat' dir='ltr'><strong>in</strong></span> <span class='ocrx_word' id='word_1_189' title='bbox 765 2736 936 2791; x_wconf 89' lang='lat' dir='ltr'><strong>regno</strong></span> <span class='ocrx_word' id='word_1_190' title='bbox 986 2735 1130 2774; x_wconf 90' lang='lat' dir='ltr'><strong>meo.</strong></span> <span class='ocrx_word' id='word_1_191' title='bbox 1183 2720 1287 2774; x_wconf 83' lang='lat' dir='ltr'><strong>Et:</strong></span> <span class='ocrx_word' id='word_1_192' title='bbox 1327 2737 1346 2767; x_wconf 73' lang='grc' dir='ltr'><em>α</em></span> <span class='ocrx_word' id='word_1_193' title='bbox 1384 2717 1464 2773; x_wconf 87' lang='lat' dir='ltr'><strong>Ne</strong></span> <span class='ocrx_word' id='word_1_194' title='bbox 1511 2717 1730 2781; x_wconf 87' lang='lat' dir='ltr'><strong>timeas,</strong></span> <span class='ocrx_word' id='word_1_195' title='bbox 1783 2723 1969 2770; x_wconf 87' lang='lat' dir='ltr'><strong>tecum</strong></span> 
     </span>
    </p>
   </div>
   <div class='ocr_carea' id='block_1_31' title="bbox 391 2808 1970 2878">
    <p class='ocr_par' dir='ltr' id='par_1_31' title="bbox 391 2808 1970 2878">
     <span class='ocr_line' id='line_1_31' title="bbox 391 2808 1970 2878; baseline -0.001 -16"><span class='ocrx_word' id='word_1_196' title='bbox 391 2813 536 2865; x_wconf 80' lang='lat' dir='ltr'><strong>enim</strong></span> <span class='ocrx_word' id='word_1_197' title='bbox 564 2827 660 2865; x_wconf 88' lang='lat' dir='ltr'><strong>ero</strong></span> <span class='ocrx_word' id='word_1_198' title='bbox 691 2812 949 2867; x_wconf 90' lang='lat' dir='ltr'><strong>omnibus</strong></span> <span class='ocrx_word' id='word_1_199' title='bbox 979 2812 1173 2868; x_wconf 91' lang='lat' dir='ltr'><strong>diebus</strong></span> <span class='ocrx_word' id='word_1_200' title='bbox 1197 2812 1266 2878; x_wconf 77' lang='lat'><strong>“,</strong></span> <span class='ocrx_word' id='word_1_201' title='bbox 1299 2828 1319 2861; x_wconf 82' lang='grc'>›</span> <span class='ocrx_word' id='word_1_202' title='bbox 1350 2826 1416 2865; x_wconf 87' lang='lat' dir='ltr'><strong>ex</strong></span> <span class='ocrx_word' id='word_1_203' title='bbox 1449 2809 1597 2864; x_wconf 90' lang='lat' dir='ltr'><strong>omni</strong></span> <span class='ocrx_word' id='word_1_204' title='bbox 1621 2808 1970 2862; x_wconf 77' lang='lat' dir='ltr'><strong>tribulatione</strong></span> 
     </span>
    </p>
   </div>
   <div class='ocr_carea' id='block_1_32' title="bbox 393 2898 1966 2973">
    <p class='ocr_par' dir='ltr' id='par_1_32' title="bbox 393 2898 1966 2973">
     <span class='ocr_line' id='line_1_32' title="bbox 393 2898 1966 2973; baseline -0.003 -17"><span class='ocrx_word' id='word_1_205' title='bbox 393 2903 637 2958; x_wconf 86' lang='lat' dir='ltr'><strong>liberans</strong></span> <span class='ocrx_word' id='word_1_206' title='bbox 665 2912 720 2959; x_wconf 88' lang='lat' dir='ltr'><strong>te</strong></span> <span class='ocrx_word' id='word_1_207' title='bbox 743 2903 814 2970; x_wconf 68' lang='grc' dir='ltr'>δ’,</span> <span class='ocrx_word' id='word_1_208' title='bbox 855 2911 911 2961; x_wconf 92' lang='lat' dir='ltr'><strong>et</strong></span> <span class='ocrx_word' id='word_1_209' title='bbox 945 2904 1187 2973; x_wconf 88' lang='lat' dir='ltr'><strong>eripiens</strong></span> <span class='ocrx_word' id='word_1_210' title='bbox 1217 2919 1248 2958; x_wconf 88' lang='lat' dir='ltr'><strong>e</strong></span> <span class='ocrx_word' id='word_1_211' title='bbox 1279 2917 1448 2957; x_wconf 88' lang='lat' dir='ltr'><strong>manu</strong></span> <span class='ocrx_word' id='word_1_212' title='bbox 1490 2900 1869 2956; x_wconf 88' lang='lat' dir='ltr'><strong>insidiantium</strong></span> <span class='ocrx_word' id='word_1_213' title='bbox 1897 2898 1966 2951; x_wconf 74' lang='grc'><strong>⁸³.</strong></span> 
     </span>
    </p>
   </div>
   <div class='ocr_carea' id='block_1_33' title="bbox 587 3092 1746 3155">
    <p class='ocr_par' dir='ltr' id='par_1_33' title="bbox 587 3092 1746 3155">
     <span class='ocr_line' id='line_1_33' title="bbox 587 3092 1746 3155; baseline 0 -3"><span class='ocrx_word' id='word_1_214' title='bbox 587 3097 752 3154; x_wconf 80' lang='lat' dir='ltr'>XLII.</span> <span class='ocrx_word' id='word_1_215' title='bbox 789 3131 855 3142; x_wconf 89' lang='lat'><strong>—-</strong></span> <span class='ocrx_word' id='word_1_216' title='bbox 891 3096 1337 3155; x_wconf 80' lang='lat' dir='ltr'><strong>CHRYSEROTI</strong></span> <span class='ocrx_word' id='word_1_217' title='bbox 1365 3092 1746 3152; x_wconf 70' lang='lat' dir='ltr'><strong>SOPHISTIE.</strong></span> 
     </span>
    </p>
   </div>
   <div class='ocr_carea' id='block_1_34' title="bbox 463 3211 1971 3284">
    <p class='ocr_par' dir='ltr' id='par_1_34' title="bbox 463 3211 1971 3284">
     <span class='ocr_line' id='line_1_34' title="bbox 463 3211 1971 3284; baseline 0.001 -16"><span class='ocrx_word' id='word_1_218' title='bbox 463 3211 523 3269; x_wconf 92' lang='lat' dir='ltr'><strong>Si</strong></span> <span class='ocrx_word' id='word_1_219' title='bbox 561 3214 1014 3284; x_wconf 86' lang='lat' dir='ltr'><strong>linguacissimus</strong></span> <span class='ocrx_word' id='word_1_220' title='bbox 1079 3213 1348 3284; x_wconf 84' lang='lat' dir='ltr'><strong>Apollinis</strong></span> <span class='ocrx_word' id='word_1_221' title='bbox 1413 3214 1593 3283; x_wconf 90' lang='lat' dir='ltr'><strong>tripus</strong></span> <span class='ocrx_word' id='word_1_222' title='bbox 1645 3214 1971 3270; x_wconf 85' lang='lat' dir='ltr'><strong>adveniente</strong></span> 
     </span>
    </p>
   </div>
   <div class='ocr_carea' id='block_1_35' title="bbox 393 3303 1968 3372">
    <p class='ocr_par' dir='ltr' id='par_1_35' title="bbox 393 3303 1968 3372">
     <span class='ocr_line' id='line_1_35' title="bbox 393 3303 1968 3372; baseline -0.001 -12"><span class='ocrx_word' id='word_1_223' title='bbox 393 3307 452 3360; x_wconf 88' lang='lat' dir='ltr'><strong>in</strong></span> <span class='ocrx_word' id='word_1_224' title='bbox 486 3320 706 3360; x_wconf 85' lang='lat' dir='ltr'><strong>carnem</strong></span> <span class='ocrx_word' id='word_1_225' title='bbox 747 3305 995 3360; x_wconf 93' lang='lat' dir='ltr'><strong>omnium</strong></span> <span class='ocrx_word' id='word_1_226' title='bbox 1036 3303 1269 3359; x_wconf 90' lang='lat' dir='ltr'><strong>Domino</strong></span> <span class='ocrx_word' id='word_1_227' title='bbox 1309 3303 1532 3358; x_wconf 76' lang='lat' dir='ltr'><strong>Christo</strong></span> <span class='ocrx_word' id='word_1_228' title='bbox 1565 3304 1730 3358; x_wconf 90' lang='lat' dir='ltr'><strong>silere</strong></span> <span class='ocrx_word' id='word_1_229' title='bbox 1757 3303 1968 3372; x_wconf 86' lang='lat' dir='ltr'><strong>jussus,</strong></span> 
     </span>
    </p>
   </div>
   <div class='ocr_carea' id='block_1_36' title="bbox 395 3395 1970 3468">
    <p class='ocr_par' dir='ltr' id='par_1_36' title="bbox 395 3395 1970 3468">
     <span class='ocr_line' id='line_1_36' title="bbox 395 3395 1970 3468; baseline 0.001 -18"><span class='ocrx_word' id='word_1_230' title='bbox 395 3405 597 3468; x_wconf 61' lang='lat' dir='ltr'><strong>pratter</strong></span> <span class='ocrx_word' id='word_1_231' title='bbox 638 3398 880 3466; x_wconf 87' lang='lat' dir='ltr'><strong>gentium</strong></span> <span class='ocrx_word' id='word_1_232' title='bbox 918 3397 1383 3466; x_wconf 81' lang='lat' dir='ltr'><strong>exspectationem</strong></span> <span class='ocrx_word' id='word_1_233' title='bbox 1420 3395 1522 3465; x_wconf 86' lang='lat' dir='ltr'><strong>(sic</strong></span> <span class='ocrx_word' id='word_1_234' title='bbox 1555 3396 1701 3451; x_wconf 91' lang='lat' dir='ltr'><strong>enim</strong></span> <span class='ocrx_word' id='word_1_235' title='bbox 1733 3396 1970 3451; x_wconf 89' lang='lat' dir='ltr'><strong>addece-</strong></span> 
     </span>
    </p>
   </div>
   <div class='ocr_carea' id='block_1_37' title="bbox 396 3489 1972 3561">
    <p class='ocr_par' dir='ltr' id='par_1_37' title="bbox 396 3489 1972 3561">
     <span class='ocr_line' id='line_1_37' title="bbox 396 3489 1972 3561; baseline 0 -17"><span class='ocrx_word' id='word_1_236' title='bbox 396 3491 510 3559; x_wconf 89' lang='lat' dir='ltr'><strong>bat)</strong></span> <span class='ocrx_word' id='word_1_237' title='bbox 561 3491 859 3556; x_wconf 79' lang='lat' dir='ltr'><strong>odniutuit,</strong></span> <span class='ocrx_word' id='word_1_238' title='bbox 903 3490 1363 3561; x_wconf 89' lang='lat' dir='ltr'><strong>quemadmodum</strong></span> <span class='ocrx_word' id='word_1_239' title='bbox 1406 3489 1675 3555; x_wconf 87' lang='lat' dir='ltr'><strong>universi,</strong></span> <span class='ocrx_word' id='word_1_240' title='bbox 1722 3490 1817 3556; x_wconf 93' lang='lat' dir='ltr'><strong>qui</strong></span> <span class='ocrx_word' id='word_1_241' title='bbox 1864 3489 1972 3546; x_wconf 91' lang='lat' dir='ltr'><strong>sub</strong></span> 
     </span>
    </p>
   </div>
   <div class='ocr_carea' id='block_1_38' title="bbox 396 3581 1969 3652">
    <p class='ocr_par' dir='ltr' id='par_1_38' title="bbox 396 3581 1969 3652">
     <span class='ocr_line' id='line_1_38' title="bbox 396 3581 1969 3652; baseline -0.001 -14"><span class='ocrx_word' id='word_1_242' title='bbox 396 3583 541 3638; x_wconf 78' lang='lat' dir='ltr'><strong>C(BIO</strong></span> <span class='ocrx_word' id='word_1_243' title='bbox 562 3592 712 3647; x_wconf 89' lang='lat' dir='ltr'><strong>sunt,</strong></span> <span class='ocrx_word' id='word_1_244' title='bbox 747 3583 1070 3638; x_wconf 87' lang='lat' dir='ltr'><strong>intuentur:</strong></span> <span class='ocrx_word' id='word_1_245' title='bbox 1104 3597 1275 3652; x_wconf 90' lang='lat' dir='ltr'><strong>quare</strong></span> <span class='ocrx_word' id='word_1_246' title='bbox 1300 3590 1358 3636; x_wconf 92' lang='lat' dir='ltr'><strong>tu</strong></span> <span class='ocrx_word' id='word_1_247' title='bbox 1389 3581 1507 3652; x_wconf 91' lang='lat' dir='ltr'><strong>ipse</strong></span> <span class='ocrx_word' id='word_1_248' title='bbox 1537 3598 1714 3652; x_wconf 89' lang='lat' dir='ltr'><strong>neque</strong></span> <span class='ocrx_word' id='word_1_249' title='bbox 1738 3581 1969 3652; x_wconf 88' lang='lat' dir='ltr'><strong>pudore,</strong></span> 
     </span>
    </p>
   </div>
   <div class='ocr_carea' id='block_1_39' title="bbox 396 3674 1974 3747">
    <p class='ocr_par' dir='ltr' id='par_1_39' title="bbox 396 3674 1974 3747">
     <span class='ocr_line' id='line_1_39' title="bbox 396 3674 1974 3747; baseline -0.001 -17"><span class='ocrx_word' id='word_1_250' title='bbox 396 3691 574 3747; x_wconf 89' lang='lat' dir='ltr'><strong>neque</strong></span> <span class='ocrx_word' id='word_1_251' title='bbox 600 3676 802 3730; x_wconf 88' lang='lat' dir='ltr'><strong>rubore</strong></span> <span class='ocrx_word' id='word_1_252' title='bbox 847 3675 1184 3731; x_wconf 84' lang='lat' dir='ltr'><strong>suti&#39;underis</strong></span> <span class='ocrx_word' id='word_1_253' title='bbox 1238 3674 1308 3732; x_wconf 88' lang='lat' dir='ltr'><strong>de</strong></span> <span class='ocrx_word' id='word_1_254' title='bbox 1344 3675 1456 3731; x_wconf 89' lang='lat' dir='ltr'><strong>tuis</strong></span> <span class='ocrx_word' id='word_1_255' title='bbox 1489 3676 1876 3746; x_wconf 89' lang='lat' dir='ltr'><strong>insipientibus</strong></span> <span class='ocrx_word' id='word_1_256' title='bbox 1908 3689 1974 3728; x_wconf 93' lang='lat' dir='ltr'><strong>ac</strong></span> 
     </span>
    </p>
   </div>
   <div class='ocr_carea' id='block_1_40' title="bbox 396 3765 1975 3836">
    <p class='ocr_par' dir='ltr' id='par_1_40' title="bbox 396 3765 1975 3836">
     <span class='ocr_line' id='line_1_40' title="bbox 396 3765 1975 3836; baseline -0.002 -15"><span class='ocrx_word' id='word_1_257' title='bbox 396 3765 911 3821; x_wconf 77' lang='lat' dir='ltr'><strong>infortunatissimis</strong></span> <span class='ocrx_word' id='word_1_258' title='bbox 969 3765 1078 3820; x_wconf 92' lang='lat' dir='ltr'><strong>diis</strong></span> <span class='ocrx_word' id='word_1_259' title='bbox 1108 3780 1297 3820; x_wconf 89' lang='lat' dir='ltr'><strong>curam</strong></span> <span class='ocrx_word' id='word_1_260' title='bbox 1346 3781 1567 3836; x_wconf 79' lang='lat' dir='ltr'><strong>gerens,</strong></span> <span class='ocrx_word' id='word_1_261' title='bbox 1618 3766 1883 3829; x_wconf 88' lang='lat' dir='ltr'><strong>absurda,</strong></span> <span class='ocrx_word' id='word_1_262' title='bbox 1918 3770 1975 3819; x_wconf 76' lang='lat' dir='ltr'><strong>et</strong></span> 
     </span>
    </p>
   </div>
   <div class='ocr_carea' id='block_1_41' title="bbox 397 3852 1972 3925">
    <p class='ocr_par' dir='ltr' id='par_1_41' title="bbox 397 3852 1972 3925">
     <span class='ocr_line' id='line_1_41' title="bbox 397 3852 1972 3925; baseline -0.004 -12"><span class='ocrx_word' id='word_1_263' title='bbox 397 3872 460 3913; x_wconf 87' lang='lat' dir='ltr'><strong>ea</strong></span> <span class='ocrx_word' id='word_1_264' title='bbox 493 3872 617 3925; x_wconf 67' lang='lat' dir='ltr'><strong>quae</strong></span> <span class='ocrx_word' id='word_1_265' title='bbox 640 3871 750 3910; x_wconf 91' lang='lat' dir='ltr'><strong>non</strong></span> <span class='ocrx_word' id='word_1_266' title='bbox 781 3863 932 3918; x_wconf 88' lang='lat' dir='ltr'><strong>sunt,</strong></span> <span class='ocrx_word' id='word_1_267' title='bbox 959 3854 1298 3911; x_wconf 81' lang='lat' dir='ltr'><strong>defensans?</strong></span> <span class='ocrx_word' id='word_1_268' title='bbox 1333 3855 1726 3909; x_wconf 84' lang='lat' dir='ltr'><strong>Verumtamen</strong></span> <span class='ocrx_word' id='word_1_269' title='bbox 1761 3855 1808 3909; x_wconf 90' lang='lat' dir='ltr'><strong>si</strong></span> <span class='ocrx_word' id='word_1_270' title='bbox 1838 3852 1972 3907; x_wconf 87' lang='lat' dir='ltr'><strong>mihi</strong></span> 
     </span>
    </p>
   </div>
   <div class='ocr_carea' id='block_1_42' title="bbox 397 3944 1975 4016">
    <p class='ocr_par' dir='ltr' id='par_1_42' title="bbox 397 3944 1975 4016">
     <span class='ocr_line' id='line_1_42' title="bbox 397 3944 1975 4016; baseline -0.003 -13"><span class='ocrx_word' id='word_1_271' title='bbox 397 3949 644 4014; x_wconf 89' lang='lat' dir='ltr'><strong>credere,</strong></span> <span class='ocrx_word' id='word_1_272' title='bbox 689 3962 1028 4016; x_wconf 88' lang='lat' dir='ltr'><strong>causamque</strong></span> <span class='ocrx_word' id='word_1_273' title='bbox 1071 3955 1219 4000; x_wconf 90' lang='lat' dir='ltr'><strong>tuam</strong></span> <span class='ocrx_word' id='word_1_274' title='bbox 1266 3945 1731 4000; x_wconf 87' lang='lat' dir='ltr'><strong>rationabiliorem</strong></span> <span class='ocrx_word' id='word_1_275' title='bbox 1793 3944 1975 3998; x_wconf 79' lang='lat' dir='ltr'><strong>facere</strong></span> 
     </span>
    </p>
   </div>
   <div class='ocr_carea' id='block_1_43' title="bbox 398 4037 1973 4108">
    <p class='ocr_par' dir='ltr' id='par_1_43' title="bbox 398 4037 1973 4108">
     <span class='ocr_line' id='line_1_43' title="bbox 398 4037 1973 4108; baseline -0.003 -13"><span class='ocrx_word' id='word_1_276' title='bbox 398 4040 497 4095; x_wconf 88' lang='lat' dir='ltr'><strong>tibi</strong></span> <span class='ocrx_word' id='word_1_277' title='bbox 523 4042 578 4094; x_wconf 93' lang='lat' dir='ltr'><strong>in</strong></span> <span class='ocrx_word' id='word_1_278' title='bbox 609 4041 795 4095; x_wconf 89' lang='lat' dir='ltr'><strong>animo</strong></span> <span class='ocrx_word' id='word_1_279' title='bbox 819 4039 1007 4102; x_wconf 80' lang='lat' dir='ltr'><strong>fuerit,</strong></span> <span class='ocrx_word' id='word_1_280' title='bbox 1031 4038 1393 4094; x_wconf 87' lang='lat' dir='ltr'><strong>vaticinantis</strong></span> <span class='ocrx_word' id='word_1_281' title='bbox 1431 4037 1664 4108; x_wconf 90' lang='lat' dir='ltr'><strong>tripodis</strong></span> <span class='ocrx_word' id='word_1_282' title='bbox 1693 4037 1973 4093; x_wconf 88' lang='lat' dir='ltr'><strong>silentium</strong></span> 
     </span>
    </p>
   </div>
   <div class='ocr_carea' id='block_1_44' title="bbox 398 4131 1320 4204">
    <p class='ocr_par' dir='ltr' id='par_1_44' title="bbox 398 4131 1320 4204">
     <span class='ocr_line' id='line_1_44' title="bbox 398 4131 1320 4204; baseline -0.004 -16"><span class='ocrx_word' id='word_1_283' title='bbox 398 4147 547 4188; x_wconf 89' lang='lat' dir='ltr'><strong>nunc</strong></span> <span class='ocrx_word' id='word_1_284' title='bbox 579 4133 929 4204; x_wconf 89' lang='lat' dir='ltr'><strong>potissimum</strong></span> <span class='ocrx_word' id='word_1_285' title='bbox 957 4131 1320 4185; x_wconf 84' lang='lat' dir='ltr'><strong>aemulareris.</strong></span> 
     </span>
    </p>
   </div>
   <div class='ocr_carea' id='block_1_45' title="bbox 671 4240 1710 4299">
    <p class='ocr_par' dir='ltr' id='par_1_45' title="bbox 671 4240 1710 4299">
     <span class='ocr_line' id='line_1_45' title="bbox 671 4240 1710 4299; baseline -0.003 0"><span class='ocrx_word' id='word_1_286' title='bbox 671 4242 852 4299; x_wconf 76' lang='lat' dir='ltr'>XLIII.</span> <span class='ocrx_word' id='word_1_287' title='bbox 883 4273 955 4283; x_wconf 91' lang='lat'><strong>—</strong></span> <span class='ocrx_word' id='word_1_288' title='bbox 979 4241 1330 4297; x_wconf 82' lang='lat' dir='ltr'><strong>FAUSTINO</strong></span> <span class='ocrx_word' id='word_1_289' title='bbox 1357 4240 1710 4296; x_wconf 76' lang='lat' dir='ltr'><strong>MONACHO.</strong></span> 
     </span>
    </p>
   </div>
   <div class='ocr_carea' id='block_1_46' title="bbox 467 4351 1976 4423">
    <p class='ocr_par' dir='ltr' id='par_1_46' title="bbox 467 4351 1976 4423">
     <span class='ocr_line' id='line_1_46' title="bbox 467 4351 1976 4423; baseline 0 -17"><span class='ocrx_word' id='word_1_290' title='bbox 467 4351 609 4418; x_wconf 84' lang='lat' dir='ltr'><strong>Quid</strong></span> <span class='ocrx_word' id='word_1_291' title='bbox 667 4352 953 4423; x_wconf 85' lang='lat' dir='ltr'><strong>gravaris?</strong></span> <span class='ocrx_word' id='word_1_292' title='bbox 995 4351 1126 4420; x_wconf 84' lang='lat' dir='ltr'><strong>quid</strong></span> <span class='ocrx_word' id='word_1_293' title='bbox 1171 4352 1504 4406; x_wconf 86' lang='lat' dir='ltr'><strong>Inaceraris?</strong></span> <span class='ocrx_word' id='word_1_294' title='bbox 1567 4351 1700 4422; x_wconf 85' lang='lat' dir='ltr'><strong>quid</strong></span> <span class='ocrx_word' id='word_1_295' title='bbox 1743 4351 1976 4406; x_wconf 87' lang='lat' dir='ltr'><strong>vocibus</strong></span> 
     </span>
    </p>
   </div>
   <div class='ocr_carea' id='block_1_47' title="bbox 2069 496 3578 576">
    <p class='ocr_par' dir='ltr' id='par_1_47' title="bbox 2069 496 3578 576">
     <span class='ocr_line' id='line_1_47' title="bbox 2069 496 3578 576; baseline -0.007 -18"><span class='ocrx_word' id='word_1_296' title='bbox 2069 504 2157 575; x_wconf 83' lang='grc' dir='ltr'>δὴ.</span> <span class='ocrx_word' id='word_1_297' title='bbox 2183 503 2282 558; x_wconf 76' lang='grc' dir='ltr'>καὶ</span> <span class='ocrx_word' id='word_1_298' title='bbox 2306 503 2534 576; x_wconf 76' lang='grc' dir='ltr'>ἄψυχος,</span> <span class='ocrx_word' id='word_1_299' title='bbox 2561 502 2812 574; x_wconf 81' lang='grc' dir='ltr'>καθάπερ</span> <span class='ocrx_word' id='word_1_300' title='bbox 2848 501 3108 573; x_wconf 81' lang='grc' dir='ltr'>βεϐόηκεν</span> <span class='ocrx_word' id='word_1_301' title='bbox 3154 496 3578 567; x_wconf 81' lang='grc' dir='ltr'>Ἀπολλινάριος.</span> 
     </span>
    </p>
   </div>
   <div class='ocr_carea' id='block_1_48' title="bbox 2386 682 3327 756">
    <p class='ocr_par' dir='ltr' id='par_1_48' title="bbox 2386 682 3327 756">
     <span class='ocr_line' id='line_1_48' title="bbox 2386 682 3327 756; baseline -0.01 -13"><span class='ocrx_word' id='word_1_302' title='bbox 2386 688 2527 743; x_wconf 80' lang='lat' dir='ltr'><strong>MA&#39;.</strong></span> <span class='ocrx_word' id='word_1_303' title='bbox 2553 715 2626 728; x_wconf 91' lang='lat'><strong>—</strong></span> <span class='ocrx_word' id='word_1_304' title='bbox 2654 685 2963 756; x_wconf 78' lang='grc' dir='ltr'><strong>ΕΥΘΥΜΙῼ</strong></span> <span class='ocrx_word' id='word_1_305' title='bbox 3003 682 3327 753; x_wconf 79' lang='grc' dir='ltr'><strong>ΔῘΑΚΟΝῼ.</strong></span> 
     </span>
    </p>
   </div>
   <div class='ocr_carea' id='block_1_49' title="bbox 2144 789 3667 871">
    <p class='ocr_par' dir='ltr' id='par_1_49' title="bbox 2144 789 3667 871">
     <span class='ocr_line' id='line_1_49' title="bbox 2144 789 3667 871; baseline -0.007 -17"><span class='ocrx_word' id='word_1_306' title='bbox 2144 800 2361 871; x_wconf 86' lang='grc' dir='ltr'>Ἕτεροι</span> <span class='ocrx_word' id='word_1_307' title='bbox 2395 799 2494 871; x_wconf 83' lang='grc' dir='ltr'>μὲν</span> <span class='ocrx_word' id='word_1_308' title='bbox 2527 799 2613 853; x_wconf 77' lang='grc' dir='ltr'><strong>ἐπ’</strong></span> <span class='ocrx_word' id='word_1_309' title='bbox 2643 796 2986 869; x_wconf 83' lang='grc' dir='ltr'>ἀμπελῶσιν,</span> <span class='ocrx_word' id='word_1_310' title='bbox 3021 796 3117 848; x_wconf 77' lang='grc' dir='ltr'>καὶ</span> <span class='ocrx_word' id='word_1_311' title='bbox 3140 792 3381 854; x_wconf 79' lang='grc' dir='ltr'>ἐλαιῶσι,</span> <span class='ocrx_word' id='word_1_312' title='bbox 3400 789 3494 842; x_wconf 69' lang='grc' dir='ltr'><strong>καὶ</strong></span> <span class='ocrx_word' id='word_1_313' title='bbox 3522 789 3667 858; x_wconf 72' lang='grc' dir='ltr'>κτῆ-</span> 
     </span>
    </p>
   </div>
   <div class='ocr_carea' id='block_1_50' title="bbox 2071 881 3664 964">
    <p class='ocr_par' dir='ltr' id='par_1_50' title="bbox 2071 881 3664 964">
     <span class='ocr_line' id='line_1_50' title="bbox 2071 881 3664 964; baseline -0.011 -16"><span class='ocrx_word' id='word_1_314' title='bbox 2071 911 2211 958; x_wconf 87' lang='grc' dir='ltr'>νεσι,</span> <span class='ocrx_word' id='word_1_315' title='bbox 2239 895 2332 948; x_wconf 79' lang='grc' dir='ltr'>καὶ</span> <span class='ocrx_word' id='word_1_316' title='bbox 2354 892 2549 964; x_wconf 86' lang='grc' dir='ltr'>πλήθει</span> <span class='ocrx_word' id='word_1_317' title='bbox 2576 889 2685 944; x_wconf 89' lang='grc' dir='ltr'><strong>τῶν</strong></span> <span class='ocrx_word' id='word_1_318' title='bbox 2715 889 2964 954; x_wconf 74' lang='grc' dir='ltr'>οἰκετῶν,</span> <span class='ocrx_word' id='word_1_319' title='bbox 2990 889 3084 942; x_wconf 74' lang='grc' dir='ltr'>καὶ</span> <span class='ocrx_word' id='word_1_320' title='bbox 3105 886 3275 947; x_wconf 73' lang='grc' dir='ltr'>οἴκοις</span> <span class='ocrx_word' id='word_1_321' title='bbox 3303 881 3664 952; x_wconf 80' lang='grc' dir='ltr'>περιφανέσι,</span> 
     </span>
    </p>
   </div>
   <div class='ocr_carea' id='block_1_51' title="bbox 2071 973 3668 1058">
    <p class='ocr_par' dir='ltr' id='par_1_51' title="bbox 2071 973 3668 1058">
     <span class='ocr_line' id='line_1_51' title="bbox 2071 973 3668 1058; baseline -0.011 -17"><span class='ocrx_word' id='word_1_322' title='bbox 2071 986 2260 1058; x_wconf 83' lang='grc' dir='ltr'>χρυσῷ</span> <span class='ocrx_word' id='word_1_323' title='bbox 2288 1003 2370 1051; x_wconf 88' lang='grc' dir='ltr'><strong>τε,</strong></span> <span class='ocrx_word' id='word_1_324' title='bbox 2403 986 2496 1039; x_wconf 73' lang='grc' dir='ltr'><strong>καὶ</strong></span> <span class='ocrx_word' id='word_1_325' title='bbox 2521 985 2749 1057; x_wconf 86' lang='grc' dir='ltr'>ἀργύρῳ</span> <span class='ocrx_word' id='word_1_326' title='bbox 2774 1023 2791 1048; x_wconf 88' lang='grc'><strong>,</strong></span> <span class='ocrx_word' id='word_1_327' title='bbox 2834 982 2929 1038; x_wconf 56' lang='grc' dir='ltr'><strong>καὶ¹</strong></span> <span class='ocrx_word' id='word_1_328' title='bbox 2959 983 3070 1044; x_wconf 79' lang='grc' dir='ltr'>τοῖς</span> <span class='ocrx_word' id='word_1_329' title='bbox 3100 978 3281 1040; x_wconf 78' lang='grc' dir='ltr'>ἄλλοις</span> <span class='ocrx_word' id='word_1_330' title='bbox 3326 976 3536 1046; x_wconf 78' lang='grc' dir='ltr'>γηῖνοις</span> <span class='ocrx_word' id='word_1_331' title='bbox 3563 973 3668 1025; x_wconf 76' lang='grc' dir='ltr'><strong>εὓ-</strong></span> 
     </span>
    </p>
   </div>
   <div class='ocr_carea' id='block_1_52' title="bbox 2072 1065 3665 1151">
    <p class='ocr_par' dir='ltr' id='par_1_52' title="bbox 2072 1065 3665 1151">
     <span class='ocr_line' id='line_1_52' title="bbox 2072 1065 3665 1151; baseline -0.011 -17"><span class='ocrx_word' id='word_1_332' title='bbox 2072 1080 2392 1151; x_wconf 84' lang='grc' dir='ltr'>φραίνονται</span> <span class='ocrx_word' id='word_1_333' title='bbox 2439 1081 2736 1150; x_wconf 82' lang='grc' dir='ltr'><strong>κτήμασιν.</strong></span> <span class='ocrx_word' id='word_1_334' title='bbox 2784 1078 2858 1131; x_wconf 84' lang='grc' dir='ltr'><strong>Σὺ</strong></span> <span class='ocrx_word' id='word_1_335' title='bbox 2907 1075 2964 1129; x_wconf 81' lang='grc' dir='ltr'>δέ</span> <span class='ocrx_word' id='word_1_336' title='bbox 3007 1092 3093 1144; x_wconf 89' lang='grc' dir='ltr'><strong>γε,</strong></span> <span class='ocrx_word' id='word_1_337' title='bbox 3139 1070 3464 1140; x_wconf 85' lang='grc' dir='ltr'>πανεύφημε</span> <span class='ocrx_word' id='word_1_338' title='bbox 3495 1065 3665 1120; x_wconf 82' lang='grc' dir='ltr'>δοῦλε</span> 
     </span>
    </p>
   </div>
   <div class='ocr_carea' id='block_1_53' title="bbox 2072 1157 3668 1243">
    <p class='ocr_par' dir='ltr' id='par_1_53' title="bbox 2072 1157 3668 1243">
     <span class='ocr_line' id='line_1_53' title="bbox 2072 1157 3668 1243; baseline -0.011 -17"><span class='ocrx_word' id='word_1_339' title='bbox 2072 1171 2331 1241; x_wconf 82' lang='grc' dir='ltr'><strong>Χριστοῦ,</strong></span> <span class='ocrx_word' id='word_1_340' title='bbox 2359 1173 2449 1225; x_wconf 74' lang='grc' dir='ltr'><strong>τὸν</strong></span> <span class='ocrx_word' id='word_1_341' title='bbox 2481 1172 2710 1243; x_wconf 82' lang='grc' dir='ltr'>ἀόρατον</span> <span class='ocrx_word' id='word_1_342' title='bbox 2739 1167 2972 1221; x_wconf 79' lang='grc' dir='ltr'><strong>Βασιλέα</strong></span> <span class='ocrx_word' id='word_1_343' title='bbox 3017 1168 3131 1228; x_wconf 77' lang='grc' dir='ltr'>τοῖς</span> <span class='ocrx_word' id='word_1_344' title='bbox 3168 1165 3376 1231; x_wconf 79' lang='grc' dir='ltr'><strong>νοητοῖς</strong></span> <span class='ocrx_word' id='word_1_345' title='bbox 3415 1157 3668 1213; x_wconf 73' lang='grc' dir='ltr'>ἀδιαλείο</span> 
     </span>
    </p>
   </div>
   <div class='ocr_carea' id='block_1_54' title="bbox 2074 1248 3666 1333">
    <p class='ocr_par' dir='ltr' id='par_1_54' title="bbox 2074 1248 3666 1333">
     <span class='ocr_line' id='line_1_54' title="bbox 2074 1248 3666 1333; baseline -0.009 -17"><span class='ocrx_word' id='word_1_346' title='bbox 2074 1279 2223 1327; x_wconf 85' lang='grc' dir='ltr'>πτως</span> <span class='ocrx_word' id='word_1_347' title='bbox 2250 1263 2524 1333; x_wconf 85' lang='grc' dir='ltr'><strong>θεώμενος</strong></span> <span class='ocrx_word' id='word_1_348' title='bbox 2557 1261 2879 1331; x_wconf 84' lang='grc' dir='ltr'><strong>ὀφθαλμοῖς,</strong></span> <span class='ocrx_word' id='word_1_349' title='bbox 2917 1258 3012 1311; x_wconf 74' lang='grc' dir='ltr'><strong>καὶ</strong></span> <span class='ocrx_word' id='word_1_350' title='bbox 3042 1256 3141 1325; x_wconf 90' lang='grc' dir='ltr'><strong>τῆς</strong></span> <span class='ocrx_word' id='word_1_351' title='bbox 3181 1253 3389 1307; x_wconf 76' lang='grc' dir='ltr'>ἐκείνου</span> <span class='ocrx_word' id='word_1_352' title='bbox 3421 1248 3666 1320; x_wconf 75' lang='grc' dir='ltr'>τερπνό-</span> 
     </span>
    </p>
   </div>
   <div class='ocr_carea' id='block_1_55' title="bbox 2071 1343 3667 1426">
    <p class='ocr_par' dir='ltr' id='par_1_55' title="bbox 2071 1343 3667 1426">
     <span class='ocr_line' id='line_1_55' title="bbox 2071 1343 3667 1426; baseline -0.011 -15"><span class='ocrx_word' id='word_1_353' title='bbox 2071 1375 2233 1426; x_wconf 87' lang='grc' dir='ltr'>τητος</span> <span class='ocrx_word' id='word_1_354' title='bbox 2261 1356 2574 1418; x_wconf 84' lang='grc' dir='ltr'>ἀπολαύων,</span> <span class='ocrx_word' id='word_1_355' title='bbox 2615 1354 2709 1408; x_wconf 78' lang='grc' dir='ltr'><strong>καὶ</strong></span> <span class='ocrx_word' id='word_1_356' title='bbox 2737 1351 2816 1423; x_wconf 85' lang='grc' dir='ltr'>τῷ</span> <span class='ocrx_word' id='word_1_357' title='bbox 2845 1349 3202 1419; x_wconf 79' lang='grc' dir='ltr'>ἀδιασπάστῳ</span> <span class='ocrx_word' id='word_1_358' title='bbox 3236 1346 3383 1416; x_wconf 86' lang='grc' dir='ltr'>πόθῳ</span> <span class='ocrx_word' id='word_1_359' title='bbox 3409 1343 3667 1397; x_wconf 86' lang='grc' dir='ltr'>συνδεδε-</span> 
     </span>
    </p>
   </div>
   <div class='ocr_carea' id='block_1_56' title="bbox 2077 1432 3661 1519">
    <p class='ocr_par' dir='ltr' id='par_1_56' title="bbox 2077 1432 3661 1519">
     <span class='ocr_line' id='line_1_56' title="bbox 2077 1432 3661 1519; baseline -0.01 -19"><span class='ocrx_word' id='word_1_360' title='bbox 2077 1449 2236 1519; x_wconf 80' lang='grc' dir='ltr'>μένος</span> <span class='ocrx_word' id='word_1_361' title='bbox 2267 1446 2435 1516; x_wconf 83' lang='grc' dir='ltr'>αὺτῷ,</span> <span class='ocrx_word' id='word_1_362' title='bbox 2473 1446 2647 1499; x_wconf 79' lang='grc' dir='ltr'>ἑλπίδι</span> <span class='ocrx_word' id='word_1_363' title='bbox 2676 1461 2737 1497; x_wconf 88' lang='grc' dir='ltr'><strong>τε</strong></span> <span class='ocrx_word' id='word_1_364' title='bbox 2765 1446 2830 1515; x_wconf 85' lang='grc' dir='ltr'>τῇ</span> <span class='ocrx_word' id='word_1_365' title='bbox 2865 1445 2946 1505; x_wconf 86' lang='grc' dir='ltr'><strong>είς</strong></span> <span class='ocrx_word' id='word_1_366' title='bbox 2982 1440 3141 1495; x_wconf 74' lang='grc' dir='ltr'>αὑτὸν</span> <span class='ocrx_word' id='word_1_367' title='bbox 3173 1437 3507 1510; x_wconf 84' lang='grc' dir='ltr'>τρεφόμενος</span> <span class='ocrx_word' id='word_1_368' title='bbox 3550 1432 3661 1503; x_wconf 79' lang='grc' dir='ltr'><strong>τὴν</strong></span> 
     </span>
    </p>
   </div>
   <div class='ocr_carea' id='block_1_57' title="bbox 2073 1528 3665 1613">
    <p class='ocr_par' dir='ltr' id='par_1_57' title="bbox 2073 1528 3665 1613">
     <span class='ocr_line' id='line_1_57' title="bbox 2073 1528 3665 1613; baseline -0.011 -18"><span class='ocrx_word' id='word_1_369' title='bbox 2073 1543 2272 1613; x_wconf 78' lang='grc' dir='ltr'>ψυχὴν,</span> <span class='ocrx_word' id='word_1_370' title='bbox 2298 1540 2394 1595; x_wconf 73' lang='grc' dir='ltr'><strong>καὶ</strong></span> <span class='ocrx_word' id='word_1_371' title='bbox 2425 1539 2854 1610; x_wconf 81' lang='grc' dir='ltr'>ὲναόρυνόμενος</span> <span class='ocrx_word' id='word_1_372' title='bbox 2884 1539 2950 1607; x_wconf 83' lang='grc' dir='ltr'>τῇ</span> <span class='ocrx_word' id='word_1_373' title='bbox 2977 1533 3278 1606; x_wconf 85' lang='grc' dir='ltr'>ἀμαράντῳ</span> <span class='ocrx_word' id='word_1_374' title='bbox 3311 1529 3526 1599; x_wconf 81' lang='grc' dir='ltr'>ἀγάπῃ,</span> <span class='ocrx_word' id='word_1_375' title='bbox 3559 1528 3665 1579; x_wconf 84' lang='grc' dir='ltr'>εὐ-</span> 
     </span>
    </p>
   </div>
   <div class='ocr_carea' id='block_1_58' title="bbox 2074 1622 3666 1705">
    <p class='ocr_par' dir='ltr' id='par_1_58' title="bbox 2074 1622 3666 1705">
     <span class='ocr_line' id='line_1_58' title="bbox 2074 1622 3666 1705; baseline -0.009 -18"><span class='ocrx_word' id='word_1_376' title='bbox 2074 1637 2194 1705; x_wconf 85' lang='grc' dir='ltr'>χαῖς</span> <span class='ocrx_word' id='word_1_377' title='bbox 2223 1652 2281 1688; x_wconf 90' lang='grc' dir='ltr'><strong>τε</strong></span> <span class='ocrx_word' id='word_1_378' title='bbox 2307 1633 2574 1703; x_wconf 83' lang='grc' dir='ltr'>συνεχέσι,</span> <span class='ocrx_word' id='word_1_379' title='bbox 2601 1632 2696 1685; x_wconf 75' lang='grc' dir='ltr'>καὶ</span> <span class='ocrx_word' id='word_1_380' title='bbox 2719 1629 3060 1702; x_wconf 78' lang='grc' dir='ltr'>ψαλμῳδίαις</span> <span class='ocrx_word' id='word_1_381' title='bbox 3084 1622 3529 1696; x_wconf 67' lang='grc' dir='ltr'>προσκαρτερῶν.</span> <span class='ocrx_word' id='word_1_382' title='bbox 3555 1622 3666 1674; x_wconf 74' lang='grc' dir='ltr'><strong>καὶ</strong></span> 
     </span>
    </p>
   </div>
   <div class='ocr_carea' id='block_1_59' title="bbox 2076 1712 3664 1796">
    <p class='ocr_par' dir='ltr' id='par_1_59' title="bbox 2076 1712 3664 1796">
     <span class='ocr_line' id='line_1_59' title="bbox 2076 1712 3664 1796; baseline -0.009 -18"><span class='ocrx_word' id='word_1_383' title='bbox 2076 1725 2554 1796; x_wconf 79' lang='grc' dir='ltr'>ἑνστερνιζόμενος</span> <span class='ocrx_word' id='word_1_384' title='bbox 2584 1724 2710 1786; x_wconf 79' lang='grc' dir='ltr'>τοὺς</span> <span class='ocrx_word' id='word_1_385' title='bbox 2752 1721 3158 1792; x_wconf 80' lang='grc' dir='ltr'>πνευματικοὺς</span> <span class='ocrx_word' id='word_1_386' title='bbox 3190 1716 3416 1783; x_wconf 79' lang='grc' dir='ltr'>λόγους,</span> <span class='ocrx_word' id='word_1_387' title='bbox 3441 1713 3511 1766; x_wconf 75' lang='grc' dir='ltr'>τὰ</span> <span class='ocrx_word' id='word_1_388' title='bbox 3542 1712 3664 1768; x_wconf 66' lang='grc' dir='ltr'><strong>τῶν</strong></span> 
     </span>
    </p>
   </div>
   <div class='ocr_carea' id='block_1_60' title="bbox 2075 1801 3668 1889">
    <p class='ocr_par' dir='ltr' id='par_1_60' title="bbox 2075 1801 3668 1889">
     <span class='ocr_line' id='line_1_60' title="bbox 2075 1801 3668 1889; baseline -0.011 -19"><span class='ocrx_word' id='word_1_389' title='bbox 2075 1815 2373 1889; x_wconf 81' lang='grc' dir='ltr'><strong>προφητῶν</strong></span> <span class='ocrx_word' id='word_1_390' title='bbox 2409 1814 2608 1884; x_wconf 79' lang='grc' dir='ltr'>ἐκϐοᾷς</span> <span class='ocrx_word' id='word_1_391' title='bbox 2631 1829 2645 1842; x_wconf 94' lang='grc'><strong>·</strong></span> <span class='ocrx_word' id='word_1_392' title='bbox 2684 1829 2704 1864; x_wconf 78' lang='grc' dir='ltr'><strong>ι</strong></span> <span class='ocrx_word' id='word_1_393' title='bbox 2752 1810 3064 1883; x_wconf 80' lang='grc' dir='ltr'>Ἐμνήσθην</span> <span class='ocrx_word' id='word_1_394' title='bbox 3108 1806 3202 1861; x_wconf 92' lang='grc' dir='ltr'><strong>τοῦ</strong></span> <span class='ocrx_word' id='word_1_395' title='bbox 3233 1805 3398 1869; x_wconf 83' lang='grc' dir='ltr'>Θεοῦ,</span> <span class='ocrx_word' id='word_1_396' title='bbox 3433 1802 3528 1856; x_wconf 69' lang='grc' dir='ltr'><strong>καὶ</strong></span> <span class='ocrx_word' id='word_1_397' title='bbox 3552 1801 3668 1870; x_wconf 69' lang='grc' dir='ltr'><strong>ηὑ-</strong></span> 
     </span>
    </p>
   </div>
   <div class='ocr_carea' id='block_1_61' title="bbox 2070 1893 3664 1979">
    <p class='ocr_par' dir='ltr' id='par_1_61' title="bbox 2070 1893 3664 1979">
     <span class='ocr_line' id='line_1_61' title="bbox 2070 1893 3664 1979; baseline -0.013 -17"><span class='ocrx_word' id='word_1_398' title='bbox 2070 1907 2334 1979; x_wconf 84' lang='grc' dir='ltr'>φρὰνθην.</span> <span class='ocrx_word' id='word_1_399' title='bbox 2372 1924 2391 1957; x_wconf 70' lang='grc' dir='ltr'><strong>ι</strong></span> <span class='ocrx_word' id='word_1_400' title='bbox 2417 1906 2559 1958; x_wconf 86' lang='grc' dir='ltr'>Καί·</span> <span class='ocrx_word' id='word_1_401' title='bbox 2596 1923 2615 1956; x_wconf 78' lang='grc' dir='ltr'><strong>ι</strong></span> <span class='ocrx_word' id='word_1_402' title='bbox 2663 1900 3287 1974; x_wconf 84' lang='grc' dir='ltr'>Ὑπερευφρανθήσομαι</span> <span class='ocrx_word' id='word_1_403' title='bbox 3341 1898 3399 1949; x_wconf 81' lang='grc' dir='ltr'>ἐν</span> <span class='ocrx_word' id='word_1_404' title='bbox 3437 1893 3516 1963; x_wconf 82' lang='grc' dir='ltr'>τῷ</span> <span class='ocrx_word' id='word_1_405' title='bbox 3539 1895 3664 1945; x_wconf 83' lang='grc' dir='ltr'>Κυ-</span> 
     </span>
    </p>
   </div>
   <div class='ocr_carea' id='block_1_62' title="bbox 2075 1982 3660 2071">
    <p class='ocr_par' dir='ltr' id='par_1_62' title="bbox 2075 1982 3660 2071">
     <span class='ocr_line' id='line_1_62' title="bbox 2075 1982 3660 2071; baseline -0.012 -19"><span class='ocrx_word' id='word_1_406' title='bbox 2075 1999 2174 2071; x_wconf 86' lang='grc' dir='ltr'>ρίῳ</span> <span class='ocrx_word' id='word_1_407' title='bbox 2210 2015 2336 2069; x_wconf 89' lang='grc' dir='ltr'>μου,</span> <span class='ocrx_word' id='word_1_408' title='bbox 2359 1996 2460 2050; x_wconf 80' lang='grc' dir='ltr'>οὑκ</span> <span class='ocrx_word' id='word_1_409' title='bbox 2489 1993 2756 2048; x_wconf 81' lang='grc' dir='ltr'>ἐκοπίασα</span> <span class='ocrx_word' id='word_1_410' title='bbox 2795 1988 3210 2046; x_wconf 82' lang='grc' dir='ltr'>κατακολουθῶν</span> <span class='ocrx_word' id='word_1_411' title='bbox 3235 1986 3410 2040; x_wconf 82' lang='grc' dir='ltr'>ὀπίσω</span> <span class='ocrx_word' id='word_1_412' title='bbox 3439 1982 3660 2055; x_wconf 78' lang='grc' dir='ltr'>Κυρίου</span> 
     </span>
    </p>
   </div>
   <div class='ocr_carea' id='block_1_63' title="bbox 2074 2074 3658 2159">
    <p class='ocr_par' dir='ltr' id='par_1_63' title="bbox 2074 2074 3658 2159">
     <span class='ocr_line' id='line_1_63' title="bbox 2074 2074 3658 2159; baseline -0.013 -15"><span class='ocrx_word' id='word_1_413' title='bbox 2074 2108 2197 2159; x_wconf 87' lang='grc' dir='ltr'>μου.</span> <span class='ocrx_word' id='word_1_414' title='bbox 2223 2108 2243 2142; x_wconf 74' lang='grc' dir='ltr'><strong>ι</strong></span> <span class='ocrx_word' id='word_1_415' title='bbox 2283 2086 2707 2157; x_wconf 77' lang='grc' dir='ltr'>’Δγαλλιάσομαι</span> <span class='ocrx_word' id='word_1_416' title='bbox 2731 2077 2994 2146; x_wconf 83' lang='grc' dir='ltr'>τοίνυν,ῶ</span> <span class='ocrx_word' id='word_1_417' title='bbox 3016 2078 3364 2152; x_wconf 81' lang='grc' dir='ltr'>φιλάνθρωπε</span> <span class='ocrx_word' id='word_1_418' title='bbox 3383 2074 3658 2134; x_wconf 75' lang='grc' dir='ltr'>Δέσποτα,</span> 
     </span>
    </p>
   </div>
   <div class='ocr_carea' id='block_1_64' title="bbox 2069 2166 3656 2248">
    <p class='ocr_par' dir='ltr' id='par_1_64' title="bbox 2069 2166 3656 2248">
     <span class='ocr_line' id='line_1_64' title="bbox 2069 2166 3656 2248; baseline -0.011 -14"><span class='ocrx_word' id='word_1_419' title='bbox 2069 2183 2166 2236; x_wconf 74' lang='grc' dir='ltr'><strong>ἐπὶ</strong></span> <span class='ocrx_word' id='word_1_420' title='bbox 2207 2184 2319 2244; x_wconf 79' lang='grc' dir='ltr'>τοῖς</span> <span class='ocrx_word' id='word_1_421' title='bbox 2362 2179 2541 2248; x_wconf 77' lang='grc' dir='ltr'>λόγοις</span> <span class='ocrx_word' id='word_1_422' title='bbox 2571 2194 2687 2240; x_wconf 91' lang='grc' dir='ltr'>σου,</span> <span class='ocrx_word' id='word_1_423' title='bbox 2738 2175 2994 2246; x_wconf 83' lang='grc' dir='ltr'>καθάπερ</span> <span class='ocrx_word' id='word_1_424' title='bbox 3039 2174 3068 2226; x_wconf 98' lang='lat'><strong>6</strong></span> <span class='ocrx_word' id='word_1_425' title='bbox 3103 2168 3356 2243; x_wconf 81' lang='grc' dir='ltr'>εὑρηκὼς</span> <span class='ocrx_word' id='word_1_426' title='bbox 3393 2166 3656 2227; x_wconf 78' lang='grc' dir='ltr'>πλοῦτον,</span> 
     </span>
    </p>
   </div>
   <div class='ocr_carea' id='block_1_65' title="bbox 2071 2257 3656 2337">
    <p class='ocr_par' dir='ltr' id='par_1_65' title="bbox 2071 2257 3656 2337">
     <span class='ocr_line' id='line_1_65' title="bbox 2071 2257 3656 2337; baseline -0.013 -7"><span class='ocrx_word' id='word_1_427' title='bbox 2071 2276 2166 2331; x_wconf 79' lang='grc' dir='ltr'><strong>καὶ</strong></span> <span class='ocrx_word' id='word_1_428' title='bbox 2199 2274 2374 2329; x_wconf 88' lang='grc' dir='ltr'>σκύλα</span> <span class='ocrx_word' id='word_1_429' title='bbox 2409 2271 2597 2326; x_wconf 82' lang='grc' dir='ltr'>πολλά.</span> <span class='ocrx_word' id='word_1_430' title='bbox 2633 2268 2724 2323; x_wconf 72' lang='grc' dir='ltr'><strong>Διὸ</strong></span> <span class='ocrx_word' id='word_1_431' title='bbox 2760 2263 3220 2337; x_wconf 85' lang='grc' dir='ltr'>ἀνταποκρίνεταί</span> <span class='ocrx_word' id='word_1_432' title='bbox 3256 2279 3339 2316; x_wconf 89' lang='grc' dir='ltr'><strong>σοι</strong></span> <span class='ocrx_word' id='word_1_433' title='bbox 3378 2259 3408 2312; x_wconf 95' lang='lat'><strong>6</strong></span> <span class='ocrx_word' id='word_1_434' title='bbox 3433 2257 3656 2327; x_wconf 73' lang='grc' dir='ltr'>Σωτὴρ,</span> 
     </span>
    </p>
   </div>
   <div class='ocr_carea' id='block_1_66' title="bbox 2070 2351 3659 2434">
    <p class='ocr_par' dir='ltr' id='par_1_66' title="bbox 2070 2351 3659 2434">
     <span class='ocr_line' id='line_1_66' title="bbox 2070 2351 3659 2434; baseline -0.013 -13"><span class='ocrx_word' id='word_1_435' title='bbox 2070 2368 2164 2420; x_wconf 76' lang='grc' dir='ltr'><strong>καὶ</strong></span> <span class='ocrx_word' id='word_1_436' title='bbox 2182 2366 2426 2434; x_wconf 79' lang='grc' dir='ltr'>Κτίστης</span> <span class='ocrx_word' id='word_1_437' title='bbox 2445 2363 2552 2416; x_wconf 86' lang='grc' dir='ltr'><strong>τῶν</strong></span> <span class='ocrx_word' id='word_1_438' title='bbox 2578 2361 2852 2423; x_wconf 80' lang='grc' dir='ltr'>ἁπάντων,</span> <span class='ocrx_word' id='word_1_439' title='bbox 2881 2360 3072 2427; x_wconf 73' lang='grc' dir='ltr'>ὅτιπερ</span> <span class='ocrx_word' id='word_1_440' title='bbox 3093 2355 3191 2427; x_wconf 79' lang='grc' dir='ltr'><strong>τὴν</strong></span> <span class='ocrx_word' id='word_1_441' title='bbox 3209 2354 3382 2426; x_wconf 85' lang='grc' dir='ltr'>χαράν</span> <span class='ocrx_word' id='word_1_442' title='bbox 3412 2368 3528 2415; x_wconf 93' lang='grc' dir='ltr'>σου,</span> <span class='ocrx_word' id='word_1_443' title='bbox 3559 2351 3659 2402; x_wconf 80' lang='grc' dir='ltr'>καὶ</span> 
     </span>
    </p>
   </div>
   <div class='ocr_carea' id='block_1_67' title="bbox 2068 2441 3658 2530">
    <p class='ocr_par' dir='ltr' id='par_1_67' title="bbox 2068 2441 3658 2530">
     <span class='ocr_line' id='line_1_67' title="bbox 2068 2441 3658 2530; baseline -0.012 -17"><span class='ocrx_word' id='word_1_444' title='bbox 2068 2458 2167 2530; x_wconf 79' lang='grc' dir='ltr'>τὴν</span> <span class='ocrx_word' id='word_1_445' title='bbox 2198 2455 2518 2525; x_wconf 85' lang='grc' dir='ltr'>ἀγαλλίασιν</span> <span class='ocrx_word' id='word_1_446' title='bbox 2545 2451 2717 2514; x_wconf 69' lang='grc' dir='ltr'>οὐδεὶς</span> <span class='ocrx_word' id='word_1_447' title='bbox 2741 2448 3082 2520; x_wconf 82' lang='grc' dir='ltr'>ἀποσυλῆσαι</span> <span class='ocrx_word' id='word_1_448' title='bbox 3113 2447 3419 2516; x_wconf 82' lang='grc' dir='ltr'>δυνήσεται.</span> <span class='ocrx_word' id='word_1_449' title='bbox 3458 2441 3658 2512; x_wconf 78' lang='grc' dir='ltr'>Μαρία</span> 
     </span>
    </p>
   </div>
   <div class='ocr_carea' id='block_1_68' title="bbox 2070 2534 3659 2620">
    <p class='ocr_par' dir='ltr' id='par_1_68' title="bbox 2070 2534 3659 2620">
     <span class='ocr_line' id='line_1_68' title="bbox 2070 2534 3659 2620; baseline -0.012 -17"><span class='ocrx_word' id='word_1_450' title='bbox 2070 2551 2180 2620; x_wconf 82' lang='grc' dir='ltr'>γὰρ</span> <span class='ocrx_word' id='word_1_451' title='bbox 2205 2549 2304 2619; x_wconf 79' lang='grc' dir='ltr'>τὴν</span> <span class='ocrx_word' id='word_1_452' title='bbox 2343 2545 2554 2616; x_wconf 82' lang='grc' dir='ltr'>ἀγαθὴν</span> <span class='ocrx_word' id='word_1_453' title='bbox 2595 2543 2915 2609; x_wconf 81' lang='grc' dir='ltr'>ἐξελέξατο,</span> <span class='ocrx_word' id='word_1_454' title='bbox 2947 2540 3055 2594; x_wconf 91' lang='grc' dir='ltr'><strong>τῶν</strong></span> <span class='ocrx_word' id='word_1_455' title='bbox 3103 2538 3262 2592; x_wconf 82' lang='grc' dir='ltr'>θείων</span> <span class='ocrx_word' id='word_1_456' title='bbox 3310 2534 3659 2606; x_wconf 80' lang='grc' dir='ltr'>μαθημάτων</span> 
     </span>
    </p>
   </div>
   <div class='ocr_carea' id='block_1_69' title="bbox 2069 2626 3658 2711">
    <p class='ocr_par' dir='ltr' id='par_1_69' title="bbox 2069 2626 3658 2711">
     <span class='ocr_line' id='line_1_69' title="bbox 2069 2626 3658 2711; baseline -0.015 -12"><span class='ocrx_word' id='word_1_457' title='bbox 2069 2641 2297 2711; x_wconf 84' lang='grc' dir='ltr'>ἀειθαλῆ</span> <span class='ocrx_word' id='word_1_458' title='bbox 2331 2639 2546 2710; x_wconf 87' lang='grc' dir='ltr'>μερίδα.</span> <span class='ocrx_word' id='word_1_459' title='bbox 2585 2636 2801 2706; x_wconf 84' lang='grc' dir='ltr'>Ἐπειδὴ</span> <span class='ocrx_word' id='word_1_460' title='bbox 2830 2631 2922 2686; x_wconf 81' lang='grc' dir='ltr'><strong>οὖν</strong></span> <span class='ocrx_word' id='word_1_461' title='bbox 2947 2632 2996 2685; x_wconf 83' lang='grc' dir='ltr'><strong>οἱ</strong></span> <span class='ocrx_word' id='word_1_462' title='bbox 3024 2631 3174 2698; x_wconf 82' lang='grc' dir='ltr'>λόγοι</span> <span class='ocrx_word' id='word_1_463' title='bbox 3205 2645 3307 2699; x_wconf 91' lang='grc' dir='ltr'><strong>μου</strong></span> <span class='ocrx_word' id='word_1_464' title='bbox 3331 2628 3390 2679; x_wconf 83' lang='grc' dir='ltr'>ὲν</span> <span class='ocrx_word' id='word_1_465' title='bbox 3429 2626 3511 2678; x_wconf 74' lang='grc' dir='ltr'>σοὶ</span> <span class='ocrx_word' id='word_1_466' title='bbox 3547 2641 3658 2677; x_wconf 86' lang='grc' dir='ltr'>κα-</span> 
     </span>
    </p>
   </div>
   <div class='ocr_carea' id='block_1_70' title="bbox 2069 2715 3663 2799">
    <p class='ocr_par' dir='ltr' id='par_1_70' title="bbox 2069 2715 3663 2799">
     <span class='ocr_line' id='line_1_70' title="bbox 2069 2715 3663 2799; baseline -0.012 -15"><span class='ocrx_word' id='word_1_467' title='bbox 2069 2727 2436 2799; x_wconf 81' lang='grc' dir='ltr'>τασκηνοῦσι,</span> <span class='ocrx_word' id='word_1_468' title='bbox 2467 2726 2630 2797; x_wconf 73' lang='grc' dir='ltr'><strong>μνείᾳ⁴</strong></span> <span class='ocrx_word' id='word_1_469' title='bbox 2663 2721 3047 2796; x_wconf 84' lang='grc' dir='ltr'>μνησθήσομαί</span> <span class='ocrx_word' id='word_1_470' title='bbox 3085 2738 3179 2773; x_wconf 88' lang='grc' dir='ltr'><strong>σου</strong></span> <span class='ocrx_word' id='word_1_471' title='bbox 3214 2721 3273 2772; x_wconf 83' lang='grc' dir='ltr'><strong>ὲν</strong></span> <span class='ocrx_word' id='word_1_472' title='bbox 3303 2720 3368 2789; x_wconf 83' lang='grc' dir='ltr'>τῇ</span> <span class='ocrx_word' id='word_1_473' title='bbox 3405 2715 3663 2786; x_wconf 80' lang='grc' dir='ltr'>βασιλείᾳ</span> 
     </span>
    </p>
   </div>
   <div class='ocr_carea' id='block_1_71' title="bbox 2076 2808 3660 2897">
    <p class='ocr_par' dir='ltr' id='par_1_71' title="bbox 2076 2808 3660 2897">
     <span class='ocr_line' id='line_1_71' title="bbox 2076 2808 3660 2897; baseline -0.012 -18"><span class='ocrx_word' id='word_1_474' title='bbox 2076 2843 2197 2897; x_wconf 88' lang='grc' dir='ltr'>μου.</span> <span class='ocrx_word' id='word_1_475' title='bbox 2226 2823 2369 2876; x_wconf 89' lang='grc' dir='ltr'>Καί·</span> <span class='ocrx_word' id='word_1_476' title='bbox 2407 2839 2426 2873; x_wconf 80' lang='grc' dir='ltr'><strong>ι</strong></span> <span class='ocrx_word' id='word_1_477' title='bbox 2466 2817 2748 2891; x_wconf 85' lang='grc' dir='ltr'>Μηδαμῶς</span> <span class='ocrx_word' id='word_1_478' title='bbox 2783 2815 3046 2886; x_wconf 77' lang='grc' dir='ltr'>φοϐηθῇς,</span> <span class='ocrx_word' id='word_1_479' title='bbox 3089 2812 3226 2884; x_wconf 84' lang='grc' dir='ltr'>μετὰ</span> <span class='ocrx_word' id='word_1_480' title='bbox 3264 2810 3357 2865; x_wconf 92' lang='grc' dir='ltr'><strong>σοῦ</strong></span> <span class='ocrx_word' id='word_1_481' title='bbox 3391 2809 3500 2880; x_wconf 85' lang='grc' dir='ltr'>γὰρ</span> <span class='ocrx_word' id='word_1_482' title='bbox 3531 2808 3660 2861; x_wconf 77' lang='grc' dir='ltr'>ἔσο-</span> 
     </span>
    </p>
   </div>
   <div class='ocr_carea' id='block_1_72' title="bbox 2077 2900 3659 2984">
    <p class='ocr_par' dir='ltr' id='par_1_72' title="bbox 2077 2900 3659 2984">
     <span class='ocr_line' id='line_1_72' title="bbox 2077 2900 3659 2984; baseline -0.013 -15"><span class='ocrx_word' id='word_1_483' title='bbox 2077 2933 2176 2984; x_wconf 90' lang='grc' dir='ltr'><strong>μαι</strong></span> <span class='ocrx_word' id='word_1_484' title='bbox 2213 2913 2301 2968; x_wconf 85' lang='grc' dir='ltr'>διὰ</span> <span class='ocrx_word' id='word_1_485' title='bbox 2319 2911 2542 2975; x_wconf 78' lang='grc' dir='ltr'>παντὸς,</span> <span class='ocrx_word' id='word_1_486' title='bbox 2577 2929 2596 2964; x_wconf 73' lang='grc' dir='ltr'><strong>ι</strong></span> <span class='ocrx_word' id='word_1_487' title='bbox 2628 2910 2692 2963; x_wconf 83' lang='grc' dir='ltr'><strong>ὲκ</strong></span> <span class='ocrx_word' id='word_1_488' title='bbox 2720 2910 2902 2978; x_wconf 78' lang='grc' dir='ltr'>πάσης</span> <span class='ocrx_word' id='word_1_489' title='bbox 2925 2923 2984 2958; x_wconf 89' lang='grc' dir='ltr'><strong>σε</strong></span> <span class='ocrx_word' id='word_1_490' title='bbox 3010 2903 3370 2973; x_wconf 83' lang='grc' dir='ltr'>λυτρούμενος</span> <span class='ocrx_word' id='word_1_491' title='bbox 3393 2900 3659 2968; x_wconf 74' lang='grc' dir='ltr'>θλίψεως,</span> 
     </span>
    </p>
   </div>
   <div class='ocr_carea' id='block_1_73' title="bbox 2076 2990 3472 3075">
    <p class='ocr_par' dir='ltr' id='par_1_73' title="bbox 2076 2990 3472 3075">
     <span class='ocr_line' id='line_1_73' title="bbox 2076 2990 3472 3075; baseline -0.012 -16"><span class='ocrx_word' id='word_1_492' title='bbox 2076 3006 2173 3059; x_wconf 67' lang='grc' dir='ltr'>καὶ</span> <span class='ocrx_word' id='word_1_493' title='bbox 2199 3001 2523 3075; x_wconf 76' lang='grc' dir='ltr'>ἐξαρπάζων</span> <span class='ocrx_word' id='word_1_494' title='bbox 2552 2999 2617 3052; x_wconf 86' lang='grc' dir='ltr'>ὲκ</span> <span class='ocrx_word' id='word_1_495' title='bbox 2643 2997 2824 3069; x_wconf 69' lang='grc' dir='ltr'>χειρὸς</span> <span class='ocrx_word' id='word_1_496' title='bbox 2857 2994 2965 3048; x_wconf 91' lang='grc' dir='ltr'><strong>τῶν</strong></span> <span class='ocrx_word' id='word_1_497' title='bbox 2995 2990 3472 3046; x_wconf 78' lang='grc' dir='ltr'>ἐπιϐουλευόντων.</span> 
     </span>
    </p>
   </div>
   <div class='ocr_carea' id='block_1_74' title="bbox 2369 3105 3349 3177">
    <p class='ocr_par' dir='ltr' id='par_1_74' title="bbox 2369 3105 3349 3177">
     <span class='ocr_line' id='line_1_74' title="bbox 2369 3105 3349 3177; baseline -0.01 -8"><span class='ocrx_word' id='word_1_498' title='bbox 2369 3115 2505 3170; x_wconf 82' lang='lat' dir='ltr'><strong>MB’.</strong></span> <span class='ocrx_word' id='word_1_499' title='bbox 2527 3143 2599 3154; x_wconf 90' lang='lat'><strong><em>—-</em></strong></span> <span class='ocrx_word' id='word_1_500' title='bbox 2625 3109 3013 3166; x_wconf 85' lang='grc' dir='ltr'><strong>ΧΡΥΣΕΡΩΤῙ</strong></span> <span class='ocrx_word' id='word_1_501' title='bbox 3038 3105 3349 3177; x_wconf 79' lang='grc' dir='ltr'><strong>ΣΟΦΙΣΤῌ.</strong></span> 
     </span>
    </p>
   </div>
   <div class='ocr_carea' id='block_1_75' title="bbox 2140 3216 3660 3296">
    <p class='ocr_par' dir='ltr' id='par_1_75' title="bbox 2140 3216 3660 3296">
     <span class='ocr_line' id='line_1_75' title="bbox 2140 3216 3660 3296; baseline -0.012 -12"><span class='ocrx_word' id='word_1_502' title='bbox 2140 3231 2204 3284; x_wconf 75' lang='lat' dir='ltr'><strong>El</strong></span> <span class='ocrx_word' id='word_1_503' title='bbox 2235 3231 2264 3282; x_wconf 92' lang='lat'><strong>6</strong></span> <span class='ocrx_word' id='word_1_504' title='bbox 2287 3225 2734 3296; x_wconf 86' lang='grc' dir='ltr'>πολυφωνότατος</span> <span class='ocrx_word' id='word_1_505' title='bbox 2755 3221 2850 3276; x_wconf 89' lang='grc' dir='ltr'><strong>τοῦ</strong></span> <span class='ocrx_word' id='word_1_506' title='bbox 2884 3220 3220 3283; x_wconf 83' lang='grc' dir='ltr'>Ἀπόλλωνος</span> <span class='ocrx_word' id='word_1_507' title='bbox 3239 3217 3468 3290; x_wconf 88' lang='grc' dir='ltr'>τρίπους</span> <span class='ocrx_word' id='word_1_508' title='bbox 3494 3216 3660 3285; x_wconf 77' lang='grc' dir='ltr'>σιγᾷν</span> 
     </span>
    </p>
   </div>
   <div class='ocr_carea' id='block_1_76' title="bbox 2072 3305 3658 3394">
    <p class='ocr_par' dir='ltr' id='par_1_76' title="bbox 2072 3305 3658 3394">
     <span class='ocr_line' id='line_1_76' title="bbox 2072 3305 3658 3394; baseline -0.011 -19"><span class='ocrx_word' id='word_1_509' title='bbox 2072 3318 2552 3394; x_wconf 82' lang='grc' dir='ltr'>προστεταγμένος</span> <span class='ocrx_word' id='word_1_510' title='bbox 2601 3315 2689 3369; x_wconf 78' lang='grc' dir='ltr'>διὰ</span> <span class='ocrx_word' id='word_1_511' title='bbox 2740 3314 2842 3384; x_wconf 86' lang='grc' dir='ltr'><strong>τῆς</strong></span> <span class='ocrx_word' id='word_1_512' title='bbox 2891 3311 3161 3382; x_wconf 82' lang='grc' dir='ltr'>ὲνσάρκου</span> <span class='ocrx_word' id='word_1_513' title='bbox 3214 3307 3519 3378; x_wconf 86' lang='grc' dir='ltr'>παρουσίας</span> <span class='ocrx_word' id='word_1_514' title='bbox 3555 3305 3658 3358; x_wconf 81' lang='grc' dir='ltr'><strong>τοῦ</strong></span> 
     </span>
    </p>
   </div>
   <div class='ocr_carea' id='block_1_77' title="bbox 2073 3397 3661 3477">
    <p class='ocr_par' dir='ltr' id='par_1_77' title="bbox 2073 3397 3661 3477">
     <span class='ocr_line' id='line_1_77' title="bbox 2073 3397 3661 3477; baseline -0.013 -9"><span class='ocrx_word' id='word_1_515' title='bbox 2073 3415 2289 3467; x_wconf 82' lang='grc' dir='ltr'>πάντων</span> <span class='ocrx_word' id='word_1_516' title='bbox 2317 3408 2589 3463; x_wconf 84' lang='grc' dir='ltr'>Δεσπότου</span> <span class='ocrx_word' id='word_1_517' title='bbox 2637 3404 2876 3477; x_wconf 82' lang='grc' dir='ltr'>Χριστοῦ</span> <span class='ocrx_word' id='word_1_518' title='bbox 2907 3403 3057 3475; x_wconf 86' lang='grc' dir='ltr'><strong>παρά</strong></span> <span class='ocrx_word' id='word_1_519' title='bbox 3093 3402 3192 3472; x_wconf 83' lang='grc' dir='ltr'>τὴν</span> <span class='ocrx_word' id='word_1_520' title='bbox 3238 3399 3346 3452; x_wconf 89' lang='grc' dir='ltr'><strong>τῶν</strong></span> <span class='ocrx_word' id='word_1_521' title='bbox 3384 3397 3661 3468; x_wconf 84' lang='grc' dir='ltr'>Ἐλλήνων</span> 
     </span>
    </p>
   </div>
   <div class='ocr_carea' id='block_1_78' title="bbox 2073 3489 3660 3576">
    <p class='ocr_par' dir='ltr' id='par_1_78' title="bbox 2073 3489 3660 3576">
     <span class='ocr_line' id='line_1_78' title="bbox 2073 3489 3660 3576; baseline -0.01 -18"><span class='ocrx_word' id='word_1_522' title='bbox 2073 3503 2406 3576; x_wconf 87' lang='grc' dir='ltr'>προσδοκίαν</span> <span class='ocrx_word' id='word_1_523' title='bbox 2436 3498 2757 3570; x_wconf 86' lang='grc' dir='ltr'>πρεπόντως</span> <span class='ocrx_word' id='word_1_524' title='bbox 2787 3495 3128 3565; x_wconf 84' lang='grc' dir='ltr'>πεφίμωται,</span> <span class='ocrx_word' id='word_1_525' title='bbox 3179 3489 3366 3554; x_wconf 88' lang='grc' dir='ltr'>καθὼς</span> <span class='ocrx_word' id='word_1_526' title='bbox 3413 3491 3660 3551; x_wconf 76' lang='grc' dir='ltr'>ἅπαντες</span> 
     </span>
    </p>
   </div>
   <div class='ocr_carea' id='block_1_79' title="bbox 2073 3581 3660 3664">
    <p class='ocr_par' dir='ltr' id='par_1_79' title="bbox 2073 3581 3660 3664">
     <span class='ocr_line' id='line_1_79' title="bbox 2073 3581 3660 3664; baseline -0.01 -17"><span class='ocrx_word' id='word_1_527' title='bbox 2073 3596 2122 3647; x_wconf 75' lang='grc' dir='ltr'>οἱ</span> <span class='ocrx_word' id='word_1_528' title='bbox 2155 3593 2253 3664; x_wconf 82' lang='grc' dir='ltr'>τὴν</span> <span class='ocrx_word' id='word_1_529' title='bbox 2282 3591 2373 3661; x_wconf 80' lang='grc' dir='ltr'>ὑφ’</span> <span class='ocrx_word' id='word_1_530' title='bbox 2419 3590 2553 3661; x_wconf 81' lang='grc' dir='ltr'>ἡλίῳ</span> <span class='ocrx_word' id='word_1_531' title='bbox 2598 3587 2889 3658; x_wconf 88' lang='grc' dir='ltr'>νεμόμενοι</span> <span class='ocrx_word' id='word_1_532' title='bbox 2924 3585 3233 3655; x_wconf 86' lang='grc' dir='ltr'>βλέπουσιν,</span> <span class='ocrx_word' id='word_1_533' title='bbox 3282 3581 3428 3644; x_wconf 89' lang='grc' dir='ltr'>τίνος</span> <span class='ocrx_word' id='word_1_534' title='bbox 3464 3581 3660 3633; x_wconf 73' lang='grc' dir='ltr'>ἕνεκεν</span> 
     </span>
    </p>
   </div>
   <div class='ocr_carea' id='block_1_80' title="bbox 2075 3670 3663 3752">
    <p class='ocr_par' dir='ltr' id='par_1_80' title="bbox 2075 3670 3663 3752">
     <span class='ocr_line' id='line_1_80' title="bbox 2075 3670 3663 3752; baseline -0.012 -12"><span class='ocrx_word' id='word_1_535' title='bbox 2075 3686 2238 3748; x_wconf 81' lang='grc' dir='ltr'>αὐτὸς</span> <span class='ocrx_word' id='word_1_536' title='bbox 2263 3680 2623 3752; x_wconf 81' lang='grc' dir='ltr'>ὲντραπῆναι,</span> <span class='ocrx_word' id='word_1_537' title='bbox 2649 3678 2682 3749; x_wconf 80' lang='grc' dir='ltr'>ἢ</span> <span class='ocrx_word' id='word_1_538' title='bbox 2703 3676 3059 3748; x_wconf 78' lang='grc' dir='ltr'>αἰσχυνθῆναι</span> <span class='ocrx_word' id='word_1_539' title='bbox 3086 3675 3148 3728; x_wconf 84' lang='grc' dir='ltr'><strong>ού</strong></span> <span class='ocrx_word' id='word_1_540' title='bbox 3173 3673 3371 3745; x_wconf 84' lang='grc' dir='ltr'>βούλει,</span> <span class='ocrx_word' id='word_1_541' title='bbox 3393 3672 3485 3724; x_wconf 84' lang='grc' dir='ltr'><strong>τὸν</strong></span> <span class='ocrx_word' id='word_1_542' title='bbox 3512 3670 3663 3739; x_wconf 81' lang='grc' dir='ltr'>ὑπὲρ</span> 
     </span>
    </p>
   </div>
   <div class='ocr_carea' id='block_1_81' title="bbox 2074 3762 3661 3843">
    <p class='ocr_par' dir='ltr' id='par_1_81' title="bbox 2074 3762 3661 3843">
     <span class='ocr_line' id='line_1_81' title="bbox 2074 3762 3661 3843; baseline -0.01 -13"><span class='ocrx_word' id='word_1_543' title='bbox 2074 3777 2181 3830; x_wconf 89' lang='grc' dir='ltr'><strong>τῶν</strong></span> <span class='ocrx_word' id='word_1_544' title='bbox 2209 3773 2530 3843; x_wconf 78' lang='grc' dir='ltr'>ἀλογίστων,</span> <span class='ocrx_word' id='word_1_545' title='bbox 2558 3771 2652 3826; x_wconf 79' lang='grc' dir='ltr'><strong>καὶ</strong></span> <span class='ocrx_word' id='word_1_546' title='bbox 2673 3769 2981 3824; x_wconf 89' lang='grc' dir='ltr'>παναθλίων</span> <span class='ocrx_word' id='word_1_547' title='bbox 3009 3767 3147 3820; x_wconf 83' lang='grc' dir='ltr'>θεῶν</span> <span class='ocrx_word' id='word_1_548' title='bbox 3169 3783 3262 3819; x_wconf 92' lang='grc' dir='ltr'><strong>σου</strong></span> <span class='ocrx_word' id='word_1_549' title='bbox 3289 3765 3445 3832; x_wconf 88' lang='grc' dir='ltr'>λόγον</span> <span class='ocrx_word' id='word_1_550' title='bbox 3471 3762 3661 3816; x_wconf 86' lang='grc' dir='ltr'>ποιού-</span> 
     </span>
    </p>
   </div>
   <div class='ocr_carea' id='block_1_82' title="bbox 2079 3855 3662 3938">
    <p class='ocr_par' dir='ltr' id='par_1_82' title="bbox 2079 3855 3662 3938">
     <span class='ocr_line' id='line_1_82' title="bbox 2079 3855 3662 3938; baseline -0.01 -17"><span class='ocrx_word' id='word_1_551' title='bbox 2079 3884 2261 3938; x_wconf 90' lang='grc' dir='ltr'>μενος,</span> <span class='ocrx_word' id='word_1_552' title='bbox 2315 3866 2409 3918; x_wconf 74' lang='grc' dir='ltr'>καὶ</span> <span class='ocrx_word' id='word_1_553' title='bbox 2457 3860 2906 3931; x_wconf 72' lang='grc' dir='ltr'>ἀντιποιούμενος</span> <span class='ocrx_word' id='word_1_554' title='bbox 2956 3860 3056 3930; x_wconf 82' lang='grc' dir='ltr'><strong>τῆς</strong></span> <span class='ocrx_word' id='word_1_555' title='bbox 3106 3857 3356 3920; x_wconf 83' lang='grc' dir='ltr'>ἀτοπίας,</span> <span class='ocrx_word' id='word_1_556' title='bbox 3408 3855 3507 3908; x_wconf 74' lang='grc' dir='ltr'><strong>καὶ</strong></span> <span class='ocrx_word' id='word_1_557' title='bbox 3552 3855 3662 3921; x_wconf 76' lang='grc' dir='ltr'><strong>τῆς</strong></span> 
     </span>
    </p>
   </div>
   <div class='ocr_carea' id='block_1_83' title="bbox 2075 3946 3660 4029">
    <p class='ocr_par' dir='ltr' id='par_1_83' title="bbox 2075 3946 3660 4029">
     <span class='ocr_line' id='line_1_83' title="bbox 2075 3946 3660 4029; baseline -0.01 -15"><span class='ocrx_word' id='word_1_558' title='bbox 2075 3958 2471 4029; x_wconf 88' lang='grc' dir='ltr'>ἀπροσωπίας;</span> <span class='ocrx_word' id='word_1_559' title='bbox 2517 3954 2658 4009; x_wconf 81' lang='grc' dir='ltr'>Ἀλλ’</span> <span class='ocrx_word' id='word_1_560' title='bbox 2692 3952 2851 4024; x_wconf 82' lang='grc' dir='ltr'>είπερ</span> <span class='ocrx_word' id='word_1_561' title='bbox 2882 3953 3006 4023; x_wconf 69' lang='grc' dir='ltr'>ἐμοὶ</span> <span class='ocrx_word' id='word_1_562' title='bbox 3037 3950 3323 4020; x_wconf 88' lang='grc' dir='ltr'>πεισθῆναι</span> <span class='ocrx_word' id='word_1_563' title='bbox 3345 3946 3660 4018; x_wconf 82' lang='grc' dir='ltr'>θελήσειας,</span> 
     </span>
    </p>
   </div>
   <div class='ocr_carea' id='block_1_84' title="bbox 2079 4039 3661 4122">
    <p class='ocr_par' dir='ltr' id='par_1_84' title="bbox 2079 4039 3661 4122">
     <span class='ocr_line' id='line_1_84' title="bbox 2079 4039 3661 4122; baseline -0.009 -16"><span class='ocrx_word' id='word_1_564' title='bbox 2079 4052 2279 4122; x_wconf 78' lang='grc' dir='ltr'>μᾶλλον</span> <span class='ocrx_word' id='word_1_565' title='bbox 2310 4047 2742 4120; x_wconf 81' lang='grc' dir='ltr'>εὐπροσωπῆσαι</span> <span class='ocrx_word' id='word_1_566' title='bbox 2776 4045 2876 4115; x_wconf 78' lang='grc' dir='ltr'>τὴν</span> <span class='ocrx_word' id='word_1_567' title='bbox 2920 4043 3163 4112; x_wconf 83' lang='grc' dir='ltr'>ἀφωνίαν</span> <span class='ocrx_word' id='word_1_568' title='bbox 3213 4040 3415 4112; x_wconf 78' lang='grc' dir='ltr'>μᾶλλον</span> <span class='ocrx_word' id='word_1_569' title='bbox 3451 4039 3661 4110; x_wconf 78' lang='grc' dir='ltr'>ἀρτίως</span> 
     </span>
    </p>
   </div>
   <div class='ocr_carea' id='block_1_85' title="bbox 2077 4136 3049 4213">
    <p class='ocr_par' dir='ltr' id='par_1_85' title="bbox 2077 4136 3049 4213">
     <span class='ocr_line' id='line_1_85' title="bbox 2077 4136 3049 4213; baseline -0.009 -18"><span class='ocrx_word' id='word_1_570' title='bbox 2077 4143 2341 4213; x_wconf 74' lang='grc' dir='ltr'>ζηλώσεις</span> <span class='ocrx_word' id='word_1_571' title='bbox 2368 4140 2463 4193; x_wconf 90' lang='grc' dir='ltr'><strong>τοῦ</strong></span> <span class='ocrx_word' id='word_1_572' title='bbox 2491 4138 2753 4211; x_wconf 84' lang='grc' dir='ltr'>μαντικοῦ</span> <span class='ocrx_word' id='word_1_573' title='bbox 2774 4136 3049 4208; x_wconf 82' lang='grc' dir='ltr'>τρίποδος.</span> 
     </span>
    </p>
   </div>
   <div class='ocr_carea' id='block_1_86' title="bbox 2391 4246 3336 4319">
    <p class='ocr_par' dir='ltr' id='par_1_86' title="bbox 2391 4246 3336 4319">
     <span class='ocr_line' id='line_1_86' title="bbox 2391 4246 3336 4319; baseline -0.008 -11"><span class='ocrx_word' id='word_1_574' title='bbox 2391 4255 2525 4308; x_wconf 79' lang='lat' dir='ltr'><strong>Ml&quot;.</strong></span> <span class='ocrx_word' id='word_1_575' title='bbox 2555 4281 2627 4294; x_wconf 88' lang='grc'><strong><em>-</em></strong></span> <span class='ocrx_word' id='word_1_576' title='bbox 2653 4249 2994 4319; x_wconf 80' lang='grc' dir='ltr'><strong>ΦΑΥΣΤΙΝῼ</strong></span> <span class='ocrx_word' id='word_1_577' title='bbox 3026 4246 3336 4316; x_wconf 76' lang='grc' dir='ltr'><strong>ΜΟΝΑΧῼ.</strong></span> 
     </span>
    </p>
   </div>
   <div class='ocr_carea' id='block_1_87' title="bbox 2149 4355 3659 4439">
    <p class='ocr_par' dir='ltr' id='par_1_87' title="bbox 2149 4355 3659 4439">
     <span class='ocr_line' id='line_1_87' title="bbox 2149 4355 3659 4439; baseline -0.002 -18"><span class='ocrx_word' id='word_1_578' title='bbox 2149 4369 2215 4421; x_wconf 85' lang='grc' dir='ltr'><strong>Τί</strong></span> <span class='ocrx_word' id='word_1_579' title='bbox 2252 4366 2446 4439; x_wconf 78' lang='grc' dir='ltr'>θλί6ῃ;</span> <span class='ocrx_word' id='word_1_580' title='bbox 2479 4366 2533 4418; x_wconf 88' lang='grc' dir='ltr'><strong>τί</strong></span> <span class='ocrx_word' id='word_1_581' title='bbox 2565 4365 2788 4431; x_wconf 84' lang='grc' dir='ltr'>ἀλύεις;</span> <span class='ocrx_word' id='word_1_582' title='bbox 2818 4362 2870 4415; x_wconf 89' lang='grc' dir='ltr'><strong>τί</strong></span> <span class='ocrx_word' id='word_1_583' title='bbox 2903 4361 3116 4432; x_wconf 77' lang='grc' dir='ltr'>μέμφῃ,</span> <span class='ocrx_word' id='word_1_584' title='bbox 3156 4359 3251 4413; x_wconf 68' lang='grc' dir='ltr'>καὶ</span> <span class='ocrx_word' id='word_1_585' title='bbox 3288 4355 3659 4426; x_wconf 66' lang='grc' dir='ltr'>καταμέμφῃν</span> 
     </span>
    </p>
   </div>
   <div class='ocr_carea' id='block_1_88' title="bbox 404 4443 1972 4532">
    <p class='ocr_par' dir='ltr' id='par_1_88' title="bbox 404 4443 1972 4514">
     <span class='ocr_line' id='line_1_88' title="bbox 404 4443 1972 4514; baseline -0.001 -17"><span class='ocrx_word' id='word_1_586' title='bbox 404 4443 618 4509; x_wconf 87' lang='lat' dir='ltr'><strong>instas,</strong></span> <span class='ocrx_word' id='word_1_587' title='bbox 657 4455 713 4498; x_wconf 88' lang='lat' dir='ltr'><strong>et</strong></span> <span class='ocrx_word' id='word_1_588' title='bbox 751 4443 1004 4498; x_wconf 89' lang='lat' dir='ltr'><strong>assiduas</strong></span> <span class='ocrx_word' id='word_1_589' title='bbox 1036 4444 1177 4512; x_wconf 90' lang='lat' dir='ltr'><strong>jacis</strong></span> <span class='ocrx_word' id='word_1_590' title='bbox 1209 4459 1306 4496; x_wconf 87' lang='lat' dir='ltr'><strong>ore</strong></span> <span class='ocrx_word' id='word_1_591' title='bbox 1337 4443 1626 4514; x_wconf 86' lang='lat' dir='ltr'><strong>querelas,</strong></span> <span class='ocrx_word' id='word_1_592' title='bbox 1660 4459 1882 4499; x_wconf 87' lang='lat' dir='ltr'><strong>morose</strong></span> <span class='ocrx_word' id='word_1_593' title='bbox 1912 4450 1972 4496; x_wconf 91' lang='lat' dir='ltr'><strong>tu</strong></span> 
     </span>
    </p>
   </div>
   <div class='ocr_carea' id='block_1_89' title="bbox 2078 4443 3658 4532">
    <p class='ocr_par' dir='ltr' id='par_1_89' title="bbox 2083 4447 3658 4532">
     <span class='ocr_line' id='line_1_89' title="bbox 2083 4447 3658 4532; baseline -0.01 -19"><span class='ocrx_word' id='word_1_594' title='bbox 2083 4459 2453 4532; x_wconf 80' lang='grc' dir='ltr'>μεμψίμοιρε;</span> <span class='ocrx_word' id='word_1_595' title='bbox 2483 4457 2548 4510; x_wconf 87' lang='grc' dir='ltr'>Τί</span> <span class='ocrx_word' id='word_1_596' title='bbox 2571 4456 2984 4526; x_wconf 82' lang='grc' dir='ltr'>ἀνυπομόνητον</span> <span class='ocrx_word' id='word_1_597' title='bbox 3015 4451 3209 4506; x_wconf 81' lang='grc' dir='ltr'>σαυτὸν</span> <span class='ocrx_word' id='word_1_598' title='bbox 3239 4447 3525 4510; x_wconf 82' lang='grc' dir='ltr'>δεικνύεις,</span> <span class='ocrx_word' id='word_1_599' title='bbox 3561 4448 3658 4498; x_wconf 63' lang='grc' dir='ltr'>καὶ</span> 
     </span>
    </p>
   </div>
   <div class='ocr_carea' id='block_1_90' title="bbox 400 4537 1970 4608">
    <p class='ocr_par' dir='ltr' id='par_1_90' title="bbox 400 4537 1970 4608">
     <span class='ocr_line' id='line_1_90' title="bbox 400 4537 1970 4608; baseline -0.001 -16"><span class='ocrx_word' id='word_1_600' title='bbox 400 4553 466 4592; x_wconf 90' lang='lat' dir='ltr'><strong>ac</strong></span> <span class='ocrx_word' id='word_1_601' title='bbox 498 4538 768 4608; x_wconf 87' lang='lat' dir='ltr'><strong>querule?</strong></span> <span class='ocrx_word' id='word_1_602' title='bbox 793 4537 971 4603; x_wconf 86' lang='lat' dir='ltr'><strong>Quare</strong></span> <span class='ocrx_word' id='word_1_603' title='bbox 987 4546 1038 4592; x_wconf 91' lang='lat' dir='ltr'><strong>te</strong></span> <span class='ocrx_word' id='word_1_604' title='bbox 1066 4538 1466 4607; x_wconf 90' lang='lat' dir='ltr'><strong>impatientem,</strong></span> <span class='ocrx_word' id='word_1_605' title='bbox 1498 4548 1552 4592; x_wconf 93' lang='lat' dir='ltr'><strong>et</strong></span> <span class='ocrx_word' id='word_1_606' title='bbox 1578 4539 1767 4608; x_wconf 91' lang='lat' dir='ltr'><strong>pusilli</strong></span> <span class='ocrx_word' id='word_1_607' title='bbox 1801 4539 1970 4592; x_wconf 92' lang='lat' dir='ltr'><strong>animi</strong></span> 
     </span>
    </p>
   </div>
   <div class='ocr_carea' id='block_1_91' title="bbox 398 4631 1978 4703">
    <p class='ocr_par' dir='ltr' id='par_1_91' title="bbox 398 4631 1978 4703">
     <span class='ocr_line' id='line_1_91' title="bbox 398 4631 1978 4703; baseline -0.003 -15"><span class='ocrx_word' id='word_1_608' title='bbox 398 4633 576 4688; x_wconf 81' lang='lat' dir='ltr'><strong>virum</strong></span> <span class='ocrx_word' id='word_1_609' title='bbox 610 4633 872 4703; x_wconf 88' lang='lat' dir='ltr'><strong>cvulgans</strong></span> <span class='ocrx_word' id='word_1_610' title='bbox 911 4631 1258 4686; x_wconf 90' lang='lat' dir='ltr'><strong>advenientia</strong></span> <span class='ocrx_word' id='word_1_611' title='bbox 1294 4647 1402 4685; x_wconf 90' lang='lat' dir='ltr'><strong>non</strong></span> <span class='ocrx_word' id='word_1_612' title='bbox 1436 4633 1715 4686; x_wconf 85' lang='lat' dir='ltr'><strong>sustines?</strong></span> <span class='ocrx_word' id='word_1_613' title='bbox 1741 4631 1978 4685; x_wconf 86' lang='lat' dir='ltr'><strong>Memen-</strong></span> 
     </span>
    </p>
   </div>
   <div class='ocr_carea' id='block_1_92' title="bbox 400 4721 1977 4796">
    <p class='ocr_par' dir='ltr' id='par_1_92' title="bbox 400 4721 1977 4796">
     <span class='ocr_line' id='line_1_92' title="bbox 400 4721 1977 4796; baseline -0.002 -17"><span class='ocrx_word' id='word_1_614' title='bbox 400 4735 478 4789; x_wconf 89' lang='lat' dir='ltr'><strong>to,</strong></span> <span class='ocrx_word' id='word_1_615' title='bbox 516 4724 645 4796; x_wconf 89' lang='lat' dir='ltr'><strong>quid</strong></span> <span class='ocrx_word' id='word_1_616' title='bbox 677 4725 766 4779; x_wconf 92' lang='lat' dir='ltr'><strong>ille</strong></span> <span class='ocrx_word' id='word_1_617' title='bbox 809 4725 863 4778; x_wconf 88' lang='lat' dir='ltr'><strong>in</strong></span> <span class='ocrx_word' id='word_1_618' title='bbox 906 4723 1388 4778; x_wconf 87' lang='lat' dir='ltr'><strong>adhortationibus</strong></span> <span class='ocrx_word' id='word_1_619' title='bbox 1427 4722 1624 4777; x_wconf 81' lang='lat' dir='ltr'><strong>dixerit</strong></span> <span class='ocrx_word' id='word_1_620' title='bbox 1661 4739 1676 4776; x_wconf 89' lang='lat'>:</span> <span class='ocrx_word' id='word_1_621' title='bbox 1721 4739 1741 4773; x_wconf 74' lang='grc' dir='ltr'><strong>ι</strong></span> <span class='ocrx_word' id='word_1_622' title='bbox 1771 4721 1895 4787; x_wconf 83' lang='lat' dir='ltr'><strong>Fili,</strong></span> <span class='ocrx_word' id='word_1_623' title='bbox 1928 4722 1977 4776; x_wconf 91' lang='lat' dir='ltr'><strong>si</strong></span> 
     </span>
    </p>
   </div>
   <div class='ocr_carea' id='block_1_93' title="bbox 398 4815 1977 4884">
    <p class='ocr_par' dir='ltr' id='par_1_93' title="bbox 398 4815 1977 4884">
     <span class='ocr_line' id='line_1_93' title="bbox 398 4815 1977 4884; baseline -0.004 -13"><span class='ocrx_word' id='word_1_624' title='bbox 398 4816 709 4872; x_wconf 77' lang='lat' dir='ltr'><strong>accesseris</strong></span> <span class='ocrx_word' id='word_1_625' title='bbox 739 4816 948 4870; x_wconf 88' lang='lat' dir='ltr'><strong>servire</strong></span> <span class='ocrx_word' id='word_1_626' title='bbox 988 4815 1239 4880; x_wconf 86' lang='lat' dir='ltr'><strong>Domino,</strong></span> <span class='ocrx_word' id='word_1_627' title='bbox 1266 4829 1515 4884; x_wconf 73' lang='lat' dir='ltr'><strong>prmpara</strong></span> <span class='ocrx_word' id='word_1_628' title='bbox 1546 4815 1784 4867; x_wconf 91' lang='lat' dir='ltr'><strong>animam</strong></span> <span class='ocrx_word' id='word_1_629' title='bbox 1825 4821 1977 4867; x_wconf 88' lang='lat' dir='ltr'><strong>tuam</strong></span> 
     </span>
    </p>
   </div>
   <div class='ocr_carea' id='block_1_94' title="bbox 400 4907 1979 4978">
    <p class='ocr_par' dir='ltr' id='par_1_94' title="bbox 400 4907 1979 4978">
     <span class='ocr_line' id='line_1_94' title="bbox 400 4907 1979 4978; baseline -0.001 -15"><span class='ocrx_word' id='word_1_630' title='bbox 400 4909 468 4963; x_wconf 87' lang='lat' dir='ltr'><strong>ad</strong></span> <span class='ocrx_word' id='word_1_631' title='bbox 493 4909 874 4972; x_wconf 90' lang='lat' dir='ltr'><strong>tentationem,</strong></span> <span class='ocrx_word' id='word_1_632' title='bbox 907 4907 1081 4978; x_wconf 85' lang='lat' dir='ltr'><strong>dirige</strong></span> <span class='ocrx_word' id='word_1_633' title='bbox 1108 4923 1206 4961; x_wconf 89' lang='lat' dir='ltr'><strong>cor</strong></span> <span class='ocrx_word' id='word_1_634' title='bbox 1236 4918 1416 4972; x_wconf 90' lang='lat' dir='ltr'><strong>tuum,</strong></span> <span class='ocrx_word' id='word_1_635' title='bbox 1452 4914 1506 4961; x_wconf 88' lang='lat' dir='ltr'><strong>et</strong></span> <span class='ocrx_word' id='word_1_636' title='bbox 1533 4907 1770 4970; x_wconf 90' lang='lat' dir='ltr'><strong>sustine,</strong></span> <span class='ocrx_word' id='word_1_637' title='bbox 1812 4913 1866 4959; x_wconf 93' lang='lat' dir='ltr'><strong>et</strong></span> <span class='ocrx_word' id='word_1_638' title='bbox 1907 4921 1979 4961; x_wconf 88' lang='lat' dir='ltr'><strong>ne</strong></span> 
     </span>
    </p>
   </div>
   <div class='ocr_carea' id='block_1_95' title="bbox 399 4998 1980 5069">
    <p class='ocr_par' dir='ltr' id='par_1_95' title="bbox 399 4998 1980 5069">
     <span class='ocr_line' id='line_1_95' title="bbox 399 4998 1980 5069; baseline -0.002 -14"><span class='ocrx_word' id='word_1_639' title='bbox 399 5002 665 5063; x_wconf 85' lang='lat' dir='ltr'><strong>turberis.</strong></span> <span class='ocrx_word' id='word_1_640' title='bbox 699 5015 877 5069; x_wconf 88' lang='lat' dir='ltr'><strong>neque</strong></span> <span class='ocrx_word' id='word_1_641' title='bbox 928 5000 1038 5053; x_wconf 89' lang='lat' dir='ltr'><strong>cito</strong></span> <span class='ocrx_word' id='word_1_642' title='bbox 1080 5014 1318 5069; x_wconf 76' lang='lat' dir='ltr'><strong>exposce</strong></span> <span class='ocrx_word' id='word_1_643' title='bbox 1365 4998 1693 5053; x_wconf 91' lang='lat' dir='ltr'><strong>solutionem</strong></span> <span class='ocrx_word' id='word_1_644' title='bbox 1735 5005 1980 5067; x_wconf 88' lang='lat' dir='ltr'><strong>tempore</strong></span> 
     </span>
    </p>
   </div>
   <div class='ocr_carea' id='block_1_96' title="bbox 400 5090 1985 5158">
    <p class='ocr_par' dir='ltr' id='par_1_96' title="bbox 400 5090 1985 5158">
     <span class='ocr_line' id='line_1_96' title="bbox 400 5090 1985 5158; baseline -0.002 -12"><span class='ocrx_word' id='word_1_645' title='bbox 400 5093 740 5148; x_wconf 88' lang='lat' dir='ltr'><strong>inductionis</strong></span> <span class='ocrx_word' id='word_1_646' title='bbox 770 5092 838 5144; x_wconf 75' lang='grc'><strong>⁸⁵.</strong></span> <span class='ocrx_word' id='word_1_647' title='bbox 877 5110 894 5142; x_wconf 81' lang='grc'><strong>›</strong></span> <span class='ocrx_word' id='word_1_648' title='bbox 923 5091 1106 5156; x_wconf 85' lang='lat' dir='ltr'><strong>Quare</strong></span> <span class='ocrx_word' id='word_1_649' title='bbox 1138 5092 1188 5145; x_wconf 92' lang='lat' dir='ltr'><strong>id</strong></span> <span class='ocrx_word' id='word_1_650' title='bbox 1230 5090 1641 5144; x_wconf 83' lang='lat' dir='ltr'><strong>animadvertas</strong></span> <span class='ocrx_word' id='word_1_651' title='bbox 1684 5090 1844 5158; x_wconf 82' lang='lat'><strong>137</strong></span> <span class='ocrx_word' id='word_1_652' title='bbox 1891 5105 1985 5143; x_wconf 78' lang='lat' dir='ltr'><strong>ve-</strong></span> 
     </span>
    </p>
   </div>
   <div class='ocr_carea' id='block_1_97' title="bbox 401 5181 1981 5252">
    <p class='ocr_par' dir='ltr' id='par_1_97' title="bbox 401 5181 1981 5252">
     <span class='ocr_line' id='line_1_97' title="bbox 401 5181 1981 5252; baseline -0.003 -14"><span class='ocrx_word' id='word_1_653' title='bbox 401 5185 519 5248; x_wconf 94' lang='lat' dir='ltr'><strong>lim,</strong></span> <span class='ocrx_word' id='word_1_654' title='bbox 548 5184 670 5240; x_wconf 89' lang='lat' dir='ltr'><strong>sine</strong></span> <span class='ocrx_word' id='word_1_655' title='bbox 697 5183 790 5238; x_wconf 91' lang='lat' dir='ltr'><strong>Dei</strong></span> <span class='ocrx_word' id='word_1_656' title='bbox 822 5182 1036 5252; x_wconf 88' lang='lat' dir='ltr'><strong>judicio</strong></span> <span class='ocrx_word' id='word_1_657' title='bbox 1062 5182 1222 5249; x_wconf 88' lang='lat' dir='ltr'><strong>nihil,</strong></span> <span class='ocrx_word' id='word_1_658' title='bbox 1255 5182 1403 5252; x_wconf 91' lang='lat' dir='ltr'><strong>quod</strong></span> <span class='ocrx_word' id='word_1_659' title='bbox 1434 5181 1653 5252; x_wconf 81' lang='lat' dir='ltr'><strong>aﬂligat,</strong></span> <span class='ocrx_word' id='word_1_660' title='bbox 1692 5182 1854 5235; x_wconf 89' lang='lat' dir='ltr'><strong>alicui</strong></span> <span class='ocrx_word' id='word_1_661' title='bbox 1884 5182 1981 5234; x_wconf 87' lang='lat' dir='ltr'><strong>ad-</strong></span> 
     </span>
    </p>
   </div>
   <div class='ocr_carea' id='block_1_98' title="bbox 401 5270 1982 5342">
    <p class='ocr_par' dir='ltr' id='par_1_98' title="bbox 401 5270 1982 5342">
     <span class='ocr_line' id='line_1_98' title="bbox 401 5270 1982 5342; baseline -0.002 -17"><span class='ocrx_word' id='word_1_662' title='bbox 401 5274 613 5328; x_wconf 82' lang='lat' dir='ltr'><strong>venire.</strong></span> <span class='ocrx_word' id='word_1_663' title='bbox 652 5271 1002 5342; x_wconf 87' lang='lat' dir='ltr'><strong>Quapropter</strong></span> <span class='ocrx_word' id='word_1_664' title='bbox 1058 5290 1077 5323; x_wconf 84' lang='grc'><em>‹</em></span> <span class='ocrx_word' id='word_1_665' title='bbox 1119 5271 1310 5326; x_wconf 84' lang='lat' dir='ltr'><strong>Virum</strong></span> <span class='ocrx_word' id='word_1_666' title='bbox 1357 5271 1545 5335; x_wconf 89' lang='lat' dir='ltr'><strong>indue,</strong></span> <span class='ocrx_word' id='word_1_667' title='bbox 1575 5279 1629 5324; x_wconf 91' lang='lat' dir='ltr'><strong>et</strong></span> <span class='ocrx_word' id='word_1_668' title='bbox 1689 5270 1982 5323; x_wconf 84' lang='lat' dir='ltr'><strong>roboretur</strong></span> 
     </span>
    </p>
   </div>
   <div class='ocr_carea' id='block_1_99' title="bbox 403 5361 1981 5433">
    <p class='ocr_par' dir='ltr' id='par_1_99' title="bbox 403 5361 1981 5433">
     <span class='ocr_line' id='line_1_99' title="bbox 403 5361 1981 5433; baseline 0 -17"><span class='ocrx_word' id='word_1_669' title='bbox 403 5380 498 5416; x_wconf 78' lang='lat' dir='ltr'><strong>eor</strong></span> <span class='ocrx_word' id='word_1_670' title='bbox 536 5372 728 5433; x_wconf 40' lang='lat' dir='ltr'><strong>tuum“</strong></span> <span class='ocrx_word' id='word_1_671' title='bbox 753 5369 810 5419; x_wconf 86' lang='lat' dir='ltr'><strong>et</strong></span> <span class='ocrx_word' id='word_1_672' title='bbox 849 5363 1068 5418; x_wconf 88' lang='lat' dir='ltr'><strong>sustine</strong></span> <span class='ocrx_word' id='word_1_673' title='bbox 1116 5361 1408 5418; x_wconf 90' lang='lat' dir='ltr'><strong>Dominum</strong></span> <span class='ocrx_word' id='word_1_674' title='bbox 1435 5363 1504 5425; x_wconf 72' lang='lat'><strong>&quot;&#39;,</strong></span> <span class='ocrx_word' id='word_1_675' title='bbox 1543 5381 1562 5414; x_wconf 75' lang='grc' dir='ltr'><strong>ι</strong></span> <span class='ocrx_word' id='word_1_676' title='bbox 1611 5370 1672 5416; x_wconf 93' lang='lat' dir='ltr'><strong>ut</strong></span> <span class='ocrx_word' id='word_1_677' title='bbox 1700 5362 1779 5416; x_wconf 88' lang='lat' dir='ltr'><strong>tui</strong></span> <span class='ocrx_word' id='word_1_678' title='bbox 1815 5364 1981 5418; x_wconf 81' lang='lat' dir='ltr'><strong>inise-</strong></span> 
     </span>
    </p>
   </div>
   <div class='ocr_carea' id='block_1_100' title="bbox 402 5462 618 5509">
    <p class='ocr_par' dir='ltr' id='par_1_100' title="bbox 402 5462 618 5509">
     <span class='ocr_line' id='line_1_100' title="bbox 402 5462 618 5509; baseline -0.005 -2"><span class='ocrx_word' id='word_1_679' title='bbox 402 5462 618 5509; x_wconf 82' lang='lat' dir='ltr'><strong>neatur.</strong></span> 
     </span>
    </p>
   </div>
   <div class='ocr_carea' id='block_1_101' title="bbox 2085 4538 3660 4623">
    <p class='ocr_par' dir='ltr' id='par_1_101' title="bbox 2085 4538 3660 4623">
     <span class='ocr_line' id='line_1_101' title="bbox 2085 4538 3660 4623; baseline -0.01 -18"><span class='ocrx_word' id='word_1_680' title='bbox 2085 4549 2571 4623; x_wconf 74' lang='grc' dir='ltr'>μικροψυχότατον,</span> <span class='ocrx_word' id='word_1_681' title='bbox 2601 4547 2676 4618; x_wconf 81' lang='grc' dir='ltr'>μὴ</span> <span class='ocrx_word' id='word_1_682' title='bbox 2706 4547 2887 4617; x_wconf 85' lang='grc' dir='ltr'>φέρων</span> <span class='ocrx_word' id='word_1_683' title='bbox 2906 4543 2975 4596; x_wconf 78' lang='grc' dir='ltr'>τὰ</span> <span class='ocrx_word' id='word_1_684' title='bbox 3022 4542 3338 4612; x_wconf 78' lang='grc' dir='ltr'>συμϐάντα;</span> <span class='ocrx_word' id='word_1_685' title='bbox 3364 4538 3660 4605; x_wconf 79' lang='grc' dir='ltr'>Μνήσθητι</span> 
     </span>
    </p>
   </div>
   <div class='ocr_carea' id='block_1_102' title="bbox 2073 4630 3660 4710">
    <p class='ocr_par' dir='ltr' id='par_1_102' title="bbox 2073 4630 3660 4710">
     <span class='ocr_line' id='line_1_102' title="bbox 2073 4630 3660 4710; baseline -0.01 -13"><span class='ocrx_word' id='word_1_686' title='bbox 2073 4642 2168 4698; x_wconf 91' lang='grc' dir='ltr'><strong>τοῦ</strong></span> <span class='ocrx_word' id='word_1_687' title='bbox 2211 4643 2462 4710; x_wconf 81' lang='grc' dir='ltr'>λέγοντος</span> <span class='ocrx_word' id='word_1_688' title='bbox 2514 4641 2572 4694; x_wconf 80' lang='grc' dir='ltr'><strong>ἐν</strong></span> <span class='ocrx_word' id='word_1_689' title='bbox 2609 4640 2730 4702; x_wconf 75' lang='grc' dir='ltr'>ταῖς</span> <span class='ocrx_word' id='word_1_690' title='bbox 2769 4635 3158 4708; x_wconf 77' lang='grc' dir='ltr'>παραινέσεσιο</span> <span class='ocrx_word' id='word_1_691' title='bbox 3216 4650 3236 4685; x_wconf 78' lang='grc' dir='ltr'><strong>ι</strong></span> <span class='ocrx_word' id='word_1_692' title='bbox 3283 4632 3506 4694; x_wconf 82' lang='grc' dir='ltr'>Τέκνον,</span> <span class='ocrx_word' id='word_1_693' title='bbox 3557 4630 3660 4682; x_wconf 77' lang='grc' dir='ltr'><strong>ἐὰν</strong></span> 
     </span>
    </p>
   </div>
   <div class='ocr_carea' id='block_1_103' title="bbox 2074 4722 3661 4808">
    <p class='ocr_par' dir='ltr' id='par_1_103' title="bbox 2074 4722 3661 4808">
     <span class='ocr_line' id='line_1_103' title="bbox 2074 4722 3661 4808; baseline -0.009 -19"><span class='ocrx_word' id='word_1_694' title='bbox 2074 4735 2354 4808; x_wconf 79' lang='grc' dir='ltr'>προσέρχῃ</span> <span class='ocrx_word' id='word_1_695' title='bbox 2377 4731 2646 4785; x_wconf 89' lang='grc' dir='ltr'>δουλεύειν</span> <span class='ocrx_word' id='word_1_696' title='bbox 2676 4729 2756 4800; x_wconf 84' lang='grc' dir='ltr'>τῷ</span> <span class='ocrx_word' id='word_1_697' title='bbox 2787 4727 3005 4799; x_wconf 84' lang='grc' dir='ltr'>Κυρίῳ,</span> <span class='ocrx_word' id='word_1_698' title='bbox 3033 4725 3320 4795; x_wconf 81' lang='grc' dir='ltr'>ὲτοίμασον</span> <span class='ocrx_word' id='word_1_699' title='bbox 3348 4723 3445 4794; x_wconf 83' lang='grc' dir='ltr'>τὴν</span> <span class='ocrx_word' id='word_1_700' title='bbox 3470 4722 3661 4793; x_wconf 71' lang='grc' dir='ltr'>ψυχήν</span> 
     </span>
    </p>
   </div>
   <div class='ocr_carea' id='block_1_104' title="bbox 2077 4812 3661 4896">
    <p class='ocr_par' dir='ltr' id='par_1_104' title="bbox 2077 4812 3661 4896">
     <span class='ocr_line' id='line_1_104' title="bbox 2077 4812 3661 4896; baseline -0.009 -15"><span class='ocrx_word' id='word_1_701' title='bbox 2077 4845 2172 4880; x_wconf 90' lang='grc' dir='ltr'><strong>σου</strong></span> <span class='ocrx_word' id='word_1_702' title='bbox 2205 4829 2286 4889; x_wconf 82' lang='grc' dir='ltr'><strong>είς</strong></span> <span class='ocrx_word' id='word_1_703' title='bbox 2323 4822 2649 4896; x_wconf 83' lang='grc' dir='ltr'>πειρασμὸν,</span> <span class='ocrx_word' id='word_1_704' title='bbox 2702 4820 2925 4873; x_wconf 75' lang='grc' dir='ltr'>εὔθυνον</span> <span class='ocrx_word' id='word_1_705' title='bbox 2971 4817 3070 4888; x_wconf 80' lang='grc' dir='ltr'>τὴν</span> <span class='ocrx_word' id='word_1_706' title='bbox 3118 4815 3348 4886; x_wconf 86' lang='grc' dir='ltr'>καρδίαν</span> <span class='ocrx_word' id='word_1_707' title='bbox 3407 4830 3522 4878; x_wconf 85' lang='grc' dir='ltr'>σου,</span> <span class='ocrx_word' id='word_1_708' title='bbox 3558 4812 3661 4866; x_wconf 80' lang='grc' dir='ltr'>καὶ</span> 
     </span>
    </p>
   </div>
   <div class='ocr_carea' id='block_1_105' title="bbox 2077 4903 3661 4987">
    <p class='ocr_par' dir='ltr' id='par_1_105' title="bbox 2077 4903 3661 4987">
     <span class='ocr_line' id='line_1_105' title="bbox 2077 4903 3661 4987; baseline -0.008 -17"><span class='ocrx_word' id='word_1_709' title='bbox 2077 4917 2443 4987; x_wconf 82' lang='grc' dir='ltr'>καρτέρησον,</span> <span class='ocrx_word' id='word_1_710' title='bbox 2490 4911 2586 4965; x_wconf 77' lang='grc' dir='ltr'>καὶ</span> <span class='ocrx_word' id='word_1_711' title='bbox 2639 4910 2713 4980; x_wconf 82' lang='grc' dir='ltr'>μὴ</span> <span class='ocrx_word' id='word_1_712' title='bbox 2743 4910 3035 4980; x_wconf 85' lang='grc' dir='ltr'>ταράττου,</span> <span class='ocrx_word' id='word_1_713' title='bbox 3071 4905 3209 4977; x_wconf 80' lang='grc' dir='ltr'>μηδὲ</span> <span class='ocrx_word' id='word_1_714' title='bbox 3237 4906 3467 4976; x_wconf 82' lang='grc' dir='ltr'>τάχιστα</span> <span class='ocrx_word' id='word_1_715' title='bbox 3499 4903 3661 4974; x_wconf 81' lang='grc' dir='ltr'>ζήτει</span> 
     </span>
    </p>
   </div>
   <div class='ocr_carea' id='block_1_106' title="bbox 2076 4997 3660 5076">
    <p class='ocr_par' dir='ltr' id='par_1_106' title="bbox 2076 4997 3660 5076">
     <span class='ocr_line' id='line_1_106' title="bbox 2076 4997 3660 5076; baseline -0.008 -15"><span class='ocrx_word' id='word_1_716' title='bbox 2076 5007 2231 5061; x_wconf 87' lang='grc' dir='ltr'>λύσιν</span> <span class='ocrx_word' id='word_1_717' title='bbox 2263 5009 2321 5060; x_wconf 86' lang='grc' dir='ltr'><strong>ὲν</strong></span> <span class='ocrx_word' id='word_1_718' title='bbox 2348 5004 2526 5076; x_wconf 90' lang='grc' dir='ltr'>καιρῷ</span> <span class='ocrx_word' id='word_1_719' title='bbox 2561 5003 2876 5073; x_wconf 74' lang='grc' dir='ltr'>ἐπαγωγῆς.</span> <span class='ocrx_word' id='word_1_720' title='bbox 2908 5019 2926 5052; x_wconf 69' lang='grc' dir='ltr'><strong>ι</strong></span> <span class='ocrx_word' id='word_1_721' title='bbox 2959 5000 3200 5052; x_wconf 86' lang='grc' dir='ltr'>Γίνωσκε</span> <span class='ocrx_word' id='word_1_722' title='bbox 3247 5001 3377 5068; x_wconf 76' lang='grc' dir='ltr'>γὰρ,</span> <span class='ocrx_word' id='word_1_723' title='bbox 3405 4999 3488 5051; x_wconf 83' lang='grc' dir='ltr'>ὅτι</span> <span class='ocrx_word' id='word_1_724' title='bbox 3521 4997 3660 5051; x_wconf 75' lang='grc' dir='ltr'>ἄνευ</span> 
     </span>
    </p>
   </div>
   <div class='ocr_carea' id='block_1_107' title="bbox 2079 5083 3659 5169">
    <p class='ocr_par' dir='ltr' id='par_1_107' title="bbox 2079 5083 3659 5169">
     <span class='ocr_line' id='line_1_107' title="bbox 2079 5083 3659 5169; baseline -0.007 -18"><span class='ocrx_word' id='word_1_725' title='bbox 2079 5098 2315 5169; x_wconf 86' lang='grc' dir='ltr'>κρίσεως</span> <span class='ocrx_word' id='word_1_726' title='bbox 2345 5094 2512 5159; x_wconf 86' lang='grc' dir='ltr'>Θεοῦ,</span> <span class='ocrx_word' id='word_1_727' title='bbox 2553 5092 2708 5146; x_wconf 78' lang='grc' dir='ltr'>οὐδὲν</span> <span class='ocrx_word' id='word_1_728' title='bbox 2741 5090 2850 5142; x_wconf 91' lang='grc' dir='ltr'><strong>τῶν</strong></span> <span class='ocrx_word' id='word_1_729' title='bbox 2889 5086 3152 5158; x_wconf 82' lang='grc' dir='ltr'>θλιϐερῶν</span> <span class='ocrx_word' id='word_1_730' title='bbox 3190 5083 3484 5157; x_wconf 78' lang='grc' dir='ltr'>ἐπέρχεταί</span> <span class='ocrx_word' id='word_1_731' title='bbox 3520 5101 3659 5141; x_wconf 87' lang='grc' dir='ltr'>τινι.</span> 
     </span>
    </p>
   </div>
   <div class='ocr_carea' id='block_1_108' title="bbox 2077 5175 3659 5259">
    <p class='ocr_par' dir='ltr' id='par_1_108' title="bbox 2077 5175 3659 5259">
     <span class='ocr_line' id='line_1_108' title="bbox 2077 5175 3659 5259; baseline -0.008 -17"><span class='ocrx_word' id='word_1_732' title='bbox 2077 5190 2275 5259; x_wconf 85' lang='grc' dir='ltr'>Διόπερ</span> <span class='ocrx_word' id='word_1_733' title='bbox 2307 5205 2326 5238; x_wconf 77' lang='grc' dir='ltr'><strong>ι</strong></span> <span class='ocrx_word' id='word_1_734' title='bbox 2371 5185 2670 5256; x_wconf 75' lang='grc' dir='ltr'>Ἀνδρίζου,</span> <span class='ocrx_word' id='word_1_735' title='bbox 2704 5182 2800 5236; x_wconf 75' lang='grc' dir='ltr'><strong>καὶ</strong></span> <span class='ocrx_word' id='word_1_736' title='bbox 2821 5177 3200 5251; x_wconf 84' lang='grc' dir='ltr'>κραταιούσθω</span> <span class='ocrx_word' id='word_1_737' title='bbox 3226 5178 3261 5246; x_wconf 87' lang='grc' dir='ltr'><strong>ή</strong></span> <span class='ocrx_word' id='word_1_738' title='bbox 3306 5175 3503 5245; x_wconf 84' lang='grc' dir='ltr'>καρδία</span> <span class='ocrx_word' id='word_1_739' title='bbox 3535 5193 3659 5244; x_wconf 87' lang='grc' dir='ltr'>σου,</span> 
     </span>
    </p>
   </div>
   <div class='ocr_carea' id='block_1_109' title="bbox 2078 5269 3388 5349">
    <p class='ocr_par' dir='ltr' id='par_1_109' title="bbox 2078 5269 3388 5349">
     <span class='ocr_line' id='line_1_109' title="bbox 2078 5269 3388 5349; baseline -0.009 -15"><span class='ocrx_word' id='word_1_740' title='bbox 2078 5281 2174 5335; x_wconf 72' lang='grc' dir='ltr'><strong>καὶ</strong></span> <span class='ocrx_word' id='word_1_741' title='bbox 2199 5279 2487 5349; x_wconf 81' lang='grc' dir='ltr'>ὑπόμεινον</span> <span class='ocrx_word' id='word_1_742' title='bbox 2513 5276 2604 5330; x_wconf 77' lang='grc' dir='ltr'><strong>τὸν</strong></span> <span class='ocrx_word' id='word_1_743' title='bbox 2633 5274 2859 5347; x_wconf 86' lang='grc' dir='ltr'>Κύριον,</span> <span class='ocrx_word' id='word_1_744' title='bbox 2907 5291 2927 5324; x_wconf 76' lang='grc' dir='ltr'><strong>ι</strong></span> <span class='ocrx_word' id='word_1_745' title='bbox 2966 5272 3055 5324; x_wconf 79' lang='grc' dir='ltr'><strong>ἵνα</strong></span> <span class='ocrx_word' id='word_1_746' title='bbox 3085 5286 3144 5322; x_wconf 90' lang='grc' dir='ltr'><strong>σε</strong></span> <span class='ocrx_word' id='word_1_747' title='bbox 3171 5269 3388 5340; x_wconf 78' lang='grc' dir='ltr'>ἐλεήσῃ.</span> 
     </span>
    </p>
   </div>
   <div class='ocr_carea' id='block_1_110' title="bbox 480 5644 1972 5720">
    <p class='ocr_par' dir='ltr' id='par_1_110' title="bbox 480 5647 1972 5720">
     <span class='ocr_line' id='line_1_110' title="bbox 480 5647 1972 5720; baseline 0 -12"><span class='ocrx_word' id='word_1_748' title='bbox 480 5651 523 5684; x_wconf 76' lang='grc'><strong>³⁵</strong></span> <span class='ocrx_word' id='word_1_749' title='bbox 550 5647 695 5712; x_wconf 71' lang='lat' dir='ltr'><strong>Psal.</strong></span> <span class='ocrx_word' id='word_1_750' title='bbox 743 5676 924 5720; x_wconf 74' lang='lat' dir='ltr'><strong>uxvr,</strong></span> <span class='ocrx_word' id='word_1_751' title='bbox 961 5660 1012 5712; x_wconf 77' lang='grc' dir='ltr'><strong>ι.</strong></span> <span class='ocrx_word' id='word_1_752' title='bbox 1091 5662 1132 5691; x_wconf 88' lang='grc'><strong>³⁷</strong></span> <span class='ocrx_word' id='word_1_753' title='bbox 1163 5658 1254 5713; x_wconf 80' lang='lat' dir='ltr'><strong>Jer</strong></span> <span class='ocrx_word' id='word_1_754' title='bbox 1327 5674 1457 5718; x_wconf 75' lang='lat' dir='ltr'><strong>xv&quot;,</strong></span> <span class='ocrx_word' id='word_1_755' title='bbox 1511 5661 1596 5713; x_wconf 79' lang='grc'><strong>16.</strong></span> <span class='ocrx_word' id='word_1_756' title='bbox 1675 5661 1719 5691; x_wconf 81' lang='grc'><strong>³⁸</strong></span> <span class='ocrx_word' id='word_1_757' title='bbox 1757 5655 1972 5712; x_wconf 65' lang='lat' dir='ltr'><strong>Psal.c&#39;.</strong></span> 
     </span>
    </p>
   </div>
   <div class='ocr_carea' id='block_1_111' title="bbox 2078 5644 3656 5720">
    <p class='ocr_par' dir='ltr' id='par_1_111' title="bbox 2080 5644 3656 5720">
     <span class='ocr_line' id='line_1_111' title="bbox 2080 5644 3656 5720; baseline -0.007 -15"><span class='ocrx_word' id='word_1_758' title='bbox 2080 5671 2118 5717; x_wconf 89' lang='grc' dir='ltr'><strong>ι,</strong></span> <span class='ocrx_word' id='word_1_759' title='bbox 2161 5653 2284 5705; x_wconf 67' lang='lat'><strong>“5&#39;2.</strong></span> <span class='ocrx_word' id='word_1_760' title='bbox 2366 5651 2408 5682; x_wconf 79' lang='lat'><strong>&quot;</strong></span> <span class='ocrx_word' id='word_1_761' title='bbox 2450 5649 2608 5720; x_wconf 86' lang='lat' dir='ltr'><strong>Joan.</strong></span> <span class='ocrx_word' id='word_1_762' title='bbox 2641 5664 2753 5720; x_wconf 68' lang='lat' dir='ltr'><strong>xvi,</strong></span> <span class='ocrx_word' id='word_1_763' title='bbox 2788 5647 2874 5700; x_wconf 73' lang='lat'><strong>2‘2.</strong></span> <span class='ocrx_word' id='word_1_764' title='bbox 2933 5646 2999 5720; x_wconf 72' lang='lat'><strong>_‘_°</strong></span> <span class='ocrx_word' id='word_1_765' title='bbox 3034 5645 3165 5702; x_wconf 88' lang='lat' dir='ltr'><strong>Luc.</strong></span> <span class='ocrx_word' id='word_1_766' title='bbox 3205 5661 3260 5708; x_wconf 78' lang='grc' dir='ltr'>ι,</span> <span class='ocrx_word' id='word_1_767' title='bbox 3302 5644 3388 5698; x_wconf 64' lang='lat'><strong>6‘2.</strong></span> <span class='ocrx_word' id='word_1_768' title='bbox 3470 5645 3510 5675; x_wconf 71' lang='grc' dir='ltr'>δ’</span> <span class='ocrx_word' id='word_1_769' title='bbox 3549 5648 3656 5697; x_wconf 77' lang='lat' dir='ltr'><strong>lsa.</strong></span> 
     </span>
    </p>
   </div>
   <div class='ocr_carea' id='block_1_112' title="bbox 413 5727 658 5786">
    <p class='ocr_par' dir='ltr' id='par_1_112' title="bbox 413 5727 658 5786">
     <span class='ocr_line' id='line_1_112' title="bbox 413 5727 658 5786; baseline 0.012 -8"><span class='ocrx_word' id='word_1_770' title='bbox 413 5739 527 5786; x_wconf 77' lang='lat' dir='ltr'><strong>xu,</strong></span> <span class='ocrx_word' id='word_1_771' title='bbox 577 5727 658 5781; x_wconf 85' lang='lat' dir='ltr'><strong>l0.</strong></span> 
     </span>
    </p>
   </div>
   <div class='ocr_carea' id='block_1_113' title="bbox 745 5721 2414 5796">
    <p class='ocr_par' dir='ltr' id='par_1_113' title="bbox 745 5721 2414 5796">
     <span class='ocr_line' id='line_1_113' title="bbox 745 5721 2414 5796; baseline -0.008 -10"><span class='ocrx_word' id='word_1_772' title='bbox 745 5730 786 5760; x_wconf 61' lang='grc'><strong>³³</strong></span> <span class='ocrx_word' id='word_1_773' title='bbox 821 5730 968 5785; x_wconf 78' lang='lat' dir='ltr'><strong>I’sal.</strong></span> <span class='ocrx_word' id='word_1_774' title='bbox 999 5746 1191 5796; x_wconf 72' lang='lat' dir='ltr'><strong>xxxtzt,</strong></span> <span class='ocrx_word' id='word_1_775' title='bbox 1227 5728 1316 5784; x_wconf 75' lang='grc'><strong>18.</strong></span> <span class='ocrx_word' id='word_1_776' title='bbox 1393 5731 1437 5761; x_wconf 80' lang='grc'><strong>’⁵³</strong></span> <span class='ocrx_word' id='word_1_777' title='bbox 1485 5729 1606 5785; x_wconf 79' lang='lat' dir='ltr'><strong>Psal</strong></span> <span class='ocrx_word' id='word_1_778' title='bbox 1664 5747 1792 5794; x_wconf 68' lang='lat' dir='ltr'><strong>xm,</strong></span> <span class='ocrx_word' id='word_1_779' title='bbox 1832 5734 1914 5782; x_wconf 75' lang='lat' dir='ltr'><strong>Ili.</strong></span> <span class='ocrx_word' id='word_1_780' title='bbox 1992 5727 2036 5757; x_wconf 68' lang='grc'><strong>³⁸⁸</strong></span> <span class='ocrx_word' id='word_1_781' title='bbox 2064 5724 2228 5778; x_wconf 72' lang='lat' dir='ltr'><strong>Eccli.</strong></span> <span class='ocrx_word' id='word_1_782' title='bbox 2270 5739 2330 5788; x_wconf 81' lang='lat' dir='ltr'><strong>ti,</strong></span> <span class='ocrx_word' id='word_1_783' title='bbox 2370 5721 2414 5773; x_wconf 90' lang='lat' dir='ltr'>I.</span> 
     </span>
    </p>
   </div>
   <div class='ocr_carea' id='block_1_114' title="bbox 2496 5716 3010 5781">
    <p class='ocr_par' dir='ltr' id='par_1_114' title="bbox 2496 5716 3010 5781">
     <span class='ocr_line' id='line_1_114' title="bbox 2496 5716 3010 5781; baseline -0.01 -7"><span class='ocrx_word' id='word_1_784' title='bbox 2496 5721 2539 5751; x_wconf 66' lang='grc'><strong>³⁵</strong></span> <span class='ocrx_word' id='word_1_785' title='bbox 2573 5719 2717 5773; x_wconf 71' lang='lat' dir='ltr'><strong>Psai.</strong></span> <span class='ocrx_word' id='word_1_786' title='bbox 2749 5733 2896 5781; x_wconf 59' lang='grc' dir='ltr'>τινι,</span> <span class='ocrx_word' id='word_1_787' title='bbox 2926 5716 3010 5771; x_wconf 75' lang='grc' dir='ltr'>Η.</span> 
     </span>
    </p>
   </div>
  </div>
