3850 6218
123 300 223 366 217

465 416 599 474 ω’.
629 448 702 458 -
729 418 1039 488 ΚΥΡΙΛΛῼ
1067 416 1383 485 ΜΟΝΔΧῼ.

188 512 329 575 Πῶς
364 513 569 583 μικρὸν
612 510 796 578 λέγεις
842 510 1109 587 ύπάρχειν
1164 510 1475 578 ἁμάρτημα
1498 546 1514 571 ,
1551 503 1620 558 δι’
1654 494 1718 556 οὗ

122 603 258 664 Θεὸς
292 600 599 666 ἀϐετεῖται,
630 600 725 653 καὶ
751 600 884 663 Θεδς
926 598 1254 668 ἀτιμάζεται
1291 598 1381 651 διὰ
1409 597 1509 667 τῆς
1539 611 1722 665 παρα-

123 693 349 755 ϐάσεως
401 690 568 745 θείων
618 690 1016 761 ἐνταλμάτωνς
1071 691 1190 743 Κᾶν
1239 689 1350 760 γάρ
1402 704 1488 750 τις
1549 685 1720 757 ἄνδρα

124 781 373 853 φονεύσῃ
400 821 419 847 ,
456 780 558 833 καὶ⁵
607 778 810 850 βρέφος
863 779 1200 850 ἀποκτείνῃ,
1256 778 1452 847 φονεὺς
1500 776 1721 837 πάντως

124 872 396 943 ὑπάρχει,
425 872 521 926 καὶ
550 871 628 935 ὠς
658 872 855 939 φονεὺς
883 869 1151 940 κρίνεται.
1186 869 1311 933 Πῶς
1340 868 1518 922 τοίνυν
1543 868 1721 932 ποιεῖς

126 967 184 1019 τὺ
226 967 529 1035 πταῖσμα,
570 963 640 1017 δι’
672 958 735 1019 οὗ
774 963 1000 1036 ὲκκλείῃ
1040 964 1143 1035 τῆς
1177 961 1458 1033 βασιλείας
1489 959 1599 1014 τῶν
1630 960 1722 1013 ού-

130 1074 314 1129 ρανων
332 1074 350 1125 ;

651 1234 786 1290 ME'.
813 1261 881 1279 ο·-
917 1233 999 1300 Τῷ
1028 1231 1210 1299 αὐτῷ.

198 1328 298 1399 Μὴ
320 1327 590 1397 γόγγυζε,
623 1327 879 1397 ἄνθρωπε
904 1343 919 1357 ·
948 1326 1229 1395 ἀλλότριον
1252 1324 1360 1395 γὰρ
1393 1322 1624 1394 μοναχοῦ
1660 1322 1721 1377 τὸ

131 1420 453 1489 γογγύζειν,
480 1420 589 1474 κᾶν
621 1421 783 1489 μέχρι
810 1417 1040 1472 θανάτου
1072 1416 1402 1470 κινδυνεύειν
1444 1433 1505 1470 σε
1538 1417 1719 1489 συμδῇ

131 1514 493 1567 ἐπιτελοῦντα
527 1513 589 1565 τὸ
634 1509 1056 1579 ἐπεταττόμενόν
1100 1526 1182 1562 σοι
1226 1508 1383 1580 παρά
1420 1509 1519 1579 τῆς
1566 1508 1722 1562 ἀδελ-

131 1606 389 1673 φότητος.
424 1624 445 1655 ι
502 1604 562 1656 '0
616 1603 723 1672 γὰρ
780 1601 970 1671 ὑμῶν,
1028 1600 1227 1670 φησιν,
1284 1598 1535 1663 ἀκούων,
1585 1597 1722 1667 ἐμοῦ

1331 290 1874 360 EPISTOLARUM
1900 291 2047 352 LIB.
2077 291 2160 352 II.

1752 410 1802 464 Δ

3286 274 3397 340 218

2108 400 2295 461 XLIV.
2320 430 2393 441 —
2418 394 2723 453 CYRILLO
2763 391 3121 450 MONACHO.

1892 499 2142 566 Quanam
2186 495 2401 550 ratione
2434 505 2662 563 parvum
2702 504 2826 543 esse
2858 494 3144 558 peccatum
3171 494 3405 542 conten-

1821 590 1907 646 dis
1932 632 1947 657 ,
1978 589 2140 658 cujus
2170 600 2336 641 causa
2379 582 2525 638 Deus
2580 578 2864 649 abjicitur,
2904 584 2961 631 et
2994 574 3139 629 Deus
3186 573 3404 629 divino.—

1819 698 1943 739 rum
2000 687 2403 751 praceptorum
2461 670 2921 745 praevaricatione
2991 666 3408 722 contemnitur?

1823 776 1950 831 Sive
1979 774 2128 830 enim
2161 770 2437 842 quispiam
2473 768 2652 821 virum
2696 763 2971 823 trucidet.
3003 760 3121 815 sive
3161 759 3408 813 infantu-

1822 869 1934 923 lum
1981 865 2305 927 interimat,
2360 858 2637 915 homicida
2676 855 2854 910 modis
2897 852 3156 906 omnibus
3189 860 3303 913 est,
3353 862 3407 905 et

1820 960 1990 1016 veluti
2047 956 2337 1013 homicida
2393 954 2511 1007 dies
2572 950 2649 1004 illi
2705 947 2928 1008 dicitur,
2992 952 3048 997 et
3088 957 3286 997 nomen
3337 941 3406 995 ad

1817 1053 2033 1124 jndices
2087 1049 2356 1104 defertur.
2413 1043 2665 1110 Quanam
2723 1039 2889 1108 igitur
2945 1036 3159 1089 ratione
3216 1033 3405 1087 scelus

1821 1154 2012 1218 patras
2037 1185 2054 1209 ,
2092 1156 2194 1215 pro
2223 1155 2335 1211 quo
2366 1152 2537 1205 regno
2571 1134 2839 1188 calorum
2877 1130 3026 1184 foras
3055 1126 3409 1183 extruderis?

2362 1227 2527 1284 XLV.
2550 1256 2620 1267 --
2654 1224 2860 1277 Eidem.

1889 1327 1971 1383 Ne
2002 1336 2357 1387 murmures,
2392 1321 2467 1374 mi
2505 1319 2672 1372 homo
2707 1334 2719 1369 :
2759 1327 2940 1381 neque
2983 1312 3137 1365 enim
3178 1309 3410 1363 addecet

1824 1419 2156 1477 monachum
2194 1412 2594 1473 murmuratiu,
2630 1409 2756 1462 licet
2780 1405 3015 1461 evidenti
3049 1404 3173 1456 vita
3207 1401 3411 1455 discri.

1825 1514 2003 1574 mine,
2041 1509 2142 1563 tibi
2182 1523 2209 1560 a
2251 1505 2600 1560 fraternitate
2668 1498 2977 1566 impositum
3037 1493 3409 1565 peragendum

1823 1606 1917 1661 sit.
1958 1622 1977 1656 ι
2015 1602 2121 1669 Qui
2154 1600 2300 1656 enim
2332 1610 2433 1651 vos
2462 1594 2653 1656 audit,
2709 1592 2825 1654 ait,
2868 1605 2953 1643 me
2983 1588 3176 1648 audit,
3224 1593 3278 1639 ct
3314 1582 3409 1652 qui

132 1696 345 1761 ἀκούει,
365 1697 466 1749 καὶ
497 1698 527 1748 ὁ
551 1695 830 1763 τολμήσας
852 1692 997 1761 ὑμᾶς
1030 1691 1319 1760 ἀθετῆσαι,
1342 1689 1444 1761 ἐμὲ
1466 1689 1669 1743 ἀθετεῖ.
1698 1707 1717 1741 ι

1845 1711 1926 1749 vos
1957 1692 2202 1765 spernit,
2238 1704 2326 1748 me
2354 1687 2565 1755 spernit
2583 1682 2629 1715 “
2666 1701 2686 1736 ι
2722 1681 2789 1735 Ει
2835 1679 3135 1749 Apostolus
3166 1674 3359 1730 scribit
3392 1690 3406 1727 :

132 1791 241 1842 Καὶ
264 1791 295 1843 ό
325 1788 663 1850 Ἀπόστολος
691 1785 894 1856 γράφει
921 1800 935 1814 ο
983 1802 1001 1835 ι
1046 1783 1139 1854 Μὴ
1180 1782 1505 1852 γογγύζετε,
1542 1780 1725 1846 καθώς

1845 1808 1851 1843 ι
1889 1787 1968 1843 Ne
1998 1779 2483 1841 murmuraveritis
2507 1817 2523 1841 ,
2557 1771 3021 1848 quemadmodum
3045 1783 3109 1823 ex
3145 1763 3411 1822 lsraelitis

132 1898 277 1945 τινες
327 1880 444 1933 τῶν
508 1876 859 1948 Ἰσραηλιτῶν
912 1874 1219 1943 ἐγόγγυσαν
1240 1914 1257 1940 ,
1298 1874 1393 1928 καὶ
1442 1873 1724 1928 ἀπώλοντο

136 1970 240 2024 ὕπὸ
268 1968 372 2023 τοῦ
397 1966 750 2038 ὀλοθρευτοῦ.
786 1985 805 2016 ι
846 1965 912 2019 Εἰ
945 1965 1126 2017 τοίνυν
1175 1964 1358 2036 βούλει
1407 1966 1484 2036 μὴ
1523 1965 1725 2020 ἀπολέ-

135 2061 301 2127 σθαι,
344 2062 605 2115 πέπαυσο
650 2058 761 2112 τῶν
811 2056 1166 2127 γογγυσμῶν.
1223 2058 1296 2111 Ἣ
1342 2056 1462 2120 πῶς
1521 2058 1725 2128 δυνήσῃ

134 2154 274 2224 πρὸς
310 2151 523 2223 Κύριον
549 2150 879 2204 διαπετάσαι
906 2148 1005 2209 τάς
1033 2149 1257 2218 χεῖρας,
1301 2148 1397 2202 καὶ
1443 2146 1725 2212 εὔξασθαι,

136 2240 278 2295 κατά
305 2240 411 2310 τὴν
444 2240 745 2310 παράδοσιν
775 2236 873 2292 τοῦ
912 2236 1239 2291 ’Δποστόλου
1262 2275 1278 2300 .
1329 2235 1499 2308 χωρὶς
1534 2235 1727 2306 ὀργῆς,

138 2334 228 2386 καὶ
260 2331 639 2402 διαλογισμῶν
657 2349 675 2362 ε·
700 2330 774 2384 To
803 2329 911 2401 γὰρ
939 2328 1234 2397 γογγύζειν
1264 2326 1458 2400 κύημα
1482 2328 1721 2399 ὑπάρχει

138 2427 331 2499 ὀργῆς.

450 2514 597 2585 Μετ’.
624 2546 695 2557 -
725 2515 1069 2586 ΗΛΙΟΔΩΡῼ
1108 2513 1423 2585 ΜΟΝΔΧῼ.

175 2609 341 2662 Ὅσοι
376 2608 479 2678 μὲν
508 2606 725 2669 πολλοῖς
758 2607 963 2670 πόνοις,
1010 2607 1102 2660 καὶ
1160 2605 1370 2675 ἱδρῶσι,
1414 2604 1510 2658 καὶ
1552 2603 1731 2676 χρόνῳ

144 2700 350 2771 μακρῷ
395 2698 697 2769 μαχόμενοι
718 2699 838 2763 ταῖς
866 2697 1100 2771 ἡδοναῖς,
1140 2696 1294 2768 μόλις
1328 2696 1460 2750 ποτὲ
1497 2695 1589 2749 τοῦ
1632 2712 1733 2766 χα-

1824 1881 1918 1953 qui
1938 1880 2381 1934 murrnurarunt,
2400 1878 2456 1925 et
2473 1869 2759 1940 perierunt
2778 1865 2847 1919 ab
2858 1861 3291 1918 exterminatorc
3304 1855 3369 1907 ⁸⁷.
3386 1873 3407 1907 ι

1824 1973 2014 2042 Itaque
2045 1970 2089 2026 si
2126 1967 2204 2021 tui
2241 1965 2394 2020 salus
2427 1976 2577 2016 cura
2612 1959 2708 2012 tibi
2738 1964 2823 2011 est
2845 1995 2860 2017 .
2894 1968 3055 2010 cessa
3094 1966 3124 2004 a
3157 1963 3407 2004 murmu-

1827 2038 2166 2123 rationibus.
2200 2056 2303 2112 Sin
2352 2057 2573 2116 minus,
2607 2047 2889 2120 quomodo
2925 2041 3170 2115 potueris
3200 2039 3264 2092 ad
3304 2038 3413 2092 Do-

1827 2156 2040 2210 minum
2088 2164 2286 2204 manus
2336 2141 2698 2216 protendere,
2737 2148 3042 2208 precesque
3095 2130 3414 2189 elfundere,

1826 2256 1890 2302 ιιι
1919 2243 2221 2315 Apostolus
2245 2235 2535 2297 tradebat,
2563 2232 2775 2301 absque
2815 2228 2897 2281 ira
2928 2236 2983 2280 et
3013 2221 3414 2293 disputationi-

1827 2339 1935 2397 bus
1962 2336 2052 2390 ιιι
2089 2328 2459 2389 Murmuratio
2490 2339 2732 2394 namque
2764 2318 3066 2376 iracundia
3097 2316 3242 2371 fetus
3271 2320 3379 2368 est.

1977 2517 2139 2590 138
2168 2510 2355 2568 XLVI.
2385 2538 2457 2551 —
2483 2501 2882 2561 HELIODORO
2922 2495 3275 2554 MONACHO.

1904 2587 2235 2680 Quicunque
2291 2602 2483 2660 multis
2520 2597 2810 2655 laboribus
2865 2601 2919 2647 et
2967 2587 3307 2651 sudoribus,
3364 2588 3421 2637 et

1831 2677 2001 2774 longo
2059 2677 2309 2769 tempore
2371 2707 2499 2748 cum
2556 2683 2936 2757 voluptatibus
2996 2677 3419 2737 conﬂictantes,

144 2795 418 2869 ρίσματος
451 2793 717 2864 ἐπέτυχον
763 2793 862 2862 τῆς
912 2791 1181 2854 ἀπαθείας
1206 2830 1223 2852 ,
1257 2789 1471 2852 τούτοις
1517 2806 1732 2858 συγχω-

1845 2772 2054 2857 tandem
2089 2786 2389 2861 aliquando
2422 2786 2499 2840 ita
2553 2780 2744 2836 animo
2792 2772 3097 2844 comparati
3149 2774 3309 2830 sunt,
3358 2773 3421 2818 ut

145 2862 408 2959 ρήσωμεν
455 2862 749 2957 συντυχίας
782 2882 1052 2936 ποιεῖσθαι
1086 2881 1223 2954 πρὸς
1248 2881 1736 2951 ἀσκητριας.”οσοι

1845 2891 2008 2948 nullis
2038 2877 2549 2958 perturbationibus
2579 2874 3054 2928 commoveantur,
3084 2862 3153 2916 iis
3191 2872 3289 2929 per
3321 2870 3423 2910 nos

140 2983 193 3034 δὲ
229 2981 387 3034 κατά
417 2996 479 3032 σε
524 2979 724 3032 πάθεσι
760 2974 1063 3045 φιληδόνοις
1098 2973 1524 3043 πεφορτισμένοι
1570 2971 1732 3035 εἰσὶν,

1845 2983 2075 3040 facultas
2132 2978 2240 3040 sit,
2296 2965 2754 3028 consuetudinem
2818 2968 3240 3022 sermonemque
3294 2963 3422 3002 cum

142 3072 525 3146 εἰργέσθωσαν
546 3070 647 3140 τῆς
668 3043 925 3137 τοιαύτης
955 3064 1383 3136 σφαλερωτάτης
1417 3062 1732 3131 ἐντεύξεως,

1845 3072 2169 3132 mulieribus
2211 3079 2335 3122 sese
2380 3056 2777 3117 exercentibus
2824 3050 3051 3106 habere.
3105 3043 3212 3111 Qui
3250 3055 3425 3101 vero,

144 3122 349 3236 ἵνα.μῆ
383 3164 484 3217 καὶ
512 3122 613 3225 τάξ
642 3162 779 3224 ἰδίας
823 3122 1025 3230 ψύχὰς,
1057 3122 1154 3213 ml.
1183 3156 1283 3220 τὰς
1316 3122 1607 3227 ἀλλοτρίας

1845 3176 1903 3222 ιιι
1930 3172 2051 3219 ιιιιε
2078 3176 2169 3221 es,
2204 3151 2597 3209 affectionibus
2630 3146 2696 3201 ad
2728 3146 3042 3213 voluptates
3077 3135 3267 3208 pronis
3298 3146 3430 3186 one-

148 3222 435 3331 βάραθρον
473 3222 725 3327 ρίψῶσιν.
762 3222 938 3307 ’νινεῦ
984 3250 1096 3321 γάρ
1139 3222 1519 3320 ἀπαραιτήτου
1568 3248 1733 3311 τινὸς,

1845 3267 2056 3321 rantur,
2094 3254 2164 3307 ab
2192 3241 2580 3318 hujuscemodi
2615 3230 3112 3309 periculosissimis
3136 3222 3429 3293 colloquiis

146 3314 237 3405 καί
292 3314 613 3417 ἀναγκαίας
641 3345 857 3420 χρείας,
888 3344 949 3398 οὐ
983 3314 1077 3397 δεῖ·
1099 3314 1319 3413 βλέπε-ιν
1353 3314 1597 3412 θηλείας,
1629 3340 1737 3394 κᾶν

1846 3352 2166 3407 arceantur,
2202 3356 2269 3394 ne
2296 3335 2549 3409 proprias
2583 3328 2799 3384 animas
2829 3324 3148 3389 alienasque
3172 3316 3226 3371 in
3264 3314 3431 3369 bara-

146 3410 445 3497 xavovcxa‘l.
472 3410 605 3505 ὦσι,
766 3434 1049 3508 κοσμικαί.
1081 3410 1208 3497 Τοῖς
1236 3433 1296 3488 δὲ
1332 3410 1737 3505 προτρέπουσιν

1846 3444 2033 3501 tbrum
2072 3433 2442 3508 pracipttent.
2487 3424 2714 3492 Absque
2736 3418 2883 3474 enim
2919 3410 3236 3469 necessario
3285 3420 3387 3460 usu
3414 3444 3431 3469 ,

146 3537 301 3605 ἡμᾶς
345 3535 431 3597 είς
471 3496 600 3595 τοὺς
642 3529 851 3584 ἑαυτῶν
872 3496 1077 3591 ὀἴκους
1130 3496 1405 3597 βιωτικοῖς
1452 3496 1734 3597 ἀνδράσιν,

1845 3544 1901 3593 ει
1929 3533 2024 3606 qui
2065 3527 2261 3585 evitari
2311 3537 2422 3577 non
2459 3524 2669 3589 potest,
2705 3510 2999 3572 mulieres,
3035 3506 3153 3560 sive
3194 3502 3301 3555 illa
3328 3496 3434 3553 sub

328 3593 475 3694 ὑπὲρ
503 3593 684 3679 αὐτῶν
706 3620 1038 3694 ποιήσασθαι
1072 3593 1404 3691 προσευχὰς,
1430 3593 1648 3673 λεκτέον
1675 3620 1737 3673 τὸ

1845 3593 2029 3699 regula
2049 3664 2064 3685 ,
2098 3623 2217 3678 sive
2246 3618 2438 3672 libera
2468 3611 2638 3665 vitam
2667 3605 2882 3659 ducunt
2908 3640 2925 3662 ,
2962 3593 3294 3667 aspicienda
3324 3603 3434 3643 non

148 3721 239 3775 τοῦ
284 3674 631 3787 Εὐαγὲελίου
662 3716 721 3770 ὲν
753 3674 1225 3783 ταπεινοφροσύνῃ
1248 3674 1431 3777 ,”δτὶ’·
1475 3712 1591 3765 Οὐκ
1624 3711 1737 3782 ειμι

1845 3674 1993 3777 ειιῖιι.
2025 3708 2352 3770 Hominibus
2398 3709 2581 3755 autem
2629 3689 3036 3750 Saecularibus,
3085 3682 3178 3751 qui
3226 3693 3329 3732 nos
3378 3674 3436 3728 iu

152 3810 345 3873 ἱκανὸς
391 3771 473 3862 ιζῖ
500 3809 745 3880 ἀρεταῖς,
781 3806 867 3859 ἵνα
903 3771 1132 3859 είσέλθω
1160 3771 1375 3867 τὸν
1424 3799 1573 3855 οἶκόν
1611 3771 1737 3856 σου·

1845 3771 2104 3881 proprias
2168 3797 2317 3854 ades
2372 3792 2540 3848 etiam
2598 3785 2960 3840 adhortantes
3023 3775 3325 3830 advocant,
3377 3771 3437 3817 ut

152 3906 276 3960 ἐπεὶ
335 3903 398 3958 δὲ
433 3855 1068 3969 πιστεύειξνώφελεῖσθαι
1105 3897 1173 3951 δι’
1212 3855 1379 3967 εὐχῆς
1416 3897 1526 3951 τῶν
1576 3912 1737 3967 μονα·

2120 3905 2314 3965 preces
2344 3887 2453 3941 Deo
2507 3878 2847 3975 fundamus,
2882 3868 3017 3926 illud
3065 3855 3435 3975 Evangeliith

152 3946 276 3960 υ.-.
338 3946 398 3958 τ.
436 3946 709 3965 .-.η---.ν
743 3946 1067 3969 ..νηηηη
1111 3946 1155 3951 --
1215 3946 1374 3967 --κη
1430 3946 1517 3951 -_-
1576 3946 1713 3967 Γπ

152 3999 289 4070 χῶν,
331 4016 352 4049 ι
379 3993 628 4066 γενέσθω
678 4010 782 4058 σοι,
841 3989 1019 4054 καθὼς
1049 3990 1146 4045 καὶ
1201 3990 1550 4053 ἐπίστευσας.
1585 4008 1603 4041 ι
1634 3990 1737 4043 Καὶ

1848 3946 2158 4064 dejectione
2186 3981 2355 4038 animi
2383 3972 2724 4047 respondere
2756 3966 3025 4023 debemus
3051 3977 3066 4013 :
3091 3955 3210 4010 Non
3235 3952 3269 4005 ii
3304 3946 3437 4003 mihi

158 4095 361 4155 πάντες
418 4089 476 4142 δὲ
533 4089 584 4141 oi
632 4086 955 4154 ἀγαπῶντες
1004 4083 1102 4155 τὴν
1149 4082 1425 4154 ἡμετέραν
1472 4080 1745 4135 εὐτέλειαν

159 4185 405 4253 πατέρες
454 4178 552 4234 καὶ
584 4177 806 4247 ἀδελφοὶ
849 4175 1372 4246 παρακληθήσονται
1419 4173 1552 4244 παρ’
1608 4172 1744 4242 ἐμοῦ

162 4271 575 4343 προσεύξασθαι
624 4270 863 4341 γνησίως
904 4268 1044 4339 ὑπὲρ
1091 4265 1201 4321 τῶν
1253 4265 1555 4336 δεηθέντων
1610 4264 1744 4334 βιω-

161 4386 350 4422 τικων.

165 4465 435 4516 vilitatem
476 4458 714 4527 diligunt
740 4462 928 4525 patres
962 4452 1275 4524 fratresque
1299 4491 1315 4518 ,
1364 4468 1455 4509 me
1483 4460 1896 4522 intercessore,
1930 4420 2033 4523 pro
2057 4440 2348 4514 requisitis
2381 4451 2412 4490 a
2476 4428 2842 4491 saecularibus
2896 4420 3138 4491 legitime
3199 4430 3264 4469 ac

165 4570 290 4610 cere
321 4552 498 4608 Deum
534 4549 1001 4618 deprecabuntur.

506 4640 639 4695 MZ'.
665 4669 735 4681 —
766 4637 1065 4709 ΔΕΩΝΙΔῌ
1093 4634 1400 4705 ΜΟΝΔΧῼ.

235 4734 535 4790 Βέλτιστον
572 4730 669 4784 νῦν
712 4726 1149 4798 ἐπιφθέγξασθαί
1204 4742 1289 4779 σοι
1340 4724 1404 4778 τὸ
1451 4724 1546 4779 τοῦ
1593 4726 1758 4797 Ἱερε-

172 4830 298 4900 μίου
332 4842 349 4857 ·
398 4845 419 4878 ι
460 4820 533 4877 Ὠ
573 4823 701 4885 λαὸς
732 4821 914 4891 μωρὸς
961 4820 1057 4872 καὶ
1097 4817 1378 4889 ἀκάρδιος.
1429 4835 1451 4871 ι
1488 4817 1618 4871 Δέον
1644 4817 1758 4889 γὰρ

171 4916 531 4992 αἰσχύνεσθαί
563 4932 624 4969 σε
657 4916 752 4968 ἰπὶ
779 4915 892 4976 τοῖς
911 4910 1137 4981 φαύλοις
1167 4909 1481 4981 πράγμασι,
1518 4908 1615 4963 καὶ
1637 4910 1761 4973 ταῖς

173 5011 541 5077 κενοδοξίαις,
591 5007 686 5061 ιιια)⁵
711 5008 835 5067 ταῖς
868 5003 1300 5075 ἀθυροστομίαις
1321 5041 1339 5068 ,
1388 5000 1511 5054 τότε
1545 5000 1759 5072 πλήττῃ

174 5108 291 5168 ταῖς
328 5099 535 5173 χερσὶ,
575 5098 671 5151 καὶ
697 5098 822 5159 ταῖς
869 5093 1060 5158 ἄλλαις
1108 5091 1443 5165 ἀγερωχίαις
1488 5089 1762 5163 ὲναὸρύνη

181 5196 383 5267 μᾶλλον
415 5192 631 5254 τούτοις
654 5230 669 5253 ,
719 5191 817 5242 καὶ
859 5186 1068 5259 τέρπῃ,
1108 5185 1204 5239 καὶ
1234 5184 1327 5238 ἐπὶ
1356 5184 1577 5237 πάντων
1627 5198 1764 5237 καυ-

176 5287 365 5356 χᾶσαι,
396 5280 496 5335 καὶ
522 5279 768 5339 ἐπαινεῖς
799 5276 1017 5340 σαυτὸν,
1044 5272 1285 5343 δαψιλῶς
1318 5272 1587 5337 δοξάζεις.
1615 5269 1760 5323 Ἀλλ’

180 5374 529 5447 αἱσχύνθητι,
572 5371 741 5440 φησιν
766 5370 796 5422 ὁ
828 5368 985 5435 ἀγιος
1029 5366 1319 5438 προφήτης
1350 5366 1417 5418 ὲκ
1467 5362 1762 5436 προσώπου

178 5469 272 5522 τοῦ
318 5464 484 5533 Θεοῦ,
535 5463 633 5516 καὶ
680 5459 813 5515 λάὁε
846 5459 946 5531 τὴν
992 5458 1219 5530 ἀτιμίαν
1252 5474 1380 5524 σου,
1411 5458 1560 5519 ὅπως
1586 5454 1654 5509 ἂν
1683 5455 1764 5519 είς

1778 4643 1830 4705 ι)

1848 4052 1935 4143 in'
1958 4078 2263 4139 virtutibus
2304 4081 2636 4143 progressus
2681 4067 2852 4121 sunt,
2906 4063 2967 4110 ut
3010 4052 3234 4105 domum
3288 4052 3438 4097 luam

1851 4177 2128 4233 introeam
2157 4168 2201 4199 “
2251 4184 2265 4220 :
2302 4165 2685 4217 verumtamen
2724 4166 2850 4205 cum
2885 4146 2939 4200 id
2996 4149 3153 4196 certo
3209 4146 3396 4190 teneas
3423 4169 3438 4192 ,

1852 4265 2259 4326 monachorum
2292 4266 2484 4325 preces
2515 4247 2613 4301 tibi
2648 4243 2965 4312 adiumento
3000 4235 3244 4294 futuras,
3296 4244 3315 4277 ι
3350 4225 3442 4279 fiat

1853 4359 1992 4422 tibi,
2037 4355 2182 4408 sicut
2216 4341 2504 4402 credidisti
2526 4339 2595 4392 "°.
2639 4356 2656 4387 ι
2698 4334 2761 4388 Ει
2794 4345 2987 4386 omnes
3032 4326 3127 4395 qui
3194 4327 3440 4376 nostrain

3325 4425 3445 4465 Slll-

1930 4714 2212 4787 Optimum
2264 4719 2413 4761 nunc
2441 4701 2696 4772 equidem
2736 4705 2821 4751 est
2844 4731 2861 4758 ,
2886 4689 3030 4757 illud
3062 4687 3160 4742 tibi
3191 4682 3447 4740 Jeremia

1852 4779 2073 4868 edicere
2102 4824 2119 4861 :
2148 4821 2167 4856 ι
2201 4800 2246 4857 Ο
2274 4797 2476 4870 popule
2519 4793 2687 4849 stulte
2711 4796 2767 4844 et
2795 4799 2996 4842 excors
3023 4783 3092 4835 ⁵¹.
3131 4799 3151 4832 ι
3188 4779 3441 4847 Namque

1853 4916 1981 4959 cum
2010 4912 2154 4970 opus
2181 4903 2331 4952 esset
2354 4900 2409 4945 te
2434 4887 2636 4943 rubore
2665 4878 2911 4937 sullundi
2933 4918 2949 4941 ,
2980 4876 3053 4930 ob
3084 4887 3174 4927 res
3206 4884 3405 4941 pravas
3427 4906 3444 4931 ,

1856 4999 1915 5047 et
1938 4964 2163 5043 inanem
2205 4982 2441 5053 gloriam
2468 5018 2486 5043 ,
2538 4984 2592 5030 et
2632 4974 2833 5043 lingua
2863 4964 3256 5038 petulantiam,
3311 4968 3449 5013 tunc

1858 5080 2119 5137 manibus
2149 5074 2368 5147 plaudis
2391 5110 2408 5136 ,
2444 5078 2501 5124 et
2535 5065 2666 5121 aliis
2697 5079 2795 5134 per
2827 5069 2882 5116 te
2911 5058 3212 5115 insolenter
3236 5053 3405 5125 gestis
3430 5091 3447 5115 ,

1862 5171 2121 5243 superbis
2152 5176 2206 5224 et
2250 5163 2551 5223 oblectaris
2574 5201 2591 5228 ,
2639 5167 2696 5216 et
2729 5164 2860 5211 ante
2893 5152 3036 5206 alios
3066 5150 3243 5220 iactas
3264 5185 3279 5208 .
3308 5156 3363 5201 et
3397 5152 3452 5199 te

1867 5241 2028 5336 139
2065 5260 2325 5317 laudibus
2375 5254 2541 5313 effers
2565 5296 2583 5321 ,
2615 5260 2669 5308 et
2697 5241 3205 5305 abundantioribus
3237 5251 3452 5309 praco-

1862 5333 1976 5412 niis
1992 5333 2253 5410 extollis.
2281 5350 2680 5407 Verumtamen
2719 5342 2920 5397 rubore
2949 5333 3289 5397 suﬂundere,
3320 5344 3451 5385 san-

1865 5458 1992 5506 ctus
2022 5445 2291 5519 pr0phela
2340 5457 2409 5498 ex
2456 5430 2695 5511 persona
2726 5434 2821 5488 Dei
2866 5431 3070 5486 clamat
3103 5444 3117 5481 :
3164 5424 3230 5478 Et
3260 5422 3454 5491 accipe

182 5517 540 5627 συναίσθησιν
565 5552 761 5621 ὶλθὼν,
800 5517 997 5607 σαυτὸν
1029 5517 1292 5621 ἐπιγνῷς,
1334 5517 1431 5603 καὶ
1458 5517 1731 5615 καταγνοὺ

1865 5517 2228 5615 opprobrium
2277 5544 2435 5593 tuum
2479 5534 2550 5602 ⁸³,
2606 5537 2670 5587 ιιι
2711 5527 2932 5584 tandem
2982 5517 3280 5593 aliquando
3327 5531 3452 5588 per-

253 5699 558 5789 διέμενε),
746 5697 789 5731 ⁸⁷
816 5697 838 5753 l
868 5696 997 5753 Cor.
1035 5713 1086 5763 ι,
1120 5696 1205 5789 Hb
1278 5694 1322 5728 "
1354 5693 1375 5749 Ι
1407 5691 1647 5751 Τίωοιιι·
1673 5706 1736 5759 ll:

1897 5687 1944 5722 “
1965 5684 2102 5744 Luc.
2133 5699 2231 5751 vn,
2259 5681 2315 5740 6.
2345 5680 2392 5715 "
2413 5678 2569 5738 Hatt.
2600 5693 2720 5743 vui,
2752 5674 2840 5731 l5.
2917 5673 2959 5706 ⁵¹
2989 5670 3096 5729 Jcr.
3131 5686 3187 5737 ι’,

186 5772 382 5829 Ezecb.
428 5785 539 5837 xvt,
589 5769 677 5825 52.

3226 5662 3319 5719 ει.
3395 5658 3443 5689 θ’
