3850 6218
421 285 528 349 219

1919 294 1979 352 S.
2025 294 2187 353 ΝΙῙᾸ

3571 289 3705 351 220

430 396 739 453 sentiscens
765 437 781 461 ,
815 404 867 451 te
894 397 1072 467 ipsum
1102 416 1427 469 cognoscas,
1449 410 1505 457 ct
1534 414 1626 456 tua
1654 404 2001 471 improbitate

2110 409 2201 476 τῆς
2236 404 2434 458 σαυτοῦ
2470 402 2834 472 φαυλότητος,
2879 400 3112 470 δυνηθῇς
3155 398 3490 468 φωτισθῆναι
3517 415 3533 429 ⁸
3591 400 3704 466 δρ-

420 488 783 542 condemnala
814 490 996 557 possis
1028 491 1346 547 illuminari.
1382 494 1625 563 Namque
1659 500 1851 549 aninue
1884 512 1999 549 ma-

422 580 661 633 tutinum
709 588 794 633 est
832 590 1187 649 peccatorum
1233 588 1512 653 cognitio,
1561 597 1612 643 et
1659 592 2000 644 condemna-

422 671 501 724 tio
524 711 538 735 ,
580 680 634 726 et
672 672 865 728 salutis
901 675 1257 742 principium.

1097 766 1326 821 XLVIII.

498 853 608 906 Deo
640 861 790 908 tuam
829 855 1265 913 imbecillitatem
1321 857 1529 914 fateare
1551 900 1566 923 ,
1605 869 1667 915 ut
1701 860 1785 915 vis
1817 861 2007 932 gratiae

424 946 752 1012 Splendeat,
793 957 847 1002 et
882 963 1047 1018 supra
1076 959 1330 1005 naturam
1363 950 1590 1005 Domini
1618 953 1874 1009 voluntas
1911 955 2005 1009 mi-

425 1038 614 1089 racula
647 1039 870 1094 eIIiciat.

477 1146 664 1204 XLIX.
698 1152 1209 1211 —ALEXANDI{O
1249 1153 1581 1211 MONACHO
1621 1155 1710 1210 EX
1746 1156 1975 1212 GRAM-

1083 1223 1367 1279 MATICO.

502 1328 520 1361 ι
562 1310 789 1373 Venite,
827 1313 904 1367 ait
934 1315 1200 1384 propheta
1225 1356 1241 1381 ,
1280 1325 1336 1370 et
1370 1317 1739 1375 ascendamus
1769 1320 1823 1373 in
1850 1336 2009 1374 mon-

425 1408 533 1453 tom
568 1401 776 1457 Domini
800 1405 872 1455 ⁵³.
926 1424 943 1454 ι
983 1405 1101 1459 Non
1138 1414 1321 1461 autem
1352 1449 1367 1473 ,
1405 1408 1597 1464 Venite
1629 1419 1684 1465 et
1728 1428 1830 1466 nos
1879 1427 2012 1482 pra:-

434 1493 632 1561 cipites
664 1494 992 1561 dejiciamus
1026 1498 1079 1550 in
1113 1498 1414 1553 adversarii
1451 1503 1770 1571 voraginem
1822 1522 1835 1558 :
1873 1505 2009 1558 nihil

426 1587 617 1649 enim,
676 1597 735 1641 ut
770 1602 958 1642 verum
1013 1590 1211 1656 fatear,
1245 1594 1518 1662 terrigena
1564 1597 1833 1664 sapientia
1883 1614 2012 1668 pro-

2100 498 2228 567 θρος
2251 497 2356 565 γὰρ
2385 495 2565 565 ψυχῆς
2591 493 3005 564 ἁμαρτημάτων
3054 489 3348 558 ἐπίγνωσις
3386 491 3482 542 καὶ
3507 490 3699 542 κατὰ-

2101 605 2324 657 γνωσις,
2358 588 2453 641 καὶ
2492 586 2634 657 ἁρχὴ
2664 583 2959 654 σωτηρίας.

2809 780 2953 833 ΜΗ¹.

2184 871 2551 942 Ὀμολόγησον
2582 870 2660 940 τῷ
2695 870 2813 941 Θεῷ
2850 870 2947 941 τὴν
2994 868 3196 924 σαυτοῦ
3238 867 3558 932 ἀσθένειαν,
3598 867 3692 919 ἵνα

2103 963 2163 1016 τὸ
2214 964 2438 1016 δυνατὸν
2498 962 2753 1033 ἀστράψῃ
2807 962 2907 1030 τῆς
2956 961 3182 1031 χάριτος
3208 1003 3223 1025 ,
3274 959 3367 1011 καὶ
3420 958 3690 1010 ἐπέκεινα

2106 1052 2318 1121 φύσεως
2351 1053 2813 1124 θαυματουργὴσῃ
2838 1052 2897 1105 τὸ
2935 1052 3259 1105 Δεσποτικδν
3291 1050 3563 1121 βούλημα.

2106 1164 2316 1219 ΜΘ’.-
2352 1163 3106 1287 ΑΛΕΞΑΝΔΡῼΤῗῖίΟΩἚΑΧῼ
3170 1164 3309 1217 ΑΠΟ
3356 1162 3688 1216 ΓΡΑΜΜΑ-

2185 1344 2204 1378 ι
2238 1324 2401 1379 Δεῦτε
2427 1366 2441 1389 ,
2474 1326 2638 1395 φησὶν
2665 1328 2693 1379 6
2731 1326 3037 1395 προφήτης,
3072 1324 3166 1378 καὶ
3196 1322 3486 1393 ἀναδῶμεν
3515 1325 3597 1387 είς
3626 1322 3689 1375 τὸ

2110 1415 2233 1486 ὄρος
2268 1416 2363 1469 τοῦ
2402 1416 2626 1485 Κυρίου.
2668 1435 2686 1466 ι
2724 1415 2879 1484 Οὐχὶ,
2904 1414 3068 1466 Δεῦτε
3093 1455 3107 1478 ,
3164 1415 3257 1466 καὶ
3300 1429 3689 1484 κατακρημνι-

2113 1506 2330 1577 σθῶμεν
2378 1509 2456 1571 είς
2492 1506 2593 1578 τὴν
2638 1506 2733 1560 τοῦ
2779 1506 2975 1577 ἐχθροῦ
3022 1506 3302 1577 φάραγγα.
3360 1505 3526 1557 Οὐδὲν
3572 1505 3689 1572 γάρ

2111 1597 2326 1667 ἀληθῶς
2368 1600 2601 1669 ὑπάρχει
2644 1598 2953 1669 κοιλότερον
2997 1598 3098 1668 τῆς
3149 1597 3421 1667 κοσμικῆς
3466 1597 3684 1666 σοφίας,

428 1677 659 1733 fundius
686 1718 700 1739 ,
733 1679 1051 1750 depressius
1077 1724 1093 1749 ,
1135 1684 1439 1752 humilius;
1490 1686 1619 1741 licet
1667 1689 2005 1758 impudenter

2111 1690 2231 1743 οὑδὲ
2273 1689 2697 1761 χθαμαλώτερόν
2726 1708 2821 1753 τε,
2854 1690 2951 1743 καὶ
2992 1687 3531 1760 χαμαιπετέστερον,
3578 1687 3687 1741 κᾶν

427 1769 564 1822 satis
613 1769 668 1822 in
719 1770 890 1824 altum
942 1774 1161 1827 volatus
1215 1777 1467 1830 attollere
1494 1793 1628 1831 suos
1661 1782 2005 1848 proliteatur.

2111 1780 2172 1842 ἐξ
2207 1750 2884 1853 ἀνάισχυντίαςίπτᾶσθαι
3118 1779 3299 1850 ὑψηλά
3341 1750 3689 1848 ἐπαγγέλλη-

427 1858 775 1927 Quapropter
821 1860 1046 1918 divinus
1103 1865 1282 1919 aiebat
1314 1866 1613 1936 Apostolus
1648 1886 1664 1921 :
1721 1888 1739 1920 ι
1779 1870 2011 1940 Sapien-

426 1948 559 2001 tiam
592 1951 781 2005 mundi
821 1953 989 2022 hujus
1018 1970 1142 2010 esse
1173 1958 1461 2012 stultitiam
1490 1962 1634 2031 apud
1673 1960 1840 2016 Deum
1867 1963 1936 2017 “.
1985 1984 2005 2017 ›

428 2040 566 2095 Cum
599 2044 742 2096 enim
795 2047 1036 2101 mundus
1066 2063 1163 2117 per
1208 2050 1536 2118 sapientiam
1584 2051 1748 2105 Deum
1777 2069 1885 2107 non
1917 2068 2011 2109 eos

426 2136 747 2204 gnovisset,
792 2136 938 2193 Deus
969 2140 1288 2208 sapientum
1314 2141 1599 2196 scientiam
1633 2145 1855 2198 stultam
1884 2148 2011 2201 red-

426 2224 568 2305 _didit
594 2266 609 2288 ,
643 2228 864 2297 eloquio
902 2245 964 2283 ac
990 2230 1236 2287 dictione
1287 2234 1550 2299 rudibus,
1598 2238 2008 2305 cognitionem,

426 2297 483 2369 in
534 2332 640 2385 qtta
686 2318 874 2373 nullus
925 2334 1082 2374 error
1130 2322 1548 2384 admittebatur.
1601 2326 2010 2394 possidentibus

425 2408 725 2475 apostolis,
783 2409 1030 2465 subdens
1078 2412 1369 2467 universas
1413 2425 1641 2483 gentes,
1685 2428 1740 2471 et
1790 2433 2009 2475 omnem

424 2495 672 2567 linguam
717 2498 1033 2554 Graecorum
1061 2509 1115 2556 et
1140 2503 1518 2559 barbarorum.
1542 2506 1679 2562 Hinc
1696 2510 2011 2580 quicunque

425 2587 646 2657 pietatis
680 2590 1021 2659 praeconium
1076 2593 1452 2661 amplectitur,
1488 2598 1619 2652 totis
1664 2599 1871 2655 viribus
1923 2603 2010 2655 in-

426 2679 679 2745 cumbit,
720 2681 1098 2749 apostolorum
1145 2684 1350 2752 regulis
1380 2687 1794 2757 obtemperans,
1828 2701 1884 2745 ut
1915 2708 2009 2747 eo-

427 2784 553 2822 rum
604 2770 827 2824 dicendi
876 2770 1109 2825 Iormam
1143 2776 1414 2844 exquisite
1448 2789 1795 2848 assequatur,
1828 2783 2009 2838 nullo-

426 2874 533 2929 quo
570 2860 728 2932 140
759 2861 917 2915 modo
953 2864 1021 2918 ab
1050 2879 1238 2918 eorum
1268 2865 1474 2921 illibata
1502 2872 1801 2928 traditione
1840 2874 2009 2930 delle-

425 2959 557 3029 ctat.
620 2954 1090 3009 Absurdissimum
1140 2956 1326 3027 itaque
1357 2961 1560 3025 fuerit,
1618 2980 1756 3027 nos,
1811 2968 1902 3036 qui
1941 2957 2007 3023 ad

2108 1892 2221 1927 ται.
2265 1874 2356 1926 Διό
2390 1891 2554 1943 φησιν
2601 1874 2630 1926 6
2678 1873 2820 1938 θεῖος
2858 1871 3216 1937 Ἀπόστολος,
3248 1872 3332 1924 ὅτι
3363 1888 3384 1923 ι
3425 1863 3493 1924 Ἦ
3523 1872 3687 1940 σοφία

2109 1966 2202 2021 τοῦ
2249 1966 2455 2036 κόσμου
2502 1965 2693 2019 τούτου
2728 1965 2911 2036 μωρία
2958 1963 3112 2033 παρὰ
3154 1962 3233 2033 τῷ
3275 1962 3397 2033 Θεῷ
3444 1962 3615 2016 ἐστιν.
3658 1980 3678 2013 ι

2123 2058 2340 2130 Ἐπειδὴ
2366 2059 2473 2129 γὰρ
2499 2058 2527 2110 6
2554 2058 2757 2127 κόσμος
2804 2056 2909 2110 οὑκ
2944 2055 3088 2125 ἔγνω
3130 2055 3219 2109 διά
3242 2057 3345 2126 τῆς
3372 2054 3566 2121 σοφίας
3589 2052 3686 2106 τὸν

2109 2150 2260 2214 Θεὸν,
2292 2149 2573 2221 ἐμώρανεν
2598 2152 2627 2202 ὁ
2665 2148 2807 2212 Θεὸς
2834 2148 2934 2218 τὴν
2969 2146 3162 2216 σοφίαν
3190 2146 3299 2201 τῶν
3327 2146 3530 2215 σοφῶν,
3568 2148 3695 2209 τοῖς

2113 2240 2348 2304 ἰδιώταις
2381 2241 2479 2310 μὲν
2505 2242 2573 2311 τῇ
2608 2240 2829 2311 φράσει,
2858 2238 2921 2291 τὸ
2945 2238 3282 2291 ἀδιάπτωτον
3307 2236 3366 2290 δέ
3397 2236 3541 2289 κατά
3579 2235 3693 2304 τὴν

2110 2331 2311 2400 γνῶσιν
2362 2330 2575 2401 ἔχουσιν
2627 2330 2986 2393 ἀποστόλοις,
3036 2328 3313 2392 ὑποτάξας
3362 2329 3471 2380 πᾶν
3506 2325 3683 2391 ἔθνος,

2110 2424 2206 2476 καὶ
2260 2424 2438 2476 πᾶσαν
2507 2420 2757 2490 γλῶσσαν
2797 2420 3064 2491 Ἑλλήνων
3092 2437 3184 2487 τε,
3228 2419 3323 2471 καὶ
3365 2416 3679 2489 βαρϐάρωνι

2114 2513 2274 2567 Ὅθεν
2321 2513 2549 2577 ἕκαστος
2598 2512 2707 2568 τῶν
2758 2512 2836 2583 τῷ
2883 2511 3201 2584 κηρύγματι
3251 2511 3351 2582 τῆς
3403 2510 3682 2573 εὐσεϐείας

2110 2604 2474 2673 προσιόντων,
2527 2604 2765 2675 σπουδὴν
2814 2605 2996 2657 πᾶσαν
3046 2603 3285 2667 τίθεται,
3327 2604 3439 2665 τοῖς
3492 2602 3681 2655 κανόσι

2108 2694 2217 2747 τῶν
2263 2693 2575 2747 ἀποστόλων
2622 2695 2912 2763 ἑπόμενος,
2955 2692 3047 2747 τὸν
3093 2693 3317 2746 ἐκείνων
3356 2691 3684 2763 χαρακτῆρα

2112 2786 2207 2838 σὺν
2230 2785 2486 2856 ἀκριϐείᾳ
2511 2784 2814 2855 μιμεῖσθαι,
2839 2785 2933 2839 καὶ
2955 2784 3206 2855 μηδαμοῦ
3228 2782 3693 2855 παρατρέπεσθαι

2107 2878 2208 2946 τῆς
2236 2878 2462 2932 ἐκείνων
2487 2877 2719 2948 ἀμώμου
2750 2877 3121 2950 παραδόσεως.
3154 2877 3274 2930 Τῶν
3321 2877 3682 2931 ἀτοπωτάτων

2109 2970 2286 3022 τοίνυν
2336 2967 2402 3022 ἂν
2439 2967 2527 3037 εἴη
2553 3009 2568 3033 ,
2606 2967 2916 3038 προϐάντας
2946 2969 3094 3037 ἡμᾶς
3139 2967 3215 3037 τῷ
3261 2967 3376 3036 δρει
3410 2967 3512 3036 τῆς
3540 2967 3681 3021 κατά

428 3053 671 3097 montem
718 3046 952 3100 excelsae
984 3056 1039 3100 et
1069 3047 1399 3106 Christianae
1426 3053 1785 3124 phil050phia:
1819 3073 2005 3113 ascen-

2110 3060 2345 3132 Χριστὸν
2402 3059 2613 3130 ὑψηλῆς
2668 3059 3014 3128 φιλοσοφίας,
3080 3059 3218 3129 μετά
3272 3059 3333 3113 τὸ
3388 3059 3690 3114 διαπτῦσαι

427 3132 615 3187 dimus
639 3176 653 3199 ,
690 3144 817 3204 post
849 3139 1135 3206 gentilium
1162 3141 1404 3209 ejuralas
1445 3149 1782 3217 praestigias,
1819 3159 1874 3205 et
1912 3168 2009 3205 eo-

426 3239 551 3277 rum
584 3227 862 3281 tumidum
908 3230 1126 3284 dicendi
1162 3249 1335 3299 genus
1376 3239 1724 3294 exsibilatum
1751 3282 1766 3305 ,
1816 3254 2010 3299 rursus

429 3311 496 3364 ad
527 3312 707 3367 inanis
736 3315 922 3384 gloria:
971 3321 1204 3390 vanique
1237 3324 1403 3381 Studii
1436 3328 2008 3389 tenebricosissimam

427 3404 733 3458 convallem
787 3409 1082 3475 protrudi,
1135 3418 1189 3465 et
1238 3415 1525 3483 prudentia
1566 3418 1680 3486 jam
1736 3422 2011 3489 perfectos

428 3492 613 3548 denuo
661 3495 1081 3563 rejmenescere
1103 3540 1119 3565 ,
1154 3511 1210 3556 et
1236 3503 1416 3558 instar
1456 3505 1849 3564 infantulorum
1881 3528 2009 3567 car-

430 3580 612 3644 mina,
646 3583 974 3655 iambosque
996 3590 1219 3644 maximi
1251 3594 1523 3650 aestimare
1544 3637 1560 3661 ,
1597 3600 1795 3666 quibus
1824 3604 2006 3659 nullus

430 3671 696 3743 intliguit,
716 3691 896 3746 neque
925 3681 1120 3748 Apollo
1151 3683 1563 3744 Alexandrinus
1593 3689 1831 3749 disertus
1857 3736 1872 3759 ,
1906 3712 2007 3764 po-

431 3774 547 3817 tum
582 3766 791 3821 Christi
847 3770 1138 3841 discipulis
1185 3775 1487 3842 exhibens,
1539 3795 1719 3857 neque
1757 3784 2009 3843 Clemens

430 3852 711 3911 Romanus
757 3858 1152 3931 philosophus,
1206 3882 1383 3936 neque
1438 3854 1713 3929 innumeri
1760 3878 1853 3931 alii
1891 3894 2007 3933 ma-

433 3945 593 4015 gistri
626 3950 852 4004 virtutis
873 3992 889 4018 ,
941 3960 998 4007 et
1046 3958 1444 4024 grammatistze
1475 3963 1843 4032 apostolorum
1875 3984 2005 4023 suc-

428 4049 680 4092 cessores
726 4056 741 4105 ;
782 4056 851 4095 ne
880 4045 1073 4098 metris
1100 4055 1155 4100 et
1179 4050 1516 4106 carminibus
1539 4069 1759 4110 crucem
1792 4056 2005 4115 Domini

432 4138 769 4183 evacuarent
791 4171 806 4195 ,
840 4140 895 4186 et
937 4143 1130 4189 contra
1161 4136 1404 4195 divinam
1451 4143 1621 4213 legem
1646 4183 1665 4211 ,
1699 4148 1800 4203 mel
1842 4165 2006 4219 super

429 4216 605 4272 altare
633 4220 829 4276 oﬂ‘erre
845 4223 1383 4294 deprehenderentur
1419 4233 1487 4290 ⁸⁵.
1519 4254 1537 4287 ι
1562 4236 1667 4292 Mel
1694 4240 1839 4293 enim
1866 4216 2005 4297 ela-

429 4306 536 4362 biis
556 4311 802 4368 mulieris
821 4319 1125 4374 meretricis
1143 4321 1373 4377 distillat
1388 4326 1599 4391 ",ihoc
1619 4336 1703 4383 est
1716 4332 2003 4399 gentilium

2108 3153 2206 3223 τὴν
2246 3152 2562 3222 Ἑλληνικὴν
2606 3152 2894 3222 τερθρείαν
2922 3191 2939 3216 ,
2991 3152 3086 3205 καὶ
3116 3152 3382 3223 ἀτιμάσαι
3410 3153 3512 3223 τὴν
3542 3170 3677 3223 κομ-

2108 3243 2316 3314 πῳδίαν
2360 3242 2561 3308 αὑτῶν,
2608 3243 2771 3296 πάλιν
2802 3245 2881 3307 είς
2913 3243 3012 3314 τὴν
3043 3243 3144 3314 τῆς
3167 3244 3541 3313 κουφοδοξίας,
3586 3245 3683 3298 καὶ

2108 3335 2210 3403 τῆς
2243 3334 2637 3403 ματαιοπονίας
2681 3334 3088 3406 καταφέρεσθαι
3133 3337 3550 3407 σκοτεινοτάτην
3580 3339 3677 3405 φά-

2110 3443 2320 3496 ραγγα,
2367 3427 2461 3479 καὶ
2501 3428 2629 3490 τοὺς
2655 3427 2894 3491 τελείους
2935 3428 3035 3498 τὴν
3080 3428 3256 3499 φρένα
3290 3428 3453 3485 πάλιν
3483 3432 3675 3485 παιδα-

2111 3517 2404 3588 ριεύεσθαι,
2438 3517 2531 3571 καὶ
2558 3517 2713 3589 δίκην
2760 3518 3063 3590 μειρακίων
3110 3519 3241 3589 περὶ
3274 3520 3469 3575 πολλοῦ
3512 3524 3678 3575 ποιεῖ-

2108 3608 2231 3661 σθαι
2271 3608 2340 3661 τά
2389 3608 2529 3678 ἔπη,
2571 3609 2668 3661 καὶ
2707 3610 2833 3674 τοὺς
2876 3610 3137 3681 ἰάμϐους,
3174 3604 3249 3664 ὧν
3287 3612 3479 3683 χρείαν
3506 3614 3676 3677 οὐδεὶς

2107 3696 2283 3767 ἔσχεν,
2314 3699 2415 3751 οὐκ
2462 3698 2734 3762 Ἀπολλὼς
2778 3701 2807 3752 6
2851 3699 3230 3769 Ἀλεξανδρεὺς
3256 3700 3436 3769 λόγιος
3469 3704 3500 3755 6
3530 3720 3677 3755 ποτι-

2110 3788 2239 3856 στὴς
2262 3788 2371 3841 τῶν
2399 3789 2636 3861 Χριστοῦ
2667 3789 2943 3860 μαθητῶν,
2975 3792 3035 3844 οὑ
3065 3792 3296 3861 Κλήμης
3322 3794 3350 3846 6
3393 3794 3678 3865 Ῥωμαίων

2107 3878 2417 3948 φιλόσοφος,
2446 3878 2546 3934 οὑκ
2576 3880 2723 3934 ἄλλοι
2752 3882 2937 3952 μυρίοι
2961 3882 3263 3951 φιλόσοφοι,
3293 3885 3389 3938 καὶ
3413 3901 3675 3955 γραμμα-

2104 3970 2288 4021 τισταὶ
2332 3969 2575 4042 δεύτεροι
2606 3970 2715 4024 τῶν
2746 3972 3060 4027 ἀποστόλων
3106 3973 3424 4045 λεγόμενοι,
3467 3978 3554 4030 ἶνα
3603 3977 3685 4047 μὴ·

2104 4059 2193 4114 διὰ
2240 4060 2333 4114 τοῦ
2386 4061 2583 4131 μέτρου
2605 4102 2620 4124 ,
2676 4062 2770 4115 καὶ
2810 4065 2910 4133 τῆς
2941 4065 3225 4129 ἐποποιῒας
3263 4065 3548 4120 κενώσωσι
3585 4068 3675 4121 τὸν

2106 4152 2335 4223 σταυρὸν
2365 4152 2460 4206 τοῦ
2491 4140 2734 4225 Κυρίου.
2781 4157 2875 4209 καὶ
2903 4156 3195 4227 φωραθῶσι
3225 4158 3375 4229 παρά
3411 4160 3503 4213 τὸν
3537 4159 3677 4213 θεῖον

2104 4246 2267 4316 νόμον
2317 4245 2380 4299 τὸ
2432 4245 2553 4314 μέλι
2586 4245 2952 4317 ἀναφέροντες
2994 4248 3088 4301 ἐπὶ
3138 4249 3200 4302 τὺ
3267 4250 3673 4322 θυσιαστήριον.

2111 4356 2130 4388 ι
2152 4336 2292 4389 Μέλι
2324 4334 2432 4406 γὰρ
2453 4336 2747 4401 ἀποστάζει
2765 4338 2874 4391 ἀπὸ
2884 4339 3103 4408 χειλέων
3118 4342 3377 4408 γυναικὸς
3408 4344 3667 4415 πόρνης,ι

429 4401 724 4455 verborum
773 4415 971 4460 ornatu
999 4417 1057 4463 et
1088 4412 1380 4479 splendore
1406 4456 1421 4481 ,
1463 4434 1585 4486 qua:
1614 4422 1749 4477 satis
1775 4439 2003 4493 persua-

2110 4426 2311 4498 δηλαδὴ
2337 4401 2455 4498 ’τῆς
2496 4428 2764 4499 Ἐλλήνων
2788 4401 3142 4494 καλλιεπείας
3161 4474 3175 4497 ,
3232 4401 3372 4503 ἥτις-
3408 4401 3673 4507 τῇΙπόλλῇ

414 4492 589 4569 ς(ιεξηιο
638 4500 1041 4556 consuetudine
1067 4543 1081 4567 ,
1120 4504 1403 4574 decipiens
1461 4512 1629 4565 stulte
1676 4492 1961 4585 deceptum
1987 4558 2003 4582 ,

428 4592 490 4637 ut
518 4586 595 4637 ait
628 4585 885 4643 Salomon
906 4632 920 4657 ,
962 4592 1284 4667 laqueisque
1311 4614 1375 4653 ex
1410 4601 1573 4655 labiis
1601 4606 1809 4661 exortis
1851 4608 2006 4662 colli-

428 4684 565 4746 gat,
620 4694 685 4733 ac
733 4681 917 4737 divina
966 4685 1317 4757 philosophia
1347 4693 1676 4759 extrudens,
1732 4697 1788 4750 in
1824 4698 2003 4767 ipsum

428 4767 681 4838 laqueum
711 4780 766 4827 et
798 4774 852 4828 in
911 4777 1248 4846 profundum
1317 4781 1515 4837 inferni
1557 4787 1756 4843 misere
1789 4799 2003 4859 captum

426 4866 748 4933 prtecipitat.
788 4867 865 4923 Ne
909 4869 1096 4939 itaque
1148 4875 1391 4929 numeris
1435 4878 1719 4943 attendas,
1764 4881 1893 4935 licet
1946 4883 1999 4936 in

425 4967 523 5008 eos
553 4956 739 5010 animo
795 4965 1159 5029 propensiore
1200 4967 1279 5021 sis
1305 5004 1320 5029 ,
1360 4967 1634 5038 nimisque
1688 4971 1798 5027 illis
1844 4972 2003 5027 addi-

428 5055 553 5100 ctus
581 5087 595 5110 ,
650 5065 719 5104 ne
757 5050 1004 5108 divinum
1059 5058 1437 5125 apostolorum
1466 5061 1837 5117 characterem
1869 5066 2004 5120 abo-

428 5135 580 5204 lens,
609 5157 769 5209 quem
801 5145 957 5200 avide
1011 5147 1176 5203 nimis
1215 5158 1374 5205 antea
1399 5153 1704 5221 exprimere
1727 5156 2002 5225 elegeras,

428 5225 485 5279 in
529 5237 826 5286 extremam
874 5236 1279 5293 deformitatem
1313 5241 1523 5296 incidas
1548 5283 1563 5307 ,
1591 5252 1756 5314 atque
1785 5247 2004 5303 innote-

428 5332 551 5373 scas
578 5358 592 5381 .
633 5337 825 5390 parum
859 5329 955 5383 tibi
987 5346 1134 5386 cura:
1159 5347 1282 5388 esse
1311 5337 1542 5391 salutem
1576 5348 1725 5392 tuam
1767 5353 1992 5410 propter

427 5408 668 5463 studium
714 5417 1058 5486 carminum;
1100 5414 1475 5492 praejudicium
1516 5442 1677 5493 vero,
1730 5408 1785 5483 et
1830 5408 1992 5500 tvpus

424 5504 480 5552 et
509 5497 737 5569 laqueus
771 5506 892 5563 aliis
925 5507 1023 5565 [ias
1051 5550 1067 5576 ,
1096 5515 1189 5582 qui
1238 5515 1629 5587 immorigerati
1659 5559 1675 5587 ,
1713 5497 1867 5575 vilest
1892 5497 1995 5577 vse-

496 5678 544 5710 ⁵³
590 5678 696 5736 lsa.
750 5698 810 5749 ιι,
868 5686 920 5741 5.
1000 5686 1045 5719 “
1085 5688 1105 5743 I
1144 5688 1272 5745 Cor.
1316 5708 1397 5757 ιιι,
1439 5694 1521 5750 I9.

2103 4518 2303 4589 πιθανῇ
2352 4520 2536 4589 ὁμιλίᾳ
2588 4520 2916 4586 ἐξαπατῶσα
2948 4522 3038 4575 τὸν
3097 4524 3500 4593 κομψευθέντα,
3535 4526 3681 4579 καθά

2103 4628 2267 4681 φησιν
2291 4612 2319 4663 6
2343 4611 2616 4682 Σολομὼν,
2652 4614 2868 4684 βρόχοις
2895 4631 2954 4666 τε
2979 4616 3092 4678 τοῖς
3120 4615 3227 4669 ἀπὸ
3254 4616 3475 4686 χειλέων
3510 4636 3675 4671 κατα-

2107 4700 2316 4772 δεσμεῖ,
2351 4702 2444 4755 καὶ
2470 4702 2738 4768 ἐξοκεῖλαι
2792 4706 3257 4775 παρασκευάσασα
3286 4707 3387 4774 τῆς
3413 4708 3506 4761 τοῦ
3540 4710 3672 4764 Θεοῦ

2099 4792 2438 4861 φιλοσοφίας,
2469 4795 2550 4857 είς
2580 4795 2713 4848 αὑτὸ
2735 4796 2796 4848 τὸ
2828 4796 3115 4866 πέταυρον,
3147 4800 3243 4851 καὶ
3272 4801 3544 4862 εί;.αὑτὸν
3577 4803 3675 4856 τὸν

2098 4884 2350 4954 πυθμένα
2391 4883 2485 4937 τοῦ
2538 4884 2665 4955 ᾅδου
2701 4886 3060 4950 καταϐιϐάζει
3100 4888 3194 4942 τὸν
3224 4889 3423 4953 ἀθλίως
3453 4893 3668 4947 ἁλόντα.

2100 4976 2192 5047 Μὴ
2229 4976 2408 5030 τοίνυν
2448 4976 2568 5029 θέλε
2601 4978 2959 5048 προσανέχειν
2982 4978 3060 5048 τῷ
3094 4980 3298 5050 μέτρῳ,
3327 4981 3432 5034 κᾶν
3467 4986 3518 5035 εί
3546 4983 3670 5039 λίαν

2102 5071 2239 5142 πρὸς
2267 5070 2399 5123 αὐτὸ
2444 5071 2730 5141 συνήθειαν
2763 5073 2859 5125 καὶ
2888 5072 3083 5142 ἵμερον.
3122 5073 3423 5144 κέκτησαι,
3474 5076 3563 5130 ἵνα
3596 5077 3671 5149 μὴ

2100 5161 2369 5230 ἀφανίσας
2412 5162 2523 5213 τῶν
2556 5162 2750 5216 ἀλιέων
2785 5162 2877 5216 τὸν
2930 5163 3071 5216 θεῖον
3104 5164 3432 5235 χαρακτῆρα
3452 5206 3468 5230 ,
3500 5167 3671 5239 ὅνπερ

2105 5252 2200 5304 σὺν
2225 5252 2371 5322 πόθῳ
2406 5253 2586 5323 πολλῷ
2616 5253 2808 5324 πρώην
2833 5254 3212 5325 ἀναμάξασθαι
3245 5257 3502 5327 προείλω,
3533 5260 3669 5330 πρὸς

2101 5344 2200 5414 τὴν
2229 5344 2464 5415 ἐσχάτην
2505 5331 2605 5414 μὲν
2633 5346 2872 5418 ἐκπέσῃς
2898 5347 3173 5419 ἀμορφίαν
3196 5389 3211 5414 ,
3242 5348 3399 5418 δῆλος
3440 5350 3498 5401 δὲ
3537 5353 3668 5423 γένῃ

2099 5434 2315 5504 ἀμελῶν
2342 5437 2435 5505 τῆς
2478 5436 2675 5489 σαυτοῦ
2708 5439 2983 5505 σωτηρίας
3031 5438 3123 5492 διὰ
3159 5441 3256 5508 τῆς
3283 5441 3415 5510 περὶ
3455 5442 3525 5493 τά
3564 5443 3667 5512 ἔπη

2104 5526 2371 5596 σπουδῆς,
2405 5527 2689 5600 πρόκριμα
2732 5530 2791 5584 δὲ
2814 5570 2831 5600 ,
2862 5532 2958 5585 καὶ
2994 5530 3165 5594 τύπος
3185 5569 3203 5598 ,
3246 5532 3340 5586 καὶ
3365 5532 3534 5601 παγὶς
3563 5532 3667 5585 δει-

1603 5695 1647 5727 ‘5
1682 5693 1854 5751 Levit.
1890 5714 1951 5761 Il,
1984 5699 2066 5765 ll,
2095 5701 2181 5755 12.
2256 5702 2302 5735 "
2326 5701 2485 5758 Prov.
2510 5719 2562 5769 ν,
2588 5703 2641 5757 5.
2670 5730 2699 5757 ο
