3850 6218
156 239 263 306 221
272 244 275 285 ξ

1390 241 1929 305 EPISTULARUM
1969 246 2115 306 LlB.
2160 248 2242 308 II.

3352 238 3459 309 22"}.

154 355 371 425 χθείης
403 356 588 421 ἄλλοις
610 395 624 420 ,
673 357 860 410 ὀπόσοι
888 356 1148 417 ἄτακτοι,
1196 357 1289 410 καὶ
1335 361 1595 429 συρφετόι
1618 397 1632 420 ,
1669 359 1762 410 καὶ

1877 368 2109 424 gnesque
2135 371 2257 409 cum
2282 356 2413 418 sint,
2451 356 2654 409 nullam
2680 356 2901 412 virtutis
2939 358 3204 410 rationem
3234 357 3456 416 habent.

156 450 387 519 βλὰκες
407 450 775 518 ὑπάρχοντες,
802 449 1061 517 οὐδεμίαν
1085 449 1141 501 δὲ
1166 451 1420 519 φροντίδα
1448 450 1547 519 τῆς
1570 452 1770 520 ἀρετῆς

154 542 427 609 ἔχουσιν,
463 541 595 604 ὅλας
624 543 679 594 δὲ
714 541 811 603 τὰς
854 542 1066 611 ἡμέρας
1109 541 1208 608 τῆς
1245 540 1391 610 ζωῆς
1438 542 1565 611 περὶ
1600 541 1773 594 ταῦτα

156 634 562 703 ἀδολεσχοῦσι,
595 634 682 686 διὰ
706 635 802 702 τῆς
830 634 1126 701 ὲπαράτου,
1156 633 1249 684 καὶ
1273 632 1773 701 παρασεσυρμένης

155 727 518 791 κενοδοξίας.
550 727 643 780 τὸν
679 727 877 797 μικρὸν
912 727 1073 795 ἄρτον
1100 727 1209 778 τῶν
1239 726 1436 792 ὀλίγων
1466 724 1771 794 ἀνθρώπων

158 820 435 871 ἐπαινεῖν
488 816 653 887 δῆθεν
711 817 1207 887 προαιρουμένων,
1247 816 1632 887 δουλοπᾳπῶς
1689 834 1768 881 τε,

160 912 267 963 καὶ
305 913 455 978 ἄγαν
490 910 892 981 βρεφοπρεπῶς
936 911 1306 979 κομιζόμενοι,
1341 909 1400 973 ἐξ
1427 905 1487 963 οὗ
1522 910 1595 979 μὴ
1636 926 1772 979 τρα-

164 1005 455 1073 φήσονται
496 1004 559 1054 τὺ
617 1002 840 1055 σύνολον
890 1002 986 1069 τὴν
1024 1002 1236 1071 ψυχὴν,
1282 1000 1417 1053 ἀλλὰ
1466 1000 1560 1052 καὶ
1600 999 1771 1068 λιμώ-

167 1095 392 1158 ξουσιν.
423 1094 558 1146 Δέον
591 1093 703 1164 γὰρ
730 1094 960 1163 ζητῆσαι
991 1092 1143 1163 παρὰ
1177 1091 1272 1145 τοῦ
1301 1091 1436 1145 Θεοῦ
1467 1091 1574 1144 τῶν
1608 1091 1772 1143 δυνά-

168 1203 361 1256 μεων,
407 1187 506 1238 καί
540 1185 701 1255 δόξης
736 1184 995 1254 ἀληθοῦς,
1029 1186 1124 1237 καὶ
1159 1185 1325 1253 τιμῆς
1355 1183 1537 1253 πλήρη
1570 1182 1767 1249 ἄρτον·

162 1280 218 1331 οἱ
266 1278 336 1330 δὲ
367 1278 689 1331 τούναντίον
726 1278 1087 1348 πράττουσιν,
1143 1278 1207 1330 ὲκ
1256 1276 1528 1345 κοσμικῆς
1582 1275 1774 1342 σοφίας

166 1370 507 1439 ἀνωφελοῦς
553 1370 792 1439 οἰόμενοι
839 1370 1157 1440 τρέφεσθαι.
1218 1369 1365 1439 Τιμὴ
1409 1369 1466 1421 δὲ
1514 1367 1773 1436 γυναικὸς

166 1462 392 1531 πόρνης
420 1462 560 1514 ὡσεὶ
592 1464 686 1515 καὶ
712 1463 831 1525 ἐνὸς
862 1464 1029 1533 ἄρτου
1054 1504 1069 1528 ,
1106 1463 1334 1532 ἀτιμίας
1363 1461 1424 1529 γέ
1434 1478 1647 1531 μοντος,
1679 1459 1773 1512 καὶ

164 1550 472 1613 ἀσθενείας
503 1551 727 1625 πολλῆς,
764 1552 835 1603 Σὺ
865 1552 919 1603 δέ
949 1568 1013 1619 γε
1058 1550 1149 1603 τὸν
1197 1550 1307 1602 τῶν
1336 1550 1448 1603 ἄνω
1490 1547 1774 1616 δυνάμεων

166 1644 349 1710 ἄρτον
394 1642 671 1712 διηνεκῶς
710 1643 934 1712 αἴτησον
958 1658 973 1674 ⁸
1019 1642 1183 1711 ἄρτον
1217 1641 1326 1709 γὰρ
1366 1638 1628 1709 οὐρανοῦ,
1678 1637 1772 1691 καὶ

166 1736 345 1804 ἄρτον
375 1734 634 1802 ἀγγέλων
660 1735 859 1802 ἔφαγεν
893 1734 1199 1803 ἄνθρωπος,
1232 1753 1249 1784 ι
1282 1734 1389 1795 πᾶς
1420 1733 1568 1793 ὅστις
1602 1730 1766 1783 πνεύο

173 1845 317 1895 ματι
348 1828 437 1897 ζῇ,
460 1829 559 1881 καὶ
590 1828 861 1895 πνεύματι
893 1830 1114 1895 στοιχεῖ,
1148 1845 1166 1877 ι
1206 1826 1299 1878 καὶ
1326 1826 1435 1887 τοῖς
1476 1824 1771 1892 ἐκκλησια-

168 1922 391 1983 στικοῖς
423 1920 654 1989 θεσμοῖς
688 1918 1092 1983 ὲξακολουθῶν,
1128 1917 1227 1987 τῆς
1260 1916 1454 1984 σοφίας
1498 1916 1597 1983 τῆς
1632 1915 1772 1968 ἄνω-

172 2012 271 2064 θεν
309 2013 729 2083 κατερχομένης
766 2011 1123 2081 μετέσχηκεν.
1163 2011 1363 2080 Ἀρτον
1390 2005 1483 2061 οὖν
1515 2006 1769 2078 οὐρανοῦ,

172 2103 275 2155 καὶ
305 2104 476 2172 ἄρτον
507 2102 755 2170 ἀγγέλων
781 2140 794 2164 ,
841 2104 943 2154 οὐκ
993 2103 1156 2172 ἄρτον
1185 2100 1442 2168 γυναικὸς
1489 2099 1697 2168 πόρνης
1744 2099 1773 2149 ὁ

174 2195 429 2257 τοιοῦτος
480 2196 673 2248 ἐσθίει.
718 2195 913 2247 Πολλοὶ
964 2194 1073 2245 τῶν
1118 2192 1413 2263 αίρετικῶν
1458 2190 1629 2244 πολλὰ
1660 2193 1775 2243 ἑπι-

176 2287 514 2351 συνέταξαν,
548 2286 660 2339 ἀλλ’
685 2288 837 2340 οὐδὲν
860 2286 1169 2356 ὠφέλησαν.
1197 2288 1342 2339 Διότι
1363 2286 1773 2355 ἀνεμοφθόρους

176 2375 331 2446 εἶχον
381 2379 513 2441 τοὺς
556 2379 817 2447 στάχυας,
861 2377 937 2440 ὥς
964 2395 1127 2447 φησιν
1158 2380 1186 2431 ὁ
1216 2379 1520 2447 προφήτης,
1553 2377 1772 2445 δράγμα

174 2470 283 2522 οὐκ
316 2470 445 2540 ἔχον
498 2470 651 2540 ἰσχὺν
697 2469 792 2522 τοῦ
828 2471 1050 2539 ποιῆσαι
1085 2470 1331 2539 ἄλευρον.
1370 2469 1431 2522 Εἰ
1465 2470 1521 2521 δὲ
1555 2470 1771 2538 θαυμάο

179 2560 295 2623 ζειε
328 2563 461 2623 τοὺς
492 2562 804 2632 γράφοντας
834 2562 902 2614 τὰ
942 2562 1068 2632 ἔπη,
1111 2561 1228 2632 ὥρα
1261 2578 1343 2614 σοι
1376 2562 1472 2615 καὶ
1520 2561 1771 2615 Ἀπολλι-

176 2654 378 2724 νάριον
398 2654 493 2706 τὸν
522 2653 762 2722 δυσσεϐῆ
787 2656 882 2707 καὶ
914 2654 1233 2723 καινοτόμον
1254 2650 1577 2723 θαυμάζειν,
1601 2654 1771 2707 πολλὰ

176 2743 304 2799 λίαν
343 2748 721 2817 μετρήσαντα,
762 2748 855 2799 καὶ
885 2749 1315 2814 ὲποποιήσαντα,
1348 2747 1440 2799 καί¹
1469 2765 1770 2816 ματαιοπο-

178 2838 458 2909 νήσαντα,
491 2840 585 2891 καὶ
616 2839 780 2890 παντὶ
808 2838 984 2909 καιρῷ
1012 2842 1069 2892 ὲν
1102 2837 1283 2905 λόγοις
1315 2840 1564 2907 ἀνοήτοις
1597 2856 1768 2893 καταο

176 2930 471 2999 τριδέντα,
506 2931 799 3002 οἰδήσαντά
820 2948 880 2983 τε
912 2933 1024 2993 τοῖς
1050 2930 1303 3000 ἁκερδέσι
1340 2931 1447 2983 τῶν
1480 2931 1646 2993 ἐπῶν,
1675 2932 1770 2984 καὶ

1876 449 1970 500 sed
2005 450 2264 503 munibus
2291 451 2414 503 vitae
2446 465 2560 505 sua:
2594 450 2791 505 diebus
2816 453 2962 504 circa
3007 451 3121 503 haec
3150 452 3457 519 iucptiuut,

1875 554 1969 607 per
1997 538 2149 609 141
2186 542 2580 594 exserrandam
2608 581 2621 604 ,
2657 557 2853 595 vanam
2896 552 2948 596 et
2982 544 3195 595 inanem
3229 544 3457 613 gloriam

1873 634 2138 700 pusillum
2173 648 2367 702 panem
2398 637 2698 703 paucorum
2725 635 3010 689 hominum
3037 676 3052 699 ,
3086 636 3339 690 laudibus
3361 652 3460 690 ex-

1874 726 2063 778 tollere
2089 742 2243 794 atque
2270 736 2433 795 atque
2478 727 2819 780 studentiutn
2848 767 2861 791 ,
2917 743 3206 781 servorum
3255 728 3455 789 instar,

1874 818 2149 887 nimisque
2185 821 2467 887 pueriliter
2504 821 2830 889 deportant,
2867 836 2976 890 quo
3012 837 3239 890 prorsus
3277 822 3461 875 anima

1873 924 2063 963 eorum
2092 926 2198 964 non
2230 912 2526 975 nutrietttr,
2583 911 2693 965 imo
2740 914 2919 981 potius
2951 914 3092 967 fame
3120 914 3458 967 enecabitur.

1875 1000 2009 1055 Nam
2052 1021 2174 1057 cum
2222 1020 2250 1057 a
2286 1005 2393 1057 Deo
2423 1005 2688 1059 virtutum
2712 1045 2726 1067 ,
2762 1013 2816 1058 et
2849 1020 2993 1061 verae
3028 1007 3248 1074 gloria,
3280 1014 3332 1059 et
3359 1006 3462 1059 ho-

1878 1096 2032 1149 noris
2066 1097 2283 1164 plenqu
2320 1112 2514 1166 panem
2553 1112 2779 1165 poscere
2813 1096 3168 1160 debuissent,
3200 1097 3253 1149 hi
3289 1112 3462 1166 oppo-

1876 1189 2036 1241 situm
2081 1188 2324 1255 faciunt,
2381 1206 2446 1243 ex
2492 1190 2739 1243 saeculari
2794 1188 3100 1258 sapientia,
3153 1204 3274 1256 quae
3326 1190 3460 1242 nulli

1876 1281 2000 1333 usui
2048 1288 2168 1343 est,
2218 1281 2600 1335 existimantes
2646 1281 2750 1334 sibi
2794 1281 3056 1333 alimenta
3097 1281 3457 1349 suppeditari.

1876 1369 2064 1423 Honor
2098 1386 2229 1423 vero
2259 1371 2505 1424 mulieris
2558 1371 2863 1424 meretricis
2897 1378 2979 1423 est
3026 1370 3168 1424 idem
3204 1385 3266 1422 ac
3299 1369 3465 1425 unius

1876 1458 2031 1524 panis
2086 1458 2421 1527 ignominia,
2472 1466 2523 1512 et
2564 1459 2732 1511 multa
2783 1458 3102 1513 infirmitate
3156 1459 3327 1527 pleni.
3376 1457 3460 1511 Tu

1876 1561 2041 1615 porro
2063 1563 2426 1616 supernarum
2455 1550 2721 1603 virtutum
2751 1565 2943 1619 panem
2971 1551 3232 1603 continuo
3256 1565 3419 1620 posce
3444 1568 3458 1604 :

1876 1653 2069 1706 panem
2104 1634 2246 1692 enim
2280 1641 2401 1694 coeli
2429 1680 2443 1702 ,
2470 1648 2524 1693 et
2553 1656 2747 1709 panem
2773 1643 3088 1710 angelorum
3125 1641 3289 1696 homo
3313 1657 3465 1695 com-

1880 1729 1987 1781 edit
2017 1730 2084 1792 ⁸⁷,
2126 1749 2144 1779 ι
2179 1730 2270 1798 qui
2309 1732 2505 1799 spiritu
2544 1730 2766 1793 vivit,et
2807 1733 2998 1799 spiritu
3043 1732 3286 1784 ambulat
3330 1732 3397 1795 “,
3441 1751 3458 1780 ο

1876 1827 1931 1873 et
1966 1821 2364 1876 ecclesiasticis
2397 1824 2608 1892 legibus
2637 1825 3029 1893 obtemperans
3052 1864 3065 1888 ,
3090 1823 3371 1892 sapientiae
3396 1839 3461 1877 ex

1876 1914 1987 1967 alto
2022 1913 2365 1969 advenientis
2417 1916 2692 1986 particeps
2726 1915 2802 1969 fit.
2847 1914 3046 1968 Panem
3085 1915 3267 1982 itaque
3296 1914 3419 1968 caeli
3445 1956 3460 1976 ,

1874 2013 1928 2057 et
1956 2020 2150 2072 panem
2184 2006 2501 2074 angelorum
2525 2047 2540 2071 ,
2593 2024 2701 2061 non
2752 2024 2947 2077 panem
2986 2008 3235 2061 mulieris
3285 2023 3464 2061 mere-

1876 2097 2029 2150 tricis
2064 2098 2225 2151 homo
2278 2099 2324 2151 is
2371 2099 2629 2154 comedit.
2674 2100 2750 2154 Ex
2802 2101 3076 2155 haereticis
3105 2101 3261 2153 inulti
3292 2101 3464 2156 multa

1876 2190 2098 2255 scriptis
2134 2190 2511 2254 tradiderunt,
2548 2208 2670 2260 quae
2710 2201 2890 2247 tamen
2942 2192 3072 2245 nulli
3108 2192 3231 2245 usui
3273 2191 3459 2255 fuere,

1874 2279 2018 2346 quod
2060 2294 2088 2332 a
2126 2288 2287 2333 vento
2340 2291 2630 2350 corruptas
2689 2283 2872 2352 spicas
2902 2282 3252 2345 habuerunt,
3295 2289 3353 2334 ιιι
3386 2283 3462 2334 ait

1876 2371 2137 2440 propheta
2182 2390 2194 2424 :
2230 2371 2538 2441 Manipulus
2574 2391 2681 2427 non
2712 2375 2917 2428 habens
2950 2376 3121 2429 robur
3155 2373 3221 2426 ad
3256 2372 3461 2427 facien-

1872 2463 1995 2515 dam
2030 2462 2258 2516 farinam
2289 2466 2355 2519 ⁵⁸.
2390 2464 2443 2517 Si
2480 2482 2607 2521 vero
2631 2467 2666 2521 ii
2691 2468 2789 2521 tibi
2816 2484 2869 2524 ιιι
2904 2465 3266 2519 admiratione
3299 2475 3459 2529 sunt,

1872 2556 1963 2624 qui
2001 2559 2245 2611 carmina
2299 2561 2672 2626 scripserunt,
2732 2561 2939 2629 poteris
2986 2571 3039 2612 et
3074 2559 3343 2627 impium,
3400 2566 3457 2613 et

1873 2661 2186 2703 novatorem
2246 2650 2649 2718 Apollinarium
2707 2652 2909 2706 habere
2970 2652 3021 2704 in
3062 2652 3459 2713 admiratione,

1872 2739 1963 2808 qui
2004 2742 2410 2812 quamplurima
2449 2745 2695 2798 numeris
2748 2754 2803 2797 et
2837 2744 3081 2797 carmine
3112 2743 3457 2812 composuit,

1870 2837 1925 2881 et
1958 2830 2157 2883 frustra
2192 2832 2404 2886 labores
2433 2834 2753 2903 insumpsit,
2780 2844 2833 2889 et
2860 2850 2956 2903 per
2982 2842 3154 2888 totum
3191 2849 3303 2888 suae
3336 2834 3461 2889 vitta

1874 2930 2084 2990 tempus
2144 2924 2195 2976 in
2259 2927 2639 2994 insipientibus
2692 2928 3044 2981 sermonibus
3097 2926 3459 2996 congerendis

180 3019 601 3092 φλεγμῌαντα,
635 3024 730 3075 καὶ
759 3023 1117 3091 ὑδεριάσαντα
1147 3025 1259 3084 τοῖς
1280 3022 1583 3091 λογισμοῖς,
1618 3044 1635 3074 ι
1673 3024 1768 3075 καὶ

1877 3014 2230 3081 semetipsum
2283 3020 2519 3077 attrivit.
2566 3020 2769 3088 quique
2816 3020 3122 3072 carminum
3173 3018 3459 3074 inutilibus

177 3114 213 3181 ἡ
243 3112 481 3181 γλῶσσα
530 3113 693 3167 αὑτοῦ
732 3114 943 3168 διῑνιλθεν
990 3115 1086 3168 ἐπὶ
1110 3115 1205 3186 τῆς
1254 3114 1359 3185 γῆς
1388 3155 1403 3179 ,
1437 3135 1456 3166 ι
1497 3115 1573 3179 ὡς
1613 3116 1774 3170 Δαυῒδ

180 3204 395 3276 ἔλεγεν.

510 3385 595 3439 Νι.
620 3413 694 3426 --
720 3385 1134 3439 ΑΡΙΣΤΟΚΛΕΙ
1160 3384 1469 3456 ΜΟΝΑΧῼ.

248 3476 641 3539 Διστασιάξειν
668 3476 851 3537 ἔοικας
876 3476 1011 3546 πρὸς
1040 3477 1252 3541 ἑαυτὸν,
1280 3477 1419 3531 καλὰ
1447 3478 1546 3548 μὲν
1572 3477 1769 3541 λαλῶν,

180 3568 338 3621 κακὰ
364 3569 425 3621 δὲ
458 3569 731 3639 πράττων,
763 3570 857 3622 καὶ
883 3569 1091 3623 λυττῶν
1125 3570 1313 3642 ὥσπερ
1365 3574 1414 3624 οἱ
1458 3572 1640 3636 κύνες,
1677 3574 1771 3625 καὶ

180 3660 404 3723 πάντας
434 3660 793 3714 καθυλακτῶν
832 3662 1099 3729 ἀφειδῶς,
1153 3663 1246 3715 καὶ
1293 3664 1767 3733 ἁπερυθριάστως.

192 3753 365 3806 Ἀλλὰ
393 3751 491 3804 νῦν
514 3751 644 3817 γοῦν
672 3752 986 3823 διόρθωσαι,
1033 3754 1254 3822 ἀδελφὲ,
1295 3756 1442 3818 ὅπως
1473 3756 1547 3826 μὴ
1575 3758 1772 3829 διαμά-

181 3860 393 3912 χωνται
428 3841 496 3894 τὰ
526 3841 663 3911 ἔργα
694 3858 787 3894 σου
816 3843 894 3912 τῷ
934 3842 1116 3912 σεμνῷ
1158 3844 1556 3914 ὲπαγγέλματι.

512 3933 639 3987 NA'.
667 3962 739 3974 —
765 3933 1093 4004 ΒΙΚΕΝΤΙῼ
1143 3936 1449 4009 unum.

251 4024 426 4079 Ὅσον
463 4023 639 4086 δοκεῖς
668 4024 729 4077 τὸ
768 4025 928 4094 σῶμα
961 4025 1379 4097 σκληραγωγεῖν
1423 4030 1488 4098 τῇ
1527 4029 1769 4104 ὲπιπόνῳ

182 4119 277 4170 καὶ
305 4116 629 4187 τραχυτέρα
669 4116 881 4188 διαίτῃ,
930 4117 1167 4187 τοσοῦτῳ
1205 4119 1403 4187 μᾶλλον
1434 4120 1531 4191 τὴν
1569 4123 1768 4176 σαυτοῦ

184 4209 419 4279 καρδίαν
465 4209 841 4273 ταπείνωσον,
888 4211 1305 4276 κατευτελίζων,
1355 4215 1447 4266 καὶ
1480 4214 1768 4279 ἐξουδενῶν

186 4301 413 4363 σαυτὸν,
451 4300 542 4353 ἵνα
589 4300 663 4371 μὴ
701 4303 800 4372 τῆς
832 4302 1138 4367 κενοδοξίας
1170 4304 1352 4376 χώραν
1405 4306 1675 4379 λαὸοόσης
1710 4312 1767 4363 ἐν

1878 3105 2076 3158 studiis
2110 3106 2400 3172 intumuit,
2456 3111 2809 3173 exaestuavit,
2852 3118 2905 3163 et
2952 3110 3107 3179 quasi
3149 3124 3288 3179 aqua
3322 3109 3459 3164 sub-

1878 3206 1966 3251 tus
1995 3205 2173 3253 cutem
2219 3201 2643 3269 cogitationibus
2684 3202 2905 3256 inllatus
2951 3210 3035 3257 est
3070 3220 3085 3256 :
3127 3222 3145 3253 ι
3183 3212 3236 3257 et
3274 3203 3457 3272 lingua

1877 3288 1996 3357 ejus
2038 3292 2305 3359 percurrit
2341 3309 2505 3361 super
2538 3303 2737 3346 terram
2769 3295 2814 3325 ⁶⁰
2851 3314 2869 3345 ι
2929 3303 2985 3346 ut
3020 3294 3185 3348 David
3216 3296 3455 3354 dicebat.

2100 3380 2257 3451 142
2301 3382 2359 3435 [ι.
2384 3412 2454 3421 --
2481 3382 2847 3437 ARISTOCLI
2889 3384 3241 3440 MONACIIO.

1948 3470 2029 3525 Tu
2063 3481 2114 3525 te
2142 3472 2260 3541 ipse
2288 3488 2316 3525 a
2355 3475 2645 3543 temetipso
2685 3475 3006 3545 discrepare
3038 3478 3244 3532 videris
3267 3519 3282 3541 ,
3324 3478 3456 3534 dum

1878 3565 2086 3633 optima
2116 3582 2348 3634 quaeque
2396 3567 2629 3636 loquens
2658 3607 2672 3630 ,
2711 3570 2952 3637 pessima
2992 3586 3157 3639 opere
3192 3582 3453 3640 praestas,

1875 3667 1928 3711 et
1957 3673 2112 3725 aeque
2138 3673 2200 3710 ac
2232 3674 2397 3713 canes
2427 3699 2440 3720 ,
2475 3660 2527 3712 in
2569 3660 2773 3713 rabiem
2811 3669 3002 3725 actus,
3045 3664 3098 3716 in
3131 3678 3320 3717 omnes
3347 3664 3456 3716 lar-

1874 3751 2014 3818 giter
2046 3752 2310 3819 nulloque
2341 3753 2545 3805 rubore
2578 3752 2823 3807 suﬂ‘usus
2851 3794 2865 3817 ,
2908 3755 3173 3813 oblati-as.
3207 3757 3275 3807 At
3310 3772 3456 3810 nunc

1874 3844 2110 3912 tcipsum
2143 3845 2360 3913 corrige
2385 3886 2399 3909 ,
2435 3844 2625 3909 frater,
2662 3862 2729 3901 ne
2762 3862 2792 3900 a
2828 3847 2978 3915 gravi
3022 3849 3450 3919 venerandaque

1870 3934 1996 3989 vita:
2026 3944 2133 3989 tua:
2164 3936 2417 3989 instituto
2446 3951 2613 4005 opera
2644 3936 2968 3990 dissideant.

2197 4026 2280 4082 ιι.
2313 4058 2381 4066 -
2406 4027 2777 4083 VINCENTIO
2815 4028 3134 4084 ASCETE.

1942 4121 2158 4187 Quanto
2205 4136 2406 4190 corpus
2457 4129 2612 4175 tuum
2671 4122 3033 4175 laboriosiore
3085 4131 3138 4177 et
3174 4124 3453 4192 asperiore

1869 4215 1981 4267 vita
2015 4214 2225 4267 duriter
2253 4228 2316 4267 ac
2348 4214 2573 4267 minime
2603 4214 2947 4284 indulgenter
2975 4214 3070 4267 tibi
3096 4215 3295 4269 videris
3330 4232 3452 4285 per-

1871 4314 2137 4366 tractare,
2194 4312 2346 4357 tanto
2402 4306 2574 4374 magis
2607 4320 2702 4359 cor
2731 4315 2881 4359 tuum
2929 4305 3195 4369 humilia,
3259 4314 3453 4361 temet-

187 4394 289 4458 σοὶ,
331 4393 461 4446 ἀντὶ
490 4392 686 4458 πυροῦ,
722 4394 910 4466 κνίδην
955 4396 1199 4469 θερίσῃς,
1242 4400 1337 4451 καὶ
1367 4400 1414 4451 οἱ
1440 4399 1600 4453 κόποι
1628 4402 1764 4455 ἀπό-

1877 4397 2049 4467 ipsum
2081 4396 2421 4464 vilipendens
2450 4412 2515 4451 ac
2551 4396 2706 4450 nihili
2743 4397 2950 4453 faciens
2972 4440 2985 4462 ,
3024 4415 3091 4452 ne
3142 4399 3194 4452 in
3229 4410 3278 4453 te
3312 4415 3451 4453 vana

184 4484 399 4540 λυνται.

473 4660 599 4713 NB'.
627 4691 696 4702 —
722 4662 1121 4739 ΠΑΝΗΓΥΡΙῼ
1168 4670 1481 4743 ΜΟΝᾹΧῼ.

258 4752 367 4805 Ἕκ
384 4769 550 4805 τινων
571 4756 817 4823 σημείων
842 4760 1039 4829 νοήσας
1063 4762 1091 4813 ὁ
1120 4765 1374 4833 πονηρὸς,
1407 4766 1489 4818 ὅτι
1520 4766 1768 4835 εὐλογίας

184 4841 414 4913 λογικῆς
457 4845 765 4916 τετύχηκας
809 4848 900 4902 διὰ
954 4852 1054 4920 τῆς
1104 4853 1275 4924 καλῆς
1327 4858 1629 4927 ἐργασίας,
1672 4861 1769 4914 καὶ

184 4934 348 5004 χάριν
386 4933 680 5005 οὐρανόθεν
715 4936 947 5007 εἴληφας
974 4981 987 5004 ,
1040 4944 1292 5014 καθάπερ
1335 4948 1363 4999 ὁ
1405 4947 1632 5012 Ἰακὼϐ,
1672 4952 1769 5003 καὶ

1869 4489 2041 4557 gloria
2076 4488 2252 4541 locum
2287 4495 2591 4557 occupante
2621 4502 2744 4543 toco
2776 4488 3037 4544 frumenti
3073 4492 3305 4545 urticam
3337 4508 3452 4545 me-

1869 4589 1951 4635 tas
1972 4620 1986 4644 ,
2020 4591 2071 4634 et
2105 4580 2321 4634 labores
2350 4580 2672 4648 perdantur.

2146 4664 2260 4724 ‘Lll.
2289 4701 2353 4710 -
2385 4669 2789 4737 PANEGYRIO
2823 4672 3168 4728 MONACIIO.

1937 4761 2276 4827 Quibusdam
2329 4764 2501 4831 signis
2555 4763 2968 4831 deprehendens
3022 4766 3292 4831 pessimus
3342 4763 3450 4817 dze-

1868 4871 2034 4917 mon,
2099 4865 2150 4908 te
2189 4856 2443 4909 rationali
2505 4856 2885 4911 benedictione
2942 4871 3038 4923 per
3089 4855 3229 4908 bona
3282 4871 3447 4924 opera

1865 4950 2147 5015 potitum.
2204 4948 2557 5015 ccelestisque
2606 4948 2827 5017 gratiae,
2886 4946 3343 5014 quemadmodum
3393 4955 3449 4999 et

187 5026 392 5088 πάντες
418 5026 470 5078 οἱ
499 5028 741 5096 γνησίως
765 5029 1174 5097 δεδουλευκότες
1204 5036 1343 5107 Θεῷ,
1388 5041 1456 5110 τῇ
1497 5039 1768 5113 βασκανίᾳ

1877 5037 2055 5104 Iacob,
2095 5048 2149 5094 et
2178 5055 2401 5103 omnes,
2440 5042 2532 5108 qui
2571 5040 2802 5108 ingenue
2833 5053 3068 5106 vereque
3104 5037 3213 5091 Deo
3244 5038 3448 5091 servie-

187 5115 422 5187 πληγεὶς
453 5119 481 5170 ὁ
510 5119 919 5192 μισάνθρωπος,
952 5125 1047 5178 καὶ
1076 5129 1422 5198 τετρωμένος
1455 5131 1537 5201 τῷ
1560 5132 1763 5203 φθόνῳ,

190 5212 463 5282 μεγάλους
494 5214 637 5266 κατὰ
681 5214 775 5267 σοῦ
813 5216 986 5287 ἀνῆψε
1031 5218 1158 5282 τοὺς
1201 5222 1543 5290 πειρασμοὺς
1577 5222 1765 5292 βουλό-

191 5322 352 5374 μενος
388 5306 485 5358 καὶ
524 5306 776 5376 ἐκθλίψαι
814 5309 912 5378 τὴν
946 5310 1232 5379 φιλάρετον
1270 5312 1472 5385 ψυχὴν,
1506 5315 1761 5368 ὑποτιθέ-

195 5396 351 5463 μενός
397 5413 456 5448 τε
502 5399 631 5460 τοὺς
663 5402 935 5470 πονηροὺς
974 5402 1291 5473 λογισμοὺς,
1336 5408 1429 5458 καὶ
1462 5406 1595 5477 πρὸς
1625 5407 1763 5478 ἔργα

192 5485 431 5558 βλαϐερά
487 5488 718 5559 ἐκϐῆναι
774 5494 1185 5551 κατασπεύδων.
1236 5496 1345 5550 Καὶ
1399 5498 1552 5564 ξένον
1609 5500 1762 5553 οὐδὲν

1862 5145 2023 5192 runt.
2061 5134 2381 5202 participem
2419 5132 2621 5185 factum
2650 5173 2664 5197 ,
2704 5131 3001 5185 invidentia
3038 5132 3128 5183 illa
3164 5130 3445 5184 hominum

1863 5242 1991 5279 osor
2020 5240 2314 5293 percussus
2335 5267 2349 5287 ,
2389 5232 2439 5277 et
2472 5224 2599 5278 odio
2633 5224 2855 5278 saucius
2885 5223 3132 5293 ingentes
3162 5222 3216 5276 in
3240 5230 3292 5275 te
3323 5230 3447 5276 teu-

1871 5318 2103 5371 tatioues
2126 5316 2368 5370 incendit
2396 5356 2409 5380 ,
2446 5331 2512 5369 eo
2547 5330 2748 5385 scopo,
2782 5323 2841 5368 ut
2869 5316 3106 5368 animam
3146 5314 3444 5369 virtutibus

1870 5409 2105 5465 deditam
2157 5408 2410 5477 dejiciat,
2469 5423 2769 5478 pravasque
2817 5408 3180 5477 cogitationes
3238 5420 3443 5475 suppo-

1869 5517 2041 5568 nens,
2093 5510 2146 5555 ct
2184 5500 2251 5553 ad
2300 5500 2645 5569 Operationes
2698 5501 2887 5555 noxias
2957 5498 3306 5570 compellens.
3358 5496 3442 5552 Nil

288 5666 309 5697 ⁷
338 5664 483 5721 Psal.
515 5684 719 5737 Lxxvu,
748 5669 837 5737 21,
865 5672 972 5740 ⁵25,
1032 5674 1078 5706 ⁸⁸
1099 5675 1277 5729 Galat.
1309 5694 1359 5741 v,
1390 5677 1479 5732 ‘35.
1560 5678 1602 5709 ³⁸
1636 5674 1768 5734 Osee

1877 5693 1953 5746 ut,
1989 5677 2037 5730 7.
2118 5678 2161 5708 ⁸ο
2188 5676 2335 5732 Psal.
2380 5692 2551 5741 Lxxn,
2587 5677 2641 5730 9.
