3850 6218
421 272 529 337 223

1922 295 1985 354 S.
2023 295 2187 356 NILI

3588 299 3712 353 Ζει

423 396 612 440 mneo
662 401 789 443 novn
842 391 1123 459 sustines,
1174 397 1262 449 vir
1322 396 1841 472 optime;namque
1884 405 2001 460 scri'

2125 406 2417 478 ὑπομένεις
2437 447 2451 469 ,
2485 406 2697 478 ἄριστε.
2723 405 3040 474 Γέγραπται
3078 400 3188 471 γάρ
3217 418 3233 435 ο
3279 397 3719 469 Εἱσερχομένων

426 488 584 547 ptum
615 488 702 535 est
728 499 753 538 :-
770 480 907 538 Cum
937 500 1038 541 nos
1062 488 1280 542 interim
1307 497 1513 545 terram
1544 492 1748 549 divinae
1776 496 2017 564 promis-

426 568 604 624 sionis
642 569 801 643 1&3
840 584 1088 630 sanctam
1142 587 1195 632 et
1240 579 1666 640 intellectualem
1701 587 2019 656 ingredere-

428 676 573 724 mur,
622 671 776 728 tunc.
802 665 973 722 duces
1022 669 1194 725 Edom
1242 670 1611 742 festinarunt,
1656 686 1711 732 et
1742 679 2016 750 principes

431 752 799 811 Moabitarum
829 759 894 821 σί,
936 760 1217 817 daemones
1247 766 1469 835 quidam
1512 772 1722 833 amari,
1758 779 1811 824 et
1837 773 2015 827 domi-

425 845 519 899 nio
570 846 967 906 insolescentes
1020 870 1119 909 nos
1170 857 1473 926 impedire,
1525 870 1579 914 et
1632 872 1782 917 retro
1820 865 2013 934 pedem

422 949 636 994 vertere
676 957 706 996 a
736 944 893 997 beato
922 945 1016 1000 illo
1063 949 1316 1019 ingressu
1359 952 1684 1021 cupientes,
1718 965 1774 1010 et
1815 958 2016 1027 sempi-

424 1040 581 1085 terna
613 1035 798 1089 laetitia
840 1052 1145 1097 removere.
1184 1041 1575 1099 Verumtamen
1612 1054 1669 1101 tu
1703 1050 1849 1101 omni
1886 1065 2013 1118 per-

421 1125 746 1182 turbatione
775 1143 984 1185 vacuus
1033 1142 1321 1201 perstans,
1360 1137 1447 1189 vir
1480 1146 1632 1203 esto,
1672 1148 1728 1193 et
1762 1140 2017 1194 corrobo.

425 1230 591 1283 rare,
656 1233 751 1288 per
809 1219 1163 1277 tolerantiam
1218 1233 1272 1281 et
1332 1229 1652 1283 continuam
1706 1231 2012 1288 orationem

425 1319 722 1365 conterens
756 1327 887 1378 eos,
936 1316 1028 1385 qui
1071 1332 1173 1373 nos
1212 1327 1500 1375 conterere
1534 1330 1834 1393 appetunt,
1885 1340 2015 1379 con‘

418 1398 572 1453 linuo
598 1403 911 1472 prophetica
953 1407 1042 1461 illa
1073 1412 1373 1467 enuntians
1408 1430 1423 1467 :
1470 1431 1489 1465 ι
1531 1412 1883 1486 Nequaquam
1925 1418 2013 1472 lato

416 1497 605 1545 tentur
639 1493 915 1567 Allopbyli
938 1540 954 1565 ,
1008 1501 1312 1556 contritum
1358 1512 1443 1558 est
1475 1501 1664 1575 iugum
1702 1508 2018 1576 percutien—

2120 500 2275 569 ἡμῶν
2305 497 2489 551 λοιπὸν
2529 500 2611 561 είς
2653 495 2755 569 τὴν
2790 496 2989 567 νοητὴν
3029 495 3194 563 ἁγίαν
3241 493 3346 562 γῆν
3402 491 3502 559 τῆς
3526 489 3717 571 ,θείας

2118 590 2481 660 ἐπαγγελίας,
2526 590 2649 644 τότε
2701 590 2974 643 ἔσπευσαν
3002 586 3291 657 Δἡγεμόνες
3337 582 3548 650 Ἐδὼμ,
3606 579 3715 631 καὶ

2117 687 2377 757 ἄρχοντες
2430 683 2763 749 Μοαϐιτῶν,
2811 680 3065 751 δαίμονές
3106 694 3256 741 τινες
3308 674 3533 745 πικροὶ,
3603 674 3710 724 καὶ

2117 780 2447 851 ἀρχοντικοὶ,
2481 778 2820 846 ἀναποδῆσαι
2851 775 3020 845 ἡμᾶς,
3053 774 3149 827 καὶ
3181 767 3520 838 ἀναστρέψαι
3565 763 3703 833 βου-

2117 872 2333 943 λόμενοι
2362 876 2461 943 τῆς
2516 869 2794 942 μακαρίας
2828 867 3034 920 είσόδου
3058 906 3073 931 ,
3103 864 3195 918 καὶ
3246 858 3701 928 ἀπαλλοτριῶσαι

2116 969 2228 1029 τοῖς
2251 967 2470 1020 αίωνίου
2501 966 2697 1035 χαρᾶς.
2738 961 2876 1016 Ἀλλ’
2905 958 3068 1020 αὐτὸς
3093 955 3364 1026 ἀτάραχος
3393 950 3701 1020 διαμένων,

2114 1058 2389 1129 ἀνδρίζου,
2435 1058 2529 1111 καὶ
2560 1058 2739 1127 ἴσχυε,
2773 1051 3077 1123 συντρίῦων
3122 1049 3211 1102 διὰ
3249 1049 3347 1116 τῆς
3387 1042 3700 1112 ὑπομονῆς,

2120 1148 2218 1201 καὶ
2246 1148 2345 1218 τῆς
2374 1147 2629 1201 συντόνου
2670 1146 2868 1216 εὐχῆς,
2895 1143 3020 1202 τοὺς
3050 1135 3356 1208 συντρίϐειν
3392 1133 3539 1204 ἡμᾶς
3567 1132 3703 1181 ἐπι-

2117 1237 2446 1308 θυμοῦντας,
2481 1235 2726 1299 ἀεννάως
2757 1233 2931 1302 λέγων
2955 1231 3025 1286 τὰ
3062 1226 3412 1302 προφητικά’
3450 1241 3469 1274 ι
3506 1219 3705 1290 Μηδαο

2119 1330 2235 1401 μῶς
2296 1328 2727 1401 εὐφρανθείητε,
2766 1324 3076 1394 ἀλλόφυλοι,
3122 1316 3414 1388 συνετρίϐη
3458 1316 3488 1368 ὁ
3522 1311 3703 1380 ζυγὸς

2114 1421 2222 1475 τῶν
2278 1421 2549 1475 παιόντων
2592 1420 2778 1490 ἡμᾶς’
2823 1437 2842 1471 ι
2877 1415 3124 1478 εύῖλατος
3172 1412 3283 1482 γὰρ
3345 1409 3500 1462 ἔσται
3546 1405 3701 1475 ἡμῖν

2113 1512 2347 1585 Χριστὸς
2380 1513 2408 1565 ὁ
2451 1512 2837 1583 φιλάνθρωπος
2880 1508 3011 1571 Θεδς
3036 1546 3053 1572 ,
3091 1506 3186 1561 καὶ
3215 1502 3518 1557 παύσονται
3542 1536 3561 1561 ,
3592 1495 3701 1549 καὶ

414 1581 553 1636 tium
578 1599 680 1640 nos
706 1588 751 1620 "
783 1606 797 1642 :
836 1607 855 1640 ι
889 1590 1163 1660 propitius
1192 1609 1430 1665 namque
1460 1597 1619 1653 nobis
1642 1599 1743 1654 erit
1761 1599 2001 1656 Christus

2113 1581 2629 1676 καταργηθήσονται
2654 1581 2705 1657 οἱ
2727 1601 2889 1656 κακοὶ
2911 1594 3344 1655 ὲπισπουδασταὶ
3368 1590 3462 1646 τοῦ
3488 1585 3697 1657 νοητοῦ

414 1672 790 1738 perhumanus
836 1678 1017 1745 Deus;
1081 1688 1137 1736 et
1198 1684 1497 1741 cessabunt
1552 1694 1609 1742 et
1656 1687 2001 1745 destruentui

2112 1672 2314 1766 Φαραὼ
2343 1672 2440 1749 σὺν
2477 1695 2558 1767 τῷ
2591 1694 2706 1765 ἰδίῳ
2740 1694 2970 1765 βασιλεῖ,
3002 1692 3098 1746 καὶ
3135 1690 3288 1761 ἰσχὺς
3333 1685 3513 1741 αὐτῶν
3556 1699 3699 1735 συν-

415 1762 803 1824 intellectualis
844 1768 1153 1828 Pharaonis
1182 1790 1292 1830 una
1323 1791 1449 1831 cum
1480 1792 1669 1833 eorum
1698 1795 1824 1849 rege
1851 1784 2001 1851 pravi

2111 1762 2326 1858 τριέείη
2357 1790 2496 1851 τέως
2517 1762 2541 1850 ,ν
2580 1762 2688 1840 ἵνα-
2714 1762 2912 1858 μηκέτι
2956 1787 3035 1847 εἰς
3067 1784 3131 1837 τδ
3162 1782 3367 1853 ἄχυρον
3394 1817 3411 1844 ,
3458 1776 3557 1831 καὶ
3591 1772 3700 1827 τὸν

410 1853 670 1923 ιιεεεριαι,
720 1865 777 1912 et
820 1859 992 1914 robur
1035 1876 1226 1917 eorum
1271 1875 1607 1932 conteretur,
1649 1882 1717 1919 ne
1751 1867 1891 1921 ultra
1946 1870 1999 1923 in

2108 1853 2439 1945 πνλδνξκαι
2469 1878 2567 1948 τὴν
2597 1853 2877 1930 πλινθείαν
2907 1879 3007 1947 τῆς
3043 1872 3317 1946 ἁμαρτίας
3358 1869 3507 1941 ἡμᾶς
3548 1881 3697 1919 κατ-

412 1949 662 2016 paleam,
714 1957 769 2006 et
825 1952 1034 2019 lutum,
1085 1964 1141 2011 et
1176 1956 1472 2012 lateritium
1530 1960 1844 2029 iniquitatis
1900 1979 2001 2018 nos

2108 1970 2399 2024 ελαύνωσιν
2419 1987 2432 2001 ο
2457 1971 2567 2040 ὅσῳ
2589 1969 2698 2041 γὰρ
2728 1969 2804 2039 τῷ
2822 1968 2943 2039 Θεῷ
2971 1963 3423 2039 προσχωροῦμεν,
3440 1957 3702 2027 τοσούτῳ

412 2040 697 2112 impellant
720 2042 786 2096 σθ.
818 2045 937 2113 Quo
971 2047 1117 2101 enim
1146 2050 1323 2119 magis
1354 2051 1421 2105 ad
1457 2050 1625 2106 Deum
1656 2054 1996 2121 accedimus,

2108 2063 2261 2116 πλέον
2292 2062 2414 2115 κατ’
2452 2064 2484 2133 ἡ
2496 2061 2615 2132 μῶν
2643 2040 3029 2133 ὲξαγριοῦνται
3057 2060 3111 2113 oi.
3150 2058 3433 2128 δαίμονες.

408 2146 477 2187 eo
508 2134 684 2203 magis
715 2133 773 2187 in
810 2150 912 2189 nos
944 2137 1224 2193 daemones
1253 2139 1579 2195 efferuntur.

668 2218 802 2275 LIII.
843 2253 915 2264 --
948 2224 1313 2281 MAURIANO
1360 2227 1724 2283 MONACIIO.

476 2310 812 2368 Intolerandi
844 2317 1099 2372 maeroris
1119 2326 1286 2388 atque
1316 2320 1578 2375 immanis
1609 2323 1850 2376 tristitiae
1877 2332 1998 2379 ten-

407 2405 669 2459 tationem
710 2404 1097 2475 frequentibus
1150 2409 1412 2482 lacrymis
1456 2413 1744 2481 prohaqne
1770 2430 1886 2483 spe,
1941 2423 1997 2471 et

407 2495 461 2548 in
493 2495 878 2551 dulcissimum
910 2497 1258 2555 Servatorem
1280 2502 1562 2558 Christum
1593 2518 1781 2559 amore
1812 2506 1996 2562 delere

407 2588 625 2657 penitus
660 2589 891 2658 poteris.

684 2676 819 2732 LIV.
852 2710 924 2723 —-
960 2678 1344 2739 MENANDRU
1394 2684 1715 2742 ASCETAE.

472 2766 612 2822 Cum
645 2776 704 2823 tu
736 2784 845 2824 non
882 2771 1228 2842 illegitimus,
1285 2776 1380 2830 sed
1437 2778 1678 2847 optimus
1725 2779 1995 2848 valdeque

2165 2792 2242 2846 os
2265 2792 2420 2845 νόθον
2446 2768 2754 2863 ιὶόσχενμα,
2796 2766 3087 2847 κάλλιστον
3134 2792 3193 2844 δὲ
3221 2766 3314 2845 καί
3340 2790 3481 2857 ἄγαν
3515 2789 3684 2842 ιπαι-

404 2858 734 2926 landandus,
753 2863 1097 2918 celeberrimi
1127 2865 1543 2939 virtutibusque
1570 2871 1830 2927 omnibus
1853 2888 1992 2942 prm-

2108 2883 2245 2935 ιετὸν
2274 2858 2687 2953 ὑπάρχωνίτού
2738 2882 2988 2952 ἀοιδίμου
3027 2882 3123 2937 καὶ⁸
3173 2881 3481 2953 παναρέτου
3529 2880 3680 2934 ἀόϐἆ

407 2951 506 3005 diti
558 2952 780 3009 abbatis
830 2953 1130 3010 Minuciani
1172 2958 1431 3013 surculus
1484 2961 1582 3025 sis,
1632 2962 1756 3030 jure
1796 2966 1989 3019 merito

2108 2951 2475 3036 Havouxmvot'i.
2532 2975 2760 3038 δικαίως
2815 2975 2906 3029 τὸν
2964 2975 3292 3047 χαρακτῆρα
3327 2951 3427 3027 τοῦ
3479 2972 3693 3044 ἀνδρὸς

411 3043 843 3099 illustrissimum
864 3046 965 3099 viri
990 3056 1174 3101 notam
1200 3048 1253 3101 in
1280 3053 1573 3121 temetipso
1593 3053 1875 3108 ostendis:
1897 3055 1988 3110 ille

2108 3067 2492 3138 Βπέρλαμπρον
2538 3066 2808 3131 δεικνύεις
2860 3069 2919 3122 ὲν
2959 3043 3205 3137 σεαυτῷ·
3244 3069 3448 3129 ἐκεῖνος
3473 3043 3597 3137 γὰρ
3614 3066 3677 3119 οὑ

402 3135 675 3204 siquidem
724 3151 835 3191 non
876 3137 1183 3208 discipulus
1231 3148 1477 3207 tantum,
1526 3143 1620 3199 sed
1662 3154 1717 3199 et
1761 3147 1987 3199 aemula-

2108 3124 2255 3211 ,ιόνόν
2314 3124 2585 3229 μαθητὴς,
2640 3124 2803 3227 ἀλλὰ-
2840 3160 2936 3214 καὶ
2985 3124 3233 3231 μιμητὴς
3295 3124 3513 3228 ἐδείχθη
3552 3124 3675 3210 ’τοῦ

403 3237 489 3281 tor
522 3225 680 3299 1“
732 3227 1118 3284 humanissimi
1179 3228 1490 3290 Servatoris
1538 3236 1717 3291 nostri
1754 3236 1982 3302 Christi,

2108 3225 2467 3323 ριλανθρωπου
2517 3225 2707 3309 τούτου
2732 3225 2735 3227 ί
2760 3225 3015 3327 Σωτῆρος
3056 3225 3226 3327 -ὴμιῖιν
3269 3225 3534 3325 Χριστού,
3574 3254 3674 3308 τοῦ

402 3318 496 3386 qui
531 3334 699 3388 opere
742 3329 797 3373 et
825 3321 992 3374 verbo
1034 3335 1221 3376 veram
1254 3322 1660 3395 philosophiam
1693 3343 1984 3384 common-

2108 3318 2513 3412 ταραδείξαντος
2549 3346 2697 3417 ἔργῳ
2717 3347 2812 3401 καὶ
2839 3318 3305 3418 λόγῳίτὴνυάληθῆ
3322 3318 3671 3418 ’φιλοσοφίανν

404 3412 617 3476 stravit,
662 3410 882 3467 habitus
906 3420 1011 3479 est,
1048 3420 1161 3468 tum
1190 3414 1316 3471 vita:
1355 3416 1623 3473 rationem
1670 3434 1865 3491 puram
1919 3436 1985 3477 ac

2108 3452 2145 3486 ιν
2267 3436 2540 3490 πολιτείαν
2566 3410 2815 3509 καθαρὰν
2860 3410 3257 3506 ἐπιδείξασθαι,
3285 3410 3378 3491 καὶ
3409 3410 3672 3509 ἀνωτέρω

405 3502 668 3558 illibatam
704 3504 1016 3570 subeundo,
1058 3512 1176 3559 tum
1228 3507 1470 3564 animam
1515 3525 1684 3582 supra
1730 3514 1985 3584 corporis

2108 3525 2175 3579 ιεὶ
2192 3502 2377 3600 (ρέρειν
2413 3531 2515 3601 τὴν
2538 3502 2724 3600 ψυχὴν
2738 3530 2847 3583 τῶν
2858 3529 2955 3584 τοῦ
2986 3502 3236 3600 σωματος
3275 3529 3489 3586 παθῶν.

401 3597 688 3667 passiones
717 3598 985 3652 continuo
1020 3600 1357 3655 extollendo.

684 3687 794 3743 LV.
823 3720 895 3729 —
920 3688 1277 3747 EUPHEMIO
1331 3690 1695 3751 MONACHO.

2412 2236 2537 2291 NP.
2560 2264 2632 2275 —
2661 2235 3023 2304 ΜΑΥΡΙΛΝῼ
3056 2234 3367 2303 ΜΟΝΑΧῼ.

2166 2330 2278 2400 Τῆς
2310 2329 2586 2401 ἀφορήτου
2640 2330 2839 2399 λύπης,
2885 2329 2981 2382 καὶ
3030 2330 3130 2399 τῆς
3188 2326 3391 2395 πολλῆς
3439 2322 3705 2394 ἀθυμίαις⁷

2093 2420 2185 2474 τὸν
2237 2422 2543 2493 πειρασμὸν
2592 2422 2822 2492 δάκρυσι
2849 2420 3121 2490 δαψιλέσι,
3146 2420 3242 2473 καὶ
3281 2420 3547 2489 χρησταῖς
3590 2414 3690 2468 ἐλ-

2095 2513 2239 2578 πίσι,
2272 2514 2366 2566 καὶ
2393 2513 2470 2585 τῷ
2499 2512 2651 2585 πόθῳ
2680 2512 2758 2583 τῷ
2783 2513 2919 2584 πρὸς
2956 2513 3047 2566 τὸν
3078 2509 3415 2580 γλυκύτατον
3443 2508 3688 2580 Σωτῆρα

2094 2604 2329 2679 Χριστὸν
2349 2604 2674 2673 ἐξαφανίσαι
2700 2605 2927 2678 δυνήσῃ.

2411 2700 2536 2770 NA’.
2555 2730 2623 2740 —
2642 2700 2927 2753 ΜΕΝΑΝΔ
2938 2700 3027 2770 PQ.
3047 2698 3353 2768 ΑΣΚΗΊᾘ.

2424 3710 2550 3764 NE’.
2572 3740 2643 3750 —
2676 3709 2984 3782 ΕΥΦΗΜίῼ
3013 3711 3316 3781 ΜΟΝΑΧῼ.

473 3777 760 3849 Indignum
794 3781 1123 3853 philosopho
1168 3799 1270 3855 ego
1302 3784 1494 3855 utique
1516 3785 1736 3856 judico,
1757 3802 1859 3845 nos
1880 3788 1985 3845 cir-

2156 3795 2293 3851 Λίαν
2320 3795 2494 3867 ἔγωγε
2520 3794 2696 3869 οῐμαι,
2715 3777 3041 3867 ἀφιλόσοφον
3071 3796 3230 3866 εἶναι,
3262 3777 3683 3865 καταλιπόντας

402 3887 467 3925 ca
490 3873 750 3928 caelestes
787 3889 873 3928 res
911 3890 976 3929 ac
1006 3877 1375 3945 sempiternas
1408 3892 1540 3932 cura
1565 3878 1801 3948 abiecta,
1831 3882 1983 3937 circa

2108 3890 2118 3957 j
2128 3890 2254 3958 μᾶς,
2293 3892 2391 3960 τὴν
2430 3891 2559 3960 περὶ
2583 3890 2691 3944 τῶν
2709 3890 2976 3959 οὐρανίων
3004 3908 3087 3953 τε,
3113 3891 3212 3945 καὶ
3238 3892 3474 3946 αἰωνίων
3500 3911 3667 3963 φρον-
3732 3934 3749 3947 .

401 3979 487 4027 ea,
513 3979 633 4033 quae
676 3964 824 4018 humi
855 3973 1076 4037 repunt,
1108 3976 1328 4036 tempus
1359 3984 1694 4028 consumere
1724 3980 1781 4028 et
1811 3988 1981 4030 occu-

2108 3979 2225 4044 τίδα,
2262 3980 2392 4051 περὶ
2435 3980 2503 4034 τά
2555 3982 2731 4052 χαμαὶ
2776 3981 3005 4053 κείμενα
3039 3982 3409 4052 ἀσχολεῖσθαι,
3440 3985 3536 4037 καὶ
3565 4002 3667 4054 μεο

406 4059 717 4126 pationibus
738 4062 1027 4126 macerari,
1054 4074 1458 4136 sexcentasque
1476 4066 1634 4123 nobis
1656 4069 1980 4140 temporarii

2108 4070 2255 4144 »ίμνη
2298 4073 2582 4143 τήκεσθαι,
2641 4074 2736 4127 καὶ
2792 4074 2995 4145 μυρίας
3024 4075 3261 4128 ἐπινοεῖν
3301 4076 3561 4148 ἀφορμὰς
3586 4077 3666 4149 τῷ

405 4152 668 4223 stultique
707 4154 845 4207 lucri
888 4153 1126 4211 faciendi
1169 4171 1367 4212 causas
1401 4159 1768 4216 comminisci.

2108 4162 2403 4235 προσκαίρῳ
2459 4166 2552 4217 καὶ
2590 4166 2805 4235 ἀνοήτῳ
2836 4165 3037 4235 κέρδει.

404 4243 901 4305 LVl.—HILARIO
944 4247 1282 4307 MONACHO
1323 4251 1417 4305 EX
1467 4253 1980 4312 SCHOLASTICIS.

2108 4253 2228 4321 θεῖ’.
2255 4285 2326 4296 -
2372 4255 2601 4326 ῘΛΑΡΙῼ
2650 4257 2941 4326 ΜΟΝΑΧῼ
2976 4254 3117 4311 ΑΠΟ
3148 4257 3663 4314 ΣΧΟΛᾹΣΤΙΚΩΝ.

474 4334 717 4391 Tandem
749 4338 1045 4409 aliquando
1073 4341 1254 4396 virum
1286 4342 1578 4414 antiquum
1604 4346 1853 4401 aemulari
1880 4346 1981 4401 tibi

2159 4345 2323 4409 Μόλις
2359 4347 2490 4401 ποτὲ
2547 4348 2890 4418 μιμήσασθαι
2942 4349 3214 4415 κατεδέξω
3252 4348 3345 4402 τὸν
3374 4350 3545 4419 ἄνδρα
3570 4351 3665 4404 τὸν

404 4431 758 4498 proposuisti,
791 4446 915 4487 cum
946 4443 1237 4505 postquam
1268 4437 1607 4493 conveniens
1647 4438 1714 4492 ad
1742 4437 1979 4494 Echina-

2108 4439 2331 4508 ιρχαῖον.
2364 4439 2501 4509 μετά
2529 4437 2635 4511 [τὸ]
2674 4438 2783 4493 τῶν
2820 4440 3115 4512 Ἑχιναδῶν
3149 4441 3425 4510 ἐπιτυχεῖν
3456 4442 3669 4495 παυσά-

403 4522 503 4576 das
536 4520 695 4577 ﬁnem
722 4524 944 4579 errandi
990 4525 1188 4581 fecisti.
1224 4524 1474 4597 Namque
1507 4544 1605 4598 per
1636 4530 1822 4584 omnia
1863 4531 1982 4585 loca

2108 4544 2245 4580 ιενον
2280 4530 2380 4598 τῆς
2416 4528 2566 4597 ἄλης.
2602 4527 2675 4580 Τὸ
2697 4527 2804 4597 γάρ
2839 4529 3545 4603 περιέρχεσθαιπανταχοῦ,
3567 4532 3672 4584 καὶ

404 4612 645 4685 divagari
701 4631 1029 4687 semperque
1072 4618 1128 4673 in
1177 4631 1326 4674 motu
1373 4635 1517 4684 esse,
1550 4631 1605 4675 et
1658 4621 1789 4676 hinc
1820 4630 1985 4692 atque

2108 4621 2356 4685 ιστατεῖν,
2374 4620 2467 4672 καὶ
2484 4611 2587 4671 ὧδε
2599 4620 2765 4671 κάκεῖ
2775 4636 2840 4671 πε
2848 4619 3203 4691 ρικρούεσθαι
3218 4620 3340 4691 δίχα
3352 4621 3465 4673 ἀπα
3472 4627 3663 4694 ραιτή-

406 4706 556 4760 illinc
593 4706 772 4774 disjici
796 4708 1002 4779 absque
1024 4710 1207 4781 aliqua
1230 4711 1568 4773 necessaria.
1593 4719 1648 4766 et
1669 4728 1833 4782 quam
1866 4717 1985 4768 evi-

406 4804 522 4849 tare
547 4810 657 4850 non
689 4804 868 4867 potes,
910 4814 1104 4868 pausa,
1140 4809 1195 4854 et
1225 4800 1406 4853 locum
1438 4814 1506 4854 ex
1536 4799 1681 4863 loco,
1713 4810 1768 4855 et
1797 4800 1983 4856 cubile

402 4904 468 4941 cx
512 4888 681 4944 cubili
714 4890 890 4945 instar
912 4891 1159 4962 leporum
1200 4899 1560 4956 commutare,
1603 4891 1883 4962 quomodo
1927 4893 1984 4949 id

402 4979 701 5050 quispiam.
731 4981 1028 5036 dummodo
1059 4983 1224 5053 sapit,
1255 4983 1685 5053 approbaverit?
1704 4983 1844 5039 Sede
1868 4985 1985 5039 ita-

406 5087 511 5139 que
544 5071 600 5127 in
639 5074 975 5129 monasterio
1032 5075 1223 5131 firmus
1260 5089 1324 5128 ac
1376 5075 1635 5143 stabilis,
1690 5077 1876 5147 quiete
1929 5084 1985 5133 te

403 5177 692 5229 exercens,
715 5173 771 5219 et
800 5172 1053 5228 mortem,
1085 5166 1309 5236 quando
1334 5166 1610 5233 adveniet,
1628 5179 1983 5239 exspectans,

408 5262 470 5309 ut
507 5255 648 5311 bene
675 5256 843 5313 rebus
879 5257 1030 5314 hisce
1058 5258 1297 5325 solutus,
1338 5267 1465 5315 ante
1493 5259 1660 5332 pedes
1685 5260 1890 5318 Christi
1926 5262 1985 5318 in

406 5355 669 5401 aeternum
700 5348 1030 5407 consoleris.

486 5438 643 5510 155
676 5439 832 5497 LVII.
857 5473 924 5483 —
946 5441 1248 5500 PLATONI
1284 5442 1914 5501 ARCHIMA‘NDRITE.

484 5526 671 5583 Nostri
707 5530 946 5586 instituti
992 5542 1268 5599 auctores,
1321 5550 1448 5590 cum
1483 5543 1675 5591 essent
1709 5535 1993 5591 aemulato-

2082 4726 2175 4763 του
2214 4710 2379 4773 τινὸς,
2410 4710 2505 4763 καὶ
2528 4710 2771 4781 μεγάλης
2787 4711 3053 4782 ἀνάγκης,
3086 4713 3181 4765 καὶ
3206 4713 3371 4767 τόπον
3398 4715 3462 4767 ὲκ
3492 4713 3658 4768 τόπου

2086 4799 2495 4870 μεταλλάττειν,
2524 4801 2617 4855 καὶ
2668 4801 2857 4871 κοίτην
2896 4804 2961 4856 ἐκ
3018 4802 3202 4872 κοίτης
3231 4802 3484 4873 ἀμοίϐειν
3514 4803 3661 4859 κατά

2084 4888 2183 4962 τὴν
2215 4890 2476 4962 ὁμοίωσιν
2501 4890 2612 4946 τῶν
2640 4891 2892 4961 λαγωῶν,
2923 4892 3042 4958 πῶς
3086 4911 3172 4958 τις
3205 4895 3527 4961 ἀποδέξεται
3549 4897 3658 4949 τῶν

2083 4979 2143 5038 εὗ
2207 4984 2581 5057 φρονούντων;
2640 4986 2825 5040 Κάθου
2865 4988 3047 5041 τοίνυν
3096 4988 3159 5041 ἐν
3194 4986 3273 5059 τῷ
3307 4989 3659 5061 μοναστηρίῳ

2083 5076 2318 5147 ἑδραῖος,
2355 5077 2448 5130 καὶ
2507 5077 2932 5150 ἀμετακίνητος,
2966 5080 3198 5152 ἡσυχίαν
3223 5097 3284 5135 τε
3313 5080 3521 5145 ἀσκῶν,
3561 5082 3661 5135 καὶ

2082 5168 2549 5239 περιδλεπόμενος
2602 5170 2698 5223 τὸν
2764 5169 2991 5225 θάνατον
3014 5210 3032 5236 ,
3091 5171 3222 5225 πότε
3283 5171 3403 5242 ἥξει
3430 5211 3446 5237 ,
3506 5173 3658 5237 ὅπως

2080 5261 2264 5325 καλῶς
2291 5261 2566 5327 ἀναλύσας
2593 5265 2745 5335 παρὰ
2796 5264 2922 5329 τοὺς
2951 5264 3120 5330 πόδας
3164 5264 3260 5319 τοῦ
3298 5265 3538 5337 Χριστοῦ
3563 5267 3656 5320 εύ-

2084 5354 2328 5426 φρανθῇς
2378 5355 2632 5418 αἱωνίως.

2286 5446 2411 5500 ΝΖ’.
2444 5474 2514 5484 —-
2542 5447 2848 5501 IlAATQNl
2896 5447 3443 5524 ΑΡΧΙΜΔΝΔΡῙΤῌ.

2153 5536 2217 5589 Oi
2267 5534 2367 5607 μὲν
2413 5536 2649 5607 ἀρχηγοὶ
2686 5535 2789 5607 τῆς
2847 5538 3121 5610 ἡμετέρας
3151 5540 3383 5608 τάξεως,
3414 5541 3655 5612 ζηλωταὶ

489 5707 532 5738 ⁶¹
572 5705 744 5764 Exod.
775 5724 862 5777 xv,
897 5710 986 5801 ιε,
1028 5710 1113 5769 Η.
1191 5714 1236 5749 ⁸⁸
1269 5715 1375 5772 lsa.
1418 5731 1530 5783 11v,
1562 5715 1651 5772 29.
1730 5716 1774 5750 “
1801 5716 1974 5773 Exod.
2019 5732 2074 5785 ν,
2105 5716 2135 5769 Ἱ
