3850 6218
132 275 213 337 225

1295 268 1829 331 EPISTOLARUM
1868 270 2014 331 LIB.
2056 271 2083 330 Ι
2092 272 2139 335 I.

3264 280 3370 343 226

132 387 215 439 τῶν
239 380 553 436 ἀποστόλων
581 377 882 450 γενόμενοι,
934 376 1120 449 λύχνοι
1146 379 1292 442 τινες
1327 380 1575 450 ὑπῆρχον
1620 379 1663 432 tt

1782 394 1871 434 res
1902 383 2296 450 apostolorum,
2338 382 2578 438 lucernae
2605 393 2765 439 erant
2808 384 2864 441 i'n
2892 388 3139 445 tenebrts
3174 404 3368 447 Incen-

136 475 291 544 εκοτιᾷ
325 474 629 542 φαίνοντες,
648 475 743 526 καὶ
770 472 996 542 ἀστέρες
1016 471 1299 535 ἀπλανεῖς,
1328 472 1429 541 τὴν
1465 469 1679 541 ἀφεγγῆ

132 568 202 620 τοῦ
230 565 569 637 ἀνθρωπίνου
601 565 716 634 βίου
776 564 1215 631 καταυγάζοντες
1250 562 1437 624 νύκτα,
1474 565 1568 615 καὶ
1595 561 1680 615 λι-

135 659 279 730 μένων
303 658 559 728 πρόϐολοι
592 659 667 728 τῷ
694 657 817 710 καθ’
856 656 1084 718 ἑαυτοὺς
1138 655 1480 724 ἀχειμάστῳ,
1513 655 1680 707 πᾶσιν

132 750 315 811 εὔκολος
341 748 752 810 ύποδεικνύντες
786 748 846 800 τὸ
877 746 1154 815 διαφυγεῖν
1175 744 1429 806 ἀῦλαϐῶς
1450 744 1547 807 τὰς
1569 741 1679 796 τῶν

132 840 290 892 παθῶν
321 840 648 910 προσϐολάς.
672 839 843 901 Αὐτὸς
873 838 928 890 δὲ
953 835 1223 898 τοσαύτας
1251 834 1427 905 ψυχὰς
1457 836 1678 903 ὑποχει-

136 935 254 1004 ρὲους
282 930 726 1001 ἕχων,ὲξὼρισας
777 930 874 1001 μὲν
922 929 1019 1000 τὴν
1057 928 1279 999 ἀρετὴν,
1326 928 1417 981 καὶ
1461 926 1680 997 μακρὰν

134 1025 463 1093 ἐξυγάδευσας
486 1063 503 1089 ,
543 1022 620 1093 τῷ
658 1023 715 1076 δὲ
770 1022 948 1075 σκότει
996 1020 1095 1090 τῆς
1129 1020 1413 1090 πονηρίας.
1452 1019 1545 1071 καὶ
1580 1019 1680 1090 τῆς

135 1114 442 1184 κακοηθείας,
494 1113 559 1166 τὸ
612 1112 813 1167 σαυτοῦ
874 1113 1166 1183 πρόσωπον
1226 1110 1399 1180 ἡδέως
1442 1108 1671 1177 ἐγκαλύ-

134 1218 276 1265 πτεις,
296 1205 384 1256 καὶ
413 1204 493 1266 εἰς
529 1202 843 1268 κακοεξίαν,
878 1204 972 1255 καὶ
1003 1199 1269 1270 χειμῶνα,
1302 1200 1396 1252 καὶ
1431 1199 1679 1270 ταραχάς

134 1292 403 1352 ἀπαύστους
453 1291 747 1361 ἐμϐάλλεις
794 1292 921 1353 τοὺς
959 1290 1242 1358 ἀδελφοὺς,
1272 1290 1367 1342 καὶ
1414 1288 1676 1343 ἀπολέσαι

135 1384 343 1445 σπεύδεις
383 1383 512 1447 τοὺς
568 1382 809 1453 σωθῆναι
844 1382 1174 1450 ὀφείλοντας.
1219 1382 1330 1436 Καὶ
1366 1382 1448 1443 τίς
1478 1398 1537 1434 σε
1568 1380 1678 1453 ἄρα

133 1474 356 1546 ὶυτρώσει
382 1475 478 1544 τῆς
508 1476 733 1529 αἰωνίου
764 1474 1346 1546 κολάσεωςμΦοὸερδν
1365 1474 1472 1545 γάρ
1496 1474 1555 1528 τὸ
1577 1477 1676 1547 ἐμο

133 1569 282 1619 πεσεῖν
309 1570 385 1630 είς
409 1569 602 1638 χεῖρας
622 1565 761 1619 Θεοῦ
793 1567 1015 1631 ζῶντος.
1050 1585 1069 1618 ι

473 1741 610 1795 NH'.
645 1770 718 1783 .-
741 1742 945 1814 ΑΕΤΙῼ
973 1742 1285 1815 ΜυΝΑΧῼ.

194 1830 387 1901 Ἐπειδὴ
409 1833 533 1903 οὐχὶ
566 1834 1070 1905 ταπεινοφροσύνης
1122 1836 1299 1906 χάριν,
1342 1836 1476 1891 ἀλλά
1519 1856 1671 1893 κενο-

131 1922 272 1986 δοξίας
302 1924 534 1996 μετέρχῃ
566 1926 667 1996 τὴν
687 1926 1015 1994 ἀνάγνωσιν,
1054 1927 1143 1980 διὰ
1170 1928 1328 1983 τοῦτο
1362 1932 1666 2002 παραμένει

133 2029 195 2064 σοι
218 2015 242 2065 ὁ
269 2014 358 2083 τῆς
388 2016 647 2084 πορνεὶας
687 2019 991 2088 πειρασμός
1013 2035 1026 2050 ·
1058 2020 1120 2072 ού
1149 2020 1258 2092 γάρ
1296 2023 1563 2094 συμφέρει
1591 2024 1669 2096 τῷ

133 2104 287 2172 ἄφρονι
314 2105 509 2175 τρυφὴ,
570 2106 694 2159 οὐδὲ
749 2105 827 2176 τῷ
870 2110 1236 2180 τετυφωμένῳ
1267 2112 1327 2164 τὺ
1351 2115 1437 2165 ἀεὶ
1468 2116 1668 2183 ἀναγι-

130 2195 341 2259 νώσκειν,
372 2198 463 2250 καὶ
487 2196 590 2267 τῆς
618 2197 919 2269 ὑψηγορίας
947 2202 1260 2258 ἀπολαύειν.
1306 2204 1369 2256 Ἢ
1391 2206 1495 2276 γάρ
1533 2206 1670 2274 γνῶ-

134 2301 197 2347 σις
230 2289 393 2353 φυσιεῖ
428 2286 628 2361 [φυσῖα.
644 2288 689 2360 ?J
717 2293 809 2343 ἐπὶ
846 2293 981 2346 πολὺ
1015 2294 1104 2347 τὸν
1137 2297 1663 2367 ματαιοερρονοῦντα,

133 2374 204 2424 καὶ
229 2376 669 2447 ἀπονενοημένον,
699 2382 794 2432 καὶ
817 2380 1041 2449 βλάπτει
1073 2382 1162 2435 τὸν
1188 2384 1444 2448 ἀλαζόνα,
1476 2385 1666 2457 ὥσπερ

132 2460 285 2527 belva;
304 2467 387 2520 τὸν
415 2470 757 2541 πυρέττοντα
779 2472 1025 2541 βλάπτει.
1060 2475 1220 2530 Ὥστε
1250 2474 1342 2532 οὖν
1364 2480 1665 2551 κενωθῆναι

130 2553 392 2627 τὸφύσημα
412 2560 509 2628 τῆς
534 2560 737 2631 ψυχῆς,
762 2564 1075 2631 ἀναγκαίως
1102 2569 1130 2619 ὁ
1158 2568 1365 2638 δαίμων
1395 2571 1663 2642 ἐφέστηκε

132 2647 315 2711 πιέζων,
349 2652 438 2703 καὶ
460 2652 763 2724 ἐξελέγχων
791 2654 882 2708 τὸν
909 2661 1346 2729 πεφυσιωμένον.
1372 2664 1432 2714 Εἰ
1453 2664 1509 2716 δὲ
1539 2665 1664 2734 βού-

129 2736 192 2790 λει
215 2738 381 2793 τοῦτον
400 2742 525 2796 ἰδεῖν
555 2744 753 2797 θᾶττον
781 2748 1184 2820 ὑποχωροῦντα,
1213 2752 1436 2824 θέλησον
1460 2755 1663 2823 φθάσαι

130 2829 199 2880 τὸν
224 2835 309 2901 τῆς
335 2838 839 2908 ταπεινοφροσύνης
879 2841 1276 2897 ἀκατάσειστον
1305 2848 1536 2917 πύργον,
1569 2850 1664 2902 καὶ

130 2925 548 2999 καθοπλισάμενος
580 2936 702 2997 ταῖς
762 2937 1108 3006 ἀγρυπνίαις,
1146 2940 1239 2992 καὶ
1283 2943 1405 3004 ταῖς
1438 2943 1664 3009 πολλαῖς

132 3026 430 3090 προσευχαῖς,
460 3026 557 3077 καὶ
595 3030 661 3096 τῇ
697 3027 802 3079 τῶν
829 3028 1060 3098 ψαλμῶν
1116 3032 1317 3104 ἐπῳδῇ,
1360 3035 1659 3107 ὀφθαλμοῖς
1686 3052 1732 3115 c

130 3108 382 3185 θεωρήσεις
408 3118 503 3171 τοῦ
531 3118 729 3190 ἐχθροῦ
752 3121 849 3191 τὴν
882 3123 1178 3176 ἀπώλειαν.

395 3208 520 3262 ΝΘν.
565 3238 631 3250 σ-
674 3212 999 3266 ΧΛΡΙΤΩΝΙ
1036 3216 1342 3289 ΜΟΝΛΧῼ.

183 3294 276 3347 Ούκ
302 3296 440 3350 ἔστιν
468 3301 715 3371 ἁμαρτία
746 3305 808 3355 τὸ
852 3304 987 3375 πρὸς
1020 3305 1195 3375 βραχὺ
1246 3310 1563 3376 προσελθεῖν
1591 3316 1657 3385 τῇ

129 3386 224 3436 καθ’
245 3390 440 3459 ἡμέραν
488 3396 667 3464 τροφῇ
723 3395 781 3447 ὲν
840 3397 904 3465 τῇ
954 3402 1262 3472 τεταγμένῃ
1291 3400 1429 3473 ὥρᾳ.
1462 3405 1578 3476 Χρὴ
1602 3406 1660 3459 δὲ

129 3472 274 3529 λοιπὸν
302 3481 429 3548 μετά
451 3484 512 3536 τὺ
553 3486 1095 3557 προσταπεινωθῆναν.
1126 3494 1188 3559 τῇ
1225 3492 1382 3563 χρείᾳ
1432 3496 1525 3549 τοῦ
1562 3495 1661 3549 σώ-

132 3581 283 3634 ματος,
307 3570 470 3637 ὀξέως
516 3575 683 3627 πάλιν
742 3576 822 3637 είς
878 3576 970 3628 τὸν
1015 3578 1242 3647 οὐρανὸν
1292 3583 1491 3654 κοῦφον
1524 3589 1657 3640 ἀνα-

133 3657 329 3725 πέμπειν
356 3662 415 3715 τὺ
438 3666 718 3737 φρόνημα,
738 3667 905 3738 μηδὲν
928 3668 986 3721 ἐν
1010 3670 1157 3741 αύτῴ
1183 3677 1658 3750 συνανακουφίςων

125 3748 209 3800 τῶν
229 3752 412 3821 χοῖκῶν
439 3773 665 3825 φροντισ
674 3758 879 3829 μάτων.

428 3847 501 3902 Ξν.
536 3880 605 3889 -
639 3850 934 3923 ΑΔΡΙΑΝῼ
989 3856 1301 3928 ΜΟΝΑΧῼ.

180 3936 262 3990 Διά
294 3939 344 3992 τί
376 3941 439 3995 ὲκ
486 3943 690 4014 πολλῆς
751 3945 845 3997 καὶ
904 3948 1136 4018 ἀκαίρου
1200 3950 1482 4021 φροντίδος
1530 3969 1651 4006 κιν-

127 4024 325 4093 δυνεύεις
397 4034 476 4095 εἰς
549 4034 810 4088 ἀπιστίαν
879 4041 1102 4099 πεσεῖν,
1162 4040 1477 4111 προσδοκῶν
1515 4042 1650 4097 Θεοῦ

127 4114 498 4190 ἐγιάταλειψιν,
548 4126 643 4178 καὶ
698 4124 805 4179 τῶν
851 4127 1171 4198 ἐπιτηδείων
1229 4131 1327 4201 τὴν
1382 4132 1645 4205 ἔλλειψινς

132 4206 283 4275 Ἔχεις
302 4212 401 4283 γὰρ
426 4214 488 4286 δὴ
541 4218 678 4281 τέως
728 4218 879 4282 τινάς
921 4220 1370 4291 ἐπικουροῦντας,
1424 4225 1518 4278 καὶ
1549 4230 1647 4299 τῆς

130 4295 291 4367 πολλῆς
328 4318 413 4355 σου
472 4303 761 4369 ἀσθενείας
816 4306 1409 4381 ἀντιλαμϐανομένους,
1448 4315 1539 4367 τόν
1583 4295 1644 4370 τε

130 4386 271 4439 πάντα
293 4389 486 4459 ἔνδοξον
527 4394 881 4465 ἰλλούστριον
914 4399 1138 4469 Ἥρωνα
1192 4401 1333 4453 πάνυ
1367 4403 1475 4456 ἀπὺ
1507 4422 1647 4479 καρ-
1677 4405 1724 4463 D

128 4473 221 4537 δίας
238 4482 346 4543 τοὺς
380 4486 641 4556 μοναχοὺς
680 4486 924 4548 σέϐοντα,
984 4490 1078 4541 καὶ
1102 4490 1192 4541 τὸν
1225 4491 1320 4544 τοῦ
1341 4494 1647 4561 ἀγιωτάτου

131 4562 377 4622 ἐπισκόπου
409 4572 744 4643 ἀδελφιδοῦν,
796 4576 889 4627 καὶ
919 4576 1080 4629 αὑτὸν
1133 4577 1513 4649 φιλομόναχον,
1555 4583 1648 4635 καὶ

129 4656 205 4720 τὴν
225 4665 529 4735 σεμνοτάτην
576 4665 824 4718 διάκονον
864 4666 960 4720 τοῦ
1027 4669 1266 4737 Χριστοῦ
1326 4671 1646 4745 Θεοδούλην.

131 4734 246 4814 Πλὴν
274 4751 356 4803 καὶ
388 4734 604 4818 τούτους
640 4756 705 4808 ἂν
728 4756 852 4828 δόξῃ
897 4734 1223 4829 τελευτῆσαι
1257 4762 1363 4832 πρὸ
1387 4764 1481 4818 τοῦ
1510 4734 1647 4821 ἀπο-

131 4832 276 4891 θανεῖν
295 4858 367 4907 σε,
390 4845 600 4909 πάντως
628 4847 841 4917 βλέπων
869 4850 897 4901 ὁ
915 4849 1049 4913 Θεὸς
1080 4850 1141 4903 τὸ
1175 4854 1370 4922 πρᾶον,
1398 4857 1490 4909 καὶ
1513 4858 1648 4927 ἡσύ-

132 4942 222 4993 χιον
243 4931 504 5005 τῆςψυχῆς
561 4956 674 5002 σου,
728 4941 826 5009 τήν
876 4956 935 4991 τε
977 4941 1426 5012 ἀπραγμοσύνην,
1459 4950 1552 5000 καὶ
1580 4948 1645 5001 τὸ

132 5016 421 5091 ἀπερίεργον,
462 5031 555 5080 καί
576 5032 675 5098 τὴν
713 5032 847 5099 πρὸς
875 5032 935 5085 τὸ
966 5036 1214 5105 κρεῖττον
1235 5036 1443 5107 ἀγαθὴν
1473 5054 1643 5109 προσ-

134 5108 318 5178 ιδρείαν,
364 5118 421 5183 ἐξ
476 5122 759 5193 ἀμηχάνου
811 5124 1017 5194 πέμψει
1071 5143 1153 5178 σοι
1179 5129 1304 5189 τοὺς
1329 5128 1642 5201 διακονῆσαι

134 5203 241 5269 πρὸς
264 5206 346 5277 τὴν
370 5213 550 5281 χρείαν
588 5214 919 5281 ὀφείλοντας.
962 5218 1197 5271 Δύναται
1219 5219 1328 5289 γάρ
1356 5223 1384 5274 ὁ
1419 5222 1549 5287 Θεὸς
1576 5227 1642 5278 ἐκ

131 5292 213 5342 τῶν
242 5295 381 5353 λίθων
403 5305 599 5359 τούτων
626 5306 897 5379 ἐξεγεῖραι
947 5312 1072 5374 τοὺς
1104 5312 1401 5384 προθύμως
1431 5315 1640 5387 ὑπηρε-

131 5387 409 5475 τησομένους
432 5399 540 5459 τοῖς
560 5397 649 5451 τὸν
679 5399 886 5471 μονήρη
924 5403 1341 5473 μετερχομένοις
1370 5405 1502 5475 βίον.
1541 5410 1637 5474 Τίς

133 5473 216 5543 γάρ
232 5475 284 5548 δὴ
308 5483 362 5533 οὗ
393 5489 502 5555 μετ’
535 5489 743 5554 ἱκεσίας
776 5491 974 5564 πολλῆς
1026 5473 1449 5568 χωρηγήσει,-ού
1472 5500 1636 5570 μόνον

1702 1718 1748 1777 Β

1783 479 1868 526 tes
1891 472 1957 535 “.
1991 484 2044 528 et
2067 475 2244 529 stellae
2272 491 2383 531 non
2412 487 2662 533 errantes
2688 478 2979 534 obscuram
3004 482 3129 537 vitae
3165 494 3369 540 nostrae

1780 572 1996 617 noctem
2019 567 2433 632 collustrantes,
2450 580 2503 623 et
2525 572 2929 640 tranquillitate
2958 575 3179 645 propria
3210 580 3366 632 onmi

1779 656 2153 712 concitatione
2178 675 2351 714 vacua
2374 673 2630 731 portuum
2664 666 3110 736 propugnacula,
3146 668 3365 724 facilem

1780 748 2038 803 omnibus
2076 760 2567 817 praemonstrantes
2597 754 2762 819 viam,
2797 765 2858 809 ut
2896 757 3017 813 sine
3041 759 3364 817 discrimine

1780 839 2257 908 perturbationum
2292 843 2538 913 impetus
2585 845 2944 903 declinarent.
2972 848 3054 904 Tu
3088 867 3220 907 vero
3250 854 3367 923 ipse

1782 936 1865 983 tot
1901 930 2117 987 animas
2148 933 2252 987 sub
2296 944 2562 1004 potestate
2602 937 2813 995 habens
2862 941 3054 995 virtuti
3105 944 3363 1000 exsilium

1782 1023 2103 1093 imperasti,
2163 1026 2434 1097 longeque
2476 1044 2597 1083 eam
2672 1032 2885 1099 pulsam
2946 1037 3361 1103 exterminasti;

1780 1111 2080 1183 impietatis
2132 1130 2262 1170 vero
2312 1118 2558 1175 tenebris
2613 1128 2669 1174 et
2724 1123 3112 1191 perversitatis
3163 1126 3360 1182 faciem

1778 1209 1926 1256 tuam
1970 1204 2158 1258 libenti
2201 1206 2388 1261 animo
2429 1209 2706 1279 contegis,
2746 1219 2801 1266 et
2835 1213 2889 1266 in
2940 1229 3146 1283 pravos
3181 1233 3365 1273 mores

1777 1302 1831 1349 et
1853 1303 2233 1364 tempestates,
2266 1304 2321 1351 et
2365 1313 2646 1367 nunquam
2679 1310 2964 1358 cessantes
3020 1306 3213 1361 turbas
3249 1306 3361 1360 fra-

1777 1393 1890 1439 tres
1923 1388 2177 1455 conjicis,
2203 1396 2258 1442 et
2290 1389 2586 1444 salvaudos
2621 1391 2674 1445 in
2721 1394 3087 1462 perditionem
3123 1402 3360 1454 maxima

1776 1476 2129 1529 contentione
2168 1477 2475 1546 protrudis.
2543 1479 2604 1533 Et
2661 1484 2787 1549 quis
2838 1492 2890 1537 te
2943 1499 2975 1537 a
3019 1488 3360 1557 sempiterna

1778 1578 1937 1633 poma
1973 1565 2273 1619 liberabit?
2304 1586 2322 1618 ι
2354 1564 2721 1624 Tremendum
2741 1588 2979 1643 namque
2998 1585 3084 1631 est
3118 1570 3362 1634 incidere

1776 1653 1831 1708 in
1862 1670 2061 1709 manus
2089 1654 2182 1710 Dei
2216 1656 2456 1713 viventis
2484 1658 2551 1711 ".
2596 1678 2613 1710 ι

2114 1745 2296 1802 LVIII.
2332 1779 2403 1789 -—
2440 1748 2655 1805 AETIO
2687 1750 3020 1810 MONACHO

1840 1836 2294 1908 Quandoquidem
2320 1856 2429 1895 non
2460 1841 2812 1908 humilitatis,
2850 1847 2946 1901 sed
2973 1848 3153 1904 inanis
3171 1851 3360 1920 gloria

1770 1934 1944 1998 gratia
1980 1930 2282 1987 lectionem
2311 1935 2583 2004 capessis,
2613 1945 2900 2007 prapterea
2934 1941 2989 1994 in
3022 1951 3074 1995 te
3102 1957 3356 2012 perseve-

1768 2029 1855 2074 rat
1895 2020 2276 2078 fornicationis
2319 2025 2551 2080 tentatio
2585 2044 2599 2079 :
2638 2043 2817 2098 neque
2862 2032 3009 2085 enim
3063 2038 3357 2093 commode

1769 2110 1983 2166 accedit
2019 2113 2304 2181 insipienti
2366 2115 2566 2181 luxus,
2611 2134 2789 2189 neque
2836 2121 3097 2189 superbia
3165 2124 3357 2180 inato

1768 2210 2033 2273 perpetua
2070 2204 2272 2271 lectio,
2325 2214 2381 2261 et
2415 2208 2675 2265 sublimis
2729 2210 2997 2269 dictionis
3048 2218 3350 2284 possessio.

1766 2295 2021 2365 Cognitio
2061 2296 2335 2365 siquidem
2390 2298 2575 2353 inania
2607 2301 2984 2371 meditantem,
3033 2314 3088 2361 et
3122 2306 3354 2363 demen-

1768 2393 1902 2450 tem,
1946 2401 2010 2440 ae
2052 2395 2235 2442 mente
2285 2398 2505 2459 captum
2564 2392 2749 2457 inﬂat,
2798 2403 2855 2448 et
2909 2397 3148 2466 superbo
3169 2408 3350 2465 nocet,

1765 2476 2227 2544 quemadmodum
2267 2479 2454 2531 vinum
2509 2480 2661 2535 febre
2704 2484 2999 2540 laboranti.
3052 2484 3353 2559 Quousque

1766 2570 1950 2640 itaque
1978 2571 2147 2624 animi
2181 2572 2450 2642 superbia
2486 2582 2748 2627 evacuata
2784 2591 2891 2629 non
2933 2586 3052 2640 est,
3095 2595 3354 2635 necessa-

1765 2659 1847 2711 rio
1865 2659 2077 2713 daemon
2109 2659 2405 2715 imminens
2426 2663 2645 2731 premit,
2671 2663 3030 2736 inllatnmque
3050 2670 3346 2740 redarguit.

1767 2749 1825 2802 Si
1849 2764 1983 2803 vero
2008 2748 2279 2821 146ιίὺί
2303 2754 2357 2806 in
2382 2755 2567 2808 animo
2588 2763 2694 2817 est.
2720 2772 2844 2811 eum
2866 2775 3030 2827 quam
3059 2762 3346 2829 citissime,

1764 2838 1941 2891 solum
1970 2848 2203 2902 vertere,
2236 2840 2461 2906 intueri,
2486 2844 2552 2898 ad
2591 2845 2916 2901 humilitatis
2935 2851 3125 2903 turrim
3158 2852 3351 2907 incon—

1763 2945 1981 2987 cussam
2015 2935 2285 2996 accedito,
2319 2943 2481 3006 teque
2517 2939 2745 3009 vigiliis,
2774 2948 2829 2994 et
2862 2944 3050 2998 multis
3083 2947 3349 3001 orationi-

1764 3021 1887 3084 bus.
1906 3034 1960 3079 et
1985 3026 2319 3093 psalmorum
2342 3036 2527 3091 cantu,
2550 3031 2718 3086 veluti
2739 3044 3022 3089 armatura
3040 3036 3344 3106 instruens,

1763 3114 1940 3171 hostis
1971 3116 2333 3186 perditionem
2369 3121 2544 3174 oculis
2582 3123 2914 3191 conspicies.

2026 3204 2163 3261 LIX.
2187 3238 2258 3247 —
2283 3206 2661 3265 CIIARITONI
2714 3212 3068 3271 MUNACHO.

1830 3295 1949 3353 Non
1981 3305 2067 3354 est
2102 3309 2400 3368 peccatum
2432 3318 2527 3369 per
2561 3304 2724 3360 breve
2760 3315 2978 3375 tempus
3023 3311 3344 3380 praescripta

1762 3387 1898 3444 hora
1960 3390 2027 3445 ad
2083 3392 2467 3461 quotidianum
2514 3395 2720 3451 vietum
2779 3400 3060 3456 accedere.
3117 3403 3343 3472 Uportet

1761 3497 1912 3546 vero,
1947 3491 2236 3554 postquam
2270 3500 2330 3540 se
2374 3486 2644 3555 quispiam
2710 3492 3038 3547 necessitate
3091 3498 3340 3565 corporis

1760 3572 2270 3644 humiliavit.quam
2308 3577 2581 3633 citissime
2613 3596 2830 3635 rursum
2858 3584 2925 3637 ad
2963 3586 3163 3639 cmlum
3190 3591 3339 3658 cogi-

1759 3665 2018 3721 tationem
2067 3667 2345 3738 expedire,
2380 3670 2518 3725 nihil
2577 3688 2765 3728 secum
2810 3690 2875 3729 ex
2919 3679 3157 3734 terrenis
3185 3682 3336 3737 euris

1756 3756 2140 3815 attrahentem.

2053 3847 2169 3904 LX.
2202 3882 2275 3893 —
2305 3848 2614 3909 ADBIANO
2666 3854 3021 3917 MONACIIO.

1824 3939 1998 4007 Quam
2030 3941 2101 3996 ob
2123 3957 2348 3999 causam
2387 3959 2452 3999 ex
2482 3945 2708 4001 immani
2745 3938 3169 4024 importuni-aque
3198 3972 3329 4015 cura

1753 4031 2069 4087 amittendae
2122 4035 2244 4088 lidei
2310 4035 2365 4089 in
2425 4035 2722 4094 discrimen
2776 4046 2965 4108 venis,
3036 4052 3329 4119 suspicans

1752 4121 1921 4179 Deum
1979 4132 2032 4179 te
2082 4124 2516 4193 derelicturum,
2577 4138 2632 4186 et
2677 4136 2988 4189 necessaria
3041 4140 3330 4199 defutura?

1751 4211 1931 4269 Habes
1970 4214 2115 4269 enim
2154 4216 2207 4270 in
2247 4217 2395 4272 hunc.
2428 4218 2571 4273 diem
2609 4224 2928 4292 nonnullos,
2959 4229 3053 4297 qui
3093 4232 3190 4285 tibi
3224 4236 3326 4288 mi-

1750 4307 2010 4373 nistrant,
2045 4314 2101 4362 et
2143 4307 2197 4361 in
2229 4309 2381 4380 gravi
2413 4310 2516 4366 hac
2565 4322 2657 4368 tua
2714 4318 3035 4386 aegritudine
3078 4326 3328 4381 subsidio

1751 4398 1998 4466 veniunt,
2032 4407 2087 4454 et
2139 4401 2281 4456 inter
2311 4403 2452 4459 alios
2485 4418 2679 4461 omnes
2720 4408 2982 4481 inclytum
3023 4415 3325 4472 illustrem-

1744 4505 1850 4559 que
1881 4488 2174 4557 Heronem,
2206 4494 2373 4549 nimis
2407 4511 2473 4551 ex
2505 4499 2672 4552 corde
2704 4504 2990 4559 monachis
3018 4507 3323 4573 addictum,

1742 4592 1796 4637 et
1834 4584 2170 4640 sanctissimi
2213 4588 2455 4659 episcopi
2486 4606 2550 4644 ex
2594 4590 2766 4647 fratre
2810 4606 3084 4666 nepotem,
3126 4605 3221 4669 qui
3270 4614 3324 4658 et

1740 4674 1861 4745 ipse
1890 4678 2190 4733 monachos
2236 4679 2431 4751 diligit,
2466 4690 2521 4737 et
2548 4688 3074 4745 venerabilissimam
3118 4694 3321 4751 Christi

1741 4764 2112 4822 diaconissam
2146 4768 2505 4829 Theodulam.
2537 4774 2604 4829 Et
2628 4778 2751 4833 licet
2789 4779 2869 4845 hi,
2896 4792 3186 4853 antequam
3209 4789 3324 4856 ipse

1742 4856 1854 4911 vita
1887 4857 2156 4930 fungaris.
2193 4861 2335 4917 diem
2365 4879 2526 4919 suum
2583 4868 2840 4932 obierint.
2882 4870 3025 4929 Deus
3067 4890 3323 4933 mansue-

1744 4949 2012 5014 tudinem,
2050 4961 2103 5008 et
2134 4957 2370 5024 quietem
2402 4959 2599 5014 anima:
2624 4970 2728 5017 tua:
2780 4965 3050 5033 intuitus,
3105 4984 3320 5027 necnon

1739 5044 2216 5112 tranquillitatem.
2241 5057 2294 5101 et
2328 5049 2551 5106 minime
2581 5055 2854 5110 curiosam
2887 5057 3316 5129 simplicitatem.

1738 5133 2085 5207 optitnosque
2113 5138 2181 5191 ad
2211 5139 2438 5194 meliora
2470 5152 2724 5209 conatus,
2746 5163 2811 5200 ex
2841 5147 3138 5219 improviso
3162 5152 3318 5225 147

1738 5232 1937 5295 mittet,
1972 5233 2066 5301 qui
2100 5235 2413 5290 necessitati
2438 5244 2545 5293 tua)
2578 5241 2914 5299 ministrent.
2954 5243 3136 5301 Potest
3172 5250 3318 5304 enim

1740 5320 1881 5378 Deus
1910 5339 1975 5378 ex
2009 5325 2280 5395 lapidibus
2307 5326 2459 5383 hisce
2488 5333 2760 5388 suscitare
2781 5335 2846 5397 “,
2881 5338 2975 5408 qui
3008 5338 3316 5397 libentissi-

1745 5428 1832 5469 me
1863 5415 1950 5481 iis,
1976 5417 2069 5488 qui
2116 5420 2474 5476 monasticam
2514 5424 2682 5495 vitam
2722 5430 3151 5496 amplectuntur,
3181 5432 3318 5488 sub-

1745 5508 2009 5566 serviant.
2060 5509 2430 5595 Etenimhquis
2458 5530 2595 5583 non,
2633 5518 2799 5574 etiam
2829 5521 3145 5595 ingentibus
3187 5540 3317 5597 pre-

191 5646 224 5677 “
259 5649 293 5706 ll
326 5653 457 5712 Pttr.
500 5678 535 5724 I,
575 5664 659 5718 t9.
736 5664 781 5697 "
817 5664 981 5722 Hebr.
1023 5683 1079 5731 ι,
1116 5668 1205 5726 5-1.
1281 5675 1327 5709 ⁸⁸
1348 5673 1540 5732 Matth.
1565 5692 1649 5747 tu,
1682 5677 1738 5735 9.
