3850 6218
434 264 535 326 ΉῚ

1917 271 1978 329 S.
2022 272 2185 333 NILI

3586 288 3696 351 29.8

436 376 594 431 cibus
628 373 849 437 additis,
895 390 1003 429 non
1040 376 1503 442 subministrabit,
1529 381 1657 435 "non
1705 388 1917 435 tantum
1946 396 2009 436 ea

2120 386 2182 435 τὰ
2209 382 2310 453 τῆς
2334 383 2542 454 χρείας,
2569 383 2707 439 ἀλλὰ
2755 386 2849 440 καὶ
2878 387 2950 441 τὰ
2975 388 3115 461 ὑπὲρ
3152 392 3363 462 χρείαν,
3394 397 3509 459 τοῖς
3535 397 3696 450 εὐσε-

435 483 558 537 qua:
586 468 919 531 necessaria,
956 469 1050 524 sed
1081 470 1244 527 etiam
1278 486 1398 540 qua:
1428 487 1592 541 supra
1625 475 1802 542 ipsum
1846 488 2017 547 usum:

438 567 567 614 sunt
599 559 1002 625 abundantius,
1058 562 1146 630 pie
1184 571 1239 616 et
1278 562 1523 618 virtuose
1568 564 1919 619 viventibus?
1952 550 2015 618 Si

436 650 581 705 enim
622 649 868 705 homines
902 651 1141 718 barbari,
1175 660 1229 707 et
1265 654 1356 723 qui
1384 655 1510 724 jure
1543 656 1668 710 belli
1692 655 2011 726 Ilierosoly-

438 759 525 798 ma
563 756 847 815 coeperunt
879 746 1182 818 Babylonii,
1236 751 1495 804 virtutem
1525 750 1773 806 Jeremia'.
1794 751 2010 805 reveriti

438 842 588 898 sunt,
624 851 841 890 omnem
874 837 951 891 illi
980 853 1164 891 curam
1197 840 1536 909 corporalem
1585 856 1747 909 quam
1789 842 2010 894 muniﬁ-

438 924 753 980 centissime
780 926 1168 992 exhibuerunt,
1202 943 1310 983 non
1341 930 1519 983 solum
1546 931 1611 983 ad
1650 930 1859 983 victum
1889 945 2011 999 per-

437 1018 668 1084 tinentia
700 1019 938 1088 elargiti,
980 1021 1074 1074 sed
1111 1036 1261 1084 vasa,
1294 1023 1496 1091 quibus
1539 1024 1716 1078 solent
1753 1024 2012 1078 conviva-

436 1110 652 1165 toribus
693 1110 1007 1166 ministrare
1052 1130 1065 1166 :
1110 1115 1385 1181 quomodo
1418 1115 1475 1177 ii,
1524 1115 1616 1184 qui
1648 1115 1891 1183 ejusdem
1924 1129 2014 1183 ge-

438 1202 587 1256 neris
604 1203 933 1265 sunt,vitam
967 1203 1154 1258 virtuti
1186 1203 1425 1258 deditam
1454 1220 1565 1258 non
1592 1205 2009 1268 reverebuntur,

436 1300 491 1347 et
519 1294 851 1363 cogitatione
881 1310 976 1363 per
998 1296 1318 1365 disciplinas
1345 1298 1468 1367 plus
1487 1313 1648 1365 quam
1671 1298 1887 1352 barbari
1911 1297 2011 1366 ipsi

438 1384 505 1437 ad
526 1399 709 1439 rerum
738 1386 1003 1440 bonarum
1040 1389 1587 1457 comprehensionem
1619 1390 1926 1458 cxpurgati,
1962 1396 2015 1443 et

437 1478 658 1535 virtutis
686 1480 1072 1533 aemulatores?
1107 1479 1260 1536 Licet
1305 1483 1452 1536 enim
1494 1482 1561 1536 ad
1604 1482 1754 1538 illius
1803 1481 2016 1536 exerci-

438 1571 572 1623 tium
603 1571 672 1625 ob
701 1572 993 1625 nonnullas
1016 1587 1214 1628 causas
1236 1574 1526 1630 admovere
1560 1590 1620 1631 se
1643 1590 1750 1629 non
1777 1575 2012 1644 possint,

435 1675 553 1714 eam
601 1661 877 1716 honorant
919 1664 1301 1731 nihilominus,
1350 1666 1612 1737 illiusque
1648 1668 1883 1721 athletas
1917 1667 2013 1721 de-

435 1753 702 1805 mirantes
735 1754 961 1807 intentis
992 1757 1169 1811 oculis
1224 1758 1688 1827 contemplantur.
1729 1757 1806 1813 Ne
1847 1759 2013 1829 igitur

436 1828 621 1895 multis
646 1844 1072 1912 cogitationibus
1102 1856 1153 1901 te
1181 1863 1448 1913 maceres,
1480 1849 1597 1912 sed,
1630 1858 1689 1901 ut
1733 1828 1928 1906 Petrus
1959 1858 2013 1905 et

437 1932 637 1989 Paulus
669 1934 1032 1990 adhortantur
1078 1956 1090 1992 :
1136 1939 1397 2009 lnvigila,
1434 1948 1486 1994 et
1532 1941 1754 1995 sobrius
1806 1950 1925 1997 esto
1956 1942 2011 1995 in

434 2025 778 2081 orationibus
800 2028 864 2091 ",
899 2029 1189 2085 universas
1221 2040 1343 2085 tuas
1379 2032 1740 2101 cogitationes
1766 2034 1821 2087 in
1842 2033 2009 2089 Deum

434 2117 753 2183 remittens;
780 2135 799 2167 ‹
822 2116 1001 2188 Prope
1022 2119 1168 2174 enim
1192 2120 1457 2175 Dominus
1478 2130 1560 2176 est
1578 2122 1643 2177 ".
1678 2142 1695 2175 ι
1734 2122 1835 2179 Et:
1865 2142 1882 2175 ι
1915 2123 2013 2178 Ni—

434 2206 510 2260 hil
548 2207 766 2262 solliciti
795 2209 941 2274 sitis,
983 2211 1080 2275 ait,
1121 2210 1215 2265 sed
1253 2213 1307 2264 in
1355 2214 1504 2266 omni
1539 2228 1598 2268 re
1628 2253 1645 2280 ,
1680 2215 1931 2269 oratione
1959 2225 2013 2270 et

434 2308 596 2363 prece
634 2298 907 2365 postulata
945 2306 1125 2353 vestra
1153 2298 1264 2353 Deo
1314 2310 1446 2354 nota
1478 2301 1610 2355 ﬁant
1637 2302 1716 2369 ‘9;
1752 2322 1770 2354 ι
1811 2311 1864 2357 et
1897 2304 2013 2374 ipse

434 2385 590 2440 vobis
620 2387 673 2440 in
705 2387 960 2442 omnibus
988 2389 1319 2457 providebit.
1370 2390 1437 2444 Et
1476 2407 1697 2446 rursum
1737 2394 1846 2447 alio
1889 2394 2012 2448 loco

434 2475 700 2543 scriptum
734 2484 820 2530 est
856 2494 870 2532 :
903 2476 1179 2548 Respicite
1221 2480 1277 2532 in
1309 2481 1564 2549 antiquas
1602 2485 2006 2552 generationes.

436 2565 569 2630 Quis
596 2564 828 2620 credidit
857 2582 1099 2635 unquam
1128 2565 1380 2630 Domino,
1403 2577 1457 2624 et
1483 2572 1719 2641 neglexit
1746 2573 1897 2627 illum
1926 2575 2014 2629 7°?

438 2653 763 2710 Percurristi
797 2655 910 2711 haec
934 2658 1120 2710 omnia
1154 2676 1166 2711 :
1202 2658 1338 2712 illud
1366 2668 1546 2714 tamen
1600 2660 1654 2714 in
1691 2663 2010 2717 memoriam

437 2744 788 2799 adducimus.
836 2746 1023 2801 Daniel
1077 2747 1131 2800 in
1170 2748 1307 2802 urbe
1362 2749 1635 2819 Babylone
1692 2751 1746 2805 in
1797 2752 2009 2808 foveam

437 2835 655 2890 leonum
689 2837 990 2906 projectus,
1025 2838 1272 2908 nihilque
1300 2840 1369 2893 ab
1416 2840 1525 2895 illis
1555 2842 1685 2895 mali
1716 2858 2011 2913 perpessus

438 2927 660 2982 sedebat
688 2942 813 2982 cum
854 2928 997 2984 fame
1036 2929 1388 3000 depugnans;
1437 2929 1691 2987 Habacuc
1728 2950 1858 2989 vero
1892 2952 2015 3005 pro-

438 3018 621 3087 pheta,
664 3018 739 3072 ita
771 3018 878 3073 Deo
915 3020 1161 3089 jubente,
1214 3030 1267 3075 et
1318 3023 1386 3077 ab
1432 3025 1626 3093 angelo
1660 3026 1912 3083 sublatus
1944 3045 2011 3083 ex

2120 3046 2141 3096 δ
2175 3046 2423 3114 μέγιστος

2111 474 2243 538 ϐῶς,
2292 474 2386 527 καὶ
2414 476 2647 545 σεμνῶς,
2700 479 2795 531 καὶ
2850 480 3117 550 ἐναρέτως
3177 482 3416 553 βιοῦσιν;
3462 488 3525 539 Εί
3581 490 3699 559 γάρ

2110 565 2387 636 ἄνθρωποι
2445 567 2729 638 βάρϐαροι,
2781 571 2876 623 καὶ
2926 571 3160 642 πολέμου
3236 578 3386 647 νόμῳ
3436 577 3699 644 λαϐόντες

2124 655 2472 728 Ἰεροσόλυμα
2510 660 2558 711 οί
2588 670 2591 673 ’
2621 658 2973 724 Βαϐυλώνιοι,
3015 666 3114 737 τὴν
3155 668 3355 740 ἀρετὴν
3384 670 3699 743 ᾐδέσθησαν

2110 748 2200 800 τοῦ
2240 747 2517 820 Ἰερεμίου,
2553 752 2649 804 καλ⁹
2672 755 2853 807 πᾶσαν
2876 755 3177 826 θεραπείαν
3199 761 3473 832 παρέσχον
3504 779 3699 835 σωμα-

2109 840 2267 907 τικὴν
2289 839 2785 910 μεγαλοψυχότατοι,
2805 844 2866 896 οὐ
2890 847 3049 913 μόνον
3066 849 3133 900 τὰ
3154 850 3288 920 πρὸς
3305 836 3511 923 τροφὴν
3525 852 3702 907 δεδω-

2112 930 2285 995 κότες,
2303 931 2437 983 ἀλλὰ
2454 932 2545 985 καὶ
2572 934 2762 1005 σκεύη,
2785 932 2865 998 οἷς
2888 937 3009 1001 ἔθος
3034 939 3151 992 ἐστί
3178 942 3540 997 διακονεῖσθαι
3568 945 3705 1008 τοὺς

2114 1026 2494 1095 ἑστιωμένους,
2528 1029 2644 1093 πῶς
2677 1032 2777 1083 οὑκ
2825 1033 3237 1105 αίδεσθήσονται
3277 1036 3390 1106 βίον
3434 1041 3703 1110 ἐνάρετον

2112 1120 2162 1170 οί
2201 1119 2483 1189 ὁμόφυλοι,
2524 1122 2619 1175 καὶ
2674 1122 2766 1176 τὸν
2809 1124 3073 1195 λογισμὸν
3104 1130 3168 1180 ἐκ
3213 1130 3462 1194 παιδείας
3492 1132 3704 1202 μᾶλλον

2112 1211 2204 1264 τοῦ
2258 1211 2593 1285 βαρϐαρικοῦ
2676 1214 3172 1289 διακεκαθαρμένοι
3248 1223 3385 1292 πρὸς
3435 1225 3537 1294 τὴν
3587 1226 3705 1279 τῶν

2115 1303 2296 1356 καλῶν
2326 1306 2671 1376 κατανόησιν,
2708 1308 2802 1360 καὶ
2834 1310 3035 1380 ἀρετῆς
3060 1310 3298 1381 ζηλωταί
3326 1330 3341 1379 ;
3374 1315 3436 1367 Εί
3466 1314 3578 1386 γὰρ
3604 1316 3707 1369 καὶ

2118 1394 2192 1464 μὴ
2215 1394 2528 1466 δεδύνηνται
2557 1397 2764 1469 ταύτης
2810 1400 3049 1470 ἀσκηταὶ
3088 1403 3354 1471 ,γενέσθαι
3403 1405 3493 1459 διά
3541 1424 3708 1472 τινας

2116 1486 2314 1552 αἰτίας,
2355 1487 2468 1539 ἀλλ’
2491 1484 2582 1541 οὖν
2613 1505 2676 1557 γε
2701 1490 2932 1559 τιμῶσιν
2964 1492 3155 1564 αὐτὴν,
3184 1497 3279 1548 καὶ
3301 1497 3427 1560 τοὺς
3452 1498 3708 1569 ἀθλητὰς

2116 1578 2285 1647 αὐτῆς
2314 1577 2702 1649 θαυμάζουσιν.
2730 1582 2821 1652 Μὴ
2868 1578 2960 1636 οὖν
3009 1584 3180 1638 πολλὰ
3232 1588 3509 1657 φρόντιζε,
3558 1590 3711 1645 ἀλλὰ

2118 1666 2259 1720 κατὰ
2280 1667 2378 1739 τὴν
2392 1668 2715 1738 παραίνεσιν
2742 1672 2947 1742 Πέτρου
2963 1674 3057 1748 καὶ
3084 1675 3299 1729 Παύλου
3324 1679 3707 1750 γρηγόρησον,

2120 1764 2211 1815 καὶ
2239 1763 2410 1831 νῆψον
2437 1764 2517 1826 εἰς
2580 1768 2908 1836 προσευχάς,
2940 1769 3035 1821 καὶ
3070 1772 3247 1825 πᾶσάν
3286 1790 3381 1827 σου
3406 1774 3506 1845 τὴν
3534 1777 3707 1848 μέρι-

2117 1870 2255 1921 μναν
2281 1855 2463 1918 είςτὸν
2498 1855 2630 1909 Θεὸν
2664 1859 3009 1930 ἐπιρῤίψαςΑ
3033 1863 3231 1931 Ἐγγὺς
3251 1868 3358 1936 γάρ
3382 1867 3410 1918 ὁ
3432 1868 3703 1939 Κύριος,›

2114 1945 2209 1998 καὶ
2237 1962 2255 1995 ί
2284 1946 2468 2017 Μηδὲν
2501 1952 2820 2019 μεριμνᾶτε,
2838 1957 3023 2022 φησιν,
3042 1956 3227 2010 ἁλλ’ὲν
3245 1961 3406 2012 παντὶ
3435 1965 3503 2033 τῇ
3531 1979 3712 2034 προσ-

2113 2042 2245 2109 ευχῇ
2292 2041 2385 2092 καὶ
2430 2044 2494 2111 τῇ
2522 2042 2704 2114 δεήσει
2733 2044 2801 2097 τά
2831 2048 3110 2118 αἰτήματα
3156 2052 3311 2121 ὑμῶν
3344 2056 3711 2125 γνωριζέσθω

2113 2129 2250 2199 πρὸς
2282 2132 2374 2182 τὸν
2402 2131 2557 2196 Θεὸν,
2595 2152 2613 2185 ι
2646 2135 2739 2187 καὶ
2762 2135 2923 2201 αὐτὸς
2957 2138 3087 2209 ὑμῖν
3129 2143 3185 2194 ἐν
3218 2145 3349 2196 πᾶσι
3380 2151 3705 2219 προνοήσει.

2113 2221 2223 2273 Καὶ
2252 2221 2413 2275 πάλιν
2447 2225 2503 2276 ἐν
2529 2224 2699 2296 ἑτέρῳ
2723 2228 3031 2298 γέγραπται
3061 2247 3077 2262 °
3123 2232 3459 2305 Ἐμϐλέψατε
3494 2239 3575 2302 είς
3600 2241 3708 2313 ἀρ-

2114 2313 2273 2382 χαίας
2313 2316 2529 2382 γενεάς.
2593 2317 2689 2379 Τίς
2738 2320 3025 2375 ἐπίστευσέ
3090 2341 3222 2378 ποτε
3246 2326 3324 2397 τῷ
3363 2330 3574 2402 Κυρίῳ,
3608 2335 3709 2387 καὶ

2114 2407 2394 2478 ὑπερεῖδεν
2424 2410 2586 2463 αὐτόν
2610 2428 2625 2477 ;
2662 2411 2929 2481 Ἀνέγνως
2959 2416 3137 2471 πάντα
3165 2435 3179 2448 ·
3218 2420 3359 2491 πλὴν
3383 2422 3707 2496 ὑπομνήσο-

2117 2497 2217 2568 μέν
2238 2516 2319 2553 σε.
2349 2501 2548 2571 Δανιὴλ
2569 2504 2627 2555 ἐν
2651 2502 2932 2559 Βαϐυλῶνι
2985 2506 3066 2570 εἰς
3095 2508 3300 2563 λάκκον
3328 2510 3561 2567 λεόντων
3598 2517 3706 2587 ἐμ-

2115 2589 2468 2660 ϐεϐλημένος,
2504 2592 2669 2661 μηδέν
2701 2611 2761 2646 τε
2809 2595 2982 2651 δεινὸν
3008 2598 3292 2664 πεπονθὼς
3331 2602 3436 2655 ὑπὸ
3466 2604 3704 2672 τούτων,

2113 2681 2347 2753 ἐκάθητο
2372 2682 2653 2753 λιμώττων
2673 2701 2686 2714 ·
2724 2685 3040 2759 Ἀϐϐακοὺμ
3068 2689 3112 2742 δ’
3133 2692 3161 2742 ό
3196 2692 3483 2764 προφήτης
3508 2692 3703 2748 θεόθεν

2114 2770 2445 2839 κελευσθεὶς,
2502 2774 2595 2825 καὶ
2643 2775 2734 2827 ὑπ’
2801 2777 3033 2845 ἀγγέλου
3092 2778 3415 2851 βασταχθεὶς
3460 2784 3571 2837 ἀπὸ
3600 2785 3706 2855 τῆς

2126 2863 2385 2927 Ἰουδαίας
2423 2867 2501 2927 είς
2529 2864 2840 2930 Βαϐυλῶνα,
2863 2871 2960 2921 καὶ
2988 2872 3068 2934 εἰς
3101 2872 3268 2926 αὑτὸν
3305 2874 3416 2927 τῶν
3470 2876 3705 2930 λεόντων

2113 2952 2313 3005 λάκκον
2352 2953 2653 3023 διακομίζει
2677 2956 2738 3009 τὸ
2768 2958 3007 3031 ἄριστον,
3037 2963 3130 3013 καὶ
3159 2964 3325 3033 φησὶν
3355 2964 3703 3037 εὐχαριστῶν

2449 3048 2668 3117 Δανιὴλ,
2703 3067 2723 3100 ‹
2748 3050 3055 3123 Ἐμνήσθης
3076 3054 3184 3125 γάρ
3216 3072 3339 3125 μου,
3369 3059 3397 3109 ό
3433 3058 3589 3124 Θεὸς,
3609 3062 3707 3115 ml.

435 3109 622 3164 Iudaea
662 3110 715 3163 in
757 3110 1109 3181 Babylonem,
1166 3113 1326 3185 148
1370 3122 1425 3170 et
1481 3117 1535 3170 in
1580 3118 1753 3187 ipsam
1791 3120 2012 3175 leonum

2120 3137 2216 3190 οὐκ
2247 3140 2602 3207 ἐγκατέλιπες
2631 3143 2753 3206 τοὺς
2788 3142 3153 3214 ὲκζητοῦντάς
3192 3164 3270 3200 σε.
3321 3168 3339 3202 ι
3376 3151 3563 3205 Ταῦτα
3591 3153 3707 3206 τοί-

438 3204 650 3255 l‘oveam
672 3201 957 3270 prandium
981 3202 1158 3257 defert
1188 3222 1200 3257 :
1231 3215 1283 3259 et
1317 3206 1389 3258 ait
1419 3209 1625 3276 gratias
1650 3224 1819 3278 agens
1844 3211 2018 3263 maxi-

440 3308 565 3348 mus
597 3292 784 3348 Daniel
819 3312 832 3348 :
872 3312 892 3345 ‹
929 3294 1223 3350 Meministi
1275 3297 1419 3350 enim
1461 3298 1591 3361 mei,
1627 3297 1792 3361 Deus,
1820 3307 1873 3355 et
1902 3317 2013 3356 non

438 3385 781 3455 dereliquisti
812 3396 1119 3456 quaerentes
1157 3396 1210 3442 te
1233 3387 1299 3441 τί.
1344 3407 1363 3440 ι
1400 3387 1527 3443 Hac
1550 3390 1740 3460 igitur,
1775 3400 1830 3446 et
1860 3394 2015 3447 simi-

440 3478 510 3532 lia
543 3486 724 3533 mente
761 3479 1037 3545 evolvens,
1080 3480 1148 3533 ad
1183 3478 1377 3545 Deum,
1426 3495 1664 3551 eumque
1718 3481 1895 3536 solum
1932 3481 2017 3535 in-

439 3580 717 3625 cessanter
745 3570 1075 3639 cogitatione
1104 3572 1358 3640 confuge.

733 3660 872 3718 LXI.
895 3693 963 3702 —
986 3661 1306 3718 FLORIONI
1352 3661 1711 3719 MONACHO.

510 3753 589 3808 Ne
609 3753 953 3824 despondeas
973 3754 1238 3817 animum,
1284 3754 1402 3809 licet
1440 3755 1518 3809 sis
1546 3755 1763 3809 infirma
1801 3757 2016 3812 valetu-

440 3842 589 3907 dine,
617 3846 775 3915 quasi
811 3846 1019 3898 nullum
1045 3846 1446 3900 consolatorem
1487 3846 1795 3902 habiturus.
1854 3867 1872 3899 α
1915 3848 2018 3901 Bo-

442 3950 572 3988 num
602 3935 746 3990 enim
772 3922 857 3991 est
886 3950 1107 4005 sperare
1148 3937 1201 3990 in
1246 3937 1561 4002 Dominum,
1606 3953 1767 4007 quam
1798 3955 2018 4008 sperare

441 4026 497 4080 in
522 4026 797 4082 hominem
823 4028 888 4079 ⁷³.
926 4046 946 4079 ι
988 4025 1144 4081 Viam
1172 4028 1316 4082 enim
1354 4029 1579 4082 omnino
1605 4030 1671 4083 ad
1714 4038 1860 4083 tuam
1890 4046 2018 4085 con-

444 4118 768 4172 solationem
802 4117 946 4172 Deus
971 4118 1328 4187 excogitabit,
1362 4134 1465 4173 nec
1488 4120 1666 4174 deerit
1694 4120 1761 4174 ad
1786 4122 2015 4176 salutem

443 4211 772 4279 excogitatio
795 4210 1076 4279 sapientia:
1114 4209 1273 4263 fonti.

692 4300 850 4355 LXII.
880 4333 951 4343 —
975 4300 1372 4358 ATHANASIO
1422 4301 1778 4361 MONACHO.

2118 3245 2235 3295 νυν,
2264 3231 2359 3284 καὶ
2401 3234 2469 3285 τὰ
2505 3233 2726 3289 τοιαῦτα
2757 3236 2898 3290 κατὰ
2940 3238 3063 3292 νοῦν
3086 3239 3377 3311 λαμϐάνων
3396 3282 3411 3306 ,
3446 3251 3586 3317 πρὸς
3610 3247 3704 3299 τὸν

2116 3320 2269 3387 Θεὸν,
2342 3322 2437 3378 καὶ⁹
2479 3325 2639 3396 μόνον
2711 3327 3069 3394 ἀδιαλείπτως
3121 3334 3189 3403 τῇ
3239 3333 3454 3407 διανοίᾳ
3523 3339 3703 3393 κατάο

2116 3428 2304 3482 φευγε.

2455 3684 2574 3739 EA’.
2602 3716 2668 3727 —
2699 3687 3020 3741 ΦΛΟΡΙΩΝΙ
3052 3690 3362 3763 ΜΟΝΑΧῼ.

2188 3775 2279 3845 Μὴ
2330 3774 2530 3845 ἀθύμει
2596 3777 2963 3846 ἐξασθενήσας
3008 3782 3067 3834 τὸ
3116 3782 3295 3853 σῶμα.
3337 3784 3414 3847 ὡς
3471 3786 3705 3857 μηδενὸς

2116 3866 2436 3935 τευξόμενος
2460 3868 2553 3921 τοῦ
2588 3871 3137 3943 παραμυθησομὲνου.
3167 3893 3187 3927 σ
3210 3875 3435 3943 Ἀγαθὸν
3459 3879 3570 3947 γὰρ
3602 3896 3667 3933 πε
3684 3913 3702 3922 ο

2119 3957 2363 4011 ποιθέναι
2411 3961 2505 4010 ἐπὶ
2543 3960 2763 4030 Κύριον,
2792 3960 2824 4031 ἢ
2858 3964 3170 4017 πεποιθέναι
3214 3968 3301 4019 ἐπ’
3326 3967 3637 4038 ἄνθρωπον.
3680 3991 3699 4021 ι

2121 4046 2293 4116 Ιιόρον
2341 4046 2449 4117 γὰρ
2480 4049 2698 4112 πάντως
2731 4052 2868 4122 πρὸς
2910 4056 3265 4125 παραμυθίαν
3305 4074 3397 4112 σου
3422 4060 3705 4132 ἐπινοησει

2119 4138 2271 4203 Θεὸς,
2312 4140 2405 4190 καὶ
2433 4140 2533 4191 οὐκ
2580 4141 2848 4212 ἐπιλείψει
2915 4145 3050 4214 πρὸς
3083 4147 3355 4218 σωτηρίαν
3394 4150 3609 4204 ἐπίνοια
3634 4155 3703 4223 τῇ

2122 4230 2271 4299 πηγῇ
2304 4228 2399 4299 τῆς
2431 4232 2645 4298 σοφίας.

2439 4320 2558 4374 EB’.
2590 4351 2661 4362 —
2691 4322 3035 4397 ΛΘΑΝΑΣῙῼ
3071 4327 3379 4400 ΜΟΝΔΧῼ.

517 4392 639 4447 Cito
688 4400 743 4448 te
788 4394 958 4449 reduc
1017 4395 1075 4449 in
1124 4395 1556 4461 monasterium,
1604 4408 1671 4451 ex
1717 4412 1825 4466 quo
1883 4396 2014 4451 male

2194 4410 2417 4479 Ταχέως
2449 4412 2708 4465 ἐπάνελθε
2744 4416 2823 4478 είς
2856 4416 2916 4467 τὸ
2944 4392 3346 4489 μοναστήριονί
3366 4421 3489 4475 ὅθεν
3514 4426 3704 4491 κακῶς

446 4501 703 4556 egressus
767 4502 854 4552 es,
908 4502 977 4542 ne
1021 4502 1261 4557 unquam
1295 4494 1449 4543 extra
1491 4487 1767 4542 stabulum
1813 4489 2024 4543 diutius

448 4584 819 4631 commoratus
859 4577 1326 4633 intellectualibus
1357 4577 1554 4633 helluis
1587 4578 1744 4633 cibus
1789 4579 2023 4648 ohjicia-

448 4670 547 4724 ris.
575 4670 631 4724 Si
658 4686 786 4724 vero
804 4670 1038 4725 liberare
1067 4677 1121 4725 te
1148 4671 1306 4739 culpa
1330 4679 1510 4739 putas,
1539 4670 1769 4739 ideoque
1796 4670 2026 4739 potioris

446 4765 731 4835 cujusdam
765 4766 985 4822 virtutis
1012 4767 1423 4834 exspectatione
1449 4780 1479 4818 a
1504 4765 1837 4818 monasterio
1864 4765 2025 4834 longe

446 4875 763 4930 pererrare;
795 4858 1090 4914 recordare
1130 4859 1279 4913 illius
1306 4857 1510 4925 eloquii
1542 4876 1555 4911 :
1595 4856 1691 4911 Est
1736 4858 1821 4911 via
1855 4873 2025 4927 appa-

447 4969 576 5008 rens
598 4953 717 5006 viro
756 4952 900 5007 bona
934 4968 1075 5017 esse,
1122 4959 1367 5007 extrema
1392 4964 1521 5004 vero
1554 4949 1700 5004 illius
1741 4958 1908 5018 agunt
1952 4950 2016 5003 ad

447 5043 793 5115 profundum
829 5043 1026 5098 inferni
1060 5043 1126 5098 ⁷³.
1184 5042 1410 5111 Semper
1464 5041 1610 5095 enim
1670 5041 1902 5095 Satanas
1963 5050 2017 5095 ut

449 5140 743 5209 plurimum
791 5138 1214 5193 rationabilibus
1263 5137 1447 5191 causis
1486 5136 1640 5189 illius
1671 5134 2016 5201 insidiarum,

449 5237 611 5300 atque
640 5230 1007 5300 improbitatis
1040 5231 1357 5299 inexpertos
1387 5228 1720 5295 expiscatur.

731 5319 913 5375 LXIII.
940 5350 1011 5363 —-
1041 5318 1342 5375 SYRIANO
1385 5317 1734 5375 MONACHO.

519 5410 736 5463 Attente
763 5409 1166 5478 prudenterque
1194 5409 1499 5462 monastieo
1530 5409 1721 5462 ordine
1756 5410 2017 5462 utendum

448 5510 532 5556 est
562 5520 575 5554 :
610 5503 865 5571 gymnico
897 5502 1163 5571 siquidem
1212 5501 1511 5555 certamine
1550 5508 1825 5556 certamen
1863 5500 2022 5571 14.9

522 5643 564 5675 θ’
600 5643 616 5714 I
650 5642 792 5695 Petr.
834 5658 887 5705 ν,
924 5642 985 5707 8;
1037 5641 1057 5695 Ι
1100 5641 1295 5714 Thess.
1334 5660 1385 5703 v,
1426 5642 1477 5695 5.
1542 5644 1599 5714 7“
1632 5642 1863 5714 Philipp.
1896 5658 1969 5711 Iv,
2001 5645 2014 5698 Ξ

2132 5645 2175 5676 ⁸³
2202 5645 2337 5701 Ibid.
2369 5646 2422 5701 ϐ.

522 5714 568 5747 ⁷¹
598 5712 743 5769 Psal.
767 5728 911 5767 cxvu
969 5713 1017 5766 7.
1096 5714 1140 5745 7’
1168 5713 1328 5768 Prov.
1355 5729 1465 5778 xiv,
1500 5713 1584 5766 l2.

2120 4496 2363 4570 ἐξῆλθες,
2391 4502 2464 4572 μή
2497 4520 2625 4556 ποτε
2658 4503 2761 4568 ἔξω
2790 4506 2888 4576 τῆς
2920 4508 3162 4578 μάνδρας
3196 4511 3288 4563 ἐπὶ
3316 4512 3450 4566 πολὺ
3487 4513 3703 4587 διατρί-

2120 4591 2247 4661 ψας,
2285 4592 2479 4663 βρῶμα
2506 4595 2637 4666 γένῃ
2666 4595 2774 4649 τῶν
2804 4598 3011 4666 νοητῶν
3050 4598 3273 4670 θηρίων.
3304 4590 3382 4656 Ἐἰ
3412 4603 3470 4656 δὲ
3522 4605 3703 4674 λέγοις

2122 4683 2421 4754 προσδοκίᾳ
2469 4686 2777 4755 κρείττονός
2832 4705 2976 4753 τινος
3005 4692 3205 4763 ἀρετῆς
3241 4695 3571 4762 ἀφίστασθαι
3604 4698 3703 4767 τῆς

2124 4774 2311 4844 μονῆς,
2358 4776 2627 4845 μνήσθητι
2666 4776 2760 4830 τοῦ
2814 4781 3057 4845 εἰπόντος
3085 4784 3186 4851 ὅτι,
3237 4784 3415 4838 Ἐστὶν
3458 4787 3578 4852 ὁδὸς
3613 4790 3703 4843 δο-

2122 4867 2295 4920 κοῦσα
2323 4868 2502 4941 ἀγαθὴ
2557 4868 2694 4925 εἶναι
2734 4872 2908 4943 ἀνδρὶ,
2956 4875 3023 4928 τά
3062 4876 3244 4946 μέντοι
3291 4878 3574 4934 τελευταῖα
3604 4883 3705 4941 ain

2124 4959 2223 5029 τῆς
2257 4960 2410 5029 φέρει
2444 4964 2522 5025 είς
2551 4963 2642 5015 τὸν
2664 4966 2915 5034 πυθμένα
2941 4966 3033 5020 τοῦ
3066 4968 3214 5039 ᾅδου.
3259 4971 3372 5024 Ἀεὶ
3399 4973 3507 5042 γὰρ
3544 4974 3573 5025 ὁ
3599 4976 3704 5028 Xa-

2124 5051 2295 5113 τανᾶς
2325 5050 2401 5113 ὡς
2430 5052 2521 5105 ἐπὶ
2550 5053 2610 5105 τὸ
2645 5054 2896 5109 πλεῖστον
2940 5062 3056 5121 ταῖς
3096 5060 3502 5130 εὐλογοφανίαις
3540 5069 3704 5133 ἀγκι-

2126 5140 2340 5209 στρεύει
2366 5142 2491 5205 τοὺς
2519 5143 2617 5212 τῆς
2646 5148 3059 5217 κακομηχανίας
3087 5150 3252 5203 αὑτοῦ
3296 5151 3371 5222 μὴ
3400 5153 3701 5223 ἐσχηκότας

2123 5246 2337 5300 πειραν.

2457 5322 2573 5381 EI”.
2614 5355 2686 5367 —
2714 5327 3013 5399 ΣΥΡΙΑΝῼ
3052 5330 3364 5402 ΜΟΝΑΧῼ.

2198 5413 2577 5482 Προσεχόντως
2609 5415 2687 5485 τῷ
2723 5419 2994 5487 μοναδικῷ
3014 5421 3274 5489 τάγματι,
3306 5423 3399 5475 καὶ
3421 5440 3703 5493 νηφαλεως

2129 5504 2426 5575 κεχρῆσθαι
2448 5507 2525 5558 δεῖ
2548 5525 2558 5534 ·
2591 5508 2684 5560 τοῦ
2712 5510 2818 5581 γὰρ
2849 5512 3114 5578 γυμνικοῦ
3143 5514 3369 5581 ἀγῶνος,
3390 5515 3417 5565 ὁ
3436 5516 3699 5587 ἡμέτερος

2538 5649 2581 5681 ⁷ο
2617 5649 2782 5706 Eccli.
2811 5668 2871 5718 ιι,
2899 5653 2984 5719 II,
3031 5654 3117 5707 l2.
3228 5654 3271 5686 τ’
3308 5653 3445 5710 Dan.
3472 5670 3588 5723 xiv,
3613 5655 3681 5711 37
