3850 6218
124 270 229 335 ΞΞἾ
1337 271 1649 331 EPISTOL
1663 272 1712 330 AI

1819 271 1873 331 M
1910 272 2057 331 LIB.
2100 271 2187 330 II.
3311 273 3419 342 930

125 383 277 449 ἀγὼν
356 381 793 452 δυσχερέστερος
852 381 1020 442 ἐστιν,
1056 380 1174 432 ἐκεῖ
1214 377 1313 449 μὲν
1349 379 1456 450 γὰρ
1484 377 1712 447 ἀθλητῶπ

1834 386 2084 430 nostrum
2118 376 2448 431 laboriosius
2477 386 2561 429 cst
2599 395 2611 429 :
2646 376 2718 430 ibi
2755 377 2899 431 enim
2938 378 3267 434 athletarum
3293 397 3420 436 cor-

126 472 375 543 σώματα
442 474 684 527 κλίνεται
740 473 1030 544 ὀρθοῦσθαι
1066 471 1266 543 ῥαδίως
1312 471 1605 538 δυνάμενα,
1650 471 1707 520 ἐν

1838 482 1994 536 pora,
2022 484 2139 537 qua:
2172 468 2318 521 facili
2351 468 2570 535 negotio
2602 468 2738 535 erigi
2782 469 2987 533 valent,
3015 470 3419 538 incurvantur;

124 566 305 619 ταῦθα
338 566 403 618 δὲ
435 566 607 635 ψυχαὶ
643 565 1101 627 καταπίπτουσιν,
1135 562 1201 627 ἃς
1226 562 1373 629 ἅπαξ
1409 560 1712 632 ἀνατραπείι

1836 560 2035 615 anima:
2057 561 2376 626 concidunt,
2411 574 2549 629 quas
2584 560 2755 614 semel
2807 561 3053 617 inversas
3091 562 3182 615 vix
3213 565 3417 631 erigas.

126 673 243 720 σας,
273 657 442 726 μόλις
468 657 619 709 ἔστιν
658 659 959 726 ἀνεγεῖραι.

423 750 540 800 εει.
574 778 643 788 -
672 748 1012 817 ΓΡΗΓΟΡΙῼ
1044 746 1446 816 ΗΓΟΥΜΕΝῼ.

2118 739 2301 795 LXIV.
2332 771 2403 780 —
2434 737 2789 794 GREGOIIIO
2826 738 3097 796 ABBATI.

192 840 453 908 Μωῦσῆς
481 843 510 892 ὀ
547 840 718 908 μέγας
752 839 1080 910 ἱεροφάντης
1122 837 1227 901 ἔξω
1253 836 1351 905 τῆς
1379 834 1712 907 παρεμϐολῆς

1904 833 2118 903 Moyses
2152 849 2381 900 magnus
2413 834 2506 887 ille
2532 849 2816 888 sacrorum
2844 836 3080 889 antistes
3111 842 3266 888 extra
3324 850 3416 890 ca-

126 931 453 1000 πηξάμενος
486 930 585 1000 τὴν
619 929 848 999 σκηνὴν,
885 929 1059 999 δηλοῖ,
1115 928 1191 989 ὡς
1234 927 1453 998 μακρὰν
1498 926 1712 997 θορύδοι

1831 934 1943 980 stra
1975 925 2386 977 tabernaculum
2441 926 2782 979 constituens
2814 925 2860 955 ⁷⁸
2903 925 3122 989 innuit,
3184 926 3341 996 longe
3384 942 3415 982 ι

127 1023 437 1094 πολεμικοῦ
470 1024 578 1093 χρὴ
613 1024 704 1075 τὸν
732 1021 1049 1074 διδάσκαλον
1084 1016 1246 1082 εἶναι,
1294 1022 1386 1072 καὶ
1416 1020 1603 1089 πόρρω
1632 1018 1712 1071 τοῐ

1828 1018 2066 1071 tumultu
2101 1016 2293 1069 bellico
2324 1024 2577 1084 oportere
2627 1016 2947 1083 magistrum
2980 1031 3125 1079 esse,
3162 1024 3218 1071 et
3254 1018 3415 1088 longe

127 1117 490 1186 πεφυρμένου
524 1114 855 1169 ἀπόκεισθαι
900 1112 1304 1184 στρατοπέδου,
1347 1110 1483 1181 πρὸς
1522 1111 1712 1181 εἰρηνι-

1828 1110 1897 1165 ab
1931 1110 2147 1177 impuro
2179 1100 2527 1161 commorari
2546 1110 2791 1162 exercitu
2820 1147 2833 1171 ,
2867 1106 2933 1160 ad
2966 1108 3247 1176 paciﬁcam
3292 1110 3415 1163 nul-

129 1208 242 1273 κον,
277 1206 381 1258 καὶ
411 1206 762 1275 ἀπολέμητον
804 1202 1147 1273 μεταστάντα
1181 1200 1317 1269 βίον.

1826 1202 1987 1271 loque
2020 1199 2254 1253 tumultu
2290 1199 2488 1252 bellico
2518 1210 2769 1251 vexatam
2818 1199 2960 1251 viam
3009 1205 3413 1256 transvectum.

499 1296 623 1349 εει.
645 1325 716 1335 -
738 1294 1041 1362 camara
1068 1290 1379 1360 ΜυΝΑΧῼ.

2074 1291 2232 1345 LXV.
2271 1324 2335 1333 —
2382 1288 2758 1344 THEODORO
2800 1288 3154 1344 MONACHO.

194 1389 259 1441 Εί
289 1387 378 1458 τῷ
404 1386 563 1456 ζυγῷ
594 1387 697 1456 τῆς
726 1384 1085 1455 πανευφήμου
1129 1381 1410 1451 ὑποταγῆς
1429 1418 1444 1442 ,
1483 1378 1576 1432 τὸν
1622 1377 1712 1447 τῆς

1898 1382 1953 1436 Si
2001 1384 2135 1452 jugo
2183 1383 2649 1437 decantatissimze
2696 1381 3023 1434 obedientia‘.
3079 1380 3274 1435 anima:
3304 1390 3411 1437 tua;

126 1479 303 1549 ψυχῆς
334 1497 434 1532 σου
471 1478 676 1547 αὐχένα
702 1476 1016 1538 ὐπὲκλινας,
1071 1474 1145 1543 μὴ
1180 1470 1712 1543 πολυπραγμονήσῃς

1823 1475 2089 1528 cervicem
2127 1474 2451 1535 submisisti,
2489 1488 2555 1525 ne
2586 1472 2787 1525 anxius
2838 1472 3113 1541 nimisque
3154 1474 3413 1527 curiosus

126 1572 218 1633 τὰς
237 1571 566 1642 οἰκονομίας
594 1570 689 1623 τοῦ
722 1566 1088 1639 προεστῶτος,
1121 1566 1282 1635 μόνον
1314 1565 1370 1617 δὲ
1403 1563 1471 1616 τὰ
1494 1565 1712 1615 ἐπιτασ-

1822 1567 2124 1634 superioris
2156 1568 2233 1619 tui
2269 1568 2343 1621 rei
2384 1566 2675 1620 familiaris
2715 1564 3245 1623 administrationem
3276 1583 3413 1621 exa-

127 1664 335 1733 σύμενά
367 1681 483 1728 σοι,
518 1661 621 1715 κᾶν
653 1661 847 1731 βαρέα,
878 1660 972 1713 καὶ
1006 1659 1237 1711 ἐπίπονα
1266 1659 1543 1725 τυγχάνοι,
1585 1671 1712 1724 προ-

1822 1660 2033 1722 mines;
2077 1668 2295 1713 tantum
2325 1662 2392 1713 ea
2423 1675 2543 1729 qua:
2574 1660 2669 1712 tibi
2703 1659 3085 1726 imponuntur,
3120 1660 3250 1715 licet
3286 1676 3413 1730 gra-

126 1723 316 1825 θύμως
345 1723 528 1807 ποιεῖν
557 1723 850 1815 σπούδαζε.
881 1753 954 1805 Τὸ
992 1752 1099 1822 γὰρ
1134 1723 1595 1821 περιεργάζεσθαι
1621 1723 1712 1809 τὰς

1822 1753 1906 1806 via
1935 1762 1989 1806 et
2024 1753 2297 1806 laboriosa
2332 1754 2471 1815 sint,
2516 1753 2682 1805 alacri
2732 1753 2937 1814 animo,
2972 1762 3030 1807 ut
3068 1752 3277 1809 efficias
3324 1756 3409 1808 in-

125 1848 212 1899 τοῦ
243 1846 580 1899 διδασκάλου
621 1846 958 1914 οἰκονομίας,
1005 1844 1100 1896 καὶ
1151 1842 1470 1911 δοκιμάζειν
1516 1839 1712 1893 ἐθέλειν

1822 1846 2038 1897 cumbe.
2072 1845 2303 1899 Curiose
2327 1860 2563 1913 namque
2595 1844 2838 1912 magistri
2866 1844 3406 1899 administrationum

125 1944 188 1992 τὰ
218 1941 357 2012 παρ’
406 1939 579 1994 αὐτοῦ
634 1937 1111 2007 προστασσόμενα,
1148 1934 1408 2004 ἐμπόδιόν
1450 1933 1563 1984 ἐστι
1619 1931 1712 1999 τῆς

1819 1936 2193 2005 perquisitio,
2275 1945 2329 1990 et
2386 1944 2782 2005 praeceptorum
2840 1935 2987 1989 illius
3041 1937 3293 2004 probatio
3328 1938 3405 1991 tui

126 2031 223 2101 σῆς
281 2030 600 2100 προκοπῆς.
648 2029 723 2081 Οὐ
772 2028 880 2096 γὰρ
913 2028 977 2097 δὴ
1040 2026 1258 2088 πάντως
1314 2027 1448 2094 ὅπερ
1490 2023 1712 2077 πιθανὸν

1820 2028 2100 2096 profectus
2162 2027 2551 2096 impedimento
2602 2036 2707 2080 est.
2764 2026 2950 2095 Neque
2983 2030 3128 2081 enim
3180 2031 3407 2084 omni-io

126 2124 214 2175 καὶ
246 2121 478 2189 εὔλογον
513 2120 764 2189 φαίνεται
795 2118 873 2189 τῷ
911 2117 1143 2187 ἀπείρῳ.
1170 2114 1331 2168 τοῦτο
1375 2115 1470 2166 καὶ
1504 2113 1712 2183 ἀληθῶς

1819 2118 1965 2188 quod
2001 2135 2131 2173 vero
2160 2120 2342 2173 simile
2406 2133 2469 2171 ac
2522 2118 2724 2172 rationi
2771 2133 3074 2172 consonum
3124 2119 3408 2189 inexprrto

125 2214 347 2280 εὔλογόν
389 2216 577 2265 ἐστιν·
623 2210 799 2273 ἄλλως
841 2209 949 2280 γὰρ
988 2211 1017 2262 ὁ
1059 2208 1332 2278 τεχνίτης,
1370 2206 1460 2259 καὶ
1492 2206 1712 2267 ἄλλωςὸ

1819 2212 2054 2275 videtur,
2107 2211 2209 2263 hoc
2249 2226 2376 2263 vere
2421 2209 2624 2262 rationi
2694 2224 3002 2262 consonum
3078 2217 3185 2261 est.
3235 2211 3409 2264 Aliter

124 2307 524 2375 ἀνεπιστήμων
568 2306 744 2375 κρίνει
805 2303 875 2355 τὰ
917 2302 1015 2372 τῆς
1069 2303 1282 2371 τέχνης.
1317 2298 1516 2351 Κανόνι
1549 2298 1657 2367 γὰρ
1690 2298 1718 2348 ὁ

126 2397 221 2464 μὲν
246 2400 310 2467 τῇ
345 2398 639 2466 ἐπιστήμῃ
668 2394 952 2465 κέχρηται.
984 2396 1011 2446 ὁ
1040 2392 1097 2445 δὲ
1137 2391 1214 2462 τῷ
1241 2391 1409 2444 εἰκότι
1428 2406 1440 2419 ·
1468 2389 1529 2440 τὸ
1557 2388 1611 2440 δὲ
1642 2390 1717 2440 εί-

124 2486 215 2548 ub;
247 2486 509 2554 ὀλιγάκις
570 2484 670 2554 μὲν
708 2483 1026 2553 στοχάζεται
1080 2482 1182 2550 τῆς
1242 2479 1519 2549 ἀληθείας,
1554 2476 1621 2529 τὰ
1659 2476 1715 2530 δὲ

124 2577 293 2630 πολλά
325 2577 728 2647 ἀποτυγχάνει,
764 2575 965 2645 μᾶλλον
992 2575 1090 2645 τῆς
1123 2572 1415 2645 ὀρθότητος
1454 2570 1589 2642 πρὸς
1616 2570 1715 2640 τὴν

124 2667 339 2737 ἀπάτην
366 2666 494 2735 ἕχον
522 2666 621 2735 τὴν
665 2663 1009 2732 συγγένειαν.

498 2756 635 2824 squ
671 2785 742 2795 -
770 2755 991 2824 ramo
1034 2752 1345 2824 ΜΟΝΑΧῼ.

186 2847 253 2899 Τί
282 2866 368 2901 σοι
422 2847 616 2915 ὄφελος
662 2845 763 2916 τῆς
811 2845 1097 2911 ξενιτείας,
1148 2842 1368 2896 καὶτοῦ
1416 2842 1578 2895 πόνου
1612 2841 1715 2911 τῆς

121 2940 441 3009 ἀσκήσεως,
491 2940 584 2991 καὶ
629 2937 729 3007 τῆς
775 2938 973 3007 πολλῆς
1006 2934 1397 3006 ταλαιπωρίας,
1455 2935 1612 2987 πάλιν
1646 2937 1710 3005 τῇ

122 3032 318 3102 καρδίᾳ
353 3033 445 3094 εἰς
496 3030 772 3097 Αἴγυπτον
819 3028 1191 3098 στρεφομένῳ,
1236 3026 1332 3079 καὶ
1366 3026 1711 3095 καθεκάστην

123 3123 308 3191 σχεδὸν
353 3121 579 3192 ἡμέραν
609 3120 698 3177 διὰ
722 3120 830 3172 τῶν
855 3119 1152 3173 ἐπιστολῶν
1182 3121 1294 3181 τοῖς
1318 3119 1507 3181 οἰκίοις
1543 3133 1712 3188 προσ-
1741 3119 1763 3145 ⁸

120 3214 428 3282 ομιλοῦντι,
473 3214 565 3265 καὶ
590 3213 668 3283 τῷ
714 3211 961 3283 διαπύρῳ
1012 3210 1220 3282 φίλτρῳ
1253 3211 1352 3280 τῆς
1395 3209 1714 3277 συγγενείας

122 3303 601 3373 ἀποσφαλλομένῳ
657 3303 759 3372 τῆς
813 3300 1192 3371 τελειοτητος;
1248 3301 1402 3370 Τάχα
1456 3302 1565 3369 γὰρ
1613 3300 1713 3352 οὐκ

121 3394 362 3464 ῆιιουαας
411 3396 507 3447 τοῦ
542 3396 748 3465 Κυρίου
781 3394 1142 3463 ἐπιτιμῶντος
1169 3396 1238 3463 τῇ
1287 3393 1475 3463 Μαρίᾳ
1511 3394 1568 3444 ὲν
1600 3393 1713 3455 τοῖς

123 3490 453 3557 συγγενέσιν
483 3487 816 3557 ἐπιζητούσῃ
847 3487 1029 3550 αὑτὸν,
1056 3487 1153 3540 καὶ
1187 3486 1280 3539 τὸν
1316 3485 1576 3554 φιλοῦντα
1603 3502 1711 3538 πα-

121 3581 275 3649 τέρα,
306 3580 342 3649 ἦ
384 3578 603 3649 μητέρα
627 3580 768 3647 ὑπὲρ
790 3579 972 3644 αὐτὸν,
1010 3578 1289 3648 κρίνοντος
1337 3575 1552 3640 ἀνάξιον
1587 3578 1715 3630 ἐαυ-

122 3672 232 3736 τοῦ,
270 3674 374 3725 καὶ
405 3670 495 3723 διὰ
534 3673 644 3723 τῶν
689 3673 861 3739 λόγων
893 3670 1098 3723 τούτων
1141 3669 1429 3740 ἀραρότως
1475 3669 1714 3738 ἔκλειψιν

122 3765 225 3817 τῶν
252 3764 605 3833 συγγενικῶν
632 3763 1022 3834 ὑποτιθεμένου
1055 3762 1271 3831 δεσμῶν
1297 3780 1310 3827 ;
1358 3763 1418 3814 EI
1449 3760 1581 3830 γοῦν
1613 3778 1714 3813 κα-

122 3857 458 3917 ταλέλοιπας
483 3855 582 3925 τὴν
608 3854 857 3925 Χαρρὰν,
890 3855 1027 3924 ὅπερ
1056 3852 1423 3922 ἑρμηνεύεται
1455 3852 1711 3921 τρώγλη,

124 3948 281 4001 τοῦτο
305 3948 367 4000 δὲ
399 3948 654 4016 σημαίνει
683 3947 780 4009 τὰς
803 3945 1108 4015 αἰσθήσεις,
1141 3946 1235 3997 καὶ
1261 3947 1326 3996 ὲκ
1350 3945 1447 4014 τῆς
1472 3944 1714 4006 κοιλάδος

127 4042 355 4112 Χεϐρὼν
383 4039 630 4110 ἐξῆλθες,
659 4040 904 4092 τουτέστι
932 4036 1040 4091 τῶν
1083 4037 1358 4090 ταπεινῶν
1401 4036 1581 4107 ἔργων
1615 4036 1716 4105 τῆς

131 4132 429 4202 ἁμαρτίας,
461 4130 559 4181 καὶ
580 4132 647 4183 ἐκ
671 4130 768 4198 τῆς
796 4130 1027 4199 ἐρήμου,
1060 4128 1182 4182 καθ’
1215 4127 1285 4199 ἢν
1318 4127 1556 4194 γίνονται
1578 4125 1716 4180 πλά-

132 4243 234 4287 ναι,
268 4222 513 4276 σπεῦσον
541 4221 953 4291 μετοικισθῆναι
987 4220 1129 4275 κατὰ
1172 4220 1301 4283 τοὺς
1344 4220 1712 4289 πατριάρχας.

133 4315 206 4377 είς
234 4312 523 4381 Δωθαεὶμ,
574 4313 821 4365 τουτέστι
851 4314 931 4375 είς
958 4312 1057 4383 τὴν
1091 4311 1283 4381 ἱκανὴν
1324 4309 1567 4379 ἔκλειψιν
1616 4310 1715 4379 τῆς

1816 2302 1961 2354 enim
1999 2301 2218 2363 artifex,
2255 2310 2309 2354 et
2336 2301 2497 2354 aliter
2524 2301 2661 2353 artis
2697 2300 2945 2368 ignarus,
2981 2315 3044 2353 ea
3097 2317 3221 2371 quae
3264 2304 3403 2357 artis

1818 2401 1965 2455 sunt,
1996 2392 2301 2459 dijudicat:
2335 2392 2522 2458 regula
2562 2390 2711 2443 enim
2762 2390 2856 2443 ille
2889 2390 3111 2455 quidem
3158 2392 3405 2445 scienter

1818 2485 2011 2544 utitur,
2045 2484 2133 2536 hic
2177 2481 2549 2535 convenienti.
2574 2480 2678 2533 Sed
2704 2481 3404 2536 conveniensraroverita-

1817 2586 1924 2631 tem
1956 2578 2216 2634 collimat,
2241 2586 2297 2628 ut
2323 2574 2619 2644 plurimum
2641 2588 2769 2627 vero
2782 2573 2850 2627 ab
2872 2588 2935 2627 ea
2966 2574 3206 2640 aberrat,
3229 2577 3405 2645 magis

1816 2668 1882 2722 ad
1898 2683 2138 2724 errorem
2152 2683 2313 2736 quam
2338 2667 2401 2720 ad
2421 2665 3153 2729 rectitudinem,al‘ﬁnitatem
3173 2666 3400 2723 habens.

2031 2759 2189 2829 150
2242 2756 2426 2810 LXVI.
2470 2786 2539 2797 —-
2574 2754 2802 2809 GALLI)
2838 2754 3190 2816 MONACIIO.

1885 2852 2020 2918 Quis
2056 2853 2152 2905 tibi
2191 2868 2326 2905 usus
2362 2848 2535 2902 fuerit
2576 2850 3080 2919 peregrinationis,
3148 2858 3199 2903 et
3244 2866 3405 2905 excr-

1816 2940 2094 2995 citationis
2140 2940 2455 3001 laboriosae,
2484 2947 2539 2992 et
2588 2948 2694 2993 tam
2742 2939 3002 2995 immanis
3053 2938 3400 3007 afﬂictionis,

1818 3048 2033 3085 rursum
2076 3030 2242 3084 corde
2278 3031 2332 3082 in
2366 3029 2664 3100 Egypttim
2702 3032 3022 3094 revertenti,
3065 3040 3120 3085 et
3167 3031 3402 3101 singulis

1817 3122 1931 3177 fere
1963 3122 2158 3176 diebus
2189 3137 2285 3190 per
2314 3122 2582 3190 epistolas
2636 3121 3008 3176 familiaribus
3041 3124 3398 3193 colloquenti,

1815 3226 1868 3269 et
1929 3215 2144 3268 ardenti
2182 3214 2535 3284 cognationis
2571 3214 2828 3282 cupidine
2855 3229 2883 3266 a
2929 3215 3264 3283 perfectione
3306 3216 3403 3271 de-

1814 3308 2022 3360 erranti
2050 3306 2072 3360 ?
2098 3304 2263 3360 Forte
2291 3307 2437 3360 enim
2482 3322 2588 3359 non
2641 3307 2848 3360 audisti
2875 3305 3163 3361 Dominum
3220 3308 3401 3365 Maria

1816 3397 2278 3467 exprobrantem,
2308 3396 2455 3465 quod
2487 3395 2630 3448 inter
2669 3396 3112 3465 consanguineos
3136 3412 3259 3450 eum
3310 3397 3399 3451 in-

1814 3489 2129 3559 quireret";
2159 3490 2317 3557 eique
2345 3488 2436 3555 qui
2468 3496 2675 3556 patrem
2708 3495 2761 3539 et
2796 3498 3021 3540 matrem
3074 3487 3194 3556 plus
3231 3503 3397 3557 quam

1816 3582 1970 3635 illum
2021 3588 2255 3642 amaret,
2310 3581 2496 3648 seipso
2543 3578 2827 3647 indignum
2861 3578 3201 3645 judicantem
3230 3580 3297 3641 ",
3342 3586 3399 3633 et

1815 3688 1913 3742 per
1945 3672 2061 3725 haec
2098 3673 2270 3724 verba
2305 3670 2536 3723 firmiter
2577 3672 3115 3739 consanguineorum
3148 3669 3399 3723 vinculo-

1815 3780 1939 3819 rum
1976 3763 2308 3818 solutionem
2371 3762 2820 3832 supponenteni?
2868 3762 3056 3830 Itaque
3102 3762 3146 3816 si
3200 3761 3398 3816 dereli-

1815 3856 1984 3926 quisti
2015 3853 2289 3918 Charran,
2314 3869 2438 3923 qua:
2476 3856 2869 3923 interpretatur
2906 3853 3085 3917 nidus,
3131 3852 3220 3906 hic
3266 3867 3398 3907 vero

1814 3948 1996 4001 innuit
2028 3963 2263 4012 sensus,
2300 3955 2357 4000 et
2399 3962 2464 3999 ex
2496 3946 2634 3999 valle
2668 3945 2926 3999 Chebron
2970 3944 3156 4000 exiisti
3186 3945 3258 4007 ⁷⁷,
3292 3943 3397 4000 hoc

1826 4048 1911 4094 est
1933 4056 1998 4093 ex
2037 4039 2259 4092 miseris
2295 4040 2501 4106 peccati
2528 4038 2810 4107 operibus,
2833 4045 2885 4091 et
2908 4053 2971 4091 ex
3001 4036 3219 4091 deserto
3244 4051 3397 4091 erro-

1816 4132 1966 4185 ribus
1992 4131 2255 4195 obnoxio,
2284 4130 2579 4193 contende,
2616 4138 2671 4183 ut
2715 4129 3094 4192 transferaris,
3128 4127 3395 4197 quemad-

1816 4222 2041 4276 modum
2071 4229 2129 4275 et
2156 4221 2507 4290 patriarchae,
2536 4222 2590 4274 in
2622 4219 2874 4276 Dotbaim
2899 4220 2967 4283 τδ,
3019 4219 3123 4275 hoc
3155 4227 3241 4275 est
3274 4218 3395 4291 suf-

1818 4316 2091 4369 ficientem
2151 4311 2426 4367 defectum
2479 4328 2695 4366 carnem
2755 4312 3083 4367 atl‘ectionis.
3140 4309 3394 4367 Dotliaim

136 4405 405 4475 σαρκικῆς
429 4402 821 4474 προσπαθείας·
841 4402 1095 4471 Δωθαεὶμ
1113 4401 1221 4471 γὰρ
1243 4401 1423 4467 ἱκανὴ
1442 4400 1712 4467 ἔκλειψις

1821 4421 2057 4474 namque
2096 4405 2368 4473 sufﬁciens
2444 4403 2673 4473 defectus
2746 4404 3170 4471 interpretatur,
3236 4404 3395 4472 cujus

133 4495 520 4567 ἑρμηνεύεται,
566 4490 748 4567 ἧσπερ
784 4495 1061 4563 ἐπιτυχεῖν
1090 4491 1447 4561 ἀγωνίζονται
1483 4492 1705 4556 πάντες,

132 4590 241 4642 ὅσοι
270 4589 562 4661 ὀρέγονται
596 4587 697 4656 τῆς
728 4585 1155 4657 μακαριωτάτης
1190 4582 1476 4645 ἀπαθείας.

164 4699 769 4757 ΞΖ⁹.-ΕΛΕΥΘΕΡΙΩ
798 4700 1088 4752 ΜΟΝΑΧΩ
1114 4698 1251 4749 ΑΠΟ
1277 4695 1678 4750 ΝΟΥΜΕΡΩΝ.

200 4856 315 4908 Οὐκ
338 4852 677 4923 ἀποδέχομαι
700 4870 760 4906 σε
790 4853 921 4924 πρὶν
945 4852 1178 4921 ἐκκόψαι
1202 4852 1271 4906 τὰ
1294 4852 1463 4922 πάθη,
1492 4852 1709 4924 μυρίαις

135 4946 414 5016 χρώμενον
449 4947 776 5015 συντυχίαις,
828 4947 922 4999 καὶ
955 4944 1250 5016 τραύματα
1305 4945 1398 4997 ἐπὶ
1441 4944 1717 5014 τραύμασι

137 5041 199 5108 τῇ
222 5038 433 5107 διανοίᾳ
458 5037 550 5090 διὰ
590 5037 698 5090 τῶν
721 5037 1024 5109 αἰσθήσεων
1056 5035 1387 5101 σωρεύονται
1412 5076 1427 5097 ,
1480 5036 1576 5088 καὶ
1607 5034 1716 5103 μά-

137 5129 265 5183 λισθ’
315 5132 401 5184 ὃτι
448 5130 507 5195 ἐξ
535 5128 880 5198 ἠμελημένου
930 5130 1025 5180 καὶ
1052 5126 1363 5197 ἀκαθάρτου
1406 5124 1520 5195 βίου
1576 5124 1713 5195 πρὸς

140 5221 229 5290 τὴν
272 5220 480 5292 ἀρετὴν
530 5219 626 5273 τοῦ
678 5218 913 5290 Χριστοῦ
968 5219 1378 5290 μετοικισθῆναι
1438 5219 1713 5290 προείλου.

140 5313 334 5384 Διόπερ
384 5312 678 5383 θεράπευε,
733 5313 808 5383 μὴ
838 5312 1024 5382 μέντοι
1071 5311 1271 5377 αῦξανε
1326 5314 1446 5375 ταῖς
1506 5311 1713 5379 ἀφυλά-

141 5420 280 5467 κτοις
342 5405 655 5475 συντυχίαις
699 5405 769 5458 τὰ
801 5406 1084 5475 νοσήματα
1142 5406 1241 5475 τῆς
1273 5404 1473 5475 ψυχῆς.
1524 5403 1709 5457 Ἐοικε

110 5568 117 5575 γ
142 5496 241 5566 γὰρ
271 5498 303 5551 δ
330 5495 455 5561 νοῦς
478 5497 588 5552 τῶν
625 5496 955 5569 προσφάτως
986 5498 1086 5569 τῆς
1114 5499 1312 5562 κακίας
1354 5500 1709 5568 ἀνακεχωρη-

208 5673 254 5705 τδ
275 5670 446 5728 Exod.
481 5687 677 5739 xum,
714 5670 765 5727 7.
842 5673 886 5706 "
922 5673 1055 5729 Luc.
1101 5689 1158 5740 ιι,
1186 5672 1273 5729 49.
1353 5674 1399 5704 ⁷⁸
1435 5672 1619 5727 Matth.
1662 5691 1715 5739 ιι,
1747 5674 1835 5728 57.

1809 4506 2094 4568 compotes
2128 4497 2241 4552 ﬁeri
2274 4497 2633 4559 contendunt,
2666 4496 2983 4567 quicunque
3016 4498 3392 4553 beatissimam

1808 4592 1960 4645 il'am
2026 4589 2495 4661 perturbationum
2578 4590 2906 4644 vacuitatem
2967 4591 3391 4659 concupiscunt.

1966 4700 2174 4757 LXVII.
2213 4732 2284 4743 —
2782 4701 3115 4758 MONACHO
3151 4702 3243 4756 EX

1882 4864 2000 4919 Non
2021 4864 2238 4933 excipio
2256 4871 2329 4929 te,
2358 4865 2410 4917 ni
2433 4865 2585 4933 prius
2606 4864 3049 4933 perturbationes
3072 4864 3389 4928 abscindas,

1810 4952 1901 5019 qui
1930 4951 2235 5005 innumeris
2264 4952 2655 5021 congressibus
2684 4953 2877 5014 uteris,
2898 4958 2951 5003 et
2979 4952 3202 5004 vulnera
3223 4967 3388 5021 super

1809 5044 2037 5097 vulnera
2069 5043 2232 5096 menti
2259 5058 2354 5111 per
2387 5057 2584 5097 sensus
2607 5057 2924 5112 exaggeras,
2953 5057 3127 5110 eoque
3166 5043 3381 5111 potissi-

1812 5150 1985 5198 mum,
2025 5136 2172 5203 quod
2201 5150 2268 5187 ex
2301 5133 2518 5202 abjecto
2549 5144 2605 5189 et
2638 5134 2854 5204 impuro
2883 5133 3005 5187 vita:
3037 5134 3288 5187 inStituto
3321 5138 3386 5185 ad

1811 5226 2069 5280 virtutem
2096 5223 2299 5280 Christi
2335 5224 2549 5278 traduci
2581 5224 2834 5293 elegeris.
2858 5222 3205 5292 Quapropter
3233 5222 3385 5291 151

1812 5332 1969 5377 sana,
2023 5330 2134 5369 non
2186 5315 2315 5370 item
2364 5313 2576 5385 adauge
2627 5314 2953 5385 improvidis
3005 5313 3388 5383 congressibus

1815 5406 2167 5477 mgritudines
2195 5405 2410 5459 animae.
2445 5404 2598 5461 Mens
2644 5406 2788 5460 enim
2828 5419 3041 5468 eorum,
3072 5402 3165 5474 qui
3197 5418 3387 5459 recens

1817 5498 1883 5551 ab
1917 5496 2267 5567 improbitate
2296 5502 2666 5559 secesserunt,
2697 5494 2898 5550 similis
2919 5500 3003 5551 es;
3031 5492 3249 5567 corpori
3273 5502 3387 5549 tum

1916 5674 1958 5704 τ⁷
1992 5672 2126 5728 Cen.
2160 5688 2235 5727 xu
2287 5672 2339 5728 4.
2418 5671 2460 5705 ⁸³
2498 5671 2863 5739 Gemxnvn,
2900 5672 2983 5727 I7.
