3850 6218
415 257 516 324 2⁸31

1929 265 1992 325 S.
2030 263 2195 325 NILI

3592 261 3710 324 222

420 373 661 443 primum
698 389 763 426 ex
807 372 973 442 longo
1017 376 1282 444 gravique
1333 375 1526 430 morbo
1575 375 2008 442 convalescenti,

2142 375 2314 440 ιότων,
2363 373 2578 447 σώματι
2628 375 2923 448 ἀρξαμένῳ
2982 375 3048 429 ἐκ
3105 373 3324 446 μακρᾶς
3381 373 3711 446 ἀρρωστίας

433 462 584 530 quod
614 463 812 533 exigua
840 465 1099 533 quaelibet
1151 467 1373 521 occasio
1427 467 1482 521 in
1531 469 1780 522 morbum
1825 468 2010 523 denuo

423 553 728 623 Compellit,
767 561 1028 623 tanquam
1071 557 1217 624 quod
1267 555 1513 611 nondum
1567 558 1780 614 viribus
1818 559 2010 614 solidis

418 646 724 700 coaluerat.
770 644 904 700 Nam
961 647 1048 702 his
1111 648 1516 705 intellectuales
1544 649 1690 706 vires
1733 667 1798 706 ac
1840 653 2012 707 robur

423 741 753 794 humescunt
769 745 821 793 et
846 740 1197 807 quatiuntur,
1226 742 1367 796 adeo
1401 751 1462 796 ut
1497 743 1660 798 timor
1695 746 1786 807 sit,
1817 761 1884 798 ne
1915 745 2011 799 de-

419 847 530 887 nuo
551 831 950 885 exsecrandum
992 832 1195 886 malum
1230 833 1461 902 irrepat.
1496 836 1642 904 quod
1686 835 1772 891 sui
1808 844 2005 889 natura

420 925 640 980 noxiam
663 922 1033 977 turbationem
1053 924 1106 977 in
1140 924 1362 978 lascivia
1387 927 1630 981 excitare
1678 935 1872 980 natum
1899 938 2005 983 est.

931 1013 1159 1070 LXVIII.
1191 1046 1260 1055 —
1287 1015 1496 1070 Eidem.

492 1105 568 1160 Ex
602 1106 750 1162 Dina:
783 1105 1102 1161 ﬁliaeJacobi
1145 1107 1375 1161 historia
1407 1109 1834 1173 discito",vere
1859 1108 2014 1178 puel-

419 1201 554 1256 laris
586 1215 650 1254 ac
683 1201 998 1256 mulierosze
1029 1202 1225 1254 anima:
1256 1217 1540 1270 esse,qua:
1569 1203 1738 1269 super
1763 1202 2009 1254 habitum

419 1289 706 1360 proprium
752 1297 907 1353 sunt,
936 1297 990 1341 et
1021 1290 1193 1350 vires,
1227 1287 1470 1358 aggredi.
1539 1297 1590 1341 et
1637 1290 1705 1342 ab
1753 1289 2012 1358 opinione

420 1380 486 1433 de
516 1394 576 1434 se
612 1378 732 1448 ipso
761 1388 1020 1448 tanquam
1053 1380 1271 1438 idoneo.
1304 1388 1359 1433 et
1389 1387 1519 1449 apto
1557 1389 1883 1451 argumento
1918 1381 2012 1436 (Ie-

418 1470 548 1539 cipi.
581 1467 826 1524 Lauilata
857 1470 1130 1541 siquidem
1171 1469 1306 1524 Dina
1332 1472 1440 1524 nisi
1477 1481 1731 1540 prompte
1765 1473 2008 1525 fatililia-

423 1564 564 1616 rium
590 1578 770 1615 rerum
797 1561 1172 1631 speculatione
1194 1570 1367 1615 semet
1383 1561 1698 1630 spoliasset,
1721 1563 1794 1614 uti
1821 1571 2014 1631 potens

421 1652 586 1716 facta,
616 1653 686 1706 ab
723 1668 914 1706 eorum
969 1653 1334 1706 oblectatione
1393 1666 1504 1705 non
1553 1651 1835 1719 redargui,
1900 1666 2011 1704 non

423 1744 804 1814 intempestive
833 1759 988 1814 pars,
1040 1759 1164 1813 qua:
1198 1741 1492 1812 dijudicat,
1546 1743 1745 1798 anima:
1807 1744 2014 1798 abolita

423 1838 638 1900 fuisset.
666 1853 696 1890 a
727 1837 1012 1892 sensilium
1045 1836 1282 1906 imagine
1311 1837 1568 1898 discissa.
1601 1852 1726 1888 cum
1765 1835 2012 1888 nondum

422 1946 591 1995 sanae,
623 1945 904 2000 generosa:
932 1944 995 1984 ac
1023 1929 1502 1998 virilicogitationi
1532 1928 1890 1983 assuevisset.

953 2106 1140 2162 LXIX.
1169 2138 1239 2148 —
1265 2109 1478 2163 Eidem.

500 2219 519 2254 ι
554 2199 844 2271 Templum
876 2199 973 2255 Dei
1014 2216 1111 2254 vos
1145 2201 1283 2255 estis
1313 2201 1381 2265 ⁸⁸,
1417 2218 1436 2250 ι
1479 2199 1659 2268 inquit
1692 2197 2014 2269 Apostolus.

424 2292 504 2348 Ne
537 2294 722 2364 itaque
747 2309 816 2349 ex
845 2293 1145 2347 immundis
1177 2292 1508 2362 imaginibus
1535 2289 1743 2360 aliquid
1776 2292 1827 2342 in
1863 2296 2015 2342 tuam

427 2394 668 2441 mentem
704 2387 930 2455 irrepat.
967 2383 1136 2440 futuri
1179 2385 1372 2453 judicii
1422 2386 1823 2452 cogitationum
1875 2383 2015 2434 retia

426 2479 792 2533 circumcirca
819 2477 1074 2547 corporis
1107 2477 1325 2532 foribus
1369 2476 1614 2546 implica,
1653 2477 1721 2528 ab
1757 2473 2016 2544 imagini-

427 2573 552 2636 bus,
585 2587 709 2645 qua:
739 2586 838 2642 per
861 2587 1059 2626 sensus
1092 2571 1398 2634 introeunt,
1446 2584 1645 2623 arcens
1691 2569 2018 2623 intellectin-

427 2676 578 2716 nem.
610 2659 667 2714 Si
702 2677 834 2715 vero
871 2659 1245 2715 teutatiouum
1275 2667 1525 2728 tempore
1555 2669 1822 2712 terrorem
1863 2657 2019 2726 152

428 2753 600 2808 divini
627 2751 821 2820 judicii
843 2751 948 2806 tibi
975 2751 1534 2820 repraesentaverisﬁn
1552 2750 1795 2803 laetitiam
1830 2751 2020 2802 conci-

429 2844 562 2899 disti
595 2861 608 2898 :
641 2851 696 2899 et
731 2843 945 2898 mstima
969 2852 1022 2897 te
1050 2843 1292 2897 subiisse
1324 2842 1456 2896 illud
1491 2840 1746 2895 Ot-hozia:
1776 2842 2026 2895 creticu-

432 2939 548 2992 lato
591 2937 880 3003 Ctdentis,
927 2947 982 2991 et
1031 2936 1099 2989 ad
1163 2943 1398 2988 mortem
1463 2949 1643 3002 usque
1692 2934 2022 3002 gravissima

431 3028 619 3084 obruti
656 3027 980 3082 infirmitate
1011 3026 1079 3079 “.
1120 3024 1268 3078 Nihil
1299 3026 1450 3079 enim
1518 3025 1866 3085 inﬁrmitate,
1897 3038 2020 3092 que

432 3137 500 3177 ex
530 3127 757 3190 peccato
785 3118 988 3180 oritur,
1016 3116 1304 3172 crudelius
1343 3123 1441 3167 aut
1489 3113 1860 3184 perniciosius
1910 3120 2015 3168 est.

610 3293 773 3348 LXX.
801 3321 871 3332 —
892 3290 1172 3348 VICTORI
1211 3289 1839 3345 ARCIIIIIANDIII'I‘A‘I.

503 3386 979 3454 Quemadmodum
1009 3386 1066 3439 in
1118 3384 1524 3439 certaminibus
1561 3385 1837 3454 gymIIiCiS
1859 3426 1873 3450 9
1901 3401 2019 3456 De"

437 3489 639 3536 unctus
679 3479 828 3534 facili
893 3479 1116 3547 negotio
1146 3477 1424 3540 dissolvit,
1452 3492 1575 3547 qua:
1601 3477 1670 3530 ab
1708 3477 1817 3531 illis
1849 3493 2026 3533 nexus

435 3591 532 3631 seu
573 3574 795 3628 vincula
843 3580 1277 3642 nuncupantur;
1311 3571 1358 3624 si
1421 3584 1554 3624 vero
1593 3584 1883 3638 respersus
1910 3571 2028 3639 pul-

440 3681 569 3722 vere
595 3665 784 3732 fuerit,
818 3662 1121 3719 dilliculter
1165 3661 1476 3716 adversarii
1528 3677 1728 3716 manus
1761 3664 1973 3733 repellit
2009 3681 2024 3718 :

436 3760 513 3815 ita
551 3766 606 3814 et
639 3757 692 3812 in
729 3757 831 3811 hac
863 3757 1006 3810 mole
1045 3770 1337 3816 curarum,
1375 3754 1468 3824 qui
1501 3754 1655 3809 curis
1687 3770 1796 3809 non
1844 3771 2029 3810 mace-

436 3859 614 3913 ratur,
643 3865 752 3903 non
785 3849 856 3903 ita
899 3847 1061 3902 facile
1089 3863 1119 3900 a
1145 3845 1368 3900 diabolo
1399 3844 1655 3916 capitur;
1706 3846 1754 3901 si
1804 3861 1933 3900 vero
1969 3861 2029 3901 se

437 3942 592 3997 euris
621 3939 961 4004 oneraverit,
993 3937 1165 3992 veluti
1192 3937 1419 4006 pulvere
1447 3937 1724 3991 levitatem
1756 3939 2031 4007 tranquil-

440 4033 610 4088 litatis
639 4031 839 4086 mentis
873 4044 1213 4098 cxasperans
1238 4068 1253 4092 ,
1285 4028 1580 4084 dilliculter
1615 4045 1676 4083 se
1709 4044 1740 4082 e
1772 4030 2030 4084 manibus

444 4127 664 4181 Satanas
699 4123 960 4194 explicat.
993 4120 1152 4177 Nunc
1180 4123 1382 4176 etenim
1424 4123 1606 4176 oleum
1656 4123 2030 4190 tranquillita-

444 4228 554 4273 tem
581 4233 706 4273 esse
742 4217 1058 4283 considera,
1091 4215 1373 4286 pulverem
1418 4215 1605 4269 varias
1637 4229 1701 4269 ac
1749 4216 2031 4270 multifor-

443 4327 562 4367 mes
589 4310 884 4381 praesentis
927 4310 1113 4365 saeculi
1153 4324 1340 4362 curas.

674 4401 858 4456 LXXI.
896 4433 968 4444 --
999 4398 1400 4455 ΒΕΜΟΟΒΙΤΟ
1433 4398 1790 4454 MONACIIO.

517 4495 574 4551 Si
602 4496 786 4566 planta
809 4503 991 4565 potest
1021 4493 1259 4548 fructum
1291 4493 1596 4562 producere
1616 4494 1819 4563 sapius
1849 4501 2033 4546 trans-

444 4587 715 4657 plantata,
734 4585 1036 4640 dummodo
1054 4583 1347 4638 afﬂuenter
1365 4583 1650 4654 irrigetur,
1673 4583 1881 4652 poteris
1906 4595 1958 4638 et
1975 4592 2035 4639 tu

448 4680 686 4732 fructum
720 4675 916 4731 alierre
943 4677 1050 4730 huc
1073 4684 1242 4745 atque
1273 4675 1405 4728 illuc
1436 4682 1887 4737 trausmeans,et
1917 4689 2039 4727 um-

2113 467 2542 538 ἀναλαμϐάνειν,
2572 459 2725 538 ᾧπερ
2755 467 2850 522 καὶ
2908 466 3083 539 μικρά
3131 484 3215 529 τις
3252 464 3546 536 πρόφασις,
3598 465 3711 533 τῆς

2113 561 2206 614 ἐπὶ
2233 561 2332 632 τὴν
2386 561 2541 614 νόσον
2587 560 2904 623 ἀναλύσεως
2952 559 3100 612 αίτία
3134 556 3480 622 καθίσταται,
3523 559 3711 626 μήπω

2113 653 2251 723 πρὸς
2286 652 2438 723 ἰσχὺν
2462 652 2734 723 κραταιὰν
2763 650 3124 720 πεπηγμένῳ.
3159 648 3406 702 Πλαδῶσι
3436 647 3548 718 γὰρ
3573 645 3711 700 τού-

2110 762 2224 808 τοις
2248 746 2296 798 οί
2324 745 2504 815 νοεροὶ
2526 744 2690 809 τόνοι,
2723 744 2821 797 καὶ⁵
2848 742 3251 814 κραδαίνονται,
3273 739 3349 804 ὡς
3371 739 3489 803 δέος
3527 734 3706 798 εἶναι,

2119 837 2194 908 μὴ
2227 837 2642 909 ιπαλινδρομήσῃ
2694 835 2755 887 τὸ
2785 834 2959 896 πάθος
2999 833 3060 886 τὸ
3105 833 3321 904 μιαρὸν,
3361 831 3606 900 πεφυκὸς
3641 834 3712 883 ὲν

2110 933 2177 1002 τῇ
2202 929 2463 1000 ἀναχύσει
2496 926 2894 1000 διερεθίζεσθαι
2922 927 3032 979 τῶν
3065 925 3376 979 ἐπιϐλαϐῶν
3405 923 3587 994 δχλον.

2620 1019 2746 1074 ΞΗ’.
2781 1049 2852 1059 -
2885 1017 2968 1084 Τῷ
2992 1017 3177 1084 αὐτῷ.

2197 1115 2291 1167 Ἐκ
2321 1115 2423 1184 τῆς
2449 1113 2588 1166 κατά
2618 1112 2719 1182 τὴν
2742 1111 2931 1164 Δεῖναν
2957 1110 3056 1180 τὴν
3081 1108 3356 1181 θυγατέρα
3373 1106 3468 1161 τοῦ
3497 1106 3714 1161 Ἰακὼϐ

2115 1206 2355 1277 ἱστορίας
2390 1205 2710 1274 παιδεύθητι
2731 1245 2744 1267 ,
2775 1205 2858 1256 ὅτι
2892 1202 3123 1273 κορικῆς
3155 1201 3304 1253 ἐστὶν
3331 1199 3570 1270 ἀληθῶς,
3607 1200 3714 1253 καὶ

2113 1298 2480 1364 γυναικώδους
2501 1297 2702 1367 ψυχῆς,
2725 1296 2785 1349 τὸ
2814 1295 3081 1364 ἐγχειρεῖν
3102 1295 3215 1356 τοῖς
3237 1291 3375 1362 ὑπὲρ
3403 1293 3502 1360 τὴν
3522 1291 3713 1344 οίκίαν

2115 1388 2224 1454 ἕξιν
2259 1407 2337 1453 τε,
2373 1390 2468 1441 καὶ
2495 1387 2746 1458 δύναμιν,
2804 1387 2899 1440 καὶ
2933 1384 3037 1439 ὑπὸ
3080 1384 3180 1453 τῆς
3227 1385 3356 1453 περ).
3403 1382 3598 1436 ἑαυτὸν
3625 1381 3714 1443 ὡς

2118 1480 2304 1534 ίκανδν
2331 1479 2652 1548 ὑπολήψεως
2685 1477 3080 1542 ἐξαπατᾶσθαι.
3109 1475 3171 1528 Et
3205 1473 3278 1544 μὴ
3307 1473 3414 1543 γὰρ
3447 1474 3480 1542 ὴ
3505 1471 3716 1539 προλερ

2115 1571 2307 1639 χθεῖσα
2334 1569 2491 1621 Δείνα
2515 1568 2823 1640 προχείρως
2855 1564 3235 1621 ὲπαπεδύσατο
3261 1566 3326 1634 τῇ
3361 1563 3566 1633 θεωρίᾳ
3593 1562 3713 1613 τῶν

2115 1660 2399 1731 ἐγχωρίων
2432 1661 2795 1731 πραγμάτων,
2844 1658 3206 1728 ῶςίσχύουσα
3250 1655 3410 1725 δῆθεν
3453 1654 3714 1725 μηδὸλως

2117 1751 2181 1802 ὲκ
2207 1750 2309 1818 τῆς
2344 1749 2550 1802 τούτων
2581 1749 2903 1818 ἐλεγχθῆναι
2954 1747 3219 1818 τέρψεως,
3265 1745 3366 1798 οὐκ
3391 1744 3458 1796 ἂν
3505 1743 3711 1814 ἀώρως

2118 1841 2384 1913 διεφθάρη
2432 1842 2494 1895 τὸ
2547 1840 2795 1913 κριτικὸν
2825 1841 2922 1910 τῆς
2977 1839 3155 1910 ψυχῆς
3201 1835 3564 1906 κατασχισθὲν
3598 1834 3714 1888 ὑπὸ

2115 1934 2215 2004 τῆς
2243 1933 2546 2004 φαντασίας
2575 1933 2682 1985 τῶν
2711 1931 3006 2002 αἰσθητῶν,
3035 1932 3203 2002 μήπω
3230 1929 3549 1997 ὑγιαίνοντι,
3576 1945 3708 1992 γεν-

2116 2027 2251 2098 ναίῳ
2275 2043 2356 2089 τε,
2386 2027 2480 2080 καὶ
2509 2025 2741 2097 ἀνδρείῳ
2765 2024 3079 2096 όμιλήσασα
3109 2019 3380 2092 λογισμῷ.

2635 2118 2755 2171 ΞΘ’.
2789 2148 2862 2158 —
2891 2116 2976 2182 Τῷ
3003 2114 3185 2180 αὐτῷ.

2195 2228 2212 2262 ι
2244 2210 2389 2273 Ναδς
2423 2209 2558 2263 Θεοῦ
2603 2210 2763 2278 ὑμεῖς
2809 2210 2954 2272 ἐστε,
3006 2227 3024 2260 ι
3066 2208 3232 2278 φησὶν
3272 2209 3301 2260 6
3358 2203 3705 2265 Ἀπόστολος.

2129 2304 2216 2366 Ὠς
2247 2301 2313 2356 ἂν
2337 2297 2434 2356 οὖν
2482 2301 2648 2372 μηδὲν
2677 2301 2910 2374 είσὲρπῃ
2963 2299 3073 2352 τῶν
3105 2299 3432 2370 ἀκαθάρτων
3479 2294 3710 2366 μορφῶν

2119 2396 2200 2457 είς
2222 2394 2320 2464 τὴν
2351 2393 2449 2463 σὴν
2471 2393 2729 2458 διάνοιαν,
2755 2392 2948 2446 δίκτυα
2978 2389 3254 2460 λογισμῶν
3279 2392 3379 2461 τῆς
3401 2387 3710 2459 μελλούσης

2120 2487 2357 2556 κρίσεως
2385 2483 2669 2549 διάπλεξον
2699 2485 2820 2547 ταῖς
2861 2482 2954 2536 τοῦ
3003 2480 3254 2553 σώματος
3302 2480 3553 2550 θυρίσιν,
3587 2480 3709 2541 ταῖς

2121 2578 2210 2631 διὰ
2232 2578 2342 2630 τῶν
2384 2578 2687 2646 αἰσθήσεων
2733 2574 3142 2646 είσερχομέναις
3182 2574 3385 2626 εἰκόσιν
3425 2570 3708 2640 ἀποτειχί·

2123 2667 2231 2733 ζων
2252 2669 2352 2739 τὴν
2384 2667 2614 2721 ἔννοιαν.
2668 2666 2798 2718 Ἐὰν
2829 2665 2885 2718 δὲ
2915 2666 2973 2718 ὲν
3021 2664 3100 2735 τῷ
3143 2663 3321 2734 καιρῷ
3351 2663 3462 2715 τῶν
3507 2678 3708 2730 πειρα-

2125 2761 2278 2830 σμῶν
2309 2757 2653 2829 παραλογίσῃ
2686 2757 2778 2809 τὸν
2814 2755 2978 2824 φόϐον
3013 2755 3108 2808 τοῦ
3134 2754 3278 2808 θείου
3322 2753 3707 2820 δικαστηρίου,

2124 2851 2423 2912 πέπτωκας
2469 2850 2605 2918 πρὸς
2631 2847 2726 2917 τὴν
2759 2847 2976 2917 ἡδονὴν,
3014 2847 3108 2899 καὶ
3139 2842 3328 2914 νόμιζέ
3383 2859 3473 2913 μοι
3518 2843 3582 2894 τὸ
3613 2843 3706 2894 τοῦ

2137 2940 2377 3011 Ὀχοζίου
2409 2937 2735 2992 πεπονθέναι
2788 2936 3047 3000 πεσόντος
3091 2935 3200 2988 ἀπὸ
3236 2932 3329 2986 τοῦ
3382 2931 3707 2994 δικτυωτοῦ,

2045 3069 2088 3126 c
2125 3034 2222 3086 καὶ⁹
2256 3032 2378 3086 λίαν
2407 3028 2825 3102 ηρρωστηκότος
2850 3026 3011 3098 μέχρι
3048 3025 3296 3079 θανάτου,
3322 3023 3488 3077 Οὐδὲν
3523 3022 3582 3074 δὲ
3610 3039 3710 3091 χα-

2123 3123 2433 3194 λεπώτερον
2475 3121 2570 3176 καὶ
2617 3119 3051 3190 θανατικώτερον
3073 3118 3172 3190 τῆς
3208 3118 3351 3172 κατά
3380 3117 3482 3189 τὴν
3520 3117 3710 3187 ἀμαρ-

2123 3215 2244 3270 τίαν
2273 3215 2606 3288 ἀρρωστίας.

2375 3309 2450 3360 Ο¹.
2482 3337 2550 3346 -
2584 3305 2863 3359 ΒΙΚΤΟΡΙ
2912 3301 3458 3371 ΑΡΧΙΜΑΝΔΡῙΊᾘ.

2198 3399 2412 3468 Ὠσπερ
2439 3396 2666 3450 ἐπὶτῶν
2713 3393 2999 3465 γυμνικῶν
3047 3391 3277 3460 ἀγώνων
3318 3391 3348 3443 6
3379 3389 3713 3461 ὴλειμμένος

2127 3491 2367 3563 εὐχερῶς
2396 3488 2622 3553 διαλύει,
2655 3486 2726 3540 τὰ
2755 3486 3026 3556 λεγόμενα
3062 3482 3192 3556 παρ’
3238 3483 3410 3552 αὐτῆς
3441 3481 3674 3550 ἀμματα
3695 3522 3712 3544 ,

2129 3589 2176 3639 εί
2204 3585 2261 3638 δὲ
2291 3582 2494 3647 δέξοιτο
2515 3579 2684 3644 κόνιν,
2715 3579 2988 3639 δυσκόλως
3011 3576 3273 3646 ἐκφεύγει
3305 3575 3404 3645 τὴν
3424 3577 3588 3645 χεῖρα
3618 3573 3714 3625 τοῦ

2129 3676 2451 3732 ἀντιπάλουο
2486 3672 2660 3734 οὕτως
2692 3668 2925 3723 ἐνταῦθα
2975 3670 3004 3721 6
3059 3668 3132 3738 μὴ
3179 3665 3459 3737 μεριμνῶν
3516 3665 3718 3736 δύσλη-

2131 3769 2262 3828 πτός
2293 3770 2408 3820 ἐστι
2439 3765 2514 3835 τῷ
2549 3763 2800 3832 διαϐόλῳ,
2853 3761 3154 3832 φροντίζων
3183 3759 3260 3822 δὲ,
3288 3758 3382 3811 καὶ
3410 3759 3532 3822 ταῖς
3565 3757 3721 3827 μερί-

2134 3878 2294 3933 μναις
2329 3857 2586 3926 καθάπερ
2607 3855 2753 3908 κόνει
2785 3851 3066 3923 τραχύνων
3114 3851 3176 3902 τὸ
3220 3849 3362 3902 λεῖον
3388 3849 3487 3918 τῆς
3513 3850 3720 3918 ἀμερι-

2133 3949 2294 4019 μνίας
2327 3946 2421 3999 τοῦ
2452 3945 2566 4008 νοῦ,
2601 3941 2881 4012 δυσχερῶς
2915 3940 3086 4004 εξελεί
3107 3940 3208 4009 τῆς
3236 3937 3331 3991 τοῦ
3363 3939 3581 3991 Σατανᾶ
3609 3956 3723 4008 χει-

2133 4040 2244 4111 ρός.
2288 4039 2505 4090 ΙἘλαιον
2537 4037 2644 4106 γάρ
2679 4051 2771 4104 μοι
2799 4032 2894 4085 νῦν
2924 4031 3022 4103 τὴν
3044 4031 3377 4101 ἀμεριμνίαν
3407 4030 3538 4096 νόει,
3570 4032 3724 4083 κόνιν

2130 4132 2186 4185 δὲ
2216 4131 2316 4194 τὰς
2355 4128 2729 4200 πολυτρόπους
2755 4125 3044 4196 φροντίδας
3069 4124 3162 4176 τοῦ
3194 4121 3463 4195 παρόντος
3496 4122 3720 4185 αἰῶνος.

2417 4399 2540 4454 οΑν.
2588 4425 2646 4436 -
2671 4391 3078 4462 ΔΗΜΟΚΡΙΤῼ
3119 4390 3433 4460 ΜΟΝΑΧῼ.

2216 4489 2341 4544 Ἐὰν
2371 4489 2539 4558 φυτὸν
2569 4487 2770 4557 δυνηθῇ
2801 4483 3226 4555 καρποφορῆσαι
3268 4479 3506 4550 συνεχῶς
3555 4496 3728 4548 μεταο

2136 4583 2523 4654 φυτευόμενον,
2561 4579 2666 4633 κᾶν
2713 4576 2986 4639 πλουσίως
3026 4574 3328 4646 ἀρδεύοιτο,
3381 4572 3590 4644 δυνήσῃ
3632 4573 3727 4625 καὶ

2137 4673 2301 4734 αὐτὸς
2353 4671 2701 4741 δικαιοσύνης
2749 4670 2965 4740 καρπὸν
3022 4671 3275 4737 ἀγαγεῖν,
3321 4668 3447 4738 τῇδε
3498 4668 3728 4721 κάκεῖσε

445 4764 579 4821 bras
599 4772 900 4835 ventosque
935 4779 1308 4834 consequens,
1338 4772 1393 4818 et
1425 4763 1605 4818 locum
1633 4780 1853 4818 omnem
1888 4765 2017 4818 nulli

2142 4764 2505 4835 μεταϐαίνων,
2544 4763 2640 4816 καὶ
2693 4761 2875 4826 σκιὰς,
2929 4763 3026 4815 καὶ
3069 4761 3308 4830 ἀνέμους
3357 4757 3594 4823 διώκων,
3633 4759 3728 4812 καὶ

447 4856 504 4912 in
534 4858 654 4914 loco
692 4858 912 4914 stabilis
941 4858 1162 4911 curiose
1187 4856 1685 4925 circumspectans.

970 4945 1181 5000 LXXII.
1233 4975 1286 4988 -
1318 4945 1526 5002 Eidem.

526 5037 761 5095 Labrum
780 5039 926 5108 quod
951 5039 1094 5109 apud
1123 5038 1363 5110 Moysem
1384 5048 1491 5098 est.
1512 5036 1687 5091 basim
1707 5035 1944 5091 habebat
1964 5038 2031 5106 8';

451 5133 599 5204 quod
624 5143 820 5188 ascetzr-
860 5132 1172 5203 purgationi
1212 5131 1512 5193 stabilitas.
1544 5137 1599 5184 et
1631 5129 1948 5194 tolerantia,
1979 5139 2036 5185 et

457 5227 718 5281 continua
749 5227 1003 5289 lii-initas,
1035 5233 1090 5279 et
1121 5225 1348 5279 immota
1383 5223 1508 5276 vitae
1550 5221 1690 5276 ratio
1721 5237 1861 5293 Opus
1884 5228 2036 5276 sunt.

565 5339 721 5410 153
762 5337 994 5393 LXXIII.
1475 5334 1566 5389 EX
1603 5333 1935 5389 RIIETORE

526 5501 852 5560 Colluviem.
882 5509 935 5554 et
974 5501 1216 5555 cinerem
1243 5539 1257 5562 ,
1317 5501 1704 5567 immanesque
1749 5495 2035 5569 gentilium

2141 4857 2315 4909 πάντα
2344 4855 2510 4908 τόπον
2538 4854 2786 4916 ἀστάτως
2812 4853 3332 4923 περιεργαζόμενος.

2656 4945 2775 5003 OB’.
2806 4975 2876 4984 -—
2911 4945 2994 5008 Τῷ
3024 4943 3205 5008 αὐτῷ.

2211 5035 2464 5109 Πλουτὴρ
2491 5037 2518 5088 6
2551 5035 2703 5106 παρὰ
2735 5034 2812 5104 τῷ
2847 5033 3069 5087 Μωῦσεῖ
3096 5035 3253 5104 βάσιν
3300 5029 3482 5104 εἶχεν·
3515 5031 3654 5085 διότι
3697 5032 3730 5102 ή

2139 5129 2233 5183 τοῦ
2270 5130 2537 5198 κάθαρσις
2571 5128 2764 5199 χρῄζει
2817 5128 3200 5198 ὲδραιότητος.
3264 5128 3358 5179 καὶ
3413 5125 3730 5196 καρτερίας,

2145 5223 2238 5275 καὶ
2271 5219 2552 5290 διηνεκοῦς
2577 5220 2838 5281 στάσεως,
2874 5219 2966 5270 καὶ
3001 5216 3295 5269 ἀσαλεύτου
3321 5215 3627 5283 διαγωγῆς.

2216 5336 2334 5389 Ol".
2390 5365 2433 5374 —
2469 5333 2771 5404 ΚΩΜΑΣΙῼ
2808 5333 2948 5385 ΔΠΟ
2975 5331 3310 5400 ΡΗΤΟῙὫΝ,
3345 5331 3662 5401 ΜΟΝΑΧῼ.

2215 5494 2355 5555 Τους
2403 5507 2690 5563 φορυτους,
2737 5489 2833 5542 καὶ
2882 5490 2980 5560 τὴν
3007 5489 3252 5557 σποδιὰν,
3304 5489 3401 5542 καὶ
3443 5486 3536 5540 τὸν
3573 5485 3732 5539 πολὺ»

536 5681 582 5713 ⁷³
617 5679 750 5734 Gen.
787 5697 970 5746 xxxiv,
1007 5680 1235 5750 passim.
1317 5680 1362 5708 ⁸ο
1398 5677 1437 5729 ll
1466 5680 1590 5732 (Zor.
1620 5695 1694 5742 vr,
1744 5677 1825 5731 l6.
1903 5677 1944 5708 "
1981 5674 2046 5729 IV
2085 5674 2216 5745 lii-g.
2259 5691 2294 5731 ι,
2321 5673 2374 5726 2.
2453 5671 2689 5723 "lixoil.
2719 5687 2902 5737 xxxrx,
2933 5672 3020 5726 '59.
