3850 6218
390 215 495 280 235

1885 217 1948 278 S.
1975 215 2140 278 NILI

3534 217 3646 285 236

388 337 443 380 et
475 324 810 396 psalmorum
848 322 1218 380 ministerium
1273 323 1642 391 abdicarunt,
1692 333 1748 382 et
1794 341 1968 382 sacra:

2092 329 2166 382 ιαὶ
2188 326 2288 401 τὴν
2315 327 2386 382 δι’
2414 328 2611 400 εὐχῶν,
2636 329 2734 383 καὶ
2753 328 2984 401 ψαλμῶν
3007 329 3371 404 λειτουργίαν,
3398 331 3496 385 καὶ
3523 333 3648 384 ἐπι-

390 416 758 488 prol‘essionis
788 426 842 470 et
871 415 1094 471 habitus
1132 415 1294 470 obliti
1326 423 1476 482 sunt,
1533 426 1588 472 et
1642 418 1821 472 locum
1845 457 1861 483 ,
1914 419 1971 472 in

391 526 504 579 quo
555 525 615 564 se
659 508 1029 574 exercebant,
1092 509 1472 578 neglexerunt,
1525 517 1580 564 et
1625 511 1974 582 impudenter

390 602 561 658 nimis
613 604 665 656 in
703 601 938 655 aliorum
978 617 1103 657 sese
1157 603 1372 672 negotia
1422 603 1732 672 ingerunt,
1795 603 1974 658 conti-

390 708 617 763 nuoque
655 693 709 747 in
738 692 985 746 externis
1016 692 1241 761 judiciis
1284 708 1405 748 sese
1435 696 1787 764 experientes
1810 737 1827 764 ,
1859 705 1975 750 tur-

391 786 493 842 bas
543 788 929 856 tumultusque
985 785 1256 840 nefandos
1287 795 1555 858 spargunt
1587 804 1599 841 :
1635 786 1772 843 adeo
1821 797 1881 843 ut
1918 796 1974 843 et

391 876 497 946 ipsi
534 877 736 947 publici
767 875 1032 947 praesides
1064 891 1163 946 pro
1204 877 1308 932 hac
1343 892 1403 932 re
1447 893 1544 934 vos
1584 879 1854 936 irrideant
1919 888 1974 936 et

392 979 770 1024 contemnant.

622 1148 901 1204 LXXVIII.
932 1180 1003 1190 —
1030 1148 1335 1205 CYIiIACO
1380 1150 1733 1231 MONACIIO.

532 1238 797 1295 Dominus
825 1250 1012 1295 noster
1041 1239 1205 1296 Jesus
1239 1241 1498 1299 Christus
1532 1245 1971 1314 transformabit,

391 1331 493 1395 ait,
521 1347 726 1402 corpus
751 1331 1082 1387 humilitatis
1106 1342 1306 1389 nostra:
1329 1337 1730 1407 contiguratum
1753 1341 1971 1410 corpori

392 1423 582 1492 gloria:
613 1438 728 1477 sua:
755 1422 824 1477 ⁸⁵.
862 1440 881 1475 ι
909 1422 1067 1476 Nunc
1099 1425 1305 1478 etenim
1341 1425 1553 1481 vilitate
1582 1443 1646 1482 ac
1671 1430 1973 1499 opprobrio

391 1515 631 1569 fortasse
674 1529 879 1584 corpus
935 1515 1236 1570 humanum
1277 1516 1611 1588 deprimitur
1665 1520 1971 1576 daemonum

393 1608 794 1678 irruptionibus
824 1606 1168 1673 intestatum,
1203 1618 1256 1663 et
1285 1625 1401 1665 sua:
1435 1611 1611 1680 ipsius
1643 1613 1840 1668 animae
1868 1629 1971 1668 sae-

394 1715 698 1771 penumero
746 1700 1000 1770 ignaviis,
1047 1702 1194 1756 notis
1224 1702 1574 1772 quibusdam
1621 1719 1686 1760 ac
1740 1707 1974 1763 maculis

394 1796 732 1862 inspersum,
760 1808 1014 1862 sameque
1043 1793 1211 1848 etiam
1239 1793 1292 1847 in
1325 1796 1648 1850 servitutem
1670 1798 1974 1862 redactum,

392 1889 740 1954 multumque
770 1901 799 1939 a
838 1897 1061 1954 peccato
1090 1900 1467 1956 compressum
1496 1904 1512 1954 ;
1546 1888 1599 1943 in
1642 1889 1765 1960 ipso
1812 1892 1974 1946 etiam

393 1976 688 2039 tuoriendi,
726 1990 792 2028 ac
820 1975 1143 2045 parentandi
1172 1986 1299 2031 actu
1341 1986 1400 2030 ut
1434 1979 1560 2042 vile,
1590 1987 1646 2034 et
1676 1981 1976 2037 inhonora-

392 2078 507 2120 tum
558 2083 655 2138 per
696 2075 900 2122 terrain
935 2074 1198 2134 tractum,
1236 2077 1291 2124 et
1337 2085 1460 2124 cum
1508 2073 1747 2126 maxima
1793 2074 1976 2146 inopia

392 2160 692 2229 sepultura.
742 2177 759 2210 ι
803 2159 1123 2213 Seminatur
1167 2161 1338 2228 enim,
1391 2161 1492 2229 ait,
1537 2162 1594 2217 in
1643 2163 1974 2234 ignominia,

394 2252 695 2306 suscitatur
726 2249 780 2303 in
807 2250 985 2320 gloria
1012 2251 1080 2305 9°.
1123 2271 1141 2304 ι
1181 2249 1439 2308 Universi
1466 2269 1598 2309 vero
1626 2257 1846 2326 generis
1873 2259 1977 2312 hu-

394 2343 541 2394 mani
592 2341 1018 2395 resurrectionis
1050 2351 1297 2411 tempore
1328 2346 1740 2415 corruptionem
1772 2359 1825 2402 et
1852 2364 1979 2403 con-

395 2440 660 2501 temptum
684 2432 995 2496 excutiens,
1022 2433 1262 2501 resurgit
1285 2448 1491 2504 corpus
1518 2445 1767 2492 nostrum
1795 2438 1981 2494 Salva-

395 2526 534 2576 tor-is
568 2523 778 2577 Christi
806 2524 980 2592 gloria
1018 2532 1074 2576 et
1116 2524 1492 2580 munificentia
1524 2529 1976 2596 condecoratum,

402 2613 565 2687 156
589 2632 859 2684 nusquam
891 2617 945 2670 in
973 2624 1261 2686 posterum
1287 2619 1341 2672 in
1366 2628 1652 2688 peccatum
1694 2630 1747 2677 et
1787 2639 1981 2678 corru-

397 2709 640 2778 pliOllem
669 2708 1033 2772 delluxurum,
1057 2724 1338 2780 nunquam
1374 2713 1726 2778 mortalitate,
1747 2723 1802 2768 et
1827 2718 1982 2770 vani-

396 2807 532 2860 tate,
584 2807 638 2852 et
690 2800 930 2854 miseriis
983 2799 1409 2868 humiliandum,
1479 2804 1575 2859 sed
1634 2806 1980 2864 indesineute

396 2890 818 2961 incorruptione
851 2891 904 2944 in
941 2899 1265 2960 perpetuum
1297 2908 1421 2947 cum
1451 2909 1538 2961 eo,
1570 2896 1663 2967 qui
1693 2897 1980 2954 immorta-

398 2981 606 3036 litatem
637 2983 882 3048 exhibet,
918 2981 1274 3037 duraturum.

910 3069 1147 3126 LXXIX.
1176 3102 1249 3114 —
1275 3072 1483 3129 Eidem.

475 3183 497 3219 ι
547 3163 864 3234 lmposuisti
902 3166 1156 3222 homines
1198 3181 1367 3236 super
1413 3168 1598 3239 capita
1641 3179 1832 3227 nostra
1855 3172 1923 3227 ".
1963 3191 1983 3225 ι

398 3257 538 3314 Nam
590 3259 887 3327 aliquando
941 3257 1082 3314 Deus
1129 3259 1401 3329 permittit
1454 3261 1799 3320 daemonibus
1847 3264 1990 3319 inte-

401 3349 539 3405 riori
595 3350 763 3419 capiti
820 3357 1012 3404 nostro
1076 3338 1428 3422 impudenter
1489 3355 1752 3419 insidere,
1818 3358 1989 3411 menti

401 3458 619 3514 nempe,
640 3455 691 3497 et
713 3443 950 3497 animam
976 3445 1040 3497 all
1066 3446 1435 3514 cogitationes
1453 3461 1667 3518 pravas.
1678 3449 1988 3517 detrahere,

401 3535 734 3603 quibuscum
779 3534 939 3588 nobis
989 3536 1401 3591 colluctandum
1452 3547 1539 3593 est
1581 3547 1636 3594 et
1666 3539 1990 3610 depugnan-

401 3625 557 3690 tlutn,
591 3640 764 3695 neque
786 3641 881 3681 eas
914 3627 1363 3696 approbantibus,
1423 3644 1600 3701 neque
1640 3647 1747 3686 una
1774 3647 1896 3688 cum
1923 3635 1992 3690 iis

402 3716 882 3788 conspirantibus.

921 3824 1138 3881 LXXX.
1174 3855 1246 3867 --
1283 3826 1472 3885 Eidem

472 3934 593 3990 Non
626 3938 1008 4006 angustiamur
1036 3937 1091 3990 in
1129 3937 1227 3992 Dei
1253 3936 1556 3995 dilectione
1588 3942 1657 4008 ",
1683 3940 1990 3999 Corinthiis

404 4029 705 4100 Apostolus
735 4029 964 4095 scribit;
1008 4045 1105 4085 vos
1137 4045 1270 4085 vero
1299 4033 1695 4103 angustiamini
1728 4035 1786 4089 in
1815 4035 1994 4091 visce-

407 4122 562 4177 ribus
603 4122 820 4186 vestris,
856 4123 1107 4177 nolentes
1140 4137 1238 4192 per
1267 4123 1454 4193 plures
1483 4125 1719 4184 virtutes
1751 4129 1990 4183 animam

408 4215 712 4280 dilatari,et
736 4216 953 4270 divinas
970 4217 1403 4274 illuminationes
1433 4221 1686 4291 excipere
1702 4231 1756 4275 et
1773 4236 1990 4291 capere.

410 4306 554 4365 I-liuc
579 4307 733 4361 vobis
763 4308 1014 4379 contigit,
1044 4309 1191 4378 quod
1235 4308 1292 4363 in
1323 4308 1460 4366 Isaia
1499 4311 1724 4378 dicitur,
1759 4312 1817 4367 In
1861 4312 1996 4366 atlli-

2072 420 2403 494 λαθομένους
2434 421 2528 476 τοῦ
2565 422 2713 496 ἱεροῦ
2755 423 3174 496 ἐπαγγέλματός
3211 441 3272 477 τε
3305 423 3401 477 καὶ
3434 426 3652 496 σχήμα-

2071 531 2184 580 τος,
2225 515 2686 580 καταλελοιπότας
2739 517 2798 571 δὲ
2847 517 2910 571 τὸ
2958 518 3088 571 ἴδιον
3137 518 3496 589 ἀσκητήριον,
3553 518 3654 571 καὶ

2073 607 2609 680 ἀπηρυθριασμένως
2639 608 3070 680 ἐργολαϐοῦντας
3100 608 3169 662 τὰ
3208 608 3465 680 ἀλλότρια
3504 609 3654 679 πρὰο

2073 716 2282 769 γματα,
2338 699 2432 753 καὶ
2479 700 2943 772 δοκιμαζομένους
2986 701 3249 770 διηνεκῶς
3291 703 3405 764 τοῖς
3452 699 3659 764 ἔξωθεν

2073 791 2466 861 δικαστηρίοις,
2503 792 2594 846 τὸν
2625 793 2832 862 ἄφατον
2854 793 3280 863 ἐπεισφέροντας
3309 791 3539 863 θόρυδόν
3569 807 3656 859 τε,

2073 883 2168 936 καὶ
2209 884 2469 956 τάραχον,
2526 883 2666 937 ὥστε
2715 885 2811 938 καὶ
2867 883 3065 948 αὐτοὺς
3112 883 3266 954 ὑμῶν
3315 883 3410 936 ἐπὶ
3439 882 3658 945 τούτοις

2074 977 2402 1048 καταγελᾷν,
2451 978 2547 1032 καί⁵
2575 977 2696 1032 λίαν
2724 977 3161 1047 καταγινώσκειν
3193 978 3319 1042 τούς
3346 976 3660 1048 ,δημοσίους

2073 1069 2363 1140 ἄρχοντας.

2409 1159 2537 1212 οησ.
2560 1186 2637 1201 -
2663 1157 2978 1230 unum
3027 1157 3339 1229 ΜΟΝΑΚῼ.

2153 1268 2172 1302 ι
2195 1249 2254 1304 Ὅ
2271 1251 2475 1324 Κύριος
2492 1251 2649 1322 ἡμῶν
2667 1251 2872 1322 Ἰησοῦς
2899 1251 3134 1322 Χριστὸς
3159 1248 3662 1322 μετασχηματίσει,

2075 1345 2231 1415 φησι,
2263 1345 2326 1398 τδ
2367 1346 2526 1417 σῶμα
2569 1346 2671 1416 τῆς
2703 1345 3085 1410 ταπεινώσεως
3113 1345 3294 1416 ἡμῶν,
3331 1343 3667 1414 σύμμορφον

2073 1437 2153 1508 τῷ
2182 1437 2393 1508 σώματι
2419 1438 2519 1508 τῆς
2549 1437 2708 1508 δόξης
2736 1435 2924 1492 αὐτοῦ.
2953 1455 2970 1488 ι
2995 1436 3109 1489 Νῦν
3139 1436 3237 1506 μὲν
3264 1435 3372 1508 γὰρ
3388 1433 3664 1505 εὐτελείᾳ,

2075 1529 2173 1583 καὶΙ
2205 1530 2400 1601 ἀτιμίᾳ
2438 1528 2772 1597 διαγίνεσθαι
2801 1529 2944 1600 τάχα
2978 1528 3266 1600 ωμὸαίνει
3298 1528 3358 1581 τὸ
3381 1526 3670 1599 ἀνθρώπι-

2077 1641 2166 1677 νον
2196 1622 2375 1694 σῶμα,
2399 1623 2841 1694 ἐπηρεαζόμενόν
2883 1639 2942 1676 τε
2967 1625 3087 1685 ταῖς
3119 1622 3226 1674 τῶν
3256 1621 3526 1692 δαιμόνων
3564 1620 3636 1689 ἐφ
3663 1650 3666 1653 -

2075 1715 2234 1779 όδοις,
2258 1716 2352 1769 καὶ
2379 1717 2497 1778 ταῖς
2526 1717 2696 1785 αὐτῆς
2723 1715 2984 1779 πολλάκις
3003 1716 3104 1786 τῆς
3117 1714 3295 1785 ψυχῆς
3319 1711 3662 1783 νωχελείαις,

2079 1804 2294 1877 μώμοις
2316 1806 2448 1872 τισὶ,
2471 1807 2564 1860 καὶ
2587 1806 2796 1872 σπίλοις
2839 1806 3188 1879 περιπίπτον,
3211 1805 3666 1875 ἐξανδραποδιζό-

2079 1896 2237 1966 μενόν
2257 1913 2317 1949 τε
2364 1895 2478 1950 ἐσθ’
2511 1898 2622 1964 ὅτε,
2662 1899 2757 1951 καὶ
2788 1897 2927 1967 ἀγαν
2973 1895 3395 1966 ταπεινούμενον
3424 1894 3529 1948 ὑπὸ
3557 1895 3666 1964 τῆς

2075 1984 2372 2057 ἁμαρτίας,
2403 1985 2498 2039 καὶ
2532 1987 2591 2040 tv
2644 1987 2795 2058 αὐτῷ
2831 1986 2912 2058 τῷ
2943 1986 3215 2058 θνήσκειν,
3253 1987 3350 2042 καὶ
3396 1984 3668 2054 ἐνταφιά-

2077 2076 2284 2143 ζεσθαι,
2316 2079 2375 2130 ἐν
2411 2077 2780 2144 ἐξουδενώσει,
2818 2081 2913 2133 καὶ
2946 2078 3141 2150 ἀτιμίᾳ
3185 2078 3479 2150 συρόμενον
3500 2079 3560 2132 ἐν
3591 2079 3665 2147 τῇ

2077 2173 2170 2242 γῇ.
2219 2171 2313 2225 καὶ
2350 2171 2692 2242 θαπτόμενον
2731 2173 2788 2226 ὲν
2815 2171 3060 2243 εὐτελείᾳ
3089 2172 3275 2243 πολλῇ.
3310 2191 3327 2223 ι
3366 2172 3669 2242 Σπείρεται

2076 2263 2205 2331 γὰρ,
2236 2262 2420 2333 φησιν,
2461 2263 2524 2315 ἐν
2565 2261 2780 2334 ἀτιμίᾳ,
2811 2263 3084 2334 ἐγείρεται
3140 2264 3196 2315 ἐν
3229 2263 3376 2333 δόξῃ.
3415 2280 3435 2314 ι
3476 2261 3568 2315 Ἐν
3606 2262 3667 2315 δὲ

2078 2353 2155 2424 τῷ
2175 2354 2352 2425 καιρῷ
2383 2355 2484 2423 τῆς
2517 2355 2736 2409 πάντων
2781 2354 3085 2426 ἀνθρώπων
3129 2355 3401 2426 ἐγέρσεως
3424 2395 3439 2419 ,
3469 2355 3574 2424 τήν
3605 2370 3669 2406 τε

2080 2445 2419 2518 φθορὰν,καὶ
2446 2446 2544 2518 τὴν
2572 2447 2899 2500 ταπείνωσιν
2928 2449 3410 2518 ἁποτιναξάμενον,
3438 2449 3671 2503 ἀνίστα-

2082 2555 2176 2592 ται
2217 2538 2278 2592 τὸ
2311 2539 2469 2610 σῶμα
2513 2539 2670 2610 ἡμῶν
2721 2540 3274 2610 κατακεκοσμημένον
3304 2542 3372 2611 τῇ
3422 2538 3669 2610 Χριστοῦ

2079 2631 2173 2684 τοῦ
2198 2632 2449 2702 Σωτῆρος
2472 2630 2620 2705 δόξῃ,
2671 2633 2766 2684 καὶ
2820 2632 3294 2704 μεγαλοπρεπείᾳ,
3327 2633 3524 2704 μηκέτι
3549 2633 3669 2686 λοι-

2081 2721 2182 2774 πὸν
2217 2722 2639 2794 τραπησόμενον
2669 2726 2748 2787 είς
2777 2724 3071 2794 ἁμαρτίαν,
3097 2727 3191 2778 καὶ
3216 2725 3440 2796 φθορὰν,
3465 2725 3670 2795 μηκέτι

2079 2813 2622 2885 ταπεινωθησόμενον
2653 2818 2719 2888 τῇ
2760 2815 3065 2888 θνητότητι,
3092 2817 3185 2870 καὶ
3206 2819 3270 2888 τῇ
3319 2817 3669 2888 ματαιότητι,

2083 2908 2176 2960 καὶ
2225 2909 2346 2970 ταῖς
2395 2907 2814 2979 ταλαιπωρίαις,
2843 2909 2980 2963 ἀλλὰ
3026 2910 3122 2963 σὺν
3158 2909 3539 2975 διαιωνίζοντι,
3572 2913 3667 2962 καὶ

2014 3029 2061 3091 c
2089 2999 2367 3073 ἀφθαρσίᾳ
2397 3002 2698 3074 ἀπέραντα.

2609 3096 2730 3148 06'.
2763 3125 2836 3136 —
2871 3093 2955 3162 Τῷ
2979 3093 3160 3160 αὐτῷ.

2174 3198 2193 3232 ι
2225 3181 2585 3248 Ἐπεϐίδασας
2611 3185 2930 3256 ἀνθρώπους
2957 3186 3048 3239 ἐπὶ
3070 3186 3166 3248 τὰς
3188 3185 3428 3254 κεφαλὰς
3451 3186 3668 3256 ἡμῶν.»

2099 3273 2255 3326 Ἐστι
2291 3276 2400 3348 γὰρ
2441 3277 2529 3329 ὅτε
2587 3281 2882 3348 συγχωρεῖ’
2909 3280 3034 3341 τοὺς
3085 3279 3342 3346 δαίμονας
3370 3283 3399 3333 ὁ
3423 3279 3558 3344 Θεὸς
3601 3283 3671 3351 τῇ

2097 3364 2244 3420 ἔνδον
2270 3368 2476 3440 κεφαλῇ
2516 3371 2748 3434 ἀναιδῶς
2783 3370 3122 3435 ἐπικαθίζειν
3142 3413 3155 3437 ,
3189 3373 3434 3425 τουτέστι
3462 3376 3527 3443 τῇ
3553 3373 3674 3424 δια-

2095 3459 2231 3530 νοίᾳ,
2266 3461 2360 3514 καὶ
2388 3461 2672 3516 καθέλκειν
2701 3462 2798 3534 τὴν
2830 3463 3010 3535 ψυχὴν
3033 3465 3167 3535 πρὸς
3191 3465 3412 3535 ἀπρεπῆ
3434 3454 3676 3537 ἐνθυμή-

2099 3568 2262 3622 ματα,
2290 3545 2374 3616 οἷς
2402 3555 2550 3624 ἡμᾶς
2578 3557 2874 3624 ἀναγκαῖον
2901 3556 3216 3620 πυκτεύειν,
3257 3555 3351 3610 καὶ
3377 3556 3671 3627 μάχεσθαι,

2100 3645 2177 3718 μὴ
2215 3645 2809 3719 συγκατατιθεμένους,
2847 3649 2980 3720 μηδέ
3020 3647 3422 3714 συνδιάζοντας.

2620 3831 2702 3884 II'.
2731 3861 2803 3874 -—
2840 3831 2926 3898 Τῷ
2965 3831 3144 3897 αὐτῷ.

2167 3920 2244 3975 Οὐ
2276 3922 2756 3994 στενοχωρούμεθα
2785 3925 2842 3977 ἐν
2874 3927 2940 3994 τῇ
2964 3924 3057 3977 τοῦ
3092 3923 3228 3977 Θεοῦ
3256 3924 3443 3995 ἀγάπῃ
3465 3967 3478 3987 ,
3507 3925 3676 3995 φησὶν

2097 4015 2126 4068 ό
2169 4015 2489 4080 Ἀπόστολος
2517 4015 2843 4089 Κορινθίοις,
2879 4016 3037 4087 ὑμεῖς
3070 4016 3128 4069 δὲ
3169 4013 3586 4087 στενοχωρεῖσθε
3617 4018 3678 4069 tv

2096 4109 2210 4170 τοῖς
2253 4107 2581 4177 σπλάγχνοις
2627 4107 2802 4178 ὐμῶν,
2845 4107 2921 4179 μὴ
2974 4107 3285 4178 βουλόμενοι
3329 4107 3419 4160 διὰ
3465 4107 3678 4161 πολλῶν

2097 4198 2306 4270 ἀρετῶν
2327 4198 2692 4269 πλατυνθῆναι
2715 4200 2815 4272 τὴν
2835 4199 3029 4270 ψυχὴν,
3052 4201 3144 4253 καὶ
3174 4201 3274 4262 τὰς
3293 4199 3440 4263 θείας
3470 4198 3677 4268 ἐλλάμ-

2097 4290 2220 4358 ψεις
2249 4288 2540 4356 δέξασθαι,
2576 4290 2672 4344 καὶ
2713 4292 2983 4361 χωρῆσαι.
3020 4287 3183 4343 Ὀθεν
3216 4289 3347 4360 ἡμῖν
3385 4288 3680 4359 συμϐαίνει

410 4401 594 4454 ctione
623 4399 922 4454 adversarii
959 4407 1013 4453 et
1050 4401 1106 4454 in
1135 4401 1384 4471 angustia
1417 4404 1644 4468 mentis,
1691 4404 1879 4460 leones
1901 4445 1915 4468 ,
1943 4414 1985 4459 el

2100 4381 2160 4436 τὸ
2188 4384 2244 4434 ἐν
2275 4381 2352 4452 τῷ
2404 4382 2600 4453 Ἡσαΐᾳ
2642 4382 2952 4454 εἰρημένον,
2997 4382 3079 4435 ὅτι
3129 4383 3187 4435 ἐν
3233 4384 3302 4452 τῇ
3356 4380 3531 4450 θλίψει
3577 4381 3678 4435 τοῦ

412 4491 668 4561 aspides,
720 4499 775 4546 et
817 4492 862 4545 si
911 4507 1034 4561 quae
1086 4493 1192 4545 alia
1243 4501 1326 4547 est
1374 4491 1608 4548 facultas
1657 4493 1998 4549 adversatrix

415 4586 527 4656 (his
566 4585 771 4638 etenim
802 4594 857 4638 et
888 4586 1168 4640 similibus
1219 4585 1682 4655 appellationibus
1718 4586 1998 4642 damones

415 4679 750 4750 innuuntur)
769 4719 782 4741 ,
811 4679 1032 4733 divitias
1065 4681 1348 4732 asinorum
1374 4688 1427 4732 et
1447 4679 1782 4733 camelorum
1808 4687 2000 4750 porta-

417 4782 546 4825 runt
574 4770 718 4825 ⁹³·“.
751 4769 907 4824 Asini
947 4771 1330 4840 intelliguntur
1354 4784 1477 4824 esse
1504 4772 1812 4840 segniores,
1834 4779 1888 4826 et
1910 4787 2004 4826 vo-

419 4861 681 4929 luptuosi,
712 4867 768 4912 et
813 4857 1078 4926 improbi;
1118 4858 1312 4911 cameli
1365 4857 1402 4909 ii
1457 4866 1608 4919 sunt,
1663 4859 1758 4928 qui
1810 4874 2003 4928 super-

419 4956 563 5005 biam
629 4961 794 5020 atque
832 4949 1179 5004 iracundiam
1223 4960 1504 5004 exercent.
1551 4951 1768 5005 Divitiis
1816 4953 2002 5021 itaque

422 5043 817 5111 improbat-um,
854 5052 908 5095 et
930 5043 1316 5106 obscenarum,
1344 5053 1398 5095 et
1422 5041 1673 5110 exlegum
1706 5044 1999 5112 cogitatio-

420 5147 552 5186 num
589 5133 802 5185 animas
836 5132 1118 5185 hominum
1144 5131 1424 5185 daemones
1453 5139 1746 5186 onerantes
1768 5171 1784 5196 ,
1813 5132 1867 5186 in
1901 5149 2000 5186 va-

421 5239 556 5278 cuas
587 5239 615 5276 a
643 5224 945 5278 virtutibus
974 5226 1346 5293 operationes,
1374 5233 1427 5277 et
1462 5224 1809 5278 conditiones
1844 5240 2000 5279 com-

423 5318 652 5386 pellunt.
700 5314 846 5370 Nihil
901 5326 1086 5371 autem
1137 5326 1368 5386 peccato
1406 5314 1561 5386 157
1601 5318 1822 5386 gravius
1871 5328 1998 5373 est:

422 5421 758 5480 quapropter
804 5419 858 5464 et
900 5408 1044 5480 apud
1092 5409 1309 5464 divinos
1357 5408 1482 5464 illos
1521 5409 1714 5465 Patres
1778 5410 2004 5482 plumbo

424 5502 788 5556 assimilatur.

497 5708 542 5740 "
576 5706 811 5777 Philipp.
845 5719 939 5772 tu,
968 5703 1059 5760 ﬁl.
1136 5705 1210 5777 _’°
1240 5701 1260 5759 I
1292 5701 1414 5756 Cor.
1450 5719 1536 5770 xv,
1569 5700 1652 5757 15.

2104 4472 2322 4544 ἐχθροῦ,
2357 4475 2452 4526 καὶ
2479 4476 2536 4527 tv
2568 4476 2635 4545 τῇ
2680 4474 3006 4545 στενοχωρίᾳ
3035 4474 3134 4544 τῆς
3157 4473 3400 4535 διανοίας
3441 4473 3680 4536 λέοντες,

2105 4565 2199 4618 καὶ
2224 4566 2466 4629 ἀσπίδες,
2491 4566 2584 4618 καὶ
2613 4565 2666 4617 εί
2684 4582 2770 4628 τις
2795 4564 2926 4636 ἄλλη
2953 4564 3184 4635 δύναμις
3204 4565 3441 4626 ἐναντία,
3465 4563 3681 4627 τούτοις

2104 4659 2213 4729 γὰρ
2246 4659 2340 4710 καὶ
2370 4660 2482 4720 τοῖς
2508 4656 2772 4721 τοιούτοις
2817 4658 3042 4727 ὀνόμασι
3083 4655 3370 4710 καλοῦνται
3397 4657 3446 4708 οί
3485 4655 3683 4725 δαίμο-

2099 4769 2222 4815 νες,
2256 4752 2347 4804 τὸν
2397 4751 2625 4806 πλοῦτον
2669 4750 2850 4805 αὐτῶν
2901 4751 3040 4804 δνων
3095 4751 3191 4805 καὶ
3246 4749 3354 4803 τῶν
3414 4750 3682 4822 καμήλων

2099 4842 2291 4914 ἔφερον
2313 4861 2326 4875 ·
2356 4843 2493 4896 δνων
2527 4842 2626 4913 μὲν
2676 4840 3014 4912 νοουμένων,
3047 4839 3156 4894 τῶν
3190 4839 3561 4909 νωθεστέρων,
3587 4840 3682 4892 καὶ

2101 4936 2418 5008 φιληδόνων,
2440 4935 2536 4988 καὶ
2568 4933 2857 5006 μοχθηρῶν
2878 4951 2890 4963 ·
2917 4932 3180 5004 καμήλων
3197 4932 3252 4985 δὲ
3272 4931 3380 4984 τῶν
3402 4931 3499 5002 τὴν
3520 4934 3684 5002 ὑπερ-

2099 5029 2369 5099 ηφάνειαν
2395 5068 2409 5091 ,
2440 5028 2535 5081 καὶ
2580 5026 2679 5099 τὴν
2724 5025 3091 5098 μνησικακίαν
3140 5023 3532 5089 ἐξασκούντων.
3580 5025 3685 5077 Τὸν

2098 5115 2277 5169 τοίνυν
2300 5115 2529 5169 πλοῦτον
2558 5115 2667 5169 τῶν
2702 5115 2975 5186 πονηρῶν,
3015 5115 3109 5168 καὶ
3131 5115 3391 5185 αἰσχρῶν,
3429 5115 3528 5167 καὶ
3561 5116 3689 5169 ἀνό-

2107 5225 2222 5280 μων
2271 5207 2544 5278 λογισμῶν
2587 5205 2962 5279 φορτώσαντες
2989 5208 3087 5269 τὰς
3121 5206 3297 5276 ψυχὰς
3338 5205 3444 5259 τῶν
3471 5206 3684 5277 ἀνθρώ-

2105 5318 2223 5354 πων
2274 5300 2325 5353 οἱ
2373 5300 2663 5370 δαίμονες,
2693 5297 2976 5352 ἐλαύνουσι
3034 5298 3114 5360 είς
3151 5297 3250 5358 τὰς
3298 5297 3541 5366 ἐρήμους
3576 5297 3688 5349 τῶν

2107 5391 2316 5466 ἀρετῶν
2350 5392 2598 5462 πράξεις,
2631 5393 2723 5445 καὶ
2752 5391 3136 5453 καταστάσεις.
3165 5390 3331 5444 Οὐδὲν
3378 5388 3423 5442 δ’
3447 5390 3686 5462 ὑπάρχει

2111 5487 2208 5557 τῆς
2238 5485 2513 5557 ἁμαρτίας
2543 5483 2863 5556 βαρύτερον,
2886 5483 2964 5537 διὸ
2988 5485 3080 5537 καὶ
3105 5484 3252 5556 παρὰ
3273 5485 3381 5547 τοῖς
3405 5481 3686 5555 θεοφόροις

2113 5578 2336 5649 ἀνδράσι
2361 5577 2592 5648 μολίϐδῳ
2616 5576 3006 5649 παρείκασται.

1762 5705 1802 5733 ἰ
1837 5701 1980 5756 Psul.
2023 5714 2148 5766 va,
2180 5697 2260 5752 19..
2338 5696 2384 5728 ”
2409 5693 2450 5749 II
2483 5691 2607 5748 Cor.
2639 5688 2827 5754 “.52.
2910 5688 3032 5723 ”'“
3058 5687 3157 5744 lsa.
3185 5707 3311 5749 xxx.
3336 5691 3388 5746 6.
