3850 6218
218 193 336 257 237

751 305 875 357 ΠΜ.
914 333 983 344 -
1015 304 1097 370 Τῷ
1136 305 1316 370 αὐτῷ.

304 393 402 445 ’Λν
429 393 495 445 ὲκ
545 391 638 445 τοῦ
670 393 864 463 βάθους
891 394 990 464 τῆς
1019 396 1242 465 καρδίας
1276 393 1410 467 πρὸς
1452 386 1583 450 Θεὸν
1617 394 1804 453 στενά-

217 474 428 552 ξωμεν,
456 483 839 537 εἰσακούσεται
888 488 1102 548 πάντως
1132 525 1147 548 ,
1182 489 1276 540 καὶ
1317 485 1476 554 δείξει
1530 488 1806 560 θαυμάσια.

215 577 338 636 τοῖς
366 576 504 638 υίοίς
551 574 663 627 τῶν
706 575 1026 646 ἀνθρώπων,
1051 580 1144 630 καὶ
1178 580 1390 649 ποιήσει
1437 579 1534 650 τὴν
1563 579 1805 652 κάμηλον

216 662 502 731 πρόϐατον
543 679 558 695 ο
599 683 618 715 ι
657 665 805 734 Αὕτη
839 685 858 718 θ
899 665 1026 737 γάρ,
1050 668 1246 736 φησιν,
1291 672 1362 740 σή
1397 671 1677 736 ἀλλοίωσις
1704 674 1804 742 τῆς

214 747 401 820 δεξιᾶς
421 757 519 810 τοῦ
553 757 828 825 Ὑψίστου.
855 778 874 810 ›
898 761 1174 814 Καίτινων
1188 762 1416 833 ψαλμῶν
1437 765 1651 827 τίτλοι,ι
1679 767 1804 830 Τοῖς

215 847 749 918 ἀλλοιωθησομένοις
787 870 806 902 ι
835 852 1176 922 ἐγράφησαν.
1217 850 1341 907 Ἐἀν
1367 855 1543 908 τοίνυν
1573 857 1801 910 σπουδά-

219 957 339 1002 σεις
358 939 448 992 διά
472 941 580 992 τῶν
609 941 820 1010 ἀρετῶν
859 942 1053 1012 ἀρέσαι
1082 945 1162 1016 τῷ
1188 947 1421 1016 Σωτῆρι,
1451 949 1802 1018 ἀποφορτίζει

213 1030 316 1082 τὸν
337 1031 532 1101 νοητόν
577 1049 672 1084 σου
704 1028 826 1085 δνον
870 1031 1274 1104 ἀχθοψοροῦντα
1305 1040 1417 1098 τοῖς
1440 1037 1677 1106 δαίμοσι,
1707 1039 1802 1092 καὶ

214 1123 398 1193 ἀσαγῆ
451 1125 710 1195 ποιήσας,
761 1124 1010 1177 ἐπιϐαλεῖ
1055 1143 1139 1178 σοι
1199 1127 1267 1180 τά
1327 1129 1433 1182 τῶν
1487 1121 1800 1184 ἀποστόλων

219 1209 698 1285 ίμάτια,τουτέστι
723 1217 791 1271 τά
820 1216 937 1270 θεῖα
966 1218 1308 1288 παιδεύματά
1327 1238 1386 1273 τε
1417 1221 1510 1273 καὶ
1531 1221 1797 1292 δόγματα,

215 1303 316 1358 καὶ
351 1304 739 1367 ἐπικαθεσθεὶς
781 1303 858 1376 τῷ
888 1306 971 1358 νοτ
1022 1323 1115 1358 σου
1162 1306 1352 1379 ὥσπερ
1387 1309 1450 1379 τῇ
1497 1302 1603 1380 ὄνῳ
1646 1311 1796 1377 ποτὲ,

213 1397 528 1467 εἰσέρχεται
561 1399 654 1450 καὶ
692 1395 788 1449 νῦν
823 1398 902 1460 είς
926 1396 1023 1467 τὴν
1057 1399 1218 1466 ἁγίαν
1263 1401 1417 1454 πόλιν
1442 1398 1800 1474 δοξαζόμενός

211 1499 298 1548 τε,
329 1487 425 1538 καὶ
442 1477 933 1556 ἀνευφημούμενος
962 1486 1067 1541 ὑπὸ
1099 1489 1313 1542 πάντων
1336 1489 1582 1559 ἀγγέλων
1614 1494 1705 1546 ἐπὶ
1729 1497 1796 1565 τῇ

213 1577 466 1648 σωτηρία
501 1577 598 1628 τοῦ
654 1578 886 1646 ἀλόγου,
928 1577 1156 1648 λογικοῦ
1195 1582 1487 1651 γενομένου
1537 1583 1626 1636 διὰ
1681 1585 1800 1653 φιλ-

1454 197 1983 258 EPISTOI.ARUM
2025 197 2167 255 LIB.
2210 196 2234 253 Ι
2245 197 2288 255 l.

3371 197 3472 258 938

2411 308 2643 362 LXXXI.
2688 339 2753 348 ——
2794 309 3000 364 Eidem.

1986 399 2043 454 Si
2078 415 2144 454 ex
2182 399 2452 470 profundo
2482 402 2664 456 cordis
2704 401 2771 455 ad
2809 401 2975 454 Deum
3017 401 3466 471 ingemuerimus,

1905 493 2128 546 Omnino
2160 491 2432 555 exaudiet,
2465 502 2521 547 et
2549 496 2800 548 ostendet
2831 493 3098 548 mirabilia
3133 493 3258 546 ﬁliis
3291 493 3470 546 homi—

1907 589 2140 645 nutn,.et
2173 580 2336 637 faciet
2365 583 2634 636 catnelum
2664 600 2818 637 ovem
2853 601 2865 636 :
2907 600 2925 633 ι
2958 581 3080 638 llzec
3119 603 3136 634 ι
3173 584 3338 647 enim,
3373 587 3468 649 ait,

1903 681 1988 728 est
2045 690 2064 723 ι
2115 674 2347 728 mutatio
2397 675 2634 730 dextera:
2682 673 2895 730 Excelsi
2926 677 2994 730 ’⁸.
3042 694 3061 727 ι
3107 675 3174 728 Ει
3218 677 3468 728 nommlli

1903 764 2235 833 psalmorum
2251 766 2527 830 tituli,dis
2543 767 2632 836 qui
2655 768 3038 820 innnutantun
3057 768 3242 836 scripti
3263 767 3467 820 sunt".

1902 855 2243 926 Quapropter
2269 858 2315 912 si
2349 859 2630 912 incumbes
2663 875 2757 928 per
2789 862 3022 913 virtutes
3057 859 3324 911 Salvatori
3357 859 3471 927 pla-

1902 960 2047 1010 cere,
2082 947 2503 1003 intellectualem
2538 959 2688 1002 tnmn
2716 950 2929 1003 asinum
2962 964 3100 1003 onus
3132 950 3470 1002 tlzenmnibns

1903 1043 2212 1105 portantem
2242 1043 2521 1102 exonerat,
2562 1046 2616 1090 et
2658 1038 2859 1091 clitella
2909 1051 3168 1100 excussa,
3226 1037 3469 1104 imponet

1904 1118 2003 1179 tibi
2029 1126 2354 1181 vestimenta
2385 1127 2777 1196 apostolorum,
2813 1127 2916 1181 hoc
2951 1136 3034 1181 est
3061 1127 3273 1180 divinas
3301 1126 3470 1180 disci-

1903 1217 2082 1287 plinas
2115 1228 2169 1273 et
2217 1215 2500 1288 dogmata,
2535 1226 2589 1272 et
2633 1218 2880 1272 assidens
2916 1218 3082 1272 menti
3113 1228 3236 1282 tum,
3279 1234 3469 1288 quem-

1901 1305 2188 1363 admodum
2214 1309 2508 1379 aliquando
2531 1309 2686 1363 asino
2712 1310 2778 1371 ",
2807 1310 2995 1363 introit
3016 1317 3069 1363 et
3093 1325 3240 1363 nunc
3258 1311 3309 1363 in
3335 1324 3470 1364 san-

1900 1411 2041 1454 etam
2075 1401 2352 1456 civitatem
2378 1402 2737 1472 gloriﬁcatns,
2766 1401 3129 1470 laudibusque
3162 1401 3469 1456 celebratus

1900 1490 1969 1546 ab
2003 1493 2259 1547 omnibus
2298 1494 2509 1564 angelis
2545 1509 2646 1564 pro
2690 1495 2870 1548 salute
2913 1493 3150 1549 rationis
3203 1493 3465 1563 expertis.

1898 1583 2044 1652 quod
2079 1585 2310 1640 rationis
2334 1600 2559 1655 compos
2594 1584 2798 1638 factum
2837 1594 2922 1639 est
2946 1601 3042 1655 per
3070 1587 3464 1638 humanitatem

212 1668 539 1738 ανθρωπίαν
574 1667 668 1720 τοῦ
707 1667 1028 1732 κτίσαντος,
1062 1665 1262 1740 μᾶλλον
1293 1670 1348 1724 δὲ
1387 1673 1793 1742 ἀνακτίσαντος,

1902 1675 2197 1740 Creatoris,
2231 1678 2340 1733 imo
2366 1679 2730 1741 renovatoris,
2758 1679 2849 1748 qui
2875 1679 3205 1742 immutavit,
3242 1687 3295 1733 et
3321 1677 3465 1733 refe-

211 1757 616 1822 ἀλλοιώσαντός
673 1776 755 1823 τε,
784 1759 878 1813 καὶ
920 1760 1326 1825 άνανεώσαντος
1370 1763 1457 1816 διά
1504 1764 1604 1834 τῆς
1658 1769 1797 1836 ἀμε-

211 1850 383 1914 λείας,
398 1851 615 1921 καὶτῆς
636 1850 843 1922 πλάνης
863 1849 1040 1922 ψυχὴν
1063 1852 1483 1920 παλαιωθείσαν,
1511 1854 1605 1908 καὶ
1628 1873 1801 1926 παρα-

212 1943 609 2014 τετραμμένην
641 1942 927 2006 ἑκουσίως.

746 2033 872 2087 IIB'.
903 2064 973 2078 —
1002 2033 1086 2100 Τῷ
1121 2034 1302 2102 αὐτῷ.

283 2126 525 2180 Δύναταί
552 2143 636 2189 τις
683 2125 779 2179 καὶ
817 2127 875 2179 ἐν
919 2127 1132 2197 σώματι
1169 2127 1246 2181 ὢν
1282 2128 1549 2200 ὑπάρχειν
1580 2131 1677 2185 σὺν
1720 2131 1798 2200 τῷ

214 2219 441 2288 Χριστῷ
502 2218 644 2270 κατά
689 2217 750 2270 τὸ
793 2219 1082 2288 εἰρημένον
1131 2218 1236 2272 ὑπὸ
1283 2220 1377 2272 τοῦ
1432 2223 1794 2276 Ἀποστόλου·

218 2329 239 2362 α
281 2309 370 2363 Ζῶ
407 2310 467 2362 δὲ
499 2311 684 2363 οὐκέτι
715 2307 846 2377 ἐγὼ,
876 2307 941 2380 ζῇ
975 2309 1031 2361 δὲ
1072 2311 1129 2362 ἐν
1171 2311 1296 2381 ἐμοὶ
1324 2313 1578 2382 Χριστός.
1602 2333 1618 2365 ι
1653 2315 1792 2368 Πολῦ

209 2401 271 2453 δὲ
307 2400 512 2472 μᾶλλον
553 2400 868 2470 ἐκδημήσας
897 2395 988 2453 τοῦ
1019 2397 1264 2470 σαρκίου,
1293 2400 1476 2465 καθὼς
1500 2404 1659 2456 πάλιν
1697 2406 1794 2458 αύ-

210 2493 302 2558 τὸς
324 2494 554 2565 γράφει,
579 2493 660 2546 ὅτι
682 2508 700 2544 ι
724 2490 997 2544 Ἐπιποθῶ
1017 2487 1303 2555 ἀναλῦσαι,
1323 2492 1417 2546 καὶ
1453 2495 1550 2547 σὺν
1574 2491 1794 2567 Χριστῷ

210 2581 378 2638 εἶναι.
416 2604 435 2634 ι
457 2585 525 2637 Ἠ
559 2584 666 2654 γὰρ
691 2583 839 2653 ψυχὴ
867 2582 1057 2652 νοητόν
1086 2599 1138 2635 τι
1159 2581 1346 2655 χρῆμα
1373 2579 1506 2638 οὖσα
1526 2586 1634 2638 τῶν
1666 2605 1791 2658 νοηα

209 2676 323 2729 τῶν
356 2675 590 2742 ἐφίεται,
621 2674 696 2737 ὡς
743 2673 1044 2744 ἐμφύσημα
1077 2673 1238 2734 θεῖον,
1270 2675 1364 2728 καὶ
1390 2675 1703 2747 θαυμαστόν
1740 2696 1792 2732 τι

207 2768 561 2835 τυγχάνουσα
585 2765 974 2835 δημιούργημα
993 2783 1006 2796 ·
1039 2766 1346 2837 βαρουμένη
1379 2763 1474 2820 οὖν
1517 2767 1594 2839 τῷ
1623 2771 1792 2841 γηΐνῳ

210 2857 438 2927 σώματι
457 2855 546 2908 διὰ
564 2855 662 2924 τὴν
693 2854 1013 2925 θνητότητα,
1038 2856 1264 2920 εἰκότως
1286 2856 1379 2909 νῦν
1399 2857 1656 2929 ἐπιθυμεῖ
1676 2861 1792 2912 διαε-

207 2949 489 3019 λυθῆναι,
519 2945 858 3017 εἰλικρινῶς,
890 2948 986 3000 καὶ
1032 2949 1350 3018 ἀμερίμνως
1375 2989 1389 3012 ,
1433 2949 1526 3001 καὶ
1573 2950 1792 3019 ἀφόϐως

1900 1769 1973 1822 cit
2003 1779 2225 1839 propter
2251 1771 2636 1840 negligentiam
2686 1781 2739 1824 et
2778 1785 3020 1825 errorem
3051 1770 3287 1823 animam
3317 1769 3468 1826 inve-

1901 1869 2152 1924 teratam,
2182 1870 2235 1915 et
2275 1870 2471 1933 sponte
2490 1863 2776 1917 distortam
2806 1868 2966 1931 atque
3000 1858 3288 1915 deﬂexam.

2377 2028 2636 2084 LXXXII.
2660 2059 2722 2069 —-
2753 2027 2961 2083 Eidem.

1967 2115 2149 2175 Potest
2161 2121 2448 2193 quisquam
2467 2135 2629 2184 unus,
2649 2120 2776 2174 licet
2795 2120 2848 2172 in
2862 2133 3090 2187 corpore
3100 2118 3190 2183 sit,
3204 2131 3325 2173 esse
3340 2131 3463 2171 cum

1898 2207 2144 2272 Christo,
2168 2219 2225 2262 ut
2258 2209 2792 2280 tradiditApostolus
2815 2227 2828 2262 :
2854 2207 3042 2272 iVivo,
3066 2209 3176 2278 jam
3205 2223 3312 2262 non
3339 2223 3461 2275 ego,

1895 2298 2028 2352 vivit
2052 2315 2180 2354 vero
2202 2299 2256 2353 in
2288 2315 2372 2353 me
2395 2298 2647 2355 Christus
2663 2301 2728 2354 ".
2753 2319 2771 2350 ι
2811 2299 2915 2354 Sed
2946 2299 3118 2367 magis
3151 2299 3452 2369 magisque,

1895 2391 1942 2446 si
1963 2407 2026 2444 ex
2053 2392 2382 2461 corpusculo
2402 2391 2718 2455 excesserit,
2741 2399 2801 2445 ut
2829 2406 3019 2445 rursus
3045 2391 3185 2445 idem
3220 2390 3414 2444 scribit
3441 2408 3456 2445 :

1901 2501 1919 2533 ι
1943 2482 2113 2550 Cupio
2133 2482 2379 2547 dissolvi,
2397 2493 2449 2538 et
2475 2498 2596 2538 esse
2612 2498 2734 2537 cum
2750 2483 2970 2535 Christo
2983 2483 3048 2536 ”.
3063 2500 3080 2532 ι
3099 2480 3292 2536 Anima
3312 2481 3455 2535 enim

1895 2588 2016 2630 cum
2037 2575 2399 2630 intellectuale
2415 2575 2541 2643 quid
2557 2575 2649 2636 sit,
2670 2574 3052 2628 intellectualia
3071 2589 3288 2643 quoque
3306 2589 3462 2643 appe-

1895 2663 1979 2727 tit,
2000 2672 2258 2731 tanquam
2277 2678 2397 2730 quze
2413 2663 2745 2732 spiraculum
2768 2662 3031 2724 divinum,
3057 2671 3110 2713 et
3130 2661 3464 2715 admirabilis

1892 2753 2137 2825 quaedam
2151 2763 2330 2809 creatu
2341 2769 2397 2807 ra
2411 2756 2500 2808 sit.
2511 2754 2888 2822 Praegravata]
2904 2753 3011 2822 58
3024 2753 3464 2822 itaqueterrestri

1893 2861 2124 2916 corpore
2169 2854 2395 2916 propter
2446 2849 2855 2910 mortalitatem,
2897 2847 3020 2915 jnre
3067 2846 3263 2900 merito
3316 2862 3465 2902 nunc

1893 2936 2236 3006 concupiscit
2273 2953 2369 3006 per
2396 2946 2625 2991 mortem
2663 2937 2913 2999 dissolvi,
2939 2944 2992 2993 et
3024 2937 3255 3004 sincere,
3287 2947 3342 2994 et
3367 2955 3458 2994 se-

207 3018 454 3096 θανάτου
476 3043 712 3092 συνεῖναι
730 3039 802 3110 τῷ
819 3038 1082 3109 Δεσπότῃ,
1101 3038 1406 3092 ἀναλύσασα
1429 3041 1534 3094 ἀπὸ
1552 3018 1646 3094 tot")
1671 3042 1793 3112 θνη-

1902 3043 2052 3092 cure,
2087 3036 2142 3083 et
2169 3028 2439 3097 intrepide
2467 3043 2574 3081 una
2605 3043 2728 3083 cum
2761 3027 2990 3083 Domino
3017 3045 3160 3094 esse,
3189 3045 3218 3084 a
3243 3030 3460 3085 mortali

207 3135 334 3199 τος,
353 3136 449 3187 ἐπὶ
466 3133 530 3186 τὺ
545 3131 810 3187 ἀθάνατόν
838 3148 917 3195 τε,
934 3128 1029 3184 καὶ
1046 3132 1110 3185 ἀτ
1120 3132 1493 3200 ρεπτον.Μετά
1508 3132 1564 3186 δὲ
1584 3133 1683 3204 τὴν
1699 3133 1794 3188 νῦν

206 3229 394 3293 λύσιν,
425 3229 482 3279 ἐν
511 3229 576 3297 τῇ
609 3224 935 3289 ἀναστάσει,
968 3223 1240 3294 ἄφθαρτον
1278 3223 1370 3276 καὶ
1419 3223 1686 3278 ἀθάνατον
1733 3225 1796 3278 τὸ

211 3323 352 3378 ῑδιον
401 3319 563 3390 σῶμα
600 3317 947 3372 ἀπολαϐοῦσα
984 3316 1319 3386 ζωοποιηθὲν
1342 3317 1421 3388 τῷ
1455 3318 1596 3388 ἁγίῳ
1629 3318 1796 3372 Πνεύ-

210 3430 374 3484 ματι,
409 3407 800 3471 σννδιαιωνίζει
833 3406 1016 3460 λοιπὸν
1038 3410 1103 3476 τῇ
1137 3407 1321 3477 ἀλύτῳ
1349 3407 1680 3480 εὐφροσύνῃ,
1699 3407 1796 3462 καὶ

205 3507 286 3575 τῇ
316 3501 702 3574 μακαριότητι,
736 3499 830 3552 καὶ
863 3501 927 3569 τῇ
967 3499 1369 3570 ἀναμαρτησίᾳ.
1396 3501 1488 3552 Δεῖ
1518 3500 1628 3570 γὰρ
1659 3501 1796 3553 ἀπο-

208 3595 563 3665 καταστῆναί
593 3611 652 3646 σε
685 3595 778 3646 ἐπὶ
815 3593 913 3662 τὴν
962 3592 1212 3661 καθαρὰν
1254 3590 1436 3660 φύσιν,
1469 3592 1590 3663 ἦτοι
1621 3591 1790 3659 θείαν,

209 3692 312 3747 καὶ
338 3688 775 3760 ἀγήρω,άλυπόν
803 3703 884 3751 τε,
911 3687 1006 3739 καὶ
1035 3686 1213 3754 πάσης
1245 3684 1522 3754 φροντίδος
1549 3685 1794 3756 ἀπηλλα-

209 3784 431 3855 γμένην
466 3781 818 3836 κατάστασιν.

752 3977 875 4031 ΠΡ.
908 4007 975 4018 ο·-
1008 3974 1091 4040 Τῷ
1115 3973 1291 4039 αὐτῷ.

289 4097 417 4153 Εἰσί
449 4111 593 4157 τινες
638 4089 1024 4152 καταστάσεις,
1054 4088 1149 4140 καὶ
1195 4086 1337 4153 ἔξεις
1378 4087 1437 4139 ἐν
1483 4085 1790 4160 ἀνθρώποις

1898 3117 2002 3172 hoc
2033 3118 2088 3174 in
2111 3118 2416 3174 immortale
2443 3129 2496 3174 et
2534 3120 2868 3174 immutabile
2895 3121 3151 3175 resoluta.
3171 3119 3300 3176 Post
3320 3121 3461 3176 hanc

1896 3225 2026 3265 vero
2069 3209 2420 3272 solutionem,
2485 3211 2537 3263 in
2600 3211 3005 3264 resurrectione
3054 3212 3456 3279 incorruptum,

1896 3309 2057 3368 atque
2085 3299 2391 3353 immortale
2425 3299 2706 3369 proprium
2729 3315 2933 3369 corpus
2956 3300 3227 3370 recipiens
3247 3299 3457 3368 Spiritu

1895 3395 2089 3441 sancto
2134 3386 2473 3440 viviﬁcatum
2528 3402 2634 3439 una
2684 3387 2847 3440 simul
2902 3387 2958 3439 in
3007 3397 3280 3456 posterum
3329 3402 3456 3441 cum

1896 3479 2175 3534 insolubili
2213 3479 2418 3541 latitia,
2452 3487 2506 3532 et
2536 3478 2825 3544 beatitate,
2874 3487 2929 3533 et
2969 3479 3243 3548 inculpata
3295 3479 3455 3531 inno-

1894 3575 2094 3639 centia,
2131 3589 2254 3644 quae
2277 3573 2451 3626 amitti
2485 3588 2592 3626 non
2627 3582 2819 3642 potest,
2853 3580 3134 3641 perennat.
3167 3571 3458 3625 Reducem-

1894 3665 1997 3719 dus
2020 3666 2163 3720 enim
2193 3680 2253 3720 es
2282 3665 2349 3719 ad
2379 3679 2606 3734 puram,
2647 3665 2731 3719 vel
2777 3663 3054 3730 divinam,
3083 3674 3136 3719 et
3175 3679 3452 3733 nunquam

1895 3765 2267 3812 senescentem
2302 3765 2581 3820 naturam,
2615 3772 2832 3811 necnon
2871 3757 2938 3810 ab
2964 3757 3112 3811 omni
3140 3757 3365 3813 tristitia
3395 3765 3452 3813 et

1892 3863 2022 3902 cnra
2055 3848 2350 3903 immunem
2381 3862 2446 3902 ac
2478 3863 2704 3903 vacuam
2740 3848 3112 3902 conditionem

2381 3959 2664 4014 LXXXIII.
2692 3989 2760 3999 —
2787 3959 2994 4014 Eidem.

1962 4073 2102 4128 Sunt
2134 4072 2379 4144 qnazdam
2408 4073 2751 4127 conditiones
2786 4080 2842 4126 et
2873 4070 3092 4125 habitus
3113 4070 3254 4125 inter
3276 4069 3452 4123 hon-i-

211 4189 482 4262 καθαραὶ,
517 4185 655 4238 ὥστε
689 4183 780 4236 τὸν
821 4183 920 4252 μὲν
964 4180 1117 4250 ἡλίου
1147 4179 1363 4247 ἐπέχειν
1394 4177 1581 4242 τόπον,
1611 4177 1703 4230 τὸν
1731 4177 1788 4231 δὲ

1902 4183 1988 4223 nes
2018 4167 2162 4237 puri,
2199 4165 2337 4219 adeo
2365 4174 2422 4218 nt
2452 4166 2539 4218 hic
2574 4165 2796 4234 quidem
2845 4165 3024 4218 locum
3065 4171 3249 4217 teneat
3291 4163 3448 4224 solis.

213 4254 477 4355 σελήνης,
509 4279 600 4330 τὸν
619 4277 675 4330 δὲ
705 4274 962 4344 ἀστέροςο
984 4274 1076 4324 καὶ
1107 4271 1235 4333 ίδοις
1258 4270 1324 4323 ἄν
1352 4286 1474 4322 τινα
1500 4268 1787 4339 ἄνθρωπον

1902 4260 2030 4313 ilius
2057 4259 2218 4321 lunaa,
2255 4257 2394 4309 alius
2441 4256 2635 4310 stellae.
2669 4255 2735 4308 Et
2761 4254 2970 4309 videbis
2997 4270 3129 4310 sane
3161 4257 3455 4310 nonnemi-

212 4348 364 4446 ὑπὲρ
385 4348 480 4426 τὸν
509 4366 828 4438 Σολομῶντα
856 4364 1109 4425 πολλάκις
1136 4359 1517 4430 δεδοξασμένον
1555 4362 1620 4431 τῇ
1647 4361 1784 4414 ἄνω-

1902 4366 2011 4406 nem
2049 4349 2338 4404 Salomone
2358 4350 2476 4418 ipso
2501 4363 2875 4418 saepenumero
2899 4364 3134 4417 superna
3162 4348 3452 4417 prudentia

213 4439 639 4535 θεν-φρονήσει,
678 4458 900 4529 ὕστερον
942 4455 998 4508 δέ
1025 4453 1114 4508 διὰ
1150 4452 1244 4506 τοῦ
1284 4450 1666 4515 ἀπονυστάξαι,
1695 4451 1791 4504 καὶ

1902 4442 2261 4514 gloriosiorem
2293 4459 2308 4495 :
2342 4441 2714 4510 postmodum,
2769 4440 2914 4509 quod
2961 4439 3297 4505 dormitarit,
3329 4451 3382 4494 et
3420 4455 3450 4494 a

214 4528 570 4631 χαυνωθῆναι
617 4550 718 4619 τῆς
772 4528 1082 4618 προσοχῆς,
1130 4541 1625 4612 ἐγκαταλειφθέντα
1685 4542 1791 4595 ὑπὸ

1902 4533 2236 4606 :optentione
2266 4530 2354 4585 illa
2385 4530 2682 4600 quidquam
2724 4528 3026 4591 demiserit,
3063 4529 3388 4602 derelictum
3417 4545 3448 4583 a

211 4619 378 4710 δεοῦ,
409 4619 506 4698 καὶ
552 4640 959 4707 ἀποδυσάμενον
991 4637 1091 4706 τήν
1127 4652 1188 4688 τε
1227 4633 1534 4695 εὐλάϐειαν,
1569 4632 1661 4686 καὶ
1696 4632 1788 4685 τὸν

1902 4625 2016 4687 )eo,
2049 4630 2104 4677 et
2133 4622 2356 4692 pietate,
2391 4628 2445 4676 et
2480 4619 2694 4675 Domini
2732 4627 2880 4673 metu
2917 4620 3229 4688 spoliatum,
3256 4619 3310 4673 in
3351 4619 3451 4673 im-

211 4737 383 4806 φόϐον
408 4732 503 4786 τοῦ
533 4729 874 4800 Κρείττονος,
914 4724 1009 4777 καὶ
1045 4721 1514 4777 καταπεπτωκότα
1551 4721 1631 4783 εἰς
1660 4721 1790 4773 ἀσέ-

1902 4715 2138 4770 )ietatem
2170 4722 2225 4770 et
2267 4713 2508 4783 ingentia
2548 4711 2756 4766 scelera
2785 4711 3136 4780 prolapsum;
3175 4718 3233 4764 ut
3270 4711 3449 4779 possis

211 4801 396 4892 ϐειαν,
442 4825 536 4878 καὶ
585 4819 861 4892 ἁμαρτίας
913 4816 1172 4889 μεγάλας,
1229 4813 1369 4868 ὥστε
1417 4812 1675 4867 δύνασθαί
1725 4829 1786 4866 σε

1902 4808 2103 4863 licere:
2138 4807 2450 4861 Conversus
2483 4817 2566 4858 est
2599 4803 2679 4857 sol
2701 4843 2715 4866 ,
2756 4812 2948 4870 praeter
2979 4801 3443 4870 exspectationem

211 4919 421 4985 λέγειν,
448 4913 529 4966 ὅτι
574 4908 839 4981 διετράπη
864 4909 893 4960 ό
928 4905 1078 4976 ἥλιος
1114 4903 1295 4958 πεσὼν
1337 4903 1465 4974 παρ’
1495 4903 1688 4956 ἐλπίδα
1708 4904 1787 4966 είς

211 5003 662 5078 ἀθεμιτουργίας.
704 5001 920 5054 Γίνεται
962 4997 1069 5070 γὰρ
1113 4995 1338 5050 τοιαῦτα
1377 4994 1659 5056 πολλάκις,
1694 4995 1786 5048 καὶ

213 5100 332 5160 τοῖς
385 5093 692 5155 σπουδαίοις
730 5089 956 5160 ὕστερόν
1010 5105 1140 5141 ποτε
1165 5088 1253 5141 διὰ
1280 5086 1379 5157 τῆς
1405 5086 1662 5156 ἀμελείας
1699 5103 1791 5153 γε·

213 5186 596 5259 γυμνωμένοις
631 5183 732 5253 τῆς
774 5181 1016 5251 φρουρᾶς
1066 5178 1160 5232 τοῦ
1221 5177 1377 5246 ἁγίου
1432 5178 1782 5248 Πνεύματος,

215 5277 600 5340 ἀναϐαίνοντος
647 5274 739 5328 τοῦ
769 5271 1236 5341 Ναϐουχοδονόσορ
1270 5271 1357 5323 ἐπ’
1382 5271 1578 5334 αὐτοὺς
1601 5271 1659 5323 ἐν
1687 5287 1785 5324 πο-

213 5371 388 5442 λέμῳ,
416 5370 510 5423 καὶ
557 5368 656 5436 τὴν
688 5365 786 5436 μὲν
820 5362 972 5415 πόλιν
1006 5361 1300 5432 ῥηγνύντος
1326 5361 1414 5414 διὰ
1457 5360 1786 5431 μηχανημά-

213 5483 326 5519 των
359 5459 683 5521 σατανικῶν,
705 5458 797 5511 τὸν
825 5457 881 5510 δὲ
922 5455 1165 5528 βασιλέα,
1197 5453 1288 5507 τὸν
1334 5451 1458 5506 νοῦν
1503 5471 1665 5523 φημι,
1703 5455 1768 5507 ὲκ

285 5603 332 5636 ⁸³
363 5599 510 5654 Psal.
543 5611 726 5658 Lxxvt,
766 5595 853 5649 ll.
928 5593 973 5625 "
996 5590 1138 5647 Psal.
1171 5607 1279 5655 th,
1338 5606 1524 5656 vant,
1558 5605 1741 5644 Lxxtx.

1885 4901 1939 4954 in
1974 4897 2238 4954 nefandas
2274 4897 2594 4965 iniquitates
2622 4893 2898 4964 delapsus.
2920 4893 3191 4948 Eveniunt
3215 4907 3449 4961 namque

1885 4989 2191 5060 saepissime
2254 4987 2496 5048 similia,
2551 4986 2714 5039 etiam
2764 4983 2954 5036 virtuti
3007 4981 3398 5035 addictissimis
3431 5022 3448 5047 ,

1887 5081 2114 5152 posthac
2146 5086 2370 5148 propter
2399 5075 2785 5145 negligentiam
2830 5074 3076 5128 onstodia
3113 5073 3286 5127 sancti
3321 5072 3451 5143 Spi-

1890 5175 2030 5229 ritus
2058 5169 2367 5231 denudatis,
2402 5167 2727 5221 ascendente
2758 5164 2821 5217 ad
2860 5165 3005 5234 ipsos
3021 5161 3452 5216 Nabuchodono-

1893 5279 2040 5327 sore,
2081 5271 2136 5315 et
2172 5259 2374 5314 bellum
2420 5257 2708 5321 inferente,
2753 5264 2805 5309 et
2852 5256 3038 5311 urbem
3072 5254 3288 5324 quidem
3337 5269 3452 5306 ma-

1892 5355 2070 5410 chinis
2094 5353 2350 5406 satanicis
2381 5349 2707 5419 disjicicnte,
2735 5363 2913 5416 regem
2943 5356 3149 5410 autent,
3189 5354 3449 5409 mentem,

1894 5448 2134 5518 inquam,
2169 5440 2623 5514 quemadmodum
2655 5438 2998 5504 Sedeehiam,
3028 5446 3360 5503 excmcante,
3390 5443 3448 5492 et

1828 5587 1871 5619 ³⁷
1911 5585 2100 5640 Matth.
2132 5598 2242 5646 xxi,
2278 5583 2329 5635 7.
2407 5580 2452 5612 ’³
2483 5579 2657 5635 Galat.
2690 5595 2749 5642 ιι,
2775 5579 2861 5635 ‘20.
2937 5581 2982 5612 ’³
3009 5577 3238 5649 Philipp.
3273 5593 3309 5645 I,
3339 5577 3429 5632 25.
