3850 6218
394 239 503 302 239

1879 237 1939 297 S.
1978 238 2142 298 NILI

3542 246 3671 311 240

393 359 534 408 illius
569 353 933 424 compedibus
973 352 1257 421 alligante,
1304 361 1357 407 et
1399 351 1454 406 in
1490 350 1821 423 Babylonem
1859 351 1962 405 sub

2082 349 2393 417 ιυφλοῦντος
2416 350 2603 423 ὥσπερ
2623 352 2713 406 τὸν
2738 355 3015 419 Σεδεκίαν,
3044 355 3140 410 καὶ
3167 354 3363 421 παῖδας
3382 356 3671 429 δεσμοῠν-

388 442 645 516 allegoria
688 457 1001 512 expressam
1036 441 1196 512 159
1228 441 1567 498 abducente:
1601 449 1792 496 sancta
1820 456 1964 497 .vero

391 533 583 598 David,
629 540 684 588 ct
723 529 1060 593 Salomonis.
1094 540 1150 585 et
1187 537 1536 600 posterorum
1581 544 1771 599 regum
1829 528 1965 582 diri-

390 628 589 691 piente,
628 638 749 693 qua:
785 625 839 676 in
869 622 1144 677 thesauris
1168 621 1393 685 cordis,
1434 629 1487 674 et
1528 620 1735 691 reliqua
1774 620 1965 676 multis

2071 459 2183 507 τος,
2223 444 2317 496 καὶ
2346 445 2426 507 είς
2456 444 2750 499 Βαϐυλῶνα
2775 447 2874 518 τὴν
2904 446 3379 520 ἀλληγορουμένην
3403 449 3661 519 ἀπάγονο

2070 551 2182 599 τος,
2206 534 2275 587 τά
2304 536 2361 589 δὲ
2395 535 2525 604 ἆγια
2553 537 2736 602 Δαυῖδ,
2757 538 2850 592 καὶ
2879 538 3239 609 Σολομῶντος,
3262 540 3357 593 καὶ
3384 541 3495 595 τῶν
3524 544 3670 613 ἐξῆς

2073 622 2336 696 βασιλέων
2362 667 2378 693 ,
2402 626 2769 698 λαμϐάνοντος
2794 668 2810 693 ,
2840 630 2908 684 τά
2960 631 3018 682 ἐν
3051 633 3163 695 τοῖς
3212 630 3506 705 θησαυροῖς
3552 635 3668 704 τῆς

292 1188 301 1201 ·
389 1174 557 1245 gnant
579 1186 664 1225 me
697 1170 765 1224 ab
788 1171 1008 1225 excelso
1035 1171 1337 1236 daemones,
1371 1180 1425 1225 et
1448 1170 1842 1224 conculcantes
1876 1184 1963 1223 me

388 715 748 785 temporibus,
783 713 1143 784 impensoque
1183 713 1371 767 labore
1392 721 1447 766 et
1476 711 1660 767 studio
1685 725 1965 781 compara-

388 819 464 870 ta,
496 796 551 861 et
574 806 873 870 conducta,
903 813 956 859 et
994 806 1352 871 concinnata;
1388 804 1651 875 templum
1685 802 1777 858 Dei
1808 803 1964 856 inva-

386 903 551 954 dente
567 899 963 968 eﬂicienteque,
995 905 1054 952 ut
1082 914 1110 951 a
1144 897 1393 968 profanis
1418 899 1649 969 pedibus
1673 896 1966 951 conculce-

392 1006 477 1046 tur
495 991 896 1060 '-'.Audivique
933 989 1283 1045 Psalmodum
1318 998 1606 1061 propterea
1638 991 1966 1043 clamantem

392 1086 447 1155 in
493 1081 717 1137 fletibus
747 1082 767 1113 ³
807 1100 821 1136 :
866 1080 1127 1135 Miserere
1185 1080 1325 1144 mei,
1377 1080 1524 1151 quod
1583 1080 1738 1134 multi
1788 1095 1964 1149 oppu-

2071 713 2319 784 καρδίας,
2354 716 2450 770 καὶ
2489 717 2559 770 τὰ
2591 718 2718 788 ἑξῆς
2738 760 2753 785 ,
2779 719 2849 772 τὰ
2878 719 3093 785 πολλοῖς
3136 722 3348 793 χρόνοις
3377 725 3518 794 μετά
3546 742 3667 785 κα-

2075 807 2263 876 μάτου,
2292 808 2386 860 καὶ
2419 811 2655 880 σπουδῆς
2684 812 3034 883 πορισθέντα,
3064 816 3159 869 καὶ
3188 817 3665 887 συγκομισθέντα,

2071 897 2165 950 καὶ
2208 900 2752 967 κατασκευασθέντα,
2799 905 3193 977 ἐμπυρίζοντος
3245 908 3335 960 τὸν
3368 910 3495 963 ναὸν
3554 909 3663 963 τοῦ

2071 991 2303 1063 Κυρίου,
2325 994 2418 1045 καὶ
2435 994 2943 1065 παρασκευάζοντος
2962 997 3068 1051 ὑπὸ
3092 998 3330 1069 βεϐήλων
3357 1001 3663 1056 πατεῖσθαι

2071 1083 2393 1138 ποδῶν.Καὶ
2418 1086 2626 1156 ἥκουσα
2646 1087 2741 1140 τοῦ
2769 1087 3077 1159 Ψαλμῳδοῦ
3109 1091 3199 1143 διὰ
3225 1091 3381 1145 τοῦτο
3413 1092 3662 1161 βοῶντος

2070 1173 2129 1225 ἐν
2174 1171 2456 1243 ὀδυρμοῖς·
2488 1193 2506 1226 ι
2562 1176 2815 1247 Ἐλέησόν
2852 1195 2953 1249 με,
2991 1199 3009 1231 ι
3048 1180 3129 1233 ὅτι
3171 1182 3354 1235 πολλοὶ
3391 1185 3440 1237 οἱ
3486 1185 3659 1239 πολε-

2075 1263 2300 1334 μοῦντες
2334 1283 2401 1336 με
2446 1267 2555 1320 ἀπὸ
2583 1268 2749 1338 ὕψους
2773 1270 3046 1342 δαίμονες,
3083 1276 3177 1327 καὶ
3209 1276 3662 1342 καταπατοῦντές

2072 1372 2141 1427 με
2178 1356 2306 1427 ὃλην
2334 1359 2432 1428 τὴν
2460 1359 2695 1431 ἡμέραν,
2724 1361 2857 1415 διότι
2890 1364 3226 1430 ἐπεϐίϐασας
3264 1368 3390 1431 τοὺς
3416 1370 3660 1441 ἐχθρούς

2073 1462 2176 1515 μου
2200 1446 2293 1499 ἐπὶ
2345 1446 2445 1518 τὴν
2486 1449 2728 1522 κεφαλήν
2763 1469 2865 1522 μου
2890 1468 2903 1483 °
2938 1456 3032 1507 καὶ
3070 1454 3167 1508 τοῦ
3218 1457 3481 1530 Ἱερεμίου
3518 1460 3660 1532 θρηε-

2068 1536 2303 1624 νοῦντος,
2321 1540 2403 1592 ὅτι
2423 1541 2489 1593 Ἀ
2498 1558 2623 1611 ρχου
2632 1559 2699 1595 σα
2722 1543 2911 1616 πρώην
2926 1546 3013 1599 διὰ
3024 1548 3464 1620 κατορθωμάτων
3480 1552 3657 1624 ψυχὴ,

2070 1622 2168 1677 νῦν
2191 1626 2341 1695 νόμῳ
2379 1627 2618 1699 πολέμου
2652 1629 2936 1701 ληφθείσα,
2971 1635 3200 1706 ἐγενήθη
3234 1638 3313 1700 εἰς
3357 1622 3658 1711 φόρονξτῷ

394 1721 606 1793 incidit,
631 1720 676 1773 si
705 1719 774 1773 ob
798 1719 1054 1788 pusillum
1081 1718 1323 1772 animum
1354 1718 1421 1773 ad
1455 1718 1614 1773 finem
1640 1735 1813 1789 usque
1847 1733 1968 1775 sese

2082 1714 2313 1788 διαϐόλῳ
2358 1716 2745 1790 λειτουργοῦσα
2795 1724 2855 1775 ἐν
2899 1726 3013 1787 τοῖς
3064 1725 3447 1798 ἁμαρτήμασι.
3501 1731 3658 1804 Πλὴν

393 1789 502 1872 non
530 1816 856 1879 deseruerit,
881 1813 973 1869 sed
1001 1814 1324 1885 pcenitentia
1356 1814 1561 1869 ductus
1590 1816 1657 1869 ad
1677 1814 1968 1871 Dominum

2082 1806 2161 1860 ὅτι
2188 1810 2216 1861 ὁ
2241 1811 2353 1873 τοῖς
2392 1789 2654 1876 τοιούτοις
2707 1815 2897 1878 κακοῖς
2926 1789 3359 1887 περιπεπτωκώς
3384 1862 3399 1885 ,
3443 1822 3541 1877 ἐὰν

392 1279 486 1333 per
508 1271 678 1316 totam
714 1262 879 1317 diem.
918 1261 1190 1328 Quoniam
1221 1262 1522 1317 ascendere
1558 1261 1738 1317 fecisti
1772 1261 1962 1316 inimi-

391 1371 486 1408 cos
520 1368 671 1408 meos
705 1368 871 1423 super
909 1361 1076 1423 caput
1119 1369 1321 1407 meum.
1359 1352 1424 1406 Et
1451 1353 1743 1411 Jeremiam
1774 1354 1967 1424 lugen-

393 1459 498 1500 tem
527 1465 541 1500 :
570 1444 869 1499 Dominans
900 1452 1061 1498 antea
1092 1459 1190 1513 per
1226 1442 1365 1497 bene
1393 1452 1546 1514 gesta
1581 1445 1785 1506 anima,
1815 1459 1963 1499 nunc

388 1537 511 1606 jure
552 1535 701 1603 belli
730 1543 893 1606 capta
939 1533 1083 1588 facta
1125 1542 1210 1588 est
1260 1534 1364 1589 sub
1417 1534 1690 1600 tributo‘,
1744 1536 1964 1590 diabolo

395 1628 639 1682 serviens
670 1626 725 1679 in
758 1626 1021 1696 peccatis.
1053 1623 1428 1680 Nihilominus
1452 1629 1545 1696 qui
1585 1629 1639 1681 in
1674 1628 1790 1683 haec
1821 1629 1963 1681 mala

394 1909 560 1963 fuerit
587 1922 905 1970 conversus,
931 1916 985 1961 et
1010 1920 1229 1961 rursum
1250 1912 1459 1960 veteres
1489 1920 1553 1959 ac
1574 1921 1702 1960 vere
1731 1906 1976 1976 philoso-

396 2002 583 2071 phicas
610 2000 853 2054 actiones
876 1999 943 2052 de
970 2011 1110 2075 novo
1140 1996 1427 2067 perfecerit
1462 2014 1475 2051 :
1500 1996 1680 2052 denuo
1702 1998 1768 2053 ad
1795 1998 1973 2067 ipsum

396 2091 612 2145 Domini
639 2090 809 2160 gratia
859 2086 1186 2158 regreditur,
1228 2084 1482 2155 dicetque
1521 2085 1585 2140 de
1617 2086 1719 2141 hoc
1756 2101 1974 2156 quoque

396 2181 775 2251 propheticum
823 2178 1099 2249 eloquium
1148 2194 1163 2231 :
1202 2175 1487 2241 Revertar,
1536 2184 1591 2231 et
1633 2176 1974 2234 resedilicabo

397 2272 810 2329 tabernaculum
846 2268 1034 2331 David,
1057 2268 1202 2338 quod
1224 2268 1498 2323 ceciderat
1531 2269 1572 2335 ',
1607 2276 1660 2322 et
1691 2269 1974 2327 confossas

397 2366 573 2437 ipsius
609 2379 699 2419 res
733 2362 1013 2434 praeclare.
1038 2370 1254 2432 gestas,
1293 2372 1344 2416 et
1375 2362 1587 2416 divinas
1634 2363 1976 2433 largitiones,

396 2455 778 2511 etinteriorem
808 2452 1198 2522 cognitionem,
1231 2460 1285 2505 et
1306 2450 1560 2521 dirigam,
1582 2461 1635 2506 et
1658 2462 1972 2510 exstruam:

405 2567 425 2600 ι
463 2548 528 2602 Et
576 2546 681 2603 erit
713 2545 1014 2600 novissima
1059 2544 1231 2613 gloria
1273 2544 1560 2613 plusquam
1606 2545 1803 2615 prima,
1844 2546 1977 2602 dicit

401 2641 662 2695 Dominus
701 2638 1050 2706 omnipotens
1081 2637 1123 2688 ⁸.
1163 2653 1181 2686 ι
1217 2635 1343 2689 Haec
1382 2650 1513 2689 vero
1555 2636 1749 2705 scripsi
1796 2636 1861 2691 ad
1908 2652 1974 2693 ea

399 2749 521 2804 qua:
553 2733 605 2787 in
640 2729 870 2801 epistola
895 2738 986 2793 tua
1009 2727 1456 2790 continebantur,
1490 2728 1900 2797 respondentia.

2084 1898 2195 1952 ἀπὸ
2226 1902 2593 1972 μικροψυχίας
2620 1905 2969 1979 ἀπευδοκήσῃ
3020 1911 3100 1973 είς
3132 1911 3284 1974 τέλος
3304 1952 3321 1976 ,
3369 1914 3507 1968 ἀλλά
3555 1933 3657 1986 με-

2076 1989 2408 2062 ταμεληθεὶς
2429 1994 2732 2066 ἐπιστρέψῃ
2756 1995 2892 2066 πρὸς
2908 1996 3131 2068 Κύριον,
3166 2001 3258 2053 καὶ
3285 2008 3659 2078 νεαροποιήσῃ

2075 2081 2175 2144 τάς
2236 2083 2471 2153 ἀρχαίας
2518 2084 2924 2155 ἐμφιλοσὸφους
2978 2089 3245 2159 πράξεις,
3283 2095 3655 2167 ἐπανέρχεται

2076 2174 2239 2228 πάλιν
2265 2176 2403 2246 πρὸς
2426 2177 2592 2231 αὐτὸν
2613 2181 2646 2249 ἠ
2674 2181 2981 2252 Δεσποτικὴ
3006 2184 3186 2256 χάρις,
3205 2187 3301 2238 καὶ
3333 2189 3531 2258 φράσει
3557 2192 3657 2245 καὶ

2076 2265 2209 2336 περὶ
2234 2265 2426 2319 τούτου
2457 2267 2517 2320 τὺ
2544 2270 2882 2340 προφητικὸν
2908 2273 3110 2342 λόγιον,
3155 2276 3236 2330 ὅτι
3277 2278 3651 2352 Ἀναστρέψω,

2079 2359 2174 2412 καὶ
2211 2361 2619 2434 ἀνοικοδομήσω
2677 2366 2777 2436 τὴν
2825 2367 3029 2439 σκηνὴν
3078 2370 3241 2423 Δαυῒδ
3282 2372 3381 2443 τὴν
3434 2390 3656 2428 πεπτω-

2078 2454 2239 2507 κυῖαν
2264 2494 2281 2521 ,
2309 2454 2403 2507 καὶ⁸
2435 2456 2505 2509 τὰ
2541 2460 2975 2531 κατεσκαμμένα
3013 2462 3183 2531 αὐτῆς
3225 2465 3650 2537 κατορθώματα,

2078 2545 2174 2597 καὶ
2209 2544 2328 2598 θεῖα
2356 2546 2682 2617 δωρήματα,
2721 2552 2816 2604 καὶ
2846 2552 3047 2620 γνῶσιν
3093 2555 3194 2626 τὴν
3229 2557 3524 2627 ἐσωτέραν,
3553 2560 3652 2612 καὶ

2078 2636 2395 2708 ἀνορθώσω,
2441 2641 2535 2693 καὶ
2568 2642 3009 2715 ἀνοικοδομήσω’
3060 2666 3080 2699 ι
3122 2648 3233 2701 Καὶ
3278 2647 3430 2703 ἔσται
3457 2650 3491 2719 ή
3525 2649 3651 2714 δόξα

2076 2730 2110 2800 ἡ
2142 2730 2349 2801 ἐσχάτη
2384 2732 2523 2803 ὑπὲρ
2565 2733 2663 2804 τὴν
2704 2735 2963 2807 πρώτην,
3002 2738 3149 2807 λέγει
3195 2740 3401 2810 Κύριος
3450 2759 3651 2795 παντο-

400 2824 643 2896 κράτωρ.
680 2840 699 2873 ι
742 2819 1076 2890 Γεγράφηκα
1108 2818 1165 2871 δὲ
1197 2818 1390 2883 ταῦτα,
1422 2817 1497 2881 ώς
1526 2819 1661 2889 πρὸς
1719 2818 1789 2873 τά
1858 2819 2203 2891 ἐμφερόμενα
2251 2824 2318 2894 τῇ
2355 2824 2610 2896 ἐπιστολῇ
2642 2842 2735 2878 σου
2770 2827 3054 2899 ὑπερέχων
3089 2830 3402 2901 ἀπόκρισιν.

645 2913 933 2971 LXXXIV.
955 2942 1023 2954 —
1045 2911 1346 2969 ONESIMO
1371 2912 1721 2968 MONACHO.

420 3054 423 3061 λ
471 3008 529 3066 Si
563 3024 791 3081 prorsus
814 3008 924 3062 Deo
952 3005 1252 3073 existimet,
1289 3006 1382 3075 qui
1422 3006 1788 3076 inpraesentia
1817 3006 1969 3064 dives

2400 2919 2525 2974 ιιΔι.
2555 2950 2625 2963 -
2655 2913 2966 2994 ominus}
3011 2925 3324 2997 ΜΟΝΑΧῼ.

2146 3012 2211 3065 EI
2243 3010 2380 3074 ὅλως
2416 3012 2494 3082 τῷ
2525 3013 2643 3083 Θεῷ
2686 3014 2898 3085 νομίζει
2944 3017 2974 3070 ὁ
3004 3018 3146 3073 κατὰ
3180 3019 3241 3071 τὸ
3273 3019 3449 3091 παρὸν
3484 3021 3648 3075 πλού-

402 3110 508 3166 est,
564 3115 694 3171 erga
742 3107 797 3155 te
842 3097 1187 3152 liberalitatis
1233 3098 1463 3167 gratiam
1523 3097 1739 3161 offerre,
1796 3102 1968 3155 multo

2082 3120 2211 3167 σιος,
2242 3103 2598 3175 προκομίζειν
2627 3106 2726 3178 τὴν
2759 3107 2920 3179 χάριν
2967 3110 3067 3179 τῆς
3104 3111 3185 3174 εἰς
3220 3111 3279 3164 σέ
3311 3112 3646 3184 φιλοτιμίας,

402 3190 580 3261 magis
602 3190 693 3245 hic
711 3187 989 3243 exhortari
1012 3192 1065 3241 te
1085 3185 1266 3249 debet,
1293 3194 1455 3257 atque
1480 3188 1639 3258 160
1665 3188 1970 3257 deprecari,

404 3294 467 3341 ut
502 3283 744 3355 digneris
770 3280 1051 3351 accipere:
1094 3295 1270 3350 neque
1296 3281 1440 3335 enim
1483 3296 1514 3334 a
1559 3290 1612 3334 te
1649 3293 1973 3353 exspectan-

405 3376 534 3431 dum
556 3382 659 3441 est,
683 3383 742 3429 ut
760 3388 938 3443 roges.
964 3370 1164 3428 Verum
1189 3372 1423 3427 hominis
1443 3372 1707 3441 jactantia
1734 3376 1970 3441 cognita,

405 3484 474 3523 ne
513 3467 686 3531 illum,
733 3464 1105 3536 Corybantum
1148 3477 1300 3519 more
1346 3462 1692 3529 delirantem,
1723 3479 1975 3522 sermone

406 3558 669 3631 digneris.

660 3645 923 3702 LXXXV.
951 3677 1023 3687 —
1052 3644 1330 3702 FAUSTO
1376 3644 1731 3702 MONACHO.

477 3739 659 3797 Vestis
696 3756 762 3794 ex
793 3739 919 3808 pilis
949 3747 1003 3793 et
1036 3740 1235 3804 lacera,
1279 3738 1504 3793 omnino
1531 3740 1742 3808 pusilla:
1769 3754 1834 3795 ac
1868 3739 1974 3794 hu-

408 3833 556 3885 milis
587 3830 795 3897 indiget
820 3829 1166 3898 cogitationis
1193 3846 1207 3882 :
1240 3827 1377 3897 justi
1407 3827 1552 3883 enim
1579 3830 1785 3899 proprii
1810 3846 1977 3885 aemu-

412 3923 609 3976 latione
634 3920 845 3975 Domini
866 3922 1032 3987 magis
1050 3929 1306 3989 exoptant
1330 3920 1712 3974 humilitatem.
1742 3920 1976 3976 Verum-

411 4024 591 4067 tamen
641 4013 688 4067 si
739 4021 795 4065 tu
847 4011 1158 4074 insolescis,
1197 4020 1251 4065 et
1282 4012 1565 4067 altercaris
1603 4013 1869 4082 quotidie,
1924 4022 1977 4070 et

411 4105 548 4159 alios
574 4103 739 4157 caedis
774 4102 1114 4168 verberibus,
1149 4109 1203 4157 et
1232 4114 1409 4158 mente
1433 4112 1621 4172 captos
1643 4119 1707 4159 ac
1735 4104 1977 4162 furentes

410 4194 682 4250 imitaris:
716 4209 877 4263 quam
922 4193 994 4248 ob
1033 4210 1255 4249 causam
1312 4211 1381 4250 ex
1424 4197 1550 4266 pilis
1601 4197 1975 4253 indumentum

409 4296 728 4339 contextum
768 4295 976 4356 gestas,
1008 4286 1251 4355 Opinioni
1285 4302 1349 4341 ac
1387 4288 1479 4342 fini
1521 4295 1615 4342 tuo
1647 4289 1981 4345 adversans?

412 4377 616 4431 Verum
635 4375 884 4429 solitaria
914 4376 1023 4430 vita
1053 4377 1334 4431 veritatem
1354 4385 1407 4432 et
1430 4376 1700 4447 justitiam
1725 4379 1976 4445 amplecti

2075 3189 2231 3259 circo;
2281 3197 2476 3267 μᾶλλον
2528 3203 2795 3269 χρεωστεῖ
2840 3203 3179 3271 παρακαλεῖν
3236 3220 3334 3269 σε,
3388 3206 3484 3259 καὶ¹
3537 3209 3645 3261 ἱκε-

2073 3289 2248 3341 τεύειν
2300 3288 2433 3356 πρὸς
2474 3289 2535 3342 τὺ
2594 3290 2778 3344 λαϐεῖν
2818 3292 3081 3363 θελῆσαι,
3137 3295 3197 3348 οὐ
3229 3296 3337 3369 γάρ
3497 3301 3648 3371 παρὰ

2078 3378 2172 3431 σοῦ
2222 3379 2512 3450 ἀναμένειν
2562 3381 2764 3453 δέησιν.
2818 3384 2979 3438 Ὅθεν
3033 3386 3195 3454 γνοὺς
3243 3388 3342 3459 τὴν
3398 3390 3493 3443 τοῦ
3552 3392 3646 3445 ἀν-

2073 3469 2198 3541 δρὸς
2251 3471 2529 3542 βλακείαν,
2577 3475 2713 3546 μηδέ
2752 3475 2913 3544 λόγου
2955 3477 3208 3545 ἀξιώσεις
3241 3481 3334 3534 τὸν
3371 3484 3644 3555 κορυϐαν·

2075 3577 2298 3616 τιωντα.

2424 3656 2549 3709 1m.
2580 3686 2649 3697 —
2673 3658 2940 3732 ΦΑΥΣΤῼ
2982 3661 3293 3736 ΜΟΝΑΧῼ.

2143 3746 2217 3799 Τὸ
2258 3747 2498 3820 τρίχινον
2548 3749 2763 3820 φόρεμα
2808 3753 2978 3806 δεῖται
3027 3754 3247 3820 πάντως
3300 3760 3644 3831 φρονήματος

2074 3837 2333 3892 ταπεινοῦ
2359 3855 2372 3868 °
2418 3841 2530 3904 τοῖς
2584 3841 2692 3914 γὰρ
2737 3842 2966 3908 δικαίοις
3009 3846 3207 3915 μᾶλλον
3241 3849 3553 3922 πεπόθηται
3604 3855 3640 3923 ἡ

2074 3930 2564 4003 ταπεινοφροσύνη,
2596 3934 2955 4005 μιμουμένοις
2979 3936 3070 3990 τὸν
3106 3939 3318 3993 ἑαυτῶν
3346 3942 3641 4013 Δεσπότην.

2076 4023 2139 4074 Εἰ
2173 4021 2229 4075 δὲ
2274 4022 2604 4101 ἀλαζονεύῃ,
2638 4024 2732 4077 καὶ
2779 4026 2927 4097 μάχῃ
2961 4027 3083 4081 καθ’
3116 4029 3374 4103 ἑκάστην,
3425 4033 3520 4087 καὶ
3552 4034 3646 4088 τύ-

2077 4132 2231 4178 πτεις
2268 4114 2442 4180 τινὰς,
2470 4116 2717 4181 καὶτοὺς
2750 4119 3162 4190 φρενητιῶντας
3186 4123 3464 4197 ἀπομιμῇ,
3498 4126 3645 4190 τίνος

2075 4206 2236 4275 χάριν
2286 4207 2380 4260 καὶ
2450 4207 2510 4260 τὸ
2555 4208 2795 4279 τρίχινον
2850 4214 3076 4281 φορεῖςς
3149 4214 3488 4286 Ἀσύμϐατον
3534 4219 3649 4290 γὰρ

2076 4298 2281 4369 ἔνδυμα
2317 4299 2384 4369 τῇ
2415 4296 2606 4370 γνώμῃ
2634 4315 2648 4329 ’
2679 4301 2708 4353 ὁ
2731 4300 2787 4353 δὲ
2818 4302 3064 4374 μονήρης
3106 4304 3221 4375 βίος
3257 4307 3357 4376 τὴν
3383 4308 3646 4380 ἀλήθειαν

2077 4390 2172 4442 καὶ
2202 4389 2299 4460 τὴν
2331 4389 2675 4464 δικαιοσύνην
2710 4392 3022 4462 φιλοκαλεῖν
3069 4396 3273 4465 ὀφείλει
3294 4437 3308 4462 ,
3364 4399 3463 4471 οὐχ
3508 4401 3642 4456 ὑπό-

410 4468 588 4531 debct,
628 4481 735 4520 non
765 4466 1132 4533 histrioniam,
1160 4477 1213 4523 et
1248 4483 1489 4536 scenam,
1515 4478 1568 4524 et
1597 4470 1802 4526 larvalm
1832 4473 1968 4529 veri-

2082 4496 2263 4549 κρισιν
2284 4521 2299 4544 ,
2347 4481 2442 4533 καὶ
2484 4482 2708 4552 σκηνὴν,
2749 4484 2844 4538 καὶ
2869 4490 3210 4559 προσωπεῖον
3232 4492 3334 4562 τῆς
3362 4466 3641 4563 ἀληθείας,

412 4554 539 4610 tatis
568 4561 623 4609 et
649 4553 892 4610 Iustitiae.

887 4642 1170 4700 LXXXVI.
1187 4646 1273 4687 '—
1294 4644 1498 4701 Eidem.

488 4757 504 4788 ι
538 4736 801 4801 Ostende,
823 4738 919 4803 ait,
948 4738 1380 4793 misericordiam
1414 4749 1558 4793 tuam
1593 4743 1977 4812 cognoscenti-

410 4828 511 4881 bus
546 4836 599 4881 te
626 4828 669 4879 ".
702 4846 719 4879 ι
745 4826 849 4892 Qui
878 4828 1046 4891 enim,
1068 4837 1140 4906 ,ιιι
1170 4836 1251 4894 tu,
1279 4828 1590 4898 cognitione
1629 4829 1975 4901 delinquunt,

411 4917 755 4988 gravioribus
790 4917 971 4987 ptcnis
1003 4918 1405 4976 multabuntur.
1434 4921 1742 4992 Augescere
1768 4924 1973 4996 itaque,

412 5008 739 5079 extendique
760 5010 932 5081 magis
966 5025 1029 5065 ac
1056 5011 1229 5082 magis
1253 5014 1690 5070 misericordiam
1716 5033 1902 5073 exora.

414 5116 722 5174 LXXXVII.
762 5148 831 5160 --
871 5118 1293 5177 ALEXANDRO
1351 5123 1967 5187 ARCHIMANDRITIE.

410 5278 415 5279 ,
484 5226 705 5289 Noctem
777 5232 999 5289 illunem
1062 5237 1314 5291 humanae
1379 5237 1508 5291 vitae
1566 5239 1973 5313 innumerorum

414 5324 673 5391 praclare
718 5332 994 5395 gestorum
1038 5326 1343 5384 facinorum
1394 5331 1565 5387 radiis
1610 5335 1972 5401 collustrans,

417 5416 691 5483 quomodo
716 5416 772 5471 in
800 5417 1106 5474 cmlestium
1141 5423 1455 5490 angelorum
1485 5425 1610 5479 albo
1634 5443 1741 5482 non
1767 5431 1976 5486 enitue-

418 5503 519 5565 ris.
565 5519 689 5559 cum
744 5506 1249 5579 incorruptibilibus
1298 5513 1408 5567 illis
1472 5515 1623 5587 161
1680 5518 1975 5578 virtutibus

2082 4571 2178 4625 καὶ
2207 4573 2305 4641 τῆς
2329 4572 2693 4643 δικαιοσύνης.

2572 4665 2712 4731 HG".
2737 4697 2810 4707 —
2851 4667 2935 4733 Τῷ
2972 4670 3152 4736 αὐτῷ.

2159 4772 2178 4804 ι
2206 4752 2560 4825 Παράτεινον,
2595 4757 2783 4827 φησὶν,
2802 4759 2863 4812 τὸ
2887 4760 3035 4824 ἔλεός
3065 4780 3159 4816 σου
3182 4765 3295 4830 τοῖς
3315 4767 3643 4835 γινώσκουσί

2084 4860 2163 4899 σε.
2203 4863 2223 4897 ι
2250 4848 2313 4899 Οἱ
2339 4846 2447 4918 γὰρ
2497 4847 2697 4915 γνώσει
2735 4850 3137 4921 ἁμαρτάνοντες
3175 4857 3318 4911 κατά
3362 4876 3446 4925 σε,
3483 4860 3647 4930 χαλε-

2085 4935 2334 5005 πωτέρας
2371 4937 2647 5002 τεύξονται
2677 4940 2970 5007 κολάσεως.
3004 4945 3420 5021 Μεγαλυνθῆναι
3442 4952 3643 5020 τοίνυν,

2082 5028 2175 5081 καὶ
2199 5028 2495 5101 ἐκταθῆναι
2526 5034 2663 5101 ἄγαν
2696 5035 2785 5088 τὸν
2816 5036 2965 5091 ἔλεον
3003 5041 3326 5111 πρεσϐεύου.

2248 5142 2372 5196 IIZ'.
2400 5174 2470 5186 —-
2496 5145 2900 5221 ΑΛΕΞΑΝΔΡῼ
2929 5152 3470 5230 ΑΡΧΙΜᾹΝΔΡΙΤῌ.

2153 5253 2265 5322 Τὴν
2289 5254 2503 5327 ἀφεγγῆ
2531 5257 2702 5311 νύκτα
2727 5260 2820 5314 τοῦ
2853 5260 3198 5333 ἀνθρωπίνου
3228 5267 3366 5338 βίου,
3394 5273 3516 5336 ταῖς
3541 5274 3647 5328 τῶν

2086 5344 2297 5415 μυρίων
2340 5346 2845 5421 ἀνδραγαθημάτων
2894 5372 2984 5409 σου
3030 5357 3214 5412 ἀκτῖσι
3259 5364 3645 5431 καταυγάζων,

2080 5435 2198 5499 πῶς
2228 5437 2325 5530 την
2367 5440 2475 5493 τῶν
2518 5443 2855 5513 ἐπουρανίων
2900 5449 3147 5518 ἀγγέλων
3195 5455 3520 5523 καταλόγοις
3569 5459 3645 5530 μὴ

2082 5528 2559 5603 συναριθμηθείης,
2597 5534 2953 5607 άμιλλόμενος
2983 5543 3105 5606 ταῖς
3152 5543 3451 5616 ἀφθάρτοις
3504 5528 3645 5603 ἐκείέ

493 5640 558 5672 Μ
591 5639 655 5695 IV
681 5639 813 5714 Reg.
847 5659 971 5709 xxv,
1005 5646 1030 5701 I
1062 5662 1215 5719 seqq.
1293 5648 1477 5705 'Psal.
1500 5668 1583 5718 LV,
1622 5655 1668 5711 l.
1746 5657 1767 5688 ⁵
1795 5656 1997 5719 'I'hren.
2032 5679 2070 5727 ι,
2105 5666 2148 5719 l.
2223 5670 2243 5701 ⁸
2268 5668 2637 5737 Amosnx,tl.
2716 5677 2891 5750 ‘Agg.
2928 5695 2987 5746 ιι,
3018 5680 3102 5738 10.
3178 5683 3199 5714 '
3225 5682 3642 5759 Psal.xxxv,II.
