3850 6218
438 319 545 382 2m
1929 321 2026 384 S.l

2136 323 2179 381 .ῐ

675 432 857 487 XLVI.
887 465 953 475 —
983 431 1383 489 PIIILUMENO
1421 433 1775 490 ENCLISTO.

2357 434 2487 501 LA".
2523 463 2592 473 -
2639 431 3039 500 enormem
3079 428 3433 500 armum.

512 527 558 582 0
579 527 840 596 ρτωοιοηι
866 537 1044 580 vestra
1088 535 1211 596 post
1239 527 1607 582 secessionem
1647 527 1832 598 gesta!
1865 540 1899 581 o
1919 540 2010 581 ve-

2183 523 2325 598 Εῦγε
2364 527 2475 582 τῶν
2520 526 2800 597 ὐμετέρων
2855 523 2999 578 κατὰ
3034 524 3134 594 τὴν
3177 522 3520 593 ἀναχώρησιν
3559 521 3690 593 ἀρι-

439 628 554 677 stra
588 618 893 675 secundum
937 617 1197 672 virtutem
1249 626 1452 688 troptea
1479 619 1491 672 ι
1518 634 1551 673 o
1589 634 1753 689 supra
1787 617 2007 672 modum

2136 620 2466 689 ι’τευμάτωνί
2521 615 2649 687 εῦγε
2682 618 2791 671 τῶν
2833 614 3116 687 ὑμετέρων
3165 614 3289 668 καθ’
3325 612 3524 685 ἀρετὴν
3553 630 3690 685 τρο-

438 719 677 767 vestram
720 710 775 763 in
810 708 1120 764 inclusione
1159 709 1399 776 inanem,
1450 709 1723 765 scenicam
1760 717 1816 763 et
1845 707 2011 764 dissi-

2136 713 2324 767 ιαίωνί
2361 712 2628 783 ὐπέρευγε
2648 709 2747 780 τῆς
2777 707 3049 781 ὑμετέρας
3077 707 3220 761 κατὰ
3249 707 3339 760 τὸν
3360 703 3694 774 ἐγκλεισμδν

440 802 702 856 mulatam
732 801 858 854 vitae
901 799 1208 854 rationem!
1255 799 1392 854 nihil
1413 798 1560 854 enim
1590 800 1658 853 ab
1697 799 1785 864 iis,
1827 798 1919 868 qui
1953 797 2008 851 in

2136 805 2390 870 ιαταίας,
2453 805 2549 859 καὶ
2601 802 2904 872 σκηνικῆς,
2956 801 3050 854 καὶ
3099 795 3692 870 κατεσχηματισμένης

443 895 564 947 loro
590 891 994 947 contentiosius
1028 892 1400 962 negotiantur,
1439 899 1496 946 et
1535 892 1855 946 innumeras
1887 890 2009 945 lites

2136 900 2410 969 ῐιαγωγῆς.
2445 897 2564 950 Τῶν
2590 895 2697 966 γὰρ
2722 897 2780 949 ἐν
2811 897 2879 967 τῇ
2922 895 3096 964 ἀγορᾷ
3128 891 3346 963 θερμῶς
3379 892 3659 960 ἐμπορευο
3682 918 3696 928 ·

439 984 734 1053 variasque
771 983 1064 1038 verborum
1103 982 1449 1037 velitationes
1484 981 1538 1035 in
1567 980 1836 1051 praetoriis
1879 995 2012 1034 con-

2136 993 2316 1056 ιένων,
2355 989 2449 1043 καὶ
2483 989 2590 1043 τῶν
2621 989 2721 1051 τὰς
2755 986 2955 1058 μυρίας
2988 985 3161 1047 δίκας,
3191 984 3284 1037 καὶ
3309 983 3408 1044 τὰς
3437 979 3698 1042 ποικίλας

442 1079 634 1130 suunt.
671 1081 723 1126 te
749 1085 869 1126 esse
899 1071 1246 1135 dissimilem,
1276 1081 1330 1126 ut
1363 1070 1584 1135 videris,
1618 1080 1879 1137 autumo;
1917 1085 2012 1124 ne-

2136 1082 2447 1154 ιογομαχίας
2474 1083 2532 1134 ἐν
2578 1079 2930 1153 πραιτωρίοις
2962 1077 3290 1139 πλεκόντων,
3333 1074 3484 1128 οὐδὲν
3510 1073 3699 1135 δοκεῖς

443 1161 590 1230 gotia
615 1161 862 1215 omnium
895 1177 1153 1231 generum
1189 1161 1528 1232 excogitans,
1554 1177 1683 1216 cum
1727 1160 2010 1216 iracundia

2136 1174 2468 1238 ἰιαλλάττειν,
2503 1170 2858 1242 πραγματίας
2889 1169 3147 1233 παντοίας
3186 1164 3434 1229 ἐπινοῶν,
3469 1160 3699 1232 κράζων

3575 316 3686 382 244

443 1254 842 1323 perstrepitans
857 1261 912 1308 et
931 1254 1187 1321 fremens,
1212 1270 1280 1309 ex
1300 1254 1482 1310 caveis
1519 1253 1737 1320 ferreis,
1767 1253 2010 1322 injuriis,

442 1341 687 1397 dicteriis
711 1343 958 1398 lmdoriis
984 1359 1049 1398 ac
1081 1345 1322 1415 querelis
1361 1344 1554 1400 obvios
1600 1359 1847 1415 quosque
1874 1359 2010 1400 one-

443 1450 610 1502 rans;
637 1453 778 1507 saepe
803 1439 967 1492 etiam
991 1439 1204 1493 eductis
1244 1455 1338 1510 per
1366 1441 1567 1494 ostium
1607 1439 1860 1494 manibus
1904 1439 2014 1491 Ira-

445 1535 560 1581 tres
588 1529 911 1596 verberans,
942 1531 1199 1597 tumultu,
1222 1531 1453 1600 strepitu
1486 1539 1540 1586 et
1571 1530 1802 1585 turbidis
1832 1531 2015 1586 conci-

443 1618 687 1688 talisque
714 1621 956 1676 motibus
986 1621 1177 1676 cellam
1211 1620 1480 1677 misellam
1517 1622 1816 1692 complens,
1835 1621 2013 1692 lacry-

445 1719 683 1764 mantem
718 1709 976 1778 fortasse,
1013 1711 1142 1766 licet
1185 1725 1250 1766 ea
1281 1725 1448 1766 sensu
1477 1711 1770 1780 animaque
1795 1711 2017 1765 desera-

2120 1268 2237 1339 μετ’
2269 1264 2459 1336 ὀργῆς,
2506 1263 2600 1316 καὶ
2640 1261 2873 1332 βρύχων,
2907 1259 3016 1314 ἀπὸ
3056 1259 3158 1329 τῆς
3182 1256 3518 1326 γαλαιάγρας
3547 1251 3699 1318 καθ-

2118 1357 2375 1426 υ6ρίξων,
2406 1354 2500 1408 καὶ
2523 1353 2809 1417 σκώπτων,
2833 1353 2926 1406 καὶ
2956 1350 3234 1422 λοιδορῶν,
3259 1348 3354 1401 καὶ
3385 1343 3703 1416 διαμεμφά-

2124 1465 2283 1519 μενος
2318 1447 2444 1510 τοὺς
2489 1445 3031 1520 παρατυγχάνοντας,
3080 1441 3193 1494 ἐσθ’
3235 1441 3322 1494 ὅτε
3363 1439 3420 1492 δέ
3466 1437 3560 1490 καὶ
3589 1435 3704 1496 τὰς

2125 1540 2260 1602 ίδίας
2287 1541 2470 1610 χεῖρας
2501 1537 2825 1614 προσφέρων
2863 1535 2963 1606 τῆς
2995 1533 3232 1606 θυρίδος,
3263 1531 3360 1585 καὶ
3381 1530 3507 1590 τοὺς
3534 1527 3704 1581 ἀδελ-

2122 1634 2254 1703 φοὺς
2282 1631 2516 1692 τύπτων,
2543 1629 2791 1700 θορύϐου,
2817 1629 2909 1682 καὶ
2936 1627 3200 1698 ταραχῆς,
3223 1624 3315 1678 καί
3340 1621 3566 1695 τύρϐης.
3595 1619 3705 1684 καὶ

2127 1723 2534 1786 ἀκαταστασίας
2578 1721 2801 1792 πληρῶν
2832 1721 2932 1793 τὴν
2977 1719 3215 1790 ἐλεεινὴν
3252 1715 3466 1782 κέλλαν,
3498 1712 3706 1766 στενά-ν

449 1809 558 1866 tur,
588 1803 660 1857 ob
709 1801 1091 1858 crudelitatem
1127 1809 1182 1857 et
1227 1802 1652 1856 amaritudinem
1695 1802 1866 1867 illius,
1898 1817 2020 1872 qua:

2136 1820 2318 1883 ξουσαν
2338 1817 2496 1884 τάχα,
2526 1812 2628 1866 κᾶν
2653 1789 2899 1882 ὐπάρχει
2915 1789 3235 1879 ἀναίσθητός
3249 1823 3330 1873 τε,
3355 1804 3446 1857 καὶ
3461 1802 3702 1872 ἄψυχος,

450 1893 504 1945 in
553 1896 671 1964 ipsa
725 1893 890 1946 veluti
947 1891 1002 1945 in
1043 1892 1344 1948 bestiarum
1401 1907 1585 1958 cavea,
1642 1892 1858 1946 inclusa
1914 1901 2019 1956 est,

447 1980 597 2045 ferre,
647 1983 758 2035 imo
827 1981 958 2036 I'eris
1010 1980 1147 2049 ipsis
1196 1980 1525 2036 eﬂ'eratioris
1584 1981 1860 2037 monachi.
1926 1979 2022 2035 Dic

448 2073 606 2139 mihi,
655 2073 837 2136 sodes,
876 2074 1006 2142 quid
1050 2075 1105 2128 in
1138 2073 1294 2128 lucro
1337 2073 1568 2142 posuisti
1598 2072 1651 2127 in
1691 2074 2021 2128 domuncula

447 2165 732 2230 inclusus,
779 2165 978 2218 animae
1015 2174 1121 2219 tuae
1167 2165 1257 2218 cui
1306 2165 1428 2220 usui
1468 2163 1619 2220 fuisti
1675 2163 1834 2236 164
1880 2165 2024 2219 inter

447 2258 710 2312 murellos
788 2272 990 2326 corpus
1063 2256 1450 2313 abscondens?
1508 2257 1709 2312 Factus
1745 2265 1830 2312 est
1851 2256 2018 2321 enim.

445 2349 542 2410 ait,
568 2347 845 2418 Ephraim,
865 2348 1030 2403 veluti
1059 2347 1214 2418 panis
1239 2348 1638 2403 subcinericius
1662 2363 1935 2417 nunquam
1963 2363 2023 2403 se

447 2440 511 2491 ad
536 2439 758 2492 meliora
784 2447 1110 2494 convertens
1126 2438 1187 2492 ⁸³.
1208 2438 1346 2504 Quid
1369 2440 1507 2494 lucri
1525 2439 1622 2493 tibi
1652 2438 2020 2494 Iuitcellulam

446 2529 798 2599 possedisse?
855 2529 1083 2594 Quando
1111 2531 1277 2599 igitur
1307 2531 1698 2585 monachorum
1754 2545 2023 2584 veneran-

447 2620 578 2674 durh
633 2619 877 2674 habitum
937 2621 1212 2676 induisti?
1260 2621 1394 2688 Quis
1448 2621 1616 2676 abbas
1645 2621 1786 2675 bona
1834 2621 2024 2678 dicens

446 2714 634 2779 verba,
666 2728 888 2767 manum
920 2713 1212 2784 apposuit?
1253 2711 1532 2768 Undenam
1567 2728 1821 2772 caenosos
1859 2714 2024 2768 hosce

445 2803 923 2874 exsecrandosque
956 2820 1137 2859 mores
1168 2805 1434 2858 hausisti?
1471 2803 1706 2860 Ubinam
1743 2813 1872 2861 sunt
1899 2820 2026 2859 ora-

449 2897 660 2948 tionum
696 2895 1027 2950 inconcussa
1057 2903 1111 2948 et
1137 2909 1264 2964 erga
1294 2892 1460 2948 Deum
1491 2910 1685 2950 secura
1715 2894 2025 2964 colloquia?

449 3001 686 3055 quonam
719 2987 957 3055 psalmos
998 2995 1051 3040 et
1079 2985 1311 3056 hymnos
1341 2987 1688 3041 amandasti?
1712 3002 1821 3057 quo
1873 2993 2025 3039 tran-

2122 1911 2214 1966 ἐπὶ
2241 1911 2307 1979 τῇ
2341 1907 2592 1978 ἀπηνείᾳ,
2613 1905 2709 1959 καὶ
2739 1903 2933 1974 πικρίᾳ
2972 1901 3064 1955 τοῦ
3089 1902 3146 1953 ἐν
3184 1899 3320 1968 αὐτῇ
3360 1895 3610 1964 καθάπερ
3636 1892 3705 1946 ἓν

2121 2020 2224 2055 τινι
2256 1999 2451 2070 ζώγρῳ
2493 1994 2968 2058 κατακλεισθέντος
3010 1991 3198 2068 θηρίου
3219 2030 3234 2056 ,
3272 1988 3470 2059 μᾶλλον
3503 1985 3561 2038 δέ
3597 1983 3705 2054 θη·-

2124 2093 2477 2168 ριωδεστέρου
2498 2089 2603 2144 τῶν
2626 2088 2828 2160 θηρίων
2856 2087 3196 2157 μονάζοντος.
3217 2079 3350 2135 Εἰπέ
3380 2095 3488 2150 μοι,
3517 2091 3706 2168 rapa:

2123 2164 2295 2250 καλῶ,
2325 2186 2376 2238 τί
2403 2181 2741 2255 κεκέρδακας
2775 2179 2853 2250 τῷ
2896 2176 3102 2245 οίκιδίῳ
3146 2169 3594 2230 κατακλεισθείςς
3639 2164 3706 2219 τι

2124 2282 2340 2352 ὤνησας
2372 2279 2468 2351 τὴν
2501 2275 2694 2331 σαυτοῦ
2728 2273 2908 2344 ψυχὴν
2941 2273 3055 2335 τοῖς
3095 2265 3390 2340 τοιχαρίοις
3435 2263 3498 2316 τὸ
3533 2259 3707 2352 σῶμα

2124 2346 2508 2442 ἐγκεκρυφῶςς
2548 2365 2808 2435 Ἑγενήθη
2839 2362 2970 2432 γάρ,
2997 2358 3182 2430 φησὶν,
3225 2353 3463 2425 Ἐφραῖμ
3507 2346 3707 2442 mild—ig

2125 2436 2447 2535 ἐγκρυξρίας,
2476 2458 2549 2529 μὴ
2580 2454 3081 2528 μεταστρεφόμενος
3110 2447 3245 2519 πρὸς
3267 2445 3327 2497 τδ
3343 2436 3705 2535 κρεῖττον.-Ἰ¹ι

2125 2525 2207 2607 σοι
2233 2525 2427 2621 ’ὄφελος
2458 2525 2643 2617 λαχεῖν
2690 2525 2795 2597 τοῦ
2829 2539 3133 2612 δωματίου;
3167 2535 3304 2589 Πότε
3350 2532 3456 2602 ἄρα
3504 2527 3585 2621 τὸ-

2123 2619 2351 2713 δυμαήτὸ
2372 2638 2566 2709 σεμνὸν
2593 2635 2702 2689 τῶν
2727 2631 2977 2705 μοναχῶν
3004 2629 3236 2691 ὑπέδυςς
3263 2627 3412 2685 ποῖος
3441 2621 3496 2674 δέ
3519 2619 3706 2713 άδὸᾇς

2124 2711 2220 2804 τὴν
2247 2734 2404 2802 χεῖρα
2440 2731 2537 2799 τῆς
2569 2726 2815 2795 εὐλογίας
2857 2722 3154 2792 ἐπέθηκεν;
3203 2715 3462 2809 Πόθενδέ
3502 2711 3709 2809 παρείς

2124 2799 2302 2895 λτίφάξ
2330 2799 2400 2874 ίτὰ
2437 2815 2772 2889 συρφετώδη,
2817 2814 2913 2867 καὶ⁸
2955 2810 3308 2866 κατάπτυστα
3337 2804 3481 2895 ἧθης
3517 2799 3705 2895 Ποῦ-ὴ

2125 2889 2532 2986 ἀπερίσπαστος
2567 2908 2676 2962 τῶν
2705 2905 2898 2976 εὐχῶν,
2922 2901 3020 2956 καὶ
3053 2898 3354 2970 ἁμέριμνος
3384 2893 3521 2986 πρὸς
3565 2889 3708 2986 eam:

2126 2980 2348 3075 ὁμιλία;
2406 3000 2517 3055 Ποῦ
2571 2996 2835 3070 ἐξώρισας
2891 2993 3017 3056 τοὺς
3075 2988 3364 3060 ψαλμοὺς,
3416 2984 3513 3037 καὶ
3575 2980 3708 3043 τοὺς

449 3077 651 3147 quillas
691 3077 1050 3146 cogitationes
1095 3077 1327 3147 Iugasti?
1355 3093 1464 3147 quo
1499 3086 1880 3144 sacrosanctas
1923 3093 2021 3148 pa-

2136 3096 2361 3166 ὐμνουςς
2421 3090 2528 3145 Ποῦ
2590 3087 2964 3158 ἐφυγάδευσας
3020 3084 3082 3136 τὺ
3133 3079 3359 3181 ἡσύχιον
3409 3075 3706 3188 φρόνημας

450 3181 595 3223 trum
654 3168 1046 3225 instructiones
1108 3169 1399 3242 pepulisti?
1453 3184 1561 3239 quo
1604 3169 1782 3235 mellis
1849 3171 2023 3223 instar

2136 3188 2238 3248 Ποῦ
2293 3186 2609 3244 κατέλειπες
2654 3182 2751 3243 τὰς
2792 3178 2944 3250 ἱερὰς
2989 3174 3208 3244 διδαχὰς
3246 3169 3355 3222 τῶν
3403 3167 3707 3235 πατέρωνς

451 3276 717 3315 emanans
748 3261 988 3331 lacryma
1033 3261 1203 3328 abiit?
1251 3277 1360 3334 quo
1396 3262 1544 3316 socia
1599 3262 1846 3330 ejusdem
1895 3264 2022 3323 tori,

450 3360 506 3406 et
553 3352 688 3407 aedis
737 3351 1126 3406 monachorum
1188 3368 1316 3422 pax,
1353 3361 1406 3406 et
1438 3353 1614 3422 quies,
1648 3361 1700 3406 et
1757 3353 2027 3422 tranquil.

453 3445 598 3507 litas,
638 3453 689 3498 et
723 3444 887 3502 Iides?
912 3445 1215 3514 Quamnam
1257 3445 1483 3504 habebis
1527 3445 1780 3506 Iiduciam
1810 3445 2030 3501 dicendi

454 3534 508 3587 in
534 3533 622 3588 die
644 3534 1062 3590 retributionis?

750 3649 956 3718 XCVII.
984 3681 1055 3692 —
1075 3649 1352 3706 FAUSTO
1389 3648 1744 3707 MONACHO.

534 3763 551 3794 ι
573 3743 1051 3808 Commoveantur,
1073 3743 1148 3796 ait
1167 3743 1233 3810 ιδ,
1255 3743 1606 3799 fundamenta
1623 3753 1834 3808 terrae,»
1857 3740 1992 3796 Illud
2014 3758 2028 3795 :

461 3860 480 3887 ι
507 3837 972 3891 Commoveantur
999 3835 1351 3892 fundamenta
1375 3844 1555 3901 terrae,
1581 3855 1599 3887 ι
1631 3835 1750 3890 loco
1774 3835 1923 3889 illius
1944 3833 2031 3887 di-

454 3937 603 3984 ctum
635 3944 648 3980 :
682 3928 815 3994 Quae
843 3928 898 3982 in
925 3927 1200 3998 profundo
1220 3928 1404 3982 cordis
1425 3927 1790 3997 c0gitationes
1821 3934 1971 3992 sunt,
2000 3939 2032 3978 a

463 4021 708 4081 sinistris
737 4021 804 4074 ad
832 4021 1111 4074 dexteram
1145 4019 1590 4075 transvehantur.

706 4111 935 4166 XCVIII.
967 4143 1037 4154 —
1063 4110 1406 4168 EUTROPIO
1440 4109 1794 4166 MONACHO.

536 4205 592 4258 Si
623 4205 720 4259 tibi
754 4205 806 4258 in
843 4205 1030 4258 animo
1061 4212 1146 4259 est
1187 4203 1485 4258 ascendere
1519 4203 1586 4257 ad
1639 4203 1816 4257 altare
1859 4201 2034 4267 illius,

459 4309 584 4362 qua:
634 4293 689 4348 in
723 4293 880 4348 caelis
915 4301 1022 4358 est,
1073 4291 1440 4358 Hierusalem,
1493 4309 1588 4362 per
1639 4292 2034 4346 multiformem

463 4387 724 4438 virtutem
753 4393 808 4438 et
839 4383 1201 4438 humilitatem
1251 4383 1546 4454 proliciens
1593 4380 1848 4445 ascende,
1894 4396 2035 4450 quas

2131 3280 2242 3335 Ποῦ
2276 3281 2479 3348 οίχεται
2511 3274 2571 3327 τὸ
2599 3272 2916 3344 μελισταγές
2951 3267 3224 3341 δάκρυον;
3255 3260 3364 3316 Ποῦ
3407 3261 3441 3328 ἡ
3473 3255 3708 3326 σύντροο

2131 3390 2251 3443 (ρος,
2302 3373 2395 3424 καὶ
2449 3367 2719 3429 σύνευνος,
2749 3362 2842 3415 καὶ
2873 3360 3176 3430 ὁμόσκηνος
3219 3353 3326 3408 τῶν
3363 3349 3710 3443 μοναζόντων

2130 3437 2343 3536 εἰρήνη,
2371 3460 2464 3514 καὶ
2493 3457 2724 3527 γαλήνη,
2768 3453 2863 3508 καὶ
2887 3449 3115 3522 ἠρεμία,
3147 3446 3244 3500 καὶ
3281 3444 3499 3536 πίστιςς
3534 3437 3712 3492 Ποίαν

2133 3534 2320 3628 σχοίης
2349 3549 2662 3623 παρρησίαν
2687 3548 2743 3599 ἐν
2772 3544 2956 3615 ἡμέρᾳ
2987 3542 3084 3610 τῆς
3111 3534 3558 3628 ἀνταποδόσεωςς

2482 3643 2594 3709 ιιΖκ
2624 3669 2695 3680 -
2729 3635 2997 3705 ΦΑΥΣΤῼ
3034 3627 3346 3697 ΜΟΝΑΧῼ.

2209 3757 2228 3790 ι
2259 3735 2611 3804 Σαλευθήτω,
2674 3728 2842 3800 φησὶ,
2900 3726 2969 3779 τὰ
3017 3721 3245 3794 θεμέλια
3280 3718 3381 3788 τῆς
3411 3714 3538 3784 γῆς.
3573 3730 3593 3764 ι
3630 3710 3713 3804 ’[’ὶ

2131 3827 2332 3891 τοίνυν,
2364 3843 2381 3878 ι
2410 3800 2732 3890 Σαλευθήτω
2761 3816 2829 3870 τὰ
2857 3813 3082 3885 θεμέλια
3113 3809 3211 3880 τῆς
3238 3808 3363 3878 γῆς,
3386 3825 3404 3859 ι
3431 3805 3552 3858 ἀντὶ
3579 3800 3707 3868 τοῦ,

2134 3917 2198 3970 Οἱ
2241 3918 2299 3968 ἐν
2349 3913 2427 3983 τῷ
2480 3911 2633 3982 βάθει
2679 3908 2778 3978 τῆς
2826 3903 3053 3974 καρδίας
3099 3897 3388 3968 λογισμοὶ,
3439 3893 3548 3949 ἀπὸ
3596 3891 3712 3945 τῶν

2136 4006 2342 4066 σκαιῶν
2370 4004 2462 4059 ἐπὶ
2495 4003 2562 4056 τὰ
2577 3998 2869 4069 δεξιώτερα
2902 3993 3345 4067 μεταγέσθωσαν.

2449 4095 2572 4161 μιν.
2595 4120 2668 4132 --
2695 4086 3040 4156 ΕΥΤΡΟΠΙῼ
3076 4079 3386 4149 ΜΟΝΔΧῼ.

2206 4190 2270 4243 Εἰ
2301 4187 2480 4260 βούλει
2509 4182 2751 4239 ἀνελθεῖν
2778 4181 2858 4243 είς
2884 4178 2945 4233 τὸ
2979 4173 3362 4243 θυσιαστήριον
3381 4170 3478 4260 τῆς
3505 4166 3566 4218 ἐν
3593 4165 3715 4260 τοῖς

2134 4258 2384 4354 οὐρανοῖς
2419 4273 2802 4348 Ἰερουσαλὴμ,
2850 4270 2919 4326 δι’
2960 4269 3163 4340 ἀρετῆς
3209 4259 3522 4320 πολυειδοῦς
3547 4297 3563 4322 ,
3592 4258 3716 4354 ’καὶ

2135 4350 2638 4441 ταπεινοφροσύνης
2667 4364 2990 4436 προκόπτων
3015 4356 3268 4428 ἀνάΰηθι,
3287 4355 3383 4417 τὰς
3408 4350 3714 4441 εἰρημένας

465 4477 660 4530 beatus
709 4472 880 4527 David
926 4474 1280 4530 escensiones
1319 4473 1730 4538 decantaverat,
1776 4472 1942 4527 corde
1977 4473 2026 4525 in

2137 4466 2215 4536 τῷ
2255 4440 2510 4535 μακαρίῳ
2547 4457 2708 4512 Δαυτδ
2737 4454 3049 4515 ἀναϐάσεις,
3084 4451 3141 4501 ἐν
3174 4450 3249 4538 τῇ,
3273 4441 3470 4538 σαυτοῦ
3505 4440 3717 4538 καρδίᾳ

467 4581 566 4620 tuo
587 4580 900 4635 praeparans
919 4566 1111 4620 inloco
1138 4566 1500 4637 lacrymarum
1531 4565 1782 4618 humana:
1803 4566 1926 4617 vitae
1945 4565 2030 4617 ⁸⁵⁸.

466 4659 533 4719 ΕΙ.
582 4659 917 4729 ploratuum,
975 4665 1029 4712 et
1081 4657 1448 4728 lacrymarum
1514 4657 1809 4710 humanam
1867 4655 2034 4708 vitam

465 4752 680 4821 plenam
727 4765 851 4804 esse
899 4747 1195 4804 manifesto
1225 4749 1499 4811 addisces,
1541 4747 1698 4819 165
1733 4747 2035 4802 infantulos

467 4843 818 4912 conspiciens
871 4842 924 4895 in
971 4842 1246 4912 Iacrymas
1290 4855 1351 4896 se
1399 4839 1776 4903 eIIundenles,
1837 4838 1965 4892 dum
2006 4852 2038 4892 e

466 4941 715 4987 materno
763 4938 954 4987 ventre
1001 4937 1324 5000 emergunt;
1377 4939 1432 4984 et
1479 4937 1768 4999 postquam
1806 4937 2037 4982 mortem

466 5025 779 5093 oppetierit,
813 5024 1072 5077 miserum
1116 5021 1390 5080 hominem
1418 5019 1671 5090 lacrymis
1701 5035 1917 5089 quoque
1945 5036 2040 5074 ex-

469 5117 604 5184 cipi.
639 5117 740 5170 Per
776 5116 1036 5176 virtutem
1083 5115 1270 5184 itaque
1307 5113 1545 5169 ascende
1583 5122 1636 5166 et
1677 5113 2040 5168 humilitatem

471 5209 538 5262 ad
563 5208 737 5262 altare
766 5207 922 5272 illud,
954 5223 1064 5260 non
1099 5206 1403 5276 perlapsus
1431 5212 1485 5258 et
1513 5205 1852 5274 superbiam.

990 5297 1176 5355 XCIX.
1215 5328 1285 5338 —
1328 5295 1536 5352 Eidem.

537 5391 810 5447 'I‘imorem
831 5392 928 5446 tibi
945 5392 1174 5446 incutiat
1191 5389 1405 5445 Domini
1427 5391 1632 5444 dictum
1653 5390 1793 5452 ¹⁵·¹⁶,
1815 5404 1921 5443 non
1943 5404 2038 5458 per

476 5483 656 5539 scalas
681 5483 924 5542 malitia,
961 5491 1016 5536 et
1043 5481 1388 5550 jactabunda:
1405 5482 1754 5552 cogitationis
1785 5481 1838 5535 in
1863 5481 2034 5534 altare

478 5571 777 5627 ascendere
830 5573 1147 5641 imperans;
1201 5587 1268 5627 ne
1310 5588 1406 5644 per
1455 5573 1757 5629 nuditatem
1809 5579 1901 5626 tua
1949 5571 2043 5626 de-

557 5753 758 5809 "Osce
783 5768 874 5818 vn,
902 5755 953 5808 8.
1035 5755 1072 5784 "
1108 5751 1248 5808 I‘sal.
1289 5770 1470 5820 ιιιιι,
1497 5756 1546 5809 5.

1629 5755 1692 5784 ⁴’⁸’
1728 5755 1846 5809 Psal
1905 5767 2132 5815 unm,
2163 5749 2213 5802 Ii.

2141 4531 2565 4616 κατασκευάζων
2600 4551 2657 4603 ἐν
2691 4548 2767 4618 τῷ
2796 4545 2945 4614 τόπῳ
2970 4540 3064 4595 τοῦ
3091 4535 3446 4607 κλαυθμῶνος
3483 4531 3586 4599 τῆς
3618 4533 3719 4588 ἁν-

2144 4649 2425 4719 θρωπίνης
2465 4643 2632 4713 ζωῆς.
2681 4641 2802 4692 Ὀτι
2854 4637 2962 4705 γὰρ
2991 4629 3290 4699 κλαυθμοῦ,
3337 4625 3434 4680 καὶ
3470 4621 3718 4719 πένθους

2142 4713 2358 4814 πλήρης
2381 4713 2496 4791 ’τῶν
2533 4732 2834 4803 ἀνθρώπων
2859 4731 2887 4782 ό
2924 4727 3057 4797 βίος,
3094 4722 3316 4814 μαθήσῃ
3346 4717 3557 4814 σαφῶς,
3593 4713 3718 4814 β.λὲ-

2143 4805 2269 4888 πων
2293 4805 2363 4884 τὰ
2395 4829 2569 4899 βρέφη
2615 4823 2866 4878 κλαίοντα
2895 4819 2991 4886 τῆς
3039 4813 3275 4884 γαστρὸς
3320 4809 3419 4878 τῆς
3452 4805 3719 4899 μητρῴας

2145 4896 2548 4996 προκύπτοντα,
2582 4917 2676 4970 καὶ
2706 4914 2840 4983 μετὰ
2868 4911 2928 4964 τὸ
2961 4908 3157 4996 θανεῖν
3175 4903 3333 4996 πάλιν
3356 4900 3446 4953 τὸν
3464 4896 3717 4996 ’ἐλεεινὸν

2143 4988 2507 5085 θρηνοῦμενον
2543 5006 2848 5077 ἄνθρωπον.
2890 4999 2971 5053 Δι’
3010 4995 3210 5065 ἀρετῆς
3236 4992 3415 5085 τοίνυν
3453 4988 3716 5085 ὰνέρχου,

2142 5082 2240 5160 και
2259 5097 2761 5170 ταπεινοφροσύνης
2800 5093 2935 5163 πρὸς
2977 5090 3155 5143 ἐκεῖνο
3191 5086 3252 5140 τὸ
3296 5082 3715 5154 θυσιαστήριον,

2141 5199 2218 5270 μὴ
2247 5196 2336 5250 διὰ
2360 5190 2739 5262 πταισμάτων,
2768 5186 2864 5239 καὶ
2891 5178 3318 5253 ὑπερηφανείας.

2655 5279 2771 5344 seu
2803 5305 2872 5317 —
2903 5273 2986 5338 Τῷ
3011 5270 3190 5336 αὐτῷ.

2215 5376 2450 5431 Φοόείτω
2485 5389 2546 5426 σε
2585 5370 2646 5424 τὸ
2678 5365 3004 5421 Δεσποτικὸν
3047 5363 3298 5434 γράμμα,
3339 5357 3718 5430 παρακελευό-

2155 5488 2315 5544 μενον
2349 5469 2425 5540 μὴ
2454 5462 2762 5520 ἀναϐαίνειν
2805 5457 2892 5512 διὰ
2939 5454 3212 5528 βαθμίδων
3242 5451 3461 5516 κακίας,
3491 5450 3593 5503 καὶ
3620 5450 3715 5544 ἐπ·
3773 5477 3779 5484 ·

2148 5540 2393 5635 ηρμένου
2469 5555 2812 5628 φρονήματος
2875 5549 2957 5614 είς
3007 5547 3068 5602 τὸ
3147 5544 3569 5616 θυσιαστήριον,
3631 5540 3714 5594 [vc

2297 5747 2408 5778 ¹δ·¹⁶
2447 5742 2612 5798 Exod.
2652 5757 2741 5804 xx,
2777 5737 2866 5792 ‘26.
