  <div class='ocr_page' id='page_1' title='image "/cluster/home/n/w/nwhite01/storage/ocr_20150623/79/nnc1.0038021404/140.png"; bbox 0 0 3850 6218; ppageno 0'>
   <div class='ocr_carea' id='block_1_1' title="bbox 156 288 265 356">
    <p class='ocr_par' dir='ltr' id='par_1_1' title="bbox 156 288 265 356">
     <span class='ocr_line' id='line_1_1' title="bbox 156 288 265 356; baseline 0.018 -2"><span class='ocrx_word' id='word_1_1' title='bbox 156 288 265 356; x_wconf 64' lang='grc'><strong>245</strong></span> 
     </span>
    </p>
   </div>
   <div class='ocr_carea' id='block_1_2' title="bbox 1385 283 2227 350">
    <p class='ocr_par' dir='ltr' id='par_1_2' title="bbox 1385 283 2227 350">
     <span class='ocr_line' id='line_1_2' title="bbox 1385 283 2227 350; baseline -0.004 0"><span class='ocrx_word' id='word_1_2' title='bbox 1385 283 1922 350; x_wconf 78' lang='lat' dir='ltr'><strong>EPISTOLARUM</strong></span> <span class='ocrx_word' id='word_1_3' title='bbox 1958 285 2104 348; x_wconf 89' lang='lat' dir='ltr'><strong>LIB.</strong></span> <span class='ocrx_word' id='word_1_4' title='bbox 2142 283 2227 347; x_wconf 91' lang='lat' dir='ltr'><strong>II.</strong></span> 
     </span>
    </p>
   </div>
   <div class='ocr_carea' id='block_1_3' title="bbox 3312 283 3421 350">
    <p class='ocr_par' dir='ltr' id='par_1_3' title="bbox 3312 283 3421 350">
     <span class='ocr_line' id='line_1_3' title="bbox 3312 283 3421 350; baseline 0.018 -3"><span class='ocrx_word' id='word_1_5' title='bbox 3312 283 3421 350; x_wconf 67' lang='lat'><strong>246</strong></span> 
     </span>
    </p>
   </div>
   <div class='ocr_carea' id='block_1_4' title="bbox 158 393 1763 470">
    <p class='ocr_par' dir='ltr' id='par_1_4' title="bbox 158 395 1748 470">
     <span class='ocr_line' id='line_1_4' title="bbox 158 395 1748 470; baseline -0.001 -18"><span class='ocrx_word' id='word_1_6' title='bbox 158 398 236 468; x_wconf 76' lang='grc' dir='ltr'><strong>μή</strong></span> <span class='ocrx_word' id='word_1_7' title='bbox 295 395 658 470; x_wconf 74' lang='grc' dir='ltr'><strong>ἀποκαλυφθῇ</strong></span> <span class='ocrx_word' id='word_1_8' title='bbox 698 397 732 468; x_wconf 83' lang='grc' dir='ltr'><strong>ή</strong></span> <span class='ocrx_word' id='word_1_9' title='bbox 791 395 1144 469; x_wconf 73' lang='grc' dir='ltr'><strong>ἀσχημοσύνη</strong></span> <span class='ocrx_word' id='word_1_10' title='bbox 1194 413 1290 451; x_wconf 86' lang='grc' dir='ltr'><strong>σου</strong></span> <span class='ocrx_word' id='word_1_11' title='bbox 1323 395 1394 450; x_wconf 79' lang='grc' dir='ltr'><strong>δι’</strong></span> <span class='ocrx_word' id='word_1_12' title='bbox 1444 395 1748 468; x_wconf 73' lang='grc' dir='ltr'><strong>ἑγκαταλή-</strong></span> 
     </span>
    </p>
   </div>
   <div class='ocr_carea' id='block_1_5' title="bbox 1879 393 3422 470">
    <p class='ocr_par' dir='ltr' id='par_1_5' title="bbox 1879 394 3422 467">
     <span class='ocr_line' id='line_1_5' title="bbox 1879 394 3422 467; baseline 0.003 -19"><span class='ocrx_word' id='word_1_13' title='bbox 1879 397 2102 451; x_wconf 85' lang='lat' dir='ltr'><strong>ormitas</strong></span> <span class='ocrx_word' id='word_1_14' title='bbox 2154 394 2454 461; x_wconf 83' lang='lat' dir='ltr'><strong>reveletur;</strong></span> <span class='ocrx_word' id='word_1_15' title='bbox 2491 399 2546 450; x_wconf 88' lang='lat' dir='ltr'><strong>et</strong></span> <span class='ocrx_word' id='word_1_16' title='bbox 2580 401 2714 452; x_wconf 92' lang='lat' dir='ltr'><strong>tunc</strong></span> <span class='ocrx_word' id='word_1_17' title='bbox 2755 404 3134 467; x_wconf 72' lang='lat' dir='ltr'><strong>cognoscent,</strong></span> <span class='ocrx_word' id='word_1_18' title='bbox 3175 395 3270 459; x_wconf 88' lang='lat' dir='ltr'><strong>ait,</strong></span> <span class='ocrx_word' id='word_1_19' title='bbox 3327 397 3422 452; x_wconf 89' lang='lat' dir='ltr'><strong>ubi</strong></span> 
     </span>
    </p>
   </div>
   <div class='ocr_carea' id='block_1_6' title="bbox 158 484 1763 562">
    <p class='ocr_par' dir='ltr' id='par_1_6' title="bbox 158 487 1741 562">
     <span class='ocr_line' id='line_1_6' title="bbox 158 487 1741 562; baseline -0.001 -18"><span class='ocrx_word' id='word_1_20' title='bbox 158 487 334 558; x_wconf 76' lang='grc' dir='ltr'><strong>ψεως·</strong></span> <span class='ocrx_word' id='word_1_21' title='bbox 367 489 464 543; x_wconf 77' lang='grc' dir='ltr'><strong>καί</strong></span> <span class='ocrx_word' id='word_1_22' title='bbox 493 489 615 543; x_wconf 83' lang='grc' dir='ltr'><strong>τότε</strong></span> <span class='ocrx_word' id='word_1_23' title='bbox 645 488 968 560; x_wconf 79' lang='grc' dir='ltr'><strong>γνώσονται,</strong></span> <span class='ocrx_word' id='word_1_24' title='bbox 1003 490 1160 562; x_wconf 81' lang='grc' dir='ltr'><strong>φησὶ,</strong></span> <span class='ocrx_word' id='word_1_25' title='bbox 1199 489 1303 544; x_wconf 83' lang='grc' dir='ltr'><strong>ποῦ</strong></span> <span class='ocrx_word' id='word_1_26' title='bbox 1331 491 1479 546; x_wconf 76' lang='grc' dir='ltr'><strong>ἑστιν</strong></span> <span class='ocrx_word' id='word_1_27' title='bbox 1503 489 1682 544; x_wconf 82' lang='grc' dir='ltr'><strong>αὑτῶν</strong></span> <span class='ocrx_word' id='word_1_28' title='bbox 1704 490 1741 560; x_wconf 74' lang='grc' dir='ltr'><strong>ἡ</strong></span> 
     </span>
    </p>
   </div>
   <div class='ocr_carea' id='block_1_7' title="bbox 1879 484 2442 562">
    <p class='ocr_par' dir='ltr' id='par_1_7' title="bbox 1879 484 2442 542">
     <span class='ocr_line' id='line_1_7' title="bbox 1879 484 2442 542; baseline 0 -2"><span class='ocrx_word' id='word_1_29' title='bbox 1879 493 1928 540; x_wconf 83' lang='lat' dir='ltr'><strong>st</strong></span> <span class='ocrx_word' id='word_1_30' title='bbox 1955 500 2147 542; x_wconf 82' lang='lat' dir='ltr'><strong>eorum</strong></span> <span class='ocrx_word' id='word_1_31' title='bbox 2188 484 2442 540; x_wconf 82' lang='lat' dir='ltr'><strong>materia.</strong></span> 
     </span>
    </p>
   </div>
   <div class='ocr_carea' id='block_1_8' title="bbox 160 579 284 652">
    <p class='ocr_par' dir='ltr' id='par_1_8' title="bbox 160 579 284 652">
     <span class='ocr_line' id='line_1_8' title="bbox 160 579 284 652; baseline 0.016 -20"><span class='ocrx_word' id='word_1_32' title='bbox 160 579 284 652; x_wconf 80' lang='grc' dir='ltr'><strong>ὕλη.</strong></span> 
     </span>
    </p>
   </div>
   <div class='ocr_carea' id='block_1_9' title="bbox 495 673 1405 748">
    <p class='ocr_par' dir='ltr' id='par_1_9' title="bbox 495 673 1405 748">
     <span class='ocr_line' id='line_1_9' title="bbox 495 673 1405 748; baseline 0.003 -21"><span class='ocrx_word' id='word_1_33' title='bbox 495 674 574 728; x_wconf 91' lang='lat' dir='ltr'><strong>P&#39;.</strong></span> <span class='ocrx_word' id='word_1_34' title='bbox 604 702 676 715; x_wconf 87' lang='lat'><strong><em>—</em></strong></span> <span class='ocrx_word' id='word_1_35' title='bbox 707 673 1061 748; x_wconf 77' lang='grc' dir='ltr'><strong>ΛΑΜΠΑΔΙῼ</strong></span> <span class='ocrx_word' id='word_1_36' title='bbox 1096 675 1405 748; x_wconf 75' lang='grc' dir='ltr'><strong>ΜΟΝΑΧῼ.</strong></span> 
     </span>
    </p>
   </div>
   <div class='ocr_carea' id='block_1_10' title="bbox 230 767 1746 841">
    <p class='ocr_par' dir='ltr' id='par_1_10' title="bbox 230 767 1746 841">
     <span class='ocr_line' id='line_1_10' title="bbox 230 767 1746 841; baseline 0 -20"><span class='ocrx_word' id='word_1_37' title='bbox 230 767 310 821; x_wconf 89' lang='grc' dir='ltr'><strong>Οὑ</strong></span> <span class='ocrx_word' id='word_1_38' title='bbox 368 767 582 837; x_wconf 87' lang='grc' dir='ltr'><strong>μόνονὸ</strong></span> <span class='ocrx_word' id='word_1_39' title='bbox 641 768 843 833; x_wconf 79' lang='grc' dir='ltr'><strong>Ἰούδας</strong></span> <span class='ocrx_word' id='word_1_40' title='bbox 892 770 982 824; x_wconf 83' lang='grc' dir='ltr'><strong>τὸν</strong></span> <span class='ocrx_word' id='word_1_41' title='bbox 1034 769 1242 841; x_wconf 80' lang='grc' dir='ltr'><strong>Κύριον</strong></span> <span class='ocrx_word' id='word_1_42' title='bbox 1306 768 1587 840; x_wconf 88' lang='grc' dir='ltr'><strong>προύδωκε</strong></span> <span class='ocrx_word' id='word_1_43' title='bbox 1635 768 1746 841; x_wconf 82' lang='grc' dir='ltr'><strong>τῶν</strong></span> 
     </span>
    </p>
   </div>
   <div class='ocr_carea' id='block_1_11' title="bbox 165 839 1744 932">
    <p class='ocr_par' dir='ltr' id='par_1_11' title="bbox 165 839 1744 932">
     <span class='ocr_line' id='line_1_11' title="bbox 165 839 1744 932; baseline 0.001 -20"><span class='ocrx_word' id='word_1_44' title='bbox 165 859 324 912; x_wconf 84' lang='grc' dir='ltr'><strong>θείων</strong></span> <span class='ocrx_word' id='word_1_45' title='bbox 355 861 644 931; x_wconf 78' lang='grc' dir='ltr'><strong>κριμάτων</strong></span> <span class='ocrx_word' id='word_1_46' title='bbox 670 839 1283 932; x_wconf 37' lang='grc' dir='ltr'><strong>καταφρονήσαςξάλλὰ</strong></span> <span class='ocrx_word' id='word_1_47' title='bbox 1309 839 1417 932; x_wconf 75' lang='grc' dir='ltr'><strong>γάρ</strong></span> <span class='ocrx_word' id='word_1_48' title='bbox 1461 861 1554 914; x_wconf 72' lang='grc' dir='ltr'><strong>καὶ</strong></span> <span class='ocrx_word' id='word_1_49' title='bbox 1586 862 1636 914; x_wconf 82' lang='grc' dir='ltr'><strong>οἰ</strong></span> <span class='ocrx_word' id='word_1_50' title='bbox 1662 839 1744 931; x_wconf 46' lang='grc' dir='ltr'><strong>’μή</strong></span> 
     </span>
    </p>
   </div>
   <div class='ocr_carea' id='block_1_12' title="bbox 167 952 1749 1027">
    <p class='ocr_par' dir='ltr' id='par_1_12' title="bbox 167 952 1749 1027">
     <span class='ocr_line' id='line_1_12' title="bbox 167 952 1749 1027; baseline -0.001 -22"><span class='ocrx_word' id='word_1_51' title='bbox 167 952 506 1024; x_wconf 70' lang='grc' dir='ltr'><strong>πληροῦντες</strong></span> <span class='ocrx_word' id='word_1_52' title='bbox 545 953 616 1007; x_wconf 78' lang='grc' dir='ltr'><strong>τὰ</strong></span> <span class='ocrx_word' id='word_1_53' title='bbox 665 955 782 1008; x_wconf 83' lang='grc' dir='ltr'><strong>θεῖα</strong></span> <span class='ocrx_word' id='word_1_54' title='bbox 811 956 1208 1027; x_wconf 76' lang='grc' dir='ltr'><strong>προστάγματα</strong></span> <span class='ocrx_word' id='word_1_55' title='bbox 1239 955 1575 1024; x_wconf 77' lang='grc' dir='ltr'><strong>Χριστιανοὶ,</strong></span> <span class='ocrx_word' id='word_1_56' title='bbox 1615 969 1749 1023; x_wconf 91' lang='grc' dir='ltr'><strong>προ-</strong></span> 
     </span>
    </p>
   </div>
   <div class='ocr_carea' id='block_1_13' title="bbox 167 1043 1748 1118">
    <p class='ocr_par' dir='ltr' id='par_1_13' title="bbox 167 1043 1748 1118">
     <span class='ocr_line' id='line_1_13' title="bbox 167 1043 1748 1118; baseline -0.001 -18"><span class='ocrx_word' id='word_1_57' title='bbox 167 1047 314 1100; x_wconf 67' lang='grc' dir='ltr'><strong>δόται</strong></span> <span class='ocrx_word' id='word_1_58' title='bbox 363 1044 695 1113; x_wconf 75' lang='grc' dir='ltr'><strong>λογίζονται,</strong></span> <span class='ocrx_word' id='word_1_59' title='bbox 747 1045 1238 1118; x_wconf 78' lang='grc' dir='ltr'><strong>καταφρονοῦντες,</strong></span> <span class='ocrx_word' id='word_1_60' title='bbox 1276 1046 1371 1099; x_wconf 76' lang='grc' dir='ltr'><strong>καὶ</strong></span> <span class='ocrx_word' id='word_1_61' title='bbox 1419 1043 1748 1108; x_wconf 74' lang='grc' dir='ltr'><strong>αὑθαδιαζό·</strong></span> 
     </span>
    </p>
   </div>
   <div class='ocr_carea' id='block_1_14' title="bbox 173 1137 1748 1211">
    <p class='ocr_par' dir='ltr' id='par_1_14' title="bbox 173 1137 1748 1211">
     <span class='ocr_line' id='line_1_14' title="bbox 173 1137 1748 1211; baseline -0.001 -19"><span class='ocrx_word' id='word_1_62' title='bbox 173 1157 346 1209; x_wconf 89' lang='grc' dir='ltr'><strong>μενοι,</strong></span> <span class='ocrx_word' id='word_1_63' title='bbox 387 1140 488 1192; x_wconf 72' lang='grc' dir='ltr'><strong>καὶ</strong></span> <span class='ocrx_word' id='word_1_64' title='bbox 543 1141 660 1203; x_wconf 90' lang='grc' dir='ltr'><strong>τοῖς</strong></span> <span class='ocrx_word' id='word_1_65' title='bbox 707 1139 929 1203; x_wconf 78' lang='grc' dir='ltr'><strong>οἰκείοις</strong></span> <span class='ocrx_word' id='word_1_66' title='bbox 976 1141 1230 1211; x_wconf 77' lang='grc' dir='ltr'><strong>πονηροῖς</strong></span> <span class='ocrx_word' id='word_1_67' title='bbox 1269 1137 1748 1203; x_wconf 80' lang='grc' dir='ltr'><strong>ὲξακολουθοῦντες</strong></span> 
     </span>
    </p>
   </div>
   <div class='ocr_carea' id='block_1_15' title="bbox 170 1231 498 1302">
    <p class='ocr_par' dir='ltr' id='par_1_15' title="bbox 170 1231 498 1302">
     <span class='ocr_line' id='line_1_15' title="bbox 170 1231 498 1302; baseline 0.006 -19"><span class='ocrx_word' id='word_1_68' title='bbox 170 1231 295 1302; x_wconf 78' lang='grc' dir='ltr'><strong>θελή</strong></span> <span class='ocrx_word' id='word_1_69' title='bbox 305 1247 498 1302; x_wconf 69' lang='grc' dir='ltr'><strong>μασιν.</strong></span> 
     </span>
    </p>
   </div>
   <div class='ocr_carea' id='block_1_16' title="bbox 685 1319 1247 1387">
    <p class='ocr_par' dir='ltr' id='par_1_16' title="bbox 685 1319 1247 1387">
     <span class='ocr_line' id='line_1_16' title="bbox 685 1319 1247 1387; baseline 0 -11"><span class='ocrx_word' id='word_1_70' title='bbox 685 1324 808 1376; x_wconf 78' lang='lat' dir='ltr'><strong>I’A&#39;.</strong></span> <span class='ocrx_word' id='word_1_71' title='bbox 836 1352 907 1361; x_wconf 96' lang='lat'><strong>—</strong></span> <span class='ocrx_word' id='word_1_72' title='bbox 946 1321 1030 1387; x_wconf 84' lang='grc' dir='ltr'><strong>Τῷ</strong></span> <span class='ocrx_word' id='word_1_73' title='bbox 1059 1319 1247 1387; x_wconf 70' lang='grc' dir='ltr'><strong>αὐτῷ.</strong></span> 
     </span>
    </p>
   </div>
   <div class='ocr_carea' id='block_1_17' title="bbox 247 1411 1750 1484">
    <p class='ocr_par' dir='ltr' id='par_1_17' title="bbox 247 1411 1750 1484">
     <span class='ocr_line' id='line_1_17' title="bbox 247 1411 1750 1484; baseline -0.003 -16"><span class='ocrx_word' id='word_1_74' title='bbox 247 1415 310 1468; x_wconf 86' lang='grc' dir='ltr'>Ὀ</span> <span class='ocrx_word' id='word_1_75' title='bbox 343 1413 435 1468; x_wconf 79' lang='grc' dir='ltr'><strong>διὰ</strong></span> <span class='ocrx_word' id='word_1_76' title='bbox 469 1415 563 1467; x_wconf 78' lang='grc' dir='ltr'><strong>τὸν</strong></span> <span class='ocrx_word' id='word_1_77' title='bbox 603 1414 768 1484; x_wconf 76' lang='grc' dir='ltr'><strong>φόϐον</strong></span> <span class='ocrx_word' id='word_1_78' title='bbox 801 1413 895 1468; x_wconf 90' lang='grc' dir='ltr'><strong>τοῦ</strong></span> <span class='ocrx_word' id='word_1_79' title='bbox 948 1414 1084 1467; x_wconf 89' lang='grc' dir='ltr'><strong>Θεοῦ</strong></span> <span class='ocrx_word' id='word_1_80' title='bbox 1127 1413 1322 1467; x_wconf 75' lang='grc' dir='ltr'><strong>ἑαυτὸν</strong></span> <span class='ocrx_word' id='word_1_81' title='bbox 1366 1411 1640 1477; x_wconf 79' lang='grc' dir='ltr'><strong>ὑποτάξας</strong></span> <span class='ocrx_word' id='word_1_82' title='bbox 1684 1413 1750 1482; x_wconf 79' lang='grc' dir='ltr'><strong>τῇ</strong></span> 
     </span>
    </p>
   </div>
   <div class='ocr_carea' id='block_1_18' title="bbox 168 1501 1752 1577">
    <p class='ocr_par' dir='ltr' id='par_1_18' title="bbox 168 1501 1752 1577">
     <span class='ocr_line' id='line_1_18' title="bbox 168 1501 1752 1577; baseline -0.002 -20"><span class='ocrx_word' id='word_1_83' title='bbox 168 1505 275 1558; x_wconf 84' lang='grc' dir='ltr'><strong>τῶν</strong></span> <span class='ocrx_word' id='word_1_84' title='bbox 304 1506 766 1576; x_wconf 80' lang='grc' dir='ltr'><strong>συνασκουμένων</strong></span> <span class='ocrx_word' id='word_1_85' title='bbox 795 1507 1089 1577; x_wconf 79' lang='grc' dir='ltr'><strong>ὑπηρεσίᾳ,</strong></span> <span class='ocrx_word' id='word_1_86' title='bbox 1131 1505 1226 1558; x_wconf 68' lang='grc' dir='ltr'><strong>ἐὰν</strong></span> <span class='ocrx_word' id='word_1_87' title='bbox 1265 1503 1492 1574; x_wconf 79' lang='grc' dir='ltr'><strong>ὕστερον</strong></span> <span class='ocrx_word' id='word_1_88' title='bbox 1522 1501 1752 1574; x_wconf 80' lang='grc' dir='ltr'><strong>ἄρξηται</strong></span> 
     </span>
    </p>
   </div>
   <div class='ocr_carea' id='block_1_19' title="bbox 172 1595 1753 1669">
    <p class='ocr_par' dir='ltr' id='par_1_19' title="bbox 172 1595 1753 1669">
     <span class='ocr_line' id='line_1_19' title="bbox 172 1595 1753 1669; baseline -0.003 -19"><span class='ocrx_word' id='word_1_89' title='bbox 172 1597 600 1669; x_wconf 79' lang='grc' dir='ltr'><strong>σκληρύνεσθαι,</strong></span> <span class='ocrx_word' id='word_1_90' title='bbox 649 1598 745 1651; x_wconf 61' lang='grc' dir='ltr'><strong>καὶ⁸</strong></span> <span class='ocrx_word' id='word_1_91' title='bbox 792 1595 1335 1669; x_wconf 81' lang='grc' dir='ltr'><strong>ὑπερηφανεύεσθαι,</strong></span> <span class='ocrx_word' id='word_1_92' title='bbox 1386 1595 1480 1648; x_wconf 81' lang='grc' dir='ltr'><strong>καὶ</strong></span> <span class='ocrx_word' id='word_1_93' title='bbox 1529 1597 1753 1665; x_wconf 78' lang='grc' dir='ltr'><strong>κρατεῖν</strong></span> 
     </span>
    </p>
   </div>
   <div class='ocr_carea' id='block_1_20' title="bbox 169 1682 1753 1758">
    <p class='ocr_par' dir='ltr' id='par_1_20' title="bbox 169 1682 1753 1758">
     <span class='ocr_line' id='line_1_20' title="bbox 169 1682 1753 1758; baseline -0.003 -18"><span class='ocrx_word' id='word_1_94' title='bbox 169 1687 416 1758; x_wconf 83' lang='grc' dir='ltr'><strong>ἀργύρια</strong></span> <span class='ocrx_word' id='word_1_95' title='bbox 449 1689 539 1740; x_wconf 76' lang='grc' dir='ltr'><strong>ἐπὶ</strong></span> <span class='ocrx_word' id='word_1_96' title='bbox 587 1686 730 1757; x_wconf 82' lang='grc' dir='ltr'><strong>λόγῳ</strong></span> <span class='ocrx_word' id='word_1_97' title='bbox 785 1687 920 1757; x_wconf 79' lang='grc' dir='ltr'><strong>ἰδίῳ,</strong></span> <span class='ocrx_word' id='word_1_98' title='bbox 951 1682 1103 1752; x_wconf 71' lang='grc' dir='ltr'><strong>οὗτος</strong></span> <span class='ocrx_word' id='word_1_99' title='bbox 1157 1687 1286 1749; x_wconf 78' lang='grc' dir='ltr'><strong>τοὺς</strong></span> <span class='ocrx_word' id='word_1_100' title='bbox 1336 1684 1514 1747; x_wconf 87' lang='grc' dir='ltr'><strong>θείους</strong></span> <span class='ocrx_word' id='word_1_101' title='bbox 1554 1684 1753 1754; x_wconf 90' lang='grc' dir='ltr'><strong>νόμους</strong></span> 
     </span>
    </p>
   </div>
   <div class='ocr_carea' id='block_1_21' title="bbox 2154 685 3109 747">
    <p class='ocr_par' dir='ltr' id='par_1_21' title="bbox 2154 685 3109 747">
     <span class='ocr_line' id='line_1_21' title="bbox 2154 685 3109 747; baseline 0.003 -4"><span class='ocrx_word' id='word_1_102' title='bbox 2154 686 2217 743; x_wconf 89' lang='lat' dir='ltr'><strong>C.</strong></span> <span class='ocrx_word' id='word_1_103' title='bbox 2253 717 2323 728; x_wconf 92' lang='lat'><strong><em>—</em></strong></span> <span class='ocrx_word' id='word_1_104' title='bbox 2356 685 2710 747; x_wconf 78' lang='lat' dir='ltr'><strong>LAMPADIO</strong></span> <span class='ocrx_word' id='word_1_105' title='bbox 2749 687 3109 747; x_wconf 79' lang='lat' dir='ltr'><strong>MONACHO.</strong></span> 
     </span>
    </p>
   </div>
   <div class='ocr_carea' id='block_1_22' title="bbox 1915 776 3426 840">
    <p class='ocr_par' dir='ltr' id='par_1_22' title="bbox 1915 776 3426 840">
     <span class='ocr_line' id='line_1_22' title="bbox 1915 776 3426 840; baseline 0.005 -7"><span class='ocrx_word' id='word_1_106' title='bbox 1915 776 2037 834; x_wconf 85' lang='lat' dir='ltr'><strong>Non</strong></span> <span class='ocrx_word' id='word_1_107' title='bbox 2090 789 2300 834; x_wconf 83' lang='lat' dir='ltr'><strong>tantum</strong></span> <span class='ocrx_word' id='word_1_108' title='bbox 2357 780 2530 836; x_wconf 71' lang='lat' dir='ltr'><strong>Judas</strong></span> <span class='ocrx_word' id='word_1_109' title='bbox 2586 781 2876 838; x_wconf 88' lang='lat' dir='ltr'><strong>Dominum</strong></span> <span class='ocrx_word' id='word_1_110' title='bbox 2933 783 3158 838; x_wconf 83' lang='lat' dir='ltr'><strong>tradidit</strong></span> <span class='ocrx_word' id='word_1_111' title='bbox 3219 784 3426 840; x_wconf 82' lang='lat' dir='ltr'><strong>divinis</strong></span> 
     </span>
    </p>
   </div>
   <div class='ocr_carea' id='block_1_23' title="bbox 1848 867 3427 942">
    <p class='ocr_par' dir='ltr' id='par_1_23' title="bbox 1848 867 3427 942">
     <span class='ocr_line' id='line_1_23' title="bbox 1848 867 3427 942; baseline 0.004 -20"><span class='ocrx_word' id='word_1_112' title='bbox 1848 867 2051 937; x_wconf 89' lang='lat' dir='ltr'><strong>spretis</strong></span> <span class='ocrx_word' id='word_1_113' title='bbox 2090 867 2352 936; x_wconf 72' lang='lat' dir='ltr'><strong>iudiciis,</strong></span> <span class='ocrx_word' id='word_1_114' title='bbox 2407 869 2501 923; x_wconf 89' lang='lat' dir='ltr'><strong>sed</strong></span> <span class='ocrx_word' id='word_1_115' title='bbox 2542 877 2597 923; x_wconf 91' lang='lat' dir='ltr'><strong>et</strong></span> <span class='ocrx_word' id='word_1_116' title='bbox 2643 869 2736 940; x_wconf 91' lang='lat' dir='ltr'><strong>qui</strong></span> <span class='ocrx_word' id='word_1_117' title='bbox 2779 870 2964 926; x_wconf 86' lang='lat' dir='ltr'><strong>divina</strong></span> <span class='ocrx_word' id='word_1_118' title='bbox 3008 881 3273 942; x_wconf 70' lang='lat' dir='ltr'><strong>praecepta</strong></span> <span class='ocrx_word' id='word_1_119' title='bbox 3316 890 3427 928; x_wconf 89' lang='lat' dir='ltr'><strong>non</strong></span> 
     </span>
    </p>
   </div>
   <div class='ocr_carea' id='block_1_24' title="bbox 1849 958 3428 1033">
    <p class='ocr_par' dir='ltr' id='par_1_24' title="bbox 1849 958 3428 1033">
     <span class='ocr_line' id='line_1_24' title="bbox 1849 958 3428 1033; baseline 0.004 -21"><span class='ocrx_word' id='word_1_120' title='bbox 1849 958 2152 1029; x_wconf 84' lang='lat' dir='ltr'><strong>adimplent</strong></span> <span class='ocrx_word' id='word_1_121' title='bbox 2193 958 2524 1023; x_wconf 80' lang='lat' dir='ltr'><strong>Christiani,</strong></span> <span class='ocrx_word' id='word_1_122' title='bbox 2557 959 2871 1031; x_wconf 79' lang='lat' dir='ltr'><strong>proditores</strong></span> <span class='ocrx_word' id='word_1_123' title='bbox 2916 972 3264 1032; x_wconf 84' lang='lat' dir='ltr'><strong>reputantur,</strong></span> <span class='ocrx_word' id='word_1_124' title='bbox 3305 981 3428 1033; x_wconf 84' lang='lat' dir='ltr'><strong>pes-</strong></span> 
     </span>
    </p>
   </div>
   <div class='ocr_carea' id='block_1_25' title="bbox 1850 1051 3428 1126">
    <p class='ocr_par' dir='ltr' id='par_1_25' title="bbox 1850 1051 3428 1126">
     <span class='ocr_line' id='line_1_25' title="bbox 1850 1051 3428 1126; baseline 0.004 -21"><span class='ocrx_word' id='word_1_125' title='bbox 1850 1051 2197 1112; x_wconf 83' lang='lat' dir='ltr'><strong>sumdantes.</strong></span> <span class='ocrx_word' id='word_1_126' title='bbox 2231 1059 2287 1105; x_wconf 86' lang='lat' dir='ltr'><strong>et</strong></span> <span class='ocrx_word' id='word_1_127' title='bbox 2331 1052 2691 1123; x_wconf 80' lang='lat' dir='ltr'><strong>pertinaciter</strong></span> <span class='ocrx_word' id='word_1_128' title='bbox 2725 1053 3070 1118; x_wconf 88' lang='lat' dir='ltr'><strong>resistentes,</strong></span> <span class='ocrx_word' id='word_1_129' title='bbox 3109 1064 3164 1110; x_wconf 87' lang='lat' dir='ltr'><strong>et</strong></span> <span class='ocrx_word' id='word_1_130' title='bbox 3190 1055 3428 1126; x_wconf 82' lang='lat' dir='ltr'><strong>propriis</strong></span> 
     </span>
    </p>
   </div>
   <div class='ocr_carea' id='block_1_26' title="bbox 1851 1137 2855 1213">
    <p class='ocr_par' dir='ltr' id='par_1_26' title="bbox 1851 1137 2855 1213">
     <span class='ocr_line' id='line_1_26' title="bbox 1851 1137 2855 1213; baseline 0.002 -15"><span class='ocrx_word' id='word_1_131' title='bbox 1851 1144 2036 1213; x_wconf 80' lang='lat' dir='ltr'><strong>pravis</strong></span> <span class='ocrx_word' id='word_1_132' title='bbox 2063 1137 2505 1198; x_wconf 79' lang='lat' dir='ltr'><strong>obsecundantes</strong></span> <span class='ocrx_word' id='word_1_133' title='bbox 2535 1143 2855 1200; x_wconf 76' lang='lat' dir='ltr'><strong>desideriis-</strong></span> 
     </span>
    </p>
   </div>
   <div class='ocr_carea' id='block_1_27' title="bbox 2419 1323 2857 1377">
    <p class='ocr_par' dir='ltr' id='par_1_27' title="bbox 2419 1323 2857 1377">
     <span class='ocr_line' id='line_1_27' title="bbox 2419 1323 2857 1377; baseline 0.002 -1"><span class='ocrx_word' id='word_1_134' title='bbox 2419 1323 2504 1376; x_wconf 80' lang='lat' dir='ltr'><strong>Cl.</strong></span> <span class='ocrx_word' id='word_1_135' title='bbox 2548 1355 2614 1366; x_wconf 92' lang='lat'><strong>-—</strong></span> <span class='ocrx_word' id='word_1_136' title='bbox 2653 1323 2857 1377; x_wconf 81' lang='lat' dir='ltr'><strong>Eidem.</strong></span> 
     </span>
    </p>
   </div>
   <div class='ocr_carea' id='block_1_28' title="bbox 1924 1409 3432 1483">
    <p class='ocr_par' dir='ltr' id='par_1_28' title="bbox 1924 1409 3432 1483">
     <span class='ocr_line' id='line_1_28' title="bbox 1924 1409 3432 1483; baseline 0.003 -20"><span class='ocrx_word' id='word_1_137' title='bbox 1924 1409 2025 1476; x_wconf 84' lang='lat' dir='ltr'><strong>Qui</strong></span> <span class='ocrx_word' id='word_1_138' title='bbox 2064 1409 2263 1464; x_wconf 83' lang='lat' dir='ltr'><strong>timore</strong></span> <span class='ocrx_word' id='word_1_139' title='bbox 2296 1411 2388 1466; x_wconf 85' lang='lat' dir='ltr'><strong>Dei</strong></span> <span class='ocrx_word' id='word_1_140' title='bbox 2432 1414 2791 1483; x_wconf 87' lang='lat' dir='ltr'><strong>semetipsum</strong></span> <span class='ocrx_word' id='word_1_141' title='bbox 2825 1415 3199 1469; x_wconf 79' lang='lat' dir='ltr'><strong>exercentium</strong></span> <span class='ocrx_word' id='word_1_142' title='bbox 3238 1430 3296 1470; x_wconf 77' lang='lat' dir='ltr'><strong>se</strong></span> <span class='ocrx_word' id='word_1_143' title='bbox 3329 1415 3432 1469; x_wconf 90' lang='lat' dir='ltr'><strong>mi-</strong></span> 
     </span>
    </p>
   </div>
   <div class='ocr_carea' id='block_1_29' title="bbox 1855 1501 3432 1575">
    <p class='ocr_par' dir='ltr' id='par_1_29' title="bbox 1855 1501 3432 1575">
     <span class='ocr_line' id='line_1_29' title="bbox 1855 1501 3432 1575; baseline 0.003 -22"><span class='ocrx_word' id='word_1_144' title='bbox 1855 1501 2084 1556; x_wconf 90' lang='lat' dir='ltr'><strong>nisterio</strong></span> <span class='ocrx_word' id='word_1_145' title='bbox 2127 1502 2360 1564; x_wconf 84' lang='lat' dir='ltr'><strong>addixit,</strong></span> <span class='ocrx_word' id='word_1_146' title='bbox 2411 1504 2455 1558; x_wconf 90' lang='lat' dir='ltr'><strong>si</strong></span> <span class='ocrx_word' id='word_1_147' title='bbox 2493 1510 2680 1572; x_wconf 85' lang='lat' dir='ltr'><strong>postea</strong></span> <span class='ocrx_word' id='word_1_148' title='bbox 2727 1504 3082 1558; x_wconf 88' lang='lat' dir='ltr'><strong>indurescere</strong></span> <span class='ocrx_word' id='word_1_149' title='bbox 3122 1505 3338 1575; x_wconf 88' lang='lat' dir='ltr'><strong>incipit,</strong></span> <span class='ocrx_word' id='word_1_150' title='bbox 3376 1513 3432 1560; x_wconf 92' lang='lat' dir='ltr'><strong>et</strong></span> 
     </span>
    </p>
   </div>
   <div class='ocr_carea' id='block_1_30' title="bbox 1855 1591 3428 1667">
    <p class='ocr_par' dir='ltr' id='par_1_30' title="bbox 1855 1591 3428 1667">
     <span class='ocr_line' id='line_1_30' title="bbox 1855 1591 3428 1667; baseline 0.004 -22"><span class='ocrx_word' id='word_1_151' title='bbox 1855 1591 2214 1659; x_wconf 85' lang='lat' dir='ltr'><strong>insolescere,</strong></span> <span class='ocrx_word' id='word_1_152' title='bbox 2240 1609 2609 1664; x_wconf 81' lang='lat' dir='ltr'><strong>nummosque</strong></span> <span class='ocrx_word' id='word_1_153' title='bbox 2635 1596 2850 1650; x_wconf 81' lang='lat' dir='ltr'><strong>ratione</strong></span> <span class='ocrx_word' id='word_1_154' title='bbox 2874 1598 3093 1667; x_wconf 90' lang='lat' dir='ltr'><strong>propria</strong></span> <span class='ocrx_word' id='word_1_155' title='bbox 3127 1597 3428 1667; x_wconf 85' lang='lat' dir='ltr'><strong>possidere.</strong></span> 
     </span>
    </p>
   </div>
   <div class='ocr_carea' id='block_1_31' title="bbox 1856 1683 3433 1758">
    <p class='ocr_par' dir='ltr' id='par_1_31' title="bbox 1856 1683 3433 1758">
     <span class='ocr_line' id='line_1_31' title="bbox 1856 1683 3433 1758; baseline 0.004 -21"><span class='ocrx_word' id='word_1_156' title='bbox 1856 1683 1946 1738; x_wconf 84' lang='lat' dir='ltr'><strong>hic</strong></span> <span class='ocrx_word' id='word_1_157' title='bbox 1993 1684 2214 1740; x_wconf 86' lang='lat' dir='ltr'><strong>divinas</strong></span> <span class='ocrx_word' id='word_1_158' title='bbox 2263 1685 2409 1757; x_wconf 84' lang='lat' dir='ltr'><strong>leges</strong></span> <span class='ocrx_word' id='word_1_159' title='bbox 2463 1697 2844 1757; x_wconf 73' lang='lat' dir='ltr'><strong>transgressus</strong></span> <span class='ocrx_word' id='word_1_160' title='bbox 2883 1697 2987 1748; x_wconf 88' lang='lat' dir='ltr'><strong>est,</strong></span> <span class='ocrx_word' id='word_1_161' title='bbox 3024 1699 3080 1742; x_wconf 84' lang='lat' dir='ltr'><strong>et</strong></span> <span class='ocrx_word' id='word_1_162' title='bbox 3118 1689 3340 1758; x_wconf 78' lang='lat' dir='ltr'><strong>abiecit,</strong></span> <span class='ocrx_word' id='word_1_163' title='bbox 3377 1698 3433 1743; x_wconf 77' lang='lat' dir='ltr'><strong>et</strong></span> 
     </span>
    </p>
   </div>
   <div class='ocr_carea' id='block_1_32' title="bbox 169 1756 1763 1850">
    <p class='ocr_par' dir='ltr' id='par_1_32' title="bbox 169 1756 1748 1850">
     <span class='ocr_line' id='line_1_32' title="bbox 169 1756 1748 1850; baseline -0.001 -20"><span class='ocrx_word' id='word_1_164' title='bbox 169 1756 414 1848; x_wconf 65' lang='grc' dir='ltr'><strong>παρέϐη,</strong></span> <span class='ocrx_word' id='word_1_165' title='bbox 441 1781 536 1833; x_wconf 76' lang='grc' dir='ltr'><strong>καὶ</strong></span> <span class='ocrx_word' id='word_1_166' title='bbox 587 1756 1064 1850; x_wconf 84' lang='grc' dir='ltr'><strong>παρηγκωνίσατο,</strong></span> <span class='ocrx_word' id='word_1_167' title='bbox 1097 1777 1332 1848; x_wconf 81' lang='grc' dir='ltr'><strong>ήθέτησέ</strong></span> <span class='ocrx_word' id='word_1_168' title='bbox 1373 1793 1431 1829; x_wconf 88' lang='grc' dir='ltr'><strong>τε</strong></span> <span class='ocrx_word' id='word_1_169' title='bbox 1477 1775 1577 1839; x_wconf 81' lang='grc' dir='ltr'><strong>τὰς</strong></span> <span class='ocrx_word' id='word_1_170' title='bbox 1621 1793 1748 1828; x_wconf 87' lang='grc' dir='ltr'><strong>συν-</strong></span> 
     </span>
    </p>
   </div>
   <div class='ocr_carea' id='block_1_33' title="bbox 1879 1756 3433 1850">
    <p class='ocr_par' dir='ltr' id='par_1_33' title="bbox 1879 1756 3433 1850">
     <span class='ocr_line' id='line_1_33' title="bbox 1879 1756 3433 1850; baseline 0.003 -19"><span class='ocrx_word' id='word_1_171' title='bbox 1879 1776 2085 1844; x_wconf 75' lang='grc' dir='ltr'><strong>ωιίεηι,</strong></span> <span class='ocrx_word' id='word_1_172' title='bbox 2129 1788 2184 1833; x_wconf 87' lang='lat' dir='ltr'><strong>et</strong></span> <span class='ocrx_word' id='word_1_173' title='bbox 2217 1756 2649 1834; x_wconf 79' lang='lat' dir='ltr'><strong>renuntiationis</strong></span> <span class='ocrx_word' id='word_1_174' title='bbox 2693 1787 2747 1832; x_wconf 84' lang='lat' dir='ltr'><strong>et</strong></span> <span class='ocrx_word' id='word_1_175' title='bbox 2777 1756 3433 1850; x_wconf 11' lang='lat' dir='ltr'><strong>submissionisﬁprol‘es-</strong></span> 
     </span>
    </p>
   </div>
   <div class='ocr_carea' id='block_1_34' title="bbox 169 1869 1751 1942">
    <p class='ocr_par' dir='ltr' id='par_1_34' title="bbox 169 1869 1751 1942">
     <span class='ocr_line' id='line_1_34' title="bbox 169 1869 1751 1942; baseline 0 -20"><span class='ocrx_word' id='word_1_176' title='bbox 169 1870 366 1941; x_wconf 81' lang='grc' dir='ltr'><strong>θήκας.</strong></span> <span class='ocrx_word' id='word_1_177' title='bbox 401 1873 501 1925; x_wconf 83' lang='grc' dir='ltr'><strong>καί</strong></span> <span class='ocrx_word' id='word_1_178' title='bbox 558 1871 655 1942; x_wconf 74' lang='grc' dir='ltr'><strong>τὴν</strong></span> <span class='ocrx_word' id='word_1_179' title='bbox 705 1870 1018 1941; x_wconf 82' lang='grc' dir='ltr'><strong>ὁμολογίαν.</strong></span> <span class='ocrx_word' id='word_1_180' title='bbox 1051 1871 1150 1941; x_wconf 81' lang='grc' dir='ltr'><strong>τῆς</strong></span> <span class='ocrx_word' id='word_1_181' title='bbox 1203 1888 1263 1923; x_wconf 89' lang='grc' dir='ltr'><strong>τε</strong></span> <span class='ocrx_word' id='word_1_182' title='bbox 1313 1870 1615 1940; x_wconf 65' lang='grc' dir='ltr'><strong>ἀποααγῆς,</strong></span> <span class='ocrx_word' id='word_1_183' title='bbox 1655 1869 1751 1922; x_wconf 76' lang='grc' dir='ltr'><strong>καὶ</strong></span> 
     </span>
    </p>
   </div>
   <div class='ocr_carea' id='block_1_35' title="bbox 171 1962 1753 2034">
    <p class='ocr_par' dir='ltr' id='par_1_35' title="bbox 171 1962 1753 2034">
     <span class='ocr_line' id='line_1_35' title="bbox 171 1962 1753 2034; baseline 0.002 -22"><span class='ocrx_word' id='word_1_184' title='bbox 171 1962 268 2030; x_wconf 80' lang='grc' dir='ltr'><strong>τῆς</strong></span> <span class='ocrx_word' id='word_1_185' title='bbox 296 1963 622 2029; x_wconf 82' lang='grc' dir='ltr'><strong>ὑποταξίας,</strong></span> <span class='ocrx_word' id='word_1_186' title='bbox 657 1963 752 2016; x_wconf 81' lang='grc' dir='ltr'><strong>καί</strong></span> <span class='ocrx_word' id='word_1_187' title='bbox 780 1962 995 2032; x_wconf 81' lang='grc' dir='ltr'><strong>λέγεται</strong></span> <span class='ocrx_word' id='word_1_188' title='bbox 1027 1962 1312 2034; x_wconf 77' lang='grc' dir='ltr'><strong>προδότης,</strong></span> <span class='ocrx_word' id='word_1_189' title='bbox 1338 1963 1613 2034; x_wconf 85' lang='grc' dir='ltr'><strong>προεδωκε</strong></span> <span class='ocrx_word' id='word_1_190' title='bbox 1643 1962 1753 2034; x_wconf 80' lang='grc' dir='ltr'><strong>γὰρ</strong></span> 
     </span>
    </p>
   </div>
   <div class='ocr_carea' id='block_1_36' title="bbox 170 2053 892 2124">
    <p class='ocr_par' dir='ltr' id='par_1_36' title="bbox 170 2053 892 2124">
     <span class='ocr_line' id='line_1_36' title="bbox 170 2053 892 2124; baseline 0.004 -18"><span class='ocrx_word' id='word_1_191' title='bbox 170 2053 260 2107; x_wconf 74' lang='grc' dir='ltr'><strong>τὸν</strong></span> <span class='ocrx_word' id='word_1_192' title='bbox 285 2054 688 2124; x_wconf 70' lang='grc' dir='ltr'><strong>προφθάσαντα</strong></span> <span class='ocrx_word' id='word_1_193' title='bbox 714 2056 892 2124; x_wconf 82' lang='grc' dir='ltr'><strong>λόγον.</strong></span> 
     </span>
    </p>
   </div>
   <div class='ocr_carea' id='block_1_37' title="bbox 369 2145 1553 2218">
    <p class='ocr_par' dir='ltr' id='par_1_37' title="bbox 369 2145 1553 2218">
     <span class='ocr_line' id='line_1_37' title="bbox 369 2145 1553 2218; baseline 0 -18"><span class='ocrx_word' id='word_1_194' title='bbox 369 2146 497 2200; x_wconf 87' lang='lat' dir='ltr'><strong>PB’.</strong></span> <span class='ocrx_word' id='word_1_195' title='bbox 527 2176 601 2191; x_wconf 66' lang='grc' dir='ltr'><strong>-ς</strong></span> <span class='ocrx_word' id='word_1_196' title='bbox 630 2147 968 2218; x_wconf 80' lang='grc' dir='ltr'><strong>ΕΥΣΤΑΘΙῼ</strong></span> <span class='ocrx_word' id='word_1_197' title='bbox 1005 2145 1553 2217; x_wconf 73' lang='grc' dir='ltr'><strong>ΛΡΧΙΜΑΝΔΡΙΤῌ.</strong></span> 
     </span>
    </p>
   </div>
   <div class='ocr_carea' id='block_1_38' title="bbox 255 2235 1756 2307">
    <p class='ocr_par' dir='ltr' id='par_1_38' title="bbox 255 2235 1756 2307">
     <span class='ocr_line' id='line_1_38' title="bbox 255 2235 1756 2307; baseline -0.001 -17"><span class='ocrx_word' id='word_1_198' title='bbox 255 2237 537 2305; x_wconf 81' lang='grc' dir='ltr'><strong>Ὀγκῶδες</strong></span> <span class='ocrx_word' id='word_1_199' title='bbox 559 2239 812 2294; x_wconf 89' lang='grc' dir='ltr'><strong>θυλάκιον</strong></span> <span class='ocrx_word' id='word_1_200' title='bbox 848 2237 1154 2302; x_wconf 85' lang='grc' dir='ltr'><strong>σπουδαίως</strong></span> <span class='ocrx_word' id='word_1_201' title='bbox 1179 2237 1509 2307; x_wconf 79' lang='grc' dir='ltr'><strong>φιλοκαλεῖς,</strong></span> <span class='ocrx_word' id='word_1_202' title='bbox 1532 2235 1628 2290; x_wconf 78' lang='grc' dir='ltr'><strong>καὶ</strong></span> <span class='ocrx_word' id='word_1_203' title='bbox 1654 2235 1756 2307; x_wconf 78' lang='grc' dir='ltr'><strong>τῆς</strong></span> 
     </span>
    </p>
   </div>
   <div class='ocr_carea' id='block_1_39' title="bbox 175 2329 1758 2405">
    <p class='ocr_par' dir='ltr' id='par_1_39' title="bbox 175 2329 1758 2405">
     <span class='ocr_line' id='line_1_39' title="bbox 175 2329 1758 2405; baseline 0.001 -23"><span class='ocrx_word' id='word_1_204' title='bbox 175 2329 381 2400; x_wconf 70' lang='grc' dir='ltr'><strong>σαρκὸς</strong></span> <span class='ocrx_word' id='word_1_205' title='bbox 411 2329 474 2382; x_wconf 79' lang='grc' dir='ltr'><strong>τὸ</strong></span> <span class='ocrx_word' id='word_1_206' title='bbox 509 2331 666 2394; x_wconf 87' lang='grc' dir='ltr'><strong>λίπος</strong></span> <span class='ocrx_word' id='word_1_207' title='bbox 699 2331 996 2402; x_wconf 80' lang='grc' dir='ltr'><strong>προθύμως</strong></span> <span class='ocrx_word' id='word_1_208' title='bbox 1034 2334 1320 2404; x_wconf 81' lang='grc' dir='ltr'><strong>περιποιῇ,</strong></span> <span class='ocrx_word' id='word_1_209' title='bbox 1359 2331 1516 2405; x_wconf 75' lang='grc' dir='ltr'><strong>δίκην</strong></span> <span class='ocrx_word' id='word_1_210' title='bbox 1544 2329 1758 2403; x_wconf 72' lang='grc' dir='ltr'><strong>ὄρνιθος</strong></span> 
     </span>
    </p>
   </div>
   <div class='ocr_carea' id='block_1_40' title="bbox 175 2420 1758 2494">
    <p class='ocr_par' dir='ltr' id='par_1_40' title="bbox 175 2420 1758 2494">
     <span class='ocr_line' id='line_1_40' title="bbox 175 2420 1758 2494; baseline -0.001 -20"><span class='ocrx_word' id='word_1_211' title='bbox 175 2420 406 2484; x_wconf 75' lang='grc' dir='ltr'><strong>σιτίζων</strong></span> <span class='ocrx_word' id='word_1_212' title='bbox 448 2422 643 2474; x_wconf 75' lang='grc' dir='ltr'><strong>σαυτὸν</strong></span> <span class='ocrx_word' id='word_1_213' title='bbox 690 2423 750 2475; x_wconf 84' lang='grc' dir='ltr'><strong>ὲν</strong></span> <span class='ocrx_word' id='word_1_214' title='bbox 800 2423 974 2494; x_wconf 86' lang='grc' dir='ltr'><strong>σκότῳ</strong></span> <span class='ocrx_word' id='word_1_215' title='bbox 1013 2422 1113 2492; x_wconf 87' lang='grc' dir='ltr'><strong>τῆς</strong></span> <span class='ocrx_word' id='word_1_216' title='bbox 1157 2422 1401 2491; x_wconf 86' lang='grc' dir='ltr'><strong>ἀγνοίας.</strong></span> <span class='ocrx_word' id='word_1_217' title='bbox 1438 2421 1548 2476; x_wconf 71' lang='grc' dir='ltr'><strong>Καὶ</strong></span> <span class='ocrx_word' id='word_1_218' title='bbox 1598 2420 1758 2474; x_wconf 86' lang='grc' dir='ltr'><strong>ποίαν</strong></span> 
     </span>
    </p>
   </div>
   <div class='ocr_carea' id='block_1_41' title="bbox 173 2512 1759 2587">
    <p class='ocr_par' dir='ltr' id='par_1_41' title="bbox 173 2512 1759 2587">
     <span class='ocr_line' id='line_1_41' title="bbox 173 2512 1759 2587; baseline 0.001 -21"><span class='ocrx_word' id='word_1_219' title='bbox 173 2514 286 2582; x_wconf 78' lang='grc' dir='ltr'><strong>ἄρα</strong></span> <span class='ocrx_word' id='word_1_220' title='bbox 331 2513 650 2584; x_wconf 76' lang='grc' dir='ltr'><strong>παρρησίαν</strong></span> <span class='ocrx_word' id='word_1_221' title='bbox 692 2514 968 2586; x_wconf 89' lang='grc' dir='ltr'><strong>εὑρήσεις,</strong></span> <span class='ocrx_word' id='word_1_222' title='bbox 1026 2515 1156 2568; x_wconf 85' lang='grc' dir='ltr'><strong>ὅταν</strong></span> <span class='ocrx_word' id='word_1_223' title='bbox 1207 2513 1337 2587; x_wconf 76' lang='grc' dir='ltr'><strong>ἔλθῃ</strong></span> <span class='ocrx_word' id='word_1_224' title='bbox 1383 2515 1412 2568; x_wconf 86' lang='grc' dir='ltr'><strong>ό</strong></span> <span class='ocrx_word' id='word_1_225' title='bbox 1444 2512 1647 2585; x_wconf 89' lang='grc' dir='ltr'><strong>κρίνων</strong></span> <span class='ocrx_word' id='word_1_226' title='bbox 1689 2513 1759 2567; x_wconf 84' lang='grc' dir='ltr'><strong>τὰ</strong></span> 
     </span>
    </p>
   </div>
   <div class='ocr_carea' id='block_1_42' title="bbox 175 2603 522 2674">
    <p class='ocr_par' dir='ltr' id='par_1_42' title="bbox 175 2603 522 2674">
     <span class='ocr_line' id='line_1_42' title="bbox 175 2603 522 2674; baseline 0.003 -19"><span class='ocrx_word' id='word_1_227' title='bbox 175 2603 481 2674; x_wconf 82' lang='grc' dir='ltr'><strong>σύμπαντα</strong></span> <span class='ocrx_word' id='word_1_228' title='bbox 505 2619 522 2668; x_wconf 91' lang='lat'><strong>;</strong></span> 
     </span>
    </p>
   </div>
   <div class='ocr_carea' id='block_1_43' title="bbox 521 2695 1418 2768">
    <p class='ocr_par' dir='ltr' id='par_1_43' title="bbox 521 2695 1418 2768">
     <span class='ocr_line' id='line_1_43' title="bbox 521 2695 1418 2768; baseline 0.001 -19"><span class='ocrx_word' id='word_1_229' title='bbox 521 2695 642 2749; x_wconf 80' lang='lat' dir='ltr'><strong>PI&quot;.</strong></span> <span class='ocrx_word' id='word_1_230' title='bbox 662 2725 734 2736; x_wconf 95' lang='lat'><strong><em>—</em></strong></span> <span class='ocrx_word' id='word_1_231' title='bbox 760 2695 1068 2767; x_wconf 78' lang='grc' dir='ltr'><strong>ΕΥΜΑΘΙῼ</strong></span> <span class='ocrx_word' id='word_1_232' title='bbox 1107 2696 1418 2768; x_wconf 80' lang='grc' dir='ltr'><strong>ΜΟΝΑΧῼ.</strong></span> 
     </span>
    </p>
   </div>
   <div class='ocr_carea' id='block_1_44' title="bbox 244 2788 1762 2860">
    <p class='ocr_par' dir='ltr' id='par_1_44' title="bbox 244 2788 1762 2860">
     <span class='ocr_line' id='line_1_44' title="bbox 244 2788 1762 2860; baseline -0.001 -18"><span class='ocrx_word' id='word_1_233' title='bbox 244 2788 374 2842; x_wconf 79' lang='grc' dir='ltr'><strong>’οτ’</strong></span> <span class='ocrx_word' id='word_1_234' title='bbox 425 2789 491 2844; x_wconf 82' lang='grc' dir='ltr'><strong>ἄν</strong></span> <span class='ocrx_word' id='word_1_235' title='bbox 525 2805 666 2852; x_wconf 87' lang='grc' dir='ltr'><strong>τινες</strong></span> <span class='ocrx_word' id='word_1_236' title='bbox 719 2788 830 2843; x_wconf 88' lang='grc' dir='ltr'><strong>τῶν</strong></span> <span class='ocrx_word' id='word_1_237' title='bbox 877 2789 1124 2857; x_wconf 81' lang='grc' dir='ltr'><strong>ἀδελφῶν</strong></span> <span class='ocrx_word' id='word_1_238' title='bbox 1175 2789 1284 2860; x_wconf 85' lang='grc' dir='ltr'><strong>πρὸ</strong></span> <span class='ocrx_word' id='word_1_239' title='bbox 1324 2789 1422 2860; x_wconf 81' lang='grc' dir='ltr'><strong>τῆς</strong></span> <span class='ocrx_word' id='word_1_240' title='bbox 1449 2788 1560 2842; x_wconf 86' lang='grc' dir='ltr'><strong>τῶν</strong></span> <span class='ocrx_word' id='word_1_241' title='bbox 1601 2789 1762 2859; x_wconf 85' lang='grc' dir='ltr'><strong>μολυ-</strong></span> 
     </span>
    </p>
   </div>
   <div class='ocr_carea' id='block_1_45' title="bbox 173 2878 1763 2952">
    <p class='ocr_par' dir='ltr' id='par_1_45' title="bbox 173 2878 1763 2952">
     <span class='ocr_line' id='line_1_45' title="bbox 173 2878 1763 2952; baseline -0.001 -18"><span class='ocrx_word' id='word_1_242' title='bbox 173 2881 414 2952; x_wconf 82' lang='grc' dir='ltr'><strong>σμάτων</strong></span> <span class='ocrx_word' id='word_1_243' title='bbox 461 2878 758 2944; x_wconf 77' lang='grc' dir='ltr'><strong>παντελοῦς</strong></span> <span class='ocrx_word' id='word_1_244' title='bbox 789 2881 1128 2952; x_wconf 83' lang='grc' dir='ltr'><strong>καθάρσεως,</strong></span> <span class='ocrx_word' id='word_1_245' title='bbox 1169 2881 1264 2934; x_wconf 70' lang='grc' dir='ltr'><strong>καὶ</strong></span> <span class='ocrx_word' id='word_1_246' title='bbox 1291 2881 1392 2948; x_wconf 84' lang='grc' dir='ltr'><strong>τῆς</strong></span> <span class='ocrx_word' id='word_1_247' title='bbox 1427 2881 1763 2952; x_wconf 84' lang='grc' dir='ltr'><strong>τελεωτέρας</strong></span> 
     </span>
    </p>
   </div>
   <div class='ocr_carea' id='block_1_46' title="bbox 171 2970 1762 3042">
    <p class='ocr_par' dir='ltr' id='par_1_46' title="bbox 171 2970 1762 3042">
     <span class='ocr_line' id='line_1_46' title="bbox 171 2970 1762 3042; baseline -0.001 -19"><span class='ocrx_word' id='word_1_248' title='bbox 171 2971 349 3036; x_wconf 71' lang='grc' dir='ltr'><strong>ἕξεως</strong></span> <span class='ocrx_word' id='word_1_249' title='bbox 379 2971 656 3024; x_wconf 84' lang='grc' dir='ltr'><strong>διδάσκειν</strong></span> <span class='ocrx_word' id='word_1_250' title='bbox 688 2970 1078 3042; x_wconf 78' lang='grc' dir='ltr'><strong>ἐπιχειροῦσιν,</strong></span> <span class='ocrx_word' id='word_1_251' title='bbox 1108 2970 1410 3041; x_wconf 88' lang='grc' dir='ltr'><strong>τηνικαῦτα</strong></span> <span class='ocrx_word' id='word_1_252' title='bbox 1437 2972 1483 3022; x_wconf 87' lang='grc' dir='ltr'><strong>οἱ</strong></span> <span class='ocrx_word' id='word_1_253' title='bbox 1510 2970 1762 3040; x_wconf 82' lang='grc' dir='ltr'><strong>δαίμονες</strong></span> 
     </span>
    </p>
   </div>
   <div class='ocr_carea' id='block_1_47' title="bbox 175 3058 1764 3132">
    <p class='ocr_par' dir='ltr' id='par_1_47' title="bbox 175 3058 1764 3132">
     <span class='ocr_line' id='line_1_47' title="bbox 175 3058 1764 3132; baseline -0.003 -17"><span class='ocrx_word' id='word_1_254' title='bbox 175 3061 460 3130; x_wconf 80' lang='grc' dir='ltr'><strong>γελῶντες</strong></span> <span class='ocrx_word' id='word_1_255' title='bbox 490 3061 627 3132; x_wconf 82' lang='grc' dir='ltr'><strong>πρὸς</strong></span> <span class='ocrx_word' id='word_1_256' title='bbox 673 3061 898 3123; x_wconf 77' lang='grc' dir='ltr'><strong>ἑαυτοὺς</strong></span> <span class='ocrx_word' id='word_1_257' title='bbox 926 3059 1232 3114; x_wconf 87' lang='grc' dir='ltr'><strong>διανεύουσι</strong></span> <span class='ocrx_word' id='word_1_258' title='bbox 1262 3059 1489 3114; x_wconf 86' lang='grc' dir='ltr'><strong>τοιαῦτα</strong></span> <span class='ocrx_word' id='word_1_259' title='bbox 1518 3058 1764 3130; x_wconf 79' lang='grc' dir='ltr'><strong>ὁμιλοῦν-</strong></span> 
     </span>
    </p>
   </div>
   <div class='ocr_carea' id='block_1_48' title="bbox 170 3143 1764 3222">
    <p class='ocr_par' dir='ltr' id='par_1_48' title="bbox 170 3143 1764 3222">
     <span class='ocr_line' id='line_1_48' title="bbox 170 3143 1764 3222; baseline -0.001 -18"><span class='ocrx_word' id='word_1_260' title='bbox 170 3167 287 3215; x_wconf 85' lang='grc' dir='ltr'><strong>τες,</strong></span> <span class='ocrx_word' id='word_1_261' title='bbox 355 3153 458 3204; x_wconf 83' lang='grc' dir='ltr'><strong>κα¹ι</strong></span> <span class='ocrx_word' id='word_1_262' title='bbox 517 3149 786 3216; x_wconf 80' lang='grc' dir='ltr'><strong>λέγοντες·</strong></span> <span class='ocrx_word' id='word_1_263' title='bbox 839 3143 1008 3214; x_wconf 84' lang='grc' dir='ltr'><strong>Οῦτος</strong></span> <span class='ocrx_word' id='word_1_264' title='bbox 1064 3149 1142 3220; x_wconf 82' lang='grc' dir='ltr'><strong>τῷ</strong></span> <span class='ocrx_word' id='word_1_265' title='bbox 1197 3150 1532 3222; x_wconf 82' lang='grc' dir='ltr'><strong>προσήκοντι</strong></span> <span class='ocrx_word' id='word_1_266' title='bbox 1586 3149 1764 3221; x_wconf 82' lang='grc' dir='ltr'><strong>καιρῷ</strong></span> 
     </span>
    </p>
   </div>
   <div class='ocr_carea' id='block_1_49' title="bbox 173 3238 1766 3312">
    <p class='ocr_par' dir='ltr' id='par_1_49' title="bbox 173 3238 1766 3312">
     <span class='ocr_line' id='line_1_49' title="bbox 173 3238 1766 3312; baseline -0.001 -18"><span class='ocrx_word' id='word_1_267' title='bbox 173 3242 458 3312; x_wconf 66' lang='grc' dir='ltr'><strong>ἡμέτερον</strong></span> <span class='ocrx_word' id='word_1_268' title='bbox 477 3241 766 3310; x_wconf 87' lang='grc' dir='ltr'><strong>γενήσεται</strong></span> <span class='ocrx_word' id='word_1_269' title='bbox 789 3238 1054 3310; x_wconf 82' lang='grc' dir='ltr'><strong>λάφυρον,</strong></span> <span class='ocrx_word' id='word_1_270' title='bbox 1078 3239 1350 3293; x_wconf 84' lang='grc' dir='ltr'><strong>νουθετεῖν</strong></span> <span class='ocrx_word' id='word_1_271' title='bbox 1377 3239 1593 3309; x_wconf 82' lang='grc' dir='ltr'><strong>τολμῶν</strong></span> <span class='ocrx_word' id='word_1_272' title='bbox 1617 3240 1766 3309; x_wconf 81' lang='grc' dir='ltr'><strong>παρὰ</strong></span> 
     </span>
    </p>
   </div>
   <div class='ocr_carea' id='block_1_50' title="bbox 174 3331 1766 3404">
    <p class='ocr_par' dir='ltr' id='par_1_50' title="bbox 174 3331 1766 3404">
     <span class='ocr_line' id='line_1_50' title="bbox 174 3331 1766 3404; baseline -0.001 -18"><span class='ocrx_word' id='word_1_273' title='bbox 174 3333 415 3404; x_wconf 80' lang='grc' dir='ltr'><strong>γνώμην</strong></span> <span class='ocrx_word' id='word_1_274' title='bbox 446 3333 676 3404; x_wconf 80' lang='grc' dir='ltr'><strong>Κυρίου.</strong></span> <span class='ocrx_word' id='word_1_275' title='bbox 701 3333 899 3404; x_wconf 83' lang='grc' dir='ltr'><strong>Διόπερ</strong></span> <span class='ocrx_word' id='word_1_276' title='bbox 928 3333 1003 3403; x_wconf 81' lang='grc' dir='ltr'><strong>μὴ</strong></span> <span class='ocrx_word' id='word_1_277' title='bbox 1031 3331 1346 3402; x_wconf 73' lang='grc' dir='ltr'><strong>θελήσωμεν</strong></span> <span class='ocrx_word' id='word_1_278' title='bbox 1371 3331 1766 3402; x_wconf 78' lang='grc' dir='ltr'><strong>ὀμφακὶζοντες</strong></span> 
     </span>
    </p>
   </div>
   <div class='ocr_carea' id='block_1_51' title="bbox 173 3422 1768 3496">
    <p class='ocr_par' dir='ltr' id='par_1_51' title="bbox 173 3422 1768 3496">
     <span class='ocr_line' id='line_1_51' title="bbox 173 3422 1768 3496; baseline -0.003 -16"><span class='ocrx_word' id='word_1_279' title='bbox 173 3427 280 3490; x_wconf 76' lang='grc' dir='ltr'><strong>ἔτι,</strong></span> <span class='ocrx_word' id='word_1_280' title='bbox 317 3426 420 3478; x_wconf 82' lang='grc' dir='ltr'><strong>καί</strong></span> <span class='ocrx_word' id='word_1_281' title='bbox 483 3426 694 3495; x_wconf 83' lang='grc' dir='ltr'><strong>μήποτε</strong></span> <span class='ocrx_word' id='word_1_282' title='bbox 751 3426 1015 3496; x_wconf 80' lang='grc' dir='ltr'><strong>πέπειρον</strong></span> <span class='ocrx_word' id='word_1_283' title='bbox 1062 3423 1154 3476; x_wconf 84' lang='grc' dir='ltr'><strong>τὸν</strong></span> <span class='ocrx_word' id='word_1_284' title='bbox 1206 3422 1400 3494; x_wconf 82' lang='grc' dir='ltr'><strong>βότρυν</strong></span> <span class='ocrx_word' id='word_1_285' title='bbox 1437 3424 1768 3494; x_wconf 85' lang='grc' dir='ltr'><strong>κτησάμενοι</strong></span> 
     </span>
    </p>
   </div>
   <div class='ocr_carea' id='block_1_52' title="bbox 174 3513 1770 3587">
    <p class='ocr_par' dir='ltr' id='par_1_52' title="bbox 174 3513 1770 3587">
     <span class='ocr_line' id='line_1_52' title="bbox 174 3513 1770 3587; baseline -0.002 -17"><span class='ocrx_word' id='word_1_286' title='bbox 174 3517 486 3579; x_wconf 81' lang='grc' dir='ltr'><strong>νουθετεῖν,</strong></span> <span class='ocrx_word' id='word_1_287' title='bbox 537 3518 633 3572; x_wconf 70' lang='grc' dir='ltr'><strong>καὶ</strong></span> <span class='ocrx_word' id='word_1_288' title='bbox 679 3516 955 3570; x_wconf 84' lang='grc' dir='ltr'><strong>διδάσκειν</strong></span> <span class='ocrx_word' id='word_1_289' title='bbox 988 3513 1228 3587; x_wconf 79' lang='grc' dir='ltr'><strong>ἑτέρους,</strong></span> <span class='ocrx_word' id='word_1_290' title='bbox 1262 3514 1350 3567; x_wconf 88' lang='grc' dir='ltr'><strong>ῖνα</strong></span> <span class='ocrx_word' id='word_1_291' title='bbox 1406 3514 1482 3586; x_wconf 81' lang='grc' dir='ltr'><strong>μὴ</strong></span> <span class='ocrx_word' id='word_1_292' title='bbox 1517 3513 1626 3568; x_wconf 84' lang='grc' dir='ltr'><strong>τῶν</strong></span> <span class='ocrx_word' id='word_1_293' title='bbox 1655 3514 1770 3568; x_wconf 85' lang='grc' dir='ltr'><strong>δαι-</strong></span> 
     </span>
    </p>
   </div>
   <div class='ocr_carea' id='block_1_53' title="bbox 176 3602 997 3674">
    <p class='ocr_par' dir='ltr' id='par_1_53' title="bbox 176 3602 997 3674">
     <span class='ocr_line' id='line_1_53' title="bbox 176 3602 997 3674; baseline -0.002 -16"><span class='ocrx_word' id='word_1_294' title='bbox 176 3603 369 3673; x_wconf 81' lang='grc' dir='ltr'><strong>μόνων</strong></span> <span class='ocrx_word' id='word_1_295' title='bbox 405 3602 697 3674; x_wconf 84' lang='grc' dir='ltr'><strong>γενώμεθα</strong></span> <span class='ocrx_word' id='word_1_296' title='bbox 725 3603 997 3672; x_wconf 84' lang='grc' dir='ltr'><strong>παίγνιον.</strong></span> 
     </span>
    </p>
   </div>
   <div class='ocr_carea' id='block_1_54' title="bbox 529 3693 1431 3767">
    <p class='ocr_par' dir='ltr' id='par_1_54' title="bbox 529 3693 1431 3767">
     <span class='ocr_line' id='line_1_54' title="bbox 529 3693 1431 3767; baseline 0 -18"><span class='ocrx_word' id='word_1_297' title='bbox 529 3697 647 3750; x_wconf 85' lang='grc' dir='ltr'><strong>ΡΔ’.</strong></span> <span class='ocrx_word' id='word_1_298' title='bbox 671 3722 740 3734; x_wconf 93' lang='grc'><strong><em>-</em></strong></span> <span class='ocrx_word' id='word_1_299' title='bbox 773 3697 1083 3767; x_wconf 78' lang='grc' dir='ltr'><strong>ΕΥΦΗΜΙῼ</strong></span> <span class='ocrx_word' id='word_1_300' title='bbox 1120 3693 1431 3766; x_wconf 76' lang='grc' dir='ltr'><strong>ΜΟΝΔΧῼ.</strong></span> 
     </span>
    </p>
   </div>
   <div class='ocr_carea' id='block_1_55' title="bbox 260 3784 1773 3858">
    <p class='ocr_par' dir='ltr' id='par_1_55' title="bbox 260 3784 1773 3858">
     <span class='ocr_line' id='line_1_55' title="bbox 260 3784 1773 3858; baseline -0.003 -16"><span class='ocrx_word' id='word_1_301' title='bbox 260 3789 328 3842; x_wconf 91' lang='lat'><strong>&#39;0</strong></span> <span class='ocrx_word' id='word_1_302' title='bbox 363 3787 736 3857; x_wconf 74' lang='grc' dir='ltr'><strong>πεντηκοστὸς</strong></span> <span class='ocrx_word' id='word_1_303' title='bbox 790 3787 1051 3858; x_wconf 81' lang='grc' dir='ltr'><strong>τέταρτος</strong></span> <span class='ocrx_word' id='word_1_304' title='bbox 1106 3784 1320 3856; x_wconf 82' lang='grc' dir='ltr'><strong>ψαλμδς</strong></span> <span class='ocrx_word' id='word_1_305' title='bbox 1367 3785 1644 3857; x_wconf 82' lang='grc' dir='ltr'><strong>μέμνηται</strong></span> <span class='ocrx_word' id='word_1_306' title='bbox 1677 3784 1773 3855; x_wconf 79' lang='grc' dir='ltr'><strong>φό-</strong></span> 
     </span>
    </p>
   </div>
   <div class='ocr_carea' id='block_1_56' title="bbox 176 3877 1772 3953">
    <p class='ocr_par' dir='ltr' id='par_1_56' title="bbox 176 3877 1772 3953">
     <span class='ocr_line' id='line_1_56' title="bbox 176 3877 1772 3953; baseline -0.004 -15"><span class='ocrx_word' id='word_1_307' title='bbox 176 3883 302 3947; x_wconf 75' lang='grc' dir='ltr'><strong>ϐου,</strong></span> <span class='ocrx_word' id='word_1_308' title='bbox 333 3881 567 3953; x_wconf 76' lang='grc' dir='ltr'><strong>τρόμου,</strong></span> <span class='ocrx_word' id='word_1_309' title='bbox 603 3882 698 3936; x_wconf 76' lang='grc' dir='ltr'><strong>καὶ</strong></span> <span class='ocrx_word' id='word_1_310' title='bbox 732 3882 958 3946; x_wconf 81' lang='grc' dir='ltr'><strong>σκότους</strong></span> <span class='ocrx_word' id='word_1_311' title='bbox 989 3880 1439 3952; x_wconf 80' lang='grc' dir='ltr'><strong>ἁμαρτημάτων·</strong></span> <span class='ocrx_word' id='word_1_312' title='bbox 1481 3897 1500 3932; x_wconf 75' lang='grc' dir='ltr'><strong>ι</strong></span> <span class='ocrx_word' id='word_1_313' title='bbox 1529 3879 1639 3934; x_wconf 74' lang='grc' dir='ltr'><strong>Καὶ</strong></span> <span class='ocrx_word' id='word_1_314' title='bbox 1687 3877 1772 3942; x_wconf 84' lang='grc' dir='ltr'><strong>τίς</strong></span> 
     </span>
    </p>
   </div>
   <div class='ocr_carea' id='block_1_57' title="bbox 175 3968 1774 4045">
    <p class='ocr_par' dir='ltr' id='par_1_57' title="bbox 175 3968 1774 4045">
     <span class='ocr_line' id='line_1_57' title="bbox 175 3968 1774 4045; baseline -0.004 -16"><span class='ocrx_word' id='word_1_315' title='bbox 175 3973 352 4029; x_wconf 73' lang='grc' dir='ltr'><strong>δώσει</strong></span> <span class='ocrx_word' id='word_1_316' title='bbox 391 3990 508 4044; x_wconf 88' lang='grc' dir='ltr'><strong>μοι,</strong></span> <span class='ocrx_word' id='word_1_317' title='bbox 562 3973 714 4044; x_wconf 80' lang='grc' dir='ltr'><strong>φησί,</strong></span> <span class='ocrx_word' id='word_1_318' title='bbox 753 3972 1033 4045; x_wconf 83' lang='grc' dir='ltr'><strong>πτέρυγας</strong></span> <span class='ocrx_word' id='word_1_319' title='bbox 1061 3970 1244 4035; x_wconf 89' lang='grc' dir='ltr'><strong>καθὼς</strong></span> <span class='ocrx_word' id='word_1_320' title='bbox 1286 3972 1636 4041; x_wconf 78' lang='grc' dir='ltr'><strong>περιστεράς,</strong></span> <span class='ocrx_word' id='word_1_321' title='bbox 1679 3968 1774 4023; x_wconf 79' lang='grc' dir='ltr'><strong>καὶ</strong></span> 
     </span>
    </p>
   </div>
   <div class='ocr_carea' id='block_1_58' title="bbox 189 4060 1776 4136">
    <p class='ocr_par' dir='ltr' id='par_1_58' title="bbox 189 4060 1776 4136">
     <span class='ocr_line' id='line_1_58' title="bbox 189 4060 1776 4136; baseline -0.002 -15"><span class='ocrx_word' id='word_1_322' title='bbox 189 4066 641 4136; x_wconf 81' lang='grc' dir='ltr'><strong>πετασθήσομαι,</strong></span> <span class='ocrx_word' id='word_1_323' title='bbox 678 4084 698 4118; x_wconf 73' lang='grc' dir='ltr'><strong>ι</strong></span> <span class='ocrx_word' id='word_1_324' title='bbox 747 4067 845 4119; x_wconf 78' lang='grc' dir='ltr'><strong>καὶ</strong></span> <span class='ocrx_word' id='word_1_325' title='bbox 883 4064 1267 4136; x_wconf 79' lang='grc' dir='ltr'><strong>ὑπερϐήσομαι</strong></span> <span class='ocrx_word' id='word_1_326' title='bbox 1319 4062 1390 4117; x_wconf 83' lang='grc' dir='ltr'><strong>τὰ</strong></span> <span class='ocrx_word' id='word_1_327' title='bbox 1455 4060 1776 4132; x_wconf 73' lang='grc' dir='ltr'><strong>ἐνοχλοῦντα</strong></span> 
     </span>
    </p>
   </div>
   <div class='ocr_carea' id='block_1_59' title="bbox 183 4151 1776 4226">
    <p class='ocr_par' dir='ltr' id='par_1_59' title="bbox 183 4151 1776 4226">
     <span class='ocr_line' id='line_1_59' title="bbox 183 4151 1776 4226; baseline -0.004 -16"><span class='ocrx_word' id='word_1_328' title='bbox 183 4157 363 4220; x_wconf 80' lang='grc' dir='ltr'><strong>κακὰ,</strong></span> <span class='ocrx_word' id='word_1_329' title='bbox 394 4156 494 4210; x_wconf 75' lang='grc' dir='ltr'><strong>καὶ</strong></span> <span class='ocrx_word' id='word_1_330' title='bbox 551 4155 744 4224; x_wconf 78' lang='grc' dir='ltr'><strong>φθάσω</strong></span> <span class='ocrx_word' id='word_1_331' title='bbox 793 4154 931 4226; x_wconf 82' lang='grc' dir='ltr'><strong>πρὸς</strong></span> <span class='ocrx_word' id='word_1_332' title='bbox 976 4155 1069 4207; x_wconf 87' lang='grc' dir='ltr'><strong>τὸν</strong></span> <span class='ocrx_word' id='word_1_333' title='bbox 1097 4152 1252 4217; x_wconf 83' lang='grc' dir='ltr'><strong>Θεὸν,</strong></span> <span class='ocrx_word' id='word_1_334' title='bbox 1292 4152 1391 4206; x_wconf 76' lang='grc' dir='ltr'><strong>καὶ</strong></span> <span class='ocrx_word' id='word_1_335' title='bbox 1435 4151 1776 4206; x_wconf 81' lang='grc' dir='ltr'><strong>καταπαύσω</strong></span> 
     </span>
    </p>
   </div>
   <div class='ocr_carea' id='block_1_60' title="bbox 185 4241 1775 4320">
    <p class='ocr_par' dir='ltr' id='par_1_60' title="bbox 185 4241 1775 4320">
     <span class='ocr_line' id='line_1_60' title="bbox 185 4241 1775 4320; baseline -0.006 -17"><span class='ocrx_word' id='word_1_336' title='bbox 185 4249 331 4320; x_wconf 72' lang='grc' dir='ltr'><strong>πρὸς</strong></span> <span class='ocrx_word' id='word_1_337' title='bbox 380 4246 572 4312; x_wconf 82' lang='grc' dir='ltr'><strong>αὑτὸν,</strong></span> <span class='ocrx_word' id='word_1_338' title='bbox 601 4247 697 4300; x_wconf 76' lang='grc' dir='ltr'><strong>καὶ</strong></span> <span class='ocrx_word' id='word_1_339' title='bbox 743 4243 1276 4318; x_wconf 88' lang='grc' dir='ltr'><strong>προσαναπαύσομαι</strong></span> <span class='ocrx_word' id='word_1_340' title='bbox 1315 4241 1396 4313; x_wconf 84' lang='grc' dir='ltr'><strong>τῷ</strong></span> <span class='ocrx_word' id='word_1_341' title='bbox 1431 4241 1546 4313; x_wconf 81' lang='grc' dir='ltr'><strong>ἰδίῳ</strong></span> <span class='ocrx_word' id='word_1_342' title='bbox 1587 4242 1775 4312; x_wconf 80' lang='grc' dir='ltr'><strong>φιλαν-</strong></span> 
     </span>
    </p>
   </div>
   <div class='ocr_carea' id='block_1_61' title="bbox 184 4329 1776 4411">
    <p class='ocr_par' dir='ltr' id='par_1_61' title="bbox 184 4329 1776 4411">
     <span class='ocr_line' id='line_1_61' title="bbox 184 4329 1776 4411; baseline -0.005 -19"><span class='ocrx_word' id='word_1_343' title='bbox 184 4339 404 4411; x_wconf 79' lang='grc' dir='ltr'><strong>θρώπῳ</strong></span> <span class='ocrx_word' id='word_1_344' title='bbox 432 4335 720 4409; x_wconf 76' lang='grc' dir='ltr'><strong>Δεσπότης</strong></span> <span class='ocrx_word' id='word_1_345' title='bbox 749 4335 922 4398; x_wconf 73' lang='grc' dir='ltr'><strong>Αὐτὸς</strong></span> <span class='ocrx_word' id='word_1_346' title='bbox 951 4335 1060 4404; x_wconf 89' lang='grc' dir='ltr'><strong>γάρ</strong></span> <span class='ocrx_word' id='word_1_347' title='bbox 1095 4335 1243 4388; x_wconf 72' lang='grc' dir='ltr'><strong>ἐστιν</strong></span> <span class='ocrx_word' id='word_1_348' title='bbox 1270 4333 1304 4404; x_wconf 81' lang='grc' dir='ltr'>ἡ</span> <span class='ocrx_word' id='word_1_349' title='bbox 1333 4331 1640 4394; x_wconf 79' lang='grc' dir='ltr'><strong>ἀνάπαυσις</strong></span> <span class='ocrx_word' id='word_1_350' title='bbox 1666 4329 1776 4384; x_wconf 86' lang='grc' dir='ltr'><strong>τῶν</strong></span> 
     </span>
    </p>
   </div>
   <div class='ocr_carea' id='block_1_62' title="bbox 1859 1870 3434 1942">
    <p class='ocr_par' dir='ltr' id='par_1_62' title="bbox 1859 1870 3434 1942">
     <span class='ocr_line' id='line_1_62' title="bbox 1859 1870 3434 1942; baseline 0 -16"><span class='ocrx_word' id='word_1_351' title='bbox 1859 1870 2071 1926; x_wconf 89' lang='lat' dir='ltr'><strong>sionem</strong></span> <span class='ocrx_word' id='word_1_352' title='bbox 2131 1871 2392 1938; x_wconf 82' lang='lat' dir='ltr'><strong>violavit,</strong></span> <span class='ocrx_word' id='word_1_353' title='bbox 2461 1872 2778 1941; x_wconf 79' lang='lat' dir='ltr'><strong>di‘citurque</strong></span> <span class='ocrx_word' id='word_1_354' title='bbox 2843 1870 3111 1942; x_wconf 88' lang='lat' dir='ltr'><strong>proditor.</strong></span> <span class='ocrx_word' id='word_1_355' title='bbox 3181 1870 3434 1926; x_wconf 64' lang='lat' dir='ltr'><strong>Prodidit</strong></span> 
     </span>
    </p>
   </div>
   <div class='ocr_carea' id='block_1_63' title="bbox 1858 1963 3300 2036">
    <p class='ocr_par' dir='ltr' id='par_1_63' title="bbox 1858 1963 3300 2036">
     <span class='ocr_line' id='line_1_63' title="bbox 1858 1963 3300 2036; baseline -0.001 -16"><span class='ocrx_word' id='word_1_356' title='bbox 1858 1965 2029 2029; x_wconf 87' lang='lat' dir='ltr'><strong>enim,</strong></span> <span class='ocrx_word' id='word_1_357' title='bbox 2062 1979 2228 2033; x_wconf 89' lang='lat' dir='ltr'><strong>quam</strong></span> <span class='ocrx_word' id='word_1_358' title='bbox 2254 1966 2412 2036; x_wconf 91' lang='lat' dir='ltr'><strong>prius</strong></span> <span class='ocrx_word' id='word_1_359' title='bbox 2457 1965 2742 2035; x_wconf 82' lang='lat' dir='ltr'><strong>amplexus</strong></span> <span class='ocrx_word' id='word_1_360' title='bbox 2775 1964 2974 2032; x_wconf 79' lang='lat' dir='ltr'><strong>fuerat,</strong></span> <span class='ocrx_word' id='word_1_361' title='bbox 3013 1963 3300 2019; x_wconf 73' lang='lat' dir='ltr'><strong>rationein.</strong></span> 
     </span>
    </p>
   </div>
   <div class='ocr_carea' id='block_1_64' title="bbox 1864 2145 3434 2222">
    <p class='ocr_par' dir='ltr' id='par_1_64' title="bbox 1864 2145 3434 2222">
     <span class='ocr_line' id='line_1_64' title="bbox 1864 2145 3434 2222; baseline 0.002 -20"><span class='ocrx_word' id='word_1_362' title='bbox 1864 2151 2028 2222; x_wconf 75' lang='lat'><strong>166</strong></span> <span class='ocrx_word' id='word_1_363' title='bbox 2054 2181 2125 2194; x_wconf 84' lang='lat'><strong><em>—</em></strong></span> <span class='ocrx_word' id='word_1_364' title='bbox 2155 2149 2263 2206; x_wconf 87' lang='lat' dir='ltr'><strong>Cll.</strong></span> <span class='ocrx_word' id='word_1_365' title='bbox 2287 2181 2355 2190; x_wconf 98' lang='lat'>—</span> <span class='ocrx_word' id='word_1_366' title='bbox 2378 2148 2777 2206; x_wconf 81' lang='lat' dir='ltr'><strong>EUSTATlllO</strong></span> <span class='ocrx_word' id='word_1_367' title='bbox 2808 2145 3434 2205; x_wconf 60' lang='lat' dir='ltr'><strong>ARClllMANDRITE.</strong></span> 
     </span>
    </p>
   </div>
   <div class='ocr_carea' id='block_1_65' title="bbox 1932 2240 3438 2311">
    <p class='ocr_par' dir='ltr' id='par_1_65' title="bbox 1932 2240 3438 2311">
     <span class='ocr_line' id='line_1_65' title="bbox 1932 2240 3438 2311; baseline -0.001 -15"><span class='ocrx_word' id='word_1_368' title='bbox 1932 2241 2255 2298; x_wconf 87' lang='lat' dir='ltr'><strong>Tumentem</strong></span> <span class='ocrx_word' id='word_1_369' title='bbox 2294 2243 2575 2298; x_wconf 89' lang='lat' dir='ltr'><strong>sacculum</strong></span> <span class='ocrx_word' id='word_1_370' title='bbox 2623 2241 2912 2311; x_wconf 85' lang='lat' dir='ltr'><strong>diligenter</strong></span> <span class='ocrx_word' id='word_1_371' title='bbox 2954 2242 3113 2305; x_wconf 89' lang='lat' dir='ltr'><strong>colis,</strong></span> <span class='ocrx_word' id='word_1_372' title='bbox 3146 2240 3438 2309; x_wconf 87' lang='lat' dir='ltr'><strong>carnisque</strong></span> 
     </span>
    </p>
   </div>
   <div class='ocr_carea' id='block_1_66' title="bbox 1863 2332 3438 2405">
    <p class='ocr_par' dir='ltr' id='par_1_66' title="bbox 1863 2332 3438 2405">
     <span class='ocr_line' id='line_1_66' title="bbox 1863 2332 3438 2405; baseline -0.002 -17"><span class='ocrx_word' id='word_1_373' title='bbox 1863 2335 2246 2405; x_wconf 79' lang='lat' dir='ltr'><strong>pinguedinem</strong></span> <span class='ocrx_word' id='word_1_374' title='bbox 2277 2332 2533 2388; x_wconf 84' lang='lat' dir='ltr'><strong>alacriter</strong></span> <span class='ocrx_word' id='word_1_375' title='bbox 2567 2349 2834 2400; x_wconf 87' lang='lat' dir='ltr'><strong>procuras</strong></span> <span class='ocrx_word' id='word_1_376' title='bbox 2857 2374 2871 2397; x_wconf 95' lang='lat'><strong>,</strong></span> <span class='ocrx_word' id='word_1_377' title='bbox 2917 2332 3154 2403; x_wconf 90' lang='lat' dir='ltr'><strong>teipsum</strong></span> <span class='ocrx_word' id='word_1_378' title='bbox 3193 2347 3347 2402; x_wconf 60' lang='lat' dir='ltr'><strong>atque</strong></span> <span class='ocrx_word' id='word_1_379' title='bbox 3373 2346 3438 2385; x_wconf 89' lang='lat' dir='ltr'><strong>ac</strong></span> 
     </span>
    </p>
   </div>
   <div class='ocr_carea' id='block_1_67' title="bbox 1864 2420 3438 2492">
    <p class='ocr_par' dir='ltr' id='par_1_67' title="bbox 1864 2420 3438 2492">
     <span class='ocr_line' id='line_1_67' title="bbox 1864 2420 3438 2492; baseline -0.002 -16"><span class='ocrx_word' id='word_1_380' title='bbox 1864 2423 1981 2476; x_wconf 86' lang='lat' dir='ltr'><strong>avis</strong></span> <span class='ocrx_word' id='word_1_381' title='bbox 2010 2423 2064 2476; x_wconf 92' lang='lat' dir='ltr'><strong>in</strong></span> <span class='ocrx_word' id='word_1_382' title='bbox 2088 2422 2332 2478; x_wconf 89' lang='lat' dir='ltr'><strong>tenebris</strong></span> <span class='ocrx_word' id='word_1_383' title='bbox 2365 2423 2693 2492; x_wconf 57' lang='lat' dir='ltr'><strong>ignorantiae</strong></span> <span class='ocrx_word' id='word_1_384' title='bbox 2733 2422 3002 2476; x_wconf 85' lang='lat' dir='ltr'><strong>nutriens.</strong></span> <span class='ocrx_word' id='word_1_385' title='bbox 3046 2420 3110 2474; x_wconf 84' lang='lat' dir='ltr'><strong>Et</strong></span> <span class='ocrx_word' id='word_1_386' title='bbox 3141 2435 3438 2490; x_wconf 87' lang='lat' dir='ltr'><strong>quamnam</strong></span> 
     </span>
    </p>
   </div>
   <div class='ocr_carea' id='block_1_68' title="bbox 1864 2513 3441 2585">
    <p class='ocr_par' dir='ltr' id='par_1_68' title="bbox 1864 2513 3441 2585">
     <span class='ocr_line' id='line_1_68' title="bbox 1864 2513 3441 2585; baseline 0 -19"><span class='ocrx_word' id='word_1_387' title='bbox 1864 2514 1963 2569; x_wconf 90' lang='lat' dir='ltr'><strong>tibi</strong></span> <span class='ocrx_word' id='word_1_388' title='bbox 1995 2513 2302 2568; x_wconf 90' lang='lat' dir='ltr'><strong>libertatem</strong></span> <span class='ocrx_word' id='word_1_389' title='bbox 2339 2513 2559 2568; x_wconf 90' lang='lat' dir='ltr'><strong>dicendi</strong></span> <span class='ocrx_word' id='word_1_390' title='bbox 2588 2514 2961 2584; x_wconf 90' lang='lat' dir='ltr'><strong>comparabis,</strong></span> <span class='ocrx_word' id='word_1_391' title='bbox 2998 2529 3124 2568; x_wconf 90' lang='lat' dir='ltr'><strong>cum</strong></span> <span class='ocrx_word' id='word_1_392' title='bbox 3158 2514 3250 2585; x_wconf 90' lang='lat' dir='ltr'><strong>qui</strong></span> <span class='ocrx_word' id='word_1_393' title='bbox 3291 2513 3441 2583; x_wconf 85' lang='lat' dir='ltr'><strong>judi-</strong></span> 
     </span>
    </p>
   </div>
   <div class='ocr_carea' id='block_1_69' title="bbox 1864 2606 2522 2661">
    <p class='ocr_par' dir='ltr' id='par_1_69' title="bbox 1864 2606 2522 2661">
     <span class='ocr_line' id='line_1_69' title="bbox 1864 2606 2522 2661; baseline -0.003 -1"><span class='ocrx_word' id='word_1_394' title='bbox 1864 2613 1955 2660; x_wconf 90' lang='lat' dir='ltr'><strong>cat</strong></span> <span class='ocrx_word' id='word_1_395' title='bbox 1978 2606 2163 2660; x_wconf 91' lang='lat' dir='ltr'><strong>omnia</strong></span> <span class='ocrx_word' id='word_1_396' title='bbox 2195 2606 2522 2661; x_wconf 80' lang='lat' dir='ltr'><strong>advenerit?</strong></span> 
     </span>
    </p>
   </div>
   <div class='ocr_carea' id='block_1_70' title="bbox 2138 2694 3172 2752">
    <p class='ocr_par' dir='ltr' id='par_1_70' title="bbox 2138 2694 3172 2752">
     <span class='ocr_line' id='line_1_70' title="bbox 2138 2694 3172 2752; baseline 0.001 -1"><span class='ocrx_word' id='word_1_397' title='bbox 2138 2695 2272 2751; x_wconf 91' lang='lat' dir='ltr'><strong>Clll.</strong></span> <span class='ocrx_word' id='word_1_398' title='bbox 2305 2727 2377 2738; x_wconf 93' lang='lat'>—</span> <span class='ocrx_word' id='word_1_399' title='bbox 2419 2695 2781 2752; x_wconf 79' lang='lat' dir='ltr'><strong>EUMATIlIO</strong></span> <span class='ocrx_word' id='word_1_400' title='bbox 2818 2694 3172 2752; x_wconf 79' lang='lat' dir='ltr'><strong>MONACllO.</strong></span> 
     </span>
    </p>
   </div>
   <div class='ocr_carea' id='block_1_71' title="bbox 1935 2785 3439 2860">
    <p class='ocr_par' dir='ltr' id='par_1_71' title="bbox 1935 2785 3439 2860">
     <span class='ocr_line' id='line_1_71' title="bbox 1935 2785 3439 2860; baseline 0 -18"><span class='ocrx_word' id='word_1_401' title='bbox 1935 2785 2072 2842; x_wconf 91' lang='lat' dir='ltr'><strong>Cum</strong></span> <span class='ocrx_word' id='word_1_402' title='bbox 2111 2804 2178 2842; x_wconf 81' lang='lat' dir='ltr'><strong>ex</strong></span> <span class='ocrx_word' id='word_1_403' title='bbox 2231 2787 2494 2844; x_wconf 84' lang='lat' dir='ltr'><strong>fratribus</strong></span> <span class='ocrx_word' id='word_1_404' title='bbox 2535 2790 2806 2854; x_wconf 89' lang='lat' dir='ltr'><strong>nonnulli,</strong></span> <span class='ocrx_word' id='word_1_405' title='bbox 2864 2798 3159 2860; x_wconf 77' lang='lat' dir='ltr'><strong>antequam</strong></span> <span class='ocrx_word' id='word_1_406' title='bbox 3213 2789 3439 2843; x_wconf 88' lang='lat' dir='ltr'><strong>omnino</strong></span> 
     </span>
    </p>
   </div>
   <div class='ocr_carea' id='block_1_72' title="bbox 1869 2878 3441 2952">
    <p class='ocr_par' dir='ltr' id='par_1_72' title="bbox 1869 2878 3441 2952">
     <span class='ocr_line' id='line_1_72' title="bbox 1869 2878 3441 2952; baseline 0.004 -20"><span class='ocrx_word' id='word_1_407' title='bbox 1869 2878 2064 2935; x_wconf 82' lang='lat' dir='ltr'><strong>sordes</strong></span> <span class='ocrx_word' id='word_1_408' title='bbox 2093 2879 2393 2950; x_wconf 88' lang='lat' dir='ltr'><strong>deponant,</strong></span> <span class='ocrx_word' id='word_1_409' title='bbox 2429 2891 2484 2936; x_wconf 93' lang='lat' dir='ltr'><strong>et</strong></span> <span class='ocrx_word' id='word_1_410' title='bbox 2514 2881 2866 2952; x_wconf 74' lang='lat' dir='ltr'><strong>perfectioris</strong></span> <span class='ocrx_word' id='word_1_411' title='bbox 2896 2882 3120 2937; x_wconf 87' lang='lat' dir='ltr'><strong>habitus</strong></span> <span class='ocrx_word' id='word_1_412' title='bbox 3149 2883 3441 2951; x_wconf 85' lang='lat' dir='ltr'><strong>participes</strong></span> 
     </span>
    </p>
   </div>
   <div class='ocr_carea' id='block_1_73' title="bbox 1871 2970 3444 3044">
    <p class='ocr_par' dir='ltr' id='par_1_73' title="bbox 1871 2970 3444 3044">
     <span class='ocr_line' id='line_1_73' title="bbox 1871 2970 3444 3044; baseline 0.003 -20"><span class='ocrx_word' id='word_1_413' title='bbox 1871 2970 2022 3038; x_wconf 81' lang='lat' dir='ltr'><strong>fiant,</strong></span> <span class='ocrx_word' id='word_1_414' title='bbox 2052 2971 2252 3026; x_wconf 91' lang='lat' dir='ltr'><strong>docere</strong></span> <span class='ocrx_word' id='word_1_415' title='bbox 2280 2973 2695 3044; x_wconf 80' lang='lat' dir='ltr'><strong>aggrediuntur,</strong></span> <span class='ocrx_word' id='word_1_416' title='bbox 2733 2981 2866 3028; x_wconf 90' lang='lat' dir='ltr'><strong>tunc</strong></span> <span class='ocrx_word' id='word_1_417' title='bbox 2891 2972 3166 3028; x_wconf 52' lang='lat' dir='ltr'><strong>daemones</strong></span> <span class='ocrx_word' id='word_1_418' title='bbox 3189 2988 3295 3027; x_wconf 90' lang='lat' dir='ltr'><strong>non</strong></span> <span class='ocrx_word' id='word_1_419' title='bbox 3321 2973 3444 3028; x_wconf 88' lang='lat' dir='ltr'><strong>sine</strong></span> 
     </span>
    </p>
   </div>
   <div class='ocr_carea' id='block_1_74' title="bbox 1871 3062 3442 3132">
    <p class='ocr_par' dir='ltr' id='par_1_74' title="bbox 1871 3062 3442 3132">
     <span class='ocr_line' id='line_1_74' title="bbox 1871 3062 3442 3132; baseline 0.001 -16"><span class='ocrx_word' id='word_1_420' title='bbox 1871 3062 2009 3124; x_wconf 91' lang='lat' dir='ltr'><strong>risu,</strong></span> <span class='ocrx_word' id='word_1_421' title='bbox 2055 3062 2198 3118; x_wconf 89' lang='lat' dir='ltr'><strong>inter</strong></span> <span class='ocrx_word' id='word_1_422' title='bbox 2240 3078 2298 3119; x_wconf 90' lang='lat' dir='ltr'><strong>se</strong></span> <span class='ocrx_word' id='word_1_423' title='bbox 2336 3063 2564 3119; x_wconf 89' lang='lat' dir='ltr'><strong>nutibus</strong></span> <span class='ocrx_word' id='word_1_424' title='bbox 2598 3065 2865 3129; x_wconf 82' lang='lat' dir='ltr'><strong>indicant,</strong></span> <span class='ocrx_word' id='word_1_425' title='bbox 2908 3064 3023 3118; x_wconf 65' lang='lat' dir='ltr'><strong>hinc</strong></span> <span class='ocrx_word' id='word_1_426' title='bbox 3062 3062 3442 3132; x_wconf 84' lang='lat' dir='ltr'><strong>colloquentes</strong></span> 
     </span>
    </p>
   </div>
   <div class='ocr_carea' id='block_1_75' title="bbox 1869 3151 3442 3225">
    <p class='ocr_par' dir='ltr' id='par_1_75' title="bbox 1869 3151 3442 3225">
     <span class='ocr_line' id='line_1_75' title="bbox 1869 3151 3442 3225; baseline 0.001 -18"><span class='ocrx_word' id='word_1_427' title='bbox 1869 3151 2269 3222; x_wconf 87' lang='lat' dir='ltr'><strong>dicentesque:</strong></span> <span class='ocrx_word' id='word_1_428' title='bbox 2312 3151 2411 3209; x_wconf 83' lang='lat' dir='ltr'><strong>llic</strong></span> <span class='ocrx_word' id='word_1_429' title='bbox 2466 3165 2781 3225; x_wconf 88' lang='lat' dir='ltr'><strong>opportuno</strong></span> <span class='ocrx_word' id='word_1_430' title='bbox 2828 3163 3074 3225; x_wconf 88' lang='lat' dir='ltr'><strong>tempore</strong></span> <span class='ocrx_word' id='word_1_431' title='bbox 3113 3163 3300 3209; x_wconf 90' lang='lat' dir='ltr'><strong>nostra</strong></span> <span class='ocrx_word' id='word_1_432' title='bbox 3336 3155 3442 3209; x_wconf 87' lang='lat' dir='ltr'><strong>erit</strong></span> 
     </span>
    </p>
   </div>
   <div class='ocr_carea' id='block_1_76' title="bbox 1865 3243 3444 3314">
    <p class='ocr_par' dir='ltr' id='par_1_76' title="bbox 1865 3243 3444 3314">
     <span class='ocr_line' id='line_1_76' title="bbox 1865 3243 3444 3314; baseline 0.001 -17"><span class='ocrx_word' id='word_1_433' title='bbox 1865 3243 2072 3314; x_wconf 70' lang='lat' dir='ltr'><strong>praeda,</strong></span> <span class='ocrx_word' id='word_1_434' title='bbox 2102 3259 2226 3298; x_wconf 93' lang='lat' dir='ltr'><strong>cum</strong></span> <span class='ocrx_word' id='word_1_435' title='bbox 2263 3253 2464 3314; x_wconf 60' lang='lat' dir='ltr'><strong>prater</strong></span> <span class='ocrx_word' id='word_1_436' title='bbox 2493 3255 2729 3300; x_wconf 86' lang='lat' dir='ltr'><strong>mentem</strong></span> <span class='ocrx_word' id='word_1_437' title='bbox 2758 3244 2976 3300; x_wconf 86' lang='lat' dir='ltr'><strong>Domini</strong></span> <span class='ocrx_word' id='word_1_438' title='bbox 3004 3246 3145 3300; x_wconf 89' lang='lat' dir='ltr'><strong>alios</strong></span> <span class='ocrx_word' id='word_1_439' title='bbox 3171 3245 3444 3300; x_wconf 84' lang='lat' dir='ltr'><strong>instruere</strong></span> 
     </span>
    </p>
   </div>
   <div class='ocr_carea' id='block_1_77' title="bbox 1867 3333 3443 3406">
    <p class='ocr_par' dir='ltr' id='par_1_77' title="bbox 1867 3333 3443 3406">
     <span class='ocr_line' id='line_1_77' title="bbox 1867 3333 3443 3406; baseline 0.002 -19"><span class='ocrx_word' id='word_1_440' title='bbox 1867 3333 2054 3390; x_wconf 91' lang='lat' dir='ltr'><strong>audet.</strong></span> <span class='ocrx_word' id='word_1_441' title='bbox 2097 3335 2464 3406; x_wconf 87' lang='lat' dir='ltr'><strong>Quapropter,</strong></span> <span class='ocrx_word' id='word_1_442' title='bbox 2506 3352 2577 3391; x_wconf 90' lang='lat' dir='ltr'><strong>ne</strong></span> <span class='ocrx_word' id='word_1_443' title='bbox 2623 3337 2806 3392; x_wconf 89' lang='lat' dir='ltr'><strong>acerbi</strong></span> <span class='ocrx_word' id='word_1_444' title='bbox 2848 3337 3047 3400; x_wconf 87' lang='lat' dir='ltr'><strong>adhuc,</strong></span> <span class='ocrx_word' id='word_1_445' title='bbox 3083 3352 3182 3391; x_wconf 89' lang='lat' dir='ltr'><strong>nec</strong></span> <span class='ocrx_word' id='word_1_446' title='bbox 3225 3343 3443 3390; x_wconf 85' lang='lat' dir='ltr'><strong>matura</strong></span> 
     </span>
    </p>
   </div>
   <div class='ocr_carea' id='block_1_78' title="bbox 1868 3428 3442 3499">
    <p class='ocr_par' dir='ltr' id='par_1_78' title="bbox 1868 3428 3442 3499">
     <span class='ocr_line' id='line_1_78' title="bbox 1868 3428 3442 3499; baseline 0.002 -18"><span class='ocrx_word' id='word_1_447' title='bbox 1868 3442 1972 3481; x_wconf 90' lang='lat' dir='ltr'><strong>uva</strong></span> <span class='ocrx_word' id='word_1_448' title='bbox 1998 3439 2314 3498; x_wconf 86' lang='lat' dir='ltr'><strong>comparata</strong></span> <span class='ocrx_word' id='word_1_449' title='bbox 2347 3429 2727 3490; x_wconf 86' lang='lat' dir='ltr'><strong>adbortemur,</strong></span> <span class='ocrx_word' id='word_1_450' title='bbox 2777 3429 3026 3499; x_wconf 90' lang='lat' dir='ltr'><strong>aliosque</strong></span> <span class='ocrx_word' id='word_1_451' title='bbox 3059 3428 3404 3484; x_wconf 87' lang='lat' dir='ltr'><strong>instruamus</strong></span> <span class='ocrx_word' id='word_1_452' title='bbox 3425 3465 3442 3490; x_wconf 85' lang='lat'><strong>,</strong></span> 
     </span>
    </p>
   </div>
   <div class='ocr_carea' id='block_1_79' title="bbox 1869 3517 2895 3587">
    <p class='ocr_par' dir='ltr' id='par_1_79' title="bbox 1869 3517 2895 3587">
     <span class='ocr_line' id='line_1_79' title="bbox 1869 3517 2895 3587; baseline 0 -15"><span class='ocrx_word' id='word_1_453' title='bbox 1869 3533 1940 3574; x_wconf 90' lang='lat' dir='ltr'><strong>ne</strong></span> <span class='ocrx_word' id='word_1_454' title='bbox 1974 3517 2320 3574; x_wconf 71' lang='lat' dir='ltr'><strong>daemonibus</strong></span> <span class='ocrx_word' id='word_1_455' title='bbox 2349 3518 2514 3574; x_wconf 91' lang='lat' dir='ltr'><strong>ludus</strong></span> <span class='ocrx_word' id='word_1_456' title='bbox 2543 3518 2895 3587; x_wconf 84' lang='lat' dir='ltr'><strong>objiciamur.</strong></span> 
     </span>
    </p>
   </div>
   <div class='ocr_carea' id='block_1_80' title="bbox 2140 3691 3163 3751">
    <p class='ocr_par' dir='ltr' id='par_1_80' title="bbox 2140 3691 3163 3751">
     <span class='ocr_line' id='line_1_80' title="bbox 2140 3691 3163 3751; baseline -0.004 0"><span class='ocrx_word' id='word_1_457' title='bbox 2140 3693 2273 3751; x_wconf 86' lang='lat' dir='ltr'><strong>CIV.</strong></span> <span class='ocrx_word' id='word_1_458' title='bbox 2312 3725 2380 3739; x_wconf 89' lang='lat'><strong>-—-</strong></span> <span class='ocrx_word' id='word_1_459' title='bbox 2411 3692 2768 3750; x_wconf 82' lang='lat' dir='ltr'><strong>EUPHEMIO</strong></span> <span class='ocrx_word' id='word_1_460' title='bbox 2803 3691 3163 3749; x_wconf 80' lang='lat' dir='ltr'><strong>MONACIIO.</strong></span> 
     </span>
    </p>
   </div>
   <div class='ocr_carea' id='block_1_81' title="bbox 1941 3783 3440 3855">
    <p class='ocr_par' dir='ltr' id='par_1_81' title="bbox 1941 3783 3440 3855">
     <span class='ocr_line' id='line_1_81' title="bbox 1941 3783 3440 3855; baseline 0.001 -18"><span class='ocrx_word' id='word_1_461' title='bbox 1941 3783 2443 3855; x_wconf 82' lang='lat' dir='ltr'><strong>Quinquagesimus</strong></span> <span class='ocrx_word' id='word_1_462' title='bbox 2490 3792 2724 3855; x_wconf 90' lang='lat' dir='ltr'><strong>quartus</strong></span> <span class='ocrx_word' id='word_1_463' title='bbox 2781 3785 3024 3854; x_wconf 87' lang='lat' dir='ltr'><strong>psalmus</strong></span> <span class='ocrx_word' id='word_1_464' title='bbox 3066 3792 3278 3845; x_wconf 88' lang='lat' dir='ltr'><strong>metus,</strong></span> <span class='ocrx_word' id='word_1_465' title='bbox 3322 3789 3440 3838; x_wconf 85' lang='lat' dir='ltr'><strong>tre-</strong></span> 
     </span>
    </p>
   </div>
   <div class='ocr_carea' id='block_1_82' title="bbox 1871 3875 3450 3948">
    <p class='ocr_par' dir='ltr' id='par_1_82' title="bbox 1871 3875 3450 3948">
     <span class='ocr_line' id='line_1_82' title="bbox 1871 3875 3450 3948; baseline -0.001 -16"><span class='ocrx_word' id='word_1_466' title='bbox 1871 3878 2043 3932; x_wconf 83' lang='lat' dir='ltr'><strong>moris</strong></span> <span class='ocrx_word' id='word_1_467' title='bbox 2064 3885 2117 3933; x_wconf 91' lang='lat' dir='ltr'><strong>et</strong></span> <span class='ocrx_word' id='word_1_468' title='bbox 2137 3877 2488 3932; x_wconf 89' lang='lat' dir='ltr'><strong>tenebrarum</strong></span> <span class='ocrx_word' id='word_1_469' title='bbox 2512 3885 2859 3948; x_wconf 90' lang='lat' dir='ltr'><strong>peccatorum</strong></span> <span class='ocrx_word' id='word_1_470' title='bbox 2887 3875 3172 3930; x_wconf 91' lang='lat' dir='ltr'><strong>meminit:</strong></span> <span class='ocrx_word' id='word_1_471' title='bbox 3199 3895 3217 3927; x_wconf 79' lang='grc' dir='ltr'><strong>ι</strong></span> <span class='ocrx_word' id='word_1_472' title='bbox 3245 3875 3307 3928; x_wconf 83' lang='grc' dir='ltr'><strong>Εῑ</strong></span> <span class='ocrx_word' id='word_1_473' title='bbox 3323 3875 3450 3946; x_wconf 84' lang='lat' dir='ltr'><strong>quis</strong></span> 
     </span>
    </p>
   </div>
   <div class='ocr_carea' id='block_1_83' title="bbox 1873 3965 3452 4037">
    <p class='ocr_par' dir='ltr' id='par_1_83' title="bbox 1873 3965 3452 4037">
     <span class='ocr_line' id='line_1_83' title="bbox 1873 3965 3452 4037; baseline -0.001 -17"><span class='ocrx_word' id='word_1_474' title='bbox 1873 3965 2026 4020; x_wconf 89' lang='lat' dir='ltr'><strong>dabit</strong></span> <span class='ocrx_word' id='word_1_475' title='bbox 2049 3965 2206 4032; x_wconf 90' lang='lat' dir='ltr'><strong>mihi,</strong></span> <span class='ocrx_word' id='word_1_476' title='bbox 2232 3967 2328 4031; x_wconf 87' lang='lat' dir='ltr'><strong>ait,</strong></span> <span class='ocrx_word' id='word_1_477' title='bbox 2354 3981 2565 4037; x_wconf 87' lang='lat' dir='ltr'><strong>pennas</strong></span> <span class='ocrx_word' id='word_1_478' title='bbox 2583 3967 2726 4022; x_wconf 91' lang='lat' dir='ltr'><strong>sicut</strong></span> <span class='ocrx_word' id='word_1_479' title='bbox 2749 3965 3015 4021; x_wconf 63' lang='lat' dir='ltr'><strong>columbae</strong></span> <span class='ocrx_word' id='word_1_480' title='bbox 3032 3973 3082 4020; x_wconf 89' lang='lat' dir='ltr'><strong>et</strong></span> <span class='ocrx_word' id='word_1_481' title='bbox 3103 3965 3321 4030; x_wconf 86' lang='lat' dir='ltr'><strong>volabo,</strong></span> <span class='ocrx_word' id='word_1_482' title='bbox 3349 3983 3369 4018; x_wconf 77' lang='grc' dir='ltr'><strong>ι</strong></span> <span class='ocrx_word' id='word_1_483' title='bbox 3395 3975 3452 4020; x_wconf 85' lang='lat' dir='ltr'><strong>et</strong></span> 
     </span>
    </p>
   </div>
   <div class='ocr_carea' id='block_1_84' title="bbox 1873 4056 3450 4128">
    <p class='ocr_par' dir='ltr' id='par_1_84' title="bbox 1873 4056 3450 4128">
     <span class='ocr_line' id='line_1_84' title="bbox 1873 4056 3450 4128; baseline 0.001 -18"><span class='ocrx_word' id='word_1_484' title='bbox 1873 4058 2223 4128; x_wconf 81' lang='lat' dir='ltr'><strong>pertransibo</strong></span> <span class='ocrx_word' id='word_1_485' title='bbox 2277 4057 2392 4112; x_wconf 64' lang='lat' dir='ltr'><strong>haec</strong></span> <span class='ocrx_word' id='word_1_486' title='bbox 2456 4059 2689 4113; x_wconf 81' lang='lat' dir='ltr'><strong>inolesta</strong></span> <span class='ocrx_word' id='word_1_487' title='bbox 2747 4058 2913 4121; x_wconf 90' lang='lat' dir='ltr'><strong>mala,</strong></span> <span class='ocrx_word' id='word_1_488' title='bbox 2962 4064 3018 4111; x_wconf 91' lang='lat' dir='ltr'><strong>et</strong></span> <span class='ocrx_word' id='word_1_489' title='bbox 3067 4056 3325 4111; x_wconf 89' lang='lat' dir='ltr'><strong>accedam</strong></span> <span class='ocrx_word' id='word_1_490' title='bbox 3381 4057 3450 4117; x_wconf 87' lang='lat' dir='ltr'><strong>ad</strong></span> 
     </span>
    </p>
   </div>
   <div class='ocr_carea' id='block_1_85' title="bbox 1878 4148 3451 4220">
    <p class='ocr_par' dir='ltr' id='par_1_85' title="bbox 1878 4148 3451 4220">
     <span class='ocr_line' id='line_1_85' title="bbox 1878 4148 3451 4220; baseline 0.001 -19"><span class='ocrx_word' id='word_1_491' title='bbox 1878 4148 2071 4211; x_wconf 89' lang='lat' dir='ltr'><strong>Deum,</strong></span> <span class='ocrx_word' id='word_1_492' title='bbox 2106 4156 2161 4203; x_wconf 92' lang='lat' dir='ltr'><strong>et</strong></span> <span class='ocrx_word' id='word_1_493' title='bbox 2187 4149 2473 4219; x_wconf 89' lang='lat' dir='ltr'><strong>quiescam</strong></span> <span class='ocrx_word' id='word_1_494' title='bbox 2511 4150 2568 4204; x_wconf 87' lang='lat' dir='ltr'><strong>in</strong></span> <span class='ocrx_word' id='word_1_495' title='bbox 2609 4150 2751 4220; x_wconf 87' lang='lat' dir='ltr'><strong>ipso,</strong></span> <span class='ocrx_word' id='word_1_496' title='bbox 2791 4156 2846 4204; x_wconf 89' lang='lat' dir='ltr'><strong>et</strong></span> <span class='ocrx_word' id='word_1_497' title='bbox 2887 4163 2997 4202; x_wconf 89' lang='lat' dir='ltr'><strong>una</strong></span> <span class='ocrx_word' id='word_1_498' title='bbox 3031 4163 3156 4202; x_wconf 92' lang='lat' dir='ltr'><strong>cum</strong></span> <span class='ocrx_word' id='word_1_499' title='bbox 3191 4164 3313 4203; x_wconf 86' lang='lat' dir='ltr'><strong>meo</strong></span> <span class='ocrx_word' id='word_1_500' title='bbox 3346 4148 3451 4202; x_wconf 87' lang='lat' dir='ltr'><strong>bu-</strong></span> 
     </span>
    </p>
   </div>
   <div class='ocr_carea' id='block_1_86' title="bbox 1875 4241 3451 4312">
    <p class='ocr_par' dir='ltr' id='par_1_86' title="bbox 1875 4241 3451 4312">
     <span class='ocr_line' id='line_1_86' title="bbox 1875 4241 3451 4312; baseline -0.001 -15"><span class='ocrx_word' id='word_1_501' title='bbox 1875 4257 2039 4297; x_wconf 89' lang='lat' dir='ltr'><strong>mano</strong></span> <span class='ocrx_word' id='word_1_502' title='bbox 2065 4242 2302 4297; x_wconf 88' lang='lat' dir='ltr'><strong>Domino</strong></span> <span class='ocrx_word' id='word_1_503' title='bbox 2329 4243 2671 4312; x_wconf 88' lang='lat' dir='ltr'><strong>requiescam</strong></span> <span class='ocrx_word' id='word_1_504' title='bbox 2703 4242 2784 4296; x_wconf 68' lang='lat' dir='ltr'><strong>&quot;l</strong></span> <span class='ocrx_word' id='word_1_505' title='bbox 2805 4241 2922 4312; x_wconf 78' lang='lat' dir='ltr'><strong>ipse</strong></span> <span class='ocrx_word' id='word_1_506' title='bbox 2952 4241 3099 4295; x_wconf 87' lang='lat' dir='ltr'><strong>enim</strong></span> <span class='ocrx_word' id='word_1_507' title='bbox 3124 4248 3209 4295; x_wconf 91' lang='lat' dir='ltr'><strong>est</strong></span> <span class='ocrx_word' id='word_1_508' title='bbox 3230 4241 3451 4310; x_wconf 86' lang='lat' dir='ltr'><strong>requies</strong></span> 
     </span>
    </p>
   </div>
   <div class='ocr_carea' id='block_1_87' title="bbox 1875 4331 3456 4404">
    <p class='ocr_par' dir='ltr' id='par_1_87' title="bbox 1875 4331 3456 4404">
     <span class='ocr_line' id='line_1_87' title="bbox 1875 4331 3456 4404; baseline -0.003 -17"><span class='ocrx_word' id='word_1_509' title='bbox 1875 4347 2066 4387; x_wconf 88' lang='lat' dir='ltr'><strong>eorum</strong></span> <span class='ocrx_word' id='word_1_510' title='bbox 2089 4375 2104 4400; x_wconf 96' lang='lat'><strong>,</strong></span> <span class='ocrx_word' id='word_1_511' title='bbox 2144 4333 2238 4402; x_wconf 80' lang='lat' dir='ltr'><strong>qui</strong></span> <span class='ocrx_word' id='word_1_512' title='bbox 2275 4347 2335 4389; x_wconf 86' lang='lat' dir='ltr'><strong>se.</strong></span> <span class='ocrx_word' id='word_1_513' title='bbox 2374 4333 2641 4404; x_wconf 84' lang='lat' dir='ltr'><strong>improbis</strong></span> <span class='ocrx_word' id='word_1_514' title='bbox 2677 4332 2886 4402; x_wconf 86' lang='lat' dir='ltr'><strong>peccati</strong></span> <span class='ocrx_word' id='word_1_515' title='bbox 2929 4331 3225 4386; x_wconf 84' lang='lat' dir='ltr'><strong>sudoribus</strong></span> <span class='ocrx_word' id='word_1_516' title='bbox 3259 4331 3456 4386; x_wconf 77' lang='lat' dir='ltr'><strong>delati-</strong></span> 
     </span>
    </p>
   </div>
   <div class='ocr_carea' id='block_1_88' title="bbox 195 4422 1763 4520">
    <p class='ocr_par' dir='ltr' id='par_1_88' title="bbox 195 4425 1763 4520">
     <span class='ocr_line' id='line_1_88' title="bbox 195 4425 1763 4520; baseline -0.005 -35"><span class='ocrx_word' id='word_1_517' title='bbox 195 4433 257 4485; x_wconf 78' lang='grc' dir='ltr'><strong>ὲν</strong></span> <span class='ocrx_word' id='word_1_518' title='bbox 287 4433 408 4493; x_wconf 81' lang='grc' dir='ltr'><strong>τοῖς</strong></span> <span class='ocrx_word' id='word_1_519' title='bbox 441 4429 736 4500; x_wconf 82' lang='grc' dir='ltr'><strong>μοχθηροῖς</strong></span> <span class='ocrx_word' id='word_1_520' title='bbox 774 4428 959 4500; x_wconf 77' lang='grc' dir='ltr'><strong>ἱδρῶσι</strong></span> <span class='ocrx_word' id='word_1_521' title='bbox 995 4426 1097 4497; x_wconf 79' lang='grc' dir='ltr'><strong>τῆς</strong></span> <span class='ocrx_word' id='word_1_522' title='bbox 1126 4426 1403 4497; x_wconf 85' lang='grc' dir='ltr'><strong>ἁμαρτίας</strong></span> <span class='ocrx_word' id='word_1_523' title='bbox 1437 4425 1763 4520; x_wconf 77' lang='grc' dir='ltr'><strong>κεκοπιημὲ-</strong></span> 
     </span>
    </p>
   </div>
   <div class='ocr_carea' id='block_1_89' title="bbox 1879 4422 3455 4520">
    <p class='ocr_par' dir='ltr' id='par_1_89' title="bbox 1879 4422 3455 4495">
     <span class='ocr_line' id='line_1_89' title="bbox 1879 4422 3455 4495; baseline -0.001 -17"><span class='ocrx_word' id='word_1_524' title='bbox 1879 4435 2098 4495; x_wconf 84' lang='lat' dir='ltr'><strong>garunt.</strong></span> <span class='ocrx_word' id='word_1_525' title='bbox 2131 4422 2270 4479; x_wconf 82' lang='lat' dir='ltr'><strong>Hinc</strong></span> <span class='ocrx_word' id='word_1_526' title='bbox 2299 4423 2503 4479; x_wconf 89' lang='lat' dir='ltr'><strong>clamat</strong></span> <span class='ocrx_word' id='word_1_527' title='bbox 2543 4442 2557 4478; x_wconf 90' lang='lat'><strong>:</strong></span> <span class='ocrx_word' id='word_1_528' title='bbox 2601 4442 2619 4476; x_wconf 76' lang='grc' dir='ltr'><strong>ι</strong></span> <span class='ocrx_word' id='word_1_529' title='bbox 2667 4422 2859 4478; x_wconf 80' lang='lat' dir='ltr'><strong>Venite</strong></span> <span class='ocrx_word' id='word_1_530' title='bbox 2888 4424 2955 4477; x_wconf 92' lang='lat' dir='ltr'><strong>ad</strong></span> <span class='ocrx_word' id='word_1_531' title='bbox 2986 4439 3093 4482; x_wconf 89' lang='lat' dir='ltr'><strong>me.</strong></span> <span class='ocrx_word' id='word_1_532' title='bbox 3136 4439 3326 4478; x_wconf 85' lang='lat' dir='ltr'><strong>omnes</strong></span> <span class='ocrx_word' id='word_1_533' title='bbox 3356 4422 3455 4492; x_wconf 89' lang='lat' dir='ltr'><strong>qui</strong></span> 
     </span>
    </p>
   </div>
   <div class='ocr_carea' id='block_1_90' title="bbox 186 4512 1774 4590">
    <p class='ocr_par' dir='ltr' id='par_1_90' title="bbox 186 4512 1774 4590">
     <span class='ocr_line' id='line_1_90' title="bbox 186 4512 1774 4590; baseline -0.004 -16"><span class='ocrx_word' id='word_1_534' title='bbox 186 4539 301 4575; x_wconf 88' lang='grc' dir='ltr'><strong>νων</strong></span> <span class='ocrx_word' id='word_1_535' title='bbox 327 4536 343 4552; x_wconf 76' lang='grc' dir='ltr'><strong>ο</strong></span> <span class='ocrx_word' id='word_1_536' title='bbox 375 4519 504 4573; x_wconf 80' lang='grc' dir='ltr'><strong>ὅθεν</strong></span> <span class='ocrx_word' id='word_1_537' title='bbox 534 4519 632 4590; x_wconf 77' lang='grc' dir='ltr'><strong>βοᾷ</strong></span> <span class='ocrx_word' id='word_1_538' title='bbox 650 4534 664 4549; x_wconf 77' lang='grc'><strong>⁸</strong></span> <span class='ocrx_word' id='word_1_539' title='bbox 700 4537 718 4571; x_wconf 81' lang='grc' dir='ltr'><strong>ι</strong></span> <span class='ocrx_word' id='word_1_540' title='bbox 748 4518 914 4571; x_wconf 86' lang='grc' dir='ltr'><strong>Δεῦτε</strong></span> <span class='ocrx_word' id='word_1_541' title='bbox 943 4517 1079 4586; x_wconf 86' lang='grc' dir='ltr'><strong>πρός</strong></span> <span class='ocrx_word' id='word_1_542' title='bbox 1115 4533 1204 4588; x_wconf 87' lang='grc' dir='ltr'><strong>με,</strong></span> <span class='ocrx_word' id='word_1_543' title='bbox 1227 4517 1430 4579; x_wconf 85' lang='grc' dir='ltr'><strong>πάντες</strong></span> <span class='ocrx_word' id='word_1_544' title='bbox 1459 4516 1510 4569; x_wconf 90' lang='grc' dir='ltr'><strong>οἱ</strong></span> <span class='ocrx_word' id='word_1_545' title='bbox 1539 4512 1774 4569; x_wconf 85' lang='grc' dir='ltr'><strong>κοπιῶν-</strong></span> 
     </span>
    </p>
   </div>
   <div class='ocr_carea' id='block_1_91' title="bbox 188 4605 1768 4681">
    <p class='ocr_par' dir='ltr' id='par_1_91' title="bbox 188 4605 1768 4681">
     <span class='ocr_line' id='line_1_91' title="bbox 188 4605 1768 4681; baseline -0.004 -16"><span class='ocrx_word' id='word_1_546' title='bbox 188 4629 285 4675; x_wconf 84' lang='grc' dir='ltr'><strong>τις</strong></span> <span class='ocrx_word' id='word_1_547' title='bbox 335 4611 435 4664; x_wconf 79' lang='grc' dir='ltr'><strong>καὶ</strong></span> <span class='ocrx_word' id='word_1_548' title='bbox 495 4609 944 4681; x_wconf 70' lang='grc' dir='ltr'><strong>πεφορτισμένοι,</strong></span> <span class='ocrx_word' id='word_1_549' title='bbox 997 4605 1153 4676; x_wconf 81' lang='grc' dir='ltr'><strong>κάγὼ</strong></span> <span class='ocrx_word' id='word_1_550' title='bbox 1201 4605 1502 4662; x_wconf 83' lang='grc' dir='ltr'><strong>ἀναπαύσω</strong></span> <span class='ocrx_word' id='word_1_551' title='bbox 1549 4606 1714 4676; x_wconf 79' lang='grc' dir='ltr'><strong>ὑμᾶς.</strong></span> <span class='ocrx_word' id='word_1_552' title='bbox 1748 4623 1768 4658; x_wconf 74' lang='grc' dir='ltr'><strong>ι</strong></span> 
     </span>
    </p>
   </div>
   <div class='ocr_carea' id='block_1_92' title="bbox 190 4696 1777 4769">
    <p class='ocr_par' dir='ltr' id='par_1_92' title="bbox 190 4696 1777 4769">
     <span class='ocr_line' id='line_1_92' title="bbox 190 4696 1777 4769; baseline -0.002 -14"><span class='ocrx_word' id='word_1_553' title='bbox 190 4701 372 4764; x_wconf 83' lang='grc' dir='ltr'><strong>Εἰδὼς</strong></span> <span class='ocrx_word' id='word_1_554' title='bbox 403 4701 584 4754; x_wconf 88' lang='grc' dir='ltr'><strong>τοίνυν</strong></span> <span class='ocrx_word' id='word_1_555' title='bbox 613 4703 642 4754; x_wconf 87' lang='grc' dir='ltr'><strong>ό</strong></span> <span class='ocrx_word' id='word_1_556' title='bbox 680 4699 866 4763; x_wconf 77' lang='grc' dir='ltr'><strong>Δαυῖδ,</strong></span> <span class='ocrx_word' id='word_1_557' title='bbox 908 4699 962 4752; x_wconf 89' lang='grc' dir='ltr'><strong>τί</strong></span> <span class='ocrx_word' id='word_1_558' title='bbox 989 4698 1056 4753; x_wconf 85' lang='grc' dir='ltr'><strong>δι’</strong></span> <span class='ocrx_word' id='word_1_559' title='bbox 1093 4697 1216 4752; x_wconf 79' lang='grc' dir='ltr'><strong>ὅλου</strong></span> <span class='ocrx_word' id='word_1_560' title='bbox 1239 4698 1333 4752; x_wconf 87' lang='grc' dir='ltr'><strong>τοῦ</strong></span> <span class='ocrx_word' id='word_1_561' title='bbox 1380 4696 1593 4769; x_wconf 79' lang='grc' dir='ltr'><strong>ψαλμοῦ</strong></span> <span class='ocrx_word' id='word_1_562' title='bbox 1618 4696 1777 4752; x_wconf 80' lang='grc' dir='ltr'><strong>λελά-</strong></span> 
     </span>
    </p>
   </div>
   <div class='ocr_carea' id='block_1_93' title="bbox 189 4789 1776 4863">
    <p class='ocr_par' dir='ltr' id='par_1_93' title="bbox 189 4789 1776 4863">
     <span class='ocr_line' id='line_1_93' title="bbox 189 4789 1776 4863; baseline -0.001 -17"><span class='ocrx_word' id='word_1_563' title='bbox 189 4792 357 4863; x_wconf 79' lang='grc' dir='ltr'><strong>ληκε,</strong></span> <span class='ocrx_word' id='word_1_564' title='bbox 387 4793 484 4845; x_wconf 81' lang='grc' dir='ltr'><strong>καί</strong></span> <span class='ocrx_word' id='word_1_565' title='bbox 521 4790 858 4862; x_wconf 84' lang='grc' dir='ltr'><strong>ὀμματώσας</strong></span> <span class='ocrx_word' id='word_1_566' title='bbox 897 4791 1023 4855; x_wconf 77' lang='grc' dir='ltr'><strong>τοὺς</strong></span> <span class='ocrx_word' id='word_1_567' title='bbox 1055 4789 1514 4861; x_wconf 75' lang='grc' dir='ltr'><strong>ἀγωνιζομένους,</strong></span> <span class='ocrx_word' id='word_1_568' title='bbox 1550 4790 1644 4844; x_wconf 81' lang='grc' dir='ltr'><strong>καί</strong></span> <span class='ocrx_word' id='word_1_569' title='bbox 1669 4807 1776 4845; x_wconf 91' lang='grc' dir='ltr'><strong>πα-</strong></span> 
     </span>
    </p>
   </div>
   <div class='ocr_carea' id='block_1_94' title="bbox 195 4879 1778 4956">
    <p class='ocr_par' dir='ltr' id='par_1_94' title="bbox 195 4879 1778 4956">
     <span class='ocr_line' id='line_1_94' title="bbox 195 4879 1778 4956; baseline -0.002 -18"><span class='ocrx_word' id='word_1_570' title='bbox 195 4884 551 4956; x_wconf 81' lang='grc' dir='ltr'><strong>ρασκευάσας</strong></span> <span class='ocrx_word' id='word_1_571' title='bbox 584 4883 659 4954; x_wconf 85' lang='grc' dir='ltr'><strong>μὴ</strong></span> <span class='ocrx_word' id='word_1_572' title='bbox 693 4881 1093 4950; x_wconf 83' lang='grc' dir='ltr'><strong>ἀπογινώσκειν</strong></span> <span class='ocrx_word' id='word_1_573' title='bbox 1123 4881 1276 4946; x_wconf 81' lang='grc' dir='ltr'><strong>ποτὲ,</strong></span> <span class='ocrx_word' id='word_1_574' title='bbox 1310 4883 1391 4946; x_wconf 87' lang='grc' dir='ltr'><strong>εἰς</strong></span> <span class='ocrx_word' id='word_1_575' title='bbox 1419 4879 1610 4938; x_wconf 70' lang='grc' dir='ltr'><strong>ἐλπίδα</strong></span> <span class='ocrx_word' id='word_1_576' title='bbox 1646 4881 1778 4952; x_wconf 81' lang='grc' dir='ltr'><strong>ἁγα-</strong></span> 
     </span>
    </p>
   </div>
   <div class='ocr_carea' id='block_1_95' title="bbox 194 4972 1052 5047">
    <p class='ocr_par' dir='ltr' id='par_1_95' title="bbox 194 4972 1052 5047">
     <span class='ocr_line' id='line_1_95' title="bbox 194 4972 1052 5047; baseline -0.002 -19"><span class='ocrx_word' id='word_1_577' title='bbox 194 4975 299 5047; x_wconf 70' lang='grc' dir='ltr'><strong>θήν</strong></span> <span class='ocrx_word' id='word_1_578' title='bbox 331 4975 423 5028; x_wconf 74' lang='grc' dir='ltr'><strong>τὸν</strong></span> <span class='ocrx_word' id='word_1_579' title='bbox 459 4973 672 5046; x_wconf 81' lang='grc' dir='ltr'><strong>ψαλμὸν</strong></span> <span class='ocrx_word' id='word_1_580' title='bbox 711 4972 1052 5027; x_wconf 80' lang='grc' dir='ltr'><strong>καταπαύειέ</strong></span> 
     </span>
    </p>
   </div>
   <div class='ocr_carea' id='block_1_96' title="bbox 724 5062 1261 5131">
    <p class='ocr_par' dir='ltr' id='par_1_96' title="bbox 724 5062 1261 5131">
     <span class='ocr_line' id='line_1_96' title="bbox 724 5062 1261 5131; baseline 0 -13"><span class='ocrx_word' id='word_1_581' title='bbox 724 5065 848 5120; x_wconf 84' lang='grc' dir='ltr'><strong>ΡΕ’.</strong></span> <span class='ocrx_word' id='word_1_582' title='bbox 873 5095 940 5108; x_wconf 87' lang='lat'><strong>--</strong></span> <span class='ocrx_word' id='word_1_583' title='bbox 967 5064 1051 5130; x_wconf 81' lang='grc' dir='ltr'><strong>Τῷ</strong></span> <span class='ocrx_word' id='word_1_584' title='bbox 1081 5062 1261 5131; x_wconf 80' lang='grc' dir='ltr'><strong>αὐτῷ.</strong></span> 
     </span>
    </p>
   </div>
   <div class='ocr_carea' id='block_1_97' title="bbox 178 5155 1784 5228">
    <p class='ocr_par' dir='ltr' id='par_1_97' title="bbox 178 5155 1784 5228">
     <span class='ocr_line' id='line_1_97' title="bbox 178 5155 1784 5228; baseline -0.001 -19"><span class='ocrx_word' id='word_1_585' title='bbox 178 5191 186 5209; x_wconf 92' lang='lat'><strong>.</strong></span> <span class='ocrx_word' id='word_1_586' title='bbox 284 5159 416 5211; x_wconf 76' lang='grc' dir='ltr'><strong>Ἐὰν</strong></span> <span class='ocrx_word' id='word_1_587' title='bbox 466 5158 628 5228; x_wconf 81' lang='grc' dir='ltr'><strong>ἡμεῖς</strong></span> <span class='ocrx_word' id='word_1_588' title='bbox 671 5157 883 5221; x_wconf 84' lang='grc' dir='ltr'><strong>ἀόκνως</strong></span> <span class='ocrx_word' id='word_1_589' title='bbox 940 5156 1249 5228; x_wconf 77' lang='grc' dir='ltr'><strong>ἑκτελῶμεν</strong></span> <span class='ocrx_word' id='word_1_590' title='bbox 1303 5155 1366 5209; x_wconf 76' lang='grc' dir='ltr'><strong>τὸ</strong></span> <span class='ocrx_word' id='word_1_591' title='bbox 1415 5155 1784 5226; x_wconf 78' lang='grc' dir='ltr'><strong>πνευματικὸν</strong></span> 
     </span>
    </p>
   </div>
   <div class='ocr_carea' id='block_1_98' title="bbox 174 5246 1784 5320">
    <p class='ocr_par' dir='ltr' id='par_1_98' title="bbox 174 5246 1784 5320">
     <span class='ocr_line' id='line_1_98' title="bbox 174 5246 1784 5320; baseline -0.002 -18"><span class='ocrx_word' id='word_1_592' title='bbox 174 5251 388 5320; x_wconf 64' lang='grc' dir='ltr'><strong>ξεργον,</strong></span> <span class='ocrx_word' id='word_1_593' title='bbox 420 5250 517 5303; x_wconf 79' lang='grc' dir='ltr'><strong>καὶ</strong></span> <span class='ocrx_word' id='word_1_594' title='bbox 559 5248 935 5320; x_wconf 76' lang='grc' dir='ltr'><strong>φροντίζωμεν</strong></span> <span class='ocrx_word' id='word_1_595' title='bbox 979 5247 1259 5319; x_wconf 81' lang='grc' dir='ltr'><strong>νηφόντως</strong></span> <span class='ocrx_word' id='word_1_596' title='bbox 1293 5246 1394 5319; x_wconf 86' lang='grc' dir='ltr'><strong>τὴν</strong></span> <span class='ocrx_word' id='word_1_597' title='bbox 1439 5262 1784 5317; x_wconf 77' lang='grc' dir='ltr'><strong>κεχρεωστηο</strong></span> 
     </span>
    </p>
   </div>
   <div class='ocr_carea' id='block_1_99' title="bbox 167 5316 1783 5412">
    <p class='ocr_par' dir='ltr' id='par_1_99' title="bbox 167 5316 1783 5412">
     <span class='ocr_line' id='line_1_99' title="bbox 167 5316 1783 5412; baseline -0.002 -18"><span class='ocrx_word' id='word_1_598' title='bbox 167 5316 177 5378; x_wconf 70' lang='grc' dir='ltr'><strong>ί</strong></span> <span class='ocrx_word' id='word_1_599' title='bbox 205 5316 378 5412; x_wconf 67' lang='grc' dir='ltr'><strong>μένην</strong></span> <span class='ocrx_word' id='word_1_600' title='bbox 402 5343 538 5412; x_wconf 77' lang='grc' dir='ltr'><strong>ἡμῖν</strong></span> <span class='ocrx_word' id='word_1_601' title='bbox 573 5316 669 5395; x_wconf 74' lang='grc' dir='ltr'><strong>τοῦ</strong></span> <span class='ocrx_word' id='word_1_602' title='bbox 692 5316 916 5404; x_wconf 81' lang='grc' dir='ltr'><strong>κανόνος</strong></span> <span class='ocrx_word' id='word_1_603' title='bbox 939 5316 1042 5394; x_wconf 81' lang='grc' dir='ltr'><strong>τοῦ</strong></span> <span class='ocrx_word' id='word_1_604' title='bbox 1062 5316 1239 5394; x_wconf 81' lang='grc' dir='ltr'><strong>ποιεῖν</strong></span> <span class='ocrx_word' id='word_1_605' title='bbox 1266 5316 1591 5410; x_wconf 81' lang='grc' dir='ltr'><strong>ὑπηρεσίαν,</strong></span> <span class='ocrx_word' id='word_1_606' title='bbox 1622 5316 1783 5407; x_wconf 84' lang='grc' dir='ltr'><strong>δῆλον</strong></span> 
     </span>
    </p>
   </div>
   <div class='ocr_carea' id='block_1_100' title="bbox 202 5428 1780 5504">
    <p class='ocr_par' dir='ltr' id='par_1_100' title="bbox 202 5428 1780 5504">
     <span class='ocr_line' id='line_1_100' title="bbox 202 5428 1780 5504; baseline -0.003 -17"><span class='ocrx_word' id='word_1_607' title='bbox 202 5435 287 5487; x_wconf 81' lang='grc' dir='ltr'><strong>ὃτι</strong></span> <span class='ocrx_word' id='word_1_608' title='bbox 315 5432 499 5503; x_wconf 67' lang='grc' dir='ltr'><strong>πολλῷ</strong></span> <span class='ocrx_word' id='word_1_609' title='bbox 538 5432 700 5487; x_wconf 77' lang='grc' dir='ltr'><strong>πλέον</strong></span> <span class='ocrx_word' id='word_1_610' title='bbox 737 5432 768 5485; x_wconf 84' lang='grc' dir='ltr'><strong>ό</strong></span> <span class='ocrx_word' id='word_1_611' title='bbox 805 5431 938 5496; x_wconf 81' lang='grc' dir='ltr'><strong>Θεὸς</strong></span> <span class='ocrx_word' id='word_1_612' title='bbox 975 5430 1277 5504; x_wconf 78' lang='grc' dir='ltr'><strong>φροντίζων</strong></span> <span class='ocrx_word' id='word_1_613' title='bbox 1329 5429 1489 5502; x_wconf 84' lang='grc' dir='ltr'><strong>ήμῶν</strong></span> <span class='ocrx_word' id='word_1_614' title='bbox 1519 5428 1780 5502; x_wconf 88' lang='grc' dir='ltr'><strong>διεγείρει</strong></span> 
     </span>
    </p>
   </div>
   <div class='ocr_carea' id='block_1_101' title="bbox 203 5521 1782 5597">
    <p class='ocr_par' dir='ltr' id='par_1_101' title="bbox 203 5521 1782 5597">
     <span class='ocr_line' id='line_1_101' title="bbox 203 5521 1782 5597; baseline -0.001 -20"><span class='ocrx_word' id='word_1_615' title='bbox 203 5524 388 5596; x_wconf 71' lang='grc' dir='ltr'><strong>ψυχὰς</strong></span> <span class='ocrx_word' id='word_1_616' title='bbox 438 5524 837 5588; x_wconf 77' lang='grc' dir='ltr'><strong>εὑσεδεστάτας</strong></span> <span class='ocrx_word' id='word_1_617' title='bbox 880 5526 1018 5597; x_wconf 79' lang='grc' dir='ltr'><strong>πρὸς</strong></span> <span class='ocrx_word' id='word_1_618' title='bbox 1059 5525 1120 5579; x_wconf 83' lang='grc' dir='ltr'><strong>τὸ</strong></span> <span class='ocrx_word' id='word_1_619' title='bbox 1155 5524 1334 5580; x_wconf 88' lang='grc' dir='ltr'><strong>πάντα</strong></span> <span class='ocrx_word' id='word_1_620' title='bbox 1383 5521 1451 5576; x_wconf 77' lang='grc' dir='ltr'><strong>τὰ</strong></span> <span class='ocrx_word' id='word_1_621' title='bbox 1498 5521 1635 5594; x_wconf 79' lang='grc' dir='ltr'><strong>πρὸς</strong></span> <span class='ocrx_word' id='word_1_622' title='bbox 1681 5524 1782 5587; x_wconf 70' lang='grc' dir='ltr'><strong>τὰς</strong></span> 
     </span>
    </p>
   </div>
   <div class='ocr_carea' id='block_1_102' title="bbox 285 5700 1260 5766">
    <p class='ocr_par' dir='ltr' id='par_1_102' title="bbox 285 5700 1260 5766">
     <span class='ocr_line' id='line_1_102' title="bbox 285 5700 1260 5766; baseline -0.005 -8"><span class='ocrx_word' id='word_1_623' title='bbox 285 5705 328 5736; x_wconf 82' lang='grc'><strong>⁵⁷</strong></span> <span class='ocrx_word' id='word_1_624' title='bbox 357 5702 502 5759; x_wconf 85' lang='lat' dir='ltr'><strong>Psal.</strong></span> <span class='ocrx_word' id='word_1_625' title='bbox 529 5719 641 5766; x_wconf 81' lang='lat' dir='ltr'><strong>Liv,</strong></span> <span class='ocrx_word' id='word_1_626' title='bbox 676 5703 730 5757; x_wconf 86' lang='lat'><strong>7.</strong></span> <span class='ocrx_word' id='word_1_627' title='bbox 808 5703 849 5736; x_wconf 83' lang='lat'><strong>&quot;</strong></span> <span class='ocrx_word' id='word_1_628' title='bbox 869 5700 1054 5758; x_wconf 76' lang='lat' dir='ltr'><strong>Matth.</strong></span> <span class='ocrx_word' id='word_1_629' title='bbox 1085 5717 1161 5760; x_wconf 79' lang='grc' dir='ltr'><strong>ιι.</strong></span> <span class='ocrx_word' id='word_1_630' title='bbox 1191 5701 1260 5755; x_wconf 77' lang='lat'><strong>23</strong></span> 
     </span>
    </p>
   </div>
   <div class='ocr_carea' id='block_1_103' title="bbox 1878 4515 3453 4586">
    <p class='ocr_par' dir='ltr' id='par_1_103' title="bbox 1878 4515 3453 4586">
     <span class='ocr_line' id='line_1_103' title="bbox 1878 4515 3453 4586; baseline -0.002 -14"><span class='ocrx_word' id='word_1_631' title='bbox 1878 4517 2170 4582; x_wconf 86' lang='lat' dir='ltr'><strong>laboratis,</strong></span> <span class='ocrx_word' id='word_1_632' title='bbox 2203 4523 2261 4572; x_wconf 89' lang='lat' dir='ltr'><strong>et</strong></span> <span class='ocrx_word' id='word_1_633' title='bbox 2295 4517 2512 4572; x_wconf 85' lang='lat' dir='ltr'><strong>onerati</strong></span> <span class='ocrx_word' id='word_1_634' title='bbox 2565 4517 2720 4582; x_wconf 90' lang='lat' dir='ltr'><strong>estis,</strong></span> <span class='ocrx_word' id='word_1_635' title='bbox 2771 4525 2828 4571; x_wconf 86' lang='lat' dir='ltr'><strong>et</strong></span> <span class='ocrx_word' id='word_1_636' title='bbox 2870 4531 2970 4583; x_wconf 83' lang='lat' dir='ltr'><strong>ego</strong></span> <span class='ocrx_word' id='word_1_637' title='bbox 3008 4515 3249 4570; x_wconf 82' lang='lat' dir='ltr'><strong>reﬁciam</strong></span> <span class='ocrx_word' id='word_1_638' title='bbox 3295 4515 3453 4586; x_wconf 77' lang='lat'><strong>167</strong></span> 
     </span>
    </p>
   </div>
   <div class='ocr_carea' id='block_1_104' title="bbox 1878 4607 3450 4679">
    <p class='ocr_par' dir='ltr' id='par_1_104' title="bbox 1878 4607 3450 4679">
     <span class='ocr_line' id='line_1_104' title="bbox 1878 4607 3450 4679; baseline -0.002 -15"><span class='ocrx_word' id='word_1_639' title='bbox 1878 4625 1980 4666; x_wconf 86' lang='lat' dir='ltr'><strong>vos</strong></span> <span class='ocrx_word' id='word_1_640' title='bbox 2013 4609 2077 4664; x_wconf 82' lang='lat'><strong>“.</strong></span> <span class='ocrx_word' id='word_1_641' title='bbox 2116 4628 2135 4661; x_wconf 73' lang='grc' dir='ltr'><strong>ι</strong></span> <span class='ocrx_word' id='word_1_642' title='bbox 2164 4608 2348 4675; x_wconf 82' lang='lat' dir='ltr'><strong>Quare</strong></span> <span class='ocrx_word' id='word_1_643' title='bbox 2393 4607 2560 4664; x_wconf 84' lang='lat' dir='ltr'><strong>David</strong></span> <span class='ocrx_word' id='word_1_644' title='bbox 2587 4624 2714 4664; x_wconf 90' lang='lat' dir='ltr'><strong>cum</strong></span> <span class='ocrx_word' id='word_1_645' title='bbox 2741 4609 2908 4679; x_wconf 88' lang='lat' dir='ltr'><strong>probe</strong></span> <span class='ocrx_word' id='word_1_646' title='bbox 2943 4615 3158 4663; x_wconf 81' lang='lat' dir='ltr'><strong>teneret</strong></span> <span class='ocrx_word' id='word_1_647' title='bbox 3180 4607 3450 4678; x_wconf 82' lang='lat' dir='ltr'><strong>quidquid</strong></span> 
     </span>
    </p>
   </div>
   <div class='ocr_carea' id='block_1_105' title="bbox 1881 4699 3457 4772">
    <p class='ocr_par' dir='ltr' id='par_1_105' title="bbox 1881 4699 3457 4772">
     <span class='ocr_line' id='line_1_105' title="bbox 1881 4699 3457 4772; baseline -0.001 -17"><span class='ocrx_word' id='word_1_648' title='bbox 1881 4717 1980 4772; x_wconf 88' lang='lat' dir='ltr'><strong>per</strong></span> <span class='ocrx_word' id='word_1_649' title='bbox 2026 4710 2204 4756; x_wconf 89' lang='lat' dir='ltr'><strong>totum</strong></span> <span class='ocrx_word' id='word_1_650' title='bbox 2258 4702 2532 4772; x_wconf 80' lang='lat' dir='ltr'><strong>psalmum</strong></span> <span class='ocrx_word' id='word_1_651' title='bbox 2582 4701 2952 4765; x_wconf 88' lang='lat' dir='ltr'><strong>disseruerat,</strong></span> <span class='ocrx_word' id='word_1_652' title='bbox 3003 4709 3060 4755; x_wconf 90' lang='lat' dir='ltr'><strong>et</strong></span> <span class='ocrx_word' id='word_1_653' title='bbox 3113 4699 3457 4755; x_wconf 87' lang='lat' dir='ltr'><strong>certantibus</strong></span> 
     </span>
    </p>
   </div>
   <div class='ocr_carea' id='block_1_106' title="bbox 1882 4790 3457 4864">
    <p class='ocr_par' dir='ltr' id='par_1_106' title="bbox 1882 4790 3457 4864">
     <span class='ocr_line' id='line_1_106' title="bbox 1882 4790 3457 4864; baseline -0.001 -16"><span class='ocrx_word' id='word_1_654' title='bbox 1882 4793 2077 4850; x_wconf 88' lang='lat' dir='ltr'><strong>oculos</strong></span> <span class='ocrx_word' id='word_1_655' title='bbox 2114 4793 2333 4857; x_wconf 87' lang='lat' dir='ltr'><strong>indens,</strong></span> <span class='ocrx_word' id='word_1_656' title='bbox 2369 4802 2424 4848; x_wconf 91' lang='lat' dir='ltr'><strong>et</strong></span> <span class='ocrx_word' id='word_1_657' title='bbox 2468 4807 2789 4864; x_wconf 74' lang='lat' dir='ltr'><strong>praeparans</strong></span> <span class='ocrx_word' id='word_1_658' title='bbox 2838 4792 2907 4846; x_wconf 88' lang='lat' dir='ltr'><strong>ad</strong></span> <span class='ocrx_word' id='word_1_659' title='bbox 2948 4807 3232 4861; x_wconf 88' lang='lat' dir='ltr'><strong>nunquam</strong></span> <span class='ocrx_word' id='word_1_660' title='bbox 3272 4790 3457 4846; x_wconf 90' lang='lat' dir='ltr'><strong>animo</strong></span> 
     </span>
    </p>
   </div>
   <div class='ocr_carea' id='block_1_107' title="bbox 1883 4881 3365 4958">
    <p class='ocr_par' dir='ltr' id='par_1_107' title="bbox 1883 4881 3365 4958">
     <span class='ocr_line' id='line_1_107' title="bbox 1883 4881 3365 4958; baseline -0.005 -16"><span class='ocrx_word' id='word_1_661' title='bbox 1883 4886 2360 4958; x_wconf 84' lang='lat' dir='ltr'><strong>despendendum,</strong></span> <span class='ocrx_word' id='word_1_662' title='bbox 2386 4885 2443 4940; x_wconf 93' lang='lat' dir='ltr'><strong>in</strong></span> <span class='ocrx_word' id='word_1_663' title='bbox 2471 4884 2616 4940; x_wconf 85' lang='lat' dir='ltr'><strong>bona</strong></span> <span class='ocrx_word' id='word_1_664' title='bbox 2646 4901 2747 4956; x_wconf 89' lang='lat' dir='ltr'><strong>spe</strong></span> <span class='ocrx_word' id='word_1_665' title='bbox 2787 4885 3002 4956; x_wconf 90' lang='lat' dir='ltr'><strong>psalmo</strong></span> <span class='ocrx_word' id='word_1_666' title='bbox 3031 4885 3190 4938; x_wconf 84' lang='lat' dir='ltr'><strong>linem</strong></span> <span class='ocrx_word' id='word_1_667' title='bbox 3215 4881 3365 4935; x_wconf 77' lang='lat' dir='ltr'><strong>facit.</strong></span> 
     </span>
    </p>
   </div>
   <div class='ocr_carea' id='block_1_108' title="bbox 2442 5065 2905 5123">
    <p class='ocr_par' dir='ltr' id='par_1_108' title="bbox 2442 5065 2905 5123">
     <span class='ocr_line' id='line_1_108' title="bbox 2442 5065 2905 5123; baseline -0.004 0"><span class='ocrx_word' id='word_1_668' title='bbox 2442 5065 2553 5123; x_wconf 74' lang='lat' dir='ltr'><strong>CV.</strong></span> <span class='ocrx_word' id='word_1_669' title='bbox 2591 5099 2661 5110; x_wconf 86' lang='lat'>-</span> <span class='ocrx_word' id='word_1_670' title='bbox 2695 5065 2905 5121; x_wconf 81' lang='lat' dir='ltr'><strong>Eidem.</strong></span> 
     </span>
    </p>
   </div>
   <div class='ocr_carea' id='block_1_109' title="bbox 1956 5153 3458 5229">
    <p class='ocr_par' dir='ltr' id='par_1_109' title="bbox 1956 5153 3458 5229">
     <span class='ocr_line' id='line_1_109' title="bbox 1956 5153 3458 5229; baseline -0.004 -17"><span class='ocrx_word' id='word_1_671' title='bbox 1956 5157 2013 5212; x_wconf 87' lang='lat' dir='ltr'><strong>Si</strong></span> <span class='ocrx_word' id='word_1_672' title='bbox 2051 5172 2153 5214; x_wconf 90' lang='lat' dir='ltr'><strong>nos</strong></span> <span class='ocrx_word' id='word_1_673' title='bbox 2184 5156 2442 5213; x_wconf 86' lang='lat' dir='ltr'><strong>alacriter</strong></span> <span class='ocrx_word' id='word_1_674' title='bbox 2471 5156 2760 5229; x_wconf 90' lang='lat' dir='ltr'><strong>spirituale</strong></span> <span class='ocrx_word' id='word_1_675' title='bbox 2787 5169 2926 5226; x_wconf 87' lang='lat' dir='ltr'><strong>opus</strong></span> <span class='ocrx_word' id='word_1_676' title='bbox 2954 5153 3292 5225; x_wconf 89' lang='lat' dir='ltr'><strong>perlicimus,</strong></span> <span class='ocrx_word' id='word_1_677' title='bbox 3329 5167 3458 5224; x_wconf 83' lang='lat' dir='ltr'><strong>pru-</strong></span> 
     </span>
    </p>
   </div>
   <div class='ocr_carea' id='block_1_110' title="bbox 1886 5245 3456 5318">
    <p class='ocr_par' dir='ltr' id='par_1_110' title="bbox 1886 5245 3456 5318">
     <span class='ocr_line' id='line_1_110' title="bbox 1886 5245 3456 5318; baseline -0.003 -15"><span class='ocrx_word' id='word_1_678' title='bbox 1886 5248 2189 5318; x_wconf 88' lang='lat' dir='ltr'><strong>denterque</strong></span> <span class='ocrx_word' id='word_1_679' title='bbox 2241 5247 2600 5318; x_wconf 82' lang='lat' dir='ltr'><strong>exsequimur</strong></span> <span class='ocrx_word' id='word_1_680' title='bbox 2653 5245 2934 5308; x_wconf 92' lang='lat' dir='ltr'><strong>debitum,</strong></span> <span class='ocrx_word' id='word_1_681' title='bbox 2988 5245 3134 5315; x_wconf 90' lang='lat' dir='ltr'><strong>quod</strong></span> <span class='ocrx_word' id='word_1_682' title='bbox 3177 5259 3208 5298; x_wconf 91' lang='lat' dir='ltr'><strong>a</strong></span> <span class='ocrx_word' id='word_1_683' title='bbox 3267 5252 3456 5298; x_wconf 81' lang='lat' dir='ltr'><strong>sancta</strong></span> 
     </span>
    </p>
   </div>
   <div class='ocr_carea' id='block_1_111' title="bbox 1887 5334 3454 5410">
    <p class='ocr_par' dir='ltr' id='par_1_111' title="bbox 1887 5334 3454 5410">
     <span class='ocr_line' id='line_1_111' title="bbox 1887 5334 3454 5410; baseline -0.003 -15"><span class='ocrx_word' id='word_1_684' title='bbox 1887 5337 2076 5410; x_wconf 88' lang='lat' dir='ltr'><strong>regula</strong></span> <span class='ocrx_word' id='word_1_685' title='bbox 2108 5337 2268 5394; x_wconf 87' lang='lat' dir='ltr'><strong>nobis</strong></span> <span class='ocrx_word' id='word_1_686' title='bbox 2308 5337 2631 5407; x_wconf 90' lang='lat' dir='ltr'><strong>imponitur,</strong></span> <span class='ocrx_word' id='word_1_687' title='bbox 2669 5335 3063 5410; x_wconf 72' lang='lat' dir='ltr'><strong>ministerium,</strong></span> <span class='ocrx_word' id='word_1_688' title='bbox 3098 5334 3454 5390; x_wconf 79' lang='lat' dir='ltr'><strong>manifestum</strong></span> 
     </span>
    </p>
   </div>
   <div class='ocr_carea' id='block_1_112' title="bbox 1887 5401 3457 5495">
    <p class='ocr_par' dir='ltr' id='par_1_112' title="bbox 1887 5401 3457 5495">
     <span class='ocr_line' id='line_1_112' title="bbox 1887 5401 3457 5495; baseline -0.003 -14"><span class='ocrx_word' id='word_1_689' title='bbox 1887 5401 1992 5490; x_wconf 61' lang='lat' dir='ltr'><strong>est,</strong></span> <span class='ocrx_word' id='word_1_690' title='bbox 2044 5423 2218 5479; x_wconf 90' lang='lat' dir='ltr'><strong>multo</strong></span> <span class='ocrx_word' id='word_1_691' title='bbox 2269 5401 2443 5495; x_wconf 78' lang='lat' dir='ltr'><strong>magis</strong></span> <span class='ocrx_word' id='word_1_692' title='bbox 2493 5421 2663 5477; x_wconf 90' lang='lat' dir='ltr'><strong>Deum</strong></span> <span class='ocrx_word' id='word_1_693' title='bbox 2718 5422 2882 5479; x_wconf 90' lang='lat' dir='ltr'><strong>nobis</strong></span> <span class='ocrx_word' id='word_1_694' title='bbox 2941 5401 3133 5477; x_wconf 67' lang='lat' dir='ltr'><strong>curam</strong></span> <span class='ocrx_word' id='word_1_695' title='bbox 3180 5430 3457 5493; x_wconf 75' lang='lat' dir='ltr'><strong>gerentem</strong></span> 
     </span>
    </p>
   </div>
   <div class='ocr_carea' id='block_1_113' title="bbox 1889 5513 3524 5588">
    <p class='ocr_par' dir='ltr' id='par_1_113' title="bbox 1889 5513 3524 5588">
     <span class='ocr_line' id='line_1_113' title="bbox 1889 5513 3524 5588; baseline -0.002 -16"><span class='ocrx_word' id='word_1_696' title='bbox 1889 5516 2132 5573; x_wconf 82' lang='lat' dir='ltr'><strong>excitare</strong></span> <span class='ocrx_word' id='word_1_697' title='bbox 2165 5515 2446 5588; x_wconf 86' lang='lat' dir='ltr'><strong>piissimas</strong></span> <span class='ocrx_word' id='word_1_698' title='bbox 2491 5515 2706 5572; x_wconf 87' lang='lat' dir='ltr'><strong>animas</strong></span> <span class='ocrx_word' id='word_1_699' title='bbox 2748 5513 2818 5571; x_wconf 90' lang='lat' dir='ltr'><strong>ad</strong></span> <span class='ocrx_word' id='word_1_700' title='bbox 2860 5514 3272 5586; x_wconf 66' lang='lat' dir='ltr'><strong>nobisomnia,</strong></span> <span class='ocrx_word' id='word_1_701' title='bbox 3309 5527 3458 5587; x_wconf 76' lang='lat' dir='ltr'><strong>qua3-</strong></span> <span class='ocrx_word' id='word_1_702' title='bbox 3495 5574 3524 5587; x_wconf 35' lang='grc' dir='ltr'><strong>μ</strong></span> 
     </span>
    </p>
   </div>
  </div>
