3850 6218
419 267 521 329 9.47

1810 330 1825 341 ,
1879 268 1940 327 s.
1984 268 2146 327 NILI

3548 265 3658 330 243

412 391 631 447 cunque
658 391 797 448 opus
832 375 1057 437 fuerint.
1088 374 1581 435 subministranda.
1613 374 1771 442 Quod
1801 374 1847 430 si
1878 388 1980 430 nos

2096 375 2275 445 (ρείας
2303 374 2621 445 διακονῆσαι
2650 373 2804 444 ἡμῖν.
2844 373 2972 429 Ἐὰν
2999 372 3057 427 δὲ
3079 373 3244 444 ἡμεῖς
3266 371 3535 445 όκνῶμεν,
3559 377 3659 429 καὶ

409 466 762 536 negligimus,
794 465 1116 535 nullamque
1146 465 1333 525 deiis.
1377 466 1471 535 qui
1505 480 1565 521 se
1597 466 1663 519 ad
1699 465 1981 536 spirituale

407 573 548 627 opus
588 552 908 628 accingunt,
936 572 1128 611 curam
1177 558 1438 627 gerimus,
1488 574 1731 630 quanam
1766 560 1981 616 ratione

409 650 478 706 de
506 650 663 705 nobis
692 663 881 704 curam
916 648 1103 704 haberi
1136 651 1426 704 volumus?

735 741 868 797 CVI.
903 771 973 781 —
1007 741 1271 796 MARINO
1308 741 1663 798 MONACHO.

481 829 562 885 Ne
615 846 851 887 maerore
904 837 1001 885 tuo
1054 842 1106 886 te
1154 846 1441 898 maceres,
1482 848 1673 903 neque
1728 832 1979 887 tabescas

412 923 606 989 miser,
648 923 1025 994 magnitudine
1051 924 1413 979 tentationum
1453 939 1770 994 oppressus,
1801 939 1981 994 neque

411 1014 707 1083 obstupeas
732 1003 989 1082 pondere,
1021 1022 1075 1068 et
1104 1015 1281 1084 spissa
1305 1014 1625 1084 irruptione,
1659 1024 1714 1070 et
1741 1015 1976 1083 excidio,

410 1113 465 1157 et
504 1104 926 1174 depopulatione
968 1104 1848 1160 intellectualium-barbarorum.
1890 1105 1981 1161 Et-

409 1200 557 1252 enim
586 1212 893 1267 speramus,
918 1198 965 1252 si
992 1212 1117 1251 cum
1142 1196 1442 1267 gratiarum
1467 1195 1682 1252 actione
1702 1197 1982 1251 sustinue-

414 1301 607 1349 r.mus,
642 1286 875 1341 salutem
913 1286 1091 1357 magis
1133 1302 1200 1341 ex
1240 1286 1502 1350 inimicis,
1542 1292 1599 1341 et
1639 1302 1705 1341 ex
1752 1288 1841 1353 iis,
1885 1288 1980 1358 qui

334 1346 355 1371 κ
414 1395 516 1432 nos
548 1377 676 1432 odio
713 1377 914 1432 habent
942 1378 1007 1443 ⁸³,
1040 1377 1390 1447 conquirere.

934 1467 1092 1523 CVII.
1135 1498 1204 1509 ——
1242 1467 1450 1522 Eidem.

483 1558 648 1631 Plaga
692 1574 814 1614 mea
860 1561 1074 1625 valida,
1120 1562 1196 1615 ait
1226 1560 1493 1617 Jeremias
1534 1561 1804 1632 propheta
1836 1561 1881 1593 '°
1913 1576 1982 1617 ex

410 1666 646 1722 persona
670 1664 857 1707 nostra
882 1659 1074 1709 terens
1100 1653 1517 1709 lamentationes
1543 1673 1557 1706 :
1591 1661 1653 1709 ut
1681 1654 1811 1723 quid
1837 1669 1979 1723 prae-

2082 463 2377 535 ἀμελῶμεν
2405 464 2531 518 τῶν
2561 462 2962 517 ἐπιϐαλλόντων
2996 464 3073 535 τῷ
3122 465 3478 537 πνευματικῷ
3510 467 3659 539 πρά-

2082 571 2275 624 γματι,
2305 554 2424 618 πῶς
2453 552 2712 625 ἀξιοῦμεν
2739 553 3155 625 φροντίζεσθαι;

2417 754 2556 819 PQ".
2588 782 2659 793 —
2689 754 2955 825 ΜΑΡΙΝῼ
2991 749 3305 825 ΜΟΝΛΧῼ.

2149 844 2432 916 Μηδαμῶς
2473 843 2813 915 δυσχέραινε,
2853 845 2990 916 μηδὲ
3027 845 3307 918 δυσφόρει,
3345 847 3414 918 τῇ
3468 864 3656 920 παρα-

2077 938 2232 991 τάσει
2273 938 2379 990 τῶν
2407 937 2727 1007 πειρασμῶν
2763 937 3103 1007 πιεζόμενος,
3141 938 3276 1008 μηδὲ
3316 937 3523 1004 ξενίζου
3559 940 3658 994 ἐπὶ

2080 1029 2158 1099 τῷ
2189 1027 2364 1100 βάρει,
2398 1029 2492 1084 καὶ
2516 1032 2582 1100 τῇ
2633 1032 2800 1099 συχνῇ
2837 1029 3102 1094 ὲπιθέσει,
3136 1031 3232 1083 καὶ
3268 1033 3331 1101 τῇ
3374 1032 3656 1103 ἐκπορθή-

2082 1138 2183 1184 σει,
2226 1121 2317 1174 καὶ
2356 1119 2536 1185 διώξει
2564 1120 2672 1174 τῶν
2728 1120 2934 1191 νοητῶν
2979 1121 3289 1194 βαρϐάρων.
3326 1121 3659 1192 Ἐλπίζομεν

2079 1211 2208 1281 γὰρ,
2242 1211 2336 1265 ἐὰν
2380 1213 2497 1282 μετ’
2541 1212 2892 1283 εὐχαριστίας
2931 1213 3328 1284 ὑπομείνωμεν,
3378 1214 3658 1285 σωτηρίαν

2084 1303 2283 1372 μᾶλλον
2310 1304 2373 1355 ὲκ
2406 1303 2515 1388 τῶγ
2563 1303 2776 1374 ἐχθρῶν
2804 1304 3110 1377 εὑρίσκειν,
3141 1305 3237 1359 καὶ
3285 1304 3391 1360 τῶν
3428 1305 3658 1377 μισούν-

2079 1411 2187 1448 των
2215 1396 2382 1465 ἡμᾶς.

2603 1485 2721 1539 PZ'.
2738 1516 2808 1526 —
2841 1485 2924 1551 Τῷ
2945 1484 3123 1552 αὐτῷ.

2161 1576 2227 1629 Ἡ
2256 1576 2436 1648 πλήγη
2464 1594 2566 1648 μου
2590 1576 2806 1648 στερεὰ,
2841 1579 3004 1647 φησιν
3039 1579 3309 1652 Ἱερεμίας
3340 1581 3656 1651 προφήτης,

2081 1666 2142 1732 ἐξ
2172 1669 2438 1739 ἡμετέρου
2475 1667 2769 1740 προσώπου
2802 1671 2931 1733 τοὺς
2956 1670 3225 1742 ὀδυρμοὺς
3256 1671 3495 1741 ὑφαίνων
3521 1688 3537 1703 ο
3564 1671 3660 1724 ἵνα.

410 1745 598 1799 valent
638 1744 823 1809 nobis,
866 1745 959 1814 qui
997 1760 1097 1801 nos
1122 1746 1495 1800 contristant?
1526 1746 1745 1809 coxisti,
1778 1754 1833 1800 et
1863 1760 1973 1800 non

2096 1722 2142 1810 τί
2163 1722 2224 1810 οἵ
2243 1722 2538 1822 λυποῦντές
2569 1775 2636 1828 με
2666 1722 3020 1830 κατισχύόυσί
3052 1722 3153 1830 μου
3178 1722 3658 1833 ;.ὲμαχείρευσας,

412 1837 711 1907 pepercisti
740 1838 806 1893 ²¹.
846 1836 1233 1907 Archimagiro
1274 1853 1509 1906 namque
1549 1836 1976 1904 Nabuzardano,

410 1935 467 1980 et
517 1926 613 1989 iis,
672 1926 831 1996 168
880 1926 975 1996 qui
1029 1941 1152 1981 cum
1198 1941 1264 1982 eo
1311 1934 1504 1992 erant,
1557 1927 1856 1982 tradidisti.
1917 1926 1981 1981 Et

412 2013 668 2070 Ilabacuc
688 2016 905 2070 dicebat
925 2016 991 2069 ad
1018 2015 1327 2069 Dominum.
1351 2014 1422 2070 Ut
1444 2016 1572 2087 quid
1600 2016 1729 2071 siles
1752 2016 1981 2073 videns?

411 2114 467 2161 et
490 2107 695 2179 impius
728 2108 957 2179 deglutit
985 2109 1223 2177 justum,
1257 2116 1315 2162 et
1348 2109 1551 2164 toleras
1583 2110 1669 2162 “2

918 2195 1095 2253 CVIII.
1139 2228 1211 2239 ——-
1250 2197 1458 2253 Eidem.

481 2286 601 2342 Non
643 2296 857 2343 tantum
891 2301 1234 2361 peccatores,
1278 2290 1371 2344 sed
1413 2292 1505 2360 qui
1544 2292 1710 2347 etiam
1741 2292 1981 2348 maxime

410 2380 574 2448 bonis
604 2381 871 2451 operibus
906 2396 1127 2453 operam
1173 2400 1378 2439 navare
1415 2385 1685 2450 nituntur,
1728 2400 1982 2455 saapenu-

414 2488 566 2526 inero
619 2473 968 2537 deseruntur,
1021 2481 1078 2527 ut
1124 2476 1465 2545 patientiam,
1518 2484 1573 2530 et
1630 2476 1979 2532 tolerantiam

412 2562 723 2627 addiscant,
762 2575 813 2620 et
841 2565 1154 2634 superbiam
1203 2567 1392 2621 vitent.
1434 2567 1499 2620 Et
1530 2567 1818 2636 Scriptura
1853 2569 1931 2622 ait
1963 2587 1976 2623 :

419 2674 439 2705 ι
475 2653 589 2709 Sub
616 2655 799 2725 impiis
842 2656 1048 2711 cadunt
1078 2660 1397 2727 przescripto
1434 2668 1697 2727 tempore,
1729 2669 1783 2714 et
1818 2661 1980 2716 intel-

411 2747 674 2801 lectuales
689 2747 833 2803 azdes
851 2748 919 2802 ab
937 2749 1117 2817 impiis
1134 2748 1557 2805 devastantur”.
1573 2771 1590 2802 ι
1603 2751 1977 2823 Rursumque:

414 2857 435 2890 ε
459 2834 677 2903 Justus,
699 2839 794 2903 ait,
826 2838 895 2892 ab
914 2837 1098 2907 impiis
1131 2839 1411 2894 deridetur
1440 2840 1487 2872 ”
1510 2860 1523 2907 ;
1550 2872 1619 2881 —
1638 2842 1801 2909 Deus,
1836 2842 1982 2899 Deus

412 2948 603 2996 meus,
641 2935 863 3011 attende
890 2933 1049 3001 mihi,
1085 2942 1146 2988 ut
1180 2935 1311 3006 quid
1335 2934 1675 3008 dereliquisti
1718 2954 1805 2994 me
1835 2938 1920 2993 ’5?
1957 2958 1976 2992 ι

410 3024 479 3079 Et
509 3027 639 3082 alibi
690 3028 959 3095 scriptum
988 3035 1071 3084 est
1107 3047 1119 3083 :
1163 3046 1183 3079 ι
1223 3028 1444 3083 Gratias
1494 3045 1597 3100 ago
1642 3031 1764 3097 tibi,
1812 3031 1978 3099 Deus,
2008 3064 2053 3126 Ο

410 3118 559 3187 quod
605 3119 928 3189 percussisti
979 3135 1087 3183 me,
1130 3130 1183 3176 et
1220 3122 1466 3176 avertisti
1519 3123 1714 3177 faciem
1768 3131 1917 3177 tuam
1950 3138 1982 3178 a

412 3226 519 3271 me.
559 3219 613 3265 et
649 3219 774 3280 post
824 3212 939 3267 haec
988 3212 1340 3268 misereberis
1384 3214 1511 3270 mei.
1556 3236 1574 3266 ι
1605 3215 1672 3268 Ει
1718 3231 1979 3272 rursum:

416 3320 436 3353 ‹
481 3301 726 3367 Quantas
776 3302 1069 3358 ostendisti
1114 3303 1244 3357 mihi
1295 3304 1707 3370 tribulationes,
1756 3308 1981 3370 multas,

410 3405 467 3449 et
495 3394 688 3457 malas,
739 3401 793 3449 et
824 3409 1079 3451 reversus
1116 3396 1405 3451 vivificasti
1441 3414 1548 3460 me,
1578 3408 1630 3453 et
1668 3414 1734 3453 ex
1766 3400 1984 3469 abyssis

410 3492 574 3541 terrae
597 3486 834 3541 eduxisti
858 3487 987 3542 me?
1020 3487 1394 3558 Multiplicasti
1440 3505 1607 3559 super
1640 3506 1727 3546 me
1772 3493 1986 3561 magni-

412 3576 659 3631 tudinem
686 3584 857 3643 tuam,
895 3585 951 3631 et
991 3592 1249 3634 reversus
1288 3581 1610 3635 consolatus
1638 3597 1695 3636 es
1734 3598 1820 3637 me
1842 3583 1909 3634 ".
1959 3601 1977 3633 ο

955 3845 1091 3902 CIX.
1133 3876 1202 3885 —
1236 3845 1444 3901 Eidem.

484 3938 742 4011 Ingentes
772 3937 1135 4009 aegritudines
1155 3937 1574 4008 despicationis,
1601 3945 1657 3993 et
1679 3937 1984 4006 jactautiae,

2083 1847 2179 1901 καὶ
2207 1848 2307 1901 οὐκ
2350 1848 2572 1917 ἐφείσω.
2602 1847 2693 1919 Τῷ
2720 1849 2827 1921 γὰρ
2855 1852 3234 1923 ἀρχιμαγείρῳ
3264 1852 3662 1922 Ναϐουζαρδάν

2083 1953 2172 2005 με,
2206 1936 2433 2001 καὶτοῖς
2462 1938 2598 2007 ἀμφ’
2617 1937 2778 1991 αὑτὸν
2802 1938 3124 2003 ἐκδέδωκας.
3143 1939 3253 1992 Καὶ
3275 1941 3303 1991 6
3329 1940 3664 2010 Ἀμὸακοὺμ

2081 2026 2217 2097 πρὸς
2249 2029 2451 2099 Κύριον
2496 2026 2680 2097 ἔλεγεν
2701 2045 2716 2060 ’
2742 2028 2862 2082 Ἵνα
2908 2028 2960 2080 τί
2992 2030 3360 2100 παρασιωπᾷς
3411 2030 3657 2100 βλέπων,

2079 2120 2160 2173 ὃτι
2188 2121 2217 2173 6
2247 2120 2450 2192 ἀσεϐὴς
2472 2120 2761 2175 καταπίνει
2784 2122 2876 2175 τὸν
2901 2121 3129 2187 δίκαιον,
3164 2124 3259 2176 καὶ
3281 2122 3445 2195 ἀνέχῃ
3467 2140 3483 2187 ;

2592 2213 2720 2268 PH’.
2743 2241 2814 2252 —
2845 2210 2930 2275 Τῷ
2960 2212 3139 2278 αὐτῷ.

2151 2302 2228 2355 Οὐ
2268 2301 2428 2372 μόνον
2460 2302 2779 2373 ἁμαρτωλοὶ
2808 2301 3105 2373 ἄνθρωποι,
3141 2303 3278 2358 ἀλλὰ
3325 2306 3419 2358 καὶ
3444 2307 3493 2358 οἱ
3526 2305 3658 2359 λίαν

2081 2392 2263 2462 πάσης
2280 2372 2644 2465 ἀνδραγαθίας
2666 2372 2988 2462 ἀντέχεσθαι
3019 2395 3362 2459 σπεύδοντες,
3391 2397 3662 2461 πολλάκις

2081 2484 2669 2555 ὲγκαταλιμπάνονται,
2719 2484 2855 2553 πρός
2888 2502 2948 2538 τε
2983 2484 3042 2538 τὸ
3084 2485 3399 2557 διδαχθῆναι
3445 2488 3662 2557 ὑπομοο

2080 2576 2198 2646 νὴν,
2227 2576 2321 2629 καὶ
2366 2576 2681 2647 καρτερίαν.
2713 2578 2805 2630 καὶ
2839 2577 2972 2648 πρὸς
3007 2577 3323 2648 ἀποτροπὴν
3359 2579 3461 2647 τῆς
3486 2580 3664 2649 ὑπερο

2081 2668 2369 2738 ηφανείας·
2404 2668 2498 2722 καὶ
2530 2667 2605 2732 ῶς
2651 2672 2875 2740 φησινὴ
2910 2670 3100 2740 Γραφή
3122 2688 3136 2702 ι
3172 2688 3189 2719 ι
3218 2670 3518 2723 Πίπτουσιν
3551 2670 3666 2723 ὑπὸ

2079 2763 2193 2823 τοῖς
2235 2760 2457 2830 ἀνόμοις
2496 2761 2685 2832 χρόνον
2734 2760 2952 2823 τακτὸν,
3006 2761 3102 2813 καὶ
3136 2762 3261 2823 τοὺς
3317 2760 3547 2831 νοητοὺς
3579 2761 3663 2813 οἵ·

2082 2869 2211 2917 κους
2258 2853 2650 2925 ὲκπορθοῦνται
2696 2854 2799 2907 ὑπὸ
2849 2854 3087 2924 ἀνόμων.
3122 2872 3140 2905 ι
3164 2854 3273 2906 Καὶ
3300 2853 3460 2906 πάλιν
3483 2869 3498 2884 ο
3536 2870 3559 2904 ι
3599 2853 3662 2907 ⁸0

2081 2945 2307 3009 δίκαιος,
2338 2945 2524 3016 φησὶν,
2557 2944 2664 2998 ὑπὸ
2705 2945 2812 2998 τῶν
2845 2944 3062 3015 ἀνόμων
3091 2943 3479 3012 καταγελᾶται.
3499 2972 3574 2982 -—
3598 2943 3663 2997 '0

2083 3035 2237 3101 Θεὸς,
2267 3038 2295 3089 6
2321 3036 2451 3100 Θεός
2489 3053 2613 3106 μου,
2661 3035 2896 3106 πρόσχες
2931 3052 3041 3105 μοι,
3077 3036 3163 3087 ἵνα
3201 3035 3254 3086 τί
3299 3033 3663 3101 ἐγκατέλιπές

2089 3146 2186 3200 με;
2218 3147 2237 3180 ι
2283 3128 2394 3182 Καὶ
2438 3129 2598 3182 πάλιν
2649 3128 2998 3199 γέγραπταιε
3052 3146 3070 3179 ι
3119 3125 3441 3198 Εὑχαριστῶ
3496 3127 3665 3189 σοι,ό

2084 3220 2239 3287 Θεὸς,
2274 3221 2358 3274 ὅτι
2389 3219 2666 3285 ὲπὰταξάς
2710 3237 2798 3291 με,
2834 3219 2928 3275 καὶ
2986 3218 3337 3289 ἀπέστρεψας
3394 3218 3456 3270 τὸ
3488 3217 3666 3289 πρόσ-

2084 3311 2232 3364 ωπόν
2272 3329 2363 3364 σου
2397 3310 2491 3366 ἀπ’
2529 3311 2685 3381 ἐμοῦ,
2718 3312 2811 3364 καὶ
2861 3310 3000 3379 μετὰ
3033 3308 3204 3363 ταῦτα
3241 3310 3485 3379 ὲλεὴσεις
3516 3324 3609 3378 με.
3636 3326 3659 3358 ι

2085 3406 2193 3458 Καὶ
2238 3404 2427 3458 πάλιν·
2458 3423 2475 3455 ι
2502 3404 2673 3467 Ὅσας
2715 3402 2920 3467 tangat;
2959 3420 3047 3472 μοι
3074 3401 3279 3471 θλίψεις
3313 3400 3533 3466 πολλὰς,
3565 3401 3667 3454 καὶ

2086 3497 2280 3563 κακὰς,
2317 3497 2411 3550 καὶ
2444 3494 2776 3566 ἐπιστρέψας
2800 3493 3168 3562 ὲζωοποίησάς
3208 3508 3297 3561 με,
3320 3491 3416 3543 καὶ
3458 3490 3522 3542 ἐκ
3552 3488 3666 3543 τῶν

2085 3588 2336 3644 ἀϐύσσων
2358 3589 2454 3659 τῆς
2483 3586 2587 3657 γῆς
2614 3586 2885 3657 ἀνήγαγές
2916 3601 2982 3655 με
3004 3601 3018 3650 ;
3053 3582 3427 3643 Ἑπλεώνασας
3454 3582 3540 3633 ἐπ’
3561 3581 3666 3651 ἐμὲ

2084 3678 2183 3747 τὴν
2217 3676 2603 3747 μεγαλωσύνην
2634 3692 2749 3743 σου,
2792 3676 2888 3730 καὶ
2917 3673 3248 3746 ἐπιστρέψας
3280 3671 3667 3744 παρεκάλεσάς

2091 3786 2180 3838 με.
2212 3788 2231 3819 ι

2597 3856 2722 3911 ΡΘ’.
2753 3889 2822 3899 -
2849 3856 2934 3923 Τῷ
2960 3853 3140 3922 αὐτῷ.

2159 3950 2385 4021 Μεγάλα
2411 3950 2691 4021 νοσήματα
2721 3950 3043 4020 ὑπεροψίας,
3080 3949 3175 4002 καὶ
3201 3946 3394 4015 τύφου,
3424 3944 3520 3998 καὶ
3542 3943 3667 4014 οἰή-

412 4039 471 4088 et
501 4030 735 4101 propriae
753 4028 1200 4093 existimationis,
1225 4037 1281 4084 et
1310 4029 1572 4085 similium
1601 4028 1658 4083 in
1691 4027 1902 4084 intimis
1924 4043 1982 4084 ac

2096 4061 2249 4109 σεως,
2283 4044 2379 4098 καὶ
2429 4044 2539 4097 τῶν
2585 4042 2842 4096 τοιούτων
2881 4044 2939 4095 ὲν
2979 4043 3095 4103 τοῖς
3134 4039 3398 4110 κρυπτοῖς
3444 4034 3671 4105 ἔχοντες

415 4124 720 4180 latentibus
774 4121 1152 4192 penetralibus
1211 4119 1643 4183 abscondentes.
1694 4121 1982 4177 hominum

2096 4135 2376 4206 ταμιείοις,
2411 4134 2538 4198 τοὺς
2582 4133 2811 4198 πολλοὺς
2840 4133 2948 4186 τῶν
2986 4130 3324 4203 ἀνθρώπων,
3366 4126 3458 4181 καὶ
3512 4126 3672 4196 ἡμᾶς

416 4216 730 4287 plerosque,
762 4227 977 4283 nosque
1013 4213 1281 4283 metipsos
1324 4212 1627 4282 saepissime
1669 4228 1765 4283 per
1796 4212 1982 4267 incon-

2096 4228 2289 4291 αὐτοὺς
2326 4225 2586 4290 πολλάκις
2631 4224 2967 4294 λανθάνομεν
2994 4223 3083 4277 διὰ
3132 4222 3195 4275 τὸ
3234 4220 3665 4275 ἀνεπίσκεπτον.

416 4308 773 4367 siderantiam
803 4306 1067 4362 fallimus.
1100 4305 1208 4360 Sed
1240 4320 1473 4375 magnus
1518 4306 1828 4379 animarum
1887 4319 1982 4359 no-

2103 4320 2240 4372 Ἀλλ’
2281 4321 2310 4372 6
2362 4319 2536 4389 μέγας
2590 4317 2698 4371 τῶν
2730 4316 2919 4387 ψυχῶν
2961 4314 3118 4385 ¹ἡμῶν
3172 4312 3355 4383 ἰατρὸς
3390 4306 3520 4369 οἶδε,
3545 4306 3671 4368 πῶς

417 4410 661 4459 strarum
693 4399 937 4454 medicus
958 4399 1178 4454 abunde
1207 4398 1665 4468 uovit,qnomodo
1695 4397 1982 4452 abscondi-

2096 4411 2485 4482 ἐπιμελήσεται
2518 4410 2624 4463 τῶν
2658 4410 2925 4481 κρυφίων.
2978 4405 3070 4477 Μὴ
3106 4401 3199 4459 οὖν
3239 4399 3665 4471 ἀγανακτῶμεν.

420 4492 496 4546 tis
550 4504 709 4559 opem
768 4486 929 4542 ferat.
974 4484 1054 4542 Ne
1097 4487 1264 4557 igitur
1314 4502 1456 4556 τρετο
1502 4486 1769 4549 feramus,
1812 4500 1982 4554 neque

2096 4505 2229 4576 μηδὲ
2281 4501 2739 4575 μικροψυχῶμεν,
2800 4500 2898 4553 καὶ
2946 4494 3427 4566 ἀποδυσπετῶμεν.
3457 4492 3544 4561 ἐφ’
3581 4484 3669 4553 οἷς

419 4582 663 4638 animum
682 4576 1144 4646 despondeamus,
1167 4591 1345 4647 neque
1366 4576 1742 4645 desperemus,
1765 4581 1982 4645 propter

2096 4599 2225 4668 ἡμῖν
2259 4596 2611 4667 ἁρμοζόντως
2645 4595 2843 4663 ἐπάγει
2876 4594 2904 4646 6
2937 4590 3163 4662 Κύριος.

418 4692 505 4743 ea,
530 4688 655 4746 quae
675 4673 835 4727 nobis
856 4686 967 4724 non
993 4672 1297 4741 incongrue
1320 4668 1584 4724 Dominus
1615 4668 1858 4723 adducit.

877 4764 1037 4835 169
1073 4763 1186 4819 CX.
1224 4793 1297 4806 —
1335 4761 1543 4817 Eidem.

2607 4773 2721 4826 'Pl’.
2746 4802 2817 4811 —
2846 4768 2929 4834 Τῷ
2956 4767 3134 4833 αὐτῷ.

2166 4865 2355 4918 Πολλοὶ⁵
2408 4865 2467 4920 ὲν
2506 4865 2585 4935 τῷ
2636 4862 2971 4932 νοσοκομείῳ
3019 4859 3113 4913 τοῦ
3162 4859 3431 4929 παρόντος
3470 4856 3668 4918 αἰῶνος

2093 4959 2433 5028 ὑπάρχουσιν
2462 4957 2758 5029 ἄρρωστοι,
2795 4956 2889 5008 καὶ
2916 4951 3299 5024 παραλυτικοί.
3333 4951 3408 5005 Οὐ
3439 4949 3573 5002 πᾶσι
3606 4946 3671 5001 δὲ

2093 5051 2126 5118 ἡ
2153 5048 2290 5117 αὐτὴ
2320 5046 2550 5118 ἁρμόζει
2585 5045 2894 5118 φαρμακία,
2927 5044 2988 5096 οὐ
3018 5041 3075 5095 δὲ
3105 5044 3270 5095 πᾶσιν
3298 5042 3331 5111 ὴ
3365 5039 3504 5108 αὑτὴ
3529 5053 3674 5105 συμ-

2093 5141 2347 5195 ϐάλλεται
2375 5140 2640 5211 τράπεζα.
2667 5136 2845 5207 "amp
2885 5135 2992 5205 γὰρ
3020 5134 3195 5197 ἄλλως
3220 5131 3321 5204 τὴν
3348 5129 3670 5202 περιωδίαν,

2093 5233 2189 5286 καὶ
2206 5233 2306 5304 τὴν
2335 5232 2543 5286 δίαιταν
2569 5228 2869 5299 προσφέρει
2895 5229 2925 5280 ὁ
2958 5224 3162 5294 ἱατρός.

491 4862 646 4918 Multi
682 4862 738 4915 in
779 4860 1071 4931 praesentis
1118 4857 1303 4912 ειεοωί
1345 4855 1748 4911 valetudinario
1790 4855 1992 4909 infirmi

419 4956 628 5021 iacent,
669 4964 723 5008 et
770 4952 867 5005 alii
915 4950 1258 5005 resolutione
1296 4964 1595 5003 nervorum
1636 4948 1993 5003 infestantur.

423 5048 636 5113 Quibus
664 5045 924 5099 omnibus
949 5057 1061 5097 non
1093 5056 1200 5096 una
1226 5041 1498 5096 medicina
1523 5042 1796 5111 congruit,
1821 5055 1997 5109 neque

425 5141 644 5200 confert
672 5140 929 5196 omnibus
963 5154 1072 5193 una
1102 5137 1408 5206 eademque
1452 5151 1641 5191 mensa
1669 5154 1681 5190 :
1714 5137 1997 5207 propriam

424 5236 576 5291 enim
624 5233 824 5303 cuique
868 5240 925 5286 et
971 5230 1325 5294 medicinam,
1379 5239 1437 5286 et
1483 5230 1666 5285 victus
1719 5230 1992 5285 rationem

427 5325 677 5383 medicus
700 5323 967 5394 assignat.

962 5414 1101 5470 CXI.
1143 5443 1211 5455 —
1253 5412 1502 5468 Eidem.‘

499 5507 619 5572 Hic,
649 5507 749 5572 ait,
778 5513 1016 5577 aegrotus
1063 5506 1223 5560 melle
1272 5504 1611 5575 frequentius
1656 5505 1994 5573 permulcea-

503 5650 546 5680 ¹⁹
577 5647 707 5701 Luc.
740 5662 778 5707 I,
804 5645 895 5697 7|.
969 5646 1014 5677 ²⁰
1040 5643 1149 5699 Jer.
1178 5645 1378 5708 xv,18.
1456 5647 1494 5678 ἰ
1524 5644 1723 5701 ἸῚΙΙὌΠ.
1760 5660 1820 5710 It,
1859 5642 1946 5698 9-1.

2112 5641 2319 5697 Habac.
2362 5654 2401 5705 ι,
2432 5638 2517 5693 15.
2558 5638 2599 5669 ³³
2628 5635 2729 5691 Job
2750 5650 2845 5700 xu,
3017 5630 3061 5664 ”
3092 5628 3225 5683 lbi].
3266 5628 3314 5681 4.

455 5736 571 5784 ut,
611 5719 657 5772 ι.
755 5718 796 5748 ²’¹
828 5715 971 5771 I’sal.
1007 5731 1132 5778 ωε.
1160 5716 1248 5781 :20,
1293 5716 1380 5768 ⁸21.

2588 5405 2735 5459 PIA'.
2762 5433 2831 5444 -
2874 5401 2961 5456 Τῶ
2992 5399 3169 5465 αὐτῷ.

2170 5493 2367 5565 Οὗτος,
2394 5498 2582 5570 φησὶν,
2613 5499 2642 5551 ὁ
2684 5498 2969 5569 ἄρρωστος
3009 5493 3089 5563 τῷ
3121 5491 3295 5562 μέλιτι
3334 5484 3669 5559 παρηγορείρ

3414 5624 3459 5655 ’⁸
3488 5622 3639 5679 Psal.
