3850 6218
182 268 299 332 249

1411 260 1945 323 EPISTOLARUM
1987 259 2132 319 LIB.
2167 258 2249 317 ΙῘ.

3356 252 3462 314 250

188 378 306 433 σθω
344 375 704 446 πυκνότερον,
738 374 834 428 καὶ
863 373 1022 438 ἄλλος
1048 376 1118 446 τῇ
1159 373 1358 445 πικρίᾳ
1388 372 1482 426 τοῦ
1517 372 1764 442 ἀψινθίου

1904 385 1993 434 ur;
2052 369 2196 423 alius
2243 366 2509 422 absinthii
2569 364 2823 420 amaritie
2878 362 3264 433 astringatur;
3316 362 3460 415 alius

187 466 664 539 περαστυφούσθω
694 508 712 535 ,
762 468 859 520 καὶ
939 467 1128 538 ἕτερος
1179 467 1278 536 τῆς
1338 464 1430 520 τοῦ
1480 465 1769 536 ἐλλεϐόρου

1904 458 2150 513 iellebori
2199 458 2511 513 molestiam
2560 456 2876 526 participat,
2920 462 2975 510 et
3008 454 3131 507 aliis
3162 454 3273 507 alio
3303 467 3466 523 atque

187 558 417 629 ἀηδείας
464 558 740 629 μετεχέτω
763 601 779 626 ,
820 558 915 612 καὶ
948 557 1107 613 ἄλλον
1141 558 1314 622 ἄλλως
1362 557 1589 621 δεόντως
1638 574 1771 628 μετ-

192 649 466 721 ἔλθωμεν.

710 738 859 793 PIB’.
893 769 963 778 —
988 738 1071 803 Τῷ
1094 737 1275 803 αὐτῷ.

262 832 329 885 Εἰ
357 830 559 884 πολλαὶ
594 830 753 901 μοναὶ
791 831 940 903 παρά
971 831 1049 900 τῷ
1093 832 1270 901 Πατρὶ
1306 829 1464 900 τάχα,
1507 830 1604 885 καὶ
1646 828 1779 882 πολ-

194 924 317 987 λαῖς
338 924 683 993 οἰκονομίαις
712 923 1063 986 δεσποτικαῖς
1090 921 1521 993 διοικηθήσεται,
1546 922 1643 975 καὶ
1669 922 1784 975 δια-

194 1019 491 1090 τεθήσεται
513 1017 575 1070 τὸ
602 1017 759 1086 γένος
790 1016 900 1069 τῶν
937 1014 1264 1085 ἀνθρώπων.

702 1108 850 1162 PII".
879 1137 950 1146 —
995 1104 1080 1171 Τῷ
1108 1102 1287 1171 αὐτῷ.

268 1198 465 1268 Οὗτος,
516 1199 674 1271 φησὶ,
709 1202 777 1271 τῇ
827 1198 1018 1268 τέρψει
1047 1198 1152 1251 τῶν
1205 1198 1416 1269 ἀρετῶν
1441 1238 1456 1264 ,
1488 1197 1786 1266 διεξαγέτω

195 1296 292 1349 τὸν
327 1295 469 1366 βίον,
499 1294 729 1365 χαίρων,
770 1291 868 1344 καὶ¹
912 1290 1382 1362 διευθυνούμενος,
1434 1292 1529 1345 καὶ
1570 1293 1599 1344 ὁ
1628 1290 1785 1354 ἄλλος

196 1390 266 1457 τῇ
304 1386 614 1455 στυφότητι
633 1426 649 1449 ,
680 1385 773 1437 καὶ
800 1385 867 1453 τῇ
906 1382 1178 1454 αὑστηρίᾳ
1216 1382 1325 1436 τῶν
1351 1381 1789 1451 ἐγκαταλείψεων

198 1476 452 1547 συνεχῶς
482 1474 899 1545 παιδευόμενος,
946 1472 1043 1526 καὶ
1086 1473 1301 1526 πενθῶν
1333 1473 1471 1544 πρὸς
1512 1471 1789 1543 σωτηρίαν

193 1568 473 1631 ἐλκέσθω,
521 1565 683 1629 ἀλλος
724 1567 792 1635 τῇ
849 1564 1108 1635 εὐστοχίᾳ
1157 1564 1250 1618 ἐπὶ
1294 1563 1354 1617 τὸ
1407 1564 1789 1632 ἐπιτυγχάνειν

197 1657 476 1729 διηνεκῶς
500 1656 614 1710 τῶν
669 1656 812 1711 κατά
865 1656 1139 1727 βούλησιν,
1170 1656 1265 1709 καὶ
1300 1655 1523 1715 σκοπὸν,
1570 1655 1792 1724 εὐφραι-

198 1749 380 1803 νέσθω
412 1748 509 1801 ἐπὶ
537 1751 604 1819 τῇ
641 1747 838 1819 εὑωδίᾳ
883 1746 1294 1817 ἀνεμποδίστως
1324 1746 1418 1800 τοῦ
1451 1745 1787 1817 προσκαίρου

203 1839 322 1910 βίου
346 1842 455 1909 τὴν
479 1840 601 1893 ὁδὸν
633 1839 1022 1910 πορευόμενος,
1045 1839 1141 1892 καὶ
1168 1839 1354 1910 ἕτερος
1386 1839 1601 1909 μυρίοις
1628 1853 1794 1908 προσ-

200 1935 515 2002 κόμμασιν,
572 1934 669 1987 καὶ
722 1931 987 2001 θλίψεσιν,
1036 1932 1131 1986 καὶ
1181 1931 1403 1995 λύπαις,
1458 1930 1617 2001 μόγις
1662 1930 1793 1982 ποτὲ

201 2024 554 2093 ἐλευθερίαν,
592 2024 688 2076 καὶ
714 2024 1052 2094 τελεωτάτην
1082 2023 1409 2094 ἀπαλλαγὴν
1453 2023 1564 2077 τῶν
1603 2022 1793 2077 κακῶν

199 2116 536 2186 ὲκδεχέσθω.
581 2115 721 2185 Ἐγὼ
753 2117 865 2187 γὰρ
903 2117 966 2170 τὸ
1000 2116 1277 2186 συμφέρον
1306 2116 1527 2186 ἑκάστῳ
1566 2115 1792 2168 ἐπίστα-

206 2227 308 2281 μαι
338 2211 421 2273 ὡς
447 2208 730 2281 περιέπων
764 2211 833 2263 τά
858 2207 1085 2281 κρύφια.
1115 2208 1207 2263 καὶ
1241 2210 1475 2272 ἕκαστος
1521 2208 1795 2280 ἁρμοδίως

202 2302 346 2374 πρὸς
379 2302 447 2356 τὺ
474 2301 759 2373 συμφέρον
785 2304 853 2371 τῇ
885 2301 1026 2371 ψυχῇ
1057 2300 1383 2355 διοικείσθω.

510 2395 658 2449 PM’.
684 2424 757 2434 -—
775 2394 1127 2463 ΝΙΚΑΝΔΡῼ
1164 2393 1485 2463 ΣΤΥΛΙΤῌ.

282 2505 303 2539 ι
337 2486 458 2556 Οὑχ
488 2486 520 2539 ὁ
552 2484 743 2539 ἐαυτὸν
778 2484 1047 2538 συνιστῶν
1068 2486 1184 2536 ἐστι
1209 2484 1452 2554 δόκιμος,
1486 2482 1600 2535 ἀλλ’
1628 2484 1796 2552 ὅνπερ

204 2577 501 2646 συνίστησι
549 2575 773 2647 Κύριος.
801 2606 874 2625 -.-
915 2575 1026 2630 Καὶ
1065 2576 1094 2631 ό
1132 2573 1302 2643 ὑψῶν,
1346 2575 1535 2642 φησὶν,
1584 2573 1795 2638 ἐαυτὸν,

202 2668 711 2738 ταπεινωθήσεται.
742 2687 761 2722 ι
812 2668 887 2720 Σὺ
928 2667 983 2720 δὲ
1033 2667 1201 2737 μηδὲν
1248 2666 1606 2738 κατορθώσας
1644 2669 1801 2719 ἐπαι-

1880 551 1989 604 alio
2016 551 2178 605 modo
2216 566 2318 621 pro
2358 549 2767 619 reiindigentia
2792 562 2951 618 opem
2986 558 3334 617 praestamus.

2400 751 2564 807 CXII.
2604 781 2676 792 —-
2712 749 2921 805 Eidem.

1955 846 2010 901 Si
2049 865 2068 895 ι
2109 846 2294 901 multae
2342 846 2657 900 mansiones
2700 844 2843 914 apud
2891 844 3111 896 Patrem
3155 846 3286 896 sunt
3335 840 3403 903 ⁸⁷,
3440 857 3459 891 ι

1886 939 2121 994 fortasse
2153 950 2207 992 et
2235 938 2424 992 multis
2467 936 3007 990 administrationum
3044 933 3337 1004 generibus
3368 946 3470 1002 gu-

1886 1030 2230 1095 bernabitur,
2263 1038 2317 1083 et
2343 1028 2667 1096 disponetur
2698 1042 2873 1096 genus
2906 1025 3229 1079 humanum.

2398 1119 2586 1175 CXIII.
2624 1149 2697 1161 ——
2732 1118 2941 1173 Eidem.

1958 1214 2082 1278 Hic,
2124 1214 2223 1279 ait,
2257 1214 2529 1267 virtutum
2572 1211 2940 1266 oblectatione
2981 1210 3149 1263 vitam
3194 1208 3469 1280 transigat

1889 1306 2157 1377 gaudens,
2201 1312 2258 1359 et
2302 1304 2464 1359 bonis
2520 1302 2788 1368 afﬂuens;
2834 1302 2976 1357 alius
3031 1301 3469 1370 astringentibus

1889 1399 2265 1467 austerisque,
2318 1396 2464 1466 quod
2522 1396 2687 1450 rebus
2734 1394 3067 1449 necessariis
3120 1392 3468 1458 destituitur,

1889 1487 2208 1559 frequenter
2242 1487 2573 1546 instruatur.
2596 1499 2947 1554 maerensque
2969 1483 3035 1537 ad
3060 1484 3292 1539 salutem
3318 1496 3471 1536 com-

1891 1579 2326 1653 pellatur;alius
2366 1578 2711 1641 dexteritate,
2745 1576 2891 1646 quod
2926 1591 3143 1646 semper
3165 1588 3474 1644 consequa-

1893 1683 1982 1727 tur
2009 1687 2072 1726 ea
2098 1687 2220 1742 qua:
2254 1670 2465 1732 lubent,
2499 1676 2552 1722 et
2580 1666 2801 1721 fuerunt
2825 1667 2879 1720 in
2917 1667 3123 1730 animo,
3148 1664 3383 1735 gaudeat
3415 1664 3473 1718 in

1894 1763 2053 1818 bonis
2096 1762 2378 1825 odoribus,
2430 1760 2550 1813 sine
2599 1758 2710 1812 ullo
2768 1757 3183 1828 impedimento,
3238 1754 3473 1823 hujusce

1892 1858 2018 1911 vita:
2041 1856 2184 1909 viam
2209 1854 2527 1923 trajiciens;
2553 1853 2696 1907 alius
2720 1850 3025 1906 innumeris
3053 1848 3473 1911 olleusionibus,

1894 1953 1948 2000 et
1981 1944 2399 2007 alilictionibus,
2438 1950 2491 1997 et
2532 1941 2867 1999 mmroribus
2913 1939 3134 1992 tandem
3184 1936 3344 2006 170
3378 1935 3477 1987 ali-

1894 2036 2119 2108 quando
2154 2036 2460 2089 libertatem
2510 2040 2565 2088 et
2599 2032 2909 2087 absolutam
2950 2029 3223 2082 malorqu
3268 2026 3478 2079 devita-

1896 2128 2101 2181 tionem
2138 2124 2337 2179 habeat
2378 2141 2392 2178 :
2425 2138 2527 2194 ego
2556 2122 2703 2176 enim
2739 2120 3038 2191 unicuique
3074 2118 3230 2172 utilia
3251 2124 3375 2187 apte
3409 2116 3477 2169 ad

1897 2218 2190 2273 utilitatem
2231 2216 2427 2271 anima:
2458 2212 2915 2269 accommodabo.

2148 2394 2338 2451 CXIV.
2377 2425 2449 2435 —
2486 2390 2842 2449 NICANDRO
2882 2386 3226 2444 STYLITJE.

1975 2510 1994 2543 ι
2031 2488 2151 2544 Non
2187 2490 2283 2560 qui
2310 2490 2555 2558 seipsum
2590 2484 2964 2549 commendat,
2989 2481 3085 2537 sed
3108 2495 3268 2551 quem
3306 2477 3483 2534 Domi-

1900 2600 2005 2641 nus
2056 2581 2427 2647 commendat,
2467 2580 2734 2647 probatus
2789 2587 2875 2633 est
2910 2577 2977 2631 ’⁸.
3014 2574 3205 2640 —Qui
3240 2574 3385 2628 enim
3423 2587 3485 2627 se

1900 2676 2128 2741 exaltat,
2162 2675 2262 2740 ait,
2300 2672 2679 2727 humiliabitur
2705 2672 2772 2726 '9.
2812 2688 2831 2720 ι
2873 2673 2941 2722 At
2980 2676 3059 2733 tu,
3086 2671 3179 2739 qui
3226 2667 3361 2720 nihil
3391 2681 3480 2719 ce-

203 2762 480 2833 νούμενον
513 2761 770 2831 πρᾶγμα.
810 2759 906 2812 καὶ
944 2757 1168 2827 ὑψωσας
1203 2757 1431 2811 σεαυτὸν
1470 2759 1554 2827 ἐφ’
1596 2756 1788 2825 ὑψηλοί

1904 2769 2231 2824 lebrandum
2291 2766 2377 2821 vel
2430 2764 2733 2835 gloriosum
2792 2762 3101 2833 perlecisti,
3162 2759 3258 2814 sed
3319 2773 3486 2828 super

202 2854 303 2909 τοῦ
338 2852 564 2917 στύλον,
615 2852 712 2906 καὶ⁵
761 2850 940 2922 βούλει
987 2852 1260 2920 μεγίστων
1295 2849 1586 2919 τυγχάνειν
1632 2850 1788 2919 εὐφη-

1904 2863 2179 2918 excelsam
2202 2860 2514 2914 columnam
2549 2857 2902 2927 temetipsum
2939 2853 3219 2916 exaltasli,
3254 2853 3489 2920 ideoque

204 2948 380 3019 μιῶν.
413 2945 582 3001 Ἀλλά
609 2945 846 3017 πρόσεχε
894 2943 1095 3014 σαυτῷ,
1133 2944 1347 3014 μήποτε
1380 2942 1615 2997 ἐνταῦθα
1651 2943 1788 3014 παρὲ

1907 2957 2155 3026 ingentes
2179 2952 2367 3007 laudes
2391 2961 2444 3007 et
2472 2951 2743 3021 praeconia
2768 2948 3107 3003 consectaris
3128 2953 3181 2999 et
3206 2958 3481 3012 aucupas;

204 3038 531 3111 ἀνθρώπιον
562 3035 821 3109 φθαρτῶν
867 3035 1129 3107 ἀρκατῶς
1165 3036 1473 3098 ἐπαινεθεὶς
1512 3036 1715 3104 ἀρτίως
1742 3036 1788 3089 τί

1910 3050 2131 3104 attende
2157 3047 2275 3109 tibi,
2309 3061 2377 3099 ne
2408 3060 2649 3114 unquam
2700 3042 2789 3095 hic
2824 3041 2892 3095 ab
2953 3038 3269 3093 hOminibus
3300 3050 3493 3090 corru-

202 3124 535 3194 τηνικαῦτα
596 3125 748 3197 παρά
810 3124 902 3177 τοῦ
959 3124 1239 3194 ἀφθάρτου
1294 3124 1430 3176 Θεοῦ
1481 3125 1788 3197 ταλανισθῇέ

1912 3141 2089 3211 ptioni
2147 3138 2403 3193 obnoxiis
2437 3136 2731 3189 immodice
2779 3131 3067 3197 laudatus,
3115 3130 3304 3183 eodem
3371 3125 3492 3194 ipso

206 3217 424 3280 ἀθλίως
455 3215 588 3287 παρ’
608 3215 829 3277 ἐλπίδας
852 3232 865 3243 ο
902 3215 1039 3267 διότι
1082 3216 1221 3287 ὑπὲρ
1254 3216 1352 3286 τὴν
1384 3217 1539 3283 ἀξίαν
1574 3217 1788 3271 ἐνταῦθα

1913 3246 2156 3302 tempore
2188 3231 2255 3284 ab
2305 3227 2707 3297 incorruptibili
2747 3225 2854 3280 Deo
2882 3224 3046 3278 miser
3082 3232 3273 3291 prarter
3299 3232 3495 3285 exspe-

209 3309 567 3379 ἐνεφορήθης
605 3309 714 3362 τῶν
746 3308 1100 3378 ἀνθρωπίνων
1133 3312 1362 3379 κρότων.

1912 3327 2207 3381 elationem
2233 3322 2508 3382 habearis,
2527 3317 2672 3388 quod
2706 3331 2875 3387 supra
2904 3315 3097 3369 merita
3123 3313 3210 3367 hic
3238 3308 3495 3365 humanis

1914 3418 2203 3488 plausibus
2230 3423 2281 3468 te
2308 3410 2743 3468 exsaturaveris.

730 3488 877 3540 PIE’.
900 3514 971 3526 -—
1009 3487 1094 3553 Τῷ
1124 3488 1303 3554 αὐτῷ.

1917 3487 1924 3488 “
2448 3503 2609 3557 cxv.
2651 3534 2721 3543 -
2763 3500 2969 3554 Eidem.

292 3580 543 3633 Ἀτοπον
571 3580 637 3632 ἂν
660 3579 744 3650 εἴη
773 3581 857 3648 ἐφ’
883 3579 1087 3650 ὑψηλοῦ
1114 3582 1213 3651 μὲν
1241 3581 1336 3635 τοῦ
1360 3583 1536 3646 κίονος
1561 3584 1788 3637 ἴστασθα

1991 3599 2303 3656 Absurdum
2351 3612 2483 3651 sane
2520 3595 2687 3648 fuerit
2727 3608 2962 3661 corpore
3002 3590 3055 3643 in
3096 3588 3310 3643 excelsa
3351 3593 3500 3640 stare

211 3677 297 3749 τῷ
336 3675 562 3747 σώματι
605 3677 718 3738 τοῖς
754 3676 888 3729 πᾶσι
933 3676 1259 3746 φαινόμενον
1307 3677 1535 3744 ἔνδοξον,
1568 3679 1719 3732 κάτω
1757 3678 1784 3730 δ

1918 3696 2175 3750 columna
2216 3691 2473 3746 omnibus
2506 3688 2867 3756 conspicuum
2905 3693 2959 3737 et
2989 3682 3315 3752 gloriosum,
3353 3675 3498 3732 infra

211 3771 339 3830 τοῖς
380 3767 665 3836 λογισμοῖς
695 3765 981 3836 σύρεσθαι,
1019 3765 1189 3836 μηδὲν
1228 3765 1378 3831 ἀξιον
1410 3766 1517 3819 τῶν
1548 3767 1784 3837 οὑρανίω

1918 3802 2049 3841 vero
2073 3783 2500 3854 cogitationibus
2540 3779 2779 3842 detrahi,
2812 3778 2947 3831 nihil
2978 3773 3300 3830 coelestibus
3332 3769 3499 3825 rebus

215 3858 586 3930 πραγμάτων
636 3856 967 3910 διανοεῖσθαι
1001 3856 1348 3927 βουλόμενον,
1396 3857 1560 3927 μόνον
1608 3857 1665 3909 δὲ
1697 3860 1788 3911 ταῖ

1917 3879 2142 3949 dignum
2172 3874 2700 3946 apprehendentem,
2739 3868 3118 3924 tantummodo
3155 3880 3277 3919 cum
3307 3862 3500 3917 mulie-

220 3950 484 4021 γυναιξὶν
510 3948 681 4019 ἡδέως
721 3946 1132 4021 προσλαλοῦντα
1167 3949 1226 4000 ἐν
1261 3951 1382 4012 ταῖς
1414 3948 1651 4018 ἡμέραις
1683 3949 1786 4002 ταύ

1917 3973 2076 4027 ribus
2129 3970 2371 4025 suaviter
2434 3968 2523 4021 his
2583 3965 2778 4019 diebus
2836 3961 3261 4027 colloquentem.
3325 3955 3500 4008 Antea

220 4059 374 4105 ταις.
406 4041 609 4113 Πρὼην
653 4040 752 4111 μὲν
775 4041 887 4111 γὰρ
942 4043 1059 4104 τοῖς
1115 4040 1374 4110 ἀνδράσιν
1399 4041 1460 4092 ἐκ
1512 4039 1788 4111 προθυμία

1919 4064 2065 4119 enim
2096 4060 2352 4114 homines
2377 4056 2571 4113 sedulo
2607 4049 3006 4122 alloquebaris,
3041 4061 3187 4101 nunc
3230 4051 3288 4098 ut
3326 4041 3502 4113 pluri-

221 4130 534 4202 ἐφθέγγου,
566 4128 658 4183 νῦν
680 4131 735 4184 δέ
759 4132 834 4194 ὡς
859 4132 953 4184 ἐπὶ⁸
977 4131 1039 4185 τὸ
1066 4131 1317 4185 πλεῖστον
1338 4131 1408 4185 τά
1426 4132 1627 4201 γύναια
1659 4149 1788 4203 προς

1925 4170 2075 4210 mum
2119 4152 2475 4207 mulierculas
2514 4146 2745 4216 excipis.
2796 4140 2932 4195 Cum
2987 4140 3172 4208 itaque
3214 4136 3502 4206 Scriptura

220 4225 387 4297 δέχῃ.
428 4222 649 4293 Ἐπειδὴ
667 4218 812 4294 οὖνὴ
849 4223 1041 4294 Γραφὴ
1076 4222 1166 4276 τὸν
1193 4223 1317 4291 ὅφιν
1345 4224 1698 4289 καταδικάζει
1727 4226 1788 4278 ἐπ

1924 4252 2229 4315 serpentem
2281 4240 2633 4301 condemnet,
2668 4245 2729 4290 ut
2769 4234 2920 4288 humi
2964 4238 3140 4302 repat,
3189 4237 3505 4295 terramque

226 4318 333 4386 τῆς
368 4315 481 4384 γῆς
536 4313 828 4385 σύρεσθαι,
873 4315 969 4367 καὶ
1010 4314 1114 4381 γῆν
1166 4314 1434 4368 σιτεῖσθαι
1487 4315 1604 4377 ἀεὶ,
1659 4315 1788 4386 βλέπ

1926 4313 2143 4407 semper
2171 4335 2501 4405 depascatur
2524 4332 2591 4394 ³ο,
2624 4344 2756 4383 cave
2790 4342 2858 4381 ne
2890 4336 2948 4380 tu
2989 4322 3506 4378 condemnationem

234 4409 457 4478 μήποτε
496 4407 595 4476 τὴν
639 4407 942 4477 καταδίκην
970 4408 1134 4472 αὐτὸς
1164 4408 1412 4480 πληροῖς,
1453 4409 1627 4479 χαμαί
1660 4427 1719 4461 τε
1750 4418 1788 4461 τί

1924 4430 2071 4485 illam
2112 4428 2426 4498 persolvas,
2460 4422 2611 4477 humi
2652 4418 3086 4491 cogitationibus
3128 4430 3347 4484 repens,
3392 4420 3507 4464 ter-

225 4500 451 4570 διανοίᾳ
497 4499 719 4569 ἐρπων,
766 4498 863 4551 καὶ
915 4499 1044 4563 τοὺς
1102 4500 1324 4570 γηῒνους
1377 4498 1570 4564 λόγους
1619 4500 1788 4553 παντὸ

1923 4536 2203 4590 renosque
2247 4531 2533 4574 sermones
2578 4520 2846 4583 perpetuo
2886 4507 3202 4563 comedens.
3236 4502 3502 4572 Equidem

230 4591 459 4645 ἐσθίων.
494 4588 660 4642 Ἀλλὰ
680 4588 775 4642 καὶ
802 4589 901 4658 τῆς
931 4590 1314 4663 χαμαιρεποῦς
1341 4590 1643 4655 κενοδοξίας
1664 4592 1785 4645 οὑδέ

1924 4614 2078 4669 humi
2114 4588 2339 4679 repente
2376 4605 2680 4661 ambitione
2724 4602 2862 4656 nihil
2903 4598 3081 4669 magis
3122 4607 3359 4652 terreum
3401 4602 3505 4647 est.

228 4681 475 4752 γηῖνὼτε
484 4699 575 4752 ρον
584 4724 596 4736 .
2178 4693 2182 4698 ·

472 4775 637 4840 Ριςν.
666 4805 735 4814 -
755 4773 1087 4847 ΘΕΟΔΟΣΙᾼ
1107 4775 1569 4848 ίΜΟΝΛΖΟΥΣῌ.

2098 4788 2251 4858 17],
2289 4784 2555 4840 ωενι-
2585 4777 2999 4836 THEODOSUE
3040 4771 3341 4828 MONIALI.

311 4864 459 4934 Γυνὴ
485 4866 547 4917 τὸ
578 4866 739 4936 σῶμα
777 4869 1092 4938 τυγχάνεις,
1134 4867 1239 4921 κᾶν
1262 4867 1441 4937 θέλῃς,
1476 4868 1585 4921 κᾶν
1623 4868 1697 4939 μὴ
1734 4868 1788 4922 θέ

1995 4882 2120 4939 Sive
2156 4881 2317 4941 velis,
2350 4877 2466 4932 sive
2506 4875 2671 4935 nolis.
2729 4885 2961 4941 corpore
2993 4867 3189 4921 mulier
3229 4879 3310 4917 es.
3343 4862 3512 4915 Οεμεο

232 4961 359 5033 λῃς.
393 4957 657 5011 Πέπαυσο
683 4958 861 5013 τοίνυν
890 4959 1015 5022 τοὺς
1039 4961 1237 5030 ἄνδρας
1258 4958 1582 5013 διδάσκουσα
1611 4962 1702 5013 ἐπὶ
1723 4962 1787 5032 τῆ

1931 4977 2101 5045 igitur
2161 4971 2478 5027 hominibus
2517 4969 2571 5021 in
2637 4965 2874 5021 ecclesia
2934 4962 3053 5015 vias
3115 4966 3510 5029 praeceptorum

234 5050 541 5121 ἐκκλησίας
568 5067 585 5083 ·
623 5051 845 5123 αἰσχρὸν
902 5052 1010 5123 γὰρ
1047 5053 1204 5106 τοῦτο
1256 5048 1390 5105 εῖναι
1428 5053 1457 5105 ὁ
1502 5053 1788 5108 Ἀπόστολο

1927 5069 2138 5121 tradere
2175 5081 2189 5118 :
2228 5071 2388 5131 turpe
2421 5059 2567 5113 enim
2597 5056 2651 5110 id
2692 5070 2814 5109 esse
2847 5051 3143 5121 Apostolus
3194 5047 3373 5116 palam
3424 5058 3514 5097 as-

234 5140 495 5213 φανερῶς
522 5141 855 5211 ἀπεφήνατο,
912 5143 1017 5195 κᾶν
1063 5143 1320 5212 μυριάκις
1347 5142 1512 5213 λέγῃς
1536 5144 1635 5213 τῆς
1665 5143 1788 5214 θηλυ

1926 5154 2295 5219 severavit“;
2356 5152 2481 5206 licet
2511 5149 2708 5202 millies
2736 5145 2941 5200 dixeris
2979 5158 3008 5195 a
3064 5140 3296 5194 feminea
3330 5136 3517 5191 condi-

235 5235 499 5307 δριὼδους
553 5233 720 5299 ἕξεως
770 5234 989 5303 μακρὰν
1033 5236 1280 5305 ἀπέχειν,
1326 5236 1555 5289 καὶτῶν
1612 5237 1787 5307 ἀνδρῶ

1926 5254 2075 5308 tione
2130 5258 2181 5303 te
2215 5249 2374 5317 longe
2452 5245 2666 5307 abesse,
2702 5248 2756 5295 et
2816 5236 3138 5291 hominibus
3210 5230 3513 5287 secundum

238 5325 512 5398 ὑπάρχειν
534 5324 763 5395 σεαυτὴν
809 5325 1187 5397 στερροτέραν,
1214 5328 1355 5381 κατὰ
1385 5327 1474 5381 τὸν
1497 5326 1591 5380 τοῦ
1617 5329 1788 5400 παρθέ

1928 5341 2187 5411 virgineae
2216 5335 2568 5409 cogitationis
2623 5331 2981 5389 stabilitatem
3011 5324 3352 5382 validiorem.

240 5436 333 5473 νου
356 5417 702 5489 φρονήματος
726 5417 1017 5489 ἐδρασμόν.

315 5621 358 5650 ’τ
387 5617 548 5671 Joan.
581 5633 690 5676 xiv.
720 5617 775 5669 2.

256 5691 295 5722 ³¹
327 5692 342 5743 l
378 5690 508 5744 Cor.
543 5704 654 5753 xn',
691 5688 777 5742 55.

880 5619 924 5650 ’⁸
957 5617 996 5672 Il
1028 5619 1149 5677 Cor.
1182 5636 1235 5683 ιι,
1269 5618 1351 5675 18.
1456 5621 1499 5653 ⁸⁸
1518 5619 1709 5675 Matth.
1748 5637 1777 5675 x

1904 5665 1908 5682 ,
1952 5620 2052 5687 1'2;
2095 5619 2229 5675 Luc.
2268 5633 2380 5683 λιν,
2417 5615 2474 5672 ll
2506 5625 2558 5674 et
2600 5632 2752 5684 xvni,
2792 5614 2880 5669 14.
2986 5613 3028 5647 ³ο
3069 5611 3205 5668 Gen.
3250 5625 3336 5679 ιιι,
3419 5606 3508 5665 Μ.
