3850 6218
383 281 488 346 251

447 484 548 551 Nc,
577 491 638 538 ut
668 499 728 538 se
779 500 905 538 sors
937 485 1149 552 tulerit,
1199 495 1254 542 et
1289 488 1408 542 sine
1471 486 1677 558 praevio
1713 485 1966 541 examine

1851 283 1913 344 S.
1955 284 2118 345 NILI

623 391 833 450 CXVII.
868 423 936 434 —
963 390 1358 452 TIIEOPHILO
1387 393 1739 452 MONACHO.
1979 402 2028 459 Δ

3519 275 3637 343 252

2393 396 2536 450 νην.
2561 389 2936 464 -ΘΕΟΦΙΛῼ
2961 349 3275 460 Momm.

2142 488 2233 561 Μὴ
2269 488 2346 552 ὡς
2378 487 2554 560 ἔτυχε,
2589 489 2685 542 καὶ
2709 486 3084 547 ἀϐασανίστως
3116 478 3489 553 μετατιθῶμεν
3509 480 3643 536 ἐαυ-

379 594 482 633 nos
515 592 581 632 ex
607 575 746 631 locis
797 577 849 630 in
881 577 985 630 alia
1022 578 1141 631 loca
1174 587 1605 635 transmutemus
1637 594 1653 644 ;
1692 577 1802 631 imo
1835 593 1956 631 cum

2091 583 2192 646 τοὺς
2242 581 2348 636 ἀπὺ
2387 580 2568 635 τόπων
2623 580 2705 644 είς
2767 579 2986 643 τόπους,
3023 576 3221 647 μᾶλλον
3254 574 3311 628 δέ
3347 574 3642 645 στήκωμεν

378 668 641 740 patientia
675 667 1050 721 consistaums
1102 677 1346 732 orantes,
1380 677 1439 722 ut
1497 676 1721 722 sanctus
1751 665 1965 738 Moyses

379 759 448 812 ad
517 758 798 812 Israelitas
840 758 1060 812 aiebat:
1091 777 1108 809 ι
1143 757 1318 824 State,
1347 758 1562 823 audete,
1599 774 1670 813 ne
1702 755 1967 820 timeatis,

377 856 435 904 et
474 847 729 903 videbitis
762 847 1032 901 auxilium
1071 863 1102 901 a
1134 847 1267 912 Deo,
1297 853 1444 919 quod
1470 849 1718 903 facturus
1749 853 1834 903 est
1867 863 1966 902 vo-

396 939 483 996 bis
503 941 566 994 ³⁸.
605 958 624 992 ι

659 1073 961 1128 CXV'IIl.-—
977 1069 1388 1126 ANASTASUE
1413 1068 1688 1126 VIRGINI.

451 1161 708 1220 Gratulor
740 1166 861 1230 tibi,
889 1165 1034 1233 quod
1078 1173 1172 1218 tua
1205 1164 1313 1216 vita
1339 1164 1470 1217 luna
1499 1162 1735 1217 lucidior
1773 1174 1879 1227 est,
1910 1171 1974 1217 et

383 1261 440 1306 tu
478 1255 545 1308 de
586 1255 761 1326 teipsa
799 1255 1104 1310 humillime
1132 1255 1325 1310 sentis.
1379 1253 1629 1324 Namque
1669 1253 1810 1308 inter
1859 1269 1974 1308 ma-

384 1345 531 1402 xime
559 1346 902 1400 admirabilia
926 1346 1262 1401 censendum
1293 1352 1397 1409 est,
1418 1345 1654 1398 animam
1673 1344 1726 1397 in
1754 1351 1973 1397 terreno

387 1450 622 1507 corpore
670 1439 987 1508 angelorum
1059 1437 1508 1505 incorporeorum
1547 1435 1677 1488 vitae
1704 1433 1972 1488 rationem

383 1547 662 1585 exercere.
702 1533 763 1585 Et
795 1533 901 1585 tale
932 1530 1064 1600 quid
1101 1529 1257 1583 innui
1297 1527 1628 1598 suspicabar
1680 1541 1807 1581 cum
1840 1526 1976 1586 dici_

395 1631 486 1677 tur
523 1642 535 1677 :
579 1643 597 1673 ι
623 1621 886 1678 Fundasti
927 1634 1147 1686 terram,
1184 1630 1238 1674 et
1286 1602 1738 1691 permanet;-tua
1767 1617 1976 1672 descri-

384 1716 572 1785 ptione
597 1727 876 1778 permanet
900 1716 1018 1769 dies
1042 1715 1107 1767 ³³.
1144 1734 1163 1767 ι
1185 1713 1307 1768 Dies
1339 1713 1631 1782 siquidem,
1656 1712 1752 1775 ait,
1773 1710 1974 1765 intelli-
2004 1743 2048 1796 Β

389 1807 563 1874 geuda
600 1815 685 1862 est
705 1807 980 1862 luminosa
1001 1807 1293 1878 virginitas
1314 1805 1370 1858 in
1393 1805 1612 1858 mortali
1633 1802 1973 1874 corpusculo

389 1899 628 1961 ﬁrmata,
652 1907 705 1952 et
732 1899 1000 1954 Altissimi
1027 1899 1252 1954 dextera
1286 1895 1535 1951 fundata.
1554 1895 1659 1950 Sed
1679 1895 1974 1965 deprecare

389 2001 490 2056 pro
523 2003 629 2050 me,
655 2003 854 2057 sponsa
890 1988 1260 2053 immaculata,
1287 1985 1488 2056 Regem
1518 1985 1820 2046 Christum,
1852 1985 1976 2038 diu-

388 2079 571 2132 turnis
601 2089 654 2132 et
689 2080 982 2135 indefessis
1009 2080 1307 2147 laboribus,
1338 2088 1393 2134 et
1423 2094 1633 2133 morum
1664 2086 1974 2148 temperan-

388 2169 486 2229 tia,
530 2179 642 2223 tum
703 2171 923 2241 vigiliis,
981 2171 1239 2243 lacrymis
1287 2171 1510 2241 irriguis
1569 2178 1623 2226 et
1674 2168 1975 2226 innumeris

386 2258 509 2314 aliis
551 2260 706 2330 172
739 2263 998 2332 praeclare
1033 2265 1232 2333 gestis;
1274 2263 1598 2326 libertatem,
1647 2275 1768 2332 quae
1793 2260 1976 2317 verbis

384 2350 615 2418 exprimi
705 2354 915 2422 nequit,
984 2354 1178 2423 adepta
1229 2353 1370 2423 apud
1412 2353 1691 2419 invisum,
1755 2352 1976 2407 intami-

387 2451 576 2496 natum
596 2453 954 2514 sanctumque
980 2460 1264 2514 sponsum.

599 2549 859 2605 CXIX.—
886 2551 1192 2608 RHEGINO
1213 2552 1830 2608 ABCHIMANDRITIE.

460 2647 695 2706 Mundus
751 2653 941 2706 mundi
991 2661 1048 2706 tu
1092 2669 1153 2708 es
1181 2671 1196 2718 ;
1225 2665 1559 2724 quapropter
1598 2655 1653 2709 in
1686 2654 1976 2724 temetipso

390 2746 704 2792 creaturam
751 2741 1062 2797 universam
1115 2743 1285 2797 veluti
1324 2743 1378 2797 in
1428 2745 1652 2815 speculo
1711 2744 1976 2799 meditare

391 2839 450 2886 et
476 2833 660 2886 omnia
693 2833 747 2887 in
793 2833 1144 2904 temetipsum
1169 2833 1459 2890 referendo
1499 2837 1789 2892 considera
1828 2853 1841 2889 :
1877 2850 1977 2890 nec

393 2939 514 2993 quae
541 2934 694 2978 extra
727 2933 874 2988 sunt,
912 2926 1128 2981 intuere
1162 2944 1176 2992 ;
1206 2927 1400 2982 oculos
1439 2928 1506 2982 ad
1547 2928 1812 2982 interiora
1837 2943 1975 2981 con-

395 3022 570 3076 verte,
596 3013 651 3066 in
692 3013 1062 3068 intellectuale
1106 3016 1301 3070 animae
1328 3032 1469 3086 penu
1502 3028 1734 3072 mentem
1758 3031 1974 3072 omnem

392 3112 670 3168 converte,
701 3111 754 3157 et
797 3103 918 3159 sine
956 3118 1143 3159 rerum
1192 3105 1524 3178 imaginibus
1583 3107 1842 3176 templum
1873 3106 1977 3162 Do-

399 3193 550 3249 mino
577 3209 845 3264 praepara.

674 3305 840 3361 CXX.
869 3336 935 3346 —
963 3307 1384 3364 ALEXANDRO
1413 3308 1764 3365 MONACHO.

469 3395 711 3452 Servans
751 3414 912 3453 serva
960 3401 1202 3454 animam
1248 3409 1421 3466 tuam,
1473 3417 1575 3456 nec
1606 3403 1766 3458 malis
1805 3410 1982 3457 retro-

397 3490 560 3552 actis,
591 3490 791 3559 quibus
824 3490 964 3545 bene
995 3491 1420 3558 abrenuntiasti,
1443 3500 1679 3547 mentem
1708 3492 1932 3548 adverte
1960 3512 1976 3550 :

402 3580 458 3634 iu
515 3590 751 3634 montem
785 3579 1290 3650 perturbationibus
1341 3595 1572 3634 vacuum
1631 3581 1886 3646 ascende,
1914 3597 1982 3637 ne

397 3675 699 3746 aliquando
728 3689 835 3727 una
863 3691 988 3729 cum
1016 3674 1225 3730 mundo
1259 3685 1552 3746 peccatore
1601 3676 1726 3748 igne
1775 3677 1979 3749 sempi-

400 3773 562 3822 terno
585 3765 1098 3835 comprehendaris.

957 3879 1142 3934 CXXI.
1169 3879 1456 3934 —Eidem.

468 3971 594 4025 Haec
635 3971 732 4025 tibi
769 3986 798 4024 a
847 3970 1077 4027 Domino
1134 3972 1425 4043 deprecare
1459 3991 1473 4028 ε
1511 3971 1696 4043 Aperi,
1733 3973 1976 4039 Domine,

2074 674 2195 746 μεθ’
2227 671 2504 744 ὑπομονῆς
2529 670 2973 744 προσευχόμενοι,
3010 667 3190 731 καθὼς
3220 666 3403 736 ἔλεγεν
3433 667 3462 719 ό
3483 665 3643 734 ἅγιος

2070 766 2292 836 Μοῦοῆς
2323 764 2457 836 πρὸς
2488 765 2611 828 τοὺς
2639 762 2995 834 Ἰσραηλίτας,
3033 778 3052 812 ι
3082 760 3340 830 Στήκετε,
3359 757 3639 828 θαρσεῖτε,

2075 858 2150 930 μὴ
2179 856 2449 927 φοϐεῖσθε,
2477 856 2572 910 καὶ
2613 855 2809 925 ὄψεσθε
2853 853 2954 925 τὴν
2989 853 3141 924 παρὰ
3168 850 3263 906 τοῦ
3286 850 3488 922 Κυρίου
3509 849 3645 922 βοήο

2073 949 2242 1017 οειαν,
2273 951 2339 1021 ἦν
2376 949 2590 1019 ποιήσει
2619 948 2765 1019 ὑμῖν.
2799 964 2819 999 ι

2322 1063 2474 1115 PIH'.
2505 1092 2572 1103 —
2612 1058 2999 1130 ΑΝΑΣΤΑΣΙᾼ
3048 1057 3387 1126 ΠΔΡΘΕΝῼ.

2143 1155 2387 1225 Εὐφημῶ
2420 1170 2478 1206 σε
2520 1153 2657 1224 ὑπὲρ
2687 1154 2784 1222 τὴν
2809 1152 3036 1222 σελήνην
3067 1150 3145 1220 τῷ
3174 1149 3274 1220 βίῳ
3325 1149 3651 1219 λαμπρυνο-

2077 1249 2264 1320 μένην,
2311 1247 2405 1300 καὶ
2453 1243 2983 1316 ταπεινοφρονοῦσαν
3013 1240 3478 1312 ὑπερϐαλλόντως.
3517 1239 3650 1292 Τῶν

2073 1339 2181 1411 γὰρ
2207 1337 2652 1410 παραὼξοτάτων
2679 1337 2746 1390 ἂν
2775 1337 2859 1405 είη
2894 1335 3109 1407 βλέπειν
3136 1333 3311 1404 ψυχὴν
3349 1333 3405 1384 ἐν
3426 1331 3650 1402 σώματι

2075 1433 2246 1503 γηΐνῳ
2297 1431 2570 1484 πολιτείαν
2625 1427 2961 1494 ἐξασκοῦσαν
3022 1426 3270 1496 ἀγγέλων
3311 1423 3648 1494 ἀσωμάτων.

2076 1525 2186 1577 Καὶ
2221 1522 2457 1576 τοιοῦτον
2484 1521 2593 1590 ἐγὼ
2612 1521 2820 1592 ἡκουσά
2838 1537 2967 1574 ποτε
2989 1514 3127 1574 εἶναι
3154 1517 3216 1570 τὺ
3235 1515 3646 1587 γεγραμμένον,

2075 1617 2156 1669 ὅτι
2189 1633 2207 1666 ι
2230 1614 2621 1685 Ἐθεμελίωσας
2644 1613 2740 1684 τὴν
2759 1613 2882 1683 γῆν,
2906 1611 3000 1667 καὶ
3031 1607 3380 1681 διαμένει.Τῇ
3398 1607 3652 1670 διατάξει

2080 1725 2173 1760 σου
2202 1707 2444 1777 διαμένει
2469 1708 2502 1777 ὴ
2529 1706 2730 1778 ἡμέρα.
2778 1724 2796 1756 ι
2833 1704 3077 1775 Ἠμέραν
3123 1701 3251 1772 γὰρ,
3284 1702 3469 1770 φησὶν,
3509 1701 3652 1771 ἡμῖν

2073 1799 2289 1865 νοητέον
2339 1798 2437 1870 τὴν
2497 1798 2756 1869 φωτοειδῆ
2798 1796 3121 1868 παρθενίαν,
3174 1792 3534 1864 ἐδραζομένην
3585 1793 3654 1843 ἐν

2072 1891 2150 1962 τῷ
2179 1890 2355 1962 θνητῷ
2383 1890 2611 1962 σαρκίῳ,
2648 1890 2742 1944 καὶ
2783 1888 3202 1960 θεμελιουμένην
3246 1889 3314 1957 τῇ
3367 1886 3514 1955 δεξιᾷ
3547 1882 3665 1936 τοῦ⁴

2086 1984 2361 2054 Ὑψίστου.
2402 1983 2542 2036 Ἀλλ’
2580 1981 2882 2053 ὑπερεύχου
2916 1998 3031 2052 μοι,
3069 1981 3268 2050 ἀμωμε
3313 1978 3518 2048 νύμφην
3549 1975 3666 2028 τοῦ.

2077 2076 2337 2148 βασιλέως
2393 2074 2652 2146 Χριστοῦ,
2706 2073 2884 2145 πολλῷ
2910 2073 3108 2144 χρόνῳ,
3133 2071 3228 2126 καὶ
3252 2071 3434 2133 πόνοις
3459 2071 3652 2137 ἀκαμ-

2075 2169 2222 2233 πέσι,
2259 2168 2356 2222 καὶ
2397 2168 2706 2240 μετριότητι
2761 2166 3000 2237 τρόπων,
3044 2165 3140 2219 καί¹
3170 2161 3521 2233 ἀγρυπνίαις,
3556 2160 3656 2218 δά-

2075 2278 2239 2333 κρυσι
2263 2260 2674 2330 ψεκαζομένοις,
2711 2258 2942 2323 καὶτοῖς
2966 2257 3147 2322 ἄλλοις
3183 2255 3428 2328 μυρίοις,
3456 2269 3659 2324 κατορ-

2077 2353 2310 2424 θώμασι,
2363 2352 2671 2425 παρρησίαν
2725 2351 2961 2424 ἄρρητον
3010 2349 3342 2421 κεκτημένη,
3370 2347 3510 2419 πρὸς
3555 2344 3668 2398 τὸ*

2075 2447 2326 2518 ἀόρατον,
2359 2447 2451 2500 καὶ
2481 2445 2799 2517 ἀμόλυντον,
2820 2444 2914 2497 καὶ
2945 2443 3098 2512 ἅγιον
3125 2443 3377 2513 νυμφίον.

2307 2555 2457 2612 ΡΙΘ¹.
2483 2586 2556 2597 -
2582 2555 2838 2626 ΡΗῙΊΝῼ
2866 2552 3414 2623 ΑΡΧΙΜΑΝΔΡΙΤῌ.

2146 2648 2365 2718 Κόσμος
2408 2648 2612 2719 κόσμου
2670 2648 2967 2719 ὑπάρχειςο
3011 2645 3301 2716 τοιγαροῦν
3337 2645 3398 2696 ἐν
3437 2641 3665 2712 σεαυτῷ

2075 2737 2174 2808 τὴν
2189 2736 2364 2790 κτίσιν
2384 2739 2562 2792 πᾶσαν
2585 2737 2906 2800 κατόπτευε,
2936 2735 3032 2790 καὶ
3059 2735 3128 2790 τὰ
3147 2737 3324 2790 πάντα
3351 2737 3430 2797 είς
3458 2732 3656 2787 ἐαυτὸν

2078 2828 2270 2881 ἐννόει.
2310 2829 2400 2899 Μὴ
2461 2827 2623 2898 βλέπε
2671 2827 2806 2898 πρὸς
2833 2826 2904 2881 τὰ
2928 2825 3065 2894 ἔξω,
3111 2825 3400 2878 σύννευσον
3422 2825 3560 2896 πρὸς
3583 2823 3659 2878 τὰ

2077 2919 2207 2984 ἔσω,
2237 2919 2535 2990 σύστρεψον
2554 2919 2644 2974 τὸν
2659 2917 2784 2972 νοῦν
2803 2918 2921 2972 ὅλον
2951 2919 3033 2981 είς
3059 2916 3120 2970 τὸ
3144 2915 3328 2987 νοερὸν
3349 2915 3448 2987 τῆς
3473 2915 3658 2986 ψυχῆς

2076 3016 2342 3083 ταμιεῖον,
2404 3010 2688 3066 ἀνείδωλον
2735 3009 2815 3082 τῷ
2865 3007 3056 3082 Κυρίῳ
3121 3008 3216 3063 τὸν
3277 3006 3406 3062 ναὸν
3461 3005 3659 3078 εὐτρέ-

2079 3118 2257 3155 πισον.

2357 3309 2488 3363 ΡΚ⁹.
2517 3337 2588 3348 ——
2621 3306 3022 3378 ΑΛΕΞΑΝΔΡῼ
3060 3305 3371 3376 ΜΟΝΑΧῼ.

2152 3399 2346 3464 Σώζων
2382 3399 2522 3464 σῶζε
2546 3399 2644 3471 τὴν
2673 3398 2896 3453 σεαυτοῦ
2923 3399 3100 3468 ψυχήν
3119 3415 3134 3430 ·
3195 3398 3269 3468 μὴ
3317 3395 3661 3467 περιϐλέπου

2081 3494 2160 3557 είς
2191 3493 2260 3547 τὰ
2282 3493 2458 3546 ὀπίσω
2501 3492 2666 3554 κακά,
2697 3487 2891 3563 οἷσπερ
2919 3491 3013 3544 καὶ
3043 3489 3224 3552 καλῶς
3255 3489 3537 3555 ἀπετάξωο
3575 3491 3666 3553 είς

2079 3585 2141 3638 τὸ
2167 3585 2290 3655 δρος
2315 3586 2412 3654 τῆς
2463 3583 2730 3647 ἀπαθείας
2771 3583 3072 3654 ἀνάδραμε,
3109 3584 3316 3653 μήποτε
3359 3599 3660 3653 συμπαρα-

2079 3679 2292 3751 ληφθῇς
2320 3677 2398 3750 τῷ
2417 3675 2727 3749 ἀμαρτωλῷ
2765 3676 2954 3748 κόσμῳ
2981 3677 3060 3739 είς
3085 3674 3145 3728 τδ
3174 3673 3286 3746 πῦρ
3311 3674 3372 3728 τὸ
3410 3672 3658 3730 αἰώνιον.

2555 3881 2733 3936 PKA'.
2767 3908 2839 3920 —
2884 3877 2969 3944 Τῷ
2996 3877 3175 3944 αὐτῷ.

2149 3975 2388 4030 Τοιαῦτα
2443 3973 2602 4046 εῦχου
2654 3972 2792 4044 πρὸς
2853 3970 2942 4025 τὸν
2988 3970 3230 4042 Κύριον·
3289 3971 3553 4039 Ἀνοιξον,
3609 3968 3662 4028 ὦ

397 4065 620 4118 divitem
654 4073 803 4117 tttam
853 4081 1074 4118 manum
1101 4064 1168 4129 “,
1205 4071 1258 4120 et
1311 4065 1599 4134 spirituale
1649 4067 1974 4122 beneﬁcium

2091 4069 2346 4134 Δέσποτα,
2369 4067 2468 4136 τὴν
2493 4065 2753 4118 πλουσίαν
2780 4080 2874 4116 σου
2913 4065 3072 4134 χεῖρα
3098 4065 3176 4124 είς
3200 4065 3463 4134 χορηγίαν
3492 4083 3663 4119 πνευ-

400 4156 713 4224 suppedita,
769 4163 825 4210 et
876 4156 1132 4225 quaslibet
1192 4157 1565 4222 amarissima,
1623 4165 1677 4214 et
1730 4159 1974 4214 crudelis

2091 4161 2318 4233 ματικῆς
2378 4158 2727 4230 εὐεργεσίας,
2788 4155 2882 4210 καὶ
2939 4156 3089 4209 πᾶσα
3136 4156 3483 4226 πικροτάτη,
3562 4159 3664 4212 καὶ

401 4247 606 4304 anima,
642 4245 1104 4315 quemadmodum
1157 4255 1214 4301 et
1243 4263 1386 4315 mea,
1418 4249 1735 4318 implcbitur
1785 4249 1974 4320 probi-

2091 4254 2291 4324 ἀπηνὴς
2311 4251 2479 4322 ψυχὴ,
2511 4249 2758 4320 καθάπερ
2789 4249 2882 4300 καὶ
2911 4249 2944 4318 ἠ
2971 4246 3099 4320 ἐμὴ,
3126 4247 3492 4319 πλησθήσεται
3517 4267 3664 4321 χρη-

329 4325 336 4330 ’
400 4346 531 4405 tate,
559 4347 612 4391 et
650 4338 872 4392 elferata
904 4349 1270 4394 mansuescet.
1320 4340 1475 4394 Licet
1506 4341 1650 4395 enim
1684 4357 1780 4412 per
1816 4341 1974 4398 breve

2091 4345 2369 4416 στότητος,
2404 4344 2498 4397 καὶ
2537 4344 2571 4414 ὴ
2603 4340 2994 4410 ἐξαγριωθεῖσα
3056 4341 3493 4411 ἡμερωθήσεται.
3539 4342 3665 4396 Κᾶν

401 4441 620 4499 tempus
649 4431 719 4483 ob
741 4447 912 4485 meam
941 4433 1228 4500 segnitiem
1257 4431 1554 4487 derelictus
1583 4434 1684 4486 sim
1717 4451 1731 4488 :
1759 4449 1974 4488 verum-

2091 4439 2197 4510 γὰρ
2231 4411 2396 4508 ⁷’πρὸς
2454 4411 2635 4517 ὀλίγον
2701 4433 3125 4504 ἐγκατελείφθην
3177 4433 3266 4487 διὰ
3339 4433 3438 4504 τὴν
3488 4435 3668 4506 ἐμαυς

400 4530 584 4576 tamen
644 4531 929 4591 postquam
964 4524 1127 4576 etiam
1183 4523 1554 4595 dereliquisti,
1612 4533 1767 4594 potes
1793 4525 1974 4579 denuo

2091 4531 2172 4585 τοῦ
2212 4530 2497 4601 νωχελίαν,
2565 4526 2703 4582 ἀλλά
2734 4527 2886 4599 δύνῃ,
2932 4527 3025 4580 καὶ
3080 4526 3218 4596 μετὰ
3264 4527 3363 4598 τὴν
3423 4529 3667 4595 ἐγκατά-

400 4615 651 4668 emittere
699 4613 962 4682 Spiritum
1014 4623 1266 4669 sanctum
1298 4655 1313 4678 ,
1354 4627 1404 4668 et
1451 4630 1624 4670 meam
1664 4625 1974 4685 corruptam

2091 4623 2272 4693 ίειψιν,
2331 4619 2707 4679 ἐξαποστεῖλαι
2756 4621 2918 4673 πάλιν
2958 4620 3018 4672 τὺ
3061 4617 3286 4691 Πνεῦμα
3365 4619 3426 4673 τὸ
3479 4620 3663 4688 ἅγιον,

403 4715 604 4759 terram
639 4721 903 4759 renovare
941 4725 951 4759 :
986 4715 1038 4758 ut
1065 4715 1195 4760 tunc
1237 4707 1392 4776 173
1421 4706 1726 4760 consoleris
1759 4708 1814 4760 iu
1841 4723 1974 4777 ope-

2091 4719 2170 4770 ιιαὶ
2196 4714 2542 4769 ἀνακαινίσαι
2593 4713 2693 4785 τὴν
2743 4711 3203 4782 κατεφθαρμένην
3251 4729 3354 4782 μου
3410 4713 3536 4782 γῆν,
3573 4713 3667 4768 ἵνα

403 4795 556 4849 ribus
587 4797 719 4858 tuis,
762 4812 886 4848 cum
917 4795 1216 4850 defecerint
1241 4812 1270 4851 e
1303 4806 1446 4850 terra
1485 4807 1818 4865 peccatores,
1871 4799 1972 4854 hoc

2091 4811 2191 4866 ςότε
2205 4807 2508 4879 εὐφρανθῇς
2536 4807 2628 4860 ἐπὶ
2643 4809 2751 4870 τοῖς
2766 4806 2944 4878 ἔργοις
2971 4823 3085 4869 σου,
3099 4805 3457 4868 ἐκλειπόντων
3481 4807 3666 4880 ἀμαρ-

401 4894 486 4940 est
513 4886 820 4940 dmmonum
847 4888 1134 4956 praestigiae
1158 4904 1188 4941 e
1225 4887 1392 4942 corde
1421 4904 1564 4942 meo.
1595 4886 1806 4943 Similia
1830 4892 1974 4945 enim

2091 4902 2264 4955 πωλῶν
2296 4900 2403 4955 ἀπὸ
2429 4900 2525 4970 τῆς
2558 4899 2684 4968 γῆς,
2709 4899 2957 4952 τουτέστι
2997 4897 3105 4951 τῶν
3148 4899 3476 4968 δαιμονικῶν
3509 4916 3663 4970 μαγ-

405 4979 666 5030 nonnulla
705 4991 872 5046 prope
904 4978 1066 5030 linem
1121 4978 1269 5031 tertii
1323 4985 1378 5033 et
1430 4977 1718 5033 centesimi
1779 4980 1974 5050 psalmi

2091 4994 2435 5063 γανευμάτων
2461 4993 2567 5045 ἀπὸ
2597 4992 2692 5062 τῆς
2721 4990 2946 5063 καρδίας
2981 5008 3104 5061 μου.
3137 4991 3373 5044 Τοιαῦτα
3401 4991 3507 5062 γάρ
3535 5009 3665 5046 τινα

401 5065 551 5121 dicm
580 5083 703 5123 esse
743 5069 1168 5139 εοῐηρετίειιιυεο
2082 5087 2385 5157 εὑρήσομεν
2432 5083 2696 5155 εἰρημένα
2726 5085 2864 5155 πρὸς
2911 5083 2991 5156 τῷ
3052 5083 3199 5137 τέλει
3233 5083 3327 5138 τοῦ
3363 5083 3664 5139 ἐκατοστοῦ

2011 5189 2018 5194 ·
2084 5178 2266 5250 τρίτου
2296 5175 2531 5247 ψαλμοῦ.

2577 5268 2751 5325 ΡΚΒ’.
2771 5301 2842 5313 -
2876 5268 2966 5336 Τῷ
2990 5268 3170 5336 αὐτῷ.

2161 5363 2225 5416 Εί
2253 5362 2528 5434 λυποῦμεν
2575 5361 2666 5416 τον
2698 5362 2831 5416 Θεόν
2872 5361 3365 5434 καταφρονοῦντες,
3405 5361 3500 5416 καὶ
3528 5363 3671 5434 ἀμε-

2090 5455 2328 5518 λοῦντες,
2370 5453 2758 5525 σπουδάσωμεν
2822 5455 3024 5526 μᾶλλον
3075 5455 3342 5528 εὐφρᾶναι
3403 5453 3566 5511 αὑτὸν
3597 5453 3670 5508 δι’
3705 5495 3708 5498 .

2091 5547 2427 5618 ἐπιμελείας,
2449 5547 2537 5601 καί
2571 5546 2956 5620 ἀγαθοεργίας.

944 5266 1156 5325 CXXII.
1195 5269 1401 5325 Eidem.

481 5363 538 5418 Si
571 5361 738 5419 Deum
761 5378 995 5418 mmrore
1016 5362 1301 5425 allicimus,
1320 5379 1444 5418 cum
1470 5365 1778 5433 spernimus
1805 5378 1867 5418 ac
1889 5377 1979 5418 nec

408 5456 683 5524 gligimus,
703 5457 1084 5510 incumbamus
1119 5457 1301 5526 potius
1333 5472 1456 5512 eum
1481 5457 1757 5514 oblectare
1782 5473 1878 5528 per
1896 5455 1985 5511 di-

410 5546 699 5618 Iigcutiam
730 5557 785 5600 et
812 5549 952 5602 boua
993 5561 1180 5617 Opera.

483 5730 528 5762 ⁸¹
571 5728 739 5784 Exod.
773 5745 884 5791 xw,
913 5707 1019 5784 is.
1075 5728 1119 5760 ³³
1154 5728 1298 5784 Psal.
1342 5745 1534 5795 cxvm,
1571 5728 1658 5793 90,
1692 5729 1780 5784 9i.
1857 5729 1901 5762 ”
1925 5726 2070 5785 Psal.
2103 5743 2222 5792 CIII,
2253 5725 2344 5782 28.
