3850 6218
239 274 355 338 2&3

718 382 888 436 PKP'.
918 413 986 425 —
1027 381 1112 447 Τῷ
1158 381 1336 449 αὐτῷ.

313 476 486 544 Φησὶν
512 476 548 545 ή
590 475 897 545 προφητεία
919 489 935 507 ο
965 492 984 526 ι
1009 475 1082 527 Τὸ
1111 473 1253 545 ὕδωρ
1281 476 1380 546 τῆς
1401 474 1666 548 Νευριεὶμ
1693 476 1822 547 ἐρη-

237 584 344 636 μον
381 567 562 630 ἔσται,
621 565 718 619 καὶ
776 564 1199 636 ξηρανθήσεται,
1234 566 1332 619 καὶ
1363 567 1394 620 δ
1420 567 1614 638 χόρτος
1651 567 1822 638 αὐτῆς

235 661 350 720 πᾶς
379 657 658 728 ὶκλείψεν
693 657 884 728 χόρτος
927 658 1037 728 γάρ
1084 656 1244 729 ξηρὸς
1279 658 1380 713 οὐκ
1409 659 1582 716 ἔσται.
1628 678 1646 713 ι
1677 660 1820 712 Νευ-

240 749 395 817 ριεὶμ
424 749 792 820 ἑρμηνεύεται
849 747 1182 817 ψευδοδοξία.
1233 749 1330 803 Ἐκ
1393 751 1685 822 προχείρου
1722 750 1821 821 μὲν

237 837 334 893 οὖν
360 843 570 910 ἑκάστη
593 841 803 911 αἵρεσις
845 840 1071 894 νοείσθω
1101 842 1473 912 ἐρημουμένη,
1502 843 1595 896 καὶ
1636 841 1823 912 ξηραι-

238 930 441 999 νομένη
465 930 558 983 διὰ
605 931 706 991 τὰς
733 929 1080 993 διδασκαλίας
1107 931 1216 984 τῶν
1263 931 1700 1002 ὀρθοτομούντων
1729 930 1820 983 τὸν

240 1018 401 1086 λόγον
430 1021 533 1090 τῆς
563 1020 840 1090 ἀληθείας.
873 1019 1017 1092 Πλὴν
1043 1021 1123 1074 ὅτι
1149 1021 1245 1075 καὶ
1273 1022 1307 1092 ὴ
1352 1023 1596 1093 ἁμαρτία
1633 1021 1822 1091 ψευδο-

240 1109 392 1172 δοξία
419 1111 592 1163 ἐστίν·
619 1111 788 1168 δοκῶν
822 1110 928 1186 γάρ
956 1127 1039 1173 τις
1070 1110 1133 1162 τὸ
1167 1111 1242 1181 μὴ
1284 1109 1466 1172 καλὸν,
1501 1110 1822 1180 μετέρχεται

238 1199 445 1269 τούτῳ·
477 1200 620 1252 ἐπάν
651 1201 707 1253 δὲ
733 1203 765 1270 ή
797 1200 1043 1271 ἁμαρτία
1075 1201 1397 1271 καταργηθῇ
1428 1200 1515 1253 διὰ
1530 1201 1627 1270 τῆς
1653 1217 1820 1270 μετα-

239 1291 412 1354 νοίας,
439 1291 603 1361 δῆλον
633 1293 715 1344 ὅτι
746 1291 1015 1363 ἐξηράνθη
1033 1294 1060 1345 δ
1080 1292 1298 1362 χόρτος⁶
1323 1294 1447 1345 ὅταν
1462 1292 1517 1345 δὲ
1546 1291 1641 1346 καὶ
1661 1291 1821 1354 αὐτὸς

237 1383 270 1432 ὁ
297 1382 462 1453 ξηρὸς
490 1383 682 1454 χόρτος
709 1384 772 1436 ὲκ
803 1382 978 1436 ποδῶν
1028 1384 1275 1452 γένηται,
1324 1382 1606 1442 ἀπώλοντο
1635 1382 1730 1437 καὶ
1762 1383 1817 1434 al

243 1472 464 1544 μνῆμαι
498 1471 607 1526 τῶν
632 1472 816 1535 κακῶς
841 1472 1264 1544 πεπραγμένων.

561 1655 733 1710 PKA'.
771 1684 840 1694 —
868 1653 1162 1725 ΕΥΛΥΣΙῼ
1189 1652 1500 1724 ΜΟΝΔΧῼ.

1456 277 1990 340 EPISTULARUM
2033 283 2175 341 LIB.
2215 283 2293 342 II.

1839 394 1888 449 Δ

2423 389 2651 445 CXXIII.
2681 392 2960 448 —-Eitlem.

1997 476 2330 534 Vaticinium
2368 481 2444 535 ait
2476 500 2490 536 :
2532 501 2550 533 ι
2583 481 2737 554 Aqua
2777 483 3019 539 Neuriim
3057 487 3162 542 erit
3184 487 3422 556 deserta,
3440 501 3499 547 et

1924 570 2326 634 exsiccabitur,
2360 579 2414 627 et
2478 571 2643 628 herba
2699 574 2869 644 ipsius
2925 576 3177 633 universa
3219 579 3434 636 deﬁciet
3478 599 3495 638 :

1927 660 2091 716 herba
2116 663 2259 717 enim
2289 664 2434 719 sicca
2463 680 2571 719 non
2605 665 2709 720 erit
2729 667 2826 720 ³⁵.»
2846 667 3091 722 Neuriim
3123 678 3274 723 notat
3303 670 3496 726 l’alsam

1926 753 1993 809 de
2023 755 2185 810 rebus
2215 757 2551 827 opinionem.
2578 758 2632 812 In
2656 771 2910 829 promptu
2944 761 3128 830 itaque
3152 777 3496 832 quaecunque

1927 843 2150 899 haeresis
2177 846 2535 917 intelligatur,
2569 863 2690 918 qua:
2738 849 3040 912 desolatur,
3070 861 3123 905 et
3155 868 3369 916 eorum,
3403 853 3498 923 qui

1927 947 2071 992 recte
2098 939 2322 992 verbum
2355 940 2602 995 veritatis
2633 948 2988 1010 pertractant,
3022 943 3280 997 doctrina
3321 946 3502 999 exsic-

1926 1039 2101 1083 catur.
2126 1028 2492 1086 Nihilominus
2555 1033 2719 1086 etiam
2749 1041 2803 1087 et
2834 1043 3114 1104 peccatum
3148 1033 3284 1089 falsa
3313 1035 3501 1105 opinio

1925 1119 2091 1174 fuerit
2123 1138 2137 1174 :
2194 1136 2429 1190 namque
2468 1137 2742 1177 nonnemo
2779 1124 2926 1193 quod
2986 1127 3186 1178 bonum
3242 1140 3352 1179 non
3391 1135 3498 1193 est,

1925 1222 1985 1267 ut
2031 1213 2230 1267 bonum
2284 1214 2718 1284 apprehendens,
2752 1216 2885 1270 illud
2943 1218 3204 1286 consequi
3259 1218 3498 1284 studet;

1925 1317 2050 1356 cum
2112 1317 2240 1356 vero
2281 1313 2563 1370 peccatum
2600 1319 2696 1373 per
2737 1305 3115 1374 paenitentiam
3178 1305 3500 1375 abrogatum

1923 1392 2104 1456 fuerit,
2154 1392 2498 1448 manifestum
2529 1393 2588 1447 tit
2639 1393 2862 1448 herbam
2906 1395 3233 1449 exsiccatam
3297 1396 3500 1461 fuisse;

1924 1499 2050 1538 cum
2077 1498 2205 1538 vero
2233 1495 2285 1537 et
2306 1485 2422 1554 ipsa
2452 1484 2620 1538 herba
2636 1485 2782 1539 sicca
2801 1484 2868 1540 de
2891 1486 3070 1540 medio
3086 1487 3300 1540 sublata
3319 1486 3502 1554 fuerit.

1924 1578 2200 1632 memoria:
2230 1593 2418 1631 eorum
2438 1592 2558 1647 qua:
2577 1594 2742 1645 prave
2759 1586 2908 1648 gesta
2931 1587 3078 1638 sunt.
3104 1579 3502 1649 deperduntur.

2202 1667 2830 1725 CXXIV.—EULYSIO
2872 1669 3221 1727 MONACIIO.

316 1766 461 1820 Οὖτε
496 1767 531 1837 ἡ
561 1765 752 1836 ἀρετὴ,
783 1764 906 1818 οὗτε
957 1766 989 1835 ἡ
1031 1765 1199 1819 κακία
1228 1764 1377 1836 μένει
1407 1763 1818 1835 ἀμετάπτωτος,

1991 1757 2181 1828 Neque
2214 1761 2410 1825 virtus,
2468 1776 2646 1831 neque
2708 1761 2920 1815 malitia
2963 1773 3211 1817 remanet
3242 1771 3504 1817 constans

241 1860 338 1912 καί
365 1857 650 1927 ἀκίνητος,
686 1855 872 1926 ἐπειδὴ
914 1855 1302 1926 ὲθελότρεπτόν
1343 1857 1460 1908 ἐστι
1488 1854 1826 1926 ἀνθρώπινον

239 1949 420 2015 γένος.
498 1948 708 2017 Ὀνπερ
772 1949 952 2000 τοίνυν
1005 1945 1412 2015 ὑπολαμϐάνεις
1462 1946 1554 1999 τὸν
1603 1947 1826 2016 ἀδελφὸν

239 2037 618 2106 ἀμελέστατον
679 2031 838 2099 εἶναι,
863 2036 1033 2108 ὅνπερ
1070 2035 1312 2106 νομίζεις
1361 2036 1683 2106 ἁμαρτωλὸν
1725 2038 1828 2090 ὐπ-

238 2129 456 2198 ἀρχειν,
512 2128 615 2181 ούκ
662 2123 832 2193 οἶδας,
871 2129 1080 2198 μήποτε
1134 2127 1256 2182 καθ’
1301 2127 1492 2181 ἑαυτὸν
1542 2129 1822 2195 στενάξας,

240 2222 334 2274 καὶ
367 2220 840 2290 μεταϐαλλόμενος
861 2220 952 2274 ἐπὶ
979 2221 1040 2273 τὸ
1066 2222 1332 2291 κρεῖττον,
1369 2219 1520 2290 παρὰ
1566 2220 1684 2289 Θεῷ
1715 2220 1824 2272 σώ-

239 2309 419 2374 ζεται.
454 2311 526 2362 Σὺ
560 2310 615 2363 δὲ
634 2309 842 2378 άγονῶν
865 2309 1156 2375 εὐτελίζεις
1187 2311 1442 2374 πολλάκις
1453 2310 1544 2366 τὸν
1565 2311 1824 2376 τοιοῦτον,

241 2404 338 2456 καὶ
359 2403 647 2474 λοιδορεῖς,
696 2402 789 2456 καί⁹
854 2403 1067 2475 πικρῶς
1098 2403 1445 2474 κατακρίνεις
1472 2403 1564 2457 τὸν
1599 2403 1738 2474 ὑπὲρ
1764 2402 1825 2456 σὲ

251 2494 568 2565 σωζόμενον
595 2494 910 2568 ἄνθρωπον.¹

741 2695 916 2749 ΡΚΕ’.
945 2725 1010 2735 -
1045 2694 1130 2761 Τῷ
1151 2695 1332 2762 αὐτῷ.

316 2786 506 2840 Κακία
537 2785 734 2841 κακίαν
765 2789 1075 2856 ὲφέλκεται,
1113 2789 1208 2842 καὶ¹
1239 2789 1410 2853 πάθος
1440 2787 1601 2844 πάθει
1627 2788 1820 2843 πολλά-

239 2897 332 2942 κις
361 2880 722 2933 συνάπτεται·
758 2879 996 2949 συγγενῆ
1020 2879 1128 2951 γὰρ
1154 2881 1422 2953 ἀλλήλων,
1453 2881 1548 2934 καὶ
1584 2879 1824 2952 συνεργὰ

236 2973 314 3025 τὰ
343 2970 532 3041 φαῦλα
552 2970 917 3040 καθέστηκεν.

731 3078 921 3148 PKQ’.
945 3108 1015 3120 --
1048 3077 1132 3144 Τῷ
1162 3077 1342 3144 αὐτῷ.

316 3172 394 3226 Τὸ
423 3170 631 3239 πλῆθος
649 3171 758 3225 τῶν
791 3173 918 3242 παρ’
945 3169 1103 3242 ἡμῶν
1138 3169 1434 3243 δρωμένων
1456 3168 1693 3239 ψεκτῶς,
1723 3169 1823 3239 τὴν

240 3263 474 3316 πάντων
512 3259 730 3330 χείρονα
781 3260 890 3312 τῶν
942 3260 1128 3314 κακῶν
1192 3259 1527 3324 κενοδοξίαν,
1579 3257 1674 3313 καὶ
1734 3257 1824 3312 τὸν

239 3354 423 3421 τῦφον
464 3351 724 3415 πολλάκις
767 3352 832 3405 ὲκ
889 3353 992 3421 τῆς
1023 3351 1359 3422 ἀναλγησίας
1396 3351 1734 3423 έπισύρεται.
1765 3350 1826 3403 ’0

237 3446 299 3499 δέ
351 3461 418 3512 γε
476 3443 659 3508 πάσας
712 3443 1197 3515 ἑκκεκομϐωμένος
1251 3444 1673 3514 άπαριλείπτως
1726 3443 1826 3506 τὰς

239 3532 476 3604 ἀρετάς,
504 3531 776 3603 ἀλλότριον
795 3532 987 3587 ἑαυτὸν
1002 3534 1332 3604 καταστήσει
1349 3534 1448 3603 τῆς
1468 3534 1714 3604 ἀνοήτου,
1733 3531 1827 3585 καὶ

243 3625 472 3695 μωρᾶς,
489 3623 583 3676 καὶ
603 3623 808 3694 σαθρᾶς
825 3623 1150 3690 κενοδοξίας,
1167 3622 1370 3678 καὶτοῦ
1395 3623 1620 3694 ματαίου
1634 3623 1822 3692 τύφου.

427 3734 595 3788 PKZ'.
618 3763 688 3776 -
714 3734 1052 3805 ΦΙΛΟΞΕΝῼ
1105 3733 1646 3804 ΑΡΧΙΜΑΝΔΡΙΤῌ.

331 3828 616 3897 ’Ᾱληθινδν
652 3827 762 3898 ἐγὼ
788 3826 1178 3898 προσαγορεύω
1221 3828 1426 3880 ἐκεῖνον
1461 3823 1822 3896 Ἰσραηλίτην,

243 3921 342 3974 τὸν
375 3919 468 3974 διὰ
497 3921 596 3991 τῆς
623 3917 855 3990 θεωρίας
904 3918 1158 3972 ἁπάντων
1202 3917 1313 3971 τῶν
1352 3916 1688 3987 κτισμάτων,
1717 3915 1826 3969 τῶν

244 4029 306 4065 τε
344 4011 422 4083 μὴ
481 4010 822 4081 φαινομένων
865 4009 1131 4080 βλέποντα
1158 4008 1250 4063 τὸν
1295 4007 1404 4062 τῶν
1431 4007 1566 4063 ὅλων
1597 4005 1826 4079 ποιητὴν

247 4105 407 4158 Θεὸν.

581 4194 760 4248 PKH'.
789 4223 862 4234 —
886 4194 1158 4264 ΕΛῙΠΔῙῼ
1183 4193 1493 4264 ΜΟΝΑΧῼ.

331 4306 350 4338 ι
384 4285 597 4348 Πάντα,
639 4286 792 4356 φησὶ,
833 4285 1048 4358 καθαρὰ
1094 4288 1208 4348 τοῖς
1259 4285 1538 4355 καθαροῖς,
1577 4305 1595 4338 ι
1634 4289 1745 4344 τοῖς
1769 4288 1826 4342 δὲ

250 4378 528 4442 ἀπίστοις,
554 4377 650 4430 καὶ
701 4377 993 4448 ἔμπαθέσι,
1027 4376 1469 4447 φιλαμαρτήμοσί
1497 4393 1578 4440 τε,
1610 4378 1703 4431 καὶ
1732 4396 1826 4446 με·

254 4470 638 4540 μολυσμένοις,
665 4470 843 4524 πάντα
870 4468 1172 4539 ἀκάθαρτα,
1193 4467 1289 4521 καὶ
1316 4467 1525 4538 πονηρά
1555 4467 1822 4537 φαίνεται,

252 4565 350 4616 καὶ
366 4563 547 4616 πάντα
567 4562 763 4624 αὐτοὺς
784 4559 1204 4631 πρὸςάμαρτίαν
1227 4559 1455 4625 ὲξέλκει,
1471 4561 1582 4613 εἴτε
1609 4561 1822 4633 βρῶμα,

253 4658 364 4708 εἴτε
397 4657 570 4725 πόμα,
602 4652 712 4706 εἴτε
740 4652 976 4722 φόρεμα,
1009 4653 1119 4705 εἴτε
1157 4652 1342 4717 τόπος,
1383 4653 1491 4706 εἴτε
1539 4655 1746 4724 χρόνος,
1789 4655 1822 4726 ἢ

254 4747 571 4816 πρόσωπον.
607 4743 640 4813 ἢ
687 4744 940 4814 πρᾶγμα»
977 4741 1011 4814 ἢ
1042 4742 1246 4813 ὁμιλίαν
1284 4741 1317 4813 ἢ
1353 4742 1589 4812 βλέμμα,
1624 4743 1657 4816 ἢ
1687 4741 1822 4813 ἁφὴν

254 4840 288 4907 ἢ
311 4839 602 4907 ὀσφρησις,
635 4836 669 4906 ἢ
697 4835 853 4906 ἀκοὴ,
887 4835 922 4905 ἢ
951 4834 1160 4903 γεῦσις,
1183 4835 1291 4886 πᾶν
1320 4834 1618 4904 συλλήϐδην
1650 4835 1824 4887 εἰπεῖν

255 4929 516 4997 πρᾶγμα,
538 4927 571 4998 ἢ
596 4921 754 4989 εἶδος,
771 4927 806 4997 ἢ
837 4925 1064 4996 κίνημα,
1089 4925 1222 4978 ὠθεῖ
1239 4926 1364 4989 τοὺς
1391 4927 1661 4989 τοιούτους
1687 4925 1824 4996 πρὸς

257 5018 556 5088 ἁμαρτίαν,
587 5018 682 5070 καί⁵
729 5018 1045 5071 ἐκκαλεῖται
1104 5016 1240 5086 πρὸς
1295 5015 1393 5088 τὴν
1457 5017 1820 5087 παρανομίαν.

261 5113 473 5178 Ὠσπερ
501 5108 809 5162 τούναντίον
869 5108 996 5170 τοὺς
1041 5107 1289 5172 πιστοὺς,
1339 5108 1435 5161 καὶ
1483 5107 1696 5176 ἁγνοὺς,
1727 5107 1824 5161 καὶ

259 5200 530 5264 εὐλαϐεῖς,
580 5200 677 5254 καὶ
736 5196 906 5260 σώους
931 5198 993 5251 τὺ
1020 5197 1296 5268 φρόνημα,
1341 5200 1518 5251 πάντα
1569 5197 1823 5270 διεγείρει

259 5293 400 5362 πρὸς
459 5291 811 5362 εὐχαριστίαν
858 5289 1017 5353 Θεοῦ,
1041 5291 1137 5344 καὶ
1171 5291 1445 5361 ἄπληστον
1474 5291 1819 5361 ὑμνολογίαν,

260 5385 355 5442 καὶ
384 5384 719 5455 χειραγωγεῖ
770 5382 906 5453 πρὸς
931 5383 1112 5435 πᾶσαν
1153 5381 1517 5455 δικαιοσύνην,
1559 5383 1654 5439 καὶ
1696 5400 1820 5456 νοη-

265 5472 482 5548 ματίζει
507 5471 642 5541 πρὸς
671 5471 770 5542 τὴν
798 5471 1010 5526 τελείαν
1039 5472 1339 5529 εὐσέϐειαν.

333 5711 380 5750 ⁸⁵
412 5714 514 5770 ιιι.
540 5730 629 5783 xv,
655 5714 707 5770 6.
783 5715 826 5748 ³⁸
856 5714 961 5771 Tit.
988 5732 1026 5782 t,
1057 5715 1133 5771 l5.

1924 1862 1979 1906 et
2016 1851 2414 1918 immutabilis;
2475 1851 2924 1922 quandoquidem
2971 1869 3146 1923 genus
3202 1854 3502 1907 humanum

1924 1951 2119 2012 sponte
2153 1957 2252 1996 sua
2285 1941 2561 1997 immutari
2585 1955 2965 2014 comparatum
2992 1953 3095 1999 est.
3116 1943 3289 2011 Quem
3315 1945 3504 2014 itaque

1922 2048 1987 2088 ex
2021 2033 2281 2088 fratribus
2339 2034 2863 2105 negligentissimum
2912 2038 3218 2101 existimas,
3263 2037 3422 2109 174
3447 2046 3503 2091 et

1924 2126 2172 2196 opinaris
2202 2136 2548 2198 peccatorem
2580 2144 2723 2190 esse,
2752 2129 2933 2185 nescis
2966 2147 3033 2184 an
3080 2132 3379 2200 aliquando
3412 2130 3503 2186 ille

1924 2217 2069 2271 intra
2113 2231 2174 2272 se
2227 2218 2632 2287 ingemiscens,
2687 2227 2742 2272 et
2797 2220 2848 2274 in
2891 2221 3086 2275 melius
3140 2221 3499 2282 immutatus.

1924 2305 2069 2377 apud
2117 2308 2285 2363 Deum
2319 2310 2582 2365 salvetur.
2619 2311 2686 2366 Et
2724 2321 2780 2365 tu
2813 2312 3075 2379 ignorans
3123 2313 3284 2365 talem
3320 2312 3501 2365 homi-

1927 2413 2048 2452 nem
2079 2414 2459 2468 saepenumero
2494 2401 2652 2454 nihili
2687 2400 2866 2466 ducis,
2900 2410 2954 2456 et
2981 2402 3248 2455 conviciis
3277 2414 3501 2466 oneras,

1922 2498 1976 2545 et
2007 2489 2218 2544 duriter
2241 2491 2569 2554 contemnis,
2606 2491 2700 2562 qui
2735 2499 2917 2546 tamen
2957 2491 3164 2562 potius,
3215 2506 3378 2562 quam
3413 2498 3500 2557 tu,

1922 2581 2187 2637 salvatur.

2450 2687 2736 2744 CXXV.—
2759 2687 2962 2742 Eidem

1992 2781 2196 2837 Malitia
2221 2780 2483 2836 malitiam
2525 2781 2770 2848 attrahit,
2803 2790 2856 2836 et
2884 2781 3224 2852 perturbatio
3255 2781 3499 2852 saepissi-

1922 2872 2010 2930 me
2025 2873 2794 2944 perturbationiconjungitur
2823 2891 2835 2926 :
2869 2888 3032 2942 prava
3048 2871 3322 2941 siquidem
3350 2873 3502 2943 ejus-

1929 2968 2048 3024 dem
2069 2967 2285 3038 generis
2315 2973 2465 3032 sunt,
2497 2975 2550 3020 et
2580 2966 2685 3019 sibi
2719 2966 2947 3019 invicem
2977 2965 3258 3037 suppetias
3289 2963 3496 3021 ferunt.

2414 3072 2651 3129 CXXVI.
2688 3072 2968 3129 -—Et'dem.

1995 3165 2218 3229 Eorum,
2251 3181 2372 3236 quae
2399 3180 2428 3218 a
2469 3165 2631 3223 nobis
2670 3168 2964 3222 criminose
2993 3173 3279 3237 geruntur,
3312 3166 3498 3236 c0pia,

1927 3259 2191 3315 manrum
2247 3259 2488 3315 omnium
2520 3259 2813 3330 pessimam
2841 3259 3161 3329 jactantiam
3218 3268 3272 3312 et
3307 3273 3502 3328 super-

1925 3352 2068 3406 biam
2101 3367 2243 3421 smpe
2274 3368 2340 3407 ex
2379 3351 2696 3420 stupiditate
2744 3352 3021 3406 contrahit
3047 3369 3062 3419 ;
3088 3353 3180 3423 qui
3204 3369 3352 3408 vero
3379 3367 3502 3406 om-

1926 3443 2088 3498 nibus
2128 3443 2347 3498 abunde
2404 3452 2489 3498 est
2549 3442 2849 3498 virtutibus
2903 3452 3222 3507 exornatus,
3256 3444 3496 3497 alienum

1927 3548 1986 3588 se
2012 3548 2042 3587 a
2070 3533 2343 3599 demente,
2383 3533 2550 3588 stulta
2600 3541 2656 3588 et
2679 3533 2880 3589 detrita
2928 3531 3220 3603 jactantia,
3244 3539 3299 3588 et
3343 3531 3496 3588 inani

1925 3632 2139 3679 tumore
2156 3625 2476 3679 constituet.

1993 3731 2249 3788 CXXVII.
2275 3761 2346 3773 -—
2373 3730 2768 3788 PHILOXENO
2801 3729 3422 3788 ARCHIMANDRITE.

1993 3825 2115 3896 Ipse
2138 3839 2239 3895 ego
2258 3838 2384 3879 vere
2405 3837 2721 3894 germanum
2754 3823 3058 3879 lsraelitam
3087 3823 3318 3877 dixerim
3348 3838 3495 3888 eum,

1923 3919 2016 3990 qui
2047 3933 2145 3987 per
2191 3916 2437 3971 omnium
2468 3924 2872 3981 creaturarum,
2916 3915 3032 3970 sive
3059 3915 3164 3968 illa:
3214 3913 3498 3969 obtutibus

1924 4017 2167 4084 pateant,
2202 4009 2318 4066 sive
2353 4008 2409 4063 in
2440 4008 2696 4062 clanculo
2754 4008 2980 4074 lateant,
3039 4005 3494 4084 speculationem,

1926 4083 2172 4158 omnium
2209 4099 2382 4154 Deum
2410 4108 2690 4154 auctorem
2723 4099 2986 4153 intuetur.
3405 4083 3408 4088 ’

2236 4190 2862 4247 CXXVIII.——ELPIDIO
2886 4186 3241 4245 MONACIIO.

2003 4304 2021 4337 ι
2047 4283 2263 4350 Omnia,
2294 4283 2496 4352 inquit,
2531 4282 2733 4336 munda
2763 4280 2983 4335 mundis
3008 4281 3086 4348 ³⁸;
3130 4297 3152 4332 ι
3187 4276 3497 4333 inﬁdelibus

1929 4386 2110 4432 autem
2142 4384 2198 4430 et
2250 4375 2434 4444 pravis
2487 4373 2877 4428 atl'cctionibus
2936 4372 3160 4439 deditis,
3199 4372 3500 4440 pronisque

1933 4468 2088 4539 175
2119 4468 2184 4523 ad
2222 4467 2580 4537 peccandum,
2637 4475 2690 4521 et
2725 4464 3028 4536 inquinatis
3057 4465 3237 4519 omnia
3285 4463 3496 4532 impura

1926 4576 2200 4633 pravaque
2223 4558 2543 4629 judicantur
2569 4576 2583 4625 ;
2613 4558 2907 4628 omniaque
2941 4572 3036 4612 eos
3064 4557 3130 4611 ad
3155 4556 3496 4628 peccandum

1925 4653 2277 4724 compellunt,
2310 4651 2425 4707 sive
2457 4651 2616 4708 cibus
2660 4651 2752 4716 sit,
2790 4651 2907 4705 sive
2936 4657 3126 4718 potus,
3168 4651 3282 4704 sive
3332 4647 3497 4702 indu-

1925 4754 2188 4808 mentum,
2238 4744 2352 4799 sive
2401 4744 2578 4807 locus,
2630 4744 2745 4799 sive
2797 4751 3035 4812 tempus,
3071 4743 3187 4797 sive
3223 4755 3483 4811 persona,

1926 4839 2044 4894 sive
2074 4851 2235 4906 Opus,
2265 4836 2380 4891 sive
2398 4836 2756 4906 colloquium,
2791 4836 2907 4890 sive
2941 4835 3117 4897 visus,
3147 4833 3263 4888 sive
3288 4839 3494 4892 tactus,

1920 4932 2036 4986 sive
2063 4931 2348 4996 odoratus,
2382 4928 2496 4984 sive
2519 4928 2750 4994 auditio,
2772 4927 2888 4982 sive
2911 4936 3127 4998 gustus,
3156 4932 3211 4980 et
3242 4933 3300 4978 ut
3327 4924 3495 4977 verbo

1917 5024 2200 5086 extricem,
2229 5023 2594 5093 quodcunque
2641 5020 2775 5076 illud
2810 5022 2903 5086 sit,
2927 5021 3041 5075 sive
3095 5018 3325 5088 species,
3380 5017 3496 5072 sive

1917 5115 2291 5180 motus,hosce
2306 5113 2373 5168 ad
2397 5124 2616 5186 peccata
2647 5114 2969 5185 praecipitat,
2993 5121 3047 5168 et
3069 5111 3136 5166 ad
3159 5113 3492 5180 impietatem

1916 5206 2730 5273 adhortatur.Quemadmodum
2751 5214 2972 5261 econtra
2993 5205 3261 5269 lldeles,et
3284 5214 3489 5269 castos,

1918 5306 1972 5352 et
1997 5297 2136 5368 pios,
2160 5303 2214 5352 et
2242 5296 2445 5352 mentis
2469 5304 2750 5367 compotes
2788 5296 2970 5351 omnia
3005 5295 3090 5349 .ad
3116 5295 3352 5364 agendas
3385 5293 3492 5347 Deo

1925 5388 2150 5459 gratias,
2181 5395 2237 5442 et
2272 5403 2556 5458 nunquam
2585 5395 2896 5444 cessantem
2929 5387 3302 5441 laudationem
3332 5386 3486 5439 excii

1929 5486 2063 5545 tant,
2098 5487 2152 5533 et
2188 5479 2252 5534 ad
2276 5480 2586 5534 universam
2611 5477 2879 5548 justitiam
2919 5476 3150 5540 ducunt,
3180 5485 3233 5530 et
3263 5475 3328 5529 ad
3373 5475 3490 5544 pie-

1929 5573 2094 5623 tatem
2128 5567 2370 5626 numeris
2399 5568 2654 5626 omnibus
2684 5567 2993 5625 absolutam
3029 5567 3172 5622 viam
3207 5573 3481 5624 sternunt.
