3850 6218
367 234 475 299 255

599 346 835 402 CXXIX.
864 379 932 388 —
956 346 1314 402 NEMERTIO
1353 343 1709 403 MONACIIO.

440 439 653 511 Saepius
683 451 735 494 te
758 441 975 495 timoris
1007 439 1239 510 spiritus
1266 439 1632 509 perquisivit,
1662 455 1764 493 nec
1793 438 1947 494 inve—

370 532 455 586 nit
501 551 511 584 :
554 531 800 585 nondum
834 531 979 585 enim
1012 530 1092 585 illi
1127 530 1505 586 instituendus
1558 531 1794 586 traditus
1835 530 1951 585 fue-

1852 236 1914 295 S.
1960 236 2117 295 NILI

1976 360 2023 411 Α

3512 227 3626 291 256

2330 346 2505 399 PKB’.
2534 374 2604 386 -—
2628 342 2992 411 ΝΗΜΕΡΤΙῼ
3025 340 3334 411 ΜΟΝΔΧῼ.

2129 440 2391 511 Ἐζήτησέ
2422 459 2480 494 σε
2512 440 2774 501 πολλάκις
2811 438 2873 492 τὸ
2898 438 3116 507 πνεῦμα
3153 436 3254 505 τῆς
3273 433 3495 498 δειλίας.
3528 432 3632 488 καὶ

2048 534 2145 605 οὐχ
2171 528 2324 605 ηὗρε,
2346 534 2481 586 διότι
2512 531 2666 585 οὔπω
2693 529 2946 600 ὲξεδόθης
2971 528 3105 599 πρὸς
3119 526 3428 598 γυμνασίαν
3447 523 3629 595 αὐτῷ,

369 638 482 678 ras.
514 623 584 675 At
618 638 764 677 nunc
801 631 852 678 te
887 625 1097 678 invenit
1119 666 1135 692 ,
1178 631 1233 680 et
1262 632 1426 678 noctu
1454 623 1651 695 dieque
1672 639 1949 694 nunquam

2087 627 2140 680 ὗν
2168 625 2226 680 δέ
2249 643 2308 678 σε
2327 619 2481 697 ηὗρε,
2515 626 2612 678 καὶ
2672 620 3017 692 ὲκταράττει,
3080 617 3373 687 παννύχιόν
3423 633 3483 669 τε
3527 615 3635 667 καὶ

371 713 746 768 intermittens
792 717 1111 769 conturbat.
1143 714 1533 769 Verumtamen
1588 730 1657 769 ne
1717 717 1952 786 despon-

370 806 544 869 deas,
593 805 688 860 sed
721 807 937 861 sustine
984 806 1470 876 deprecationibus
1510 805 1801 861 Dominum
1851 823 1951 862 ex-

2049 717 2409 788 πανημέριον.
2443 716 2602 769 Ἀλλὰ
2657 716 2731 786 μὴ
2785 713 3099 783 ἀθυμήσῃς,
3141 710 3433 779 ὑπόμεινον
3473 706 3534 760 δὲ
3558 707 3637 759 δι’

2051 811 2213 881 εὐχῆς
2242 809 2333 863 τὸν
2368 808 2593 879 Κύριον,
2658 803 2994 876 προσδοκῶν,
3051 804 3199 865 ὅπως
3250 800 3499 872 ὲξέληταί
3541 815 3637 859 σε,
3677 814 3680 820 λ

370 907 635 967 spectans
657 939 671 962 ,
697 908 757 952 ut
785 908 836 954 te
860 899 1177 969 frequenter
1199 908 1326 956 ante
1350 899 1523 971 ipsius
1553 900 1745 956 oculos
1776 900 1953 973 lacry—

2088 902 2293 973 υνεχῶς
2321 901 2607 956 κατέναντι
2632 899 2742 953 τῶν
2774 893 3072 967 ὀφθαλμῶν
3107 893 3271 949 αὐτοῦ
3323 892 3642 965 φυρόμενον

372 990 480 1045 niis
511 989 820 1045 madentem
854 991 1076 1059 eripiat.

898 1080 1116 1137 CXXX.
1136 1109 1207 1125 —-
1230 1079 1441 1136 Eidem.

445 1172 750 1229 Asseveras
789 1181 841 1228 te
881 1174 1060 1228 solum
1112 1188 1345 1244 prorsus
1380 1190 1490 1229 non
1534 1188 1697 1245 posse
1745 1174 1803 1229 in
1838 1173 1953 1229 cel-

376 1267 487 1323 lula
520 1266 748 1336 degere,
799 1274 997 1336 praeter
1030 1267 1505 1337 expectationem
1542 1266 1817 1320 immenso
1847 1266 1958 1320 daa-

2048 996 2300 1066 δάκρυσι.

2563 1081 2689 1137 ΡΛ’.
2727 1112 2799 1123 -
2828 1081 2913 1147 Τῷ
2939 1079 3118 1148 αὐτῷ.

2123 1178 2188 1231 Εἰ
2220 1175 2358 1238 ὅλως
2389 1173 2570 1239 λέγεις
2620 1172 2818 1243 μηκέτι
2862 1171 3123 1226 δύνασθαι
3156 1170 3335 1241 μόνως
3361 1168 3544 1234 διάξαι
3573 1168 3649 1221 ὲν

2053 1270 2133 1342 τῷ
2161 1269 2379 1340 κελλίῳ,
2420 1268 2719 1335 νικώμενος
2779 1264 2913 1337 παρ’
2952 1264 3173 1326 ἐλπίδας
3202 1263 3284 1334 τῷ
3338 1263 3649 1333 ἀμετρήτῳ

377 1358 562 1413 monis
599 1366 744 1412 metu
778 1372 1101 1427 oppressum
1128 1397 1143 1422 ,
1182 1366 1310 1426 post
1340 1357 1641 1410 maximum
1677 1357 1957 1411 abrenun-

2087 1362 2206 1434 ιόϐῳ
2235 1360 2330 1415 τοῦ
2364 1359 2666 1430 δαιμονίου,
2719 1357 2858 1428 μετὰ
2904 1355 3158 1410 τοσοῦτον
3211 1358 3312 1426 τῆς
3351 1353 3649 1423 ἀωταγῆς

375 1454 631 1508 tiationis
662 1461 880 1522 tempus
929 1460 984 1508 et
1018 1451 1323 1508 solitariam
1360 1453 1415 1505 in
1448 1452 1670 1506 deserto
1713 1466 1953 1517 moram;

377 1546 594 1601 ascisce
624 1560 755 1615 ergo
790 1545 893 1600 tibi
938 1543 1033 1599 Dei
1083 1551 1359 1598 amantem
1381 1582 1395 1608 ,
1452 1543 1712 1613 piumque
1739 1543 1958 1607 virum,

377 1638 473 1707 qui
508 1653 613 1692 una
649 1644 836 1692 tecum
876 1637 1188 1699 inhabitet,
1221 1635 1498 1706 simulque
1521 1651 1712 1705 preces
1747 1636 1956 1699 fundat,

2054 1454 2266 1526 χρόνον,
2300 1453 2395 1506 καὶ
2444 1451 2546 1522 τῆς
2598 1450 2917 1520 καταμόνας
2946 1449 3035 1501 ἐπ’
3065 1446 3299 1518 ἐρημίας
3325 1446 3648 1517 διατριϐῆς,

2058 1541 2367 1616 προσλαϐοῦ
2396 1543 2490 1596 νῦν
2519 1558 2643 1596 τινα
2676 1538 2924 1610 θεοφιλῆ,
2955 1540 3051 1593 καὶ
3079 1538 3287 1608 εὐλαϐῆ
3325 1536 3648 1607 ἄνθρωπον,

2060 1633 2154 1685 καλ⁸
2180 1630 2496 1684 συνοικείτω
2522 1647 2626 1692 σοι,
2654 1629 2748 1682 καὶ
2805 1628 3168 1699 ωνευχέσθω,
3205 1626 3521 1697 συψαλλέτω
3551 1642 3649 1689 τε,

376 1702 432 1781 et
462 1729 754 1789 concinat,
790 1726 1070 1797 etvigiliis
1097 1726 1259 1797 176
1284 1702 1634 1787 imm—oretur,
1672 1738 1960 1795 quousque

2087 1724 2156 1777 ιαὶ
2183 1721 2632 1792 συναγρυπνείτω
2669 1720 2831 1791 μέχρι
2868 1720 2967 1790 τῆς
3003 1736 3063 1774 τε
3096 1718 3244 1783 θείας
3277 1716 3655 1789 ἀντιλήψεως,

379 1816 624 1871 divinum
657 1816 923 1870 auxilium
960 1813 1279 1881 advenerit,
1312 1816 1714 1884 improbusque
1744 1815 1960 1871 daemon

380 1910 741 1965 abscesserit.

884 1999 1123 2056 CXXXI.
1153 2030 1226 2042 —
1258 1999 1468 2056 Eidem.

453 2093 617 2149 Certe
647 2091 785 2146 milii
827 2093 1089 2159 suadeor,
1118 2108 1220 2148 nec
1250 2094 1397 2148 ullus
1422 2094 1615 2148 haesito
1642 2134 1657 2155 ,
1692 2107 1790 2163 per
1827 2093 1965 2148 divi-

378 2202 509 2240 num
545 2187 800 2255 angelum
841 2184 1145 2239 daemonem
1173 2188 1460 2254 expulsum
1496 2186 1613 2242 fore
1640 2186 1961 2256 fugandum.

379 2277 648 2331 Dominus
687 2276 963 2346 siquidem
1010 2276 1220 2346 virgam
1258 2288 1611 2347 peccatorum
1649 2279 1961 2333 dmmonum

380 2384 548 2438 super
581 2377 788 2424 sortem
819 2368 1099 2437 justorum
1154 2367 1198 2398 ³⁷
1257 2384 1471 2439 semper
1497 2370 1822 2424 debacchari
1857 2388 1964 2425 non

381 2462 549 2515 sinet.
574 2459 871 2530 Propterea
895 2458 1066 2513 dicit:
1098 2478 1115 2510 ι
1140 2458 1480 2529 Exspectans
1510 2465 1828 2529 exspectavi
1863 2465 1965 2517 Do-

383 2554 594 2606 minum
618 2591 633 2617 ,
664 2552 759 2623 qui
791 2553 1152 2605 tentationem
1187 2553 1410 2618 intulit,
1441 2564 1495 2609 et
1529 2554 1764 2608 attendit
1798 2556 1962 2620 mihi,

382 2654 439 2700 et
470 2644 752 2698 exaudivit
783 2658 975 2713 preces
1008 2658 1156 2700 meas
1180 2644 1246 2697 ³⁸.
1290 2663 1308 2696 ι

2062 1815 2159 1869 καὶ
2186 1813 2285 1878 τῆς
2322 1812 2641 1875 ἀπελάσεως
2667 1810 2762 1878 τοῦ
2781 1809 3020 1881 πονηροῦ
3053 1809 3329 1898 δαίμονος.

2546 2001 2718 2055 PAA'.
2752 2030 2826 2042 —
2860 2000 2947 2067 Τῷ
2974 1999 3154 2065 αὐτῷ.

2133 2095 2467 2165 Πὲπεισμαι,
2499 2096 2595 2149 καὶ
2640 2095 3161 2181 πεπληροφόρημαι,
3207 2092 3290 2144 ὅτι
3318 2090 3663 2181 ἐπιστήσεται

2064 2189 2172 2242 ἀπὸ
2200 2186 2294 2241 σοῦ
2320 2187 2658 2257 φυγαδευθὲν
2685 2187 2775 2242 διὰ
2802 2178 2959 2255 ἆγίου
2980 2183 3215 2253 ἀγγέλου
3237 2183 3297 2236 τὸ
3323 2181 3423 2251 τῆς
3443 2180 3663 2244 δειλίας

2063 2282 2359 2352 δαιμόνιον.
2417 2281 2531 2333 Οὐκ
2568 2280 2771 2350 ἀφήσει
2824 2279 2935 2348 γὰρ
2984 2277 3189 2348 Κύριος
3227 2274 3491 2345 διηνεκῶς
3547 2274 3664 2344 τὴν

2067 2374 2263 2445 ῥάϐδον
2294 2372 2404 2425 τῶν
2456 2370 2796 2443 ἁμαρτωλῶν
2855 2369 3146 2439 δαιμόνων,
3184 2367 3280 2419 ἐπὶ
3318 2365 3409 2419 τὸν
3438 2364 3662 2433 κλῆρον

2062 2461 2171 2517 τῶν
2230 2460 2453 2515 δικαίων
2493 2459 2817 2531 ἀνθρώπων.
2879 2458 3079 2527 Διόπερ
3147 2455 3338 2523 λέγει·
3394 2471 3415 2505 σ
3482 2452 3663 2505 Ὑποσ-

2067 2555 2242 2625 μένων
2291 2554 2560 2624 ὑπέμεινα
2611 2552 2704 2606 τὸν
2761 2549 2964 2621 Κύριον
3004 2548 3094 2602 τὸν
3150 2547 3497 2615 ἐπαγαγόντα
3558 2562 3663 2615 μοι

2062 2646 2153 2699 τὸν
2186 2644 2510 2716 πειρασμὸν,
2544 2644 2639 2697 καὶ
2666 2642 2934 2714 προσέσχε
2962 2657 3074 2711 μοι,
3105 2639 3200 2692 καὶ
3228 2638 3516 2710 εἰσήκουσε
3550 2640 3666 2709 τῆς

1952 2724 1955 2729 ι
2062 2736 2296 2807 δεήσεώς
2327 2754 2450 2808 μου.
2497 2756 2515 2788 ι

870 2826 1133 2884 CXXX“.
1168 2860 1239 2869 -—
1268 2828 1478 2886 Eidem.

459 2918 537 2974 En
574 2919 671 2973 tibi
693 2918 871 2990 gratia
895 2959 911 2981 ,
965 2928 1021 2975 et
1053 2919 1256 2973 virtute
1284 2958 1299 2982 ,
1329 2929 1384 2974 et
1433 2920 1773 2976 humanitate
1800 2936 1959 2991 super

383 3011 572 3069 omnia
598 3011 804 3066 Christi
842 3011 937 3066 Dei
983 3011 1225 3074 excelsi,
1259 3019 1387 3064 octo
1428 3013 1697 3066 mensium
1723 3015 1960 3083 spatium

387 3113 842 3177 prmtergressum
878 3111 996 3163 est.
1039 3111 1093 3157 et
1142 3103 1584 3173 improbissimus
1616 3105 1846 3175 spiritus
1881 3105 1965 3160 fu-

388 3204 549 3266 gatus
590 3204 675 3250 est
721 3212 736 3249 :
787 3207 841 3250 et
878 3205 934 3249 tu
966 3195 1150 3250 denuo
1189 3196 1383 3251 cellam
1423 3197 1576 3252 solus
1610 3198 1969 3255 conﬁdentis-

396 3288 535 3343 sime
569 3288 869 3343 inliabitas.

605 3382 891 3440 CXXXIII.
918 3415 986 3428 --
1015 3383 1355 3440 PALLADIO
1398 3382 1753 3439 MONACHO.

466 3472 540 3528 Ut
574 3476 808 3541 videris,
837 3474 1131 3530 Jonathant
1161 3474 1347 3532 Saulis
1374 3476 1545 3530 lilium
1580 3477 1779 3546 spiritu
1811 3491 1973 3529 aemu-

391 3563 546 3619 Iaris.
600 3565 698 3620 Ille
733 3565 1041 3635 siquidem,
1080 3574 1138 3618 ut
1189 3565 1420 3619 historia
1467 3565 1729 3628 traditur,
1784 3565 1968 3621 dixit:

2558 2827 2727 2881 PAB'.
2757 2857 2827 2868 —
2861 2824 2945 2891 Τῷ
2969 2824 3151 2891 αὐτῷ.

2147 2920 2279 2974 Ἰδοὺ
2304 2921 2370 2991 τῇ
2399 2919 2603 2990 χάριτι,
2644 2920 2739 2972 καὶ
2798 2919 2864 2987 τῇ
2920 2917 3174 2987 δυνάμει,
3210 2915 3307 2972 καὶ
3363 2917 3431 2987 τῇ
3461 2913 3666 2984 φιλαν-

2063 3008 2524 3081 θρωπίᾳΧριστοῦ
2537 3008 2631 3061 τοῦ
2651 3007 2986 3077 πανυψίστου
3010 3006 3145 3059 Θεοῦ
3166 3006 3478 3079 ὀκτάμηνος
3507 3021 3664 3074 παρ-

2065 3103 2249 3174 ῆλθεν,
2282 3101 2377 3155 καὶ
2409 3100 2699 3171 ὲξεδιώχθη
2768 3100 2876 3153 ἀπὸ
2910 3098 3004 3152 σοῦ
3047 3098 3110 3152 τὸ
3142 3099 3361 3153 ἀνόσιον
3392 3096 3618 3169 πνεῦμα
3641 3112 3659 3126 ’

2067 3200 2162 3253 καὶ¹
2226 3197 2390 3251 πάλιν
2452 3195 2590 3268 μετὰ
2636 3194 2871 3267 θάρσους
2955 3193 3117 3265 μόνος
3173 3193 3273 3266 τὴν
3325 3193 3523 3248 κὲλλαν
3574 3192 3668 3246 οἱ-

2069 3292 2207 3354 κείς.

2348 3380 2515 3435 PM".
2554 3410 2624 3422 -
2662 3380 3010 3449 ΠΑΛΛΔΔΙῼ
3047 3379 3362 3450 ΜΟΝΑΧῼ.

2153 3476 2240 3537 Ὠς
2269 3474 2466 3537 ἔοικεν,
2517 3473 2776 3527 Ἰωνάθαν
2829 3471 2972 3527 κατὰ
2995 3472 3057 3525 τὸ
3110 3473 3332 3543 πνεῦμα
3353 3473 3536 3545 ζηλοῖς
3566 3476 3669 3531 τὸν

2071 3564 2167 3618 τοῦ
2214 3563 2384 3617 Σαοὺλ
2442 3564 2577 3619 υἱόν.
2622 3563 2859 3626 Ἐκεῖνος
2906 3564 3005 3633 μὲν
3060 3565 3170 3634 γὰρ
3221 3565 3346 3617 καθ’
3392 3566 3664 3636 ἱστορίαν,

397 3672 419 3706 ε
447 3653 773 3709 Summitatc
795 3656 996 3726 sceptri
1026 3655 1129 3709 mei
1160 3656 1375 3725 gustavi
1402 3656 1468 3711 de
1492 3657 1681 3718 melle,
1713 3665 1766 3710 et
1789 3652 1968 3709 videnI

2087 3658 2235 3726 ρησὶν
2274 3657 2355 3709 ὅτι
2392 3674 2411 3709 ι
2453 3654 2801 3726 Ἐγευσάμην
2850 3653 2944 3708 τοῦ
2981 3655 3197 3725 μέλιτος
3247 3654 3328 3725 τῷ
3381 3657 3539 3728 ἄκρῳ
3560 3657 3663 3711 τοῦ

392 3743 542 3796 oculi
583 3744 689 3796 mei
712 3744 775 3797 ”.
822 3763 840 3794 ι
887 3746 950 3796 At
996 3755 1053 3797 tu
1107 3744 1304 3813 spiritu
1354 3745 1743 3799 intellectualis
1791 3746 1968 3800 mellis

2087 3751 2354 3820 ςκήπτρου
2392 3765 2519 3819 μου,
2581 3748 2678 3802 καλ⁸
2732 3746 3016 3817 βλέπουσιν
3049 3748 3098 3799 οἱ
3151 3746 3421 3819 ὀφθαλμοί
3471 3766 3597 3819 μου.
3636 3769 3659 3803 ι

393 3832 673 3903 particeps
703 3832 887 3889 lactus
925 3832 1238 3887 divinorum
1274 3849 1587 3888 sermonum
1609 3875 1623 3896 ,
1667 3834 1829 3889 melle
1860 3835 1968 3906 ipso

2087 3839 2147 3892 Σὺ
2168 3837 2222 3891 δέ
2244 3854 2307 3905 γε
2334 3835 2721 3906 πνευματικῶς
2774 3832 2869 3887 τοῦ
2898 3833 3089 3905 νοητοῦ
3133 3835 3351 3904 μέλιτος
3417 3837 3671 3907 μεταλα-

395 3924 715 3979 suaviorum
739 3964 754 3987 ,
785 3923 965 3977 oculis
996 3923 1193 3977 animae
1240 3922 1396 3978 vides
1443 3940 1565 3994 quae
1594 3940 1624 3979 a
1652 3925 1840 3981 multis
1870 3942 1977 3980 non

399 4015 476 4071 ita
533 4013 697 4068 facile
748 4012 1173 4084 dignoscuntur.
1227 4016 1370 4068 Hinc
1418 4010 1662 4083 quaeris,
1702 4031 1867 4085 quam
1910 4017 1979 4072 ob

396 4120 624 4162 causam
659 4105 713 4159 in
748 4105 1068 4160 summitate
1096 4104 1279 4161 baculi
1301 4103 1539 4161 Iacobus
1570 4106 1885 4161 adoraverit
1908 4108 1977 4161 “.

786 4293 943 4363 177
984 4290 1267 4347 CXXXIV.
1293 4321 1365 4336 --
1393 4291 1605 4347 Eidem.

2078 3929 2210 3993 ϐὼν,
2238 3930 2345 3983 τῶν
2381 3928 2599 4000 μέλιτος
2646 3926 2998 3999 γλυκυτέρων
3045 3928 3304 3999 ῥημάτων
3335 3928 3428 3983 τοῦ
3452 3931 3667 4002 Κρείτ-

2078 4040 2228 4086 τονος
2260 4022 2479 4092 βλέπεις
2505 4025 2617 4085 τοῖς
2648 4022 2748 4092 τῆς
2769 4021 2944 4092 ψυχῆς
2967 4020 3182 4091 δμμασι
3213 4021 3283 4075 τὰ
3310 4025 3423 4086 τοῖς
3444 4024 3668 4089 πολλοῖς

2079 4115 2367 4171 δυσθέατα.
2438 4115 2548 4167 Καὶ
2589 4113 2773 4185 ζητεῖν
2825 4113 3013 4167 λοιπὸν
3063 4113 3237 4183 ἤρξω,
3278 4114 3422 4168 διατί
3478 4117 3574 4170 ἐπὶ
3600 4118 3669 4172 τὺ

2080 4208 2249 4279 ἄκρον
2282 4207 2380 4277 τῆς
2408 4205 2605 4276 ῥάϐδου
2638 4205 2667 4258 ὁ
2696 4204 2888 4258 Ἰακὼϐ
2916 4210 3316 4279 προσεκύνησε.

2573 4302 2736 4355 ΡΛΔν.
2766 4329 2839 4342 -
2879 4299 2962 4366 Τῷ
2989 4298 3169 4365 αὐτῷ.

474 4383 598 4439 Tibi
635 4383 893 4454 equidem
942 4383 1179 4456 perfecte
1230 4384 1564 4455 depurgato,
1594 4392 1674 4439 et
1723 4383 1793 4440 ab
1827 4384 1968 4440 omni

2154 4394 2245 4446 Σοὶ
2282 4391 2382 4463 μὲν
2413 4391 2809 4464 κεκαθαρμένῳ
2836 4392 3081 4456 τελείως,
3126 4394 3222 4447 καὶ
3279 4390 3462 4467 πάσης
3490 4396 3672 4470 ἀπηλ-

403 4477 527 4532 labe
547 4515 562 4540 ,
592 4483 649 4531 et
673 4476 954 4545 jactantia:
981 4485 1195 4531 tumore
1224 4476 1495 4540 immuni,
1531 4492 1711 4546 operae
1741 4480 1974 4548 pretium

404 4568 570 4624 fuerit
613 4567 993 4622 subtilissimis
1026 4568 1507 4637 speculationibus
1550 4569 1793 4623 exerceri
1836 4586 1851 4623 :
1894 4570 1979 4624 in-

403 4661 652 4731 quinatis
678 4674 837 4725 vero,
876 4666 931 4714 et
962 4660 1058 4728 qui
1106 4659 1353 4714 nondum
1390 4659 1720 4730 Opprobria,
1767 4668 1823 4716 et
1865 4676 1981 4717 coa-

405 4768 535 4807 num
588 4751 790 4805 veteris
858 4750 1101 4806 ltominis
1163 4751 1400 4808 lavacris
1445 4752 1781 4817 abluerunt,
1829 4754 1981 4808 nullo

407 4843 570 4899 modo
602 4842 978 4915 permittimus
1030 4844 1383 4899 sanctissima
1425 4843 1593 4898 verba
1623 4844 1708 4898 vel
1753 4847 1984 4900 summis

405 4937 596 5005 digitis
650 4942 1029 5005 pertractare,
1079 4950 1372 5004 quousque
1425 4935 1545 4989 sani
1602 4934 1881 5001 evadant,
1935 4946 1990 4992 et

408 5030 703 5099 aliquando
752 5036 1149 5099 expurgentur.
1204 5025 1342 5080 Nam
1404 5027 1527 5081 ait:
1574 5045 1592 5078 ε
1633 5028 1812 5083 Nolite
1859 5029 1992 5084 dare

409 5130 662 5176 sanctum
693 5120 927 5176 canibus
958 5159 975 5186 ,
1023 5134 1205 5190 neque
1251 5120 1582 5190 margaritas
1605 5121 1789 5191 porcis
1820 5120 1991 5193 proji-

409 5214 517 5269 cite
542 5214 607 5267 ³³.
660 5230 677 5265 ι

599 5301 865 5359 CXXXV.
895 5333 969 5345 -—
998 5300 1403 5357 APHTIIONIO
1444 5301 1798 5360 MONACIIO.

480 5394 601 5451 Non
634 5405 844 5451 tantum
880 5395 1290 5465 Scripturarum
1320 5395 1484 5450 lectio
1516 5394 1573 5448 in
1606 5403 1861 5465 promptu
1890 5394 1985 5459 sit,

412 5489 510 5547 scd
544 5497 600 5545 et
628 5490 844 5553 oratio,
889 5496 946 5543 et
978 5488 1225 5559 psalmus
1248 5528 1263 5552 ,
1305 5495 1361 5543 et
1392 5487 1769 5555 continentia,
1801 5487 1983 5558 vigilia

485 5673 526 5705 ³’
570 5671 711 5728 Ρδειὶ.
744 5684 926 5737 cutv,
955 5668 1009 5725 '5.

1122 5668 1167 5701 ³⁸
1193 5666 1339 5724 Psal.
1366 5682 1553 5733 xxxrx,
1598 5668 1648 5723 1.
1726 5669 1768 5701 ³⁸
1804 5666 1825 5721 l
1856 5667 1988 5738 Reg.
2017 5685 2125 5739 xiv,
2153 5670 2244 5727 27.
2325 5671 2367 5703 ⁸⁸
2407 5670 2541 5727 Gen.
2586 5687 2753 5738 van,
2785 5672 2873 5729 51.

2084 4484 2335 4556 λαγμένῳ
2358 4484 2592 4556 κηλῖδος,
2618 4483 2710 4537 καὶ
2736 4484 2829 4538 τοῦ
2860 4485 2959 4554 τῆς
2999 4486 3290 4551 ἀλαζονίας
3317 4491 3666 4561 φυσήματος,

2085 4575 2283 4646 πρέπει
2306 4575 2596 4646 ἀναζητεῖν
2655 4573 2866 4645 ὑψηλὰς
2910 4575 3147 4647 θεωρίας
3173 4593 3188 4609 ·
3239 4582 3351 4642 τοῖς
3394 4579 3451 4633 δὲ
3491 4598 3670 4653 μεμο-

2082 4665 2387 4736 λυσμένοις,
2413 4664 2508 4718 καὶ
2548 4664 2713 4735 μήπω
2762 4664 3190 4736 ἁπονιψαμένοις
3232 4668 3302 4720 τὰ
3354 4669 3541 4739 αἴσχη,
3572 4672 3670 4724 καὶ

2080 4760 2207 4824 τοὺς
2242 4758 2463 4821 σπίλους
2488 4755 2585 4811 τοῦ
2604 4755 2837 4811 παλαιοῦ
2858 4755 3169 4827 ἀνθρώπου,
3203 4758 3437 4824 θὺδόλως
3470 4760 3701 4842 ψαύεινί

2086 4849 2474 4921 συγχωροῦμεν
2575 4849 2686 4903 τῶν
2746 4850 3030 4919 παναγίων
3091 4849 3288 4919 λόγων,
3357 4852 3552 4923 μέχρις
3602 4853 3669 4907 ἂν

2087 4941 2348 5011 ὑγιάνωσί
2375 4958 2457 5008 τε,
2491 4941 2585 4996 καὶ
2612 4940 2932 5010 καθαρθῶσί
2961 4958 3117 4996 ποτε.
3148 4959 3167 4994 ι
3201 4942 3295 5013 Μὴ
3339 4944 3478 4998 δῶτε
3529 4947 3665 5017 γὰρ,
3691 5008 3694 5015 ἢ

2087 5034 2242 5103 φησὶ,
2267 5033 2328 5087 τὸ
2355 5033 2509 5102 ἅγιον
2560 5033 2641 5105 τῷ
2673 5034 2818 5103 κυνὶ,
2845 5034 2979 5106 μηδὲ
3014 5035 3142 5099 τοὺς
3173 5036 3524 5108 μαργαρίτας
3556 5042 3669 5104 τοῖς

2087 5125 2287 5197 χοίροις
2317 5126 2682 5199 προσϐἀλητε.
2721 5145 2743 5179 ι

2399 5308 2568 5366 ΡΛΕ¹.
2603 5337 2675 5349 -
2707 5309 3004 5381 amomo
3040 5310 3355 5381 ΜΟΝΑΧῼ.

2159 5398 2251 5471 Μὴ
2312 5398 2471 5469 μόνον
2514 5401 2547 5470 ὴ
2587 5399 2696 5454 τῶν
2750 5400 2983 5471 Γραφῶν
3027 5401 3286 5471 παρέστω
3335 5400 3668 5470 ἀνάγνωσις,

2091 5489 2223 5543 ἀλλὰ
2250 5490 2345 5544 καὶ
2368 5490 2521 5561 εὐχὴ,
2550 5491 2645 5544 καὶ
2672 5490 2906 5562 ψαλμὸς,
2929 5494 3022 5549 καὶ
3043 5494 3362 5561 ἐγκράτεια,
3389 5494 3668 5566 ἀγρυπνία

2952 5674 2996 5705 ⁸³
3030 5672 3219 5731 Matth.
3254 5689 3355 5742 vn,
3391 5674 3447 5732 6.
