3850 6218
147 254 256 317 257

1370 251 1902 313 EPISTULARUM
1934 256 2077 315 LIB.
2119 258 2201 319 II.

3298 262 3407 328 258

88 422 91 423 ν
149 384 235 431 τε,
286 365 387 418 καὶ
420 362 718 436 χαμευνία,
776 363 872 417 καὶ
919 364 1141 435 ἡσυχία,
1198 364 1291 416 καὶ
1336 363 1399 417 τδ
1451 364 1611 434 ἔργον
1640 365 1739 418 τῶν

1851 380 2100 435 quoque.
2155 376 2211 423 et
2243 368 2397 423 humi
2430 368 2651 424 cubatio
2672 409 2689 435 ,
2728 376 2783 423 et
2820 367 2977 440 quies
3000 408 3017 436 ,
3060 377 3116 425 et
3146 384 3404 428 manuum

187 472 378 509 ειοων.

150 473 378 527 lugu”.
478 546 668 613 ΡΑςν.
700 574 768 584 -
797 544 1085 616 nmmo
1110 546 1420 615 ΜΟΝΑΧῼ.

220 638 300 690 Σὺ
345 635 514 706 μόνον
570 636 798 705 θέλησον
853 635 1144 705 ἡσυχάσαι,
1206 635 1389 698 καθὼς
1429 636 1650 688 ἀπαιτεῖ
1681 635 1742 689 τὸ

155 728 459 797 μοναχικδν
512 729 768 798 πρᾶγμα,
822 728 918 779 καὶ
956 728 985 779 ὁ
1039 727 1171 790 Θεὸς
1226 730 1290 781 ὲκ
1342 728 1451 780 τῶν
1484 728 1736 799 δένδρων,

151 815 253 868 καὶ
281 815 388 868 τῶν
410 816 656 885 ἀνέμων,
690 816 784 867 καὶ
818 818 882 868 ὲκ
910 815 1017 867 τῶν
1061 816 1223 869 λίθων
1258 817 1463 870 τούτων
1498 817 1741 887 ἐξεγερεῖ

152 906 282 967 τοὺς
305 904 694 968 διακονοῦντάς
743 922 848 959 σοι.
891 905 1048 959 Ἀλλά
1079 905 1281 974 βλέπω,
1323 907 1405 959 ὅτι
1453 908 1515 959 ού
1563 908 1739 972 θέλεις

154 995 441 1057 παντελῶς
490 996 788 1065 ἠρεμῆσαι,
842 996 1016 1067 κακὴν
1058 998 1164 1067 γὰρ
1192 997 1479 1068 συνήθειαν
1524 999 1733 1065 ἔλαϐες,

157 1085 337 1139 πάντα
362 1086 553 1147 τόπον,
578 1087 674 1140 καί
711 1089 893 1141 πᾶσαν
924 1086 1129 1159 χώραν,
1156 1090 1251 1141 καὶ
1310 1092 1492 1145 πᾶσαν
1520 1093 1734 1164 κώμην,

156 1177 255 1228 καὶ
282 1177 463 1239 ¹πόλιν,
493 1177 589 1229 καὶ
625 1177 821 1245 ἀγυιὰν
846 1179 1196 1247 περινοστῶν.

461 1266 633 1319 PAZ'.
664 1297 736 1307 —
776 1266 1088 1337 ΕΥΦΗΜΙῼ
1128 1270 1437 1341 ΜΟΝΑΧῼ.

227 1358 293 1410 Ti
318 1358 436 1428 γάρ
468 1359 534 1428 δὴ
580 1359 987 1430 προσεδόκησας
1017 1362 1449 1434 προαιρούμενος
1470 1366 1568 1437 τὴν
1605 1367 1737 1437 ἠσυο

156 1450 305 1519 χιαν,
333 1451 433 1503 καὶ
503 1450 605 1520 τὴν
656 1449 1040 1523 ἀναχώρησινς
1111 1453 1335 1518 Πάντως
1382 1454 1606 1525 θλίψεις,
1642 1459 1735 1511 καὶ

156 1546 529 1617 πειρασμοὺς,
615 1547 709 1600 καὶ
760 1546 1011 1616 χαλεπῶν
1066 1547 1332 1617 δαιμόνων
1385 1550 1484 1613 τὰς
1538 1551 1735 1619 μυρίας

1842 456 2117 525 operatio.

2077 545 2360 600 CXXXVI.
2392 575 2460 587 —-
2487 544 2778 602 EUSEBIO
2816 546 3170 603 MONACHO.

1927 634 2005 689 Te
2052 639 2430 691 tantummodo
2475 639 2644 708 quieti
2685 640 2858 694 libens
2906 640 3071 704 dato,
3111 650 3171 694 ut
3223 656 3409 697 mona-

1838 725 2068 780 chorum
2096 729 2403 783 institntum
2436 732 2682 799 exposcit
2703 773 2717 795 ,
2745 743 2799 786 et
2820 731 2962 787 Deus
2989 748 3055 786 ex
3078 733 3374 790 arboribus
3392 775 3409 799 .

1838 826 1893 869 et
1937 819 2150 881 ventis,
2193 829 2248 874 et
2283 821 2561 891 lapidibus
2607 823 2707 875 tibi
2754 823 3164 878 ministratores
3198 825 3411 879 excita-

1838 908 1936 963 bit.
1968 909 2073 963 Sed
2098 913 2255 980 plane
2287 914 2570 984 conspicio
2615 923 2669 969 te
2722 916 2941 985 penitus
2969 916 3208 984 quietem
3239 916 3411 987 repel-

1837 1001 1949 1055 lere
1984 1019 1999 1055 :
2034 1003 2176 1055 mala
2193 1003 2335 1057 enim
2364 1007 2763 1060 consuetudine
2790 1008 3033 1074 percitus
3061 1008 3176 1062 loca
3200 1007 3409 1069 omnia,

1836 1100 1890 1145 et
1920 1092 2208 1148 universas
2268 1095 2522 1163 regiones
2546 1137 2562 1161 ,
2615 1110 2669 1151 et
2700 1098 2901 1167 oppida
2927 1137 2942 1161 ,
2992 1107 3047 1153 et
3090 1100 3259 1154 urbes
3282 1137 3299 1163 ,
3355 1108 3412 1154 et

1836 1182 2019 1241 vicos.
2061 1198 2340 1253 nunquam
2375 1186 2669 1253 quiescens
2697 1188 3113 1243 circumcurris.

1935 1271 2096 1341 178
2126 1271 2429 1326 CXXXVII.
2457 1304 2519 1317 —
2553 1274 2907 1330 EUPIIEMIO
2949 1276 3301 1332 MONACHO.

1904 1360 2044 1425 Quid
2074 1377 2236 1430 porro
2258 1364 2615 1431 exspectabas
2634 1403 2649 1427 ,
2680 1364 2808 1418 dum
2831 1366 3069 1434 quietem
3097 1404 3111 1430 ,
3142 1373 3197 1418 et
3226 1381 3412 1422 seces-

1834 1466 1955 1503 sum
1994 1451 2264 1521 eligebas?
2302 1469 2484 1507 annon
2546 1454 2901 1519 afﬂictiones,
2951 1466 3004 1510 et
3041 1459 3415 1523 tentationcs,

1832 1551 1885 1593 et
1916 1541 2355 1605 importunorum
2379 1544 2689 1598 daemonum
2714 1547 3035 1601 innumeras
3055 1548 3408 1618 irruptiones,

158 1636 571 1704 προσπτώσεις,
587 1636 683 1690 καὶ
714 1636 923 1707 λόχους,
957 1637 1051 1691 καὶ
1080 1640 1346 1709 μηχανάς.
1373 1640 1497 1704 Πῶς
1529 1638 1620 1695 οὖν
1639 1642 1733 1695 νῦν

1847 1639 1888 1685 at
1930 1632 2200 1693 insidias,
2260 1644 2314 1687 et
2370 1636 2693 1692 machinas?
2743 1636 2990 1702 Quanam
3048 1638 3214 1710 igitur
3264 1655 3413 1694 nunc

156 1726 603 1796 δυσανασχετεϊς,
619 1729 712 1781 καὶ
725 1728 1109 1798 δυσχεραίνεις,
1127 1732 1221 1783 καὶ
1232 1729 1415 1795 ἀλύεις
1444 1733 1629 1786 κεντού
1637 1752 1701 1803 με
1713 1765 1731 1775 -

157 1834 247 1881 νος
279 1817 548 1879 ποικίλως
576 1820 697 1880 ταῖς
720 1818 828 1871 τῶν
862 1818 1187 1889 πειρασμῶν
1233 1820 1475 1892 λόγχαις,
1509 1827 1737 1888 καὶτοῖς

157 1909 610 1978 πριστηροειδὲσι
641 1912 857 1981 τροχοῖς
910 1909 1009 1981 τῆς
1050 1911 1160 1963 τῶν
1205 1912 1473 1984 δαιμόνων
1524 1916 1739 1987 ἀμάξης

156 1998 255 2069 τὴν
286 1999 499 2053 σαυτοῦ
562 1999 765 2073 ψυχὴν,
816 2000 1123 2070 ἀλοώμενος
1160 2006 1432 2077 τμήμασι,
1465 2012 1557 2062 καὶ
1583 2011 1738 2082 δίκην

158 2092 368 2163 ἀχύρου
420 2094 808 2165 κοπτόμενος;
852 2097 992 2152 Ἀλλ’
1044 2098 1333 2170 ὑπόμεινον
1385 2102 1736 2173 εὐχαρίστως,

157 2185 253 2237 καὶ
295 2185 695 2256 μακροθύμως,
765 2191 1075 2261 φρονήματι
1122 2191 1353 2263 σιδαρῷ,
1415 2194 1509 2245 καὶ
1563 2194 1739 2263 ἱκεσία

158 2279 360 2347 πυκνῇ,
400 2278 497 2331 καὶ
527 2279 805 2351 ἀγρυπνίᾳ
853 2282 1074 2354 εὐτόνῳ,
1125 2286 1218 2337 καὶ
1260 2286 1556 2356 ἐγκρατείᾳ
1598 2286 1737 2356 καλῇ

158 2368 645 2439 προσπμμένων
689 2370 770 2442 τῷ
797 2373 1102 2443 Κρείττονι,
1143 2375 1239 2428 καὶ
1265 2376 1435 2447 θεάσῃ
1478 2377 1537 2430 τὸ
1564 2378 1735 2441 τέλος,

654 2552 832 2607 PAH'.
870 2583 937 2595 --—
971 2553 1054 2620 Τῷ
1082 2555 1263 2621 αὐτῷ.

228 2638 307 2692 Τδ
362 2639 467 2710 μὲν
500 2641 660 2706 τέλος
716 2642 825 2696 τῶν
876 2644 1293 2715 ἀγωνιζομένων
1339 2647 1430 2701 διὰ
1481 2649 1736 2719 Χριστοῦ,

158 2731 407 2802 σωτηρία
438 2732 700 2803 ὑπάρχει,
728 2735 790 2788 τὸ
814 2734 871 2788 δὲ
896 2737 1047 2801 τέλος
1065 2737 1173 2791 τῶν
1201 2738 1470 2809 δαιμόνων
1492 2741 1740 2795 ἀπώλεια

158 2820 404 2892 χαλεπή.
439 2822 576 2875 Τότε
634 2824 737 2894 γὰρ
777 2825 1202 2897 κεντηθήσονται
1237 2829 1288 2881 oi
1338 2829 1651 2893 κεντοῦντες
1682 2849 1741 2885 σε

154 2911 279 2977 νῦν,
306 2914 408 2966 καὶ
435 2916 850 2985 καταπατήσας
891 2916 1112 2981 αὐτοὺς,
1166 2917 1262 2970 καὶ
1307 2918 1519 2973 ἔσονται
1548 2922 1742 2985 σποδὸς

1836 1738 2001 1778 causa
2038 1738 2181 1795 egre
2230 1726 2369 1792 fers,
2415 1736 2469 1782 et
2494 1730 2678 1783 animo
2723 1728 3115 1790 discruciaris.
3148 1738 3202 1786 et
3249 1733 3397 1787 tristi

1836 1819 1985 1869 vultu
2023 1818 2255 1872 frontem
2289 1821 2607 1882 contrahis,
2640 1821 2771 1874 dun»
2803 1824 2971 1877 variis
3002 1824 3180 1879 modis
3213 1841 3244 1879 a
3278 1836 3399 1878 ten-

1838 1911 2106 1962 tationnm
2136 1911 2344 1965 lanceis
2377 1911 2713 1980 perfoderis,
2770 1924 2823 1968 et
2866 1916 3001 1969 rotis
3043 1916 3213 1970 instar
3243 1931 3413 1971 serra:

1838 1999 2152 2054 sreantibns
2183 2008 2333 2053 tuam
2362 2004 2599 2056 animam
2634 2004 2955 2057 dzemoniaci
2983 2006 3214 2074 plaustri
3242 2046 3256 2070 ,
3296 2005 3411 2059 dis-

1838 2098 2049 2154 sectns,
2079 2099 2134 2143 et
2163 2091 2335 2144 instar
2363 2094 2529 2160 paleae
2557 2096 2869 2148 contritus?
2907 2095 3013 2148 Sed
3042 2096 3252 2150 susﬁne
3283 2112 3411 2165 gra-

1838 2181 1944 2233 tias
1982 2196 2149 2250 agens
2170 2223 2183 2246 ,
2212 2190 2266 2236 et
2302 2184 2547 2238 tolerans
2572 2224 2586 2247 ,
2617 2186 2947 2254 cogitatione
2978 2187 3151 2240 valida
3173 2226 3190 2251 ,
3218 2198 3270 2242 et
3302 2188 3411 2240 frc-

1837 2272 2132 2338 quentibus
2152 2272 2407 2340 precibus
2427 2312 2441 2333 ,
2468 2281 2521 2325 et
2541 2273 2740 2343 vigiliis
2758 2277 3060 2340 continuis,
3096 2286 3151 2329 ct
3181 2279 3415 2332 honesta

1838 2360 2197 2427 temperantia
2228 2359 2460 2415 Domino
2494 2370 2545 2416 te
2575 2361 2916 2432 conjungens
2936 2405 2951 2429 ,
2996 2374 3049 2418 et
3095 2366 3255 2420 linem
3285 2381 3413 2420 con-

1838 2470 2061 2540 spicies.

2288 2562 2619 2620 CXXXVIII.
2647 2597 2716 2605 —
2746 2566 2952 2623 Eidem.

1909 2649 2061 2708 Finis
2087 2669 2277 2709 eorum
2300 2694 2315 2718 ,
2343 2657 2435 2726 qui
2479 2672 2577 2726 pro
2602 2657 2807 2713 Christi
2836 2671 3113 2716 certamen
3152 2662 3413 2729 subeunt,

1840 2742 1990 2797 salus
2039 2753 2122 2798 est
2156 2764 2169 2800 :
2204 2748 2510 2801 daemonum
2551 2756 2730 2802 autem
2772 2751 2927 2817 linis,
2964 2752 3200 2807 immane
3250 2757 3409 2809 exci-

1840 2832 2017 2887 dium.
2069 2833 2226 2890 Tunc
2285 2839 2430 2892 enim
2482 2850 2793 2910 pungcntur
2821 2852 2871 2897 te
2904 2859 3051 2898 nunc
3081 2855 3412 2917 pungcntes,

1839 2933 1893 2978 et
1935 2926 2288 2983 conculcabis
2344 2944 2482 2995 eos,
2532 2940 2586 2984 et
2636 2942 2797 2987 ertmt
2844 2936 2983 2990 cinis
3037 2937 3140 2991 sub
3184 2940 3416 3009 pedibus

154 3002 270 3057 ὑπὸ
325 3005 460 3067 τοὺς
510 3006 675 3070 πόδας
726 3023 843 3071 σου,
894 3008 1421 3081 καὶξφοόηθήσονταί
1452 3029 1532 3077 σε,
1563 3012 1655 3076 οὓς
1680 3015 1739 3068 τὸ

1847 3015 1981 3080 tuis,
2022 3025 2232 3087 ctquos
2264 3022 2416 3088 prius
2450 3023 2847 3081 extimescebas
2870 3068 2883 3090 ,
2916 3028 3283 3086 extimescent
3310 3041 3367 3087 te
3393 3074 3411 3100 ,

154 3096 295 3165 πρὶν
314 3096 618 3168 ὲφοὸήθης,
647 3098 736 3151 διὰ
768 3099 866 3169 τὴν
894 3099 1109 3171 βουλὴν,
1158 3102 1225 3171 ἢν
1256 3102 1598 3171 βεϐούλευται
1628 3108 1740 3161 Κύ-

158 3202 303 3257 ριος.

664 3278 833 3334 ΡΛΘ¹.
854 3309 927 3321 --
961 3281 1047 3347 Τῷ
1070 3281 1249 3347 αὐτῷ.

231 3369 379 3425 Ποτὲ
407 3370 511 3440 μὲν
543 3372 876 3443 κρύπτονται
903 3374 1052 3429 ἔνδον
1077 3376 1205 3446 παρ’
1222 3378 1353 3448 ἡμῖν
1382 3380 1430 3431 οἱ
1456 3378 1742 3450 δαιμονιὼ⁴

154 3461 272 3525 δεις
298 3461 596 3531 λογισμοὶ,
640 3464 772 3517 ποτὲ
824 3466 882 3541 δὲ
940 3466 1327 3523 διακύπτουσιν
1373 3472 1466 3524 ἐπὶ
1504 3472 1570 3526 τὰ
1613 3474 1739 3541 ἔξω,

155 3555 592 3622 κατεπείγοντες
612 3557 757 3626 ἡμᾶς
779 3561 858 3623 εἰς
882 3560 979 3631 τὴν
994 3562 1084 3616 διὰ
1104 3563 1211 3616 τῶν
1238 3564 1417 3634 ἔργων
1448 3546 1738 3640 ἁμαρτίαν.

168 3645 318 3699 Ἀλλ’
357 3647 390 3700 ὁ
421 3645 557 3709 Θεὸς
586 3650 960 3720 παρακληθεὶς
1002 3656 1135 3724 παρ’
1162 3656 1341 3725 ἡμῶν,
1370 3658 1741 3732 διασκορπίζει

156 3739 389 3803 dmin,
418 3738 519 3793 καὶ
532 3738 762 3807 ἐξορίζει
782 3742 1071 3813 ἀφ’ἡμῶν,
1103 3748 1197 3799 καὶ
1220 3748 1340 3801 τότε
1370 3752 1740 3822 ἀνανήψαντες

155 3828 268 3883 ἀπὸ
288 3830 399 3900 τῆς
428 3832 766 3901 συγχύσεως,
797 3832 1124 3905 συλλέγομεν
1144 3838 1389 3903 ἑαυτοὺς,
1416 3843 1509 3895 καὶ
1529 3844 1741 3907 ἀναζω-

156 3917 458 3988 πυροῦμεν
486 3917 567 3988 τῷ
616 3919 905 3990 πνεύματι,
933 3922 1011 3987 ὡς
1039 3925 1103 3978 ἐκ
1152 3926 1361 3996 νεκρῶν
1388 3930 1739 3996 ἀναστάντες,

158 4010 255 4064 καὶ
278 4010 365 4072 είς
388 4008 455 4063 τὸ
486 4009 627 4063 κατά
654 4010 815 4080 φύσιν
844 4012 977 4082 ὕψος
996 4015 1098 4085 τῆς
1123 4016 1393 4084 ἀπαθείας
1420 4021 1741 4087 ἀναϐιϐαζό-

161 4117 344 4170 μενοι,
377 4098 788 4171 δοξολογοῦμεν,
847 4105 939 4157 καὶ
967 4105 1244 4177 ὑμνοῦμεν
1283 4109 1377 4161 τὸν
1405 4111 1627 4182 Κύριον,
1661 4115 1742 4180 εἰς

160 4190 397 4259 ἀγαθὸν,
448 4189 545 4243 καὶ
591 4190 883 4262 εὐαρέστον
923 4194 1003 4265 τῷ
1039 4195 1161 4267 Θεῷ
1212 4197 1362 4264 τέλος
1396 4200 1489 4254 τὸν
1532 4204 1741 4259 ἑαυτῶν

161 4279 587 4342 καταπαύοντες
619 4280 754 4351 βίον.
788 4283 899 4338 Καὶ
946 4285 1124 4351 τοῦτο,
1158 4283 1333 4359 οἶμαι,
1361 4292 1422 4344 τὸ
1448 4294 1740 4365 εἰρημένον

1841 3112 2065 3176 propter
2091 3108 2383 3163 consilium
2411 3150 2426 3175 ,
2461 3113 2607 3180 quod
2642 3114 2779 3170 bene
2808 3119 3026 3173 censuit
3057 3117 3339 3187 Dominus.

2313 3288 2599 3349 CXXXIX.
2629 3326 2694 3337 —-
2724 3296 2929 3352 Eidem.

1909 3378 2065 3434 Nunc
2104 3380 2322 3448 quidem
2355 3383 2499 3438 intra
2526 3401 2628 3442 nos
2661 3387 3014 3446 dzemoniacze
3040 3396 3410 3466 cogitationes

1841 3467 2282 3538 absconduntur,
2312 3489 2453 3528 nunc
2475 3492 2605 3530 vero
2627 3479 2693 3533 ad
2728 3482 3003 3537 exteriora
3036 3500 3292 3554 promunt
3317 3507 3411 3560 se,

1840 3574 1941 3614 nos
1979 3561 2034 3615 in
2083 3572 2408 3632 peccatum,
2459 3569 2601 3636 quod
2639 3584 2802 3640 opere
2848 3572 2946 3639 ﬁt,
2996 3580 3410 3647 compellentes.

1839 3651 1945 3709 Sed
1975 3652 2118 3710 Deus
2150 3655 2450 3714 advocatus
2474 3674 2503 3713 a
2538 3661 2698 3718 nobis
2725 3677 2818 3719 eas
2851 3665 3117 3737 disperdit
3147 3671 3413 3746 longeque

1839 3746 2095 3800 amandat
2126 3766 2139 3800 :
2170 3755 2223 3801 et
2253 3756 2386 3803 tunc
2410 3751 2479 3804 ab
2507 3767 2571 3806 ea
2610 3753 2936 3812 confusione
2979 3761 3369 3830 resipiscentes
3394 3809 3411 3834 ,

1840 3839 2210 3908 nosmetipsos
2269 3842 2616 3913 colligimus,
2680 3847 2841 3917 179
2902 3856 2957 3905 et
3019 3854 3415 3913 recalescimus

1840 3930 2071 3999 spiritu,
2122 3946 2186 3985 ac
2235 3934 2280 3987 si
2337 3949 2403 3989 ex
2443 3940 2677 3994 mortuis
2722 3950 3226 4013 resurrexerimus,
3270 3961 3322 4004 et
3360 3952 3414 4006 in

1838 4022 2235 4078 sublimitatem
2257 4067 2274 4091 ,
2306 4041 2430 4096 qua:
2474 4032 2776 4085 secundum
2825 4044 3076 4090 naturam
3108 4049 3227 4106 est,
3260 4048 3416 4096 tran-
3527 4097 3529 4100 ,

1840 4114 2172 4184 quillitatis,
2228 4118 2366 4173 nulli
2424 4123 2824 4190 perturbationi
2878 4125 3414 4203 obnoxiipgradnni

1840 4209 2145 4275 facientes,
2216 4212 2585 4281 gloriﬁcamus
2636 4225 2691 4273 et
2742 4220 3029 4278 laudamus
3089 4225 3415 4295 Dominum,

1841 4298 1896 4352 in
1923 4299 2067 4355 bono
2094 4310 2359 4375 gratoque
2387 4304 2498 4360 Deo
2527 4307 2634 4361 fine
2666 4308 2833 4364 vitam
2887 4323 3175 4381 ponentes.
3210 4317 3272 4373 Et
3298 4319 3405 4377 hoc

161 4370 241 4441 τῷ
264 4369 534 4442 μακαρίῳ
583 4370 765 4437 Δαυῒδ,
793 4374 874 4426 ὅτι
906 4376 1177 4447 Διέκυψαν
1201 4380 1403 4445 πάντες
1428 4383 1476 4435 oi
1512 4385 1739 4454 ἐργαζό-

1847 4397 1962 4457 est,
1997 4398 2057 4444 ut
2095 4369 2391 4459 existimo,
2445 4399 2587 4467 quod
2635 4401 2859 4459 divinus
2887 4369 3124 4462 ldixerat
3177 4409 3347 4466 David
3396 4431 3413 4468 :

167 4478 325 4531 μενοι
373 4460 477 4533 τὴν
507 4462 764 4532 ἀνομίαν,
810 4465 963 4529 ὅπως
1008 4465 1075 4521 ἂν
1112 4468 1591 4541 ἐξολοθρευθῶσιν,
1646 4477 1742 4530 καὶ

163 4552 519 4625 ὑψωθήσεται
552 4554 629 4618 ὡς
664 4556 1034 4630 μονοκέρωτος
1084 4559 1147 4612 τὸ
1179 4560 1349 4631 κέρας
1379 4580 1504 4634 μου,
1541 4566 1743 4638 δηλαδὴ

163 4646 227 4699 τὸ
254 4647 468 4715 κράτος
488 4646 588 4717 τῆς
616 4646 765 4711 θείας
810 4648 1098 4716 ἀπαθείας,
1145 4653 1238 4706 καὶ
1261 4653 1325 4707 τὸ
1358 4656 1535 4727 γῆράς
1558 4675 1659 4728 μου
1683 4661 1741 4713 ὲν

164 4736 338 4806 ἐλαίῳ
370 4736 520 4790 πίονι
544 4753 559 4769 °
586 4737 665 4808 τῷ
694 4738 801 4807 γάρ
855 4740 1036 4812 νοητῷ
1077 4742 1243 4814 ἐλαίῳ
1282 4745 1381 4799 τοῦ
1420 4748 1743 4819 Κρείττονος

166 4828 557 4899 πιανθήσεται,
605 4832 791 4902 φησὶν,
847 4835 877 4886 ό
924 4834 1230 4908 ἀγωνιστὴς
1287 4838 1590 4911 ἄνθρωπος,
1624 4845 1652 4896 ὁ
1682 4844 1744 4897 τὸ

164 4923 302 4992 πρὶν
330 4924 753 4995 καταπονηθεὶς,
788 4927 880 4981 καὶ
917 4929 1377 5001 τεταριχευμένος
1414 4935 1479 5004 τῇ
1520 4935 1742 5008 ἐνοχλή-

170 5028 253 5067 σει
281 5014 386 5084 τῆς
417 5014 803 5081 πολυπαθείας.

511 5108 648 5164 PM'.
681 5137 752 5149 —
783 5111 1069 5185 ΚΥΡΙΝΙῼ
1095 5116 1408 5188 ΜοΝΑΧο.

241 5184 419 5266 ’Δγαν
442 5198 728 5269 φθονοῦσιν
752 5205 802 5257 oi
837 5184 1090 5277 δαίμονες
1125 5210 1236 5271 τοῖς
1260 5184 1371 5279 τὴν⁷
1384 5212 1739 5284 σωφροσύνην

168 5288 597 5361 ἀσπαζομένοις,
639 5294 736 5348 καὶ
785 5295 1061 5367 πονηρὰς,
1129 5299 1223 5352 καὶ
1280 5299 1741 5373 ἀπηγορευμένας

167 5380 464 5453 ἐπιθυμίας
495 5383 822 5455 ἐμϐάλλωσι
847 5390 961 5452 τοῖς
993 5389 1433 5462 ἀγωνιζομένοις.
1471 5393 1610 5446 Ἀλλ’
1637 5395 1738 5448 οὐκ

168 5471 476 5544 ἀθυμητέον
502 5475 598 5529 ἐπὶ
619 5474 829 5549 τούτῳ·
864 5476 1062 5549 μᾶλλον
1088 5476 1199 5551 γὰρ
1235 5478 1575 5552 νευρούμεθα
1599 5481 1739 5536 κατά

238 5650 284 5681 ⁸⁸
310 5648 456 5706 Psal.
491 5667 599 5711 XCI.
626 5653 679 5708 8.

1839 4478 2248 4551 Prospexerunt
2289 4501 2481 4544 omnes
2545 4502 2838 4562 cperantes
2902 4496 3289 4568 iniquitatem,
3352 4511 3413 4559 ut

1838 4570 2177 4643 dissipentur
2226 4580 2295 4643 δ’,
2350 4587 2406 4633 et
2471 4581 2778 4640 elevabitnr
2828 4590 2987 4658 quasi
3048 4596 3414 4652 monocerotis

1837 4677 2009 4719 cornu
2042 4681 2220 4722 meum
2245 4711 2261 4737 ,
2291 4670 2465 4726 robur
2501 4675 2711 4732 scilicet
2739 4679 2939 4736 divinae
2970 4685 3287 4741 securitatis
3314 4727 3330 4750 ,
3360 4695 3415 4741 et

1838 4765 2093 4811 senectus
2118 4773 2236 4813 mea
2264 4760 2320 4814 in
2363 4762 2484 4818 oleo
2516 4765 2701 4837 pingui
2738 4787 2751 4823 :
2786 4785 2911 4824 nam
2942 4772 3291 4829 intellectuali
3320 4775 3413 4832 Dei

1847 4844 1968 4899 oleo
2004 4847 2453 4921 impinguabitur,
2497 4861 2607 4922 ait,
2643 4860 2803 4916 homo
2836 4873 3095 4929 certator,
3129 4867 3221 4934 qui
3258 4869 3413 4937 prius

1846 4949 2141 5005 oppressus
2162 4951 2215 4995 et
2242 4945 2558 5001 exsiccatus
2586 4946 2763 5005 fuerat
2795 4954 3090 5009 multarum
3123 4958 3411 5027 perturba-

1845 5027 2056 5084 tionum
2087 5032 2401 5094 afﬂictione.

2162 5126 2323 5184 CXL.
2343 5133 2709 5191 —CYR|NIO
2746 5134 3095 5194 MONACHO.

1912 5215 2137 5273 Multum
2168 5219 2416 5277 invident
2445 5226 2718 5284 daemones
2748 5229 2817 5283 iis
2840 5270 2855 5292 ,
2892 5230 2985 5299 qui
3015 5233 3409 5290 continentiam

1842 5308 2283 5378 amplectuntur,
2322 5321 2377 5367 et
2434 5331 2598 5385 prava
2648 5320 2925 5390 vetitaque
2962 5320 3235 5377 desideria
3285 5338 3409 5379 cer-

1844 5399 2088 5454 tantibus
2120 5400 2395 5472 ingerunt.
2434 5406 2541 5462 Sed
2594 5424 2703 5463 non
2753 5419 2837 5467 est
2872 5420 3157 5483 propterea
3192 5413 3409 5469 animus

1843 5486 2258 5550 demittendus:
2299 5494 2473 5568 magis
2512 5497 2656 5554 enim
2696 5514 2794 5571 per
2830 5516 2923 5559 eas
2971 5503 3163 5561 turbas
3208 5519 3407 5564 nervos
