3850 6218
395 231 504 294 259

1872 217 1932 277 S.
1970 214 2132 276 NILI

3545 189 3658 253 260

400 352 667 406 adversus
697 355 916 403 nostros
942 345 1130 404 hostes
1168 343 1537 409 intendimus,
1572 349 1835 412 tantoque
1864 353 1980 394 ma-

2101 335 2187 390 τῶν
2213 331 2421 404 ἐχθρῶν
2443 323 2598 402 ἡμῶν
2642 327 2732 383 διὰ
2795 327 2896 397 τῆς
2925 321 3292 412 ἐνοχλήσεως-⁸
3323 316 3519 412 πλεῖοῖ

397 442 483 512 gis
502 439 556 493 in
581 441 849 492 bonorum
871 437 1333 508 promissionibus
1357 435 1689 498 stabilimur,
1716 445 1982 504 quantum

401 546 431 583 a
466 529 808 598 voluptuosis
837 529 1245 598 immundisque
1274 528 1615 583 dazmonibus
1634 525 1982 580 aﬁlictamur.

399 618 536 674 Nam
563 635 689 674 cum
729 619 1032 673 adversarii
1062 619 1304 690 ingentia
1333 633 1455 674 esse
1472 618 1614 672 bona
1635 657 1649 680 ,
1678 631 1800 686 quae
1831 612 1986 669 nobis

401 713 656 767 Christus
694 713 986 781 promisit,
1035 712 1243 783 optime
1276 711 1544 773 calleant,
1586 708 1850 764 adversus
1885 721 1985 762 nos

403 803 610 872 ingenti
639 804 924 859 iracundia
955 802 1330 858 exardescunt
1355 843 1369 867 ,
1401 811 1454 856 et
1486 799 1786 855 invidentia
1815 815 1988 870 oppu-

403 902 572 965 gnant
598 894 856 949 obscenis
878 903 932 947 et
963 892 1392 963 improbissimis
1423 890 1810 947 aliectionibus
1835 930 1849 955 ,
1891 905 1983 945 ve-

405 985 795 1054 hementerque
834 984 1079 1054 amigunt
1119 984 1406 1048 homines,
1457 982 1551 1052 qui
1614 981 1683 1035 ad
1726 982 1986 1036 virtutem

409 1076 770 1131 contendunt.
827 1076 1173 1147 Quapropter
1223 1075 1350 1129 licet
1392 1073 1717 1143 appetentia‘.
1751 1072 1990 1127 intume-

407 1174 602 1229 scant,
655 1166 1210 1234 inllammenturque,
1260 1171 1316 1218 et
1361 1163 1676 1232 voluptates
1718 1161 1986 1226 sordidae;

408 1259 536 1313 licet
559 1273 691 1312 caro
725 1257 963 1311 admotis
994 1255 1238 1310 stimulis
1271 1253 1472 1320 satiat;
1509 1253 1637 1307 licet
1668 1251 1848 1306 omnis
1880 1253 1990 1305 cir-

409 1348 791 1419 cumspectio,
847 1355 903 1402 et
938 1359 1211 1416 perversae
1262 1343 1422 1413 180
1467 1341 1671 1397 diaboli
1725 1340 1991 1396 machinae

409 1456 511 1496 nos
538 1451 857 1509 Oppugnent
883 1456 897 1492 :
926 1437 1185 1492 universa
1215 1436 1355 1499 hmo,
1392 1445 1448 1488 et
1473 1433 1578 1487 ﬁde
1601 1470 1618 1495 ,
1655 1439 1709 1487 et
1747 1430 1992 1502 psalmo-

407 1546 531 1586 rum
555 1537 860 1592 concentu.
893 1538 946 1584 et
973 1528 1204 1583 lectione
1224 1564 1239 1591 ,
1277 1535 1331 1580 et
1359 1525 1692 1581 demissione
1720 1522 1910 1588 animi,
1936 1529 1993 1578 et

409 1623 536 1679 aliis
595 1620 1039 1681 certaminibus,
1089 1626 1145 1672 et
1201 1632 1370 1688 super
1428 1615 1535 1670 alia
1571 1613 1812 1670 nominis
1859 1611 1992 1669 Jesu

410 1717 616 1770 Christi
653 1714 747 1770 Dei
776 1710 1164 1768 humanissimi
1189 1744 1203 1772 ,
1233 1707 1649 1778 Salvatorisque
1681 1704 1860 1761 nostri
1889 1705 1991 1758 itn-
2021 1695 2062 1751 Β

411 1807 721 1877 ploratione
756 1816 1105 1872 superamus.
1126 1798 1315 1871 Neque
1339 1798 1456 1854 ﬁeri
1486 1807 1668 1865 poteSt
1691 1803 1751 1852 ut
1773 1795 1990 1851 adversi

411 1895 692 1948 daemones
747 1907 848 1947 nos
893 1899 1245 1962 oppugnent,
1283 1890 1338 1944 ni
1383 1888 1539 1960 prius
1573 1902 1674 1943 nos
1705 1902 1802 1958 per
1832 1887 1994 1942 ﬁdem

413 1983 686 2037 modicam
717 1981 968 2035 timorem
1022 1977 1270 2033 divinum
1300 1991 1398 2048 per
1443 1982 1798 2030 transennam
1830 1988 1994 2044 aspe-

416 2072 660 2126 xerimus
685 2111 700 2134 ,
729 2077 783 2124 et
831 2084 862 2122 a
910 2068 1145 2122 Domino
1183 2066 1347 2121 nobis
1377 2073 1654 2136 praecepta
1689 2061 1996 2134 neglexeri-

415 2181 556 2219 mus.
612 2163 751 2217 Sunt
803 2164 987 2232 itaque
1041 2161 1291 2216 nonnulli
1351 2159 1670 2223 daemones,
1722 2157 1817 2228 qui
1872 2169 1996 2211 sese

309 2293 318 2304 ι
415 2256 673 2312 humanis
705 2254 1034 2324 corporibus
1063 2253 1358 2308 induentes
1380 2288 1398 2315 ,
1439 2265 1743 2320 omnesque
1788 2250 1997 2304 instru-

418 2346 590 2400 menti
629 2347 776 2400 vires
827 2343 1111 2409 fellantes,
1156 2351 1211 2398 et
1247 2344 1568 2412 languorem
1611 2341 1830 2412 corpori
1866 2356 1999 2395 con-

417 2436 674 2490 ciliantes
697 2477 710 2500 ,
749 2435 876 2490 licet
920 2434 1078 2488 nulla
1111 2433 1258 2488 adsit
1293 2433 1592 2487 inﬁrmitas
1616 2472 1631 2496 .
1663 2432 1750 2486 vel
1790 2432 1999 2487 valetu-

418 2528 565 2582 dinis
585 2527 837 2592 initium;
875 2526 1010 2595 quin
1033 2525 1201 2580 etiam
1231 2524 1299 2578 ad
1323 2525 1436 2579 haec
1467 2524 1652 2579 animo
1679 2523 1956 2580 tristitiam
1979 2562 1995 2587 ,

419 2627 476 2675 et
505 2627 758 2688 tepentes
790 2617 1154 2687 cogitationes
1183 2616 1490 2670 immittunt
1522 2634 1535 2670 :
1573 2630 1696 2686 qua:
1735 2630 1998 2685 generosa

423 2711 683 2764 ﬁrmitate
712 2749 727 2773 ,
763 2715 815 2762 et
845 2707 1104 2778 prudenti
1136 2707 1302 2762 corde
1329 2707 1648 2777 ejicientes,
1678 2706 1860 2761 omnia
1890 2706 2000 2759 cir-

423 2800 813 2870 cumspicienti
853 2797 964 2852 Deo
997 2797 1376 2853 adhaereamus
1415 2798 1662 2853 dicentes
1704 2814 1717 2850 :
1777 2815 1794 2848 ι
1840 2795 2001 2866 Eripe

424 2907 513 2946 me
549 2906 617 2945 ex
654 2889 896 2944 inimicis
950 2889 1087 2943 meis
1112 2931 1128 2955 ,
1180 2887 1324 2944 Deus
1351 2929 1366 2955 ,
1407 2899 1461 2944 et
1492 2889 1561 2943 ab
1588 2888 2003 2958 insurgentibus

425 2984 482 3040 in
537 2998 624 3038 me
663 2982 832 3037 libera
874 2997 960 3036 me
979 2980 1027 3013 ⁸³
1075 2997 1090 3032 :
1132 2998 1150 3032 ι
1186 2981 1366 3037 releva
1419 2980 1657 3035 animam
1707 2995 1882 3034 meam
1932 2994 2001 3034 ex

427 3075 590 3132 malis
623 3089 816 3131 eorum
856 3073 1139 3145 operibus.
1176 3072 1650 3140 Quemadmodum
1685 3087 1811 3129 vero
1847 3071 2002 3127 Sam-

429 3167 554 3224 soni
625 3165 903 3238 quondam
965 3174 1192 3237 propter
1238 3166 1696 3236 intemperantem
1743 3165 2001 3234 volupta-

429 3270 539 3318 tem
587 3259 815 3329 contigit
863 3258 919 3312 in
969 3273 1163 3312 manus
1221 3258 1620 3328 allophylorum
1670 3256 1912 3311 incidere
1933 3254 2000 3318 “,

431 3360 489 3408 et
517 3366 639 3422 qua:
666 3352 778 3420 jam
814 3351 880 3404 de
908 3365 971 3404 eo
1003 3349 1208 3419 scripta
1239 3356 1404 3413 sunt,
1432 3349 1643 3420 perpeti
1672 3367 1685 3402 :
1719 3348 1824 3402 hoc
1857 3347 2003 3402 idem

429 3451 486 3498 et
514 3459 664 3498 nunc
704 3442 1018 3510 depravatis
1059 3441 1434 3511 voluptatibus
1475 3440 1707 3494 irretitis
1749 3439 2002 3510 obtingit.

429 3533 683 3605 Namque
709 3550 834 3588 cum
869 3533 1076 3588 sordidi
1102 3532 1366 3587 daetnonis
1401 3531 1625 3602 impetui
1653 3531 2005 3602 cogitationis

431 3627 676 3682 hominis
715 3626 900 3680 locum
947 3626 1234 3691 dederint,
1271 3625 1456 3679 divina
1503 3626 1678 3695 gratia
1717 3623 1784 3677 ad
1816 3632 2005 3679 custo-

433 3720 580 3776 diam
604 3719 801 3774 anima:
825 3720 1130 3790 advigilans
1159 3718 1440 3781 concedit,
1469 3729 1524 3773 et
1553 3719 1831 3772 daemones
1863 3716 2006 3771 irre-

438 3811 597 3865 titum
629 3811 959 3881 arripientes
983 3852 998 3878 ,
1026 3826 1240 3864 onmem
1281 3810 1335 3863 in
1365 3825 1430 3864 eo
1456 3807 1829 3879 pudibundam
1861 3808 2010 3880 cogi-

435 3903 706 3956 tationem
757 3909 1059 3966 excavant,
1102 3911 1157 3956 et
1209 3901 1688 3957 indissolubilibus
1735 3900 2008 3954 titillatio-

436 4008 568 4046 num
599 4008 776 4058 prava:
803 3992 1105 4063 voluptatis
1128 3992 1360 4047 vinculis
1386 3991 1629 4062 illigant,
1657 4000 1715 4046 et
1742 3991 1799 4045 in
1830 3989 2011 4060 supel-

437 4080 675 4134 lectilem
705 4082 930 4134 malitia:
960 4081 1336 4136 conducentes
1360 4123 1376 4147 ,
1410 4079 1817 4137 consuetudine
1841 4095 2010 4152 prava

437 4176 594 4228 molae
625 4189 847 4244 operam
881 4175 1014 4231 dare
1052 4177 1402 4232 constituunt
1428 4214 1443 4238 ,
1474 4175 1863 4247 deservireque
1893 4174 2010 4230 dia-

437 4266 564 4322 bolo
603 4267 799 4323 diebus
829 4284 895 4323 ac
937 4270 1193 4326 noctibus
1226 4269 1476 4341 integris.

532 4453 688 4522 181
727 4451 882 4517 Quod
915 4453 961 4508 si
998 4453 1328 4524 resipiscens
1381 4468 1502 4510 sese
1558 4451 2010 4524 circumspexerit

440 4547 620 4600 anima
679 4545 914 4614 peccatis
967 4545 1276 4616 illaqueati,
1328 4561 1451 4601 cum
1498 4545 1687 4600 dolore
1731 4544 1912 4600 cordis
1941 4543 2010 4598 ad

439 4636 606 4691 Deum
640 4634 988 4704 ingemuerit,
1019 4644 1072 4690 et
1102 4635 1295 4693 mediis
1327 4635 1579 4706 precibus
1613 4651 1676 4690 ac
1700 4635 1842 4689 votis
1870 4634 2010 4688 invi-

443 4727 699 4784 sibilibus
722 4725 939 4782 Domini
973 4727 1205 4798 pedibus
1245 4728 1555 4794 adhaeserit,
1597 4728 1717 4783 inlit
1745 4725 2009 4783 Dominus

438 4818 678 4889 angelis,
721 4817 1182 4887 quemadmodum
1221 4817 1289 4874 de
1337 4817 1680 4872 Sunamitide
1733 4816 2003 4873 Elisaaus:

442 4909 618 4964 Sinite
645 4922 764 4963 eam
800 4907 986 4963 venire
1023 4907 1090 4962 ad
1129 4923 1237 4972 me,
1269 4916 1323 4963 et
1363 4923 1430 4962 ne
1473 4906 1737 4977 rejiciatis
1784 4921 1902 4962 eam
1936 4906 2004 4960 ⁸⁵.

439 4999 591 5056 Licet
641 4999 789 5055 enim
843 4999 1049 5053 nullam
1085 4999 1340 5054 virtutem
1391 4999 1684 5070 possideat,
1732 5015 1909 5071 neque
1950 5000 2008 5056 in

439 5093 641 5146 virtute
673 5091 794 5160 ejus
825 5106 954 5160 erga
977 5107 1062 5147 me
1097 5099 1308 5146 tantum
1346 5091 1560 5147 ﬁduciae
1586 5092 1657 5147 sit
1690 5109 1706 5147 :
1737 5091 2010 5148 nihilomi-

440 5199 546 5238 nus
572 5184 790 5252 quando
820 5183 965 5239 illius
993 5199 1088 5238 cor
1125 5199 1350 5254 prorsus
1390 5199 1637 5240 amarum
1662 5191 1748 5241 est
1801 5192 1857 5240 et
1891 5185 2011 5241 sine

445 5277 554 5332 ullo
581 5289 834 5348 reSpectu
865 5277 1007 5348 apud
1045 5293 1131 5333 me
1162 5279 1446 5348 provoluta
1475 5286 1560 5334 est
1587 5293 1712 5334 cum
1751 5276 2010 5350 lacrymis

442 5378 498 5424 et
543 5369 856 5434 alllictione,
891 5369 1065 5440 ipsam
1107 5371 1324 5441 excipio
1371 5371 1654 5442 salvoque.
1700 5367 1850 5442 Opus
1877 5384 2010 5426 vero

450 5457 606 5511 nobis
653 5467 739 5515 est
766 5460 1285 5532 omnipotentissimi
1319 5468 1373 5517 et
1404 5461 1797 5532 sapientissimi
1835 5459 2008 5534 Spiri-

446 5559 534 5605 tus
561 5550 756 5614 virtus.
789 5561 842 5608 et
885 5553 1059 5625 gratia
1103 5554 1261 5608 nobis
1299 5555 1556 5612 alacriter
1610 5555 2007 5626 conquirenda.

2084 427 2193 481 τῶν
2227 427 2285 478 ἐν
2311 422 2667 492 ἐπαγγελίαις
2700 418 2919 488 ἀγαθῶν
2956 409 3341 486 βεϐαιούμεθα,
3369 409 3427 461 ἐν
3453 405 3531 477 τῷ
3564 405 3662 457 ἐπὶ

2083 516 2335 572 τοσοῦτον
2383 513 2741 585 πειράζεσθαι
2815 509 2920 564 ὑπὸ
2983 507 3093 561 τῶν
3144 501 3514 572 φιλοσάρκων,
3565 496 3663 549 καὶ

2086 607 2348 682 ῥυπαρῶν
2387 605 2678 676 δαιμόνων.
2731 601 2945 664 Εἰδότες
2994 597 3104 668 γάρ
3135 595 3185 650 οἱ
3209 592 3415 664 ἐχθροὶ,
3445 591 3527 682 ὅτι
3564 603 3666 682 με·

2085 678 2227 770 γάλα
2253 697 2432 767 ἀγαθὰ
2459 698 2486 750 ὁ
2508 694 2711 765 Κύριος
2731 689 3095 763 ἐπηγγείλατο
3115 688 3268 758 ἡμῖν,
3283 683 3487 752 σφόδρα
3507 678 3669 750 ὀργί-

2086 792 2267 859 ζονται
2297 789 2419 844 καθ’
2449 787 2626 859 ἡμῶν,
2653 786 2749 840 καὶ
2795 781 3179 854 βασκαίνοντες
3223 775 3666 836 άντιτάσσονται,

2086 883 2172 937 διὰ
2193 881 2305 935 τῶν
2336 877 2601 950 αἰσχρῶν,
2636 876 2731 930 καὶ
2754 872 3100 944 φαυλοτάτων
3149 866 3359 929 παθῶν,
3409 864 3504 918 καὶ
3539 862 3671 915 λίαν

2087 973 2424 1028 ἐκθλίϐουσιν
2476 969 2603 1032 τοὺς
2663 967 2798 1035 πρὸς
2858 965 2959 1035 τὴν
3020 960 3220 1033 άρετὴν
3272 955 3671 1026 ἐπειγομένους

2087 1062 2425 1132 ἀνθρώπους.
2480 1059 2572 1112 Διὸ
2625 1057 2730 1112 κᾶν
2790 1054 3075 1125 ἐπιθυμίαι
3129 1048 3520 1121 φλεγμαίνωσι,
3569 1043 3674 1097 καὶ

2089 1156 2275 1228 ἡδοναὶ
2309 1151 2574 1225 ῥυπαραὶ,
2637 1150 2742 1204 κᾶν
2774 1151 2810 1218 ἡ
2846 1147 2981 1217 σάρξ
3014 1140 3411 1214 ἐπεγειρομένη
3442 1137 3669 1208 σκιρτᾷ,

2089 1249 2194 1303 κᾶν
2227 1247 2375 1300 πᾶσα
2409 1244 2640 1307 ἐπίνοια,
2657 1242 2752 1295 καὶ
2770 1236 3095 1308 κακοτεχνία
3117 1231 3398 1301 διαϐολικὴ
3426 1228 3678 1300 πειράζῃ

2089 1341 2257 1411 ἡμᾶς,
2291 1337 2470 1392 πάντα
2494 1333 2877 1407 ὑπερνικῶμεν
2908 1331 2996 1384 διά
3025 1329 3282 1390 πίστεως,
3314 1324 3409 1378 καὶ
3437 1322 3678 1393 ψαλμφέ

2089 1433 2227 1498 δίας,
2283 1432 2378 1485 καὶ
2433 1425 2814 1497 ἀναγνώσεως,
2848 1424 2943 1477 καὶ
2996 1416 3525 1489 ταπεινοφροσύνης,
3573 1412 3682 1466 καὶ

2089 1524 2199 1579 τῶν
2234 1522 2410 1578 ἄλλων
2459 1518 2880 1589 ἀγωνισμάτων,
2919 1513 3015 1568 καὶ
3051 1512 3193 1580 ὑπὲρ
3245 1509 3424 1562 πάντα
3448 1505 3536 1558 διά
3563 1504 3680 1574 τῆς

2093 1615 2430 1687 ἐπικλήσεως
2484 1610 2579 1667 τοῦ
2625 1610 2890 1681 ὀνόματος
2928 1603 3103 1677 ἰησοῦ
3140 1600 3388 1675 ιΧριστοῦ
3418 1598 3510 1652 τοῦ
3542 1597 3676 1667 φιλ-

2090 1705 2377 1781 ανθρώπου
2406 1704 2542 1758 Θεοῦ
2592 1701 2686 1756 καὶ
2740 1699 2993 1767 Σωτῆρος
3027 1694 3201 1766 ἡμῶν.
3239 1691 3315 1746 Ού
3358 1687 3584 1781 δυνατὸν
3608 1687 3680 1781 δέ.

2091 1776 2414 1866 κατισχύσαι
2444 1791 2601 1864 ἡμῶν
2642 1790 2770 1852 τοὺς
2823 1785 3116 1857 πολεμίους
3146 1781 3430 1853 δαίμονας,
3463 1777 3559 1832 ἐὰν
3593 1776 3682 1848 μὴ

2093 1891 2313 1961 πρῶτον
2345 1887 2508 1957 ἡμεῖς
2546 1881 2640 1937 τοῦ
2697 1881 2842 1935 θείου
2874 1879 3040 1949 φόϐου
3073 1872 3577 1944 καταφρονήσωμεν
3603 1868 3682 1922 δι’

2092 1978 2484 2051 ὀλιγοπιστίαν,
2522 1977 2616 2030 καὶ
2648 1973 3018 2046 ἀμελήσωμεν
3057 1968 3166 2024 τῶν
3199 1966 3305 2020 ὑπὸ
3331 1964 3426 2018 τοῦ
3459 1963 3682 2034 Κυρίου

2094 2071 2439 2144 ἐνταλμένων
2459 2070 2612 2140 ἡμῖν.
2639 2065 2793 2120 Εἰσὶν
2818 2060 2912 2118 οὖν
2945 2077 3091 2125 τινες
3120 2057 3370 2130 δαίμονες
3389 2055 3451 2108 τὸ
3465 2052 3684 2126 ἀνθρώ-

2094 2178 2248 2219 πινον
2279 2161 2601 2224 ύποδύοντες
2661 2156 2843 2228 σῶμα,
2906 2153 3003 2208 καὶ
3063 2152 3245 2206 πᾶσαν
3291 2146 3387 2202 τοῦ
3434 2144 3683 2216 ὀργάνου

2099 2256 2359 2329 μύζοντες
2406 2252 2505 2323 τὴν
2549 2249 2782 2319 δύναμιν
2813 2287 2829 2312 ,
2873 2242 3164 2316 ἀδράνειάν
3211 2257 3272 2296 τε
3311 2238 3408 2292 καὶ
3455 2236 3687 2290 ἔκλυσιν

2097 2351 2279 2404 πᾶσαν
2309 2344 2494 2416 σχεδὸν
2521 2342 2757 2403 ἐνιὸντες
2823 2339 2938 2397 τοῖς
2991 2335 3201 2407 μέλεσι,
3234 2332 3413 2387 καίτοι
3446 2329 3686 2401 μηδενὸς

2098 2440 2364 2513 παρόντος
2421 2435 2726 2506 νοσήματος
2777 2430 2812 2502 ἦ
2860 2427 3191 2502 άρῤωστίας.
3231 2424 3392 2479 Ἀλλά
3427 2441 3490 2492 γε
3539 2421 3688 2492 πρὸς

2097 2533 2327 2596 τούτοις,
2360 2529 2454 2584 καὶ
2499 2529 2578 2590 είς
2638 2523 2838 2594 πολλὴν
2873 2521 3113 2592 ἀθυμίαν
3146 2518 3243 2572 καὶ
3282 2515 3504 2588 χλιαρὸν
3537 2515 3684 2585 φρό-

2099 2645 2246 2698 νημα
2304 2621 2634 2697 ἐμϐάλλουσι
2679 2617 2780 2690 τὴν
2826 2615 3029 2687 ψυχὴν,
3072 2612 3326 2676 οὕστινας
3345 2611 3686 2680 διωσάμενοι

2099 2717 2331 2790 γενναίῳ
2351 2713 2618 2787 λογισμῷ,
2674 2712 2768 2766 καὶ
2792 2708 3038 2782 νηφαλίῳ
3076 2706 3276 2776 καρδίᾳ
3296 2703 3376 2790 τῷ
3400 2701 3685 2756 παντεπό-

2101 2787 2211 2886 πτῃ
2229 2787 2348 2881 θεῷ
2368 2810 2435 2864 δι’
2458 2808 2623 2878 εὐχῆς
2674 2801 3027 2873 κολληθῶμεν
3076 2798 3324 2867 λέγοντες
3343 2787 3364 2826 ⁵
3395 2811 3414 2847 t
3459 2791 3685 2860 Ἑξελοῦ

2105 2924 2172 2978 με
2193 2907 2257 2958 ἐκ
2283 2903 2391 2956 τῶν
2426 2899 2637 2971 ἐχθρῶν
2661 2915 2786 2970 μου,
2812 2897 2840 2950 ὁ
2864 2893 3018 2957 Θεὸς,
3051 2892 3146 2947 καὶ
3169 2894 3233 2945 ἐκ
3257 2889 3366 2943 τῶν
3381 2889 3688 2942 ἐπανιστα-

2106 2999 2280 3069 μένων
2309 2994 2396 3049 ἐπ’
2429 2992 2529 3062 ἐμὲ
2577 2986 2855 3062 λύτρωσαί
2884 3003 2972 3058 με.
3004 3003 3022 3037 ›
3071 2983 3550 3052 Ἀποκατάστησον
3577 2981 3686 3050 τὴν
3795 3001 3805 3026 ι

2100 3089 2279 3160 ψυχήν
2306 3103 2406 3158 μου
2446 3083 2553 3138 άπὸ
2583 3082 2688 3152 τῆς
2745 3077 3083 3151 κακουργίας
3133 3074 3337 3130 αὐτῶν.
3381 3073 3596 3142 Ὠσπερ
3623 3070 3686 3124 δὲ

2100 3178 2178 3250 τῷ
2207 3174 2444 3247 Σαμψὼν
2477 3171 2796 3244 συμϐέϐηκέ
2849 3187 2981 3224 ποτε
3011 3167 3100 3223 διὰ
3122 3164 3435 3238 φιληδονίαν
3465 3165 3548 3226 είς
3567 3165 3688 3233 χεῖ-

2104 3287 2204 3342 ρας
2235 3270 2494 3340 ἐμπεσεῖν
2523 3265 2634 3319 τῶν
2684 3262 3016 3334 ἀλλοφύλων,
3052 3260 3149 3316 καὶ
3191 3258 3382 3313 παθεῖν
3403 3259 3590 3311 ἐκεῖνα
3609 3257 3687 3310 τά

2101 3361 2464 3434 γεγραμμένα
2492 3358 2622 3430 περὶ
2646 3356 2832 3421 αὐτοῦ,
2863 3355 3022 3408 τοῦτο
3046 3353 3144 3407 καὶ
3167 3349 3262 3405 νῦν
3286 3351 3505 3412 πάντως
3535 3349 3687 3403 κατὰ

2100 3454 2278 3526 ψυχὴν
2335 3451 2544 3521 γίνεται
2595 3449 2674 3521 τῷ
2723 3445 3201 3517 άγκιστρευομένῳ
3252 3444 3390 3507 ταίςὶ
3413 3442 3686 3511 πονηραῖς

2102 3535 2351 3618 ἡδοναῖς·
2383 3547 2451 3616 τῇ
2511 3543 2620 3614 γάρ
2672 3540 2944 3613 προσϐολῇ
2988 3537 3084 3593 τοῦ
3138 3533 3381 3607 ῥυπαροῦ
3425 3534 3688 3605 δαίμονος

2104 3633 2658 3706 ἐπακολουθησάντων
2726 3631 2836 3686 τῶν
2881 3628 3159 3700 λογισμῶν
3208 3627 3304 3682 τοῦ
3351 3626 3685 3696 ἀνθρώπου,

2104 3729 2399 3799 ἀφίσταται
2441 3727 2541 3797 μέν
2573 3726 2608 3795 ἡ
2635 3722 2952 3796 φρουροῦσα
2993 3721 3094 3792 τὴν
3129 3720 3308 3792 ψυχὴν
3346 3718 3466 3772 θεῖα
3494 3717 3685 3788 χάρις,

2106 3819 2483 3890 ἐπιλαϐόμενοι
2509 3816 2568 3871 δὲ
2588 3815 2684 3870 τοῦ
2700 3815 3059 3887 άγρευθέντος
3079 3814 3128 3866 οἱ
3148 3811 3418 3882 δαίμονες,
3457 3809 3689 3880 ἐξορύτ-

2106 3929 2288 3967 τουσιν
2314 3907 2478 3965 αὐτοῦ
2533 3909 2644 3962 πᾶν
2675 3906 3008 3979 σωφρονικὸν
3043 3904 3246 3975 νόημα,
3279 3902 3606 3971 δεσμεύουσι
3625 3901 3688 3954 δὲ

2107 4006 2219 4067 τοῖς
2251 4000 2531 4063 δυσλύτοις
2563 3998 2673 4052 τῶν
2724 3995 3140 4068 γαργαλισμῶν,
3170 3994 3266 4048 καὶ
3311 3995 3421 4055 τοῖς
3447 3994 3689 4062 αἰσχρᾶς

2109 4093 2404 4165 ἐπιθυμίας
2427 4090 2664 4161 δεσμοῖς,
2719 4090 2814 4142 κα)⁸
2863 4089 2944 4152 είς
2984 4089 3083 4159 τὴν
3119 4086 3294 4155 γάζαν
3347 4084 3689 4154 κατάγοντες

2107 4185 2207 4253 τῆς
2235 4183 2435 4246 κακίας
2490 4179 3004 4253 παρασκευάζουσιν
3063 4175 3284 4248 άλήθειν
3311 4178 3378 4246 τῇ
3421 4175 3689 4245 συνηθείᾳ

2108 4279 2175 4346 τῇ
2207 4277 2372 4346 κακῇ,
2405 4273 2501 4327 καὶ
2557 4269 3010 4342 ἐξυπηρετεῖσθαι
3054 4267 3131 4322 τῶ
3164 4266 3395 4337 διαϐόλῳ
3419 4267 3518 4330 τὰς
3543 4269 3688 4338 ἡμέ-

2037 4367 2082 4424 D
2111 4385 2230 4440 ρας,
2261 4367 2354 4420 καὶ
2382 4365 2481 4429 τὰς
2500 4363 2700 4427 νύκτας
2729 4363 2876 4427 ὅλας.

2194 4458 2318 4511 Ἐάν
2340 4455 2398 4509 δὲ
2426 4455 2628 4526 δυνηθῇ
2658 4456 2739 4518 είς
2755 4453 2952 4525 ἐαυτὴν
2972 4453 3203 4508 ἐλθοῦσα
3220 4453 3254 4524 ἡ
3274 4451 3420 4522 ψυχὴ
3438 4449 3536 4502 τοῦ
3566 4452 3686 4512 ταῖς

2109 4548 2407 4621 ἁμαρτίαις
2445 4545 2862 4615 παγιδευθέντος
2929 4544 3178 4610 στενάξαι
3228 4543 3365 4613 πρὸς
3394 4540 3530 4593 Θεὸν
3567 4542 3688 4611 μετ’

2110 4640 2302 4711 ὀδύνης
2354 4638 2601 4710 καρδίας,
2661 4636 2758 4690 καὶ
2819 4635 3224 4706 περιπλακῆναι
3255 4634 3324 4687 δι’
3358 4633 3546 4703 εύχῆς,
3589 4634 3687 4686 καὶ

2113 4734 2321 4798 ἱκεσίας
2377 4734 2488 4794 τοῖς
2537 4729 2794 4802 άοράτοις
2821 4729 2915 4782 τοῦ
2949 4728 3221 4781 Δεσπότου
3280 4727 3407 4779 ποσὶ
3437 4725 3614 4794 λέγει,
3653 4728 3682 4778 ὁ

2109 4827 2314 4897 Κύριος
2353 4827 2466 4888 τοῖς
2503 4823 2779 4893 ἀγγέλοις,
2815 4821 3002 4894 ῶσπερ
3029 4823 3058 4876 ό
3090 4821 3393 4881 Ἐλισσαῖος
3420 4819 3551 4889 περὶ
3587 4817 3689 4888 τῆς

2108 4917 2471 4990 Σωμανίτιδος
2494 4931 2509 4947 ⁸
2546 4917 2749 4985 Ἅφετε
2790 4914 2961 4984 αὐτὴν
2997 4914 3282 4985 προσιέναι
3325 4928 3438 4982 μοι,
3482 4911 3580 4964 καὶ
3615 4910 3689 4979 μὴ

2107 5008 2398 5065 ἀπόσεισθε
2431 5006 2622 5078 αὐτήν.
2659 5005 2778 5061 Κᾶν
2810 5005 2923 5077 γάρ
2960 5004 3231 5076 μηδεμίαν
3273 5002 3539 5072 κέκτηται
3571 5002 3692 5071 dpe-

2107 5099 2227 5171 τὴν,
2262 5101 2359 5155 καὶ
2387 5098 2702 5172 παρρησίαν
2731 5099 2869 5170 πρός
2899 5115 2988 5170 με,
3022 5097 3160 5152 ἀλλά
3186 5114 3250 5167 γε
3279 5095 3367 5150 διὰ
3390 5094 3452 5148 τὸ
3485 5096 3674 5148 κατώ-

2113 5194 2270 5248 δυνον
2298 5187 2438 5246 εἶναι
2485 5192 2652 5262 αὐτῆς
2705 5191 2805 5262 τὴν
2833 5190 3081 5262 καρδίαν,
3119 5189 3217 5243 καὶ
3259 5186 3491 5247 ἀναιδῶς
3521 5203 3690 5256 προσ-

2115 5283 2478 5340 κυλινδεῖσθαί
2532 5300 2625 5355 μοι
2694 5283 2834 5355 μετὰ
2893 5281 3145 5354 δακρύων
3174 5322 3189 5347 ,
3257 5281 3350 5334 καὶ
3414 5278 3686 5348 θλίψεως,

2115 5375 2503 5448 προσδέχομαι,
2543 5374 2639 5429 καὶ
2680 5373 2857 5440 σώζω.
2902 5374 3080 5446 Χρεία
3106 5371 3163 5428 δέ
3201 5373 3336 5444 ημῖν
3369 5371 3462 5426 τοῦ
3493 5387 3693 5423 παντο-

2111 5465 2372 5539 δυνάμου,
2396 5468 2490 5523 καὶ
2516 5468 2796 5538 πανσόφου
2826 5467 3167 5538 Πνεύματος,
3190 5462 3478 5535 δυνάμεώς
3501 5480 3565 5516 τε
3597 5464 3689 5516 καὶ

2119 5557 2363 5630 χάριτος,
2395 5558 2540 5632 άπερ
2565 5560 2747 5629 ζητεῖν
2773 5558 3025 5631 εὐθύμως
3047 5557 3356 5627 ὀφείλομεν.
3388 5553 3552 5609 Οὕτω
3585 5555 3688 5625 γὰρ

517 5666 566 5696 ⁸³
594 5664 739 5721 Psal.
775 5683 929 5736 ινιιι,
961 5669 1012 5722 4.
1090 5668 1136 5702 ⁸⁸
1163 5669 1344 5725 Judic.
1375 5688 1486 5740 xvi,
1521 5674 1746 5743 passim.
1822 5672 1866 5706 "'
1896 5673 1959 5728 IV

2101 5690 2140 5747 ς.
2183 5688 2260 5739 ιν,
2287 5673 2378 5730 57.
