3850 6218
143 235 238 301 261

1373 231 1909 296 EPISTOLARUM
1951 232 2096 293 LIB.
2137 234 2222 296 ΙΙ.

3313 238 3424 306 262

142 354 204 406 ἂν
226 349 292 404 τὸ
315 348 424 421 μὲν
443 347 600 415 τόξον
621 347 729 403 τῶν
745 348 988 403 δυνατῶν
1009 350 1076 421 τῇ
1094 347 1263 421 κακίᾳ
1281 348 1551 420 δαιμόνων
1569 347 1730 403 ἀσθε-

1845 345 1946 401 Hac
1985 346 2255 418 siquidem
2305 347 2520 404 ratione
2564 361 2980 420 generosorum,
3017 362 3083 405 ac
3113 355 3417 421 potentium

146 444 298 513 νήαει
358 439 837 506 κατατοξευόντων
873 441 1021 512 ἡμᾶς
1068 443 1181 506 τοῖς
1236 441 1338 510 τῆς
1391 440 1735 513 ἡδυπαθείας

143 535 431 604 λογισμοῖς
457 574 474 599 ,
517 533 710 606 ὥσπερ
757 533 872 587 τισὶ
927 533 1349 604 πεπυρωμένοις
1406 532 1653 602 βέλεσινο
1687 532 1738 585 οί

144 628 198 681 δέ
238 627 304 681 τὸ
338 627 478 698 πρὶν
527 625 890 697 ἡσθενηκότες
923 626 1138 690 πιστοὶ,
1198 623 1424 694 ὕστερον
1489 624 1739 696 μεγάλως

148 716 702 787 ἐνδυναμωθήσονται
745 717 825 778 είς
854 715 953 785 τὴν
999 715 1109 768 τῶν
1147 715 1405 768 ἐναντίων
1437 715 1734 783 ἀναίρεσιν.

146 806 257 859 Καὶ
274 804 444 859 τοῦτο
494 805 604 876 ἀρα
632 805 803 868 ἐστιν,
835 805 974 876 ὅπερ
1009 805 1432 877 προφητεύουσα
1466 807 1498 876 ὴ
1538 821 1730 858 πιστο-

148 900 284 969 τάτη
351 900 542 971 μήτηρ
601 897 696 952 τοῦ
751 898 1006 970 Σαμουὴλ
1055 898 1242 967 ἔλεγε,
1286 898 1451 963 Τόξον
1493 899 1738 952 δυνατῶν

151 991 444 1062 ἠσθένησε,
465 991 560 1044 καί¹
583 993 631 1043 οί
659 990 1016 1054 ἀσθενοῦντες
1049 989 1454 1062 περιεζώσαντο
1483 990 1734 1058 δύναμιν.

152 1083 362 1147 Σκοπὸς
391 1082 475 1152 τῷ
517 1081 873 1154 δημιουργῷ,
918 1082 1016 1136 καὶ
1063 1082 1342 1153 ζωγράφῳ
1385 1081 1484 1153 τῆς
1537 1084 1738 1147 κακίας

151 1176 386 1244 δαίμονι,
414 1177 496 1238 είς
525 1174 750 1244 βαρεῖαν
787 1174 879 1228 καὶ
906 1173 1338 1244 ἀπαραμύθητον
1359 1173 1536 1241 λύπην
1561 1174 1736 1246 ἐμϐα-

154 1269 263 1322 λεῖν
305 1269 546 1322 ἕκαστον
597 1267 918 1339 ἄνθρωπον.
966 1268 1060 1322 καὶ
1119 1268 1429 1338 ἀποστῆσαι
1478 1268 1734 1335 πίστεως,

151 1364 368 1426 ἐλπίδος
388 1362 487 1415 καὶ
514 1361 615 1430 τῆς
640 1360 787 1424 θείας
814 1360 1053 1431 ἀγάπης,
1079 1359 1224 1431 άπερ
1241 1362 1360 1414 ἐστὶ
1395 1360 1737 1432 καιριώτερά

151 1473 206 1509 τε
253 1455 353 1507 καὶ
399 1454 671 1528 κράτιστα
718 1452 818 1523 τῆς
874 1451 954 1515 είς
998 1453 1231 1522 Χριστὸν
1283 1453 1583 1516 εὐσεϐείας.
1638 1454 1737 1509 Διά

149 1545 306 1599 τοῦτο
332 1544 432 1598 καί
459 1561 613 1608 τινας
639 1543 749 1598 τῶν
786 1544 994 1598 πιστῶν
1027 1543 1438 1615 παρασκευάζει
1476 1544 1737 1608 πολλάκις

150 1637 235 1690 διὰ
283 1636 389 1707 τῆς
449 1635 759 1706 κτηνὼδους
795 1639 1085 1708 κινήσεως,
1138 1637 1234 1690 καὶ
1279 1638 1372 1690 ἐπὶ
1419 1637 1585 1690 αὑτοῦ
1637 1635 1732 1689 τοῦ

149 1728 308 1797 ἁγίου
337 1727 496 1781 οἷκου
525 1726 670 1798 ῥέειν
691 1727 874 1798 γονὴν,
902 1728 1049 1791 ὅπως
1070 1726 1166 1798 τὴν
1195 1727 1374 1798 ψυχὴν
1407 1728 1502 1781 τοῦ
1527 1728 1730 1782 παθόν-

150 1838 236 1884 τος
252 1821 462 1891 ἐνέγκῃ
488 1821 565 1882 είς
585 1819 950 1891 ἀπελπισμὸν,
982 1818 1078 1873 καὶ
1095 1819 1356 1890 ἀθυμίαν,
1383 1822 1477 1874 καὶ
1502 1821 1716 1874 τελείαν

151 1914 485 1982 ἀπόγνωσιν.
521 1914 692 1968 Ὅταν
723 1913 832 1984 γάρ
863 1911 943 1982 τῷ
966 1913 1164 1984 χρόνῳ,
1197 1913 1388 1984 καὶτῷ
1412 1912 1558 1985 ἔργῳ
1595 1931 1734 1986 προ-

150 2003 290 2076 κόψῃ
325 2020 437 2066 τις,
468 2002 592 2056 τότε
620 2003 671 2055 οί
725 2002 972 2073 πολέμιοι
1027 2002 1136 2057 τῶν
1185 2003 1465 2076 σαρκικῶν
1511 2003 1733 2075 ἡδονῶν,

151 2095 242 2148 καὶ
265 2093 584 2165 ἐπιθυμιῶν
611 2093 931 2162 ἐπαφίενται
953 2093 1104 2164 αύτῷ
1138 2095 1277 2166 πρὸς
1299 2096 1602 2165 γυμνάσιον
1635 2095 1735 2148 αύ-

150 2187 262 2252 τοῦ,
295 2189 396 2241 καὶ
420 2187 688 2258 δοκίμιον.
732 2183 866 2241 Εἶτα
911 2187 1272 2259 λυπούμενος,
1327 2189 1420 2242 καὶ
1473 2206 1737 2259 στενοχω-

151 2278 419 2350 ρούμενος
473 2275 845 2346 ἀναγκάζεται
889 2277 1077 2332 λοιπὸν
1138 2277 1569 2343 ταπεινοῦσθαι,
1639 2279 1736 2332 καὶ

150 2368 388 2430 πενθεῖν,
410 2367 509 2420 καὶ
521 2368 712 2420 ἐαυτὸν
728 2368 884 2437 μόνον
902 2369 1271 2438 κατακρίνειν,
1289 2371 1383 2422 καὶ
1402 2370 1735 2440 μέμφεσθαι.

150 2457 256 2509 Καὶ
273 2457 452 2519 οὕτως
465 2457 555 2510 διά
577 2457 684 2510 τῶν
703 2458 1023 2529 πειρασμῶν
1041 2457 1246 2512 τούτων
1279 2460 1633 2530 δοκιμασθεὶς
1650 2462 1741 2533 έρ-

151 2566 301 2619 χεται
324 2548 467 2620 πρὸς
487 2548 588 2618 τὴν
605 2548 789 2602 πασῶν
805 2549 911 2602 τῶν
941 2552 1152 2621 ἀρετῶν
1178 2553 1515 2624 ὑψηλοτέραν
1529 2553 1741 2625 διάκρι-

153 2657 257 2693 σιν.
289 2639 436 2691 Ἀπε
443 2655 478 2708 ρ
501 2633 593 2692 οὖν
611 2639 802 2692 πολλοὶ
820 2640 894 2712 μὴ
911 2643 1416 2714 προπαιδευθὼτες,
1463 2648 1597 2718 μηδέ
1613 2647 1743 2701 ταύ-

150 2749 244 2804 την
261 2733 632 2802 κτησάμενοι,
655 2733 802 2797 τινὲς
828 2735 926 2804 μέν
942 2735 1126 2790 αὐτῶν
1164 2737 1520 2803 ξενισθέντες,
1543 2742 1638 2795 καὶ
1654 2742 1743 2794 θο-

153 2823 490 2895 ρυϐηθέντες
518 2823 609 2876 τὸν
650 2823 775 2876 νοῦν
795 2825 852 2891 ἐξ
877 2827 1226 2898 ἀπροσεξίας,
1252 2829 1347 2883 καὶ
1378 2832 1739 2903 ἀδιακρισίας,

151 2913 386 2975 ἑαυτοὺς
424 2911 669 2981 ἔσφαξαν
703 2915 972 2987 μαχαίρᾳ,
1011 2918 1158 2982 τινὲς
1185 2917 1242 2972 δὲ
1281 2923 1742 2993 κατεκρήμνησαν

1839 439 2046 493 malitia
2085 438 2418 503 daemonum,
2455 448 2510 496 et
2561 440 2806 495 mollitiei
2839 439 3286 512 cogitationibus,
3324 461 3423 500 ve-

1839 530 1937 584 luti
1965 529 2297 600 quibusdam
2331 532 2518 602 ignitis
2537 531 2738 601 jaculis
2756 548 2858 588 nos
2884 534 3185 604 petentium
3208 537 3422 607 sagitta:

1838 629 2191 692 torpescent;
2229 624 2416 679 ﬁdeles
2449 640 2578 679 vero
2617 625 2851 680 antehac
2880 626 3222 692 vacillantes,
3256 638 3422 699 atque

1837 715 2052 771 remissi
2085 715 2435 786 postmodum
2484 718 2858 788 maximOpere
2889 719 2943 773 in
2973 719 3212 776 hostium
3245 723 3420 777 inter-

1847 805 2138 860 necionem
2190 806 2544 861 invalescent.
2577 806 2644 860 Et
2678 806 2783 861 hoc
2829 817 2932 871 est,
2977 808 3120 876 quod
3158 808 3418 864 ﬁdissima

1840 895 2113 954 Samuelis
2144 911 2320 954 mater
2347 898 2537 952 divino
2584 897 2818 954 Numine
2857 899 3040 954 afﬁata
3090 903 3423 971 praenuntia-

1837 991 1970 1046 bat:
2002 989 2213 1060 Sagitta
2263 991 2617 1046 robustorum
2671 992 2940 1046 inﬁrmata
2973 1002 3076 1058 est,
3111 1003 3165 1048 et
3195 994 3417 1048 invalidi

1835 1083 2050 1138 viribus
2085 1098 2206 1138 sese
2230 1083 2589 1137 accinxerunt
2615 1082 2681 1136 “.
2720 1083 2943 1138 Auctori
2973 1086 3278 1154 pictorique
3301 1102 3416 1138 ma-

1837 1173 1968 1228 litiae
1997 1173 2230 1228 (ιπηιοηί
2277 1188 2480 1242 scopus
2513 1181 2617 1234 est,
2669 1173 2725 1228 in
2755 1190 2971 1244 gravem
3002 1185 3165 1246 atque
3215 1178 3417 1232 insola-

1837 1265 2000 1321 bilem
2032 1279 2322 1320 mmrorent
2346 1265 2597 1321 homines
2629 1265 2910 1330 inducere,
2941 1275 2997 1321 et
3039 1283 3065 1320 a
3095 1267 3216 1331 ﬁde.
3245 1284 3340 1339 spe
3361 1276 3416 1324 et

1836 1357 2108 1413 charitate
2137 1356 2344 1420 divina.
2366 1373 2486 1427 qua:
2519 1358 3086 1414 accommodatissima
3114 1369 3169 1414 et
3198 1361 3416 1432 potissi-

1835 1463 1925 1503 ma
1956 1456 2086 1503 sunt
2107 1449 2315 1503 cultum
2345 1463 2474 1518 erga
2500 1447 2786 1502 Christum
2821 1464 3041 1503 servare
3065 1450 3414 1519 incolumem,

1835 1554 1998 1608 quam
2032 1540 2354 1611 longissime
2409 1554 2713 1594 removere.
2768 1538 3064 1610 Propterea
3121 1543 3419 1598 nonnullos

1837 1630 2078 1685 ﬁdelium
2133 1645 2278 1700 sape
2339 1629 2539 1699 saepius
2574 1629 2818 1684 motione
2875 1631 3117 1686 belluiua
3165 1634 3220 1688 in
3276 1634 3415 1703 ipsis

1835 1721 1998 1776 etiam
2021 1722 2393 1778 sacrosanctis
2422 1721 2632 1776 aedibus
2659 1737 2847 1776 semen
2890 1722 3224 1792 profundere
3247 1726 3413 1796 cogit,

1836 1822 1897 1868 ut
1925 1815 2163 1868 animam
2197 1814 2294 1868 tali
2335 1814 2457 1868 labe
2489 1813 2924 1868 contaminatam
2968 1815 3022 1869 in
3049 1815 3414 1874 defectionem

1836 1909 2122 1979 suiipsius,
2146 1915 2201 1965 et
2227 1906 2672 1979 desperationem
2705 1915 2953 1962 exactam
2982 1909 3224 1966 inducat.

1906 1999 2043 2055 Cum
2078 1999 2224 2056 enim
2255 2017 2550 2072 progressu
2592 2005 2879 2074 temporis,
2921 2013 2974 2058 et
3008 2004 3172 2059 rebus
3202 2007 3416 2077 egregie

1845 2093 2019 2165 gestis
2041 2093 2317 2164 quispiam
2351 2109 2674 2165 progressus
2710 2095 2918 2162 fecerit,
2960 2097 3117 2167 182
3145 2104 3259 2151 tum
3292 2114 3414 2152 car-

1838 2186 2045 2240 nalium
2098 2185 2482 2255 voluptatum,
2533 2195 2589 2242 et
2651 2187 3048 2242 desideriorum
3106 2190 3291 2246 hostes
3346 2191 3418 2247 ad

1839 2278 2016 2348 ipsius
2048 2277 2420 2333 rudimentum
2454 2286 2620 2348 atque
2663 2279 3080 2349 probationem,
3136 2282 3288 2337 liberi
3332 2299 3420 2338 re-
3515 2278 3528 2294 '

1841 2371 2116 2424 laxantur.
2156 2369 2509 2426 Postmodum
2549 2372 2880 2443 aegritudine
2909 2382 3227 2429 contractus
3254 2387 3422 2445 atque

1841 2457 1895 2512 in
1929 2459 2211 2529 angustias
2231 2462 2572 2530 compulsus,
2607 2461 2866 2531 deinceps
2891 2478 3014 2518 sese
3045 2464 3098 2517 in
3133 2465 3417 2520 humilita-

1839 2556 1947 2603 tem
1976 2551 2317 2615 submittere,
2354 2553 2409 2606 iu
2445 2567 2735 2608 mmrorem
2761 2553 2945 2624 dejici,
2977 2563 3034 2610 et
3059 2559 3414 2628 semetipsum

1841 2642 2190 2698 solummodo
2232 2645 2603 2701 condemnare
2649 2655 2705 2702 et
2764 2663 3030 2704 accusare
3079 2652 3317 2722 cogitur.
3354 2651 3419 2708 Et

1842 2736 1923 2790 sic
1961 2736 2154 2792 mediis
2189 2737 2339 2792 hisce
2368 2738 2754 2793 vexationibus
2785 2741 3070 2810 probatus.
3107 2743 3173 2798 ad
3204 2743 3416 2800 discre-

1841 2830 2045 2884 tionem
2078 2829 2376 2883 virtutibus
2427 2829 2687 2884 otunibus
2733 2831 3093 2888 excelsiorem
3144 2837 3415 2904 pervolat.

1843 2923 2052 2990 Quibus
2090 2938 2214 2977 cum
2271 2924 2518 2994 plerique
2559 2925 2930 2995 prminstructi
2987 2942 3095 2981 non
3160 2927 3418 2994 fuissent,

150 3004 386 3066 ἑαυτοὺς
415 3005 678 3076 ἀφορήτῳ
709 3004 874 3078 λύπῃ,
901 3009 997 3062 καὶ
1028 3010 1335 3079 ἀπογνώσει
1362 3012 1733 3083 συσχεθέντες,

1845 3031 2019 3086 neque
2047 3015 2194 3069 illam
2227 3015 2624 3085 possedissent,
2664 3016 2860 3086 partim
2907 3019 3149 3073 novitate
3183 3020 3260 3074 rei
3291 3037 3418 3090 per-

151 3094 332 3163 ἐτεροι
361 3093 421 3147 δὲ
447 3095 517 3148 τά
548 3096 842 3165 γεννητικὰ
880 3097 1045 3169 μόρια
1072 3099 1360 3170 κόψαντες,
1389 3103 1481 3156 καὶ
1507 3105 1738 3174 αύτοφο-

150 3176 340 3241 νευταὶ
380 3187 590 3241 ἑαυτῶν
615 3190 681 3259 τῇ
721 3189 1037 3261 προαιρέσει
1067 3192 1352 3260 γεγονότες
1388 3197 1436 3248 οἱ
1480 3197 1735 3262 τάλανες,

151 3281 444 3334 ὑπέπεσαν
470 3283 539 3352 τῇ
586 3280 916 3353 ἀποστολικῇ
971 3285 1083 3355 ἀρᾷ
1139 3285 1237 3338 καὶ
1284 3288 1570 3360 κωμῳδίᾳ,
1612 3291 1742 3361 περὶ

149 3368 226 3428 ὧν
261 3389 467 3444 φησιν·
503 3372 733 3441 Ὄφελον
761 3375 854 3428 καὶ
883 3376 1251 3446 ἀποκόψονται
1283 3380 1332 3432 oi
1375 3383 1741 3436 ἀναστατοῦν-

147 3481 241 3528 τες
270 3465 448 3535 ὑμᾶς.
477 3464 664 3518 Ἀλλοι
682 3465 740 3518 δέ
764 3466 858 3520 καὶ
887 3467 1078 3520 ἔλαϐον
1110 3471 1591 3542 συναρπασθέντες
1634 3473 1743 3527 ὑπὸ

149 3555 244 3609 τοῦ
274 3554 526 3618 Σατανᾶ,
568 3555 664 3608 καὶ
687 3549 832 3609 οὗτοι
869 3556 1168 3612 ὑπεύθυνοι
1200 3559 1485 3628 γεγονότες
1513 3565 1579 3631 τῇ
1607 3579 1744 3630 προσ

150 3647 368 3715 φητικῇ
415 3645 691 3714 ἀποφάσει
749 3645 979 3719 λεγούσῃ
1007 3664 1024 3682 ο
1075 3651 1254 3714 «Τοὺς
1298 3650 1355 3703 δὲ
1395 3651 1745 3717 ἐκκλίνοντας

149 3741 229 3802 εἰς
267 3738 374 3802 τὰς
408 3737 784 3808 πραγγαλιάς
826 3740 1025 3806 ἀπάξει
1050 3742 1254 3814 Κύριος
1280 3744 1419 3813 μετά
1446 3744 1555 3798 τῶν
1575 3747 1744 3817 ἐργα-

152 3829 409 3901 ζομένων
437 3830 540 3900 τὴν
563 3832 814 3901 ἀνομίαν.
855 3851 874 3886 ι
894 3832 951 3886 Ὀ
980 3833 1159 3888 τοίνυν
1185 3834 1264 3906 τῷ
1289 3837 1512 3907 τοιούτῳ
1531 3837 1745 3908 δαίμονι

152 3924 742 3995 ἀντιστρατευόμενος,
775 3925 872 3979 καὶ
904 3927 1290 3998 ἀντιπράττων
1321 3929 1567 3999 δηλονότι
1606 3930 1741 4001 πρὸς

152 4018 244 4071 τὸν
265 4015 496 4086 δολερὸν
526 4017 726 4070 σκοπὸν
751 4018 1127 4089 ἁρμοζόμενος
1157 4023 1222 4091 τῇ
1244 4021 1489 4094 ὑπομονῇ
1522 4025 1744 4096 χρᾶται,

155 4110 253 4162 καὶ
286 4109 360 4179 τῇ
411 4107 788 4180 μακροθυμίᾳ,
849 4111 946 4164 καὶ
976 4110 1043 4164 δι’
1095 4111 1283 4183 εὐχῆς,
1345 4113 1441 4166 καὶ
1493 4115 1747 4185 νηστείας

159 4201 475 4264 ἀνενδὸτου,
529 4202 625 4254 καὶ
691 4203 949 4268 πίστεως,
991 4204 1088 4258 καὶ
1126 4205 1363 4272 ἐλπίδος,
1399 4207 1494 4260 καὶ
1537 4209 1747 4274 τελείας

160 4297 262 4366 τῆς
301 4295 448 4366 πρὸς
486 4294 618 4348 Θεὸν
684 4295 909 4366 ἀγάπης
973 4297 1438 4368 καταπολεμήσει,
1475 4303 1570 4353 καὶ
1615 4317 1747 4355 κατ-

1840 3107 2066 3172 turhati,
2096 3108 2399 3178 incertique
2434 3107 2501 3163 de
2536 3110 2794 3164 omnibus
2842 3109 3041 3164 redditi
3072 3126 3138 3165 ex
3175 3112 3408 3181 segnitie

1839 3206 1894 3252 et
1929 3196 2323 3266 disceptatione
2370 3211 2478 3252 non
2521 3196 2808 3266 iudicata,
2874 3198 3023 3253 ferro
3081 3201 3184 3256 sibi
3240 3201 3415 3257 fatunt

1843 3287 2206 3353 accersivere;
2245 3287 2442 3357 partim
2469 3287 2777 3358 praecipites
2831 3303 2892 3344 se
2935 3289 3225 3356 dederunt,
3285 3309 3422 3347 mua-

1843 3395 1966 3433 rore
1995 3377 2356 3444 intolerando,
2388 3389 2443 3434 et
2467 3379 2854 3450 desperatione
2895 3385 3184 3452 Oppressi;
3221 3386 3420 3454 partim

1844 3470 2102 3525 membris
2130 3470 2457 3539 genitalibus
2492 3471 2740 3540 abrasis,
2787 3483 2842 3527 et
2877 3483 3108 3529 mortem
3172 3477 3422 3531 sibimet-

1843 3562 1976 3632 ipsis
2027 3561 2390 3615 voluntariam
2444 3561 2754 3631 irrogantes
2820 3565 3029 3629 miseri,
3084 3581 3206 3621 sese
3245 3569 3421 3622 male-

1844 3655 2068 3711 dictioni
2101 3655 2417 3725 apostolicae
2435 3663 2488 3710 et
2530 3655 2734 3710 derisui
2769 3656 2981 3710 comico
3017 3657 3324 3726 subiecere,
3353 3660 3424 3715 de

1846 3749 2043 3818 quibus
2071 3748 2146 3803 ait
2176 3765 2189 3800 :
2227 3745 2446 3802 Utinam
2467 3755 2521 3802 et
2543 3747 2956 3816 abscindantur,
2990 3750 3082 3820 qui
3112 3750 3422 3820 inquietant

1844 3856 1976 3906 vos;
2013 3841 2212 3911 partim
2258 3840 2585 3894 mulieribus
2637 3841 2939 3910 innupsere
2972 3857 3003 3896 a
3060 3841 3261 3897 Satana
3295 3860 3424 3900 cor-

1845 3933 2008 4004 repti,
2037 3940 2093 3986 et
2122 3931 2177 3986 hi
2205 3947 2425 4003 quoque
2458 3932 2682 3986 obnoxii
2735 3932 2866 3986 facti
2914 3933 3135 3988 decreto
3184 3937 3423 4005 prOphe-

1847 4025 1955 4079 tico
1979 4022 2186 4078 dicenti
2221 4041 2234 4077 :
2274 4041 2292 4074 ‹
2333 4022 2678 4078 Declinantcs
2713 4022 2766 4076 in
2797 4023 3162 4094 obligationes
3186 4027 3422 4083 adducet

1849 4115 2112 4170 Dominus
2160 4130 2284 4170 cum
2355 4115 2719 4185 operantibus
2793 4116 3110 4186 iniquitates
3148 4119 3214 4173 ⁸⁷.
3259 4139 3276 4170 ι
3317 4120 3422 4187 Qui

1849 4223 1980 4264 vero
2006 4208 2173 4263 simili
2204 4208 2436 4262 dazmoni
2460 4207 2794 4275 obluctatur,
2837 4208 3128 4279 obstatque
3155 4211 3302 4267 illius
3322 4230 3422 4267 au-

1850 4301 2025 4358 dacia:
2057 4312 2111 4358 et
2152 4299 2434 4371 proposito
2463 4299 2749 4364 insidioso,
2802 4301 3093 4356 tolerantia
3143 4305 3337 4366 utitur.
3372 4317 3427 4362 ct

160 4387 525 4456 αγωνίσεται,
563 4386 658 4439 καὶ
691 4388 907 4457 κινήσει
937 4388 1154 4452 πάντως
1177 4389 1270 4442 τὸν
1294 4391 1536 4462 ῥυπαρὸν
1558 4391 1741 4447 τοῦτον

1853 4397 2288 4468 longanimitate,
2341 4402 2395 4447 et
2445 4395 2726 4464 precibus,
2779 4403 2834 4449 et
2874 4394 3100 4464 jejuniis
3145 4413 3426 4468 nunquam

163 4479 264 4533 καὶ
291 4477 610 4548 ἀκάθαρτον
635 4478 869 4549 δαίμονα
895 4483 963 4550 τῇ
989 4480 1210 4552 βοηθείᾳ
1238 4482 1332 4535 τοῦ
1358 4483 1563 4555 Κυρίου
1588 4486 1621 4555 ἡ
1631 4485 1748 4555 μῶν

177 4566 359 4638 Ἰησοῦ
425 4566 686 4639 Χριστοῦ.
738 4569 923 4642 Ἀρκεῖ
951 4571 1060 4641 γάρ
1111 4573 1247 4642 ἡμῖν
1306 4572 1441 4643 πρὸς
1475 4573 1576 4637 τὴν
1629 4575 1749 4627 κατ’

165 4658 386 4730 ἐχθρῶν
433 4658 648 4730 ἄμυναν
691 4659 951 4730 τὸόνομα
982 4663 1157 4732 Ἰησοῦ
1197 4664 1434 4732 Χριστοῦ
1462 4662 1557 4717 τοῦ
1610 4682 1750 4719 παν-

167 4749 401 4817 υψίστου
439 4747 596 4802 Θεοῦ.
631 4747 836 4818 Πολλῆς
862 4749 918 4802 δὲ
955 4751 1086 4820 ἡμῖν
1129 4750 1266 4822 πρὸς
1299 4752 1391 4804 τὸν
1429 4751 1561 4805 Θεὸν
1590 4752 1749 4822 χρεία

167 4840 433 4910 δεήσεως,
465 4838 552 4892 ῖνα
583 4839 658 4912 μὴ
679 4841 1004 4911 ἐκπέσωμεν
1024 4842 1122 4912 τῆς
1142 4844 1363 4914 ἀρετῆς.
1393 4845 1513 4898 Ὅτι
1531 4845 1638 4915 γάρ
1658 4845 1752 4898 δυ-

174 4927 336 4980 νατὸν
360 4930 430 4982 ἐκ
459 4928 805 5000 δικαιοσύνης
839 4934 922 4996 είς
951 4933 1228 5003 ἁμαρτίαν
1267 4939 1618 5005 μεταπεσεῖν,
1659 4937 1754 4989 καὶ

172 5018 284 5071 ἀπὸ
335 5016 434 5071 τοῦ
488 5018 693 5082 πάθους
740 5022 820 5083 είς
847 5021 907 5074 τὸ
930 5023 1180 5091 ἐμπαθὲς
1225 5025 1750 5095 μεταμορφωθῆναι,

174 5107 374 5178 κράζει
413 5107 550 5178 πρὸς
578 5109 671 5163 τὸν
698 5111 903 5183 Κύριον
922 5115 956 5182 ἡ
988 5116 1293 5186 προφητεία
1318 5132 1331 5145 ’
1372 5134 1390 5168 ι
1429 5117 1756 5187 Ἐγενόμεθα

172 5199 327 5262 ὡςτὸ
354 5201 660 5272 ἀπ’ἀρχῆς,
689 5203 779 5257 ὅτε
804 5204 904 5258 ούκ
925 5200 1102 5276 ἦρξας
1127 5209 1160 5278 ἡ
1170 5208 1306 5277 μῶν,
1333 5209 1452 5262 ούδέ
1476 5210 1753 5282 ἐπεκλήθη

172 5291 237 5343 τὸ
249 5291 429 5362 ὄνομά
458 5310 550 5346 σου
583 5296 668 5363 ἐφ’
689 5297 860 5366 ἡμᾶς,
889 5316 908 5349 ι
935 5299 1030 5353 καί
1051 5300 1221 5370 ἐσμεν
1247 5300 1575 5373 ἀκάθαρτοι.
1608 5301 1753 5354 Ἀλλ’

175 5384 417 5456 ἐγχωρεί
442 5385 537 5438 καὶ
579 5388 719 5457 μετά
747 5387 848 5460 τὴν
878 5391 1290 5462 συμϐεϐηκυῖαν
1341 5393 1552 5447 πτῶσιν
1590 5395 1754 5449 πάλιν

174 5478 363 5547 τυχεῖν
390 5475 480 5532 διά
507 5477 610 5550 τῆς
645 5481 934 5552 μετανοίας
959 5482 1062 5553 τῆς
1084 5484 1142 5537 ἐν
1177 5487 1244 5554 τῇ
1278 5487 1422 5558 ἀρχῇ
1459 5485 1750 5554 ἀπαθείας,

256 5651 304 5682 ⁸⁸
334 5647 506 5724 lReg.
532 5667 594 5718 tt,
638 5653 688 5708 ι.
767 5654 811 5686 ⁸⁷
841 5653 984 5712 Psal.
1017 5670 1198 5726 cxstv,
1227 5658 1278 5712 5.

1856 4489 2222 4550 cessantibus,
2251 4494 2306 4542 et
2343 4485 2464 4550 ﬁde,
2489 4495 2542 4540 et
2580 4502 2699 4556 spe,
2732 4494 2788 4540 et
2819 4486 3072 4542 absoluto
3095 4504 3222 4559 erga
3259 4491 3427 4545 Dettm

1855 4593 2040 4634 amore
2090 4578 2414 4650 proﬁigabit,
2442 4592 2504 4631 ac
2527 4584 2852 4646 prosternet,
2872 4587 2925 4631 et
2952 4577 3240 4633 debellabit
3273 4595 3430 4650 pror-

1856 4685 1952 4725 sus
2014 4669 2160 4724 ltunc
2215 4667 2520 4730 sordidum,
2573 4677 2737 4738 atque
2791 4668 3064 4739 impurum
3130 4671 3427 4726 dzemonem

1861 4759 2079 4814 Domini
2102 4760 2275 4815 nostri
2305 4757 2434 4814 Jesu
2457 4758 2659 4813 Christi
2679 4759 2974 4827 adjutorio.
3005 4758 3250 4830 Namque
3294 4764 3429 4817 satis

1858 4852 2018 4906 nobis
2066 4865 2338 4920 superque
2390 4860 2474 4905 est
2523 4850 2587 4903 ad
2650 4851 3007 4919 proterendos
3065 4851 3248 4906 hostes
3298 4850 3429 4907 .lesu

1857 4940 2063 4996 Christi
2093 4940 2184 4995 Dei
2215 4940 2577 4995 excelsissimi
2609 4955 2828 4993 nomen.
2865 4939 3146 5011 Frequens
3183 4957 3310 4995 vero
3336 4943 3431 4996 de-

1859 5032 2102 5104 precatio
2131 5031 2199 5087 ad
2229 5030 2398 5087 Deum
2431 5031 2592 5086 nobis
2616 5047 2756 5102 opus
2781 5039 2885 5096 est,
2941 5047 3008 5086 ne
3035 5032 3234 5087 virtute
3289 5035 3432 5088 exci-

1856 5125 2072 5180 damus.
2098 5122 2344 5193 Namque
2378 5123 2535 5192 183
2573 5122 2690 5178 ﬁeri
2733 5139 2911 5194 posse,
2950 5132 3009 5177 ut
3039 5123 3340 5193 exjustitia
3378 5127 3431 5182 in

1857 5225 2143 5287 peccatum
2196 5229 2297 5269 nos
2343 5214 2563 5277 collabi,
2616 5221 2670 5268 et
2722 5230 2786 5268 ex
2832 5213 3030 5268 aﬁ‘ectu
3064 5216 3131 5267 ad
3181 5215 3255 5280 id,
3287 5217 3433 5285 quod

1857 5304 2102 5376 passioni
2149 5302 2446 5358 obnoxium
2486 5312 2590 5366 est,
2651 5304 3061 5369 transformari,
3115 5307 3318 5360 clamat
3366 5309 3435 5362 ad

1856 5395 2147 5451 Dominum
2173 5393 2494 5449 vaticinium
2529 5409 2542 5446 :
2581 5413 2599 5444 «
2645 5392 2956 5448 Eﬁiciamur
2983 5395 3142 5451 sicuti
3170 5411 3199 5450 a
3230 5397 3435 5464 princi-

1857 5485 1970 5557 pio,
1999 5501 2124 5547 cum
2145 5499 2255 5542 non
2288 5481 2526 5542 habebas
2555 5484 2990 5543 dominationem
3023 5487 3079 5543 in
3106 5502 3231 5556 nos,
3261 5503 3438 5560 neque
