3850 6218
388 238 496 305 Ξίίτὶ

1858 232 1924 291 ⁷8.
1959 231 2120 293 NILI
2232 240 2235 243 ’

3540 220 3655 289 ΞΜ

388 353 703 405 invocatum
744 342 930 401 fuerat
985 357 1187 399 nomen
1246 349 1401 397 tuum
1433 352 1600 412 super
1636 355 1737 396 nos
1766 340 1835 406 ⁸⁸,
1872 358 1891 392 ι
1922 348 1975 394 et

2088 340 2171 393 ut
2211 337 2417 409 ἰσχύος.
2466 336 2585 401 Πᾶς
2620 336 2729 408 γὰρ
2755 338 2784 391 ὁ
2809 337 2899 392 διὰ
2947 338 3236 409 μετάνοιαν
3265 337 3358 391 καὶ
3406 336 3655 407 δεήσεως

346 437 357 501 ἦ
390 455 582 497 sumus
601 438 823 508 impuri.
852 436 1236 492 Verumtamen
1262 434 1374 489 ﬂeri
1395 442 1597 504 potest,
1620 440 1743 504 post
1764 434 1976 503 lapsum

389 545 590 586 rursus
638 529 819 584 denuo
872 528 1053 583 media
1086 526 1411 597 paenitentia
1465 525 1522 579 in
1565 526 1805 594 priorem
1846 523 1977 578 aﬂ'e-

390 614 578 678 ctuum
602 622 936 675 vacuitatem
967 630 1021 675 et
1050 622 1224 675 robur
1277 618 1499 674 reverti.
1545 618 1650 684 Qui
1690 619 1836 673 enim
1881 633 1978 687 per

392 715 772 785 pmnitcntiam
827 721 881 768 et
909 714 1212 767 orationem
1242 713 1457 781 quaerit,
1491 720 1737 781 tempore
1767 710 1978 775 debito,

394 808 463 862 de
480 807 691 877 integro
718 822 781 859 ex
829 805 1052 875 prmalto
1077 804 1454 859 advenientem
1475 805 1582 857 vim
1610 814 1663 858 et
1686 803 1975 857 aﬂ‘cctnum

394 898 723 953 vacuitatem
750 906 1143 965 consequetur.
1186 896 1412 950 Attento
1447 896 1632 948 animo
1662 894 1852 964 excipe
1880 909 1977 947 va-

395 989 645 1044 ticinium
679 1006 694 1042 :
736 989 1090 1043 Exsuscitare
1110 1026 1125 1052 ,
1154 984 1489 1051 Jerusalem,
1518 994 1573 1040 et
1613 985 1778 1040 indue
1807 984 1978 1039 robur

397 1078 611 1133 brachii
638 1077 811 1139 tui,et
839 1077 1182 1133 exsuscitare
1214 1086 1273 1129 ut
1307 1076 1361 1130 in
1395 1076 1666 1145 principio
1691 1075 1980 1144 diei,quo—

397 1172 545 1225 niam
580 1169 755 1239 fugati
790 1176 921 1224 sunt
941 1184 971 1222 a
1002 1180 1056 1224 te
1080 1169 1256 1234 dolor,
1278 1169 1537 1224 maestitia
1556 1178 1612 1223 et
1638 1169 1891 1238 planctus
1909 1169 1973 1222 ”.

398 1264 648 1332 Magnum
689 1277 854 1331 porro
886 1262 942 1315 in
978 1262 1223 1316 adversis
1259 1262 1341 1314 vel
1368 1268 1532 1316 tenue
1575 1261 1801 1315 bonum.
1834 1260 1983 1315 Licet

397 1352 542 1407 enim
574 1361 795 1420 propter
824 1359 1015 1406 nostra
1037 1359 1259 1421 peccata
1281 1350 1388 1405 Deo
1409 1352 1536 1405 odio
1557 1352 1753 1415 simus,
1770 1366 1983 1405 verum-

399 1450 580 1498 tamen
611 1443 806 1497 iterum
842 1450 1061 1511 peracta
1097 1442 1416 1512 paenitentia
1450 1443 1779 1512 diligemur;
1814 1440 1982 1497 Deum

400 1547 565 1602 porro
620 1532 907 1586 Dominum
964 1532 1418 1587 humanissimum
1475 1548 1577 1588 nos
1625 1534 1804 1588 denuo
1865 1548 1983 1587 am-

399 1624 587 1694 plecti,
613 1640 822 1694 suaque
847 1624 1115 1678 charitate
1146 1624 1347 1679 laetitiis
1374 1625 1634 1681 omnibus
1671 1625 1978 1691 incessere;

400 1716 551 1783 audi,
589 1716 721 1786 quid
758 1717 875 1785 ipse
912 1716 1058 1771 dicat
1102 1715 1454 1771 intellectuali
1488 1715 1814 1781 Jerusalem,
1861 1718 1982 1769 ani-

400 1823 503 1862 mze
531 1824 724 1878 nempe
764 1817 969 1863 nostrae
1006 1826 1019 1863 :
1059 1828 1077 1859 ‹
1111 1807 1179 1861 Ει
1216 1823 1412 1878 ponam
1453 1816 1505 1863 te
1545 1809 1805 1877 gaudium
1842 1823 1985 1862 sem-

400 1900 697 1969 piternum,
754 1906 810 1952 et
861 1898 1104 1953 laatitiam
1154 1898 1209 1952 in
1260 1899 1614 1969 generatione
1670 1900 1982 1969 generatio-

401 2003 532 2041 num
557 1988 623 2041 3°.
651 2006 669 2038 ι
695 1986 771 2041 Ne
801 1986 985 2057 itaque
1004 1988 1224 2041 modum
1257 1990 1308 2041 in
1334 1988 1766 2043 controversiam
1787 2004 1980 2059 ponas.

402 2080 540 2133 Cum
589 2080 734 2133 enim
795 2078 940 2135 Deus
989 2080 1222 2134 voluerit
1254 2096 1317 2135 ex
1374 2088 1521 2135 statu
1570 2081 1745 2150 pejori
1797 2097 1886 2136 res
1926 2081 1982 2136 in

402 2169 598 2223 melius
622 2169 935 2235 immutare,
974 2172 1157 2225 omnia
1176 2172 1452 2225 contraria
1483 2170 1576 2226 Dei
1618 2180 1752 2225 nutu
1780 2173 1982 2243 migra-

304 2288 319 2305 ‘
401 2280 571 2343 bunt,
627 2288 681 2334 et
734 2283 1103 2337 novabuntur.
1154 2282 1425 2349 Quoniam
1479 2285 1546 2340 de
1600 2286 1886 2355 praefacili,
1931 2294 1986 2340 et

402 2371 550 2425 nulla
581 2371 826 2426 adhibita
865 2389 1013 2426 mora
1043 2373 1305 2429 Dominus
1330 2375 1728 2429 humanitatem
1765 2391 1979 2431 onmem

402 2465 638 2524 variare,
683 2470 738 2519 et
770 2465 932 2517 aliam
992 2464 1174 2520 facere
1233 2467 1463 2536 poterit;
1525 2467 1983 2536 quemadmodum

404 2552 528 2607 sine
553 2552 759 2608 cortice
784 2554 1054 2623 stipitem,
1086 2563 1140 2609 et
1178 2557 1506 2611 aritudinem
1531 2558 1701 2626 scirpi
1727 2558 1982 2623 Aaronis,

405 2646 572 2700 citius
612 2648 806 2710 multo,
838 2662 1001 2717 quam
1051 2648 1106 2702 in
1145 2656 1292 2703 terra
1326 2648 1453 2702 altis
1490 2649 1680 2727 deﬁxa:
1710 2651 1985 2706 radicibus

406 2737 624 2807 plantag,
653 2738 867 2794 fructus
892 2739 1196 2810 producere
1230 2743 1487 2811 praecepit
1510 2741 1594 2807 In;
1629 2742 1673 2797 si
1702 2744 1846 2796 enim
1880 2745 1986 2797 illa:
2024 2734 2033 2737 ’

406 2829 597 2884 multis
646 2846 919 2886 annorum
966 2840 1019 2887 et
1055 2840 1361 2904 temporum
1407 2819 1734 2889 decursibus
1775 2834 1986 2890 fructus

407 2923 690 2989 emittunt;
721 2931 774 2976 at
799 2923 911 2989 illa,
943 2933 1107 2979 nocte
1134 2940 1243 2978 una
1277 2924 1437 2996 184
1455 2926 1638 2978 omnia
1668 2926 1832 2981 simul
1858 2927 1987 2981 folia

2077 433 2285 502 ζητεῖν,
2328 430 2559 502 λήψεται
2590 430 2669 499 τῷ
2690 430 3021 501 προσήκοντι
3059 428 3238 499 καιρῷ
3272 427 3433 482 πάλιν
3458 428 3560 499 τῆς
3591 429 3659 491 ἐξ

2075 523 2242 594 ὕψους
2274 522 2517 593 δύναμιν,
2579 522 2673 575 καὶ
2700 522 2988 576 ἀπάθειαν.
3045 520 3297 591 Πρόσχες
3328 522 3396 590 τῇ
3434 535 3657 589 προφη-

2074 618 2199 689 τεία
2240 634 2256 650 ο
2301 635 2320 668 ι
2361 616 2668 687 Ἐξεγείρου
2717 612 3091 686 Ἰερουσαλὴμ,
3140 613 3235 665 καὶ
3287 612 3497 665 ἔνδυσαι
3552 611 3658 682 τὴν

2080 711 2232 781 ἰσχὺν
2259 708 2354 762 τοῦ
2388 708 2672 779 βραχίονός
2698 724 2814 771 σου,
2848 707 2942 760 καὶ
3005 706 3282 776 ἐξεγείρου
3313 705 3391 768 ὡς
3417 706 3475 757 ὲν
3500 707 3651 775 ἀρχῇ

2075 802 2307 873 ἡμέρας,
2340 801 2473 854 διότι
2499 800 2708 870 ἀπέδρα
2737 802 2845 855 ἀπὸ
2871 798 2964 851 σοῦ
2997 799 3178 868 ὀδύνη,
3206 798 3370 870 λύπη,
3406 800 3499 852 καὶ
3526 815 3657 851 στε-

2077 894 2303 963 ναγμός.
2327 912 2345 943 ι
2407 891 2564 959 Μέγα
2592 891 2649 943 δέ
2685 892 2834 943 ἐστιν
2861 893 2919 944 ὲν
2944 894 3159 956 κακοῖς,
3196 890 3293 943 καὶ
3324 890 3385 943 τὸ
3448 891 3657 960 μικρὸν

2076 988 2297 1055 ἀγαθόν.
2322 987 2383 1039 El
2421 988 2529 1056 γὰρ
2565 986 2671 1037 καί
2706 984 3062 1056 μεμισήμεθα
3102 983 3209 1037 ὑπὸ
3253 981 3389 1036 Θεοῦ
3433 983 3520 1036 διὰ
3554 983 3663 1046 τὰς

2078 1081 2350 1149 ἁμαρτίας
2378 1077 2555 1147 ἡμῶν,
2588 1077 2723 1130 ἀλλὰ
2747 1078 2841 1130 καὶ
2875 1076 3037 1129 πάλιν
3055 1076 3531 1147 ἀγαπηθησόμεθα
3560 1075 3661 1130 διὰ

2077 1171 2178 1239 τῆς
2234 1170 2547 1240 μετανοίας.
2621 1167 2745 1220 Ὅτι
2793 1166 2903 1237 γὰρ
2954 1167 3118 1221 πάλιν
3166 1165 3660 1237 προσλαμϐάνεται

2079 1264 2226 1333 ἡμᾶς
2253 1263 2281 1314 ὁ
2312 1260 2820 1330 πολυεύσπλαγχνος
2850 1259 3257 1330 Δεσπότης,καὶ
3276 1257 3669 1328 κατευφραίνει

2079 1358 2145 1425 τῇ
2177 1356 2452 1422 ἀγαπήσει
2489 1351 2675 1410 αὑτοῦ,
2707 1352 2868 1423 βλέπε
2900 1350 2952 1405 τί
2982 1350 3223 1421 λέγειτῇ
3252 1352 3415 1420 νοητῇ
3460 1351 3671 1420 Ἰερου-

2082 1446 2282 1517 σαλὴμ.
2324 1445 2574 1499 τουτέστι
2621 1447 2689 1516 τῇ
2720 1443 2866 1515 ψυχῇ
2907 1442 3102 1513 ήμῶνο
3144 1443 3293 1496 (Καὶ
3321 1440 3562 1513 θήσομαι
3597 1457 3669 1494 σε

2082 1539 2396 1611 ἀγαλλίαμα
2425 1538 2663 1605 αἰώνιον,
2678 1539 2773 1592 καὶ
2799 1535 3142 1608 εὐφροσύνην
3160 1537 3354 1606 γενεᾶς
3381 1535 3605 1604 γενεῶν.
3638 1553 3670 1588 ι

2084 1633 2175 1704 Μὴ
2200 1627 2294 1687 οὗν
2334 1632 2716 1703 ἀμφιϐάλλῃς,
2775 1631 2913 1693 πῶς.
2966 1630 3137 1683 Ὅταν
3200 1629 3309 1700 γὰρ
3373 1628 3666 1699 βουληθῇὁ

2090 1725 2219 1788 Θεὸς
2248 1724 2355 1778 ἀπὸ
2398 1724 2492 1778 τοῦ
2535 1724 2775 1794 χείρονος
2816 1724 2910 1775 ἐπὶ
2950 1724 3202 1794 κρεῖττον
3241 1719 3568 1791 μεταϐάλειν
3593 1718 3676 1772 τὰ

2088 1818 2408 1888 πράγματα,
2436 1817 2513 1886 τῷ
2542 1816 2875 1885 ὲπιτάγματι
2912 1814 3004 1867 τοῦ
3047 1812 3183 1865 Θεοῦ
3228 1812 3405 1866 πάντα
3462 1811 3674 1881 ἐκστή-

2092 1925 2241 1961 σεται
2291 1908 2361 1962 τὰ
2395 1906 2802 1977 ἐναντιούμενα.
2839 1904 2963 1959 Ὀτι
3001 1905 3258 1968 εὐκόλως,
3287 1904 3381 1957 καὶ
3430 1902 3675 1973 ἑτοίμως

2088 2000 2376 2070 δυνήσεται
2404 1999 2607 2069 Κύριος
2643 2000 2743 2070 τὴν
2770 1998 3169 2068 ἀνθρωπότητα
3226 1996 3669 2067 μετασκευάσαι,

2089 2091 2165 2155 ὡς
2216 2092 2313 2161 τὴν
2378 2091 2617 2160 ἆφλοιον,
2672 2091 2767 2144 καὶ
2824 2089 2993 2159 ξηρὰν
3044 2088 3236 2159 ῥάϐδον
3277 2086 3371 2140 τοῦ
3424 2082 3673 2157 ’Δᾶρὼν,

2090 2182 2381 2254 ταχύτερον
2405 2182 2512 2234 τῶν
2541 2182 2598 2234 ἐν
2630 2184 2696 2252 τῇ
2722 2183 2791 2253 γῇ
2817 2180 3204 2251 ἐρριζωμὲνων
3236 2178 3420 2247 φυτῶν
3450 2194 3673 2247 καρποο

2091 2276 2327 2343 φορῆσαι
2366 2272 2728 2343 προσέταξενσ
2760 2273 2919 2343 εῐπερ
2954 2273 3136 2325 ἐκεῖνα
3183 2270 3401 2333 πολλαῖς
3435 2269 3676 2339 χρόνων,

2092 2366 2184 2418 καὶ
2211 2365 2418 2436 καιρῶν
2443 2367 2671 2437 τροπαῖς
2725 2365 3086 2435 καρποφορεῖ,
3132 2361 3271 2433 α’ύτη
3300 2361 3358 2416 δὲ
3392 2362 3496 2415 ὑπὸ
3535 2361 3680 2430 μίαν

2091 2456 2259 2510 νύκτα
2307 2458 2482 2510 πάντα
2524 2454 2663 2527 ὁμοῦ
2720 2456 2916 2525 φύλλα,
2969 2455 3062 2507 καὶ
3117 2455 3274 2524 ἄνθη,
3310 2454 3402 2506 καὶ
3449 2451 3675 2521 καρπὸν

2093 2551 2392 2621 προήγαγε.
2455 2550 2546 2621 Μὴ
2594 2545 2689 2603 οὖν
2754 2550 2832 2613 ὡς
2882 2548 3077 2619 ἔτυχε,
3134 2548 3230 2600 καὶ
3282 2544 3675 2606 ἀϐασανίστως

2096 2641 2599 2711 μετατιθῶμεν,καὶ
2634 2641 2831 2703 αὐτοὺς
2881 2639 2989 2693 ἀπὸ
3015 2641 3194 2692 τόπων
3227 2638 3307 2701 εἰς
3340 2638 3539 2698 τόπους
3568 2636 3677 2698 τὰς

2093 2736 2157 2786 ἐκ
2182 2734 2286 2787 τῶν
2318 2735 2591 2804 λογισμῶν
2617 2734 2893 2804 ὀχλήσεις,
2931 2733 3025 2786 καὶ
3052 2731 3256 2800 θλίψεις
3283 2728 3675 2798 ἐκφεύγοντεςο

2093 2827 2310 2881 Μᾶλλον
2340 2826 2394 2879 δὲ
2428 2827 2525 2881 καὶ
2558 2828 2847 2896 στήκωμεν
2904 2824 3023 2896 μεθ’
3055 2823 3334 2894 ὑπομονῆς
3362 2817 3674 2892 προσευχόε-

2098 2937 2270 2990 μενοι,
2317 2918 2574 2989 καθάπερ
2628 2917 2873 2988 Μωῦσῆς
2919 2916 3073 2984 ἔλεγε
3125 2912 3483 2985 τῷἸσραήλ·
3522 2912 3671 2981 Στή-

408 3019 465 3065 et
500 3009 687 3077 ﬂores,
723 3012 964 3065 fructum
999 3013 1199 3067 attulit.
1226 3012 1304 3068 Ne
1334 3015 1516 3083 itaque
1549 3014 1627 3067 uti
1654 3011 1796 3068 forte
1822 3014 1981 3080 caditl

2095 3026 2242 3075 κετε,
2310 3009 2404 3062 καὶ
2455 3007 2728 3077 Θαρσεῖτε,
2769 3007 2841 3079 μὴ
2874 3006 3145 3074 φοϐεῖσθε,
3181 3006 3276 3059 καὶ
3313 3003 3505 3075 ἧψεσθε
3569 3002 3677 3070 τὴν

408 3107 464 3155 et
495 3101 702 3172 absque
733 3104 987 3159 examine
1016 3113 1230 3161 nosmet
1267 3105 1337 3161 de
1382 3105 1521 3161 locis
1554 3106 1621 3160 ad
1652 3106 1771 3161 loca
1807 3116 1981 3162 trans-

2093 3100 2365 3172 παράτοῦ
2429 3100 2565 3153 Θεοῦ
2623 3100 2872 3170 βοήθειαν
2905 3139 2920 3164 ,
2985 3100 3053 3171 ἢν
3112 3099 3328 3168 ποιήσει
3375 3097 3505 3167 ὑμῖν
3571 3097 3675 3166 σή-

409 3193 703 3260 vehamur,
738 3210 805 3249 ex
858 3197 1285 3265 cogitationibus
1323 3198 1521 3253 turbas
1560 3205 1615 3251 et
1657 3195 1988 3254 afﬂictiones
2098 3212 2280 3268 μερον.
2655 3182 2663 3191 ’

410 3285 870 3342 intermiscentes.
896 3288 1153 3353 Quinimo
1188 3297 1603 3359 perseverantes
1623 3304 1749 3344 cum
1773 3292 2057 3359 patientia,
2083 3302 2398 3351 exoremus,
2419 3292 2482 3342 ut
2520 3284 2738 3356 Moyses
2784 3282 2972 3339 lsraeli
3040 3283 3259 3339 dicebat
3290 3304 3305 3339 :
3374 3283 3550 3347 State,
3612 3288 3678 3337 et

413 3376 631 3441 audete,
668 3393 737 3432 ne
771 3377 1032 3441 timeatis,
1083 3387 1139 3433 et
1173 3379 1430 3435 videbitis
1471 3380 1738 3435 auxilium
1779 3397 1811 3436 a
1842 3381 1974 3448 Deo,
2013 3381 2159 3453 quod
2184 3379 2342 3436 vobis
2380 3377 2524 3434 Deus
2556 3376 2717 3432 hodie
2750 3375 2936 3435 aﬂeret
2962 3378 3027 3433 δ’.

888 3470 1068 3526 CXLI.
1094 3500 1163 3513 —-
1203 3472 1524 3530 DlACONO.

2566 3474 2750 3526 PMA'.
2769 3501 2832 3512 .-
2848 3473 3169 3543 ΔΙΑΚΟΝῼ.

485 3560 619 3625 Cum
653 3563 857 3619 videris
899 3564 1173 3620 hominem
1199 3582 1331 3621 non.
1350 3567 1498 3632 ﬁdei,
1534 3568 1627 3622 sed
1657 3569 1862 3622 mundo
1895 3568 1981 3623 adi

2171 3568 2340 3622 Ὅταν
2389 3565 2504 3639 ἴδῃς
2525 3564 2812 3635 ἄνθρωπον
2843 3565 3089 3626 ἄπιστον,
3110 3562 3207 3616 καὶ
3238 3562 3570 3632 φιλόκοσμον
3588 3565 3681 3631 ἐγ-

416 3653 646 3720 άίοιιιιιιι
684 3657 1023 3725 temporaria:
1057 3658 1342 3728 sapientiae
1372 3660 1640 3714 inanitate
1674 3660 1981 3729 superbien-

2099 3657 2448 3729 καυχώμενον
2496 3658 2562 3725 τῇ
2586 3654 2909 3724 ματαιότητι
2935 3654 3038 3724 τῆς
3092 3652 3430 3723 προσκαίρου
3452 3653 3676 3722 σοφίας,

416 3756 548 3810 tem,
579 3753 634 3801 et
664 3746 930 3802 divinitus
970 3748 1293 3819 inspiratam
1342 3748 1685 3822 Scripturam
1719 3753 1981 3823 neglecmi

2099 3750 2193 3803 καὶ
2209 3746 2548 3811 εὐτελίςοντα
2567 3744 2665 3815 τὴν
2678 3743 3036 3797 θεόπνευστον
3058 3743 3301 3813 Γραφὴν,
3322 3742 3398 3805 ὡς
3414 3743 3487 3812 μὴ
3512 3744 3678 3794 ἁττι-

419 3837 736 3902 habentem,
770 3839 916 3907 quod
948 3840 1201 3896 formulis
1230 3850 1285 3896 et
1322 3842 1627 3897 Atticorum
1654 3858 1807 3898 more
1831 3858 1981 3898 voces

2102 3838 2627 3905 κίζουσαν,γίνωσκε
2642 3835 2828 3888 τοῦτον
2846 3836 3064 3905 Ναιμὰν
3083 3835 3347 3905 ὑπάρχειν
3364 3835 3453 3887 τὸν
3476 3835 3677 3905 Σύρον,

420 3940 528 3979 non
557 3929 776 3995 promit,
808 3942 933 3982 eum
965 3927 1300 3984 Naamanum
1336 3931 1535 4003 Syrum
1566 3948 1688 3989 esse
1718 3935 1981 3988 existima,

2102 3928 2514 3999 λελεπρωμένον
2543 3926 2662 3981 ὅλον
2680 3926 2769 3981 διὰ
2790 3929 2890 3997 τῆς
2913 3924 3189 3992 ἀπιστίας,
3206 3928 3335 3997 πρὶν
3356 3926 3563 3996 ἐπιγνῷ
3582 3926 3684 3979 τὸν

421 4028 596 4076 totum
654 4023 803 4093 lepra
856 4035 1078 4094 propter
1127 4025 1409 4095 perﬁdiam
1438 4067 1453 4093 ,
1494 4035 1785 4097 antequam
1834 4028 1981 4083 bene-

2103 4020 2397 4093 εὐεργέτην
2423 4020 2577 4083 Θεὸν,
2612 4021 2707 4074 καὶ
2742 4018 2946 4089 Κύριον
2979 4018 3087 4071 τῶν
3120 4019 3279 4081 ὅλων,
3322 4018 3477 4079 ὅστις
3528 4018 3679 4085 ἄγαν

423 4110 705 4179 factorem,
731 4123 785 4170 et
822 4117 1063 4170 omnium
1106 4116 1394 4172 Dominum
1443 4119 1613 4173 Deum
1651 4129 1981 4189 agnosceret,

2107 4114 2204 4185 μὲν
2235 4110 2512 4182 ἐθαύμαζε
2535 4112 2663 4176 τοὺς
2704 4111 2990 4182 μεγίστους
3017 4112 3117 4181 τῆς
3155 4109 3451 4180 Δαμασκοῦ
3502 4126 3681 4164 ποτα-

423 4204 684 4269 obsitum,
722 4207 816 4274 qui
864 4222 1124 4278 perquam
1177 4209 1413 4265 maxime
1466 4210 1718 4281 ingentes
1749 4210 1979 4266 Damasc

2108 4203 2241 4273 μους
2285 4202 2550 4273 μηδαμῶς
2601 4201 2930 4273 δυναμένους
2962 4201 3060 4255 ἕνα
3108 4201 3311 4270 λεπρὸν
3362 4200 3683 4265 ἀπαλλάξαι

423 4293 639 4358 ﬂuvios,
672 4296 823 4350 nullo
844 4298 1007 4352 modo
1034 4300 1120 4354 vel
1149 4315 1319 4354 unum
1353 4300 1516 4370 leprae
1550 4303 1698 4357 notis
1736 4316 1981 4371 componi

2104 4296 2202 4366 τῆς
2238 4296 2595 4349 καταστίκτου
2634 4295 2863 4367 λέπρας,
2897 4294 3149 4365 ηύτέλιζε
3206 4295 3265 4348 δὲ
3303 4293 3394 4348 τδν
3421 4296 3478 4347 ὲν
3506 4297 3575 4365 τῇ
3605 4297 3680 4365 γῇ

424 4390 573 4436 ctum
610 4397 805 4437 sanare
830 4384 1092 4449 valentes,
1135 4388 1577 4452 commendabat,
1621 4403 1677 4443 et
1703 4387 1981 4444 Iordanen

2105 4384 2198 4438 τοῦ
2232 4386 2446 4457 Ἰσραήλ
2474 4385 2764 4457 Ἰορδάνην.
2794 4386 3034 4456 Ἔχομεν
3059 4389 3169 4456 γὰρ
3197 4385 3293 4438 καὶ
3324 4387 3508 4455 ἡμεῖς,
3544 4403 3679 4455 νοη-

426 4475 484 4529 in
508 4483 654 4529 terra
678 4473 841 4531 Israel
866 4478 1264 4547 aspernabatur
1282 4481 1347 4536 ⁸³.
1383 4479 1630 4552 Namque
1659 4497 1760 4537 nos
1785 4498 1981 4552 quoqul

2104 4479 2188 4531 τοὶ
2222 4479 2545 4549 Ἰσραηλῖται
2565 4477 2737 4544 ὄντες,
2764 4478 2834 4531 τὰ
2854 4479 2953 4548 τῆς
2971 4477 3119 4540 θείας
3141 4477 3364 4549 Γραφῆς
3390 4477 3684 4548 Ἰορδᾴνεια

427 4564 823 4621 intellectuales
857 4565 1119 4623 Israelita:
1145 4570 1345 4626 divinae
1381 4570 1683 4642 Scriptum
1710 4572 1981 4628 Jordanic:

2111 4568 2323 4641 ῥεῖθρα,
2378 4570 2524 4641 ἆπερ
2568 4569 2711 4623 κατὰ
2775 4569 2872 4639 μὲν
2915 4568 3013 4639 τὴν
3048 4569 3328 4639 προφορὰν
3360 4568 3454 4622 τοῦ
3492 4569 3681 4637 λόγου,

425 4654 625 4711 ﬂuenta
657 4657 1029 4725 possidemus,
1080 4675 1221 4728 quae,
1256 4676 1382 4715 cum
1429 4664 1741 4732 prolatione
1791 4670 1981 4715 tantnn

2107 4659 2371 4731 ούδαμινά
2411 4677 2471 4713 τε
2515 4662 2611 4714 καὶ
2666 4659 2924 4730 ἐλάχιστα
2979 4658 3264 4727 φαίνεταιῖ
3293 4660 3453 4712 ,κατὰ
3487 4660 3547 4713 δὲ
3580 4661 3684 4723 τὰς

428 4748 698 4803 sermonis
728 4749 1137 4818 exprimuntur,
1182 4753 1311 4807 vilia
1345 4761 1502 4819 sunt,
1549 4761 1608 4810 et
1658 4755 1857 4823 pusilla
1886 4767 1981 4808 cer

2107 4751 2368 4822 δυνάμεις
2424 4751 2533 4805 τῶν
2589 4752 2901 4823 μυστηρίων
2951 4750 3058 4804 τῶν
3098 4750 3502 4821 κεκρυμμένων
3568 4752 3683 4813 τοῖς

428 4848 636 4892 nuntur
671 4858 684 4894 :
718 4849 1093 4896 verumtamen
1121 4845 1421 4898 secundum
1451 4845 1744 4899 facultates
1773 4860 1976 4899 arcano

2108 4842 2350 4914 Χριστοῦ
2385 4842 2729 4914 διδάγμασιν,
2758 4844 2910 4897 ὕδατι
2946 4844 3223 4915 ἀλλομένῳ
3262 4845 3341 4906 εἰς
3371 4841 3516 4914 ζωὴν
3547 4842 3684 4896 αἰώ-

428 4946 548 4985 rum
571 4930 1022 4987 absconditorum
1048 4935 1103 4988 in
1136 4934 1341 4989 Christi
1364 4936 1640 5005 doctrina,
1667 4951 1808 5006 aqua
1840 4937 1981 4991 subsi

2114 4950 2250 4999 νιον,
2296 4933 2600 5003 ἱατρεύοντί
2629 4951 2709 4998 τε,
2743 4935 2837 4987 καὶ
2878 4932 3217 4999 καθαίροντι,
3257 4933 3353 4985 καὶ
3387 4932 3680 5000 φωτίζοντι

428 5021 594 5075 liente
649 5022 705 5075 in
753 5023 921 5076 vitam
978 5033 1237 5079 aeternam
1286 5027 1351 5092 ³⁸,
1410 5043 1644 5096 omnes,
1699 5029 1793 5097 qui
1854 5028 1981 5082 ﬁdem

2111 5025 2319 5087 πάντας
2346 5025 2472 5088 τοὺς
2501 5024 2879 5088 πιστεύοντας,
2909 5024 3166 5095 ὑπερφυῆ
3198 5041 3256 5076 τε
3280 5023 3562 5092 τυγχάνει,
3591 5038 3665 5073 κα

430 5112 851 5181 amplectuntur,
891 5123 1145 5180 curante,
1179 5115 1517 5186 expurgante
1546 5125 1600 5172 et
1644 5118 1981 5172 illuminante

2111 5112 2418 5183 θαυμαστὰ,
2442 5114 2629 5178 ἔνδοξά
2655 5130 2735 5181 τε,
2768 5114 2863 5168 καὶ
2920 5114 3347 5186 ὑπερυψούμενα
3367 5115 3446 5177 εἰς
3472 5113 3681 5177 αἰῶνα,

430 5216 594 5272 supra
646 5212 895 5259 naturam
952 5215 1103 5269 sunt,
1153 5214 1209 5260 et
1243 5206 1608 5275 admirabilia,
1677 5209 1914 5279 gloriosa
1959 5218 2014 5264 et
2113 5204 2327 5268 αἰῶνος-

430 5295 831 5362 superexaltata
855 5295 910 5349 in
944 5297 1142 5351 saecula
1174 5298 1383 5353 saeculi.

556 5382 713 5454 185
759 5384 960 5441 CXLII.
992 5418 1063 5428 —
1090 5388 1491 5447 NICOTYCHO
1542 5390 1868 5449 DIAICONO.

2397 5391 2578 5447 PMB’.
2602 5423 2669 5433 —
2696 5392 3053 5462 ΝΙΚΟΤΥΧῼ
3087 5392 3407 5463 ΔΙΑΚΟΝῼ.

503 5471 609 5539 Qui
655 5475 833 5533 oculis
882 5492 992 5532 non
1020 5479 1361 5550 objiciuntur
1410 5480 1653 5539 Madinei
1706 5483 2005 5549 daemones,

2187 5482 2254 5535 Οί
2284 5484 2508 5550 ἀφανεῖς
2530 5482 2783 5535 Μαδινὲοι
2816 5483 3091 5553 δαίμονες,
3124 5483 3221 5545 τὰς
3272 5481 3480 5536 ἑαυτῶν
3514 5481 3686 5549 θυγα-

505 5613 554 5647 δ⁸
576 5613 690 5697 .Isa.
732 5634 888 5697 until,
918 5618 1004 5673 19.
1076 5619 1256 5697 "ﬁsa.
1282 5620 1429 5687 Ll,9,
1460 5620 1549 5675 11.
1623 5622 1669 5653 ⁸⁸
1694 5621 1810 5678 Jsa.
1850 5637 1939 5686 ωε,
1974 5623 1981 5674 4

2140 5622 2179 5654 ¹¹
2211 5620 2374 5677 Num.
2404 5636 2538 5690 xvn,
2577 5620 2631 5676 8.
2706 5622 2750 5654 “
2787 5620 2957 5677 Exod.
2988 5637 3105 5688 xw,
3135 5622 3224 5675 13.
3299 5617 3435 5675 “IV
3469 5618 3608 5688 Reg.
3634 5633 3685 5683 ν.
3770 5586 3773 5587 ν

440 5689 669 5756 passim.
744 5691 791 5722 “
816 5690 975 5747 Joau.
1003 5704 1076 5755 IV,
1112 5689 1199 5744 44.
