3850 6218
150 254 234 314 265

1346 251 1870 319 EPISTOLARUM
1908 257 2053 321 LIB.
2086 256 2167 315 II.

3266 252 3371 317 266

150 366 334 438 τέρας,
395 365 603 437 δηλαδὴ
664 366 764 429 τάς
810 367 1073 437 αἰσχρὰς
1116 367 1441 438 ἐνθυμήσεις
1498 369 1575 440 τῷ
1624 368 1699 439 νῷ

1828 366 1939 419 ilias
1978 367 2255 434 proprias,
2299 363 2567 418 obscenas
2608 376 2801 431 nempe
2854 361 3231 432 cogitationes,
3286 363 3371 414 iu-

150 456 585 527 παριστάνουσιν,
614 457 959 533 ὲρεξθιζούσας
996 458 1205 520 τοῦτον,
1232 460 1325 512 καὶ
1364 460 1484 512 λίαν
1525 476 1705 529 παρα-

151 548 403 612 ιιαλούσας
426 548 748 619 καμφθῆναι
778 550 915 621 πρὸς
942 551 1003 604 τὸ
1033 552 1245 620 ἄτιμον.
1285 551 1377 605 καὶ
1421 551 1705 615 λυττῶδες,

149 641 226 694 καὶ
248 641 536 712 ἐπάρατον
565 640 749 712 ἔργον.
783 643 883 695 “Av
931 643 1061 711 γοῦν
1107 643 1285 715 συμϐῇ
1324 645 1606 715 όλισθῆσαι
1632 643 1708 711 τῷ

149 730 406 801 πνεύματι
435 732 497 783 ὲν
524 734 593 803 τῇ
628 732 847 804 καμίνῳ
877 734 975 804 τῆς
1014 734 1231 805 ἡδονῆς,
1264 736 1359 787 καὶ
1406 735 1504 803 τὴν
1564 734 1708 787 ἔνδον

153 821 357 895 μοιχίαν
383 822 719 876 ἀποτελέσαι
745 825 889 877 κατὰ
914 826 974 878 τὸ
1011 827 1262 896 ἀόρατον,
1302 826 1493 897 ῶσπερ
1519 826 1649 878 ποτε
1679 828 1707 878 ὁ

152 914 349 985 Ζαμϐρὶ
364 913 513 967 κατὰ
540 915 599 967 τὸ
632 915 956 986 φαινόμενον
982 918 1073 970 ἐπὶ
1094 918 1187 971 τοῦ
1222 919 1522 983 Μωῦσέως,
1550 917 1710 986 χρεία

152 1002 321 1057 λοιπὸν
352 1004 567 1067 Φινεὲς,
587 1005 833 1058 τουτέστι
860 1005 954 1059 τοῦ
995 1009 1184 1075 ἱερέως
1215 1008 1372 1076 λόγου
1409 1008 1710 1071 κτείνοντος

153 1095 217 1165 τῷ
241 1096 580 1167 σειρομάστῃ
592 1097 692 1165 τῆς
706 1095 943 1165 φοϐερᾶς
960 1098 1203 1168 διδαχῆς,
1222 1101 1317 1152 καὶ
1337 1097 1709 1169 ἐξολοθρεύον-

153 1202 230 1247 τος
262 1185 355 1238 τόν
402 1202 467 1237 τε
517 1184 773 1256 Ἐϐραῖον
802 1186 895 1239 τὸν
938 1227 952 1241 .
972 1226 985 1240 .
1004 1222 1018 1240 .
1039 1227 1053 1241 .
1078 1226 1093 1240 .
1122 1229 1137 1243 .
1156 1228 1169 1240 .
1192 1228 1207 1251 ,
1235 1188 1330 1241 καὶ
1358 1188 1456 1261 τὴν
1506 1189 1714 1243 Μαδια-

157 1277 313 1336 νίτιν,
374 1274 625 1328 τουτέστι
676 1276 769 1329 τὸν
812 1275 1132 1347 φιλόπορνον
1176 1277 1397 1346 τρόπον,
1465 1278 1560 1331 καὶ
1612 1278 1711 1347 τὴν

157 1364 559 1434 γαργαλίσασάν
606 1382 667 1419 τε
722 1365 818 1419 καὶ
873 1365 1010 1437 πρὸς
1035 1365 1097 1419 τὸ
1152 1366 1324 1429 πάθος
1382 1364 1714 1437 πυρώσασαν

158 1456 478 1527 προσϐολήν.

452 1545 633 1600 PMI".
652 1545 1050 1617 -ζΠΑΜΦΙΛῼ
1078 1546 1398 1615 ΔΙΛΚΟΝῼ.

216 1634 288 1687 Th
308 1634 495 1696 λέγειν
526 1636 616 1689 τὸν
643 1635 986 1705 Σολομῶντα,
1015 1653 1032 1686 ι
1058 1636 1269 1707 Καρδία
1307 1635 1498 1705 ἀνδρὸς
1524 1635 1715 1705 αἰσθη-

1806 456 2046 508 tellectui
2072 461 2483 524 reprtcsentant,
2507 468 2631 507 eum
2652 454 3007 521 pruritautes,
3030 452 3374 521 maximeque

1806 547 1871 600 ad
1908 561 2145 607 sacrum,
2186 546 2521 609 intestabile,
2558 546 2832 600 rabiosum
2868 543 3374 613 exsecrandumque
3404 594 3415 603 ,

1808 654 1944 706 upus
1969 639 2403 693 exstimulantes.
2438 640 2624 707 Itaque
2667 639 2712 693 si
2750 637 2800 691 id
2835 636 3119 699 acciderit,
3156 644 3217 690 ut
3259 635 3375 706 spi-

1807 731 1913 783 ritu
1937 730 2029 783 illo
2062 732 2115 782 in
2146 731 2418 784 caminum
2448 745 2678 799 proruas
2702 730 3016 798 voluptatis,
3060 738 3113 783 et
3147 729 3375 783 interio-

1809 838 1920 875 rem
1956 816 2391 888 fornicationem,
2420 837 2541 891 qua:
2573 821 2713 877 visui
2750 838 2857 875 non
2881 821 3161 889 objicitur,
3192 822 3374 875 absol-

1808 930 1925 976 vas,
1946 912 2403 982 quemadmodum
2435 910 2726 981 aliquando
2752 910 3002 975 Zambre,
3035 920 3160 965 ante
3187 912 3376 966 oculos

1810 1008 2053 1060 omnium
2078 1016 2318 1075 tempore
2348 1004 2571 1075 Moysis,
2617 1016 2745 1058 tunc
2775 1020 2913 1074 opus
2933 1011 3018 1058 est
3049 1002 3280 1057 Phiuees
3304 1003 3373 1066 ⁸⁸,

1812 1098 1914 1153 hoc
1941 1106 2023 1151 est
2050 1097 2354 1151 sacerdotis
2390 1111 2660 1157 sermone,
2687 1095 2781 1165 qui
2818 1094 3081 1149 terribilis
3112 1093 3378 1147 doctrinae

1816 1190 2104 1243 siromaste
2139 1187 2439 1249 interimat,
2491 1188 2890 1253 Hebrwumque
2941 1184 3272 1245 adulterum,
3324 1192 3380 1237 et

1812 1277 2241 1341 Madiauitidem,
2275 1277 2377 1330 hoc
2408 1284 2513 1338 est,
2567 1276 2901 1344 impudicum
2959 1276 3294 1337 institutum,
3324 1282 3381 1328 et

1812 1370 1905 1439 qui
1948 1370 2280 1435 irritaverat,
2303 1376 2355 1422 et
2376 1367 2443 1421 ad
2474 1367 2725 1421 aﬂectum
2750 1366 3087 1428 incenderat,
3118 1368 3378 1435 impetum

1814 1458 2115 1531 disperdat.

2048 1546 2276 1602 CXLIII.
2307 1577 2376 1586 —
2402 1543 2751 1601 PAMPIIILO
2813 1542 3131 1600 DIACONO.

1887 1639 2204 1696 Verbisillis
2232 1639 2575 1693 Salomonis:
2600 1657 2618 1689 ι
2647 1637 3009 1691 Corhomiuis
3032 1635 3380 1700 sensitivum,

156 1726 293 1796 τικὴ,
337 1726 564 1795 λυπηρά
587 1729 621 1793 ἡ
648 1728 794 1798 ψυχὴ
833 1727 1016 1787 αὐτοῦ,
1055 1746 1075 1779 ι
1105 1727 1261 1779 τοῦτο
1287 1726 1456 1797 δηλοῖ,
1484 1727 1717 1797 ὃτιπερό

1828 1734 1991 1788 lristis
2006 1733 2186 1785 anima
2212 1732 2359 1784 illitis
2378 1730 2444 1793 ⁸⁸,
2468 1749 2485 1780 ι
2513 1731 2780 1793 iunuitur,
2809 1744 2953 1790 eum,
2981 1729 3072 1801 qui
3106 1729 3244 1782 male
3265 1743 3293 1781 a
3324 1743 3384 1781 se

157 1815 444 1885 λαμϐάνων
465 1816 717 1887 αἴσθησιν
753 1816 861 1869 τῶν
891 1815 1113 1886 φαύλως
1139 1813 1289 1884 αὐτῷ
1344 1814 1715 1885 πραχθέντων,

158 1908 242 1960 καὶ
268 1905 634 1979 μνημονεύων
667 1907 767 1977 τῆς
817 1907 1050 1980 φωκτῆς
1079 1906 1353 1972 κολάσεως
1377 1906 1478 1979 τῆς
1499 1907 1717 1971 αἰωνίου

159 1998 409 2069 ἐκείνης,
464 2001 532 2069 τῇ
591 1999 815 2069 ἑκουσίᾳ
873 2000 1020 2073 λύττῃ
1109 2000 1205 2053 καὶ
1268 2002 1333 2071 τῇ
1388 2000 1721 2073 μεταμελείᾳ

94 2163 102 2171 ι
159 2087 338 2142 ἑαυτὸν
365 2088 664 2160 θεραπεύει
690 2090 796 2162 πρὸ
823 2090 923 2161 τῆς
984 2090 1161 2157 ἐξόδου
1190 2090 1285 2143 τοῦ
1338 2090 1474 2161 βίου.
1507 2090 1721 2145 '01:“5»

164 2179 235 2243 δὲ,
260 2181 453 2251 φησὶν,
497 2182 855 2252 εὐφραίνηται
881 2183 910 2234 ὁ
944 2182 1184 2246 τοιοῦτος
1202 2223 1216 2249 ,
1244 2183 1342 2235 οὐκ
1370 2181 1722 2253 ὲπιμίγνυται

160 2267 331 2343 ὕϐρει.
376 2271 504 2327 Κᾶν
536 2273 645 2344 γὰρ
680 2272 932 2343 παροῦσα
955 2273 1109 2343 τύχοι
1138 2272 1384 2341 ἀφθόνως
1420 2274 1455 2343 ἡ
1480 2273 1720 2345 σαρκικὴ

160 2365 490 2437 εὐφροσύνη,
536 2367 630 2419 καὶ
665 2365 864 2438 τρυφὴ,
915 2365 1016 2418 οὐκ
1058 2364 1394 2432 έξολισθήσει
1458 2365 1596 2436 πρὸς
1623 2364 1724 2435 τὴν

161 2458 591 2528 ὀπερηφάνειαν.
649 2457 798 2527 Α’ύτη
847 2457 955 2527 γὰρ
1016 2456 1173 2529 ὕϐρις
1227 2457 1376 2528 παρὰ
1441 2455 1725 2527 φρονίμοις

160 2550 543 2620 κικλήσκεται.

647 2640 823 2693 PMA'.
857 2668 927 2678 —
957 2635 1041 2702 Τῷ
1061 2635 1239 2701 αὐτῷ.

236 2732 477 2802 Ἀσαφὲς
508 2731 688 2799 λέγεις
730 2732 994 2802 ὑπάρχειν
1017 2730 1078 2783 τὸ
1125 2729 1287 2801 ῥηθέν
1315 2744 1328 2759 ·
1369 2747 1386 2780 ι
1409 2728 1501 2798 Μὴ
1556 2742 1727 2797 προσ.

157 2823 370 2896 ἀγάγῃς
423 2823 614 2876 ἀσεϐεῖ
659 2823 830 2892 νομὴν
866 2820 1110 2876 δικαίων.
1136 2840 1153 2873 ι
1215 2821 1369 2891 Ἔχει
1403 2820 1503 2889 μὲν
1532 2813 1624 2871 οὖν
1663 2815 1725 2869 τὸ

161 2915 321 2989 ῥητὸν
354 2915 449 2969 καὶ
477 2914 645 2983 ἀλλην
675 2913 993 2985 ἑρμηνείαν,
1040 2911 1244 2983 ταύτην
1294 2912 1448 2980 δέχου
1502 2908 1724 2980 ἀρτίως.

1817 1839 2071 1894 perverse
2104 1831 2251 1892 gesta
2296 1821 2645 1890 perseutiscit
2702 1821 3070 1890 terribilisque
3124 1834 3187 1873 ac
3239 1834 3385 1874 sem-

1818 1918 2044 1987 piterna:
2078 1915 2225 1970 illius
2282 1913 2583 1983 punitiouis
2632 1912 2975 1976 recordatur,
3015 1925 3252 1965 maerore
3294 1925 3385 1964 νοι

1819 2007 2055 2062 luntario
2096 2013 2149 2060 et
2203 2005 2565 2074 pmniteutia,
2622 2012 2913 2073 antequam
2963 2019 2992 2057 e
3044 1990 3154 2057 vita
3204 2012 3381 2064 exeat,

1819 2100 2171 2168 semetipsum
2208 2112 2421 2151 curare.
2453 2098 2587 2151 Cum
2617 2112 2765 2157 vero,
2798 2097 2894 2157 ait,
2932 2096 2980 2150 is
3004 2095 3239 2159 laetatur,
3274 2109 3383 2147 non

1819 2190 2203 2246 commiscetur
2238 2203 2361 2241 cum
2394 2186 2622 2258 ﬂagitio.
2651 2186 2803 2241 Licet
2834 2186 2975 2239 euim
3018 2184 3235 2238 abunde
3260 2198 3386 2236 cor-

1819 2295 1987 2352 porca
2025 2280 2208 2333 Imtitia
2239 2278 2403 2343 adsit,
2447 2279 2718 2347 luxusque
2750 2277 2953 2341 aIIIuat,
3003 2290 3277 2344 nunquam
3330 2274 3385 2328 in

1822 2373 2133 2443 superbiam
2160 2373 2431 2425 illabetur.
2480 2373 2606 2424 Haec
2637 2372 2783 2424 enim
2820 2369 3082 2439 ﬂagitium
3122 2367 3266 2438 apud
3297 2381 3388 2423 εει-ο

1822 2464 2031 2536 pientes
2063 2478 2259 2517 nomen
2293 2463 2476 2517 habet.

2211 2645 2371 2716 183
2426 2641 2653 2698 cxuv.
2683 2671 2755 2683 -
2782 2641 2989 2697 Eidem.

1893 2735 2108 2793 Dictum
2138 2736 2293 2800 illud,
2330 2744 2389 2789 ut
2424 2734 2543 2804 ipse
2558 2737 2659 2800 ais,
2684 2734 2982 2788 obscurum
3010 2740 3093 2787 est
3120 2730 3264 2786 :«Ne
3294 2747 3391 2801 ap-

1824 2842 1997 2902 ponas
2052 2828 2219 2897 impio
2249 2828 2431 2881 cibum
2476 2828 2754 2899 iustorum
2784 2826 2849 2878 '".
2878 2843 2895 2875 ι
2935 2824 3108 2879 [labet
3136 2824 3389 2894 equidem

1827 2920 2033 2975 dictum
2069 2919 2174 2973 hoc
2214 2929 2267 2974 et
2320 2919 2480 2973 aliam
2518 2919 2700 2973 verbis
2751 2912 3054 2986 subjectam
3088 2919 3389 2980 notionem,

158 3005 318 3076 Νομὴ
365 3006 585 3059 πάντων
646 3002 875 3069 πιστῶν,
925 3002 1020 3057 καὶ
1069 3002 1269 3073 τροφὴ,
1312 3001 1406 3054 καὶ
1449 2999 1725 3069 ἕνδυμα,ό

1828 3024 1990 3081 quam
2020 3023 2166 3063 nunc
2194 3008 2411 3063 habeto.
2449 3006 2616 3062 Cibus
2647 3007 2888 3062 omnium
2917 3006 3179 3070 ﬁdelium,
3210 3013 3264 3060 et
3294 3006 3394 3058 ali-

159 3097 351 3169 Σωτὴρ
391 3096 627 3166 Χριστὸς
661 3095 915 3166 ὑπάρχειν
939 3096 997 3146 ὲν
1026 3092 1175 3163 αύτῷ
1215 3092 1324 3162 γὰρ
1362 3090 1725 3160 ἐκτίσθημεν,

168 3210 187 3243 ι
216 3192 312 3243 καὶ
334 3189 542 3260 ζῶμεν,
560 3189 655 3241 καὶ
681 3185 998 3256 κινούμεθα,
1030 3185 1125 3237 καὶ
1158 3183 1379 3252 ἐσμέν.»
1397 3179 1618 3250 Ἐπειδὴ
1636 3176 1730 3234 οὖν

162 3282 259 3335 καὶ
290 3280 352 3334 τδ
382 3279 717 3332 Δεσποτικὸν
761 3278 941 3348 σῶμα,
976 3276 1070 3328 καὶ
1097 3271 1237 3344 αἷμα
1272 3270 1367 3325 τοῦ
1390 3269 1525 3323 Θεοῦ
1555 3270 1730 3337 Λόγου

160 3370 249 3426 διά
272 3371 376 3441 τὴν
403 3368 715 3438 οἰκονομίαν
735 3367 874 3438 νομὴ
901 3366 1160 3436 τυγχάνει
1191 3360 1537 3436 Χριστιανῶν
1565 3360 1734 3415 ἀπάν-

158 3479 289 3525 των,
325 3461 423 3515 καὶ
469 3459 649 3530 τούτῳ
672 3458 750 3529 τῷ
794 3457 1076 3529 μυστηρίῳ
1127 3457 1415 3526 τρέφονται
1437 3453 1533 3508 καὶ
1578 3452 1732 3507 ποτε-ι

164 3554 368 3619 ζονται’
435 3551 635 3605 ἄτοπον
665 3550 730 3605 ἂν
781 3550 867 3620 εἴη
921 3547 1258 3620 μεταδιδόναι
1306 3545 1403 3602 τοῦ
1454 3544 1734 3617 λεχθέντος

168 3643 470 3717 μυστηρίου
505 3642 659 3713 ἀνδρί
696 3658 806 3695 τινι
860 3640 1047 3693 ἀσεϐεῖ
1093 3640 1187 3692 καὶ
1214 3638 1390 3708 δολίῳ,
1422 3636 1605 3698 καθὼς
1653 3635 1733 3706 τῷ

168 3738 322 3813 μάγῳ
335 3737 543 3803 Σίμωνι
559 3734 717 3804 δῆθεν
734 3733 1003 3786 πιστεύειν
1024 3729 1560 3801 καθυποκρινομένῳ.
1577 3726 1734 3779 Ἀλλά

167 3828 297 3901 μηδὲ
313 3826 415 3896 τὴν
435 3824 737 3895 βαθυτέραν
758 3823 863 3875 τῶν
880 3820 1186 3892 σεϐασμίων
1227 3819 1422 3889 λογίων
1444 3816 1735 3882 ἀνάπτυξιν

168 3918 501 3991 προσφέρειν
544 3915 611 3969 ἂν
644 3916 872 3984 ὰμυήτῳ
910 3913 1017 3966 τινὶ
1065 3913 1159 3966 καὶ
1175 3912 1394 3984 πονηρῷ
1442 3913 1733 3986 ἀνθρώπῳ.

173 4012 300 4082 «Μὴ
322 4010 431 4079 δῷς
466 4007 598 4078 γὰρ,
628 4007 782 4075 φησὶ,
811 4005 872 4059 τὸ
897 4006 1049 4073 ἆγιον
1077 4004 1154 4075 τῷ
1190 4005 1332 4068 κυνὶ,
1356 4004 1475 4075 μηδ’
1494 4004 1734 4075 ἔμπροσ-

168 4104 253 4158 θεν
291 4104 500 4174 χοίρων
560 4100 727 4171 βάλῃς
772 4100 899 4160 τοὺς
930 4097 1293 4169 μαργαρίτας.
1343 4116 1362 4148 ι
1395 4098 1560 4151 Πάλιν
1582 4096 1639 4149 δέ
1669 4110 1735 4167 με

166 4192 485 4265 ἠρώτησας,
533 4189 651 4251 πῶς
694 4186 800 4258 χρὴ
842 4188 983 4240 νοεῖν
1007 4185 1068 4239 τὸ
1097 4184 1484 4257 γεγραμμένον
1535 4183 1736 4255 ὁμοίως

170 4287 320 4358 παρὰ
345 4284 425 4354 τῷ
450 4281 775 4350 Σολομῶντι,
821 4298 840 4331 ι
865 4279 955 4350 Μὴ
985 4278 1269 4350 ἀπατηθῇς
1308 4276 1570 4349 χορτασίᾳ
1623 4293 1737 4331 χοι.

1830 3108 2093 3166 mentum,
2132 3107 2186 3155 et
2236 3101 2621 3155 vestimentum
2653 3098 2903 3153 Salvator
2953 3098 3205 3153 Christus
3253 3105 3339 3153 est
3375 3111 3390 3150 :

1829 3192 1886 3248 in
1923 3206 1988 3247 eo
2014 3192 2286 3262 siquidem
2316 3192 2505 3257 creati,
2556 3209 2574 3242 ι
2615 3200 2671 3245 et
2716 3190 2974 3252 vivimus,
3004 3196 3058 3244 et
3090 3202 3390 3250 movemur,

1829 3289 1884 3338 et
1906 3278 2160 3338 sumus"
2183 3286 2219 3338 ⁴.
2258 3301 2277 3334 ι
2320 3282 2455 3336 Cum
2480 3282 2665 3351 itaque
2695 3287 2748 3336 et
2792 3280 3133 3335 Dominicum
3163 3295 3391 3348 corpus,

1829 3380 1891 3429 et
1944 3374 2172 3442 sanguis
2222 3372 2311 3426 Dei
2369 3371 2527 3426 Verbi
2584 3387 2678 3441 per
2742 3370 3176 3425 incarnationem
3232 3367 3393 3422 Verbi

1830 3467 2265 3522 Christianorum
2322 3464 2565 3519 omnium
2602 3463 2758 3519 cibus
2786 3463 2876 3528 sit,
2909 3477 3082 3530 eoque
3111 3477 3312 3515 arcano
3339 3470 3394 3514 et

1832 3559 2050 3614 alantur
2107 3568 2163 3614 et
2215 3564 2507 3628 potentur,
2576 3556 2873 3609 absurdum
2923 3554 3175 3623 equidem
3230 3553 3394 3607 fuerit

1830 3650 2073 3722 praedicti
2107 3649 2291 3704 arcani
2316 3648 2491 3702 virum
2530 3647 2841 3716 improbum
2877 3646 3239 3714 dolosumque
3269 3657 3394 3711 par:

1833 3742 2047 3811 ticipem
2084 3739 2282 3802 facere,
2322 3738 2487 3793 veluti
2536 3734 2812 3790 Simonem
2877 3734 3132 3804 Magum,
3190 3733 3281 3803 qui
3337 3749 3397 3788 se

1832 3834 2057 3887 credere
2108 3828 2403 3884 simulabat
2433 3827 2519 3881 ἐς
2562 3827 2811 3896 quinimo
2864 3835 2919 3880 et
2976 3824 3392 3895 profundiorem

1833 3919 2264 3977 venerandorum
2325 3919 2668 3988 eloquiorum
2721 3916 3228 3985 Interpretationem
3276 3916 3396 3969 vim

1835 4012 2104 4083 improbo,
2137 4011 2369 4067 necdum
2399 4010 2617 4064 initiato
2666 4010 3017 4066 concredere.
3057 4027 3076 4061 ι
3103 4008 3182 4065 Ne
3209 4008 3395 4062 tradas

1834 4104 2002 4169 enim,
2024 4105 2116 4168 ait,
2141 4110 2391 4159 sanctum
2422 4102 2571 4166 cani,
2607 4116 2711 4157 nec
2739 4110 2867 4156 ante
2892 4115 3090 4171 porcos
3125 4100 3395 4170 margari-

1835 4203 1923 4251 tas
1945 4193 2204 4265 projicias
2232 4194 2301 4247 ⁸⁸.
2338 4212 2359 4245 ι
2401 4191 2674 4248 Praeterea
2713 4208 2743 4246 a
2794 4208 2880 4247 me
2909 4192 3228 4262 postulasti,
3262 4206 3397 4260 qua-

1836 4300 1961 4341 nam
1991 4284 2199 4338 ratione
2221 4282 3103 4352 Salomonisilludintelligendum
3135 4283 3205 4336 sit
3231 4301 3243 4337 :
3278 4302 3295 4333 ι
3324 4283 3398 4333 Ne

168 4380 368 4442 λίαςςι
418 4376 497 4429 Οὐ
557 4375 665 4445 γὰρ
726 4373 815 4437 ἂν,
862 4371 1197 4441 φιλόχριστε,
1260 4369 1513 4440 καθάπερ
1566 4367 1725 4453 ἄρτου

1834 4374 2083 4432 illudaris
2118 4374 2369 4429 satietate
2396 4374 2599 4429 ventris
2622 4373 2708 4427 ‘°?
2742 4393 2759 4425 ι
2787 4372 2906 4427 Νοη
2936 4374 3105 4439 enim,
3137 4387 3170 4427 ο
3190 4373 3396 4427 Christi

170 4466 351 4522 κοινοῦ
378 4467 479 4519 καὶ
506 4463 672 4528 οἴνου,
694 4463 828 4532 πρὸς
859 4461 1174 4532 πλησμονὴν
1208 4460 1310 4529 τῆς
1348 4459 1602 4529 γαστρὸς,
1633 4459 1733 4530 τῆς

170 4558 481 4631 φρικώδους
505 4556 717 4624 ἐκείνης
739 4553 831 4606 καὶ
856 4551 1106 4621 ποθεινῆς
1124 4550 1402 4622 τραπέζης
1441 4550 1735 4620 μετέχομεν

171 4653 264 4705 ἐπὶ
298 4651 402 4719 τῆς
446 4645 791 4715 Ἐκκλησίας·
827 4642 1052 4714 βραχέος
1078 4642 1134 4695 δὲ
1164 4642 1362 4712 μέρους
1390 4639 1535 4703 τινὸς
1569 4657 1739 4710 μετα-

170 4743 377 4796 δίδοται
398 4740 529 4809 ἡμῖν
563 4735 668 4789 ὑπὸ
723 4734 831 4788 τῶν
858 4734 935 4804 τῷ
961 4733 1081 4804 Θεῷ
1123 4732 1601 4802 λειτουργούντων,
1641 4727 1738 4783 καὶΙ

176 4831 425 4905 μεταλαμ
437 4828 673 4897 ϐάνομεν
703 4828 782 4889 εἰς
809 4824 941 4894 ὕψος
960 4824 1292 4888 ἀτενίζοντες
1314 4824 1424 4884 τοῖς
1436 4822 1533 4892 τῆς
1559 4820 1737 4891 ψυχῆς

170 4922 494 4992 ὀφθαλμοῖς,
526 4917 662 4984 πρὸς
686 4915 748 4969 τὸ
774 4913 1167 4986 καθαρισθῑψαι
1230 4912 1734 4984 πλημμελημάτων,

173 5013 269 5066 καὶ
334 5008 608 5080 ἀγιασμοῦ
683 5008 774 5062 καὶ
848 5005 1115 5076 σωτηρίας
1174 5006 1372 5074 τυχεῖν.
1432 5003 1609 5057 Καλὸν
1678 5001 1737 5055 δὲ

173 5099 404 5172 νομίζω,
457 5099 555 5153 καὶ
579 5101 637 5152 ἐν
676 5101 743 5169 τῇ
790 5098 941 5168 κοινῇ
990 5095 1240 5169 τραπέζῃ
1277 5095 1335 5147 ἐν
1364 5096 1483 5158 ταῖς
1539 5091 1737 5155 οἰκίαις

171 5192 334 5263 ἡμῶν
357 5190 435 5262 μὴ
462 5189 777 5244 ἀπατᾶσθαι
827 5188 1093 5260 χορτασίᾳ
1129 5188 1358 5250 κοιλίας,
1393 5186 1636 5239 τουτέστι
1663 5183 1739 5254 μὴ

174 5282 529 5355 ὑπερϐαίνειν
549 5280 617 5334 τά
634 5281 757 5352 ὅρια
789 5280 889 5351 τῆς
918 5278 1218 5347 ἀναγκαίας
1266 5278 1455 5349 χρείας
1474 5293 1488 5308 ο
1536 5278 1732 5347 μέτρον

172 5374 283 5445 γὰρ
313 5372 379 5442 δὴ
412 5370 637 5443 ἀριστον
664 5370 765 5439 τῆς
808 5368 918 5421 τῶν
952 5367 1255 5439 βρωμάτων
1278 5367 1313 5438 ἢ
1341 5366 1448 5419 τῶν
1473 5367 1733 5437 πομάτων

171 5467 448 5537 χρήσεως,
483 5464 517 5534 ἡ
550 5462 706 5533 χρεία
727 5460 961 5531 ὑπάρχει
989 5458 1083 5512 τοῦ
1102 5458 1371 5530 σώματος.

263 5580 314 5613 ⁸⁸
351 5578 516 5633 Νιιιιι.
547 5594 674 5644 xxv,
720 5576 745 5629 I
789 5588 912 5645 sqq.
1022 5571 1070 5607 ⁸⁸
1108 5574 1273 5628 Prov.
1316 5591 1429 5643 xw,
1466 5572 1549 5631 10.

173 5648 221 5685 ⁹⁹
244 5649 443 5706 Matth.
471 5662 569 5714 vn,
598 5649 653 5702 6.
727 5644 772 5678 °°
812 5644 971 5699 Prov.
1005 5655 1157 5711 αχεν,
1190 5644 1277 5699 15.

346 5747 614 5809 ΡΑτιιοι..
647 5744 762 5807 Gn.
794 5740 1083 5829 LXXIX.

1656 5572 1701 5607 "
1743 5574 1904 5631 Prov.
1945 5590 2090 5641 sxw,
2136 5574 2221 5630 15.

1840 4469 2033 4531 amice,
2063 4464 2227 4522 veluti
2254 4466 2562 4521 communis
2588 4466 2746 4536 panis
2772 4475 2826 4520 et
2865 4466 3001 4528 vini,
3034 4465 3100 4520 ad
3134 4465 3395 4520 saturita-

1838 4566 1945 4613 tem
1996 4558 2245 4621 ventris,
2291 4556 2372 4610 sic
2425 4557 2722 4611 tremendae
2785 4556 2931 4611 illius
2988 4573 3053 4611 ac
3100 4555 3400 4624 concupita

1839 4662 2043 4704 mensa:
2074 4648 2127 4700 in
2158 4642 2400 4701 Ecclesia
2425 4648 2851 4715 participamus;
2889 4647 2984 4702 sed
3014 4646 3239 4701 minima
3269 4662 3399 4716 par-

1840 4739 2009 4794 ticula
2047 4739 2203 4794 nobis
2240 4754 2271 4793 a
2318 4737 2424 4794 Deo
2479 4739 2921 4793 ministrantibus
2982 4736 3293 4798 exhibetur,
3345 4743 3400 4789 et

1841 4831 2328 4898 communicamus,
2381 4831 2575 4886 anima:
2606 4832 2795 4886 oculos
2843 4830 2897 4884 in
2948 4829 3225 4885 excelsum
3263 4829 3399 4881 diri-

1838 4927 2050 4991 gentes,
2104 4928 2231 4974 uta
2283 4920 2525 4991 peccatis
2557 4921 2905 4982 mundemur,
2957 4926 3011 4974 et
3054 4918 3398 4973 sanctitatem

1836 5022 2000 5083 atque
2025 5013 2252 5068 salutem
2275 5027 2699 5084 consequamur.
2728 5012 3004 5081 Optimum
3028 5010 3190 5064 etiam
3217 5007 3402 5061 existi-

1838 5118 1949 5166 mo,
1986 5117 2087 5156 uos
2140 5104 2194 5157 in
2230 5118 2416 5157 mensa
2468 5100 2749 5157 communi
2773 5099 2926 5169 apud
2980 5098 3125 5152 aedes
3179 5102 3397 5150 nostras

1840 5191 2090 5246 satietate
2121 5193 2324 5245 ventris
2349 5206 2458 5245 non
2486 5190 2665 5252 illudi,
2722 5204 2856 5243 usus
2885 5202 3077 5258 nempe
3105 5185 3400 5241 necessarii

1835 5281 2041 5337 limites
2064 5296 2172 5335 non
2194 5281 2468 5337 excedere.
2493 5279 2743 5345 Mensura
2771 5292 3003 5348 namque
3026 5277 3133 5332 cibi
3157 5292 3222 5331 ac
3244 5287 3402 5347 potus

1841 5374 2041 5443 Optima
2073 5372 2252 5438 fuerit,
2284 5372 2586 5426 necessitas
2614 5368 2877 5439 corporis.

2331 5573 2399 5611 "'
2422 5575 2542 5631 Act,
2574 5590 2705 5639 xvn,
2730 5572 2821 5629 28,
2929 5568 2974 5600 ⁵⁸
3012 5567 3135 5622 Act.
3160 5582 3279 5629 VIII,
3313 5565 3399 5619 15.

2979 5730 3014 5792 9
