3850 6218
477 314 580 381 267

613 431 771 501 ’[87
801 428 1007 485 CXLV.
1035 461 1106 473 —
1135 430 1489 488 EULAMPIO
1525 430 1910 488 SOPIIISTIE.

546 523 687 590 Quid
725 522 858 578 mihi
884 522 1196 578 Graecorum
1236 525 1535 594 sapientes,
1568 534 1827 593 protensa
1873 526 2042 581 barba

471 622 803 684 praegraves,
839 623 891 668 et
923 613 1297 669 humeralibus
1346 614 1666 679 adornatos,
1722 615 2044 685 tumideque

475 702 714 766 inﬂatos,
746 703 943 757 baculo
974 703 1252 772 barbaque
1285 703 1693 758 venerationem
1731 705 1837 760 sibi
1871 721 2042 759 aucu-

473 804 687 866 pantes,
716 796 1036 865 pr0tendis?
1081 796 1285 852 Paulus
1312 796 1457 851 enim
1505 797 1805 852 aulaeorum
1838 805 2039 863 textor,

474 886 541 940 de
574 886 661 941 via
694 889 878 951 homo,
924 896 978 943 et
1010 889 1151 958 apud
1185 903 1377 944 omnes
1422 889 1765 959 contemptui
1798 890 2038 955 habitus,

472 976 731 1033 Gmciam
764 978 1111 1048 reliquasque
1142 978 1402 1035 barbaras
1437 993 1627 1048 gentes
1661 981 1944 1036 universas
1976 980 2042 1035 ad

472 1067 641 1125 Deum
673 1073 965 1125 convertit.
1006 1070 1108 1137 Qui
1146 1086 1277 1125 vero
1324 1071 1469 1141 apud
1499 1088 1598 1129 vos
1650 1072 2043 1128 circumfertur

470 1158 828 1228 omniumque
853 1159 1109 1214 manibus
1149 1159 1365 1225 teritur,
1402 1158 1581 1228 Plato,
1622 1162 1785 1216 tertio
1817 1166 1871 1215 in
1898 1161 2041 1216 Sici-

469 1253 598 1309 liam
631 1253 999 1325 aduavigans,
1053 1270 1178 1310 cum
1210 1257 1503 1312 verborum
1545 1257 1765 1311 illorum
1803 1264 2037 1325 tumore,

467 1346 607 1402 etde
640 1362 699 1403 se
729 1356 988 1418 concepta
1018 1348 1304 1418 splendida
1343 1350 1621 1419 Opinione,
1674 1364 1850 1419 neque
1875 1351 2039 1406 unius

468 1438 687 1509 tyranni
717 1454 940 1509 compos
972 1439 1152 1496 factus
1182 1450 1289 1509 est;
1325 1441 1421 1496 sed
1452 1441 1533 1496 sic
1563 1441 1758 1495 misere
1780 1441 2037 1506 decessit,

469 1538 620 1586 utet
664 1531 969 1587 libertatem
1031 1533 1207 1602 ipsam
1264 1533 1533 1589 amiserit.
1584 1533 1686 1587 Ast
1738 1532 2035 1587 aulzeorum

468 1628 667 1685 textor,
726 1636 836 1676 non
899 1621 1145 1677 Siciliam
1198 1632 1445 1686 tantum,
1495 1637 1606 1677 non
1654 1622 1888 1689 Italiam,
1938 1621 2037 1677 sed

1939 323 1998 382 S.
2041 324 2202 385 NILI

2069 455 2119 510 Α

2430 438 2608 493 mm.
2630 468 2699 478 —
2726 436 3084 513 ΕΥΛΑΜ-ΠΙῼ
3100 442 3407 514 meum.

2215 528 2280 581 Τί
2346 547 2435 598 μοι
2491 532 2821 606 προσφέρεις
2871 534 2994 596 τοὺς
3033 533 3141 587 τῶν
3169 534 3433 605 Ἑλλήνων
3487 535 3713 601 σοφοὺς,

2142 619 2266 681 τοὺς
2295 618 2480 688 βαθεῖς
2505 622 2630 684 τοὺς
2673 621 2942 691 πώγωνας
2971 622 3246 687 ἕλκοντας,
3280 624 3376 677 καὶ
3403 623 3714 693 ἀναϐεϐλη-

2145 707 2341 776 μένους
2373 706 2470 769 τάς
2491 708 2789 778 ἐπωμίδας,
2823 711 2918 763 καὶ
2958 710 3097 780 μέγα
3128 711 3413 780 φυσῶντας
3440 711 3503 764 τὸ
3529 710 3717 763 δοκεῖν

2144 798 2501 865 σεμνύνεσθαι
2553 803 2617 871 τῇ
2671 800 2940 873 βακτηρίᾳ
2997 803 3091 855 καὶ
3116 805 3182 874 τῇ
3222 803 3450 873 ὑπήνῃ;
3495 802 3715 867 Παῦλος

2141 888 2249 959 γὰρ
2275 891 2303 942 ό
2331 893 2649 961 σκηνοποιὸς
2678 894 3186 963 κατηυτελισμένος,
3208 894 3569 972 τὴνςΕλλάδα
3613 894 3713 948 καὶ

2141 982 2239 1049 τὴν
2262 978 2530 1052 βάρϐαρον
2562 984 2742 1036 πᾶσαν
2782 983 3056 1054 ἀπέτρεψε
3096 984 3231 1054 πρὸς
3255 984 3385 1037 Θεόν
3402 1002 3416 1016 ο
3450 987 3478 1037 ὁ
3495 984 3551 1037 δὲ
3575 983 3712 1054 παρ’

2142 1072 2268 1134 ὑμῖν
2288 1073 2567 1142 ίάγόμενος
2624 1075 2716 1126 καὶ
2748 1075 3177 1145 περιφερόμενος
3214 1076 3456 1138 Πλάτων,
3520 1074 3713 1142 τρίτον

2141 1161 2222 1224 είς
2252 1162 2496 1216 Σικελίαν
2525 1163 2713 1231 ἐλθὼν,
2751 1164 2890 1234 μετά
2913 1166 3006 1217 τοῦ
3042 1165 3255 1234 κόμπου
3290 1166 3397 1217 τῶν
3444 1165 3712 1235 ῥημάτων

2146 1252 2389 1317 ἐκείνων,
2444 1254 2579 1324 μετὰ
2614 1255 2712 1324 τῆς
2749 1255 3068 1325 ὑπολήψεως
3109 1255 3210 1325 τῆς
3241 1256 3518 1325 λαμπρᾶς,
3575 1254 3710 1307 οὐδὲ

2141 1341 2258 1404 ἐνὸς
2299 1344 2614 1412 περιγέγονε
2651 1342 2935 1413 τυράννου·
2984 1341 3097 1396 ἀλλ’
3131 1343 3305 1407 οὕτως
3360 1344 3557 1407 ἀθλίως
3592 1348 3711 1399 ἀπ-

2139 1430 2386 1501 ήλλαξεν,
2418 1434 2491 1494 ὼς
2506 1434 2598 1485 καὶ
2623 1433 2792 1502 αὐτῆς
2814 1436 3061 1487 ἐκπεσεῖν
3082 1437 3181 1503 τῆς
3206 1433 3534 1504 ἐλευθερίας.
3570 1434 3630 1487 '0
3645 1435 3710 1488 δέ

2139 1537 2204 1589 γε
2252 1523 2573 1590 σκηνοποιὸς
2621 1523 2681 1576 οὐ
2741 1524 2991 1577 Σικελίαν
3054 1525 3233 1595 μόνον,
3294 1527 3402 1577 οὐδ’
3448 1525 3707 1592 Ἰταλίαν,

2137 1612 2273 1665 ἀλλά
2307 1614 2486 1665 πᾶσαν
2508 1614 2584 1685 τῷ
2612 1615 2923 1686 κηρύγματι
2960 1615 3060 1686 τῆς
3080 1616 3361 1680 εὐσεϐείας
3385 1616 3485 1687 τὴν
3516 1618 3707 1671 οίκου-

468 1712 785 1767 universum
820 1722 1092 1769 terrarum
1145 1713 1333 1769 orbem
1383 1714 1587 1784 pietate
1630 1713 2030 1783 praedicationis

2143 1703 2309 1775 μένην
2331 1705 2656 1775 ἐπέδραμεν.

467 1816 719 1859 emensus
748 1812 854 1860 est.

573 1895 802 1952 CXLVI.
844 1927 916 1938 -
943 1884 1338 1954 PHILOXEN'O
1383 1895 1927 1954 GENSOPHYLACI.

534 1984 722 2059 Neque
753 1988 806 2042 in
850 1988 1012 2044 rebus
1049 1989 1308 2046 secundis
1347 2004 1412 2044 ac
1458 1989 1650 2044 faustis
1676 1989 2035 2059 corybantum

466 2094 620 2135 more
641 2080 856 2143 insano,
892 2088 1056 2150 atque
1097 2079 1247 2135 inani
1283 2089 1496 2135 tumore
1530 2079 1706 2133 inﬂari
1750 2079 2033 2142 debemus,

467 2178 645 2237 neque
699 2166 755 2221 in
813 2166 1058 2224 adversis
1113 2169 1465 2224 successibus
1509 2169 1809 2224 bestiarum
1860 2168 2036 2223 instar

467 2258 803 2328 despondere
861 2260 1123 2323 animum,
1167 2266 1223 2315 et
1259 2276 1289 2314 a
1323 2275 1561 2315 maerore
1612 2260 1892 2315 absorberi
1932 2277 1947 2315 :
1979 2258 2030 2313 id

465 2364 702 2419 namque
730 2350 912 2419 pusilli
943 2351 1109 2404 animi
1126 2358 1289 2420 atque
1311 2351 1547 2406 imbellis
1571 2361 1671 2406 est.
1701 2349 1767 2403 Et
1794 2365 2033 2420 praesens

466 2439 582 2493 haec
610 2439 719 2493 vita
752 2440 1093 2509 corruptioni
1128 2442 1366 2495 obnoxia
1411 2456 1588 2496 scenae
1625 2441 1890 2497 assimilis
1924 2452 2029 2497 est.

467 2531 647 2599 Quare
696 2547 871 2602 neque
923 2530 1259 2586 fortunatum
1296 2548 1419 2588 esse
1464 2548 1681 2602 semper
1720 2533 1776 2587 in
1811 2533 2027 2600 iisdem,

466 2637 643 2692 neque
675 2621 801 2675 huic
824 2622 1136 2691 oppositum
1162 2623 1357 2676 stabile
1388 2622 1572 2675 fuerit.

683 2711 934 2767 CXLVII.
957 2744 1027 2756 -—
1055 2712 1383 2769 LYCURGO
1440 2712 1824 2770 ILLUSTRIO.

536 2802 670 2869 Quis
720 2811 773 2857 te
812 2819 923 2857 non
976 2803 1258 2857 irridebit?
1297 2804 1432 2869 Quis
1462 2804 1529 2858 de
1563 2804 1668 2857 isto
1700 2812 1792 2857 tuo
1848 2803 2030 2858 studio

465 2891 632 2946 nullis
682 2891 1046 2946 circumcluso
1094 2892 1292 2947 tinibus
1338 2907 1450 2947 non
1501 2893 1815 2947 accusabit?
1867 2894 2028 2964 188

465 2981 602 3049 Quis
631 2984 857 3037 stultum
886 2981 1125 3037 furorem
1159 2998 1267 3036 non
1308 2983 1704 3052 reprehendet,
1737 2985 1827 3053 qui
1868 2987 2027 3039 colli-

465 3073 656 3143 gendis
678 3072 921 3143 pecuniis
943 3088 1221 3142 nunquam
1254 3075 1612 3140 exsaturaris,
1648 3090 1823 3143 eaque
1858 3074 2028 3143 possi-

466 3163 595 3218 dere
615 3163 921 3228 existimas,
947 3179 1086 3233 quae,
1123 3165 1360 3219 moriens
1388 3172 1443 3218 et
1480 3164 1532 3217 in
1577 3166 1850 3233 regionem
1876 3166 2021 3219 illam

466 3267 497 3306 a
532 3254 826 3308 tremendis
859 3253 1066 3324 angelis
1088 3254 1294 3307 catenis
1325 3253 1539 3308 vinctus
1558 3255 1895 3322 deportatus,
1919 3271 2024 3308 una

464 3355 642 3402 tecum
675 3346 975 3401 convehere
1010 3361 1118 3399 non
1144 3348 1377 3415 poteris;
1419 3346 1663 3416 qninimo
1702 3346 1876 3400 hostis
1908 3361 2026 3399 inu-

467 3454 572 3493 uus
603 3439 836 3508 peragis,
866 3452 989 3492 cum
1022 3438 1441 3502 inhumanitate,
1481 3452 1544 3491 ac
1573 3437 1803 3502 crudeli,
1842 3436 2026 3491 ell‘era-

464 3540 631 3600 toque
664 3530 942 3599 proposito
976 3544 1236 3600 perquam
1284 3528 1744 3598 improbissimam
1788 3528 2024 3581 animam

466 3628 612 3673 tuam
648 3620 701 3673 in
737 3620 899 3674 rebus
926 3619 1231 3689 potissimis
1279 3618 1447 3679 laedis.
1505 3617 1921 3687 propendesque
1970 3617 2025 3670 in

465 3711 969 3781 aiﬁnemjuvenem,
1001 3710 1092 3780 qui
1127 3724 1445 3780 magnarum
1480 3708 1671 3761 harum
1697 3720 1910 3761 tuarum
1942 3707 2026 3760 fa-

462 3805 750 3869 cultatum,
778 3812 855 3857 'ut
888 3813 969 3859 est
1021 3793 1302 3858 hominum
1358 3802 1565 3872 Opinio,
1604 3802 1773 3857 haeres
1808 3800 2025 3856 futurus

463 3895 585 3951 est?
615 3894 721 3949 bed
752 3893 1014 3948 annuntio
1040 3894 1138 3947 tibi
1158 3895 1335 3957 triste,
1358 3901 1411 3948 et
1432 3894 1573 3962 quod
1605 3894 1837 3948 maxime
1857 3894 2026 3948 velles

466 3997 526 4040 ut
552 4001 662 4042 pan
684 4000 924 4056 praesens
968 3984 1204 4040 adesset.
1245 3984 1417 4039 Breve
1448 3992 1571 4054 post
1602 3993 1817 4053 tempus
1847 3983 2025 4039 dulcis

465 4080 557 4133 hic
581 4078 753 4132 haeres
783 4085 931 4141 tuus,
956 4077 1009 4130 in
1028 4092 1189 4146 quem
1212 4078 1418 4142 omnia,
1438 4076 1649 4146 scripto
1671 4077 1835 4130 etiam
1854 4075 2023 4142 edito,

464 4170 675 4235 vivens,
710 4176 764 4223 et
802 4168 1042 4237 sapiens,
1091 4181 1430 4237 corporeque
1460 4168 1598 4222 bene
1641 4168 1851 4230 valens,
1905 4182 2026 4236 quae

466 4268 561 4314 tua
591 4260 906 4323 intererant,
930 4248 1311 4322 transvexisti,‘
1340 4268 1572 4314 mortem
1605 4259 1799 4324 obibit,
1826 4265 1879 4314 et
1916 4267 2027 4314 tres

463 4367 671 4421 eosque
698 4351 842 4406 solos
877 4352 1172 4422 sepulturae
1195 4352 1408 4406 cubitos
1439 4352 1801 4406 haereditabit.
1836 4350 2028 4421 Tuque

2066 1785 2115 1844 B

2313 1889 2506 1956 PMC.".
2528 1920 2593 1930 -—
2625 1889 2960 1962 ΦΙΛΟΞΕΝῼ
2991 1890 3512 1948 ΚΗΝΣΟΦΥΛΑΚΙ.

2207 1978 2344 2033 Οὔτε
2394 1982 2451 2033 ἐν
2491 1984 2613 2045 ταῖς
2669 1968 2982 2053 εὐθυμίαις
3028 1984 3385 2055 κορυϐαντιᾷν
3442 1984 3525 2038 δεῖ
3602 1986 3707 2042 καὶ

2134 2071 2403 2140 φυσᾶσθαι
2464 2074 2725 2143 ματαίως,
2779 2073 2892 2126 οὕτ⁹
2932 2075 2989 2126 ἐν
3042 2078 3162 2139 ταῖς
3204 2075 3698 2147 σκυθρωποτέραις

2132 2164 2497 2217 καταστάσεσι
2531 2165 2893 2218 καταπίπτειν
2938 2165 3149 2233 ἀλόγως
3189 2166 3283 2219 καὶ
3310 2168 3704 2231 καταποντίζε-

2134 2256 2255 2308 σθαι
2299 2256 2403 2309 ὑπὸ
2438 2258 2537 2326 τῆς
2591 2256 2786 2329 λύπης.
2862 2256 3147 2328 Ἀνάνδρου
3223 2259 3328 2329 γὰρ
3377 2259 3552 2330 ψυχῆς
3601 2260 3705 2313 καὶ⁸

2135 2344 2384 2415 μαλακῆς
2411 2344 2566 2398 τοῦτό
2593 2363 2676 2414 γε.
2733 2346 2899 2400 Οὐδὲν
2928 2347 2985 2399 δὲ
3030 2348 3235 2419 σκηνῆς
3277 2349 3305 2400 ὀ
3339 2348 3702 2420 φθειρόμενος

2130 2430 2286 2499 οὗτος
2338 2437 2614 2508 διενήχοχε
2679 2437 2814 2508 βίος.
2872 2438 3008 2492 Οῠτε
3071 2439 3202 2507 γοῦν
3250 2438 3310 2493 τὸ
3359 2442 3702 2510 εὐπρακτεῖν

2130 2530 2248 2583 κατ’
2302 2530 2481 2597 αὐτὸν,
2526 2529 2650 2584 οὔτε
2711 2532 2815 2603 μὴν
2868 2532 3181 2585 τούναντίον
3248 2534 3546 2603 φανήσεται
3604 2533 3701 2603 βέ-

2130 2620 2306 2675 ϐαιον.
3080 2668 3085 2675 ς

2344 2715 2519 2768 PMZ'.
2535 2745 2605 2754 —
2628 2715 2996 2787 ΛΥΚΟΥΡΙᾮ
3034 2717 3462 2787 ΙΛΛΟΥΣΤΡΙῼ.

2197 2806 2291 2869 Τίς
2323 2823 2381 2858 σε
2405 2806 2504 2857 οὐκ
2538 2807 2602 2859 ἂν
2630 2805 2917 2872 γελάσεται
2942 2844 2958 2868 ,
2999 2805 3083 2869 τίς
3112 2823 3170 2858 σε
3206 2806 3303 2858 οὐκ
3322 2804 3385 2859 ἂν
3410 2803 3694 2875 μέμψεται

2127 2897 2228 2968 τῆς
2260 2897 2566 2967 ἀπεράντου
2592 2895 2829 2965 σπουδῆς
2858 2914 2872 2962 ;
2931 2897 3026 2959 Τίς
3055 2913 3115 2949 σε
3135 2896 3197 2948 οὑ
3234 2896 3557 2966 μυκτηρίσει
3587 2896 3697 2966 τῆς

2128 2988 2357 3059 ἄφρονος
2415 2988 2610 3057 μανίας
2645 3027 2659 3051 ,
2719 2987 3021 3053 συνάγοντα
3088 2989 3188 3057 μὲν
3246 2987 3561 3057 ἀκορέστως
3621 2987 3700 3041 τὰ

2126 3074 2361 3127 τοσαῦτα
2422 3076 2717 3145 χρήματα,
2774 3076 3022 3145 κατέχειν
3089 3076 3145 3128 δὲ
3201 3076 3479 3140 δοκοῦντα,
3544 3077 3697 3148 ἅπερ

2129 3163 2391 3234 μηδαμῶς
2443 3163 2645 3236 δυνήσῃ
2692 3164 3067 3233 συνεξενέγκαι
3121 3165 3389 3236 θνήσκων,
3429 3166 3565 3236 πρὸς
3596 3166 3698 3220 τὸν

2124 3256 2241 3307 ἐκεῖ
2281 3256 2478 3326 κόσμον
2520 3258 2622 3308 ὑπὸ
2668 3257 2911 3328 φρικτῶν
2970 3258 3214 3326 ἀγγέλων
3270 3258 3563 3329 συρόμενος
3602 3258 3698 3312 δέ-

2127 3363 2303 3415 σμιος,
2353 3346 2548 3417 ἐχθροῦ
2595 3348 2651 3400 δὲ
2690 3351 2922 3418 πρᾶγμα
2970 3347 3247 3412 ποιοῦντα,
3277 3350 3335 3403 ἐν
3363 3348 3438 3417 τῷ
3469 3348 3559 3401 διὰ
3588 3349 3697 3419 τῆς

2124 3437 2513 3507 ἀπανθρωπίας
2581 3440 2672 3491 καὶ
2727 3440 2824 3508 τῆς
2878 3439 3141 3509 ἀνηλεοῦς
3220 3440 3315 3492 καὶ
3365 3439 3693 3509 ἀμειλίκτου

2124 3528 2346 3599 γνώμης
2372 3530 2628 3599 βλάπτειν
2679 3531 2747 3583 τὰ
2778 3531 3009 3601 μέγιστα
3033 3532 3132 3603 τὴν
3150 3532 3522 3603 ἀνοσιωτάτην
3555 3549 3699 3586 σαυ-

2125 3620 2218 3673 τοῦ
2262 3620 2457 3691 ψυχὴν,
2519 3623 2871 3694 προσκεῖσθαι
2897 3623 2953 3675 δὲ
2986 3622 3062 3692 τῷ
3107 3626 3359 3692 συγγενεῖ
3418 3625 3698 3696 νεανίσκῳ

2126 3709 2462 3780 νομιζομένῳ
2502 3712 2855 3783 κληρονομεῖν
2888 3712 2986 3783 τὴν
3017 3711 3114 3781 σὴν
3162 3714 3403 3784 μεγάλην
3456 3715 3693 3781 οὐσίανς

2138 3802 2276 3854 Ἀλλ’
2307 3804 2723 3873 εὐαγγελίζομαί
2755 3822 2835 3857 σοι
2878 3804 3074 3875 πικρόν
3117 3821 3169 3857 τι
3200 3806 3293 3857 καὶ
3346 3805 3464 3857 λίαν
3520 3806 3697 3859 ἀϐού-

2126 3895 2318 3964 λητονο
2354 3895 2666 3965 τεθνήξεται
2706 3895 2814 3965 γάρ
2851 3894 2967 3965 μετ’
3006 3894 3226 3963 ὀλίγονὸ
3255 3895 3459 3963 γλυκὺς
3488 3896 3699 3969 κληρο-

2127 3984 2284 4054 νόμοι⁵
2324 4001 2441 4049 σου,
2471 3988 2549 4047 είς
2570 3984 2735 4053 ὅνπερ
2767 3985 2859 4036 καὶ
2882 3984 3055 4038 πάντα
3085 3984 3375 4055 ἐγγράφως
3432 3987 3563 4053 ζῶν,
3595 3990 3697 4042 καὶ

2129 4077 2358 4146 φρονῶν,
2394 4077 2487 4128 καὶ
2508 4076 2793 4148 εὑρωστιῖιν
2813 4075 2987 4128 διέθου
3023 4076 3090 4129 τά
3120 4077 3441 4147 διαφέροντά
3470 4095 3577 4143 σοι,
3595 4082 3698 4134 καὶ

2129 4168 2219 4221 τοῦ
2256 4168 2538 4237 μνήματος
2571 4169 2696 4230 τοὺς
2739 4169 2885 4237 τρεῖς
2916 4166 3009 4219 καὶ
3060 4167 3255 4234 μόνους
3287 4166 3695 4239 κληρονομήσει

2128 4261 2340 4330 πήχεις.
2367 4259 2475 4315 Καὶ
2508 4258 2723 4321 πάντως
2750 4258 3073 4330 ἐκπλαγήσῃ
3099 4256 3309 4327 βλέπων
3337 4257 3453 4310 νέον
3483 4256 3697 4311 θαπτό-

2131 4370 2288 4423 μενον
2352 4350 2456 4421 πρὸ
2512 4350 2769 4420 γέροντος
2832 4349 3203 4418 πολυχρονίου.
3264 4348 3417 4417 Τάχα
3478 4348 3538 4401 δὲ
3586 4350 3695 4403 οὐκ

467 4446 693 4499 omnino
726 4444 1092 4514 obstupesces,
1124 4453 1249 4500 ante
1281 4461 1466 4501 senem
1498 4445 1686 4499 multis
1716 4445 2023 4515 anniS‘gra-

2136 4443 2462 4511 ἐκπλαγήσει
2486 4440 2578 4493 ἐπὶ
2600 4439 2790 4509 τούτῳ,
2815 4439 2935 4491 οὐδέ
2957 4456 3017 4506 γε
3043 4436 3358 4508 ξενισθήσῃ,
3387 4437 3696 4509 προτεθεα-

470 4551 591 4591 rem
641 4536 895 4605 juvenem
944 4537 1235 4605 sepulturae
1287 4536 1609 4591 tradendum
1652 4536 2018 4604 conspiciens.

466 4626 531 4680 Et
563 4626 703 4682 forte
743 4627 908 4682 etiam
939 4642 1046 4681 non
1077 4628 1453 4697 obstupesces,
1508 4642 1684 4697 neque
1718 4627 1796 4679 uti
1847 4627 1915 4680 de
1967 4642 2026 4681 re

466 4735 605 4774 nova
640 4718 1019 4784 admiraberis,
1052 4720 1248 4775 similia
1281 4720 1512 4773 intuitus
1556 4720 1678 4773 aliis
1710 4719 1871 4773 etiam
1899 4718 2024 4772 lllu-

463 4809 614 4865 striis
657 4808 1012 4877 Aristophani
1056 4818 1107 4863 et
1136 4808 1417 4864 Crescenti
1465 4806 1751 4861 accidisse.
1794 4805 2025 4860 Verum-

465 4910 645 4954 tamen
675 4914 840 4964 nunc,
866 4901 940 4954 uti
972 4915 1071 4969 par
1090 4909 1190 4966 est,
1223 4900 1278 4954 in
1303 4914 1491 4953 sanam
1522 4906 1755 4951 mentem
1783 4897 2021 4964 rediens,

469 4994 675 5064 ingenti
723 4992 985 5062 ingluvici
1018 4992 1178 5047 linem
1224 4992 1463 5059 impone,
1493 5004 1668 5057 neque
1698 4988 2027 5058 periturum,

468 5087 564 5143 sed
610 5097 757 5141 tuam
790 5087 1027 5140 animam
1070 5082 1451 5153 iniquitatibus
1498 5081 1738 5135 deditam
1782 5079 2029 5150 deplora,

466 5186 626 5247 teque
656 5177 833 5245 ipsum
863 5176 1145 5246 corrigito,
1172 5173 1424 5241 bonaque
1450 5185 1617 5239 opera
1664 5169 2025 5239 amplectitur,

468 5276 757 5337 antequam
788 5282 818 5321 e
847 5266 1131 5336 prmsentis
1163 5263 1349 5319 saeculi
1374 5277 1535 5318 scena
1565 5275 1752 5324 exeas,
1792 5260 2032 5329 illucque

466 5359 701 5430 migres,
749 5358 842 5413 ubi
888 5358 942 5412 in
983 5364 1263 5428 posterum
1300 5354 1503 5409 nemini
1559 5368 1624 5406 ex
1661 5351 1895 5406 mortuis
1924 5363 2024 5420 pro

468 5448 685 5504 delictis
737 5446 1101 5518 respondendi
1134 5446 1276 5500 ullus
1322 5444 1540 5503 dabitur
1577 5442 1753 5505 locus,
1800 5440 1893 5493 ubi
1930 5454 2027 5493 ne-

466 5557 573 5611 que
602 5540 836 5606 amicus,
869 5556 1044 5610 neque
1085 5552 1300 5600 servus,
1352 5551 1525 5604 neque
1583 5533 2026 5602 consanguineus

465 5627 776 5696 defendere,
808 5635 903 5683 aut
929 5641 1121 5699 poenas
1154 5625 1325 5681 luenti
1358 5622 1724 5693 sempiternas
1745 5618 2025 5690 suppetias

467 5723 610 5778 ferre
645 5719 863 5781 poterit.

2129 4537 2288 4604 μένος
2311 4532 2409 4602 ήδη
2442 4528 2662 4583 τοιαῦτα
2693 4522 3073 4598 συμϐεϐηκότα
3114 4530 3225 4589 τοῖς
3267 4527 3446 4589 ἀλλοις
3484 4526 3696 4580 Ἰλλου-

2125 4626 2359 4695 στρίοις,
2403 4622 2794 4693 Ἀριστοφάνει,
2852 4623 2945 4673 καὶ
2996 4620 3329 4690 Κρήσκεντι.
3367 4617 3532 4670 Ἀλλά
3592 4619 3695 4673 νῦν

2123 4717 2253 4785 γοῦν
2284 4716 2524 4786 ἐκνήψας
2576 4713 2983 4785 προσηκόντως,
3046 4712 3295 4765 πέπαυσο
3334 4710 3431 4781 τῖς
3481 4710 3696 4781 πολλῆς

2122 4806 2451 4877 ἀπληστίας,
2475 4805 2569 4858 καὶ
2602 4804 2676 4875 μὴ
2706 4805 2798 4857 τὸν
2836 4803 3091 4873 τελευτᾷν
3127 4802 3389 4872 μέλλοντα
3417 4800 3693 4875 κλαύσῃς,

2125 4899 2263 4954 ἀλλὰ
2300 4898 2397 4969 τὴν
2451 4895 2649 4951 σαυτοῦ
2688 4896 2864 4966 ψυχὴν
2922 4893 3280 4964 φιλοπόνηρον
3338 4892 3697 4963 ὑπάρχουσαν

2127 4989 2413 5063 θρήνησον,
2442 4988 2698 5057 καὶπρὸς
2750 4985 3039 5057 διόρθωσιν
3090 4983 3253 5055 ρέψον
3297 4982 3392 5036 καὶ
3422 4980 3698 5053 ἀγαθοερ-

2127 5083 2268 5151 γίας,
2326 5082 2453 5153 πρὶν
2510 5079 2743 5147 ἐξελθεῖν
2789 5096 2848 5131 σε
2880 5078 2979 5148 τῆς
3018 5076 3225 5147 σκηνῆς
3285 5074 3381 5128 τοῦ
3419 5074 3698 5145 παρόντος

2127 5174 2337 5239 αἰῶνος,
2374 5174 2468 5225 καὶ
2518 5171 2869 5243 πορευθῆναι,
2936 5169 3065 5224 ἔνθα
3116 5168 3308 5241 μηδεὶς
3342 5166 3526 5220 λοιπὸν
3577 5167 3698 5221 τῶν

2130 5267 2560 5322 ἐναποθανόντων
2586 5270 2697 5330 τοῖς
2743 5265 3076 5335 πταίσμασιν
3107 5265 3332 5335 εὑρήσει
3389 5259 3697 5328 ἀπολογίας

2130 5361 2331 5431 χώραν,
2385 5358 2512 5413 ἔνθα
2562 5358 2637 5431 μὴ
2689 5358 2863 5427 φίλος,
2906 5358 2981 5429 μὴ
3026 5356 3234 5423 δοῦλος,
3293 5354 3368 5426 μὴ
3418 5350 3696 5422 συγγενὴς

2132 5449 2500 5520 συνηγορῆσαι
2538 5448 2574 5520 ἢ
2616 5446 2880 5520 βοηθῆσαι
2919 5446 3265 5519 κολαζομένῳ
3287 5446 3368 5509 είς
3397 5441 3526 5507 τοὺς
3557 5438 3698 5496 αἰῶ-

2130 5538 2476 5610 ναςίσχύσει.
