3850 6218
166 358 272 421 269

392 476 582 529 PMH'.
618 504 687 519 -υ
722 474 1071 546 ΝΙΚΔΝΔΡῼ
1100 475 1513 532 ΕΞΚΕΠΤΟΡΙ.

230 566 510 630 Πολλάκις
549 583 633 619 σοι
663 566 897 638 εἴρηκα,
946 568 1039 621 καὶ
1079 567 1173 622 νῦν
1210 568 1268 623 δέ
1298 586 1478 640 φημι,
1527 569 1610 621 ὅτι
1646 567 1738 621 διά

161 660 263 729 τῆς
296 661 540 731 μαγείας
566 662 671 715 ὑπὸ
695 661 789 715 τοῦ
819 664 1074 727 Τυανέως
1110 664 1470 718 Ἀπολλωνίου
1504 681 1733 736 γεγενη-

166 752 303 820 μένα
338 751 691 822 τελέσματα,
736 753 903 824 μηδὲν
940 753 1218 818 παντελῶς
1255 755 1506 826 οὐράνιον
1541 754 1735 825 ἔχοντα

161 842 535 912 εὐεργέτημα,
562 843 699 914 μηδέ
718 861 772 897 τι
800 844 937 915 πρὸς
956 846 1131 915 ψυχὴν
1154 846 1495 917 ἀναφέροντα
1520 846 1731 917 κέρδος,

161 933 308 987 οὐδὲν
337 933 622 1003 διαφέρειν
655 932 860 999 δόξειεν
885 937 1082 1004 δρακὸς
1115 936 1321 1006 κριθῶν
1346 937 1589 1008 χάριτος,
1621 938 1735 1000 τοῖς

160 1024 295 1091 πρὸς
331 1022 402 1076 τὰ
436 1024 740 1093 ἐπουράνια
771 1025 953 1076 ἐκεῖνα
973 1063 988 1088 ,
1020 1025 1115 1078 καὶ
1144 1024 1432 1096 ἄφθαρτα,
1461 1026 1555 1079 καὶ
1582 1026 1733 1079 λύσιν

163 1113 237 1183 μή
263 1115 536 1183 σχήσοντα
558 1112 739 1180 ἀγαθά
765 1114 1015 1183 κεχηνόσι
1044 1119 1227 1184 σοφοῖς
1248 1132 1309 1168 τε
1334 1116 1427 1169 καὶ
1450 1116 1732 1169 εὐσεϐέσιν

160 1206 492 1277 ἀνθρώποις.
537 1208 630 1278 Μὴ
668 1208 849 1260 τοίνυν
895 1208 1141 1278 θαύμαζε
1191 1210 1259 1263 τά
1296 1210 1431 1281 ἔργα
1457 1212 1555 1280 τῆς
1603 1229 1734 1283 γοη-

159 1298 327 1360 τείας,
365 1298 504 1369 μηδὲ
541 1298 698 1369 θροοῢ
754 1299 850 1353 ἐπὶ
898 1300 1125 1366 τούτοις,
1165 1302 1472 1370 ἀπάλλαξον
1510 1304 1567 1356 δὲ
1605 1321 1733 1357 σαυ-

158 1390 244 1442 τὸν
280 1393 379 1461 τῆς
420 1391 725 1463 εὐπτοήτου
769 1390 997 1462 γνώμης
1024 1433 1042 1461 ,
1078 1395 1172 1448 καὶ
1207 1394 1303 1448 τοῦ
1339 1395 1731 1466 μειρακιώδους

158 1484 530 1553 φρονήματος-

354 1575 543 1631 ΡΜΘ¹.
572 1607 644 1615 -
673 1576 1027 1647 ΠΑΛΑΤῘΝῼ
1059 1578 1517 1634 ΠΡΩΤΕΥΟΝΤΙ.

220 1666 625 1739 Συνεχέστερον
678 1667 949 1736 φάσκεις·
1012 1668 1137 1732 Πῶς
1185 1669 1417 1741 δύναμαι
1468 1670 1726 1742 σωθῆναι,

154 1758 371 1829 μυρίοις
400 1759 585 1830 βρύων
610 1763 724 1823 τοῖς
757 1760 857 1829 τῆς
895 1760 1074 1831 ψυχῆς
1112 1762 1346 1829 ἕλκεσιν,
1388 1765 1482 1817 καὶ
1514 1765 1728 1835 ἀμυθή-

151 1867 254 1902 των
304 1850 775 1922 ἐμπεπλησμένος
824 1851 1047 1917 κακῶν,
1101 1854 1198 1906 καὶ
1240 1854 1571 1925 φλεγόμενος
1620 1857 1724 1909 ὑπὸ

148 1942 244 2011 τῆς
269 1942 411 2005 ίδῐας
440 1934 722 2013 μοχθηρᾶς
742 1944 1130 2015 συνειδήσεως;
1160 1945 1422 2016 Πρόσχες,
1447 1946 1721 2015 ἄνθρωπε,

148 2033 251 2087 κᾶν
278 2034 346 2086 ὲκ
384 2034 591 2104 μέρους
622 2038 687 2105 τῇ
732 2034 1073 2107 θεοπνεύστῳ
1111 2037 1335 2107 Γραφῇ,
1378 2038 1473 2090 καὶ
1510 2040 1609 2091 οὐκ
1657 2039 1724 2092 ἂν

150 2122 334 2191 σχοίης
383 2123 579 2193 χρείαν
604 2126 704 2193 τῆς
752 2123 892 2193 ἐμῆς
926 2123 1228 2188 νουθεσίας.
1255 2125 1436 2179 ’Βλέπε
1466 2126 1520 2179 τί
1559 2144 1723 2196 φησιν

143 2215 174 2267 ὁ
200 2214 474 2283 Σολομῶν·
513 2233 532 2267 ι
577 2214 1002 2285 Ἐλεημοσύναις
1023 2218 1131 2287 γὰρ
1171 2217 1264 2271 καὶ
1311 2218 1557 2272 πίστεσιν
1590 2221 1725 2273 ἀπο-

144 2310 503 2379 καθαίρονται
559 2310 844 2379 ἁμαρτίαι.
889 2328 909 2362 ι
941 2310 1081 2380 Ὅρα
1129 2311 1183 2363 τί
1237 2311 1590 2382 συμόουλεύει
1644 2312 1722 2382 τῷ

143 2400 622 2471 Ναϐουχοδονόσορ
643 2401 841 2471 Δανιὴλ
872 2402 900 2454 ό
937 2403 1256 2475 προφήτης·
1296 2423 1315 2456 ι
1349 2405 1460 2467 Τάς
1493 2405 1722 2475 ἀνομίας

144 2508 233 2545 σου
264 2493 321 2545 ἐν
358 2491 755 2561 ὲλεημοσύναις
794 2491 1074 2563 λύτρωσαι
1097 2533 1113 2559 ,
1153 2496 1252 2548 καὶ
1297 2494 1397 2558 τὰς
1449 2493 1721 2564 ἁμαρτίας

144 2601 235 2636 σου
281 2585 339 2635 ὲν
385 2586 695 2654 οἰκτιρμοίς
745 2586 1010 2656 πενήτων.
1047 2604 1066 2637 ι
1099 2585 1361 2656 Πείσθητι
1405 2586 1485 2657 τῷ
1532 2586 1720 2660 Σηράχ

140 2671 539 2741 ταιραινούνιτι⁸
598 2690 618 2723 ι
674 2672 793 2745 Πῦρ
861 2674 1253 2747 φλογιζόμενον
1330 2677 1720 2731 ἀποσϐέννυσιν

140 2761 307 2831 ὕδωρ,
334 2763 433 2814 καὶ
455 2763 740 2835 ἁμαρτιῶν
761 2764 933 2832 φλόγα
950 2766 1230 2819 σὸέννυσιν
1248 2766 1605 2837 ἐλεημοσύνη.
1619 2785 1720 2818 )—

144 2873 162 2906 ι
184 2852 562 2924 Ἑλεημοσύνη
581 2854 689 2925 γὰρ
708 2858 773 2910 ὲκ
796 2856 1025 2911 θανάτου
1050 2858 1255 2930 ῥύεται,
1271 2858 1528 2911 »θανάτου
1550 2858 1719 2925 λέγων

138 2946 233 2998 τοῦ
280 2946 372 3000 διὰ
419 2947 723 3016 καταδίκης
762 2947 999 3017 φοϐερᾶς
1056 2948 1153 3002 καὶ
1183 2949 1507 3019 φρικώδους,
1534 2948 1627 3002 καὶ
1658 2946 1718 3001 τὸ

136 3038 354 3107 σκότος,
407 3039 487 3102 ὡς
517 3039 710 3110 Τωὸὴθ
742 3040 835 3093 κα)⁸
867 3039 1173 3111 Σολομῶντι
1204 3040 1371 3095 δοκεῖ.

439 3215 570 3267 PN'.
599 3244 670 3255 —
702 3215 958 3287 ΡΗΓΙΝῼ
987 3217 1409 3289 ΣΚΡΙΝΙΑΡΙῼ.

204 3306 324 3358 Οὐκ
355 3305 645 3375 ἄνθρωπος
674 3305 827 3375 ψιλὸς
857 3308 885 3360 ὁ
908 3308 1089 3369 κοινὸς
1122 3309 1312 3378 Σωτὴρ
1345 3309 1439 3362 καὶ
1488 3309 1713 3378 εὐεργέ-

129 3414 237 3466 της
273 3396 551 3468 Χριστὸς,
597 3396 729 3461 Θεὸς
769 3398 826 3451 δὲ
858 3399 1059 3468 μᾶλλον
1096 3402 1153 3453 ὲν
1182 3400 1498 3472 ἀνθρωπίνῃ
1524 3401 1711 3470 ὀφθεὶς

130 3492 363 3561 μορφῇ,
416 3489 513 3542 καὶ
553 3491 617 3558 τῇ
672 3489 779 3560 ἰδίᾳ
821 3490 1219 3562 ἀναμαρτήτῳ,
1273 3492 1367 3545 καὶ⁴
1419 3493 1709 3565 ἀμωμήτῳ

128 3586 304 3655 σαρκὶ
331 3622 349 3648 ,
397 3584 492 3635 τὸν
524 3583 665 3653 ὑπὲρ
716 3583 824 3636 τῶν
883 3584 1241 3655 ἀνθρωπίνων
1292 3587 1707 3657 ἁμαρτημάτων

129 3676 365 3746 θάνατον
393 3676 694 3743 ὑπομείνας
723 3674 1025 3747 βουλήματι
1059 3676 1267 3748 οἰκείῳ.

440 3851 616 3909 PNA'.
651 3884 722 3894 —-
746 3854 1006 3926 ΛΟΥΚΙῼ
1039 3856 1404 3929 ΤΡΙΒΟΥΝῼ.

197 3946 369 3999 Πόσοι
416 3945 651 4008 ποσάκις
697 3945 973 4016 ἄνθρωποι
1023 3948 1269 4014 κόρακας
1352 3950 1543 4019 παγίσι
1610 3955 1706 4007 καὶ

126 4034 334 4105 δικτύῳ
356 4033 649 4104 ἐθήρασαν,
678 4036 771 4087 καὶ
792 4035 1019 4104 ήγνόουν
1047 4038 1097 4090 οί
1122 4038 1442 4102 πιασθέντες
1471 4041 1705 4111 κόρακες

126 4128 226 4197 τὴν
260 4126 453 4179 αὐτῶν
488 4124 661 4195 θήραν
694 4142 755 4178 τε
813 4126 905 4179 καὶ
937 4127 1228 4198 σύλληψιη
1264 4130 1355 4183 Σοὶ
1384 4131 1439 4184 δὲ
1483 4149 1699 4203 προμηα

126 4218 318 4272 νύουσι
344 4258 362 4284 ,
412 4216 595 4280 καθὼς
623 4216 803 4286 λέγεις
829 4259 844 4283 ,
892 4218 954 4271 τὸ
988 4218 1180 4289 μέλλον
1207 4222 1257 4273 οἱ
1298 4222 1566 4293 κόρακες,
1606 4224 1701 4277 καὶ⁹

125 4310 485 4380 προγνῶσται
557 4310 647 4361 καὶ
692 4309 969 4379 προφῆται
1016 4309 1125 4362 τῶν
1165 4312 1390 4380 μηδέπω
1418 4315 1699 4384 παρόντων

123 4402 478 4474 εὑρίσκονται
509 4400 767 4467 κόρακες,
797 4402 845 4452 οἱ
876 4400 973 4471 τὴν
1007 4403 1127 4454 κατ’
1156 4402 1334 4455 αὐτῶν
1367 4405 1695 4475 μηχανηθεῖο

1387 364 1919 426 EPISTOLARUM
1958 368 2102 426 LIB.
2146 370 2225 428 II.

1763 478 1812 532 Α
1912 475 2073 547 189
2101 476 2377 535 CXLII".
2416 512 2484 521 —
2530 481 2878 541 NICANDRO
2915 486 3325 552 EXCEPTORI.

1756 1810 1803 1870 B

3300 390 3403 455 270

1908 566 2060 637 Saepe
2105 570 2202 623 tibi
2247 572 2397 637 dixi,
2443 582 2499 627 et
2546 591 2692 631 nunc
2742 593 2935 635 rursus
2990 583 3239 655 inculco;
3282 604 3403 659 qua

1835 659 2026 728 magia
2053 676 2155 731 ope
2180 678 2208 716 a
2232 662 2456 734 Tyaneo
2478 665 2768 736 Apollonio
2795 671 3041 728 absoluta
3062 684 3191 732 sunt
3212 693 3400 749 opera,

1834 761 1959 803 cum
1993 752 2051 805 in
2092 767 2150 807 se
2192 754 2400 809 nullum
2444 759 2671 814 omnino
2711 762 2936 817 caleste
2970 767 3400 827 emolumentum

1835 845 2075 905 teneant,
2120 858 2301 913 neque
2351 846 2473 899 usui
2531 849 2729 903 anima
2786 852 2916 917 sint,
2971 855 3108 910 nihil
3154 873 3183 911 a
3226 861 3402 929 gratia

1834 933 2095 1000 manipuli
2129 933 2315 989 hordei
2351 936 2570 995 dilierre
2596 942 2927 999 videbuntur
2947 946 3305 1017 sapientibus,
3338 968 3403 1009 ac

1832 1021 1937 1091 piis
1962 1022 2293 1092 hominibus,
2316 1029 2409 1097 qui
2435 1029 2502 1083 ad
2525 1033 2769 1088 caelestia
2795 1036 2910 1098 illa,
2934 1045 2990 1092 et
3019 1038 3397 1110 indepravata,

1831 1120 1887 1167 et
1923 1130 2044 1184 qua
2082 1132 2363 1187 nunquam
2402 1122 2775 1180 dissolveutur
2807 1126 2971 1190 bona,
3009 1132 3290 1191 anhelant.
3320 1131 3401 1189 Ne

1830 1204 2016 1275 itaque
2043 1209 2233 1279 magia
2265 1226 2431 1281 opera
2460 1214 2780 1292 admireris,
2815 1235 2991 1289 neque
3019 1238 3119 1292 pro
3152 1224 3260 1280 illis
3280 1233 3401 1280 tur-

1832 1295 2013 1363 beris,
2085 1300 2196 1355 imo
2251 1305 2603 1374 temetipsum
2673 1324 2703 1362 a
2768 1288 3038 1367 sententia
3096 1317 3398 1387 stupiditati

1830 1386 2085 1457 obnoxia,
2113 1399 2166 1445 et
2194 1390 2427 1461 juvenili
2460 1398 2791 1467 cogitatione
2817 1401 3006 1457 libera.

2074 1568 2307 1625 CXLIX.
2350 1603 2419 1614 —-
2456 1572 2799 1633 PALATINO
2832 1578 3144 1639 PRIMATI.

1900 1654 2224 1728 Sapissime
2248 1662 2514 1727 inculcas,
2544 1682 2778 1736 quanam
2813 1672 3027 1728 ratione
3061 1674 3264 1729 salvari
3298 1692 3395 1747 po-

1830 1753 1969 1811 tero,
1996 1748 2301 1808 innumeris
2325 1754 2520 1809 anima
2543 1757 2817 1815 ulceribus
2839 1772 3079 1831 scatens,
3105 1767 3393 1838 malisque,

1829 1854 1950 1908 qua
1977 1842 2160 1897 verbis
2190 1846 2421 1913 exprimi
2454 1861 2753 1919 nequeunt,
2788 1854 3248 1923 confertissimus,
3280 1870 3332 1915 et
3358 1879 3392 1917 a

1826 1933 2056 2002 propria
2103 1951 2284 2003 prava
2323 1940 2673 1996 conscientia
2701 1945 2960 2000 continuo
2996 1947 3229 2005 ﬂammis
3263 1968 3389 2020 per-

1825 2027 2021 2081 ustus?
2060 2027 2294 2083 Adverte
2337 2032 2599 2097 animum,
2648 2036 2722 2089 mi
2777 2036 2961 2103 homo,
3009 2042 3094 2094 vel
3134 2043 3389 2110 pusillum

1824 2117 2085 2172 divinitus
2126 2119 2406 2189 inspirata
2462 2122 2782 2194 Scriptura,
2819 2135 2872 2182 et
2919 2144 3037 2184 mea
3081 2131 3391 2190 adhortatio

1824 2207 1921 2261 tibi
1949 2222 2087 2277 opus
2134 2224 2242 2263 non
2294 2211 2479 2267 fuerit.
2530 2214 2833 2273 Considera
2883 2221 3014 2289 quid
3057 2222 3205 2278 dicat
3233 2226 3386 2281 Salo-

1823 2313 1949 2352 mon
1984 2299 2027 2330 “
2074 2314 2088 2353 :
2133 2319 2151 2351 ι
2182 2300 2556 2375 Eleemosynis
2588 2309 2756 2372 enim,
2787 2317 2841 2364 et
2872 2310 2975 2366 ﬁde
3014 2326 3391 2387 expurgantur

1822 2398 2070 2459 peccata.
2112 2411 2130 2444 ι
2159 2391 2295 2449 Vide
2320 2396 2450 2466 quid
2473 2396 2996 2458 Nabuchodonosori
3037 2405 3222 2462 Daniel
3262 2425 3390 2479 pro-

1825 2479 1987 2549 pheta
2020 2484 2271 2537 consulat
2307 2503 2321 2538 :
2357 2504 2376 2537 ι
2413 2488 2737 2558 lniquitates
2770 2500 2893 2546 tuas
2927 2495 2979 2548 in
3021 2497 3387 2573 eleemosynis

1823 2572 2017 2637 libera,
2062 2582 2117 2630 et
2163 2585 2384 2647 peccata
2424 2585 2523 2634 tua
2571 2581 2627 2636 in
2677 2583 3128 2646 miserationibus
3174 2607 3385 2664 paupe-

1814 2679 1943 2719 rum
1989 2667 2054 2721 ⁸¹.
2106 2687 2127 2721 ι
2181 2669 2358 2725 Crede
2415 2670 2644 2727 Siracho
2698 2675 3011 2733 adhortanti
3068 2701 3143 2737 ει
3198 2682 3385 2754 Ignem

1822 2771 2147 2814 succensum
2190 2776 2328 2832 aqua
2372 2764 2693 2836 exstinguit,
2722 2776 2776 2822 et
2805 2778 3151 2837 peccatorum
3195 2774 3385 2830 incen-

1821 2847 1970 2902 dium
1994 2851 2411 2925 eleemosyna”.
2437 2874 2457 2908 ›
2476 2875 2581 2909 -ι
2609 2858 2966 2933 Eleemosyna
2989 2866 3133 2918 enim
3156 2881 3186 2919 a
3208 2877 3383 2924 morte

1821 2940 2017 2996 liberat
2051 2942 2115 3008 “,
2154 2963 2174 2995 ι
2215 2952 2445 3001 mortem
2488 2949 2759 3018 repellens
2797 2967 2896 3021 per
2935 2957 3274 3012 tremendam
3317 2974 3381 3015 ac

1818 3031 2118 3089 terribilem
2165 3036 2672 3094 condemnationem
2726 3042 2966 3108 illatam,
3019 3056 3073 3101 et
3123 3050 3379 3107 tenebras

1742 3154 1784 3212 ο
1819 3118 2085 3192 ingestas,
2123 3134 2182 3178 ut
2206 3124 2405 3182 Tobias
2425 3138 2479 3183 et
2511 3131 2769 3187 Salomon
2800 3137 3161 3195 arbitrantur.

1992 3211 2148 3283 190
2178 3214 2283 3269 CL.
2319 3245 2390 3258 —
2430 3218 2731 3277 RHEGINO
2782 3224 3197 3286 SCRINIABIO.

1880 3301 1997 3355 Non
2033 3305 2195 3360 homo
2224 3308 2452 3379 simplex
2492 3315 2798 3371 communis
2829 3317 3101 3386 Salvator,
3136 3331 3190 3377 et
3233 3324 3374 3383 bene

1809 3392 1878 3448 de
1931 3396 2188 3452 omnibus
2229 3402 2459 3457 meritus
2502 3403 2776 3472 Christus,
2819 3409 2961 3468 Deus
3022 3414 3077 3468 in
3132 3416 3371 3472 humana

1808 3484 1981 3538 forma
2009 3488 2184 3542 oculis
2213 3489 2387 3557 visus,
2431 3502 2486 3547 et
2526 3498 2768 3565 propria,
2798 3516 2918 3571 qua
2949 3505 3104 3560 nullo
3142 3521 3371 3578 peccato

1806 3576 2083 3646 nullisque
2125 3582 2385 3639 sordibus
2430 3589 2835 3659 succumbebat,
2877 3609 3064 3662 carne,
3100 3576 3199 3667 pro
3240 3616 3371 3670 pec-

1805 3667 1942 3722 catis
1994 3668 2277 3726 hominum
2324 3684 2554 3733 mortem
2599 3681 2879 3739 voluntate
2925 3689 3149 3758 propria
3202 3667 3369 3747 susti-

1804 3758 1944 3815 nuit.

2159 3857 2288 3915 CLI.
2323 3892 2391 3904 —-
2425 3862 2634 3920 LUCIO
2672 3865 2992 3925 TBIBUNO.

1872 3943 2017 4011 Quot
2051 3951 2269 4019 quoties
2307 3955 2556 4013 homines
2592 3974 2788 4015 corvos
2822 3963 3032 4031 laqueis
3066 3974 3120 4018 et
3152 3968 3362 4025 retibus

1802 4048 2103 4106 ceperunt,
2164 4046 2425 4115 corvique
2483 4050 2628 4118 capti
2687 4054 2961 4121 propriam
3017 4059 3358 4113 venationem

1801 4138 2190 4202 capturamque
2226 4152 2331 4190 non
2384 4139 2732 4195 didicerunt?
2760 4145 2826 4197 Et
2865 4146 2961 4199 tibi
3002 4148 3255 4216 quidem,
3299 4160 3361 4205 ut

1799 4224 2033 4286 asseris,
2093 4227 2245 4279 corvi
2308 4225 2551 4284 futurum
2619 4237 3023 4301 pranuntiant,
3084 4249 3172 4304 et,
3236 4258 3360 4311 qua

1799 4314 2051 4381 nuspiam
2081 4324 2228 4382 sunt,
2256 4332 2444 4373 eorum
2484 4320 2583 4375 tibi
2623 4331 2677 4377 et
2707 4328 3089 4396 pracinentes,
3115 4340 3170 4385 et
3202 4341 3357 4391 vates

1798 4404 2011 4472 prascii
2047 4416 2392 4476 reputantur,
2440 4413 2534 4480 qui
2586 4424 2775 4470 contra
2825 4432 2946 4473 sese
2989 4434 3354 4491 praeparatum

125 4513 222 4549 σαν
264 4494 472 4562 παγίδα
518 4493 783 4563 μηδαμῶς
825 4493 1157 4559 ἐγνωκότες,
1207 4495 1300 4547 καὶ
1347 4497 1438 4550 τὸν
1486 4499 1694 4552 ἑαυτῶν

1819 4510 2049 4563 aqueum
2077 4500 2227 4553 nullo
2265 4501 2424 4555 modo
2460 4503 2814 4573 dignoscunt,
2848 4510 3239 4583 propriumque
3264 4515 3355 4568 in-

122 4585 345 4656 ὖλεθρον
373 4582 755 4653 ἀγνοήσαντες.
802 4582 1093 4651 Ἀπόστηθι
1134 4585 1420 4652 τοιγαροῦν
1464 4588 1564 4658 τῆς
1601 4590 1694 4660 όρ-

120 4674 448 4736 ι-εοσκοπίας
474 4690 489 4703 ·
538 4674 681 4735 τινὲς
733 4672 839 4742 γὰρ
872 4673 1047 4744 ταύτῃ
1089 4678 1565 4747 προσεσχηκότες,
1616 4681 1694 4746 ὡς

121 4770 262 4834 ἄξιοι
292 4766 393 4836 τῆς
429 4764 671 4834 πλάνης,
717 4765 812 4817 καὶ
858 4765 958 4827 τὰς
1002 4765 1110 4817 τῶν
1149 4768 1400 4837 κοράκων
1437 4773 1693 4841 σημειού-

124 4875 276 4929 μενοι
322 4857 592 4926 πτήσεις,
637 4856 737 4917 τάς
777 4872 837 4907 τε
876 4857 1140 4920 ένωπίας,
1182 4859 1276 4912 καὶ
1320 4859 1421 4924 τάς
1468 4862 1532 4914 ὲκ
1579 4863 1689 4916 τῶν

119 4947 367 5009 ὗπισθεν,
401 4946 497 4999 καλ⁸
530 4944 626 5006 τὰς
653 4945 789 5015 ὑπὲρ
819 4945 1061 5016 κεφαλὴν
1089 4946 1287 5000 κύκλον
1320 4954 1689 5021 περιγραφού-

121 5056 248 5102 σας,
305 5038 399 5090 καὶ
430 5036 528 5097 τὰς
573 5036 664 5087 ἐπὶ
691 5036 758 5088 τά
791 5035 1005 5104 πλάγια
1037 5039 1343 5108 φερομένας
1364 5081 1378 5104 ,
1418 5041 1686 5112 δαιμόνων

120 5128 373 5199 πονηρῶν
406 5126 565 5195 δῆλον
609 5127 693 5178 ὅτι
722 5126 1145 5197 συμπετομένων
1183 5131 1295 5192 τοῖς
1325 5131 1513 5201 κόραξι
1542 5172 1556 5199 ,
1590 5135 1685 5187 καὶ

120 5223 258 5294 πρὸς
301 5220 402 5291 τὴν
450 5217 545 5271 τοῦ
600 5218 956 5287 πλανωμένου
1005 5219 1294 5291 ἀνθρώπου
1328 5224 1583 5281 ὑπόνοιαν
1613 5229 1681 5299 τῇ

120 5316 315 5386 πτήσει
363 5312 641 5382 φερόντων
670 5311 739 5365 τὰ
770 5310 934 5381 ὄρνεα
960 5328 975 5344 ·
1009 5314 1210 5383 ὁμοίως
1251 5315 1432 5385 μέντοι
1463 5319 1558 5372 καὶ
1586 5319 1684 5384 τὰς

115 5410 321 5462 τούτων
348 5406 534 5473 φωνὰς
569 5402 977 5474 σημειούμενοι,
1007 5404 1426 5476 ἀπεξενώθησαν
1456 5411 1554 5480 μὲν
1582 5413 1682 5482 τῆς

118 5504 197 5563 είς
224 5498 461 5569 Χριστὸν
516 5496 608 5549 τὸν
657 5497 890 5566 Σωτῆρα
937 5496 1199 5562 πίστεως,
1248 5498 1571 5567 ἀνηκέστοις
1622 5502 1679 5555 δὲ

116 5589 449 5663 κλιματῆρσι
470 5587 877 5659 περιπεσόντες,
904 5586 1078 5643 καίτοι
1102 5588 1318 5660 χρηστά
1338 5590 1677 5659 ἐλπίσαντες,

1796 4591 2016 4644 teritum
2048 4608 2157 4646 non
2189 4594 2518 4666 intelligunt.
2549 4598 2693 4655 Cave
2716 4602 2814 4656 tibi
2838 4618 2968 4674 ergo
3001 4606 3068 4658 ab
3099 4607 3349 4674 augurio.

1793 4678 2049 4737 Nonnulli
2088 4686 2287 4739 etenim
2349 4688 2426 4742 illi
2474 4694 2712 4746 animum
2746 4693 3123 4763 advertentes,
3165 4714 3353 4756 errore

1791 4774 1886 4827 tali
1929 4776 2071 4830 haud
2110 4778 2340 4849 indigni,
2385 4782 2707 4854 volatusque
2745 4801 3031 4842 corvorum
3067 4790 3347 4858 adversos,

1792 4878 2144 4935 aversosque,
2195 4877 2249 4922 et
2292 4885 2458 4941 supra
2505 4884 2690 4943 caput,
2731 4883 2784 4929 et
2820 4876 2886 4929 ad
2928 4878 3070 4934 latus
3107 4880 3348 4933 circum-

1789 4954 2008 5020 itiones,
2042 4972 2165 5010 cum
2217 4960 2448 5030 improbi
2498 4964 2774 5021 damones
2819 4974 2943 5021 cdm
3002 4972 3182 5026 corvis
3237 4988 3345 5027 una

1788 5048 2023 5112 avolent,
2052 5057 2105 5105 et
2127 5050 2194 5104 ad
2215 5056 2546 5121 pererrantis
2576 5057 2811 5115 hominis
2849 5063 3173 5116 sententiam
3193 5065 3346 5119 vola-

1785 5146 1874 5193 tus
1920 5140 2102 5194 avium
2151 5152 2350 5213 agant,
2409 5146 2768 5215 denotantes,
2812 5167 3020 5206 necnon
3059 5162 3114 5207 et
3152 5169 3343 5210 eorum

1784 5245 1948 5287 voces
1986 5234 2346 5303 excipientes,
2373 5237 2533 5307 longe
2564 5253 2591 5289 a
2622 5238 2726 5293 ﬁde
2756 5240 2807 5293 in
2841 5240 3118 5296 Christum
3152 5243 3343 5300 Salva-

1786 5328 1957 5377 torem
1998 5335 2367 5391 recesserunt,
2396 5336 2448 5380 et
2482 5328 2535 5381 in
2567 5329 2688 5384 vita
2727 5345 2791 5385 ac
2831 5330 3172 5389 fortunarum
3198 5338 3343 5406 peri-

1786 5415 1907 5468 cula
1954 5416 2288 5469 inevitabilia
2335 5418 2662 5481 inciderunt,
2715 5432 2767 5475 et
2814 5422 2938 5477 licet
2988 5439 3084 5493 spe
3135 5428 3341 5497 optima

1786 5493 2162 5574 freti'propter
2195 5520 2483 5561 corvorum
2526 5511 2730 5578 Optima
2764 5512 2873 5567 illis
2905 5493 3339 5572 adnotata'vati-

1784 5594 1951 5662 cinia,
1976 5604 2099 5666 post
2119 5596 2406 5655 innumera
2430 5598 2627 5656 damna
2660 5617 2724 5658 ac
2751 5603 3092 5673 discrimina,
3120 5606 3338 5663 tandem

216 5768 261 5800 “
298 5764 467 5823 Eccli.
498 5781 590 5833 ιιι,
620 5767 709 5822 35.
786 5766 832 5798 ⁸³
857 5764 993 5821 Dan.
1024 5781 1099 5835 ιν,
1129 5766 1220 5822 24.
1296 5764 1543 5839 ⁸³ζΕοοΙὶ.
1581 5783 1663 5836 ιη,
1692 5769 1711 5826 Ξ

1858 5770 1903 5803 ⁸⁸
1942 5770 2080 5830 Tob.
2115 5789 2218 5842 ιιι,
2241 5774 2294 5832 8.
