3850 6218
458 259 563 327 271
1925 259 1986 320 s.
2026 260 2190 322 NILl
2300 240 2303 243 “
3599 262 3691 325 272

461 372 634 438 tristi,
662 365 1096 438 detestandoque
1133 367 1241 421 line
1281 365 1450 421 vitam
1497 376 1822 436 posuerunt.
1863 364 2033 422 Gene-

2150 365 2220 422 ῑιά
2268 367 2368 438 τὴν
2418 366 2528 419 τῶν
2576 366 2828 437 κοράκων
2878 364 3039 437 δῆθεν
3081 365 3373 438 καλλίστην
3402 366 3690 438 δειχθεῖσαν

462 462 700 521 rationis
732 461 879 516 enim
914 459 1134 529 injustas
1179 472 1381 529 pravos
1414 459 1553 513 fines
1593 460 1662 524 ⁸⁸,
1697 459 1896 513 divinae
1924 466 2038 513 tra-

2150 465 2447 533 σημασίαν,
2483 460 2623 532 μετὰ
2649 458 2850 530 μυρίας
2881 459 3084 531 ζημίας
3113 461 3208 514 καὶ
3238 460 3520 530 βασάνους,
3553 459 3695 513 ὓστε-

464 554 606 612 dunt
639 552 793 623 191
836 550 1077 606 Littera.
1127 549 1186 604 Si
1236 550 1422 621 itaque
1472 550 1571 605 tibi
1610 551 1669 605 in
1714 551 1900 606 animo
1929 560 2034 618 est,

2150 568 2237 625 ρον
2270 549 2494 623 πονηρῷ
2548 551 2644 603 καὶ
2674 550 2962 622 ἀπευκτέῳ
2987 550 3129 605 τέλει
3158 551 3249 606 τὸν
3282 549 3393 621 βίον
3419 552 3694 623 κατέστρε-

465 645 772 701 daemonum
796 652 1053 698 venatum
1079 640 1340 713 effugere,
1359 642 1565 696 nullam
1584 657 1825 712 unquam
1848 643 2039 698 obser-

2150 643 2270 714 ψαν.
2311 644 2511 707 Γενεᾶς
2558 642 2667 713 γὰρ
2722 642 2906 696 ἀδίκου
2965 643 3182 714 πονηρά
3228 642 3300 695 τά
3347 642 3515 712 τέλη,
3567 640 3698 697 καθά

467 738 739 795 vationem
764 737 923 807 longe
954 734 1138 790 animo
1167 737 1495 806 prospicias,
1527 750 1635 790 non
1662 736 1900 801 volatus,
1928 750 2038 790 non

465 832 648 884 avium
672 842 860 892 voces,
887 842 995 881 non
1026 826 1386 881 animantium
1414 827 1550 893 sive,
1568 842 1627 883 ea
1660 837 1872 881 ratione
1900 841 2037 895 prae-

465 920 579 977 dita
607 920 738 986 sint,
776 920 891 975 sive
926 918 1075 973 illius
1109 919 1378 989 expertia,
1410 932 1697 984 occursus,
1733 933 1842 973 non
1881 919 2040 972 invo-

465 1015 733 1078 cationes,
764 1028 874 1067 non
915 1025 1221 1081 regressus,
1262 1024 1370 1064 non
1420 1009 1611 1064 inanes
1647 1020 1846 1073 sortes,
1878 1016 1952 1075 et,
1978 1017 2039 1065 ut

464 1108 635 1165 verbo
661 1104 968 1175 expediam,
995 1103 1132 1157 nihil
1161 1102 1502 1165 observabis,
1536 1101 1643 1156 nisi
1670 1108 1881 1156 tantum
1910 1116 2038 1172 pec-

464 1206 674 1256 catum.
706 1195 895 1267 Operae
923 1193 1069 1249 enim
1095 1194 1338 1263 pretium
1373 1199 1459 1248 est
1489 1192 1557 1247 ab
1585 1207 1650 1248 ea
1681 1192 1786 1248 sibi
1823 1208 2036 1260 cavere,

464 1300 521 1346 et
551 1290 815 1345 continuo
849 1304 878 1342 a
907 1303 966 1343 se
995 1287 1279 1357 repellere.
1309 1285 1448 1341 Illud
1468 1301 1685 1356 quoque
1705 1300 1775 1340 ne
1799 1292 1851 1340 te
1876 1284 2041 1340 lateat

464 1382 654 1444 velim,
716 1379 997 1434 nonnullis
1047 1377 1386 1441 hominibus,
1439 1378 1534 1447 qui
1588 1376 1873 1446 gentilium
1928 1377 2039 1431 ritu

464 1473 633 1529 noxia
652 1472 743 1526 illa
772 1478 1084 1541 captarunt,
1116 1483 1260 1538 saepe
1289 1468 1490 1539 saepius
1517 1469 1590 1522 ita
1626 1468 1734 1523 illis
1766 1467 2038 1534 evenisse,

334 1596 353 1613 -
465 1574 531 1621 ut
560 1565 828 1635 suspicati
856 1561 1098 1627 fuerant,
1124 1560 1333 1625 nonvi,
1364 1569 1459 1613 aut
1486 1560 1814 1615 miserorum
1848 1573 2042 1615 corvo-

464 1672 613 1722 rum,
646 1663 741 1710 aut
768 1670 1083 1725 porcorum,
1109 1660 1205 1708 aut
1233 1667 1452 1717 canum,
1477 1658 1570 1706 aut
1592 1651 1875 1706 hominum
1899 1666 2041 1722 pra:-

2143 754 2309 808 φησιν
2340 737 2374 808 ή
2404 735 2622 808 Γραφή.
2662 735 2725 789 Ei
2754 734 2934 789 τοίνυν
2964 734 3142 807 βούλει
3176 737 3435 804 ἐκφυγεῖν
3462 735 3567 787 τῶν
3595 736 3696 789 δαι-

2146 828 2324 899 μόνων
2352 829 2452 899 τὴν
2477 827 2675 899 θήραν,
2712 826 2987 898 μηδεμίαν
3017 826 3284 898 μηδέποτε
3332 827 3696 897 παρατήρησιν

2147 920 2416 987 σκόπευε,
2460 917 2536 990 μὴ
2596 919 2867 989 πτήσεις,
2926 919 3060 989 μηδέ
3112 919 3297 987 φωνάς
3346 919 3579 990 ὀρνέων,
3631 919 3698 990 μὴ

2144 1012 2478 1086 ὑπαντήσεις
2501 1010 2772 1066 παντοίων
2823 1009 2978 1074 ζώων
3003 1010 3235 1079 λογικῶν
3260 1011 3292 1081 ἢ
3321 1010 3547 1080 ἀλόγων,
3574 1012 3698 1081 μήτε

2142 1104 2244 1170 τὰς
2272 1104 2599 1175 ἀνακλήσεις
2637 1104 2734 1158 καὶ
2786 1105 2914 1167 τοὺς
2941 1104 3366 1174 ἀναποδισμοὺς,
3402 1105 3537 1174 μήτε
3579 1103 3702 1175 κλη-

2143 1197 2303 1261 δόνας
2344 1196 2581 1269 ματαίας
2604 1235 2620 1260 ,
2660 1195 2759 1249 καὶ
2797 1194 3133 1260 ἁπαξαπλῶς
3183 1194 3352 1265 μηδὲν
3391 1197 3701 1267 παρατηρή-

2146 1301 2295 1350 σεις,
2326 1286 2375 1337 εί
2416 1283 2490 1356 μὴ
2522 1284 2619 1354 τὴν
2668 1284 2965 1354 ἁμαρτίαν.
3025 1286 3315 1357 Χρήσιμον
3368 1284 3477 1356 γὰρ
3541 1303 3704 1356 παρα-

2142 1374 2434 1447 τηρεῖσθαι
2456 1374 2683 1445 ταύτην,
2703 1376 2797 1429 καὶ
2817 1375 3153 1429 ἀπωθεῖσθαι
3180 1376 3464 1445 διηνεκῶς.
3482 1378 3704 1430 Κάκεῖνο

2143 1464 2202 1518 δὲ
2242 1466 2535 1533 γινώσκειν
2586 1467 2921 1539 βουλόμεθα,
2966 1468 3160 1539 ὅτιπερ
3215 1469 3358 1521 τισὶν
3410 1468 3704 1540 ἀνθρώποις

2146 1559 2704 1629 παρατηρησαμένοις
2760 1558 2839 1630 τῷ
2902 1556 3201 1631 Ἕλληνικῷ
3249 1559 3361 1612 ἔθει
3416 1560 3596 1613 ἐκεῖνα
3643 1560 3706 1612 τά

2145 1647 2488 1721 ψυχοϐλαϐἦ,
2525 1650 2725 1723 συνέϐη
2755 1651 3015 1715 πολλάκις
3048 1648 3241 1717 οὕτως,
3274 1650 3462 1721 ῶσπερ
3491 1652 3707 1722 ὑπενόη-

466 1746 732 1812 dictione,
768 1747 860 1802 sed
888 1745 1097 1816 judicio
1127 1743 1221 1799 Dei
1259 1743 1539 1814 punientis
1577 1750 1632 1799 et
1663 1741 2043 1798 infidelitatem

2150 1757 2268 1809 σαν,
2304 1741 2405 1795 ούκ
2439 1743 2504 1796 ἐκ
2535 1744 2636 1815 τῆς
2673 1744 2977 1815 δυνάμεως,
3010 1745 3105 1798 καὶ
3134 1744 3235 1814 τῆς
3263 1745 3706 1816 προαγορεύσεως

468 1854 662 1896 eorum
720 1836 1040 1893 deridentis.
1088 1854 1107 1888 ι
1158 1834 1387 1890 Tribuat
1440 1835 1585 1889 enim
1632 1834 1731 1888 tibi
1779 1831 2044 1889 Dominus

469 1930 773 1990 secundum
811 1944 907 1985 cor
951 1936 1131 1990 tuum,
1171 1934 1229 1982 et
1262 1928 1355 1981 tiat
1383 1926 1500 1992 tibi,
1540 1925 1635 1991 ait,
1680 1925 2044 1996 quemadmo-

469 2024 600 2082 dum
624 2019 956 2092 exspectasti
996 2020 1041 2052 “
1074 2038 1088 2074 :
1129 2037 1149 2070 ι
1192 2025 1247 2072 et
1274 2017 1499 2072 obruam
1534 2024 1588 2071 te
1614 2016 2043 2085 calamitatibus,

470 2125 527 2174 et
564 2114 976 2178 afflictionibus,
1008 2122 1063 2166 et
1094 2110 1447 2175 maeroribus,
1486 2124 1607 2180 quae
1634 2124 1814 2179 pravae
1855 2109 2047 2165 obser-

467 2210 676 2266 vationi
704 2209 899 2273 fidens,
926 2208 1196 2261 timuisti:
1227 2211 1288 2258 ut
1308 2202 1527 2257 tandem
1550 2190 1843 2271 aliquando
1865 2199 2047 2255 delusi

468 2302 550 2359 illi
578 2300 855 2374 propriam
899 2297 1189 2355 stultitiam
1221 2295 1558 2364 detegentes,
1590 2294 1820 2348 sincerae
1869 2291 2048 2362 paeni-

470 2394 659 2451 tentiae
681 2407 805 2463 ope,
837 2387 1193 2445 exsecranda:
1221 2386 1301 2440 illi
1325 2383 1695 2439 observationi
1739 2382 1899 2438 ﬁnem
1940 2382 2046 2437 im.

470 2491 704 2556 ponant,
752 2491 808 2538 et
854 2480 1055 2535 divina:
1116 2476 1476 2548 providentia:
1524 2475 1581 2529 in
1626 2481 1907 2545 posterum
1960 2488 2048 2529 res

473 2574 727 2648 proprias
755 2571 1185 2631 committentes,
1225 2567 1502 2639 propriam
1525 2565 1764 2619 animam
1794 2564 1943 2618 omni
1980 2580 2043 2618 ex

471 2674 627 2737 parte
656 2663 722 2718 ad
749 2663 915 2716 Deum
952 2660 1241 2714 reducant.

2148 1832 2257 1887 τῶν
2289 1834 2491 1888 ἀθλίων
2519 1836 2795 1908 κοράκων,
2829 1837 2863 1907 ἣ
2900 1838 3119 1909 χοίρων,
3154 1837 3188 1905 ἢ
3222 1837 3417 1902 κυνῶν,
3450 1836 3708 1908 ἢάνθρώ-

2149 1944 2287 1993 πων,
2320 1927 2436 1982 ἀλλ’
2466 1930 2531 1982 ἐκ
2569 1929 2668 2000 τῆς
2695 1929 2788 1983 τοῦ
2823 1927 2957 1984 Θεοῦ
2986 1929 3247 2001 κρίσεως,
3278 1929 3599 1992 κολάζοντος
3624 1929 3708 1983 καὶ

2148 2019 2647 2091 ἐκμυκτηρίζοντος
2676 2022 2775 2093 τὴν
2802 2023 3062 2075 ἀπιστίαν
3089 2020 3291 2074 αὐτῶν.
3314 2040 3332 2072 ‹
3357 2018 3478 2091 Δῴη
3508 2021 3611 2090 γάρ
3636 2037 3709 2072 σοι

2148 2111 2353 2183 Κύριος
2395 2116 2538 2169 κατά
2574 2115 2674 2185 τὴν
2714 2115 2944 2186 καρδίαν
2994 2133 3122 2181 σου,
3176 2114 3269 2167 καὶ
3300 2114 3584 2186 γενηθήτω
3612 2131 3704 2177 σοι,

2161 2206 2315 2275 φησὶ,
2346 2206 2493 2261 καθά
2516 2209 2943 2282 προσεδόκησας·
2976 2232 2993 2264 ι
3031 2213 3125 2289 καὶ
3155 2213 3463 2282 συγκλείσω
3496 2230 3555 2265 σε
3584 2229 3709 2281 συμ⁴

2150 2300 2368 2368 φοραῖς,
2398 2300 2492 2352 καὶ
2526 2299 2744 2365 λύπαις,
2780 2302 2875 2355 καὶ
2911 2303 3176 2374 θλίψεσιν,
3212 2305 3389 2377 ἅσπερ
3423 2304 3519 2359 καὶ
3552 2304 3704 2372 πεφό-

2149 2386 2315 2456 ϐησαι
2350 2390 2414 2460 τῇ
2447 2390 2692 2463 σημασίᾳ
2720 2394 2783 2462 τῇ
2833 2393 3012 2466 φαύλῃ
3066 2396 3390 2465 πειθόμενος
3413 2412 3429 2427 ο
3465 2396 3610 2459 ὅπως
3654 2394 3711 2448 ἀν

2144 2494 2276 2530 ποτε
2306 2481 2385 2542 είς
2430 2481 2726 2549 ἐπίγνωσιν
2784 2484 3033 2548 ἐλθόντες
3086 2486 3188 2557 τῆς
3238 2486 3452 2539 ἑαυτῶν
3510 2502 3712 2554 ματαιο-

2144 2569 2416 2641 φροσύνης
2436 2573 2483 2624 oi
2506 2572 2958 2646 ἐξαπατηθέντες,
2978 2577 3072 2630 καὶ
3098 2577 3359 2648 μετανοίᾳ
3384 2576 3710 2648 χρησάμενοι

2144 2660 2345 2732 ἀγαθῇ,
2384 2661 2699 2719 παύσωνται
2741 2665 2841 2736 μὲν
2865 2669 2964 2737 τῆς
2987 2668 3432 2739 παρατηρήσεως
3461 2667 3561 2738 τῆς
3594 2666 3709 2737 βδε-

471 2758 662 2828 λυρᾶς,
712 2752 872 2824 τῇδὲ
900 2750 1020 2822 θείᾳ
1093 2746 1321 2821 προνοίᾳ
1385 2743 1456 2798 τὰ
1500 2744 1620 2798 καθ’
1664 2745 1888 2808 ἑαυτοὺς
1925 2744 2110 2799 λοιπὸν
2150 2752 2580 2825 ἐπιτρέψαντες,
2635 2758 2973 2829 πανταχόθεν
3020 2758 3118 2830 τὴν
3171 2760 3307 2814 ἰδίαν
3362 2760 3547 2833 ψυχὴν
3590 2759 3713 2833 πρὸς

472 2854 606 2909 Θεὸν
637 2849 1002 2917 ἐπανάγωσιν.

824 2957 978 3015 CLII.
1012 2985 1084 2997 —-
1119 2952 1382 3010 MARONI
1422 2951 1680 3008 COMITI.

2489 2963 2659 3019 PNB'.
2681 2994 2753 3008 -
2773 2966 3037 3022 ΜΛΡΩΝΙ
3064 2968 3361 3022 ΚΟΜΗΤΙ.

541 3077 622 3135 Ne
646 3072 1001 3145 blasphemiae
1026 3068 1279 3139 spiritum
1312 3068 1510 3136 saepius
1542 3064 1635 3119 Dei
1666 3064 1892 3124 amanti,
1925 3077 2045 3133 pro-

2219 3080 2292 3133 Τὸ
2320 3081 2419 3150 τῆς
2451 3080 2801 3154 βλασφημίας
2831 3083 3073 3156 πνεῦμα,
3102 3084 3163 3139 τὸ
3192 3087 3566 3157 παρενοχλοῢν
3612 3107 3705 3142 πυ-

472 3175 664 3243 liaeque
698 3178 804 3223 tua:
831 3166 1025 3220 animae
1049 3162 1354 3216 molestiam
1378 3158 1723 3213 exhibentem
1752 3157 1862 3211 ullo
1887 3156 2047 3209 modo

476 3265 827 3323 extimescas,
858 3258 967 3311 imo
1000 3270 1125 3310 eum
1163 3261 1219 3308 et
1254 3251 1529 3315 oratione,
1572 3258 1629 3305 et
1666 3249 2047 3311 beneﬁcentia,

474 3364 532 3413 et
569 3363 959 3426 Oppressorum
993 3344 1279 3412 subsidiis,
1314 3352 1368 3399 et
1401 3342 1714 3406 tolerantia,
1746 3348 1800 3396 et
1830 3340 2050 3394 humili-

472 3458 611 3515 tate,
641 3456 696 3503 et
724 3458 855 3515 erga
892 3455 1085 3497 servos
1116 3446 1242 3495 tuos
1279 3436 1438 3508 192
1480 3436 1821 3491 humanitate
1853 3449 2048 3505 percu-

480 3542 650 3605 tiens,
695 3538 918 3607 impete.
951 3531 1078 3587 Haec
1114 3530 1284 3593 enim,
1320 3537 1376 3584 et
1406 3529 1490 3584 his
1523 3526 1724 3583 similia
1758 3541 1825 3582 ex
1865 3527 2050 3580 animo

474 3643 573 3690 tuo
593 3629 859 3702 repellere
884 3632 1115 3697 possunt
1141 3622 1436 3678 exitiosum
1471 3620 1798 3685 daemonem,
1833 3619 1928 3691 qui
1954 3619 2049 3675 tibi

474 3727 840 3801 cogitationes
890 3720 1148 3777 efferatas
1213 3726 1270 3774 et
1322 3717 1519 3789 impias
1596 3725 1789 3772 contra
1849 3727 1936 3783 te,
1995 3722 2052 3771 et

475 3818 691 3874 Numen
726 3816 928 3885 ipsum,
971 3818 1025 3864 et
1058 3815 1361 3872 creaturas,
1402 3814 1458 3861 et
1500 3813 1746 3869 sanctos,
1789 3811 1843 3860 et
1884 3820 2052 3861 vene-

474 3909 650 3966 randa
683 3901 947 3975 mysteria
977 3913 1272 3971 suggerere
1302 3896 1489 3953 audet.

723 4191 906 4249 CLIII.
941 4218 1011 4232 -
1042 4185 1272 4244 LAUSO
1302 4181 1801 4241 PRIMISCRINIO.

549 4306 741 4379 Neque
763 4307 966 4361 fratres
997 4303 1189 4367 habes,
1222 4312 1406 4371 neque
1442 4296 1584 4352 ﬁlios
1611 4294 1886 4367 possides.
1918 4292 2052 4349 Cni-

482 4417 612 4459 nam
666 4400 834 4470 igitur
892 4412 1088 4452 aurum
1143 4389 1575 4448 insaturabiliter
1634 4386 1882 4457 aggeris?
1930 4384 2051 4453 Quo

481 4494 629 4550 enim
670 4491 769 4547 tibi
816 4486 1062 4546 thesauri
1106 4483 1478 4557 opulentiores
1522 4490 1948 4550 congregantur,
1984 4495 2052 4536 eo

482 4600 658 4659 poenae
689 4583 784 4638 tibi
810 4590 866 4638 et
897 4580 1163 4652 potiores,
1198 4583 1255 4631 et
1286 4573 1584 4647 graviores,
1611 4580 1817 4626 aeterna
1859 4586 2053 4643 nempe

482 4677 775 4749 supplicia,
794 4679 1170 4731 reservantur.
1198 4667 1263 4722 Et
1290 4667 1498 4721 utinam
1524 4672 1672 4718 tanta
1695 4663 2050 4734 pecuniarum

480 4769 638 4841 copia
665 4774 974 4838 opportuno
1001 4774 1244 4832 tempore
1276 4758 1343 4813 ad
1384 4759 1504 4828 pios
1545 4754 1858 4826 probosque
1904 4755 2053 4813 viros

480 4860 846 4932 pervenisset,
878 4864 939 4911 ut
971 4854 1236 4924 scriptum
1269 4857 1354 4907 est
1381 4866 1396 4904 :
1435 4847 1916 4917 Congregaverunt
1946 4848 2051 4901 ali-

480 4951 575 5021 qui
607 4947 991 5004 insatiabiliter
1014 4949 1322 5015 argentum,
1348 4956 1412 4993 ex
1448 4953 1558 5009 quo
1581 4951 1690 4990 non
1729 4937 2048 5008 gustabunt,

479 5049 534 5097 et
563 5054 684 5110 quae
726 5039 829 5111 ipsi
874 5054 939 5093 ex
975 5034 1243 5105 iniustitia
1292 5030 1463 5086 multa
1513 5028 1869 5099 collegerunt,
1910 5029 2050 5099 justi

482 5132 797 5189 comedent.
836 5129 1228 5186 Verumtamen
1254 5140 1364 5179 non
1395 5122 1470 5177 ita
1512 5120 1635 5187 tibi,
1668 5127 1726 5173 ut
1774 5120 1889 5191 ipse
1930 5120 2049 5192 opi-

481 5241 604 5292 nor,
642 5224 957 5293 continget;
1003 5219 1263 5290 indignus
1319 5214 1521 5273 etenim
1569 5228 1628 5267 es
1670 5228 1685 5265 :
1727 5212 1838 5267 imo
1891 5214 2052 5286 vulgo

482 5317 676 5371 tritum
707 5315 1059 5387 proverbium
1107 5312 1165 5367 in
1197 5309 1539 5380 temetipsum
1577 5304 1756 5360 locum
1788 5305 2050 5364 habuisse

481 5406 854 5478 deprehendes
886 5422 899 5460 :
932 5403 1360 5459 Tantalistarum
1408 5414 1500 5456 res
1536 5396 1844 5454 Crotalistae
1892 5414 2049 5456 vora-

487 5498 645 5551 bunt.

554 5672 600 5705 “
630 5670 758 5744 Sap.
795 5685 882 5738 ιιι,
909 5670 999 5726 I9.
1071 5669 1118 5703 “
1146 5665 1294 5725 Psal.
1322 5681 1437 5727 ιιι.
1472 5665 1528 5721 5.

2149 3173 2398 3245 κνότερον
2420 3177 2483 3246 τῇ
2518 3177 2583 3248 σῇ
2613 3175 2843 3247 φιλοθέῳ
2902 3179 2996 3231 καὶ
3022 3177 3201 3249 ἀγαθῇ
3226 3178 3450 3250 καρδία,
3488 3180 3713 3251 μηδόλως

2150 3266 2465 3339 ὑποπτήξῃς
2490 3309 2504 3333 ,
2555 3269 2756 3338 μᾶλλον
2789 3270 2847 3323 δέ
2880 3270 3311 3342 κατεξανάστηθι
3351 3273 3547 3327 τούτου
3573 3313 3587 3337 ,
3631 3273 3714 3326 τύο

2150 3376 2300 3413 πτων
2327 3360 2459 3414 αὐτὸ
2485 3360 2675 3432 εὐχαῖς
2729 3364 2823 3417 καὶ
2854 3363 3153 3429 εύποιίαις,
3186 3364 3512 3434 ἀντιλήψεσί
3536 3384 3593 3420 τε
3619 3365 3716 3421 τῶν

2150 3453 2640 3524 καταπονουμένων
2676 3454 2770 3508 καὶ
2838 3458 2959 3519 ταῖς
3009 3457 3434 3528 μακροθυμίαις,
3480 3476 3715 3511 ταπεινο-

2150 3539 2390 3612 φροσύνῃ
2439 3559 2497 3594 τε
2567 3544 2661 3595 καὶ
2700 3546 2765 3615 τῇ
2816 3545 2952 3614 πρὸς
2994 3545 3122 3609 τοὺς
3170 3546 3387 3610 οίκέτας
3432 3550 3562 3613 τοὺς
3602 3548 3714 3611 σοὺς

2150 3630 2468 3701 ἡμερότητι.
2495 3631 2677 3686 Ταῦτα
2700 3635 2829 3707 γάρ,
2863 3636 2955 3689 καὶ
2977 3637 3044 3690 τὰ
3064 3637 3311 3699 τοιαῦτα,
3344 3639 3543 3691 τοῦτον
3570 3640 3716 3693 δύνα-

2148 3737 2237 3774 ται
2271 3721 2378 3775 ἀπὺ
2406 3723 2507 3793 τῆς
2542 3723 2722 3796 ψυχῆς
2751 3744 2845 3780 σου
2885 3727 3140 3792 ἐξελάσαι
3172 3728 3260 3783 τὸν
3305 3729 3588 3802 ἀλάστορα
3614 3731 3717 3785 δαί-

2154 3827 2325 3881 μονα,
2359 3811 2655 3883 λογισμοὺς
2703 3817 2928 3889 ἀγρίους
2974 3818 3081 3872 καὶ
3136 3818 3351 3882 ἀσεϐεῖς
3399 3821 3717 3876 ὑποϐάλλειν

2148 3902 2431 3973 τολμῶντα
2478 3905 2620 3960 κατὰ
2663 3908 2862 3963 σαυτοῦ
2891 3926 2951 3962 τε
2976 3951 2991 3975 ,
3035 3911 3130 3964 καὶ
3158 3912 3252 3965 τοῦ
3285 3912 3448 3979 Θεοῦ,
3493 3916 3587 3968 καὶ
3617 3914 3717 3967 τῶν

2149 3991 2676 4067 δημιουργημάτων,
2720 3999 2816 4052 καὶ
2851 3998 2959 4052 τῶν
2999 4000 3168 4069 ἁγίων
3213 4001 3310 4056 καὶ
3372 4005 3595 4058 σεπτῶν
3625 4024 3717 4077 μυ-

2155 4086 2408 4157 στηρίων.

2395 4200 2561 4257 PNP.
2590 4233 2661 4242 —
2696 4202 2919 4275 ΛΑΥΣῼ
2964 4204 3476 4279 ιιΡιΜιΣκΡιΝιῼ.

2220 4312 2363 4382 Μήτ’
2401 4313 2663 4382 ἀδελφοὺς
2714 4312 2890 4385 ἔχων,
2948 4316 3085 4386 μήτε
3135 4315 3301 4371 τέκνα
3352 4319 3716 4390 κτησάμενος,

2162 4402 2271 4455 τίνι
2300 4399 2408 4474 ἄρα
2436 4402 2497 4457 τὸ
2539 4404 2762 4475 χρυσίον
2794 4405 3049 4472 συνάγεις
3081 4407 3397 4477 ἀκορέστως
3424 4427 3439 4476 ;
3491 4412 3640 4481 Ὀσῳ
3668 4412 3718 4464 δὲ

2156 4493 2288 4547 πολὺ
2315 4495 2376 4547 τὸ
2416 4493 2787 4567 θησαύρισμα,
2834 4497 3072 4567 τοσούτῳ
3105 4498 3287 4553 πλεῖον
3321 4502 3417 4554 καὶ
3454 4502 3718 4574 βαρυτέρα

2152 4584 2472 4654 ταμιεύεταί
2504 4603 2586 4639 σοι
2621 4588 2655 4657 ή
2682 4584 2898 4650 αἰώνιος
2924 4587 3167 4651 κόλασις.
3201 4590 3312 4642 Καὶ
3349 4591 3548 4658 mm
3574 4610 3635 4661 γε
3657 4594 3717 4644 τά

2152 4675 2386 4731 τοσαῦτα
2431 4679 2712 4750 χρήματα,
2739 4678 2816 4749 τῷ
2852 4678 3028 4752 καιρῷ
3077 4679 3155 4751 τῷ
3183 4682 3367 4753 οἰκείῳ
3403 4685 3487 4749 είς
3530 4685 3717 4753 ἄνδρας

2154 4769 2400 4832 εὐλαϐεῖς
2448 4771 2543 4824 καὶ
2604 4771 2784 4834 ὁσίους
2814 4770 3059 4841 ἔφθασαν
3086 4811 3101 4835 ,
3139 4774 3281 4826 κατά
3309 4774 3369 4827 τὸ
3399 4792 3576 4847 γεγρα
3587 4778 3717 4846 μμέ-

2153 4878 2263 4925 νον,
2295 4863 2484 4933 ὅτιπερ
2518 4862 2885 4933 Συνήθροισάν
2915 4880 3060 4926 τινες
3102 4864 3395 4936 ἀπλήστως
3438 4866 3715 4937 ἀργύριον,

2154 4952 2215 5017 ἐξ
2252 4947 2312 5007 οὗ
2354 4954 2415 5006 ού
2447 4953 2734 5022 γεύσονται
2763 4971 2775 4982 ·
2817 4954 2963 5027 ἅπερ
3011 4956 3056 5009 δ’
3086 4949 3231 5009 οὗτοι
3284 4961 3623 5029 συνήνεγκαν
3666 4960 3718 5024 ἐξ

2153 5046 2366 5108 ἀδικίας
2398 5046 2638 5115 πολλῆς,
2682 5046 2853 5100 ταῦτα
2896 5047 3094 5101 δίκαιοι
3145 5048 3374 5105 ἔδονται,
3446 5052 3587 5103 ’Δ).λ’
3626 5052 3715 5118 οὐχ

2153 5135 2324 5201 οὕτως
2378 5136 2583 5208 νομίζω
2640 5138 2964 5208 γενήσεσθαι
3016 5140 3109 5192 ἐπὶ
3159 5141 3281 5193 σοὶο
3339 5134 3563 5207 ἀνάξιος
3616 5142 3717 5211 γὰρ

2156 5225 2441 5298 ὑπάρχεις,
2479 5227 2578 5297 τήν
2607 5226 2662 5280 δὲ
2688 5227 2915 5299 δημώδη
2960 5231 3260 5301 παροιμίαν
3294 5230 3402 5303 ὄψῃ
3435 5232 3715 5301 καταλαμ-

2155 5317 2421 5372 ϐάνουσάν
2448 5334 2531 5383 σε,
2545 5319 2644 5391 τὴν
2662 5319 2944 5390 λέγουσαν·
2962 5321 3043 5375 Τά
3065 5321 3445 5378 Τανταλιστῶν
3462 5327 3716 5393 φάγονται

2152 5408 2537 5481 Κροταλισταί.
