3850 6218
187 263 305 326 273

255 461 472 525 Καλῶς
495 480 561 531 γε
592 464 732 517 πάνυ
761 463 1045 534 πράττεις,
1072 465 1193 526 ταῖς
1221 462 1519 531 νηστείαις,
1553 462 1647 513 καὶ
1666 463 1783 524 ταῖς

188 553 556 622 χαμευνίαις,
594 555 659 625 τῇ
702 570 761 605 τε
801 556 1008 623 χρηστῇ
1044 554 1320 625 ἀγρυπνίᾳ
1345 593 1359 617 ,
1392 552 1488 605 καὶ
1513 555 1577 623 τῇ
1606 553 1783 623 πυκνῇ

200 648 496 716 προσευχῇ
546 646 882 699 καταπατῶν
932 664 991 699 τε
1044 648 1139 699 καὶ
1197 644 1635 716 ύπεραλλόμενος
1685 643 1785 707 τὰς

190 736 504 807 τρικυμίας
534 736 644 788 τῶν
695 737 976 807 σαρκικῶν
1023 736 1245 807 ἡδονῶν,
1283 736 1403 806 Θεῷ
1440 736 1495 789 δὲ
1538 734 1613 805 τῷ
1654 753 1784 788 συν-

192 826 458 896 εργοῦντι
486 828 619 897 ἡμῖν
646 828 731 881 ἀεὶ
769 829 849 889 εἰς
872 828 931 880 τὸ
965 827 1170 895 ἀγαθὸν
1196 828 1293 898 τὴν
1322 826 1478 896 νίκην
1514 826 1787 889 ἀνατιθεὶς

198 921 257 971 ὲν
281 918 357 988 τῷ
374 918 609 987 ψάλλειν
639 920 776 989 πρὸς
799 922 961 973 αὐτόν
984 934 1000 952 ο
1036 940 1053 971 ι
1091 922 1184 984 Σὺ,
1209 921 1476 985 Δέσποτα,
1504 918 1786 983 ὃεσπόζεις

197 1009 299 1063 τοῦ
326 1010 573 1079 κράτους
606 1012 703 1081 τῆς
741 1011 1038 1081 θαλάσσης,
1075 1013 1167 1065 τὸν
1194 1012 1248 1065 δὲ
1278 1012 1437 1065 σάλον
1467 1011 1574 1064 τῶν
1604 1012 1781 1082 κυμάο

198 1119 310 1155 των
338 1102 517 1171 αὐτῆς
550 1103 615 1154 σὺ
650 1104 1080 1173 καταπραΰνεις.
1121 1124 1137 1155 ι

494 1197 670 1250 ΡΝΕ’.
702 1228 772 1237 -
804 1198 1087 1267 ΡΩΜΑΝῼ
1133 1197 1500 1268 ΕΠΙΣΚΟΠῼ.

274 1288 359 1343 Τὰ
379 1288 478 1342 τοῦ
511 1290 861 1361 παράφρονος
909 1291 1004 1342 καὶ
1035 1290 1502 1361 παρεξεστηκότος
1530 1289 1784 1342 Ναυάτου

204 1379 381 1450 βληχή
392 1399 545 1450 ματα
569 1422 584 1444 ,
631 1381 728 1451 τὴν
763 1381 860 1452 μὲν
893 1380 1170 1445 σώζουσαν
1217 1380 1504 1450 μετάνοιαν
1534 1380 1788 1450 ἐξοστρα-

203 1470 381 1533 κξζειν
430 1471 715 1542 τολμῶντα
742 1511 756 1533 ,
800 1473 1068 1542 προφάσει
1113 1472 1170 1525 δὲ
1220 1469 1563 1542 ἀπελπισμοῦ
1618 1470 1788 1534 ἀδεῶς

202 1563 307 1626 τὰς
327 1564 617 1633 ἁμαρτίας
643 1564 971 1635 σωρεύοντα,
1006 1566 1100 1618 καὶ
1133 1564 1406 1635 καθαροὺς
1435 1565 1530 1634 μὲν
1562 1565 1788 1627 ἑαυτοὺς

203 1654 473 1723 λέγοντας
506 1652 673 1718 εἶναι,
714 1656 1057 1725 ἀκαθάρτους
1083 1655 1140 1708 δὲ
1188 1662 1255 1725 τῇ
1291 1655 1489 1725 πράξει
1535 1656 1786 1726 εὑρισκο-

1432 255 1965 319 EPISTOLARUM
1994 260 2142 323 LIB.
2168 262 2250 322 ΙΙ.

485 371 652 425 ΡΝΔ⁹.
684 402 754 411 —-
784 372 1135 442 EANGIIIIIQ
1165 370 1490 440 ΔῙΑΚΟΝῼ.
1801 365 1852 425 Δ

2122 367 2305 424 CLIV.
2348 401 2418 410 —
2453 368 2850 427 XANTIIIPPO
2885 369 3202 430 DIACONO.

1958 457 2137 518 Probe
2171 461 2337 517 nimis
2368 465 2508 533 agis,
2540 462 2766 533 jejuniis
2796 471 2851 519 et
2889 464 2943 518 in
2973 464 3140 519 humo
3166 464 3457 519 dormitio-

1889 552 2075 613 nibus,
2119 552 2374 624 bonaque
2407 555 2615 626 vigilia,
2642 564 2696 610 et
2730 554 3000 625 frequenti
3043 555 3289 609 oratione
3323 569 3456 609 con-

1889 646 2151 709 culcans,
2209 656 2265 702 et
2322 662 2646 701 carnearnm
2705 648 3046 719 voluptatum
3106 654 3457 718 tempestates

1890 739 2228 806 transiliens,
2273 738 2514 810 Deoque,
2569 742 2663 807 qui
2715 756 2934 810 semper
2987 739 3146 794 nobis
3197 738 3262 793 ad
3314 739 3457 793 bona

1889 832 2247 902 persolvenda
2289 850 2447 903 opem
2484 834 2609 898 fert,
2651 835 2938 890 victoriam
2984 833 3289 895 ascribens,
3327 845 3455 886 cum

1891 924 1958 978 ad
1986 940 2109 978 eum
2144 926 2391 980 conr-inis
2434 942 2450 980 :
2495 945 2513 978 ι
2556 925 2659 990 Tu,
2697 926 2946 991 Domine,
2995 923 3298 979 dominaris
3344 922 3457 977 vir-

1889 1015 1993 1068 tuti
2026 1013 2216 1079 maris,
2245 1022 2300 1071 et
2326 1022 2705 1085 tempestatem
2740 1014 3006 1069 ﬁuctuum
3038 1014 3188 1069 illius
3217 1025 3273 1068 tu
3310 1010 3457 1067 miti-

1891 1118 1988 1175 gas
2009 1103 2075 1157 ".
2117 1122 2134 1154 ι

2102 1193 2259 1264 193
2297 1192 2450 1248 CLV.
2490 1224 2555 1235 —
2592 1191 2876 1248 ROMANO
2908 1190 3255 1248 EPISCOPO.

1965 1282 2179 1348 Insani,
2214 1300 2277 1337 ac
2308 1291 2489 1339 mente
2517 1284 2659 1354 capti
2688 1284 2879 1338 Novati
2907 1284 3138 1344 balatus,
3164 1283 3253 1353 qui
3284 1283 3461 1352 poenis

1891 1386 2279 1432 exonerantem
2319 1377 2693 1446 paenitentiam
2714 1375 3003 1431 extrudere
3031 1376 3212 1438 audet,
3234 1382 3287 1431 et
3320 1390 3459 1445 pra:-

1895 1476 2044 1523 textu
2076 1469 2472 1539 desperationis
2506 1468 2851 1539 impudenter
2876 1479 3100 1539 peccata
3137 1474 3459 1532 conservat;

1892 1572 1946 1618 et
1986 1563 2134 1617 illius
2170 1566 2435 1627 asseclas,
2471 1564 2563 1632 qui
2608 1579 2778 1633 puros
2824 1563 3146 1633 semctipsos
3188 1570 3459 1625 asserunt,

1894 1665 1946 1707 et
1973 1670 2136 1724 opere
2162 1655 2284 1726 ipso
2315 1656 2517 1725 impuri
2554 1656 3064 1726 deprehenduntur,
3106 1663 3159 1710 et
3193 1656 3248 1710 in
3286 1657 3465 1725 perni-

209 1746 432 1815 μένους,
461 1747 558 1799 καὶ
586 1749 666 1809 εἰς
687 1746 785 1818 τὴν
814 1746 1091 1800 ἀπώλειαν
1127 1747 1553 1811 συνελαύνοντας
1582 1748 1669 1802 διὰ
1692 1750 1787 1819 τῆς

1912 1747 2036 1799 :iem
2061 1759 2177 1811 eos,
2204 1744 2298 1814 qui
2333 1761 2523 1801 eorum
2566 1747 2815 1801 amentia
2855 1745 3013 1802 ﬁdem
3049 1746 3271 1812 habent,
3309 1762 3465 1803 com-

206 1837 583 1905 ἀπογνώσεως
613 1840 739 1903 τοὺς
775 1838 1133 1907 πειθομένους
1176 1841 1240 1907 τῇ
1290 1838 1488 1901 αὐτῶν,
1525 1841 1624 1891 οὐκ
1655 1840 1791 1892 άπο-

207 1927 520 1997 δεξόμεθα·
571 1930 884 1984 τούναντίον
925 1930 983 1982 δὲ
1022 1930 1351 2001 μεμψόμεθά
1395 1947 1453 1983 τε
1500 1933 1593 1985 καὶ
1650 1931 1793 1985 σκώ-

208 2020 409 2089 ψομεν,
442 2020 521 2085 ὡς
564 2021 673 2075 τῶν
702 2022 1079 2075 ἀποστολικῶν
1109 2023 1348 2079 κανόνων
1382 2024 1635 2095 ἀλλότρια
1666 2041 1796 2095 φρο-

210 2109 468 2177 νοῦντας.

446 2205 642 2272 ΡΝςν.
670 2235 740 2245 -
769 2204 1123 2276 ΑΦΡΟΔΙΣΙῼ
1151 2205 1565 2276 ΣΚΡῙΝΞΑΡΙῼ.

280 2294 350 2348 Τί
371 2295 554 2359 δοκεῖς
579 2295 859 2350 λανθάνειν
885 2300 1034 2369 ἡμᾶς
1062 2298 1342 2369 κακοήθης
1398 2315 1482 2361 τις
1510 2300 1604 2352 καὶ
1627 2296 1798 2362 δόλιος

212 2389 527 2460 ὑπάρχων,
563 2390 657 2443 καὶ
695 2392 909 2455 πολλοῖς
958 2392 1057 2462 μὲν
1106 2392 1350 2463 ἀρίστοις
1412 2391 1509 2444 καὶ
1572 2391 1799 2460 ἀγαθοῖς

213 2482 450 2552 ἀνδράσι
497 2480 759 2552 πεφυκὼς
816 2483 1229 2550 ἐπιϐουλεύειν,
1285 2482 1680 2551 συγκαλύπτων
1741 2482 1798 2536 δὲ

218 2573 421 2626 σαυτὸν
450 2574 531 2643 τῷ
559 2575 890 2645 προσωπείῳ
920 2576 1018 2645 τῆς
1049 2574 1484 2644 φιλοκαγαθίας;
1531 2574 1660 2627 Ἰδοὺ
1691 2574 1799 2642 γὰρ

217 2666 280 2717 ὲκ
306 2666 421 2718 τῶν
450 2666 688 2735 καρπῶν
712 2667 771 2719 τὸ
793 2666 1007 2737 δένδρον
1039 2664 1401 2736 γινώσκομεν,
1426 2666 1520 2719 καὶ
1549 2665 1800 2736 οὓδαμῶς

213 2757 457 2828 κρυϐείη
514 2757 675 2819 λύκος
727 2758 1112 2828 περικείμενος
1170 2758 1333 2828 δορὰν
1378 2758 1690 2829 προϐάτου⁹
1737 2760 1801 2811 ὲκ

214 2850 330 2919 γὰρ
362 2849 428 2920 δὴ
479 2850 591 2903 τῶν
648 2851 872 2905 ὀδόντων
914 2852 1011 2906 καὶ
1059 2852 1169 2904 τῶν
1199 2851 1405 2922 ὀνύχων
1437 2852 1634 2923 ῥᾳδίως
1661 2867 1802 2919 γνω-

217 2940 515 3009 σθήσεται.
548 2943 687 3010 Φησὶ
715 2942 771 2995 δὲ
800 2943 897 2995 καὶ
921 2944 953 3011 ἡ
980 2942 1170 3013 Γραφή
1197 2959 1209 2971 ·
1250 2962 1267 2994 ι
1304 2942 1501 3014 Πέρδιξ
1530 2942 1802 3013 θηρευτὴς

215 3030 520 3099 καρτάλλῳ
546 3031 988 3094 ὲναποκλεισθείς
1007 3047 1021 3061 ·
1052 3031 1228 3093 οὕτως
1256 3031 1409 3084 ἐστὶν
1443 3030 1799 3101 ὑπερηφάνου
1828 3055 1872 3115 c

215 3122 444 3193 καρδία.
487 3142 507 3174 ι
555 3124 761 3184 Ὄντως
807 3122 917 3194 γάρ
977 3122 1331 3195 ὑπερήφανος
1382 3122 1473 3175 καὶ
1521 3121 1799 3194 φθονερὸς,

214 3211 350 3278 ὅτις
380 3230 442 3265 τε
477 3210 688 3267 δάκνων
742 3216 900 3284 σιγῇ,
947 3215 1044 3268 καὶ
1088 3214 1235 3268 κύων
1289 3215 1616 3285 σπαράττων
1648 3215 1805 3279 ἐκτὸς

214 3302 320 3355 τοῦ
367 3303 675 3375 ύλακτῆσαι
727 3306 970 3376 γνωρίζῃ
1025 3305 1174 3375 παρὰ
1228 3307 1434 3369 πᾶσιν,
1485 3306 1589 3360 κᾶν
1629 3307 1806 3380 λάθρα

214 3393 539 3464 κακοῦργός
585 3413 667 3457 τις
725 3396 821 3450 καὶ
880 3396 1296 3467 δυσφορώτατος
1365 3399 1459 3450 καὶ
1511 3398 1807 3468 κρυψίνους

222 3483 513 3553 πανταχοῦ
546 3485 832 3557 περιέρχῃ.
870 3486 1008 3540 Θεοῦ
1048 3486 1103 3540 δὲ
1149 3487 1309 3557 χρεία
1358 3487 1469 3540 τῶν
1517 3490 1667 3559 παρὰ
1712 3490 1805 3543 σοῦ

223 3575 763 3649 ἐπιϐουλευομένων,
808 3580 896 3633 ἴνα
925 3578 1127 3647 λέγωσι
1156 3580 1218 3632 τὸ
1253 3580 1309 3631 ὲν
1339 3579 1415 3650 τῷ
1448 3581 1803 3651 ἐνενηκοστῷ,

224 3668 306 3722 ὅτι
346 3688 369 3719 ε
398 3669 575 3734 Αὐτὸς
603 3670 824 3741 ῥύσεται
855 3673 1001 3743 ἡμᾶς
1032 3675 1097 3724 ὲκ
1129 3671 1354 3740 παγίδος
1383 3671 1682 3743 θηρευτῶν,
1714 3674 1808 3727 καὶ

222 3761 391 3831 λόγου
420 3762 795 3835 ταραχώδους.
834 3783 853 3817 ι
898 3763 1075 3833 Σιγῶν
1118 3763 1228 3833 γὰρ
1254 3763 1417 3828 αὐτὸς
1449 3764 1531 3827 είς
1561 3765 1808 3836 ταραχὴν

222 3854 529 3924 ἐμϐάλλεις
556 3856 683 3919 τοὺς
708 3854 1252 3927 ἐπιϐουλευομένους.

488 4119 658 4176 PNZ'.
692 4152 765 4161 —
792 4123 1174 4194 ΣΩΣῙΠΑΤΡῼ
1195 4124 1563 4197 ΤΡΙΒΟΥΝῼ.

302 4213 389 4285 τῇ
422 4212 547 4285 θεία
589 4214 789 4282 γνώσει
840 4215 1105 4286 στοιχῶν,
1160 4217 1226 4286 τῇ
1267 4216 1465 4284 γνώσει
1507 4217 1602 4270 καὶ
1636 4218 1815 4272 πάντα

235 4309 420 4361 ποιεῖν
455 4305 793 4369 σπουδάζεις,
830 4306 1157 4379 πανάριστε,
1189 4310 1303 4370 τοῖς
1366 4308 1581 4378 ἐκείνης
1626 4310 1814 4363 κανόσι

1893 1837 2123 1905 pellunt,
2157 1837 2309 1892 nullo
2336 1838 2498 1891 modo
2528 1837 2633 1908 ipsi
2666 1838 2996 1908 recipimus;
3030 1838 3140 1893 imo
3167 1855 3263 1894 eos
3284 1853 3466 1910 repre-

1895 1926 2217 1991 hendemus,
2242 1935 2296 1984 et
2318 1929 2775 1998 vituperabimus,
2799 1930 2877 1983 uti
2901 1945 3017 1996 eos,
3041 1930 3134 2001 qui
3158 1929 3463 1986 canonibus

1895 2017 2267 2087 apostolorum
2300 2020 2580 2074 contraria
2609 2019 2870 2075 sentiunt.

2090 2196 2270 2253 CLVI.
2304 2228 2374 2237 —
2402 2196 2818 2253 APHRODISIO
2856 2197 3268 2254 SCRINIABIO.

1969 2288 2049 2342 An
2082 2288 2249 2344 latere
2284 2304 2387 2344 nos
2413 2301 2593 2359 putas,
2618 2290 2710 2360 qui
2743 2289 3013 2360 malignus
3036 2305 3119 2352 es,
3151 2298 3204 2345 et
3226 2297 3463 2345 astutam

1900 2395 2084 2435 servas
2109 2380 2212 2435 sub
2244 2387 2467 2449 pectore
2503 2380 2745 2450 vulpem,
2772 2389 2828 2434 et
2864 2380 3281 2449 quamplurimis
3321 2379 3458 2450 o-pti-

1900 2472 2002 2524 mis
2059 2486 2123 2525 ac
2178 2471 2585 2541 probatissimis
2635 2472 2768 2526 viris
2831 2486 2896 2524 ex
2956 2471 3174 2540 ingenio
3234 2470 3465 2526 insidias

1902 2564 2119 2628 struis,
2187 2562 2316 2617 licet
2384 2566 2735 2633 temetipsum
2798 2561 3171 2617 beneﬁcentiae
3233 2577 3466 2631 persona

1901 2654 2192 2724 conlegas?
2250 2653 2388 2708 Ecce
2438 2656 2582 2707 enim
2632 2670 2699 2709 ex
2747 2653 3021 2709 fructibus
3079 2654 3329 2709 arborem
3379 2654 3465 2709 di-

1904 2745 2223 2814 gnoscimus
2255 2746 2298 2775 "
2336 2748 2390 2809 ‘;
2432 2744 2693 2813 nulloque
2737 2744 2900 2798 modo
2928 2744 3088 2814 lupus
3131 2744 3259 2798 licet
3306 2744 3469 2798 ovina

1903 2834 2043 2903 pelle
2096 2832 2392 2887 adornatus
2448 2832 2615 2886 latere
2671 2832 3175 2902 poterit:namque
3218 2847 3283 2885 ex
3331 2832 3468 2886 den-

1904 2924 2055 2979 tibus
2099 2938 2163 2977 ac
2196 2924 2468 2993 unguibus
2516 2924 2661 2978 facili
2720 2923 2937 2993 negotio
2990 2923 3045 2978 in
3101 2922 3467 2992 cognitionem

1903 3015 2104 3069 veniet.
2137 3015 2199 3067 Et
2233 3013 2513 3084 Scriptura
2552 3029 2771 3084 quoque
2835 3016 2911 3067 ait
2943 3032 2957 3068 :
3002 3032 3021 3065 ι
3059 3013 3251 3067 Perdix
3297 3028 3465 3067 vena-

1908 3105 2017 3157 trix
2046 3106 2279 3159 cartallo
2309 3104 2547 3168 inclusa,
2584 3106 2659 3158 ita
2688 3120 2747 3159 se
2780 3103 2942 3159 habet
2972 3120 3066 3159 cor
3097 3105 3315 3174 superbi
3338 3104 3403 3161 ⁸⁸.
3444 3123 3464 3157 ι

1907 3196 2048 3252 Vere
2116 3197 2319 3267 quippe
2382 3197 2651 3266 superbus
2712 3205 2767 3250 et
2828 3197 3078 3260 invidus,
3137 3211 3471 3267 scrpensque

1908 3290 2127 3347 silentio
2177 3289 2454 3351 mordens,
2486 3298 2540 3344 et
2579 3289 2732 3345 canis
2777 3290 2986 3358 absque
3024 3290 3219 3343 latratu
3264 3291 3473 3345 discer-

1907 3398 2041 3452 pens
2095 3382 2446 3452 cognosceris
2495 3381 2563 3435 ab
2605 3379 2882 3446 omnibus,
2935 3380 3062 3434 licet
3115 3379 3375 3449 perditus,
3418 3388 3473 3434 et

1909 3476 2291 3539 intoierabilis,
2324 3485 2377 3529 et
2418 3473 2800 3529 dissimulator
2838 3488 3275 3542 quaquaversum
3329 3469 3473 3524 diva-

1909 3567 2076 3637 geris.
2106 3564 2327 3636 Opeque
2349 3564 2531 3618 divina
2556 3564 2667 3621 illis
2702 3580 2839 3635 opus
2872 3563 2963 3627 sit,
3004 3564 3202 3631 quibus
3242 3561 3472 3619 insidias

1911 3658 2101 3721 struis,
2160 3665 2220 3710 ut
2275 3656 2459 3711 dicere
2513 3655 2755 3726 possint,
2806 3654 2951 3724 quod
3008 3654 3064 3707 in
3116 3654 3473 3723 nonagesimo

1913 3749 2124 3819 psalmo
2171 3747 2428 3818 legitur:
2476 3764 2495 3798 ‹
2547 3744 2667 3816 Ipse
2719 3745 2973 3799 liberabit
3037 3743 3196 3816 194
3250 3760 3353 3801 nos
3407 3744 3475 3802 de

1910 3840 2110 3909 laqueo
2148 3838 2491 3903 venantium,
2549 3847 2603 3893 et
2647 3852 2678 3892 a
2734 3836 2903 3891 verbo
2949 3851 3145 3906 aspero
3174 3838 3237 3888 “.
3291 3854 3310 3888 ι
3356 3835 3476 3907 Ipse

1912 3932 2184 4003 siquidem
2224 3940 2417 3987 tacens
2462 3931 2518 3985 in
2550 3931 2742 3985 turbas
2789 3927 3011 3984 insidiis
3055 3928 3166 3984 tuis
3209 3928 3476 3984 obnoxios

1914 4024 2163 4095 conjicis.

2148 4112 2356 4170 CLVII.
2388 4143 2458 4154 —
2497 4110 2878 4168 SOSIPATRO
2913 4108 3240 4167 TRIBUNO.

1984 4209 2181 4265 Divino
2247 4206 2551 4277 procedens
2620 4205 2890 4271 consilio,
2960 4205 3197 4259 consilio
3261 4220 3481 4275 quoque

1916 4300 2099 4355 omnia
2128 4312 2383 4369 peragere
2407 4296 2714 4358 contendis,
2747 4310 2780 4349 ο
2813 4294 3035 4364 optime,
3083 4295 3232 4350 illius
3276 4296 3481 4366 regulis

235 4395 337 4449 καὶ
362 4395 592 4465 ῥυθμοῖς
619 4395 903 4465 ἑπόμενος.
929 4395 1096 4449 ’Όθεν
1131 4396 1225 4448 καὶ
1254 4396 1434 4449 πάντα
1476 4398 1569 4450 τὸν
1610 4398 1802 4451 σαυτοῦ

1916 4390 2291 4467 rhythmisque
2334 4387 2613 4443 obediens.
2670 4385 2810 4440 Hinc
2856 4393 2910 4440 et
2943 4386 3228 4441 universas
3280 4393 3402 4442 tuas
3451 4400 3482 4440 a

236 4485 613 4554 θεοφύλακτον
637 4485 887 4551 πλοῦτον,
916 4485 992 4548 ὡς
1022 4486 1114 4538 ὲπὶ
1135 4486 1196 4538 τὸ
1223 4485 1478 4539 πλεῖστον
1505 4490 1620 4549 τοῖς
1645 4506 1810 4557 μονα-

237 4577 358 4646 χοίς
394 4574 689 4642 ὲξαντλεῖς,
723 4576 857 4644 πρὸς
898 4574 1120 4639 τούτους
1148 4592 1209 4627 τε
1252 4576 1501 4646 κεχηνὼς
1533 4577 1712 4648 πολλῷ
1738 4577 1815 4649 τῷ

240 4667 418 4737 πόθῳ,
451 4668 545 4719 καὶ
570 4667 792 4729 τούτους
822 4667 1107 4719 ἀναπνέων
1134 4666 1347 4741 νύκτωρ
1379 4669 1473 4720 καὶ
1529 4669 1646 4740 μεθ’
1675 4670 1815 4741 ἡμέ-

248 4776 374 4829 ραν,
414 4759 543 4829 μήθ⁹
574 4759 709 4822 ὅλως
742 4758 884 4828 ἔχειν
929 4758 1167 4829 νομίζων
1227 4760 1601 4831 συγγένειανῆ
1628 4761 1817 4828 τέκνα,

246 4852 432 4905 καίτοι
479 4852 747 4905 τοσούτων
782 4854 973 4906 ὄντων.
1014 4854 1125 4906 Καὶ
1167 4853 1295 4905 αὐτὸ
1334 4854 1391 4906 δὲ
1438 4854 1499 4906 τὸ
1537 4854 1717 4922 λέγειν
1760 4874 1819 4909 σε

247 4948 397 4999 κατὰ
451 4947 781 5016 συντυχίας,
842 4948 1041 5016 κτῆνος
1094 4945 1360 5016 ὑπάρχειν
1416 4946 1524 4999 τῶν
1576 4947 1823 5017 μοναχῶν

250 5039 610 5106 ἁγογγύστως
663 5055 724 5090 τε
802 5039 895 5091 καὶ
952 5036 1250 5108 προθύμως
1319 5035 1822 5107 ὲξυπηρετούμενον

251 5133 460 5194 πάσαις
500 5134 620 5194 ταῖς
660 5129 865 5184 τούτων
894 5130 1125 5202 χρείαις,
1154 5130 1248 5183 καὶ
1273 5129 1434 5182 τοῦτο
1470 5130 1821 5201 ἀπηρτισμέ-

254 5241 354 5292 νης
389 5224 507 5274 ἐστὶ
532 5224 830 5294 τεκμήριον
846 5221 1118 5285 γνώσεως.
1158 5220 1476 5274 Ἐπίστασαι
1497 5220 1552 5273 δὲ
1584 5220 1822 5284 πάντως,

254 5317 337 5369 ὅτι
380 5315 477 5367 σὺν
507 5316 621 5377 τοῖς
649 5315 911 5377 Λευῖταις
931 5352 947 5377 ,
995 5314 1087 5366 καὶ
1132 5312 1202 5366 τὰ
1234 5312 1437 5365 τούτων
1485 5314 1658 5382 κτήνη
1688 5331 1820 5366 κατ-

254 5406 529 5476 ηυλόγησε
554 5405 687 5468 Θεός
711 5422 771 5457 τε
797 5405 891 5458 καὶ
916 5404 1177 5476 Μωῦσῆς.
1208 5404 1394 5456 Πάντα
1416 5402 1597 5456 τοίνυν
1626 5403 1823 5471 γνώσει

254 5498 609 5568 λογιζόμενος
642 5497 783 5568 θείᾳ,
824 5497 919 5550 καὶ
946 5495 1144 5565 γνώσει
1184 5494 1361 5562 λέγων
1398 5493 1492 5546 καὶ
1547 5493 1766 5559 πράττοι
1782 5510 1821 5559 θ,

1915 4482 2151 4538 Numine
2190 4480 2496 4536 custoditas
2533 4478 2752 4533 divitias
2790 4486 2849 4531 ut
2882 4477 3176 4547 plurimum
3213 4477 3266 4532 in
3292 4493 3485 4533 mona-

1917 4576 2054 4632 chos
2094 4574 2373 4637 exhauris,
2424 4580 2477 4626 et
2515 4573 2568 4625 in
2617 4570 2740 4625 illos
2775 4585 3036 4641 perquam
3083 4570 3484 4640 impensissime

1918 4669 2161 4733 inhians,
2197 4680 2401 4735 eosque
2443 4662 2662 4726 reﬁans,
2704 4672 2869 4717 noctu
2921 4674 2974 4719 et
3026 4662 3290 4722 interdiu.
3332 4676 3396 4714 ac
3436 4661 3484 4716 si

1919 4761 2056 4815 nulli
2109 4758 2209 4813 tibi
2259 4764 2445 4813 essent
2495 4755 2909 4824 consanguinei,
2973 4762 3065 4807 aut
3118 4751 3237 4819 ﬁlii,
3284 4752 3484 4822 quibus

1923 4851 2126 4906 afﬂuis.
2166 4848 2304 4903 Illud
2335 4862 2557 4918 quoque
2586 4847 2731 4917 quod
2762 4847 2903 4900 inter
2941 4844 3361 4913 colloquendum
3398 4843 3483 4898 in-

1923 4944 2132 5006 culcas,
2174 4941 2485 5010 jumentum
2540 4945 2596 4991 te
2645 4952 2769 4992 esse
2823 4937 3235 5000 monachorum,
3277 4935 3487 5002 absque

1924 5032 2381 5093 murmuratione,
2419 5027 2514 5084 sed
2548 5043 2762 5083 summa
2793 5027 2961 5081 animi
2994 5026 3276 5079 alacritate
3294 5039 3484 5079 eorum

1924 5124 2356 5182 necessitatibus
2390 5136 2690 5176 occurrens
2724 5128 2886 5189 atque
2926 5118 3245 5173 ministrans
3285 5136 3297 5171 :
3341 5127 3395 5171 et
3432 5114 3487 5170 id

1924 5233 2144 5291 quoque
2172 5214 2534 5286 dependentis
2567 5214 2783 5268 consilii
2827 5211 3086 5267 indicium
3109 5219 3212 5265 est.
3252 5209 3489 5264 Omnino

1926 5320 2104 5366 autem
2145 5309 2281 5363 illud
2322 5307 2455 5370 scis,
2505 5321 2613 5360 una
2658 5320 2781 5359 cum
2815 5302 3017 5358 Levitis
3046 5317 3235 5355 eorum
3269 5315 3488 5369 quoque

1922 5402 2189 5473 jumentis
2217 5399 2562 5454 benedictum
2594 5396 2764 5450 fuisse
2795 5411 2823 5448 a
2848 5395 2956 5448 Deo
2982 5400 3038 5448 et
3062 5392 3264 5464 Moyse.
3293 5391 3489 5445 Omnia

1932 5495 2120 5565 itaque
2141 5491 2330 5547 divino
2359 5489 2590 5545 consilio
2611 5489 2908 5553 aestimans,
2943 5494 2996 5542 et
3023 5486 3253 5541 consilio
3278 5485 3489 5552 dicens,

333 5674 380 5706 "’
401 5674 546 5731 Psal.
577 5688 842 5739 Lxxxvm,
870 5673 957 5731 ιο.
1033 5672 1321 5747 "‘_bIattb.
1349 5686 1449 5739 vn,
1478 5674 1568 5730 16.
1645 5673 1690 5706 ⁸⁸
1722 5671 1802 5728 Εςι

1920 5686 1998 5738 τι,
2030 5670 2120 5726 '52.
2196 5672 2240 5704 θ’
2263 5667 2407 5725 Psal.
2438 5683 2527 5733 xc,
2561 5666 2614 5721 5.
