3850 6218
403 197 510 261 275
1855 210 1915 269 S.
1940 209 2102 270 NILI
3523 224 3633 287 276

378 328 470 385 ac
493 312 753 375 efﬁciens.
784 328 817 369 ο
847 313 943 370 Dei
982 330 1197 383 amans,
1225 315 1345 372 sine
1384 317 1493 373 ulla
1532 318 1870 375 haesitatione

2114 323 2298 390 ιλόθεε,
2343 328 2729 399 ἀναμφιϐόλως
2774 333 2855 395 εις
2908 330 3009 403 τὴν
3063 333 3336 405 βασιλείαν
3388 333 3495 389 τῶν
3535 336 3634 390 οὐ·

402 421 631 477 regnum
672 407 937 461 cmlorum
967 422 1091 461 cum
1126 409 1409 464 monachis
1451 427 1559 465 una
1589 412 1751 466 simul
1790 414 1922 468 intrc

2112 417 2244 470 ινῶν
2296 421 2677 493 συνεισελεύσῃ
2724 423 2821 476 σὺν
2854 425 2970 486 τοῖς
3024 427 3298 495 μοναχοῖς,
3345 425 3421 489 ὡς
3464 426 3632 489 καλὸς

401 496 531 564 ibis,
570 505 828 568 tanquam
856 500 1061 569 probus
1089 500 1276 555 eorhm
1310 503 1516 558 assecla
1542 510 1598 559 et
1626 519 1812 558 eorum
1863 506 1921 556 mi

2110 510 2350 575 κόλουθος
2375 512 2468 565 καὶ
2515 512 2792 585 ὑπηρέτης
2816 513 3039 581 τούτων,
3068 516 3161 568 καὶ
3178 516 3630 588 συγκληρονομή-

401 589 596 655 nister,
624 600 677 645 et
712 591 875 646 simul
903 608 1025 647 cum
1054 593 1165 648 illis
1186 593 1242 646 in
1270 593 1643 649 haereditatem
1669 595 1921 650 bonorun

2113 620 2179 666 εις
2230 604 2443 667 τούτοις
2492 604 2561 657 τὰ
2620 606 2880 676 ἄφραστα
2918 606 3099 674 ἁγαθά
3153 609 3234 671 εἰς
3290 609 3633 678 ἀπεράντους

399 698 524 752 quae
556 685 724 739 verbo
756 685 987 754 exprimi
1016 685 1240 742 minime
1263 694 1514 756 possunt,
1548 686 1604 741 in
1634 688 1963 758 sempiterna
2064 695 2282 757 αίῶνας.

398 772 599 828 saecula
623 774 931 830 vocaberis.
3010 832 3017 837 .

627 864 855 919 CLVIII.
894 895 965 906 -—
999 864 1277 922 CHILONI
1316 866 1728 922 DOMESTICO.

2343 872 2523 927 PNH'.
2558 904 2626 915 —
2662 874 2899 926 xerNI
2932 873 3343 943 ΔΟΜΕΣΤΙΚῼ.

469 953 752 1020 Instabile,
791 958 1049 1028 nullaque
1086 960 1300 1012 ratione
1333 960 1572 1021 firmum,
1609 960 1718 1013 imo
1750 965 1965 1030 pertur-

2135 964 2208 1017 Τὸ
2237 964 2614 1019 ἀκατάστατον
2659 982 2718 1018 τε
2742 965 2837 1018 καὶ
2867 964 3171 1035 ἀνίδρυτον,
3196 963 3634 1034 τεθορυϐημένον

396 1045 612 1110 batum,
669 1057 722 1102 ct
776 1048 916 1103 flexu
988 1049 1306 1105 facillimum
1362 1051 1576 1107 consilii
1635 1053 1714 1107 lui
1772 1052 1916 1107 Sirac

2115 1076 2130 1111 ε
2174 1058 2269 1113 καὶ
2298 1058 2618 1127 εὑκλὸνητον
2650 1058 2748 1128 τῆς
2779 1058 2877 1129 σῆς
2906 1055 3154 1127 γνώμης,
3182 1055 3357 1127 δηλῶν
3390 1058 3418 1110 ὁ
3457 1056 3635 1126 Σιράχ

397 1134 659 1202 innuens,
697 1137 880 1193 dixit:
944 1156 962 1189 ι
1000 1137 1140 1194 Rota
1192 1156 1391 1196 currus
1453 1142 1762 1211 insipientis
1822 1142 1917 1196 intr

2116 1169 2198 1219 ησι
2223 1168 2238 1182 °
2284 1170 2303 1202 ι
2337 1151 2541 1222 Τροχδς
2586 1149 2803 1220 ἀμάξης
2843 1149 3126 1219 σπλάγχνα
3163 1146 3367 1219 μωροῦ.
3408 1168 3427 1201 ι
3466 1148 3531 1201 Εἰ
3573 1148 3636 1200 δὲ

397 1228 662 1282 τίοηιτο.»
693 1228 749 1282 Si
778 1232 1011 1300 prompti
1039 1248 1260 1302 quoque
1288 1234 1386 1298 tui,
1420 1249 1482 1286 ac
1500 1232 1675 1289 facilis
1706 1235 1761 1288 in
1786 1250 1917 1290 secn

2117 1241 2161 1293 tl.
2208 1241 2459 1313 περὶτοῦ
2495 1243 2567 1314 μὴ
2601 1239 2950 1312 βουλεύεσθαί
2980 1239 3040 1292 σέ
3076 1256 3207 1292 ποτε
3248 1238 3478 1309 φυλάξαι
3528 1256 3637 1309 μυ-

400 1318 471 1372 tis
500 1318 807 1383 ediceudis,
852 1324 1150 1393 statimque
1185 1324 1559 1392 divulgandis,
1595 1328 1920 1396 omnibusqu

2117 1332 2312 1401 εήριον,
2346 1331 2461 1384 ἀλλ’
2486 1330 2649 1394 εὐθὺς
2689 1327 3085 1399 ὲκφερομυθεῖν
3110 1367 3125 1391 ,
3155 1329 3250 1381 καὶ
3288 1330 3422 1381 πᾶσι
3460 1329 3637 1396 δημο-

401 1408 560 1479 195
597 1411 691 1465 tibi
734 1414 1064 1469 concreditis
1096 1415 1427 1485 aperiendis,
1469 1418 1683 1473 consilii
1717 1420 1921 1474 testimc

2125 1422 2269 1476 εὑειν
2296 1422 2367 1476 τὰ
2395 1421 2777 1493 τεθαῤῥημένα
2814 1438 2915 1484 σοι,
2954 1421 3129 1484 θέλεις
3155 1421 3283 1474 ἰδεῖν
3321 1421 3638 1492 μαρτυρίαν

396 1502 547 1556 nium
572 1517 738 1572 supra
766 1504 969 1559 laudati
997 1507 1286 1576 scriptoris
1317 1518 1565 1578 exoptas,
1619 1526 1740 1579 quae
1778 1511 1916 1564 stati;

2117 1515 2157 1567 ιῦ
2182 1512 2462 1583 λεχθέντος
2490 1513 2805 1584 προσώπου,
2835 1514 2999 1566 ἄκουε
3021 1513 3356 1583 παραυτίκαο
3380 1530 3398 1563 ι
3426 1513 3637 1566 Ἤκου-

395 1593 730 1660 subduntur,
753 1597 953 1653 habeto
978 1617 990 1652 :
1014 1600 1227 1655 «Audiit
1250 1603 1527 1667 enim,ait,
1556 1604 1823 1673 insipiens
1849 1620 1915 1659 εει

2111 1625 2128 1659 ε
2176 1608 2321 1677 γὰρ,
2374 1607 2574 1678 φησὶν,
2617 1606 2645 1659 ὁ
2704 1606 2886 1675 μωρὸς
2930 1604 3122 1673 λόγον,
3178 1604 3274 1657 καὶ
3336 1604 3631 1673 ὠδίνησεν,

393 1700 634 1752 monem,
658 1697 712 1743 et
736 1691 1013 1759 parturiit,
1033 1693 1490 1760 quemadmodum
1513 1697 1746 1765 parturit
1773 1711 1801 1749 a
1827 1696 1910 1750 fac

2107 1661 2264 1767 μεττερ⁸
2286 1661 2463 1751 ῶδίνεί
2494 1661 2600 1751 ἀπὸ
2638 1661 2934 1767 προσῶπου
2971 1661 3204 1765 βρέφους
3225 1696 3259 1765 ή
3289 1695 3571 1752 τίκτουσα.
3604 1713 3627 1746 ι

392 1774 623 1833 infantis
680 1782 988 1848 parturiens
1042 1784 1110 1837 ⁷³.
1144 1803 1161 1832 ι
1196 1782 1343 1838 Nihil
1376 1786 1520 1840 enim
1557 1792 1833 1842 amentius
1881 1804 1911 1843 e

2113 1790 2233 1844 ὑδὲν
2284 1791 2341 1842 δὲ
2378 1790 2685 1861 μωρότερον
2724 1787 2818 1841 τοῦ
2852 1788 3220 1859 στηλιτεύειν,
3256 1788 3355 1841 καὶ
3393 1787 3629 1858 διαπορ-

392 1880 560 1935 quam
595 1870 897 1939 publicare,
928 1881 981 1927 et
1017 1873 1117 1927 hac
1140 1883 1303 1945 atque
1332 1876 1457 1931 illac
1483 1879 1643 1933 nobis
1673 1881 1741 1934 ab
1770 1880 1910 1935 amic

2115 1883 2290 1951 ιεύειν
2338 1884 2466 1952 τῇδε
2524 1884 2768 1947 κάκεῖσε,
2809 1883 2905 1935 καὶ
2950 1879 3217 1952 φανεροῦν
3245 1880 3510 1952 ἀπρεπῶς
3560 1880 3635 1933 τὰ

392 1957 535 2013 clam
581 1962 943 2033 privatimque
979 1967 1293 2022 concredita
1332 1972 1726 2033 transmittere.
1757 1973 1912 2042 palan

2113 1975 2413 2048 ιρῤηθέντα
2442 1977 2570 2045 ἡμῖν
2602 1975 2753 2045 παρὰ
2784 1974 2891 2027 τῶν
2923 1974 3092 2043 φίλων
3134 1973 3339 2044 κρύφα,
3376 1973 3469 2025 καὶ
3503 1970 3633 2025 κατ’

389 2066 518 2117 que,
554 2060 607 2107 et
643 2053 898 2110 indecore
927 2060 1203 2128 evulgare.
1232 2060 1335 2127 Qui
1375 2062 1540 2131 igitur
1570 2071 1621 2118 te
1664 2078 1909 2134 occupan

2108 2070 2222 2122 ἱίαν.
2267 2068 2563 2138 Ἀφέμενος
2588 2068 2767 2120 τοίνυν
2797 2066 2903 2120 τῶν
2956 2066 3283 2137 νοσημάτων
3319 2064 3429 2117 τῶν
3462 2081 3628 2134 περι-

388 2145 601 2201 morbis
624 2149 974 2216 renuntiatis,
1007 2151 1091 2206 fac
1123 2154 1198 2208 sis
1234 2154 1288 2207 in
1325 2166 1604 2224 posterum
1642 2156 1882 2226 sapiens,

2116 2163 2298 2232 [όντων
2327 2177 2407 2222 σε,
2439 2159 2598 2227 γενοῦ
2623 2159 2809 2212 λοιπὸν
2838 2158 2999 2227 σοφός
3025 2175 3106 2223 τε,
3127 2157 3219 2210 καὶ
3247 2153 3512 2226 βεϐηκὼς,
3533 2154 3636 2207 καὶ

391 2239 606 2302 ﬁrmus,
646 2249 699 2295 et
726 2256 1053 2297 arcanorum
1088 2257 1295 2311 CUSIOS,
1331 2263 1618 2316 quousque
1649 2248 1807 2302 finem
1840 2250 1911 2302 vit

2114 2254 2386 2324 υστηρίων
2426 2251 2621 2320 φύλαξ,
2651 2252 2755 2314 ἕως
2783 2251 2847 2305 ἂν
2875 2250 3172 2323 ἀποθάνῃς,
3199 2246 3634 2310 κατασκευάζων

387 2333 667 2400 posueris,
725 2336 947 2404 proprio
997 2337 1103 2401 ori,
1160 2348 1212 2392 et
1264 2337 1738 2393 incontinentibus
1791 2340 1907 2394 labr

2116 2347 2140 2418 ᾖ
2172 2346 2357 2415 οἰκείῳ
2392 2344 2619 2415 στόματι
2673 2343 2766 2396 καὶ
2797 2344 2909 2406 τοῖς
2937 2342 3188 2409 ἀστέγοις
3226 2339 3429 2410 χείλεσι
3455 2337 3636 2408 θύραν

388 2422 599 2477 validas
635 2423 782 2479 fores
806 2439 1110 2494 apponens,
1140 2437 1459 2497 vectemque
1488 2429 1908 2484 robustissimum

2115 2438 2303 2509 ςερῤἁν
2348 2436 2443 2489 καὶ
2478 2435 2672 2507 μοχλὸν
2708 2433 3078 2505 ἰσχυρότατον,
3102 2433 3199 2486 καὶ
3226 2431 3326 2502 τὴν
3358 2429 3635 2500 σφραγῖδα

386 2519 445 2566 et
484 2514 689 2569 silentii
721 2516 909 2585 optimi
952 2516 1191 2585 sigillum
1234 2519 1558 2589 appingens.
1602 2518 1694 2574 Sic
1726 2521 1873 2575 enim

2114 2529 2162 2598 ig
2212 2529 2371 2597 σιγῆς
2417 2525 2703 2596 βελτίστης
2737 2522 3019 2585 ἐπιτιθείς.
3065 2520 3219 2575 Οὕτω
3266 2520 3376 2591 γὰρ
3412 2519 3509 2573 καὶ
3552 2516 3634 2586 τῷ

390 2604 592 2661 divinae
614 2608 945 2676 cognitionis
976 2610 1269 2678 splendore
1308 2610 1609 2667 illuminari
1645 2614 1876 2683 poteris,
1906 2638 1910 2661 ε

2115 2618 2162 2685 ᾗς
2192 2614 2344 2677 θείας
2380 2612 2634 2681 γνώσεως
2678 2611 2819 2680 φωτὶ
2851 2609 3224 2679 ἐλλαμφθῆναι
3269 2607 3493 2680 δυνήσῃ,
3534 2606 3635 2657 καὶ

389 2710 549 2751 sacra
581 2694 869 2767 Scriptura
915 2698 1116 2755 solatio
1158 2700 1257 2755 tibi
1306 2702 1435 2767 erit,
1465 2717 1589 2756 cum
1640 2704 1715 2757 ait
1749 2720 1763 2758 :
1805 2723 1824 2756 ι
1861 2704 1909 2759 S:

2131 2705 2322 2777 Γραφὴ
2377 2706 2753 2776 παρηγορήσει
2798 2702 3032 2773 λέγουσα
3069 2717 3083 2731 °
3138 2717 3157 2753 t
3214 2699 3385 2769 Σοφία
3436 2697 3634 2768 ἀνδρδς

386 2786 595 2857 pientia
641 2789 878 2845 hominis
926 2791 1256 2847 illuminabit
1308 2792 1504 2849 faciem
1550 2794 1697 2850 illius
1727 2796 1796 2861 ⁷²;
1836 2814 1855 2847 ι

2116 2800 2254 2851 »τιεί
2272 2798 2333 2851 τὸ
2356 2796 2646 2868 πρόσωπον
2663 2794 2850 2849 αὑτοῦ.
2885 2813 2906 2846 ι
2932 2794 3042 2848 Καὶ
3066 2791 3227 2847 πάλιν
3250 2807 3265 2821 ’
3296 2809 3315 2841 σ
3348 2791 3636 2851 Ἤκουσας

387 2892 585 2933 rursus
616 2896 631 2933 :
661 2896 681 2930 ι
712 2879 949 2936 Audiisti
999 2897 1332 2949 sermonem,
1376 2883 1725 2940 immoriatur
1770 2886 1826 2942 in
1883 2895 1907 2941 ι

2116 2890 2253 2958 ἱγον;
2302 2887 2679 2942 ἐναποθανέτω
2711 2903 2813 2939 σοι.
2854 2884 3078 2953 Θάρσει*
3111 2883 3172 2937 οὑ
3210 2883 3282 2954 μή
3317 2898 3377 2935 σε
3412 2880 3570 2953 ῥήξει
3601 2880 3636 2931 ὁ

386 2968 541 3024 Bono
573 2971 651 3025 sis
671 2972 855 3025 animo
880 2990 895 3026 :
920 2988 1030 3028 non
1055 2974 1358 3046 disrumpet
1389 2983 1442 3031 te
1460 2992 1641 3035 sermo
1670 2980 1726 3035 in
1758 2996 1906 3037 arca:

1523 2994 1641 3035 rmo
1670 2980 1726 3035 in
1758 2996 1963 3040 arcano
1990 2993 2033 3054 ο
2062 2983 2221 3051 λόγος
2258 2982 2287 3034 ὁ
2322 2979 2609 3051 μυστηρίῳ
2637 2978 2848 3050 λεχθείς
2880 2994 2983 3031 σοι.
3023 2996 3041 3028 ι

385 3061 491 3117 tibi
530 3064 974 3121 communicatus
999 3067 1063 3121 ⁷³.
1109 3086 1127 3118 δ

643 3155 821 3211 CLIX.
843 3189 914 3199 —
938 3158 1336 3218 GAUDENTIO
1378 3161 1695 3221 DIACONO.

2328 3153 2503 3208 PNB'.
2529 3182 2599 3194 -
2631 3152 3020 3222 ΓΑΥΔΕΝΤΙῼ
3044 3150 3367 3221 ΔΙΑΚΟΝῼ.

458 3246 859 3306 Fornicationis
911 3251 1119 3307 daemon
1155 3270 1305 3309 more
1356 3256 1466 3309 nati
1520 3259 1796 3315 abdomini
1855 3277 1957 3317 suo

2145 3253 2204 3305 '0
2232 3251 2332 3321 τῆς
2358 3248 2610 3318 πορνείας
2632 3246 2841 3317 δαίμων
2866 3246 3021 3315 δίκην
3053 3244 3233 3315 λίχνου
3274 3241 3516 3295 κυνιδίου
3550 3242 3636 3312 τῷ

388 3339 555 3394 catuli
592 3356 760 3410 penes
786 3358 932 3407 eum,
966 3345 1059 3414 qui
1094 3345 1163 3399 ab
1187 3362 1252 3401 eo
1274 3356 1536 3411 tentatur,
1570 3352 1748 3407 suevit
1788 3353 1908 3409 ham

2116 3341 2157 3395 τ’
2192 3338 2354 3395 αὑτοῦ
2404 3335 2782 3407 πειραζομένῳ
2828 3334 2985 3388 είωθε
3033 3333 3392 3406 παραμένειν,
3424 3332 3483 3385 οὑ
3522 3333 3636 3403 μὴν

393 3444 571 3496 scere,
602 3447 713 3487 non
739 3440 922 3491 tamen
955 3437 1062 3490 vim
1094 3437 1316 3495 inferre.
1349 3440 1409 3494 In
1446 3450 1535 3495 tua
1564 3443 1748 3514 itaque
1800 3455 1913 3516 pote

2111 3431 2436 3498 ιόιάζεσθαι.
2491 3430 2579 3482 Ἐν
2626 3428 2711 3480 σοὶ
2761 3426 2939 3479 τοίνυν
2978 3425 3263 3516 ὑπάρχει,
3302 3422 3511 3516 καὶᾷτῇ
3560 3424 3631 3516 σῇ

385 3529 526 3578 state
557 3532 661 3591 est,
692 3534 895 3596 tuoque
944 3528 1192 3592 arbitrio,
1225 3539 1319 3583 aut
1368 3531 1515 3587 hunc
1561 3512 1676 3603 per
1720 3512 1900 3606 ign—om

2116 3525 2279 3595 ξουσίᾳ
2304 3564 2319 3588 ,
2373 3521 2470 3576 καὶ
2518 3520 2801 3591 βουλήσει,
2836 3518 2869 3590 ἢ
2913 3517 3135 3589 τρέφειν
3182 3514 3370 3568 τοῦτον
3410 3514 3500 3568 διὰ
3528 3512 3636 3587 τῆξ

383 3609 602 3665 niosum
627 3615 946 3677 exercitium
978 3617 1144 3684 alere,
1175 3628 1269 3672 aut
1318 3620 1582 3677 iracunde
1613 3639 1710 3692 per
1742 3641 1901 3694 prece

2115 3616 2323 3687 ›γασίας
2350 3614 2451 3685 τῆς
2484 3614 2680 3684 ἀτίμου
2702 3656 2716 3680 ,
2758 3612 2791 3683 ἢ
2824 3609 3148 3681 φυγαδεῡειν
3198 3607 3314 3680 μετ’
3342 3610 3513 3680 ὀργῆς
3560 3610 3635 3663 δι’

385 3711 440 3758 et
472 3705 807 3775 psalmorum
834 3719 1150 3775 concentus,
1182 3719 1235 3767 et
1262 3712 1494 3782 jejunia,
1536 3723 1589 3771 et
1638 3718 1905 3788 vigilias,<

2110 3710 2234 3779 ixti'w
2254 3708 2351 3762 καὶ
2376 3705 2726 3778 ψαλμῳδιῶν,
2752 3702 3017 3774 νηστειῶν
3052 3720 3113 3756 τε
3153 3704 3248 3757 καὶ
3283 3702 3630 3775 ἀγρυπνιῶν,

384 3793 538 3849 humi
595 3798 853 3853 cubatum
908 3800 963 3854 in
1017 3801 1197 3871 fugam
1258 3813 1489 3860 vertere.
1562 3807 1904 3877 «Opponimil

2111 3803 2159 3855 xl.
2184 3803 2283 3873 τῆς
2316 3799 2727 3872 χαμαικοιτίας.
2769 3818 2787 3851 ι
2830 3798 3140 3869 Ἀντίστητε
3180 3798 3288 3869 γάρ
3321 3797 3399 3866 τῷ
3422 3795 3631 3868 ἐχθρῷ,

382 3885 530 3940 enim
571 3886 910 3955 adversario,
946 3899 1007 3945 ut
1051 3906 1281 3963 magnus
1336 3893 1571 3953 Jacobus
1628 3899 1842 3969 scribit,
1899 3928 1902 3948 ι

2113 3894 2243 3957 ιθὼς
2276 3893 2477 3964 γράφει
2504 3894 2533 3946 ό
2581 3891 2756 3962 μέγας
2801 3889 3074 3954 Ἰάκωϐος,
3115 3891 3209 3943 καὶ
3248 3888 3503 3959 φεύξεται
3532 3888 3633 3955 ἀφ’

381 3975 555 4048 fugiet
575 3994 605 4031 a
629 3980 865 4037 vobis".
902 4000 921 4033 ι

776 3981 865 4037 ιτδ.
902 4000 921 4033 ι
2060 3988 2234 4059 ὑμῶν.
2280 4006 2296 4039 ι

607 4070 768 4141 196
795 4070 952 4125 01.x.
988 4101 1058 4111 -
1083 4069 1359 4133 meom
1386 4074 1736 4134 suscepo.

2410 4077 2527 4133 ΡΞο.
2562 4108 2623 4117 -
2647 4076 2875 4130 ΦΙΛΩΝΙ
2909 4074 3274 4144 ΕΠΙΣΚΟΠῼ.

452 4158 600 4215 Satis
629 4161 809 4216 idonei
831 4162 1193 4232 instructique
1228 4181 1323 4221 vos
1345 4180 1441 4236 per
1471 4170 1855 4241 vosmetipsos,
1894 4172 1949 4227 in

2140 4171 2337 4227 Ἶκανοί
2363 4171 2488 4223 ἐστε
2522 4168 2616 4223 καὶ
2645 4168 2800 4221 αὐτοὶ
2826 4166 2948 4220 καθ’
2986 4166 3212 4228 ἑαυτοὺς
3237 4162 3364 4227 τοὺς
3389 4159 3485 4215 τοῦ
3520 4178 3627 4232 μο-

381 4253 714 4307 monasterio
745 4263 929 4310 vestro
960 4254 1302 4326 degentibus,
1336 4259 1415 4313 uti
1454 4276 1563 4330 ,par
1605 4271 1713 4326 est,
1742 4264 1796 4316 in
1829 4278 1901 4320 ou

2110 4263 2356 4334 ιστηρίου
2413 4260 2570 4330 ὑμῶν
2620 4258 2923 4323 κανονίςειν
2982 4258 3209 4319 δεόντως
3256 4254 3341 4323 ἐφ’
3396 4253 3630 4309 ἅπασιν.

379 4345 545 4401 nibus
566 4346 786 4402 vivendi
828 4349 1095 4406 rationem
1127 4353 1505 4422 praescribere.
1562 4354 1899 4413 Verumtamt

2114 4356 2286 4425 Ξπειδὴ
2336 4354 2392 4408 δὲ
2432 4353 2562 4423 περὶ
2611 4351 2820 4422 διαίτης
2864 4348 3215 4419 ὑπεμνήσατὲ
3275 4365 3343 4419 με
3390 4346 3480 4401 διὰ
3525 4348 3634 4417 τῆς

380 4452 506 4491 cum
534 4438 677 4494 inter
709 4440 1062 4497 scribendum
1095 4444 1164 4499 de
1188 4445 1367 4502 victus
1393 4447 1608 4501 ratione
1635 4463 1900 4505 sermone]

2113 4448 2369 4519 ιιστολῆς,
2396 4444 2670 4511 ἀξιοῦντες
2696 4442 3003 4513 δηλωθῆναι
3030 4442 3178 4512 ὑμῖν,
3212 4441 3417 4512 νομίζω
3440 4439 3633 4503 καλῶς

380 4528 760 4597 institueritis,
789 4532 843 4587 id
874 4549 903 4587 a
931 4535 1095 4590 nobis
1132 4548 1443 4607 poscentes,
1498 4549 1557 4593 ut
1578 4556 1753 4595 meam
1787 4541 1855 4597 de
1885 4558 1900 4597 ε

2107 4558 2221 4613 ζειν,
2250 4539 2505 4612 διαφόρου
2546 4536 2713 4608 οὑσης
2755 4537 2854 4608 τῆς
2898 4535 3006 4588 τῶν
3035 4534 3306 4605 σωμάτων
3349 4534 3627 4605 κράσεως,

380 4624 703 4678 sententiam
762 4626 1150 4695 significarem,
1203 4638 1352 4687 recte
1412 4632 1488 4685 ita
1550 4633 1900 4689 instituenda:

2110 4634 2151 4687 ιὶ
2175 4632 2281 4686 τῶν
2322 4630 2421 4702 μὲν
2447 4627 2838 4690 ἀσθενούντων,
2873 4625 2982 4680 τῶν
3010 4625 3067 4678 δὲ
3101 4624 3475 4693 ὑγιαινόντων,
3510 4641 3630 4676 ποι-

377 4728 502 4769 esse
529 4716 694 4771 duco.
726 4717 863 4771 Cum
889 4721 1041 4774 varia
1077 4721 1149 4776 sit
1202 4738 1494 4791 corporum
1557 4732 1897 4795 temperatur.

2107 4725 2251 4797 ἴλην,
2301 4722 2397 4776 καὶ
2432 4722 2778 4792 ἁρμόζουσαν
2814 4720 3029 4790 ἑκάστῳ
3072 4716 3348 4790 προσώπῳ
3395 4718 3627 4785 ἐκτάξαι

377 4809 432 4855 et
459 4817 526 4857 ex
554 4803 622 4858 iis
660 4804 775 4859 haec
797 4807 1014 4874 quidem
1042 4809 1198 4863 malae
1250 4810 1572 4875 valetudini,
1602 4812 1691 4865 illa
1726 4830 1897 4883 praava

2106 4835 2154 4888 ῖν
2202 4817 2413 4870 δίαιταν
2440 4832 2454 4843 ³
2486 4818 2598 4877 τοῖς
2632 4814 2729 4883 μὲν
2762 4813 3065 4881 ὑγιαίνουσι
3099 4814 3198 4882 τὴν
3237 4812 3347 4864 τῶν
3377 4812 3626 4881 ὀσπρίων

377 4893 501 4949 lida:
539 4896 883 4964 subjaceant,
917 4899 1091 4965 varia,
1115 4907 1171 4955 et
1195 4917 1447 4969 persona:
1474 4903 1701 4959 cuilibet
1734 4921 1897 4961 accon

2106 4910 2262 4974 aelav,
2299 4910 2409 4973 τοῖς
2443 4908 2500 4961 δὲ
2524 4906 2702 4974 ὀλίγον
2732 4905 3017 4961 ἀσθενοῦσι
3046 4905 3145 4976 τὴν
3174 4904 3283 4958 ἀπὸ
3313 4904 3424 4957 τῶν
3449 4905 3626 4976 λαχά-

377 4987 593 5042 modata
626 4990 805 5045 victus
837 4991 976 5045 ratio
1004 4994 1408 5061 praescribenda
1452 5002 1557 5050 est.
1588 4999 1771 5062 Quare
1805 4999 1897 5053 «bel

2096 5020 2154 5055 ον
2178 4999 2554 5072 παραμυθίαν,
2588 5002 2701 5062 τοῖς
2741 4998 2798 5051 δὲ
2841 4998 3259 5068 ὲξησθενηκόσιν
3291 4998 3431 5068 ὑπὲρ
3468 4996 3616 5061 λίαν,

375 5080 685 5136 valentibus
734 5081 1069 5152 leguminum
1106 5102 1259 5148 usus,
1319 5102 1480 5143 secus
1509 5104 1567 5145 se
1622 5090 1895 5147 habentibl

2102 5098 2143 5149 tl.
2172 5096 2650 5162 καταπεπτωκόσι,
2684 5095 2782 5167 τὴν
2807 5095 2914 5149 ἀπὸ
2944 5094 3053 5147 τῶν
3083 5094 3259 5166 κρεῶν
3301 5093 3622 5165 σύμμετρον

377 5169 634 5223 solatium
662 5187 727 5225 ex
763 5174 1031 5239 oleribus,
1060 5176 1251 5230 morbo
1280 5178 1535 5234 remissis
1595 5188 1649 5235 et
1675 5181 1890 5252 languid

1060 5176 1251 5230 morbo
1280 5178 1535 5234 remissis
1595 5188 1649 5235 et
1675 5181 1945 5252 languidis
2049 5190 2261 5262 ὀρέγειν
2289 5190 2558 5261 βοήθειαν.

376 5274 443 5315 ex
474 5262 736 5318 carnibus
763 5266 1104 5321 moderatum
1148 5267 1411 5323 auxilium
1440 5270 1806 5329 exhibendum
1835 5284 1957 5331 est-

578 5352 760 5411 CLXI.
791 5383 860 5396 -ι
884 5355 1232 5423 QUINTILIO
1268 5358 1768 5421 CANCELLARIO.

2258 5368 2424 5421 PEA'.
2442 5396 2512 5407 -
2534 5366 2867 5437 ΚΥΝΤΙΛΙῼ
2897 5366 3402 5437 ΚΑΓΚΕΛΛΑΡΙῼ.

451 5441 508 5498 Si
541 5444 705 5501 modo
734 5455 792 5502 tu
847 5447 960 5505 Deo
990 5452 1186 5507 animae
1229 5451 1488 5520 ollicium,
1528 5464 1583 5512 et
1633 5457 1942 5528 diligentem

2122 5462 2186 5515 Εί
2216 5461 2315 5531 μὲν
2348 5460 2484 5532 πρὸς
2509 5460 2639 5514 Θεὸν
2663 5459 2801 5530 ἔχων
2822 5460 2913 5513 τὸν
2937 5446 3112 5531 ἔρωτα
3134 5459 3231 5530 τῆς
3254 5458 3455 5531 ψυχῆς,
3482 5474 3619 5515 κατ-

450 5619 495 5651 ⁷⁶
523 5620 689 5677 Eccli.
721 5640 914 5694 xxxui,
945 5628 1001 5685 5.
1098 5632 1140 5664 “
1178 5632 1339 5696 Eccl]
1374 5648 1489 5701 ιη,
1516 5633 1597 5690 ll.
1677 5637 1721 5669 τ’
1750 5635 1917 5694 Eccli.
1947 5653 2062 5706 vm,
2098 5641 2143 5693 l.
2220 5640 2264 5671 "
2295 5639 2461 5696 Eccli.
2500 5655 2607 5703 xu.
2644 5640 2726 5696 10.
2838 5640 2884 5674 ⁷δ
2912 5637 3027 5694 Jac.
3058 5652 3133 5705 tv,
3171 5637 3225 5693 7.
