3850 6218
180 187 289 250 277

1411 182 1948 248 EPISTOLARUM
1976 180 2123 242 LIB.
2157 179 2237 238 II.

3343 160 3449 223 278

177 296 407 365 επᾲδεις
450 295 650 351 σαυτὸν
698 295 966 367 ψαλμοῖς,
1006 296 1115 369 ’καὶ
1167 293 1361 366 ὕμνοις
1384 334 1400 359 ,
1447 294 1545 349 καὶ
1598 294 1764 364 ᾠδαῖς

1890 292 2075 346 :ultum
2114 288 2387 349 tribuens,
2424 280 2778 351 temetipsum
2839 274 3092 346 psalmis,
3124 280 3180 329 et
3209 272 3448 344 hymnis,

182 386 597 454 πνευματικαῖς
630 383 773 437 κατά
801 384 901 454 τὴν
950 383 1246 454 παράδοσιν
1276 382 1386 436 τῶν
1429 382 1769 445 ἀποστόλων,

181 476 615 548 ὲπαινεσώμεθά
648 494 727 531 σε.
773 476 1060 546 Ὠφέλιμον
1093 476 1200 548 γὰρ
1236 475 1298 528 τὸ
1329 474 1575 528 τοιοῦτον
1604 472 1772 526 σπού-

181 568 412 639 δασμα,
473 569 570 624 καὶ
606 568 686 640 τῷ
734 568 854 639 Θεῷ
889 568 1146 621 συνάπτω
1199 566 1291 620 τὸν
1333 566 1620 637 ψάλλοντα.
1684 566 1772 618 Ἐν

182 663 297 731 γὰρ
330 661 413 731 τῷ
444 662 595 733 ᾅδειν
628 660 922 732 ἐντελεχῶς
950 679 1010 713 τε
1048 660 1143 714 καὶ
1173 659 1466 731 νουνεχῶς,
1499 658 1641 713 κατὰ
1673 658 1770 728 τὴν

185 752 515 824 ἐπιμέλειαν
547 755 644 824 τῆς
690 754 909 824 μνήμης
952 753 1045 807 τοῦ
1094 753 1437 824 κρείττονος,
1480 750 1773 805 ὲπιλανθάση

186 859 339 895 νεται
372 844 478 913 μὲν
514 845 549 914 ἡ
578 843 723 913 ψυχὴ
746 843 855 895 τῶν
900 842 1113 913 μιαρῶν
1148 845 1240 895 καὶ
1264 842 1525 913 ὀλεθρίων
1558 842 1769 903 παθῶν,

187 936 365 1005 χαρᾶς
392 934 455 987 δὲ
485 934 851 1004 ἀνεκλαλήτου
880 933 1202 1005 πληροῦται,
1240 936 1335 987 καὶ
1369 934 1631 998 ποθεινῶς
1664 936 1773 988 λοι-

189 1028 294 1082 πὸν
322 1028 633 1092 ὲνατενίζει
661 1028 736 1099 τῷ
772 1029 919 1099 θείῳ,
956 1030 1092 1100 πρὸς
1126 1030 1259 1084 αὐτὸ
1285 1031 1381 1083 καὶ
1413 1030 1573 1101 μόνον
1606 1031 1776 1084 σπεύ-

192 1119 355 1173 δουσα
398 1122 499 1174 καὶ
536 1121 915 1193 ἀγωνιζομένη
956 1123 1277 1193 κεχηνέναι,
1321 1124 1418 1177 καὶ
1455 1124 1622 1194 μηδὲν
1668 1124 1775 1177 τῶν

191 1214 493 1285 ὁρωμένων
517 1215 611 1268 τοῦ
639 1214 871 1279 κάλλους
910 1216 1119 1270 ἐκείνου
1146 1216 1237 1269 τοῦ
1272 1216 1504 1287 ἀοράτου
1540 1217 1775 1289 προκρί-

193 1324 378 1361 unum.
437 1309 502 1360 Εἰ
552 1308 597 1361 δ’
652 1308 1071 1379 ἐξαπατώμενος
1112 1309 1215 1363 ὑπὸ
1238 1309 1333 1362 τοῦ
1392 1309 1658 1374 διαϐόλου,
1708 1311 1775 1363 δι’

195 1400 438 1470 αἰσχρᾶς
482 1401 749 1472 μελῳδίας
790 1403 1110 1472 σαγηνεύειν
1164 1402 1488 1468 σπουδάζεις
1521 1403 1778 1474 ῳιλήδονα

193 1490 422 1556 γύναια,
461 1494 995 1565 κατασεσωρευμένα
1041 1496 1158 1556 ταῖς
1189 1492 1412 1558 πολλαῖς
1455 1495 1775 1566 ἁμαρτίαις,

194 1581 572 1653 βδελυξόμεθά
619 1602 678 1638 σε
737 1587 835 1657 τῆς
894 1586 1205 1658 ἀκαθάρτου
1264 1586 1491 1657 γνώμης
1529 1603 1543 1619 ·
1602 1605 1621 1638 ι
1667 1588 1777 1658 Οὐχ

194 1668 401 1738 ὡραῖος
432 1672 545 1744 γὰρ
574 1667 723 1738 αἶνος
759 1676 817 1727 ἐν
847 1676 1076 1745 στόματι
1124 1677 1473 1747 άμαρτωλοῦ,
1513 1696 1531 1728 ι
1567 1677 1642 1741 ὣς
1690 1695 1776 1741 τις

195 1760 365 1828 σοφὸς
396 1761 552 1818 ἐϐόα.

516 1945 657 1997 ΡΞΒ¹
684 1975 754 1985 -
803 1948 1116 2020 ΕΥΨΥΧΙῼ
1153 1950 1453 2022 ΒΙΚΑΡΙῼ.

275 2030 606 2104 Ἦρώτησάς
658 2053 761 2105 με,
814 2037 897 2100 τίς
944 2040 1091 2090 ἐστιν
1142 2038 1250 2109 ἄρα
1281 2041 1308 2092 ὁ
1359 2038 1688 2111 δηλούμενος
1719 2043 1778 2095 ὲν

194 2124 307 2186 τοῖς
356 2124 719 2193 Εὑαγγελίοις
762 2128 1020 2183 εἰσελθεῖν
1064 2132 1145 2194 είς
1186 2132 1277 2184 τὸν
1311 2132 1488 2203 γάμον
1535 2135 1610 2204 μὴ
1640 2133 1777 2204 ἔχων

194 2213 421 2286 ἔνδυμα.
484 2219 577 2289 Μὴ
634 2218 739 2285 ἔξω
788 2221 1151 2291 περιϐλέπου,
1216 2223 1353 2276 ἀλλά
1412 2224 1512 2295 τὴν
1579 2225 1777 2279 σαυτοῦ

194 2308 530 2374 περισκόπει
556 2309 815 2380 καρδίαν·
853 2313 1050 2375 πάντες
1075 2313 1183 2384 γὰρ
1210 2315 1529 2386 Χριστιανοὶ
1567 2317 1649 2379 εις
1686 2317 1778 2370 τὸν

193 2396 377 2466 γάμον
410 2398 506 2451 τὸν
531 2398 670 2453 θεῖον
700 2402 1033 2474 κεκλήμεθα.
1080 2406 1205 2459 Ἐὰν
1231 2406 1410 2459 τοίνυν
1446 2406 1780 2477 εἰσέλθωμεν

194 2485 462 2559 λογισμὸν
492 2494 858 2564 ἠμφιεσμένοι
894 2498 1224 2573 φιλάργυρον
1252 2539 1266 2564 ,
1305 2502 1337 2572 ἢ
1369 2501 1710 2573 φιλόπορνον,
1744 2503 1778 2574 ἢ

196 2579 579 2681 ξάσῖιανογ,.ῆ
615 2585 871 2681 τά-ὲξῆς,
909 2590 1150 2659 δηλονότι
1196 2591 1482 2664 ἀλλοτρίαν
1525 2593 1621 2647 τοῦ
1655 2612 1780 2664 φαι-

193 2671 325 2743 δροῦ
369 2673 469 2725 καὶ
509 2674 811 2745 ἀμωμήτου
843 2678 1019 2747 γάμου
1052 2680 1389 2752 ἐνδεδυμένοι
1418 2683 1633 2755 στολὴν,
1671 2685 1783 2737 εἰσ-

193 2764 378 2818 ελθεῖν
410 2767 847 2839 τετολμήκαμεν.
882 2769 1006 2824 Ἑάν
1028 2772 1084 2825 δὲ
1110 2774 1506 2843 μεταϐαλόντες
1535 2774 1634 2847 τὴν
1661 2776 1782 2829 ἐπί-

195 2855 372 2926 ψογον
394 2857 644 2930 γνώμην,
659 2861 1005 2933 ἐνδυσώμεθα
1027 2864 1166 2918 κατὰ
1184 2865 1279 2937 τὴν
1304 2866 1549 2921 διάνοιαν
1574 2866 1785 2936 σπλάγ-

195 2968 309 3020 χνα
358 2953 677 3024 οἰκτειρμοῦ
722 2958 817 3010 καὶ
863 2958 1255 3029 ὲλεημοσύνης,
1291 2960 1634 3031 χρηστότητα
1692 2961 1785 3014 καὶ

1870 389 1923 434 et
1958 377 2342 449 spiritualibus
2367 372 2619 435 canticis,
2676 378 2737 423 ut
2789 366 3025 439 apostoli
3083 363 3449 431 tradiderunt,

1871 472 2136 525 continuo
2169 465 2514 522 coucinendo
2563 462 2777 526 obruis,
2832 467 3067 514 conatus
3101 465 3226 511 tuos
3259 454 3450 509 lauda-

1873 566 2072 619 bimus.
2112 561 2366 616 Studium
2395 557 2666 629 siquidem
2692 556 2796 609 hoc
2829 552 2963 606 utile
2993 558 3100 612 est,
3133 556 3185 603 et
3216 532 3487 617 psallen-‘

1876 664 1983 709 tem
2037 656 2147 708 Deo
2178 651 2481 722 agglutinat
2515 668 2529 716 ;
2564 649 2618 702 in
2655 644 2935 702 continuis
2965 643 3111 697 enim
3174 639 3452 697 caulibus,

1874 756 1927 801 ct
1956 745 2336 817 prudentibus,
2362 752 2417 796 et
2443 743 2496 796 in
2522 740 2773 795 Numinis
2799 738 3114 791 memoriam
3143 730 3469 802 procuratis,

1876 840 2060 892 anima
2119 835 2583 892 exsecrandarum
2627 840 2683 886 et
2730 828 3174 900 perniciosarum
3209 821 3457 877 allectio-

1876 945 2007 983 num
2070 930 2265 993 obiita,
2320 924 2692 996 inexplicabili
2743 920 2943 991 gaudio
3001 918 3291 987 repletur;
3329 917 3458 968 hinc

1876 1038 2148 1093 propense
2187 1020 2480 1073 admodum
2537 1018 2591 1071 in
2632 1024 2910 1086 posterum
2960 1011 3027 1064 ad
3060 1011 3228 1064 Deum
3258 1007 3459 1062 mentis

1880 1116 2055 1170 aciem
2091 1115 2298 1183 dirigit,
2333 1113 2388 1165 in
2432 1112 2586 1165 illum
2626 1108 2804 1163 solum
2841 1102 3205 1165 contendens,
3233 1098 3461 1154 validis-

1878 1220 1985 1273 que
2021 1205 2314 1258 conatibus
2339 1201 2579 1264 inhians,
2611 1214 2676 1251 ne
2709 1195 2960 1250 umbram
2989 1192 3209 1262 quidem
3250 1206 3318 1243 ex
3350 1190 3458 1250 his,

1877 1313 2000 1367 qua:
2029 1296 2206 1350 oculis
2252 1295 2559 1363 subjacent,
2611 1287 3007 1359 pulchritudini
3065 1284 3143 1337 illi
3199 1280 3461 1335 invisibili

1878 1398 2239 1457 anteponens.
2277 1386 2335 1440 Si
2362 1400 2493 1440 vero
2533 1399 2562 1437 a
2603 1381 2825 1435 diabolo
2886 1378 3151 1446 deceptus
3205 1373 3460 1437 obscenis

1879 1483 2077 1551 modis,
2135 1478 2491 1534 mulierculas
2539 1473 2914 1545 voluptatibus
3009 1468 3166 1538 197
3215 1466 3459 1528 deditas,

1883 1575 2183 1644 multisque
2218 1572 2459 1643 peccatis
2496 1574 2867 1639 prmgravalas
2904 1562 3123 1616 irretire
3144 1557 3457 1617 contendis.

1879 1670 1952 1722 ob
1989 1668 2129 1721 hanc
2162 1669 2434 1737 impuram
2492 1672 2727 1717 mentem
2760 1668 2812 1714 te
2846 1656 3281 1712 detestabimur:
3324 1671 3341 1703 ι
3364 1650 3470 1706 Ne-

1879 1776 1984 1831 que
2028 1760 2172 1814 enim
2213 1758 2469 1829 pulchra.
2503 1757 2624 1811 laus
2655 1760 2743 1808 est
2777 1751 2831 1805 in
2860 1764 2955 1805 ore
3004 1746 3309 1820 peccatoris
3332 1744 3403 1810 ",
3442 1762 3463 1795 ι

1878 1851 2148 1906 clamabat
2197 1848 2416 1916 sapiens
2450 1845 2638 1899 nescio
2667 1843 2808 1912 quis.

2196 1940 2399 1996 CLXII.
2432 1968 2499 1979 -—
2533 1933 2921 1991 EUPSYCIIIO
2952 1929 3252 1988 VICARIO.

1949 2034 2246 2091 Postulasti
2273 2048 2303 2086 a
2328 2047 2413 2086 me
2446 2050 2460 2086 :
2493 2028 2740 2094 Quisille
2775 2035 2859 2080 est
2908 2032 3134 2080 notatus
3180 2022 3235 2075 in
3291 2017 3468 2072 Evan-

1880 2126 2034 2195 geliis
2074 2127 2128 2178 in
2163 2122 2386 2192 nuptias
2412 2119 2694 2179 introisse,
2730 2123 2935 2170 vestem
2984 2128 3091 2166 non
3144 2109 3353 2164 habens
3381 2107 3467 2159 7‘?

1878 2214 1959 2270 Nc
2006 2224 2158 2269 extra
2208 2221 2259 2266 te
2307 2207 2686 2276 circumspice,
2735 2204 2828 2258 sed
2860 2214 3010 2256 tuum
3066 2215 3161 2254 cor
3203 2196 3467 2251 attentius

1880 2306 2247 2361 considerato.
2296 2304 2496 2354 Omnes
2552 2298 2696 2351 enim
2747 2291 3047 2349 Christiani
3121 2289 3187 2343 ad
3252 2287 3468 2341 divinas

1882 2398 2104 2467 nuptias
2134 2394 2491 2449 accersimur.
2532 2388 2589 2443 Si
2640 2390 2825 2456 itaque
2878 2383 3288 2439 introiverimus
3316 2378 3469 2447 cogi-

1886 2491 2097 2546 tatione
2127 2487 2326 2549 induti,
2366 2494 2462 2538 aut
2493 2498 2676 2544 avara,
2730 2489 2825 2533 aut
2884 2466 3217 2538 meretricia,
3252 2482 3347 2528 aut
3393 2472 3473 2527 in-

1885 2584 2037 2645 vida,
2060 2581 2143 2634 vel
2172 2580 2294 2633 aliis
2329 2575 2603 2632 similibus
2634 2572 2779 2627 vitiis
2806 2571 3064 2635 obducta,
3113 2569 3290 2622 aliena
3325 2565 3475 2621 scili-

1884 2684 1973 2730 cet
1992 2690 2019 2727 a
2045 2672 2337 2743 splendore
2360 2676 2413 2722 et
2436 2664 2801 2721 immaculatis
2820 2663 3029 2732 nuptiis
3053 2667 3204 2715 veste
3224 2654 3475 2713 obvoluti

1885 2776 2000 2823 tum
2042 2764 2258 2837 ingredi
2297 2761 2555 2816 dicimur.
2591 2758 2646 2812 Si
2683 2772 2816 2812 vero
2846 2754 3118 2811 sententia
3145 2748 3473 2821 ignominiis

1890 2860 2129 2916 obnoxia
2159 2863 2389 2918 mutata,
2419 2861 2597 2907 mente
2612 2852 2831 2919 integra
2864 2853 3082 2919 nosmet
3113 2841 3462 2898 induerimus

1890 2951 2199 3008 visceribus
2229 2945 2624 3003 misericordiae
2649 2953 2704 2997 et
2736 2937 3256 3000 commiserationis,
3288 2933 3477 3005 probi-

196 3001 234 3020 ἢ.
280 3001 306 3003 "
365 3001 673 3024 """'|‘|""
723 3001 816 3010 ""'
863 3001 1255 3029 ""'H"'"'"I”
1292 3001 1634 3031 ΑΓἿ“⁴“’¹Ἶ“”
1694 3001 1780 3014 ’““’“

194 3045 429 3111 ἀγάπην
466 3045 744 3118 καθαρὰν,
800 3050 894 3103 καὶ¹
943 3051 1247 3122 πραότητα,
1292 3052 1388 3106 καὶ
1426 3045 1780 3121 ταπεινοφρο-

1895 3055 2023 3111 tate,
2058 3043 2329 3098 charitate
2361 3055 2520 3111 pura,
2564 3036 2883 3107 placiditate
2929 3040 2984 3087 ct
3045 3001 3372 3092 humilitate,
3422 3031 3480 3080 et

197 3137 401 3207 σύνην,
435 3139 530 3192 καλ⁸
556 3140 626 3193 τά
660 3141 820 3210 ὅμοια
847 3120 1077 3207 τούτοις,
1115 3120 1272 3213 δῆλον
1300 3144 1381 3197 ὅτι
1418 3120 1780 3212 ἐνεδυσάμεθσ

1892 3140 1978 3193 his
2009 3136 2309 3198 similibus,
2385 3130 2737 3199 manifestum
2770 3135 2854 3181 est
2897 3141 2999 3180 nos
3032 3122 3239 3191 nuptiis
3285 3120 3479 3190 dignas

195 3228 274 3282 τά
333 3230 465 3294 ἄξια
507 3231 604 3285 τοῦ
664 3209 843 3303 γάμου
888 3235 1099 3304 ἱμάτια.
1161 3209 1562 3306 Περιϐαλέσθαι
1611 3209 1780 3292 τοίνυν

1891 3241 2074 3286 vestes
2106 3228 2375 3281 induisse.
2418 3220 2790 3277 Circumvolvi
2820 3219 3001 3287 itaque
3020 3229 3284 3270 conemur
3317 3209 3483 3264 intel-

202 3322 542 3393 σπεύσωμεν
579 3324 639 3377 τὸ
669 3324 764 3377 τοῦ
815 3327 1003 3394 νοητοῦ
1036 3326 1216 3396 γάμου
1256 3330 1522 3400 σωτήριον
1563 3328 1780 3399 ἔνδυμα.

1892 3321 2205 3380 lectualium
2259 3318 2568 3387 nuptiarum
2636 3324 2812 3369 vestes
2868 3314 3162 3366 salutares.
3200 3306 3258 3361 In
3292 3311 3481 3359 nostra

200 3413 334 3468 Τῶν
380 3415 481 3486 γάρ
524 3417 611 3484 ἐφ’
650 3418 779 3487 ἡμῖν
815 3417 963 3471 ἐστιν
1010 3418 1312 3483 ἐνδύεσθαι,
1344 3421 1439 3473 καὶ
1482 3420 1780 3485 ἐκδύεσθαι¹

1909 3416 2055 3473 enim
2097 3413 2353 3468 facultate
2403 3418 2488 3465 est
2531 3406 2682 3462 indui
2738 3413 2792 3459 et
2816 3404 2963 3464 exui,
3010 3410 3300 3469 vestesque
3334 3411 3483 3451 nunc

200 3508 302 3562 καὶ
330 3510 434 3572 τάς
468 3508 700 3576 ἐσθῆτας
740 3510 1011 3579 ἀμείϐειν,
1040 3512 1170 3565 ποτὲ
1197 3513 1296 3582 μὲν
1338 3511 1541 3577 καλῶς,
1577 3514 1708 3567 ποτὲ
1734 3514 1780 3567 δὲ

1895 3507 2112 3577 quidem
2134 3503 2320 3574 probe,
2354 3515 2500 3555 nunc
2527 3514 2653 3553 vero
2680 3510 2845 3566 prave
2873 3499 3236 3554 commutare,
3265 3498 3319 3543 et
3338 3502 3483 3542 nunc

202 3600 423 3667 κακῶς,
449 3602 545 3654 καὶ
576 3601 672 3655 νῦν
709 3604 805 3673 μὲν
833 3604 1010 3668 τοῦτο,
1044 3604 1138 3659 νῦν
1168 3581 1226 3659 δέ
1265 3606 1441 3661 ἐκεῖνο
1485 3607 1780 3680 αἱρεῖσθαιε

1896 3602 2021 3666 hoc,
2057 3612 2206 3654 nunc
2237 3595 2371 3650 illud
2394 3593 2624 3663 eligere:
2645 3586 3087 3659 quandoquidem
3121 3583 3286 3637 homo
3316 3581 3479 3646 liber,

204 3692 405 3764 ἱπειδὴ
442 3694 788 3760 αὑτεξούσιος
818 3696 1040 3767 ἐκτίσθη
1072 3699 1101 3750 ὁ
1133 3684 1439 3768 ἄνθρωπος,

1895 3705 1950 3752 et
1979 3694 2064 3750 sui
2095 3690 2305 3747 arbitrii
2338 3686 2594 3743 dominus
2648 3689 2869 3737 creatus
2913 3685 3017 3733 est.

711 3787 874 3843 ΡΞΓ’.
897 3820 970 3829 —-
1003 3788 1087 3854 Τῷ
1119 3790 1297 3856 αὐτῷ.

2423 3773 2649 3832 CLXIII.
2677 3771 2957 3827 —Eidem.

296 3878 359 3931 '0
390 3877 494 3947 μὲν
520 3879 713 3950 ἐχθρὸς
742 3881 840 3951 τῆς
883 3884 1159 3954 ἡμετέρας
1192 3854 1337 3952 ζωῆς
1364 3883 1592 3954 δαίμων,
1626 3883 1780 3938 ἐλεεῖ·

1970 3877 2158 3933 Hostis
2187 3876 2313 3928 vitae
2345 3878 2548 3925 nostra:
2569 3866 2804 3929 daemon,
2828 3858 3006 3916 nostri
3039 3856 3289 3913 misereri
3316 3854 3487 3910 simu-

211 3973 688 4043 προσποιούμενος
730 3975 1139 4047 παρασκευάζει
1186 3976 1519 4043 λογίζεσθαι,
1573 3978 1653 4030 ὅτι
1699 3979 1780 4031 Οὗῖ

1901 3974 2045 4036 lans,
2104 3982 2222 4022 eam
2268 3963 2429 4018 nobis
2489 3956 2880 4029 cogitationem
2930 3950 3153 4019 ingerit,
3187 3962 3296 4000 non
3335 3946 3484 3998 futu-

213 4068 373 4120 ἔσται
403 4036 607 4136 κρίσις,
630 4036 752 4121 οῦδὲ
778 4036 1131 4132 ἀνταπόδοσις
1159 4036 1374 4139 ἑκάστῳ
1400 4036 1539 4123 κατά
1565 4070 1636 4122 τὰ
1663 4069 1780 4139 ἔργα

1902 4078 2024 4118 rum
2083 4056 2395 4127 judicium,
2455 4062 2632 4118 neque
2680 4043 3096 4099 retributionem
3189 4036 3507 4105 unicuique

214 4159 412 4222 αὐτοῦ,
452 4160 548 4211 καὶ
599 4159 807 4223 τούτοις
840 4162 951 4223 τοῖς
997 4163 1205 4232 ῥήμασι
1257 4130 1521 4214 λιπαίνων
1579 4130 1780 4230 φαύλως

1905 4151 2205 4212 secundum
2243 4145 2405 4215 198
2445 4155 2611 4211 opera
2641 4153 2762 4200 sua,
2819 4144 2873 4190 et
2921 4134 3074 4187 hisce
3107 4130 3289 4184 verbis
3325 4139 3490 4197 prave

218 4253 348 4314 τοὺς
381 4251 839 4322 ἐξαπατωμένους
871 4252 1248 4323 καταφθείρει.
1277 4251 1504 4323 Πρῶτος
1531 4253 1641 4323 γὰρ
1668 4255 1780 4306 πάν

1906 4247 2131 4302 delusus
2151 4241 2421 4309 opimaus.
2470 4236 2523 4287 in
2556 4229 2849 4301 perniciem
2904 4225 3033 4294 agit.
3068 4222 3369 4276 Primatum
3410 4224 3492 4273 et-

218 4312 341 4394 των-
359 4312 473 4395 τῶν
518 4312 858 4416 ἁμαρτωλῶν
889 4312 1040 4397 ἐστιν
1066 4346 1095 4397 ὁ
1125 4312 1390 4407 διάϐολός.
1433 4312 1496 4396 ’Οῂ
1521 4312 1576 4396 δὲ
1611 4312 1780 4416 έωτὴε

1906 4341 2052 4397 enim
2088 4340 2431 4407 peccatorum
2456 4325 2697 4379 omnium
2731 4321 2984 4375 diabolus
3015 4317 3244 4373 obtinet.
3269 4312 3492 4369 Verum-

219 4435 334 4488 τῶν
367 4436 507 4489 ὅλων
537 4406 791 4507 Ῐξρίστὸς,
823 4437 852 4489 ὁ
880 4437 1042 4508 μόνος
1068 4437 1275 4508 κυρίως
1326 4436 1566 4507 καθαρὸς
1597 4439 1692 4489 καὶ

1915 4406 2099 4485 tamen
2140 4423 2391 4478 Salvator
2441 4416 2684 4470 omnium
2717 4412 2991 4474 Christus,
3024 4409 3118 4478 qui
3174 4406 3328 4460 solus
3365 4418 3493 4458 vere

223 4546 405 4591 καιος,
440 4499 946 4601 διαμαρτυρόμενός
986 4499 1045 4581 τε
1074 4499 1170 4582 καλ
1213 4499 1535 4597 ἐξελέγχων,
1590 4527 1777 4595 στύφω

1916 4534 2091 4590 purus
2143 4525 2195 4570 et
2238 4514 2443 4583 justus,
2480 4515 2802 4562 contestans
2831 4510 2886 4559 et
2928 4499 3359 4572 reprehendens,
3410 4511 3494 4549 as-

224 4640 289 4676 τε
315 4623 411 4675 καὶ
454 4591 741 4685 παιδεῦων,
786 4591 879 4674 καὶ
915 4621 1195 4691 προλέγων
1242 4591 1341 4691 τὴν
1379 4591 1644 4690 ἐσομένην
1685 4591 1778 4689 κρί

1914 4612 2165 4679 tringens
2197 4613 2251 4659 et
2278 4604 2581 4661 instruens,
2611 4608 2665 4650 et
2692 4594 2937 4649 futurum
2960 4591 3242 4663 |judicium
3278 4602 3495 4645 annuu-

232 4731 341 4779 σιν,
369 4712 603 4776 ἐκσώζει
632 4714 758 4775 τοὺς
784 4710 1139 4781 πειθομένους
1162 4710 1331 4779 αὐτῷ.
1361 4709 1531 4763 Τοῦτο
1554 4706 1649 4762 οὖν
1670 4705 1780 4761 εἷνα

1913 4677 2086 4763 tians,
2115 4698 2406 4752 audientes
2436 4708 2495 4748 se
2522 4690 2723 4746 salvat.
2748 4687 2815 4740 Et
2845 4686 2950 4740 hoc
3010 4681 3143 4738 illud
3167 4695 3312 4745 esse,
3343 4677 3493 4747 quod

230 4809 425 4876 νόμιζε
455 4806 516 4858 τὸ
556 4770 972 4876 γεγραμμένον-⁸
1023 4822 1042 4854 ι
1075 4770 1362 4856 Παιδεύσει
1403 4820 1471 4873 με
1509 4803 1716 4865 δίκαιος
1756 4804 1779 4854 ὲ

1917 4794 2129 4861 scriptu
2157 4789 2414 4847 refertur,
2465 4782 2718 4837 existima
2750 4795 2763 4830 :
2826 4796 2845 4829 ‹
2870 4773 3146 4843 Corripiet
3176 4787 3263 4826 me
3309 4770 3494 4839 justus

232 4866 398 4963 ﬁsse,
435 4898 526 4951 καὶ
555 4866 889 4967 έλέγξειμευ
933 4894 1112 4947 ἔλαιον
1150 4893 1207 4945 δὲ
1236 4866 1563 4964 ἁμαρτωλοῦ
1627 4893 1700 4963 μὴ
1733 4893 1780 4945 λι

1920 4887 1976 4941 in
2009 4878 2414 4938 misericordia,
2449 4883 2503 4929 et
2529 4879 2725 4943 arguet
2761 4883 2847 4922 me
2881 4885 2896 4933 ;
2928 4866 3110 4922 oleum
3142 4876 3271 4918 vero
3300 4873 3495 4930 pecca-

236 4954 469 5047 πανάτω
502 4991 602 5062 τὴν
632 4954 875 5059 κειραλήν
907 5005 1033 5058 μου,
1066 5004 1084 5037 ι
1124 4954 1373 5038 τουτέστι
1400 4984 1462 5036 τὸ
1491 4954 1780 5055 ἡγεμονικὸ

1920 4978 2060 5032 toris
2118 4990 2227 5029 non
2290 4968 2592 5040 impinguet
2639 4971 2802 5033 caput
2852 4975 3032 5014 meum
3058 4958 3126 5021 ⁷⁷,
3166 4975 3186 5008 ι
3243 4954 3349 5008 hoc
3409 4959 3497 5007 est

2969 5053 2978 5062 .
3064 5050 3074 5061 .
3255 5042 3495 5062 “Am,

1918 5071 2224 5144 principem
2249 5065 2445 5120 animae
2493 5068 2722 5128 partem,
2756 5062 2850 5107 aut
2881 5050 3109 5106 rationis
3151 5042 3495 5116 compotem!

2283 5153 2463 5211 CLIV.
2496 5183 2568 5193 —
2599 5142 2879 5203 VORIONI
2914 5140 3159 5198 ECDICO

1995 5253 2087 5309 Va:
2104 5252 2224 5316 tibi,
2260 5258 2455 5317 terque
2484 5250 2790 5314 quaterque
2816 5236 2982 5291 miser
3005 5241 3059 5288 et
3084 5230 3274 5286 infelix
3296 5226 3494 5283 homo!

1927 5345 2071 5417 quod
2102 5343 2316 5414 pusilla:
2338 5352 2505 5393 causa
2539 5330 2861 5401 voluptatis,
2893 5342 3002 5381 una
3031 5338 3155 5380 cum
3186 5323 3307 5393 ipso
3336 5333 3500 5390 opere

1927 5410 2302 5512 expediendae,
2339 5430 2704 5502 sempiternas
2734 5422 2981 5478 ﬂammas
3008 5416 3377 5490 amplecteris.
3410 5410 3502 5469 Vae

240 5102 364 5157 μου,
404 5084 439 5155 ἢ
465 5082 529 5136 τὺ
563 5080 791 5153 φρονοῦν
823 5098 945 5152 μου.

611 5174 771 5228 ΡΞΔι.
802 5204 873 5214 -
903 5172 1130 5226 οΡιΩΝι
1171 5168 1446 5239 ΕΚΔΙΚῼ.

309 5268 448 5325 Οὐαί
480 5286 582 5333 σοι,
617 5266 1055 5339 τρισταλαίπωρε
1088 5263 1340 5334 ἄνθρωπε
1371 5260 1464 5313 καὶ
1503 5256 1813 5341 τρισάθλιει

237 5365 321 5417 ὅτι
353 5365 557 5435 μικρᾶς
584 5363 803 5434 ἡδονῆς,
860 5362 956 5415 καὶ
1004 5361 1121 5431 ἅμα
1174 5358 1253 5429 τῷ
1284 5356 1603 5424 τελεσθῆναι
1652 5370 1820 5425 παρο-

243 5459 531 5529 δευούσης,
570 5457 669 5529 τὴν
699 5455 916 5510 αἰώνιον
949 5452 1285 5523 ἁνταλλάττῃ
1319 5450 1513 5517 φλόγα.
1550 5446 1685 5501 Οὐαί
1716 5462 1818 5509 σοι,

316 5641 363 5676 "
396 5640 539 5698 Psal.
579 5654 705 5704 CXL,
742 5637 794 5692 5.
871 5635 917 5668 "
947 5632 1114 5689 Eccli.
1153 5647 1239 5697 xv,
1281 5630 1333 5687 9.
1451 5629 1499 5661 "
1540 5624 1727 5681 Matth.
1773 5636 1909 5687 χχιι,
1955 5619 2038 5675 II.
