3850 6218
422 201 527 265 279

1896 209 1956 268 8.
1980 208 2142 269 NILI

3552 211 3670 273 280

423 316 548 377 tibi,
586 318 864 372 insensate
892 326 946 372 et
978 318 1147 374 stulte
1177 338 1190 373 :
1221 318 1371 390 quod
1402 318 1615 377 carnis.
1646 330 1813 377 nutus
1840 339 1989 379 exse-

2096 324 2410 395 ἀναίσθητε,
2445 323 2643 392 ἠλίθιε,
2678 325 2759 379 ὅτι
2802 325 2902 393 τῆς
2949 325 3149 395 σαρκὸς
3178 324 3350 377 ποιῶν
3378 322 3447 376 τά
3497 325 3668 397 θελή-

424 423 623 477 qncns,
652 416 705 461 et
735 424 832 478 per
861 424 979 462 eam
1008 410 1265 465 obscenis
1298 420 1353 465 te
1374 411 1659 467 affectibus
1691 412 1995 479 involvens,

425 508 481 553 et
549 500 734 569 pravis
770 502 1030 569 operibus
1079 502 1407 568 inserviens,
1444 517 1473 555 a
1515 505 1851 559 beatitudine
1906 505 1997 558 illa

425 591 719 644 immortali
757 594 1074 661 expellaris,
1147 605 1199 648 et
1244 611 1527 662 nunquam
1580 596 1833 652 finiendis
1899 598 1997 652 0b-

425 683 602 736 rueris
626 682 765 749 apud
795 683 996 738 inferos
1022 685 1196 754 igneis
1228 685 1746 741 immisericordium
1775 690 1997 758 angelo-

424 789 545 827 rum
585 774 924 829 verberibus.
981 775 1226 846 Namque
1285 778 1627 847 angelorum,
1661 778 1717 833 hi
1772 780 1991 849 quidem

424 865 694 917 mansueti
759 872 911 927 sunt,
963 874 1016 919 et
1059 868 1304 934 humani,
1362 875 1417 921 et
1488 869 1892 935 misericordes,
1944 878 1998 925 et

425 956 972 1010 «ommiserescentes
1008 974 1021 1020 ;
1064 958 1154 1011 alii
1188 973 1316 1010 vero
1351 959 1561 1012 austeri
1598 969 1650 1013 et
1674 960 1996 1030 implacabi—

426 1044 524 1106 les,
553 1046 827 1098 terribiles
851 1054 903 1098 et
936 1045 1280 1099 vehementes
1301 1087 1315 1109 ,
1345 1058 1401 1099 et
1427 1047 1703 1112 crudeles,
1741 1059 1793 1102 et
1817 1049 1999 1103 immi-

424 1138 748 1191 sericordes.

526 1225 1192 1282 CLXV.—SYMMACHO
1220 1225 1574 1283 COPlARUM
1600 1224 1922 1281 DUCTORI.

496 1318 653 1371 Vera:
687 1319 905 1387 pietatis
931 1319 1071 1372 ratio
1099 1320 1314 1374 duobus
1348 1326 1587 1381 constat,
1646 1318 1997 1387 dogmatibus

422 1409 529 1476 piis
582 1418 637 1463 et
666 1412 823 1465 bonis
866 1412 1155 1481 operibus,
1189 1410 1367 1466 Unum
1404 1412 1573 1483 igitur
1603 1411 1674 1466 ab
1703 1412 1875 1465 altero
1910 1425 1997 1466 se-

420 1499 758 1569 jungendum
791 1518 897 1555 non
929 1513 1034 1556 est.

602 1592 761 1662 199
788 1593 1018 1648 cum.
1040 1593 1492 1649 —COLOCASlO
1524 1591 1841 1648 DIACONO.

496 1685 691 1737 Statim
726 1698 888 1755 atque
922 1689 1048 1757 quis
1080 1689 1131 1741 in
1176 1691 1481 1757 proximum
1506 1686 1991 1753 convitiajecerit,
2024 1679 2066 1733 Β

419 1776 607 1829 eodem
640 1776 784 1830 horae
814 1788 1086 1833 momento
1141 1780 1341 1849 lepram
1371 1780 1424 1833 in
1469 1780 1648 1832 anima
1702 1778 1994 1833 contrahit.

419 1864 760 1935 Quapropter
786 1884 816 1922 a
845 1870 1148 1924 maledictis
1193 1879 1246 1924 et
1279 1870 1532 1925 convitiis
1561 1870 1775 1924 abstine
1805 1885 1818 1921 :
1849 1868 1995 1923 nosti

417 1958 686 2026 siquidem
723 1961 793 2015 ob
823 1961 987 2017 breve
1042 1964 1346 2016 convitium
1415 1976 1470 2016 et
1523 1977 1686 2015 unam
1719 1962 1995 2015 obtrecta-

415 2046 582 2102 tionis
610 2048 907 2104 dictioncm
965 2050 1145 2104 divina
1204 2052 1474 2107 sententia
1530 2050 1757 2105 Mariam
1812 2057 1990 2105 vatem

415 2140 567 2209 lepra
597 2139 762 2194 fuisse
798 2157 1113 2210 percussam
1158 2144 1224 2198 ⁷⁸.

623 2233 870 2288 CLXVII.
896 2264 958 2273 —
978 2234 1201 2290 PIERIO
1232 2235 1461 2295 COMITI
1490 2233 1779 2291 IUNIORI.

484 2326 640 2381 Alius
676 2328 978 2381 secundum
1008 2328 1173 2381 Deum
1199 2345 1352 2383 amor
1374 2337 1481 2392 est,
1518 2330 1658 2383 alius
1692 2329 1988 2382 secundum

412 2416 681 2471 mundum
719 2427 774 2472 et
802 2433 1049 2481 carnem,
1084 2436 1203 2488 qme
1242 2429 1326 2473 est
1373 2421 1613 2474 amicitia
1651 2422 1831 2490 potius
1862 2423 1989 2475 bru-

411 2514 615 2570 torum,
656 2517 710 2561 ct
744 2510 891 2561 nulla
932 2511 1142 2564 ratione
1190 2511 1436 2579 praedita.
1469 2512 1656 2581 Itaque
1683 2512 1827 2580 quod
1859 2527 1991 2566 con-

412 2598 624 2653 tinetur
661 2600 716 2653 in
744 2601 943 2656 litteris
972 2603 1105 2664 tuis,
1141 2604 1347 2670 ingenti
1385 2612 1439 2657 te
1484 2603 1762 2659 desiderio
1812 2605 1988 2658 teneri

413 2691 521 2743 hoc
550 2707 738 2746 mense
792 2709 921 2763 erga
977 2694 1437 2765 Dionysiodorum
1480 2698 1727 2767 magistri
1792 2697 1984 2760 filium,

414 2782 683 2838 immenso
713 2785 829 2850 illo,
862 2802 925 2841 ac
960 2789 1124 2856 plane
1154 2789 1511 2854 intolerabili,
1550 2791 1686 2845 adeo
1720 2798 1780 2844 ut
1814 2807 1987 2859 neque

414 2874 599 2936 edere,
629 2891 810 2945 neque
847 2878 1056 2944 bibere,
1104 2894 1283 2949 neque
1310 2881 1493 2935 vivere
1518 2882 1674 2947 velis,
1729 2882 1785 2935 ni
1834 2882 1987 2952 prius

414 2966 702 3033 puerulum
725 2972 1104 3038 conspexeris,
1130 2971 1187 3024 in
1211 2987 1319 3040 quo
1334 2987 1467 3040 erga
1501 2982 1552 3026 te
1579 2988 1733 3027 amor
1762 2990 1988 3043 praeces-

415 3066 563 3113 serat
589 3077 603 3113 :
628 3068 890 3130 praeterea
915 3062 1072 3132 signa
1103 3063 1229 3129 alia,
1259 3072 1313 3118 et
1335 3073 1498 3127 notae,
1522 3081 1644 3136 quae
1677 3067 1729 3119 in
1756 3067 1988 3136 epistola

414 3156 509 3203 tua
541 3152 673 3205 mihi
715 3168 836 3207 sese
883 3153 1117 3209 offerunt
1149 3155 1370 3225 legenti,
1417 3157 1591 3226 palam
1622 3157 1829 3211 faciunt
1860 3173 1991 3212 mea:

414 3242 609 3296 vilitati
639 3244 910 3311 dolosum,
943 3253 997 3300 et
1025 3246 1210 3301 multis
1229 3248 1483 3302 sordibus
1509 3248 1807 3303 daemonem
1857 3265 1989 3303 con-

416 3336 761 3404 taminatum,
799 3338 890 3407 qui
946 3346 1051 3393 tua},
1082 3340 1273 3393 virtuti
1311 3340 1530 3405 deditae,
1566 3349 1619 3394 et
1661 3341 1751 3396 Dei
1782 3343 1987 3396 amanti

414 3426 611 3484 animm
651 3428 881 3484 insidias
917 3430 1099 3484 struit.
1126 3430 1209 3486 Ex
1238 3447 1301 3487 ea
1334 3434 1481 3487 enim
1508 3434 1740 3503 epistola
1778 3434 1989 3503 praedo-

412 3531 562 3582 nem,
618 3519 874 3589 illiusque
922 3522 1207 3576 subdolam
1240 3525 1521 3579 solertiam
1572 3524 1731 3580 facile
1790 3526 1987 3595 depre-

417 3612 580 3666 hendi
619 3628 633 3664 :
660 3630 783 3666 nam
815 3614 883 3668 ad
939 3615 1210 3669 maleficia
1244 3616 1397 3671 vafer
1426 3626 1509 3671 est
1539 3626 1594 3671 et
1651 3618 1984 3675 industrius.

413 3702 625 3775 Quippe
645 3705 869 3776 spiritus
899 3706 1302 3770 fornicationis,
1328 3723 1491 3777 quem
1524 3709 1780 3763 Amorem
1810 3710 1985 3765 Graeci

413 3810 730 3863 nuncupare
791 3804 1114 3863 sueverunt,
1151 3797 1215 3853 ad
1255 3800 1564 3871 voluptates
1601 3802 1896 3869 proclives,
1930 3810 1985 3856 et

414 3882 720 3940 futurorum
747 3887 1079 3955 iudiciorum
1106 3891 1481 3961 despectores,
1522 3908 1735 3947 necnon
1766 3893 1988 3949 univer-

412 3978 544 4032 salis
579 3979 969 4047 illinsjudicii,
1007 3984 1206 4050 palam,
1252 3999 1317 4036 ac
1357 3985 1487 4050 cito,
1517 3993 1572 4039 et
1619 3987 1827 4055 alisque
1875 3989 1986 4040 ullo

412 4068 598 4124 labore
634 4071 699 4123 ad
750 4072 1103 4140 impudicitiae
1160 4076 1477 4129 barathrum
1527 4079 1841 4147 compellit;
1890 4095 1986 4136 eos

413 4174 543 4213 vero
574 4161 736 4230 200
790 4164 881 4231 qui
916 4165 1109 4218 salutis
1150 4169 1379 4234 propriae
1433 4183 1620 4221 curam
1678 4179 1895 4238 gerunt,
1932 4179 1986 4224 et

414 4264 543 4305 cum
582 4253 829 4307 mollitiei
866 4254 1063 4311 belluis
1087 4257 1394 4320 decertant,
1424 4260 1699 4315 illecebris
1753 4263 1982 4330 quibus-

2103 433 2270 485 ματα,
2305 416 2400 469 καὶ
2438 415 2505 470 δι’
2536 416 2705 486 αὐτῆς
2750 419 2862 480 τοῖς
2915 418 3159 486 αἰσχροῖς
3196 416 3513 469 ὑποπίπτων
3552 418 3668 471 πά-

2099 504 2239 568 θεσι,
2266 506 2362 558 καὶ
2386 504 2876 576 καταδουλούμενος
2902 509 3012 568 τοῖς
3042 508 3315 577 πονηροῖς,
3344 506 3668 585 ἐκϐληθήσῃ

2100 595 2200 665 μὲν
2226 595 2324 665 τῆς
2356 596 2754 667 μακαριότητος
2797 596 3009 665 ἐκείνης
3046 595 3145 666 τῆς
3186 596 3483 661 ἀθανάτου,
3523 596 3667 650 ἀθά-

2098 704 2235 741 νατα
2273 686 2331 739 δέ
2364 687 2709 760 μαστιχθήσῃ
2748 686 2889 741 κατὰ
2916 688 3004 741 τὸν
3034 688 3187 759 ᾇδην,
3232 690 3351 753 ταῖς
3404 689 3665 760 πυρίναις

2102 776 2349 848 μάστιξιν
2379 778 2483 831 ὑπὸ
2509 778 2615 832 τῶν
2638 778 2884 847 ἀγγέλων
2912 778 3018 833 τῶν
3041 779 3230 849 ἀνελεη
3240 779 3435 850 μόνων.
3460 781 3521 833 Οί
3555 780 3664 851 μὲν

2097 871 2204 939 γὰρ
2228 871 2332 923 τῶν
2360 871 2606 939 ἀγγέλων
2653 871 2851 943 ἥμεροί
2889 889 2947 925 τε
2978 873 3071 925 καὶ¹
3102 870 3465 944 φιλάνθρωποί
3492 875 3661 937 slew,

2098 961 2459 1032 εὔσπλαγχνοί
2488 980 2545 1016 τε
2569 964 2669 1017 καὶ
2702 965 3025 1036 συμπαθεῖς,
3069 965 3119 1017 οἱ
3168 963 3225 1017 δὲ
3283 964 3547 1036 αὐστηροί
3597 982 3666 1018 τε

2098 1055 2192 1107 καὶ
2219 1055 2481 1124 ἁμειδεῖς.
2513 1056 2730 1127 φρικτοί
2782 1073 2843 1109 τε
2893 1055 2989 1110 καὶ
3038 1053 3335 1127 ἐμϐριθεῖς,
3391 1054 3667 1128 ἀπότομοι

2095 1164 2155 1199 τε
2186 1149 2277 1200 καὶ
2304 1148 2493 1217 ἀνελεή
2505 1166 2684 1217 μονες.
2908 1164 2911 1165 ⁷
3302 1170 3305 1175 λ

2360 1241 2522 1295 ΡΞΕ’.
2547 1272 2615 1280 -
2650 1241 2988 1311 ΣΥΜΜΑΧῼ
3026 1241 3381 1313 ΣΤΡΛΤΗΓῼ

2178 1333 2236 1386 '0
2261 1334 2359 1403 τῆς
2390 1332 2697 1397 θεοσεϐείας
2722 1332 2919 1403 τρόπος
2950 1335 3014 1385 ἐκ
3041 1333 3136 1386 δύο
3160 1333 3366 1387 τούτων
3396 1332 3668 1402 συνέστη-

2097 1442 2211 1486 κεν,
2243 1424 2525 1493 δογμάτων
2560 1424 2818 1487 εὐσεϐῶν,
2852 1426 2946 1477 καὶ
2987 1424 3238 1494 πράξεων
3268 1424 3508 1492 ἀγαθῶν,
3546 1424 3665 1479 Θά-

2096 1532 2252 1584 τερον
2280 1515 2410 1583 γοῦν
2437 1514 2666 1585 θατέρου
2698 1516 2759 1567 οὐ
2786 1514 2890 1585 χρὴ
2911 1514 3298 1582 διαζευγνύειν,

2342 1604 2520 1669 PBQ".
2552 1632 2623 1642 —
2665 1603 3055 1673 ΚΟΛΟΚΑΣΙῼ
3091 1602 3407 1671 ΔΙΑΚΟΝῼ.

2170 1694 2321 1764 ’Ἅμα
2353 1712 2435 1757 τις
2467 1694 2751 1763 λοιδορήση
2796 1693 2886 1746 τὸν
2917 1693 3161 1762 πλησίον,
3194 1692 3392 1753 εὐθέως
3419 1690 3667 1763 λεπροῦ-

2094 1802 2184 1839 ται
2215 1786 2313 1855 τὴν
2349 1784 2595 1854 καρδίαν.
2630 1786 2825 1854 Διόπερ
2872 1784 3037 1852 φεῦγε
3078 1783 3139 1839 τὸ
3182 1784 3525 1847 καταλαλεῖν,
3562 1783 3669 1836 καὶ

2094 1876 2537 1947 διαλοιδορεῖσθαι
2561 1893 2573 1905 ·
2633 1876 2878 1943 ἔγνωκας
2912 1876 3041 1947 γὰρ,
3091 1876 3205 1938 πῶς
3233 1877 3298 1928 δι’
3332 1875 3519 1943 ὀλίγην
3550 1875 3669 1935 λοι-

2092 1968 2295 2038 δορίαν,
2330 1969 2422 2020 καὶ
2458 1966 2584 2036 μίαν
2616 1966 2760 2031 λέξιν
2804 1966 2903 2034 τῆς
2944 1966 3293 2031 καταλαλιάς,
3341 1966 3457 2037 θείᾳ
3489 1968 3668 2037 ψήφῳ

2092 2060 2429 2132 λελέπρωται
2458 2061 2491 2129 ἡ
2524 2060 2791 2128 προφῆτις
2820 2059 3028 2128 Μαρία.

2279 2241 2440 2295 ΡΞΖ’.
2466 2270 2534 2281 —-
2567 2240 2795 2311 ΠΙΕΡΙῼ
2834 2240 3104 2294 ΚΟΜΗΤΙ
3137 2239 3467 2311 ΝΕΩΤΕΡῼ.

2173 2333 2367 2404 Ἑτέρα
2394 2332 2542 2385 ἐστὶν
2578 2333 2611 2402 ἡ
2643 2332 2785 2384 κατὰ
2817 2331 2949 2384 Θεὸν
2990 2329 3200 2400 ἀγάπη,
3246 2330 3342 2383 καὶ
3375 2329 3507 2401 άλλη
3537 2328 3669 2385 ἐστὶ

2090 2426 2233 2479 κατὰ
2279 2424 2485 2494 κόσμον
2518 2424 2611 2476 καὶ
2644 2422 2820 2493 σάρκα
2864 2421 3143 2495 κτηνώδης
3198 2439 3283 2485 τις
3316 2422 3411 2474 καὶ
3454 2422 3666 2490 ἄλογος

2090 2515 2259 2583 φιλία.
2290 2515 2362 2567 Τὸ
2394 2510 2487 2567 οὖν
2518 2513 2791 2583 περιέχειν
2822 2512 2893 2567 τὰ
2941 2513 3244 2583 γράμματὰ
3279 2529 3395 2577 σου,
3441 2513 3521 2566 ὅτι
3558 2514 3669 2567 1:6-

2089 2608 2180 2671 θος
2206 2624 2289 2660 σοι
2322 2606 2504 2670 ἱκανὸς
2543 2608 2735 2675 γέγονε
2781 2605 2923 2659 κατὰ
2954 2605 3044 2659 τὸν
3090 2606 3233 2675 μῆνα
3279 2603 3468 2658 τοῦτον
3516 2605 3666 2675 πρὸς

2090 2698 2508 2768 Διονυσιόδωρον
2552 2698 2641 2752 τὸν
2693 2697 2806 2750 υἱὸν
2850 2695 2943 2750 τοῦ
3001 2697 3304 2768 μαγίστρου
3353 2696 3519 2760 πολὺς
3553 2697 3661 2749 καὶ

2090 2788 2381 2858 ἀφόρητος,
2414 2787 2556 2841 ὥστε
2591 2788 2726 2858 μήτε
2765 2789 2977 2856 φαγεῖν,
3005 2788 3140 2856 μήτε
3177 2789 3340 2849 πιεῖν,
3385 2787 3522 2856 μήτε
3554 2786 3666 2857 ζῇν

2092 2879 2378 2950 βούλεσθαί
2428 2896 2509 2941 σε,
2546 2880 2594 2931 εί
2640 2877 2717 2948 μὴ
2773 2880 3038 2949 πρότερον
3075 2878 3239 2952 θεάσῃ
3268 2877 3360 2931 τὸν
3415 2878 3668 2949 μείρακα

2088 2970 2180 3023 τὸν
2225 2971 2698 3063 προαγαπήσαντά
2736 2986 2817 3032 σε,
2864 2972 2957 3022 καὶ
3015 2970 3076 3022 τὸ
3128 2970 3263 3023 ἄλλα
3292 2968 3413 3023 τινὰ
3457 2968 3669 3041 γνωρίφ

2091 3060 2283 3132 σματαή
2304 3061 2400 3115 καὶ
2442 3064 2645 3133 σημεῖα
2680 3062 2958 3129 ἐγκεῖσθαι
2988 3064 3056 3133 τῇ
3084 3060 3239 3132 παρὰ
3265 3061 3359 3114 σοῦ
3402 3078 3491 3132 μοι
3513 3078 3666 3131 γρα-

2089 3153 2251 3225 φείσῃ
2273 3153 2550 3224 ἐπιστολῇ,
2591 3154 2824 3223 φανερὸν
2854 3156 2919 3226 τῇ
2950 3154 3056 3224 ἐμῇ
3087 3153 3330 3224 εὐτελείᾳ
3353 3153 3667 3225 κατέστησε

2088 3245 2177 3298 τὸν
2227 3245 2400 3299 δόλιον
2434 3248 2528 3299 καὶ
2559 3245 2886 3299 πολύσπιλον
2933 3246 3184 3318 δαίμονα,
3218 3246 3310 3299 τὸν
3343 3246 3665 3318 ἐνεδρεῦσαι

2090 3338 2459 3403 σπουδάζοντα
2488 3338 2587 3409 τὴν
2618 3337 2713 3408 σὴν
2744 3339 2994 3409 ἐνάρετον
3050 3339 3142 3392 καὶ
3181 3338 3424 3409 φιλόθεον
3453 3338 3662 3409 ψυχήν.

2100 3427 2195 3480 Ἐκ
2224 3428 2331 3498 γὰρ
2356 3428 2419 3498 δὴ
2462 3432 2562 3498 τῆς
2591 3429 2903 3498 ἐπιστολῆς,
2932 3430 3189 3500 εὐμαρῶς
3224 3429 3531 3501 πεφώρακα
3563 3431 3665 3484 τὸν

2088 3517 2311 3590 λῃστὴν,
2351 3520 2444 3573 καὶ
2471 3518 2572 3592 τὴν
2621 3519 2813 3573 τούτου
2850 3520 3018 3591 σοφὴν
3055 3522 3519 3593 δραματουργίαν’
3567 3539 3665 3575 eo,

2090 3609 2189 3677 φδς
2210 3608 2318 3680 γάρ
2344 3611 2489 3663 ἐστιν
2522 3611 2601 3672 εἰς
2628 3610 2688 3662 τὸ
2727 3613 3112 3679 κακοποῖησαι.
3150 3611 3222 3663 Τὸ
3276 3612 3385 3682 γὰρ
3440 3610 3666 3681 πνεῦμα

2086 3702 2185 3770 τῆς
2210 3701 2484 3772 πορνείας,
2524 3701 2662 3771 ὅπερ
2707 3700 2884 3771 ἔρωτα
2925 3702 3189 3772 Ἐλλήνων
3240 3703 3424 3765 παῖδες
3459 3688 3665 3773 κικλῖήο

2089 3809 2240 3845 σκειν
2290 3792 2537 3856 εἰώθασι,
2572 3794 2698 3855 τοὺς
2736 3793 2833 3863 μὲν
2888 3793 3023 3862 πρὸς
3052 3792 3151 3865 τὴν
3203 3793 3394 3865 ἡδονὴν
3432 3795 3665 3865 ἐπιρῤε-

2087 3888 2230 3951 πεῖς,
2258 3886 2352 3939 καὶ
2381 3887 2857 3956 καταφρονοῦντας
2878 3885 2988 3938 τῶν
3021 3886 3319 3956 μελλόντων
3370 3887 3665 3957 χριμάτων

2087 3978 2183 4031 καὶ
2216 3975 2310 4029 τοῦ
2338 3975 2716 4045 οἰκουμενικοῦ
2756 3976 2966 4030 ἐκείνου
2998 3976 3369 4047 δικαστηρίου,
3400 3976 3665 4047 φανερῶς

2088 4069 2180 4122 καὶ
2211 4068 2422 4138 ταχέως
2471 4068 2566 4121 καὶ
2596 4067 2718 4137 δίχα
2747 4068 2949 4131 παντὸς
2987 4067 3235 4139 καμάτου
3286 4068 3423 4140 πρὸς
3463 4068 3527 4120 τὸ
3558 4068 3664 4137 τῆς

2086 4157 2373 4225 ἀσελγείας
2422 4155 2695 4228 βάραθρον
2734 4157 3065 4228 κατασύρειο
3119 4158 3247 4221 τοὺς
3282 4157 3341 4211 δέ
3395 4157 3663 4228 φροντίδα

2089 4246 2312 4316 ἔχοντας
2342 4247 2443 4315 τῆς
2467 4246 2763 4317 σωτηρίας,
2795 4248 2888 4300 καὶ⁵
2932 4251 3044 4311 τοῖς
3073 4249 3171 4318 τῆς
3196 4246 3531 4319 ἡδυπαθείας
3561 4248 3665 4317 θηη

413 4341 561 4403 dam,
589 4358 653 4397 ac
710 4348 1001 4411 machinis,
1035 4358 1091 4403 et
1140 4350 1282 4405 dolis
1307 4350 1553 4405 adoritur
1593 4368 1607 4404 :
1646 4362 1699 4406 et
1742 4354 1981 4422 primum

2096 4341 2231 4410 ρίοις
2283 4341 2645 4409 μαχομένους,
2699 4340 3028 4411 δελεάσμασί
3070 4358 3183 4393 τισι
3224 4341 3320 4395 καὶ
3385 4343 3667 4410 μηχαναῖς

412 4432 630 4501 quidem
666 4434 872 4488 nullum
905 4452 1153 4505 pravum,
1208 4439 1301 4493 sed
1359 4449 1725 4503 constantem,
1775 4449 1829 4496 et
1876 4458 1986 4497 non

412 4527 578 4582 nimis
635 4529 911 4583 curiosum
965 4532 1317 4587 dilectionem
1372 4549 1623 4603 persona:
1672 4534 1982 4604 cujuspiam

411 4618 657 4684 advenae,
692 4629 786 4675 aut
839 4622 1110 4691 indigeam
1145 4626 1335 4689 maris,
1366 4625 1448 4679 vel
1486 4625 1703 4679 feminae
1747 4627 1979 4681 inserit:

412 4713 732 4768 adhortatur
784 4715 1007 4777 deinde.
1045 4726 1103 4770 ut
1134 4733 1243 4772 una
1287 4734 1411 4772 cum
1441 4734 1506 4772 ea
1560 4726 1866 4779 assuescat,
1929 4726 1983 4773 et

409 4805 576 4860 vitam
598 4811 784 4867 ducat,
812 4824 1029 4877 unaque
1050 4819 1339 4876 commeet,
1371 4811 1647 4880 pactiones
1671 4811 1979 4878 contrahat,

410 4912 681 4966 suspenso
733 4913 962 4967 corpore
1014 4902 1247 4963 incedat,
1294 4918 1380 4955 res
1415 4903 1755 4957 necessarias
1786 4919 1983 4957 conso-

409 4989 536 5053 ciet,
589 4990 966 5046 solemnitates
1006 4992 1264 5057 celebret,
1328 4994 1505 5063 lepide
1556 4993 1870 5055 urbanitate
1927 5002 1983 5049 ct

410 5080 619 5136 salibus
652 5088 864 5146 utatur,
894 5093 947 5136 et
977 5084 1096 5138 sine
1126 5084 1398 5153 impudica
1433 5086 1764 5154 cogitatione
1816 5088 1980 5141 simul

407 5172 679 5227 comedat.
726 5175 856 5230 Haec
890 5190 1054 5244 porro
1108 5175 1290 5230 omnia
1348 5176 1698 5231 fundamenta
1722 5188 1869 5244 sunt,
1928 5185 1981 5232 et

411 5272 754 5331 argumenta,
792 5274 845 5320 et
885 5267 1173 5336 principia,
1205 5276 1259 5321 et
1282 5266 1496 5322 radices
1537 5271 1767 5337 peccati.
1820 5267 1981 5322 Post-

411 5355 631 5413 modutn
666 5369 938 5427 praeeunte
967 5369 1231 5430 tempore,
1274 5374 1553 5430 pravaque
1584 5363 1979 5417 consuetudine

413 5443 490 5507 ita
543 5458 882 5517 comparata,
927 5462 979 5505 et
1011 5468 1131 5523 quae
1163 5452 1249 5509 vix
1295 5452 1449 5504 avelli
1486 5454 1679 5521 possit,
1741 5461 1871 5509 tunc
1920 5454 1973 5509 in

484 5620 531 5663 ⁷⁸
559 5620 718 5685 Num.
752 5638 851 5690 xu,
883 5624 937 5686 9.

2088 4435 2183 4487 καὶ
2208 4432 2378 4495 δόλοις
2406 4433 2751 4503 μετέρχεται·
2789 4434 2883 4486 καὶ
2924 4432 3140 4509 πρῶτον
3169 4433 3268 4504 μὲν
3317 4432 3470 4486 οὐδὲν
3495 4433 3664 4503 δῆθεν

2086 4527 2344 4601 χαλεπὸν,
2384 4526 2496 4579 ἀλλ’
2540 4528 2587 4580 ὲ.
2628 4566 2640 4580 .
2670 4566 2684 4581 .
2719 4566 2734 4581 .
2763 4565 2776 4578 .
2832 4527 2989 4595 μόνον
3034 4527 3128 4579 καὶ
3176 4527 3407 4599 στοργὴν
3458 4526 3667 4580 ἀπολυ-

2088 4620 2477 4690 πραγμόνητον
2525 4618 2765 4687 ἐντίθησι
2820 4617 3116 4689 προσώπου
3178 4619 3321 4681 τινὸς
3375 4618 3571 4682 ξένου,
3622 4616 3661 4689 ἢ

2085 4710 2397 4780 ἐγχωρίου,
2463 4711 2726 4782 ἄρρενος,
2774 4709 2806 4779 ἢ
2852 4709 3091 4778 θηλείας.
3158 4705 3291 4762 Εἶτα
3351 4710 3665 4778 συνομιλεῖν

2085 4806 2182 4857 καὶ
2232 4803 2541 4871 συνδιάγειν
2582 4804 2920 4872 προτρέπει,
2977 4802 3072 4855 καὶ
3130 4800 3475 4868 συνοδεύειν,
3530 4820 3662 4856 συν-

2090 4897 2374 4951 αλλάσσειν
2435 4914 2494 4949 τε
2574 4898 2668 4950 καὶ
2750 4895 3328 4966 συμμετεωρίζεσθαι,
3380 4901 3663 4952 κοινωνεῖν

2088 5007 2146 5041 τε
2218 4992 2276 5042 ἐν
2315 4991 2637 5060 πράγμασιν
2688 4989 3039 5057 ἀναγκαίοιςι,
3098 4989 3192 5041 καὶ
3239 4988 3660 5061 συνεορτάζειν,

2087 5082 2181 5135 καὶ
2262 5078 2845 5150 συγχαριεντίζεσθαι,
2924 5079 3018 5132 καὶ
3086 5079 3417 5147 συντρώγειν
3486 5078 3662 5149 χωρὶς

2086 5172 2348 5243 λογισμοῦ
2432 5170 2716 5241 πορνικοῦ.
2785 5169 2971 5223 Ταῦτα
3042 5169 3101 5223 δέ
3176 5169 3353 5222 πάντα
3413 5167 3659 5238 θεμέλιοι

2085 5266 2348 5333 γίνονται,
2409 5264 2504 5315 καὶ
2542 5262 2849 5325 ὑποθέσεις,
2881 5261 2976 5314 καὶ
3011 5263 3199 5332 ἀρχαὶ,
3251 5260 3345 5313 καὶ
3371 5258 3521 5330 ῥίζαι
3558 5259 3658 5330 τῆς

2087 5358 2385 5429 ἁμαρτίας.
2412 5355 2568 5410 Μετὰ
2591 5355 2649 5408 δὲ
2679 5354 2853 5408 ταῦτα
2884 5353 3072 5407 λοιπὸν
3098 5352 3499 5423 προϐεϐηκότος
3533 5352 3660 5422 χρόην

2084 5469 2198 5519 νου,
2226 5451 2321 5507 καὶ
2349 5449 2447 5519 τῆς
2479 5447 2657 5521 κακῆς
2690 5447 2977 5521 συνηθείας
3006 5446 3459 5505 δυσαποσπάστου
3488 5462 3657 5506 κατα-
