3850 6218
138 244 222 308 281

1284 243 1551 302 EPISTO
1589 244 1847 306 LARUB
1878 247 2025 307 LIB.
2054 246 2135 305 II.

3264 231 3380 296 282

139 376 543 447 σκευασθείσης,
565 378 685 430 τότε
710 376 798 448 δὴ,
827 376 947 430 τότε
981 377 1093 439 τοῖς
1122 378 1468 445 γεννητικοῖς
1504 376 1713 446 μορίοις

1838 386 2077 452 ιιιοηιιιιιι
2111 376 2438 447 genitalibus
2464 373 2724 429 membris
2746 372 2955 426 daemon
2991 385 3050 423 se
3102 368 3384 438 applicans

138 468 441 537 πὶθησιάσας
475 471 502 521 ὁ
540 468 769 538 δαίμων,
804 468 1067 537 αἰφνίδιον
1119 467 1187 520 τὰ
1232 467 1330 537 τῆς
1366 468 1565 537 σαρκὸς
1612 468 1697 533 ἐξ·

139 560 288 610 ἅπτει
319 558 697 628 φλογίσματα,
746 558 842 610 καὶ⁵
889 556 1139 628 καθάπερ
1182 556 1401 627 χαλκίον
1443 556 1513 609 τὰ
1567 556 1701 627 μέλη

138 648 450 719 ἀναϐρὰζει,
480 652 593 712 τοῖς
627 666 687 701 τε
732 648 1147 718 πεπυρωμένοις
1188 649 1363 719 βέλεσι
1407 649 1515 700 τῶν
1556 648 1704 716 λογι-

140 738 283 807 σμῶν
311 739 416 807 τῆς
447 739 685 808 ἀθέσμου
720 738 911 808 ἡδονῆς
926 737 1181 801 τοξεύσας
1206 739 1303 808 τὴν
1329 737 1555 808 καρδίαν
1578 752 1706 787 κατ-

140 830 343 896 επείγει
387 830 522 900 πρὸς
573 830 634 882 τὸ
664 831 897 900 πονηρὸν
944 830 1122 899 ἔργον,
1155 829 1341 900 ὥσπερ
1394 830 1492 899 τὴν
1535 812 1709 880 Βαϐυ-

140 921 329 972 λωνίαν
382 920 623 973 ἐκκαίων
683 921 927 991 σφοδρῶς
974 921 1225 991 κάμινον.
1256 921 1416 974 Ὅθεν
1460 920 1704 991 λοιπὸνή

142 1010 276 1081 ψυχὴ
309 1011 555 1081 ἐξίτηλος
579 1013 845 1082 γενομένη
870 1012 1145 1076 πολλάκις,
1177 1014 1270 1066 καὶ
1301 1012 1709 1081 ὲξασθενήσασα

144 1108 245 1166 τοῖς
282 1105 461 1165 τόνοις
494 1108 606 1168 τοῖς
654 1108 855 1173 νοεροῖς
887 1104 975 1158 διὰ
1010 1104 1117 1157 τῶν
1153 1102 1571 1174 γαργαλισμῶν,
1616 1100 1711 1154 καὶ

148 1196 565 1267 ὲκνευριζομένη
583 1237 596 1261 ,
620 1197 861 1267 ἀνάγκην
886 1196 997 1267 ἔχει
1016 1196 1239 1267 κράζειν
1268 1198 1335 1249 τὰ
1359 1196 1458 1266 τῆς
1488 1192 1710 1266 Γραφῆς

149 1291 358 1361 ῥήματα
380 1305 395 1319 ο
433 1308 453 1339 ι
490 1288 884 1352 Κυκλώσαντες
912 1288 1226 1343 ὲκύκλωσάν
1253 1305 1339 1357 με,
1371 1287 1464 1339 καὶ
1493 1285 1715 1351 ἐξεκαύ-

148 1380 307 1449 θησαν
326 1380 409 1443 ώς
431 1379 545 1449 πῦρ
561 1381 617 1432 ὲν
641 1380 921 1443 ἀκάνθαις,
937 1399 955 1433 ι
978 1382 1042 1450 τῇ
1067 1379 1309 1449 πυρώσει
1325 1378 1416 1432 τοῦ
1437 1378 1712 1445 σώματος,

148 1469 233 1521 καὶ
265 1472 390 1532 ταῖς
421 1469 699 1539 ἀπρεπέσι
729 1471 997 1540 κινήσεσι,
1031 1470 1313 1540 βάλλοντες
1350 1472 1431 1532 είς
1485 1467 1715 1540 νεφρούς

152 1578 244 1630 μου
271 1562 365 1615 τὸν
410 1562 490 1614 ἱὸν
516 1562 611 1615 τοῦ
650 1562 897 1633 ῥυπαροῦ
928 1561 1125 1629 ὅφεως,
1156 1563 1229 1632 μὴ
1272 1561 1592 1633 φειδόμενοι,
1624 1560 1717 1613 καὶ

1804 482 2027 544 repente
2051 474 2233 526 carnis
2258 470 2506 524 ﬂammas
2537 464 2840 527 succendit,
2867 472 2919 515 et
2948 460 3113 515 veluti
3152 459 3383 513 ahenum

1804 566 2047 619 membra
2086 571 2144 617 ιιι
2174 563 2462 619 ebulliant.
2493 559 2643 618 facit,
2676 557 2968 624 ignitisque
2992 553 3383 622 cogitationum

1807 656 2071 723 improbm
2104 654 2401 723 voluptatis
2434 651 2648 719 sagittis
2670 663 2766 701 cor
2799 646 3078 708 sancians,
3108 644 3160 696 in
3185 641 3388 694 malum

1806 763 1946 816 opus
1991 747 2289 816 compellit,
2324 740 2784 813 quemadmodum
2846 740 3122 791 fornacem
3158 733 3390 803 Babylo-

1807 838 1952 891 niam
1979 836 2289 889 immaniter
2316 832 2632 887 incendens.
2666 830 2801 884 Hinc
2828 827 3176 898 postmodum
3210 827 3393 877 anima

1810 929 2008 996 smpius
2050 940 2409 985 evanescens,
2440 932 2493 976 et
2552 931 2777 991 propter
2805 918 3168 978 titillationes,
3224 912 3396 967 [ιι-ιιιί-

1810 1030 1924 1074 tate
1949 1017 2308 1073 intellectuali
2339 1030 2569 1085 prorsus
2597 1015 2902 1076 laborante,
2930 1018 3212 1071 enervata,
3244 1004 3396 1059 Scri-

1811 1122 1987 1184 ptura:
2019 1111 2182 1165 verba
2214 1111 2303 1163 illa
2340 1110 2655 1163 necessario
2682 1108 2899 1161 intonat
2930 1124 2943 1159 :
2992 1122 3009 1155 ι
3034 1100 3399 1157 Circumdan-

1813 1211 1897 1259 tes
1927 1201 2410 1257 circumdederunt
2438 1214 2545 1265 me,
2574 1208 2627 1254 et
2674 1204 3001 1253 exarserunt
3057 1195 3198 1249 sicut
3259 1190 3400 1260 ignis

1814 1298 1869 1352 in
1908 1296 2080 1366 spinis
2107 1296 2183 1364 l'",
2214 1313 2233 1347 ι
2266 1294 2533 1363 corporis
2590 1290 2846 1346 incendio
2904 1296 2959 1343 et
3019 1284 3400 1341 indecentibus

1814 1390 2050 1444 motibus
2105 1386 2433 1455 ejaculantes
2472 1386 2525 1438 in
2563 1398 2722 1438 renes
2777 1396 2927 1435 meos
2987 1393 3253 1434 venenum
3302 1376 3403 1455 im:

1816 1479 2001 1535 mundi
2036 1477 2329 1547 serpentis,
2359 1475 2494 1529 nihil
2544 1474 2903 1536 remittentes,
2945 1489 2962 1520 ι
3001 1479 3055 1524 et
3106 1466 3273 1521 lumbi
3302 1449 3406 1516 mei

1818 1570 2028 1641 impleti
2053 1578 2183 1626 sunt
2212 1569 2564 1623 illusionihus
2587 1565 2656 1619 ⁸⁰.
2697 1585 2715 1617 ι
2780 1564 2919 1618 Ecce
2984 1563 3128 1616 enim
3163 1561 3245 1613 vis
3282 1557 3409 1611 dra-

155 1670 171 1703 ι
201 1656 262 1706 Al
289 1654 431 1722 ψύαι
470 1672 572 1723 μου
602 1655 949 1724 ἐπλήσθησαν
975 1656 1392 1725 έμπαιγμάτων.
1416 1674 1433 1705 ι
1454 1655 1583 1708 Ἰδοὺ
1610 1654 1718 1726 γὰρ

1838 1666 1976 1720 :onis
2010 1680 2173 1734 super
2201 1663 2443 1717 lumbum
2476 1677 2653 1715 tneum
2679 1668 2901 1729 operata
2933 1667 3037 1713 est.
3078 1674 3096 1706 ι
3135 1654 3298 1709 Miser
3328 1652 3407 1705 fa-

150 1744 356 1813 ἠίτχὺς
386 1744 482 1796 τοῦ
515 1745 807 1815 δράκοντος
845 1746 937 1797 ἐπὶ
960 1746 1056 1815 τῆς
1087 1745 1226 1814 ἐμῆς
1255 1745 1453 1813 ὀσφύος
1484 1745 1719 1817 ἐνήργη-

153 1851 255 1887 σεν.
296 1855 315 1887 ι
339 1836 826 1907 Ἐταλαιπώρησα,
878 1838 973 1890 καὶ
1007 1836 1432 1906 κατεκάμφθηνο
1472 1856 1490 1887 ι
1536 1836 1720 1906 κύκλῳ

150 1927 640 1998 περιῳκοδόμημαι
672 1927 750 1997 τῷ
786 1929 885 1998 τῆς
935 1927 1362 1997 αἱσχροπαθείας
1387 1925 1719 1996 τειχίσματι.

150 2018 252 2071 Καὶ
286 2019 409 2081 πῶς
441 2021 551 2089 ἄρα
585 2019 743 2072 τοῦτο
764 2019 824 2071 τὸ
850 2021 1025 2089 τεῖχος
1055 2018 1356 2090 ὑπερϐῆναι
1382 2018 1717 2088 δυνήσομαι;

156 2129 173 2161 ι
200 2110 411 2178 Παγίδα
452 2112 761 2180 ἡτοίμασαν
794 2112 843 2164 oi
876 2112 1129 2181 δαίμονες
1173 2114 1284 2173 τοῖς
1315 2111 1440 2163 ποσί
1474 2128 1596 2180 μου,
1628 2110 1722 2163 καὶ

150 2200 517 2271 κατέκαμιῖιαν
556 2202 656 2272 τὴν
689 2202 865 2272 ψυχήν
911 2218 1031 2271 μου.
1070 2222 1087 2253 ι
1122 2201 1320 2263 Σκότος
1351 2202 1461 2271 γάρ
1490 2203 1637 2254 ἐστιν
1669 2202 1726 2253 ὲν

149 2290 443 2359 ὀφθαλμοῖς
500 2308 626 2359 μου,
686 2289 796 2358 ἐγὼ
847 2290 904 2345 δὲ
957 2290 1199 2344 ἔσπευσα
1231 2290 1326 2343 τοῦ
1375 2291 1449 2361 μὴ
1482 2289 1720 2360 βλέπειν.

160 2380 418 2449 Ἀϐλεψία
468 2381 526 2433 δὲ
569 2380 783 2453 χαλεπὴ
830 2382 863 2452 ἡ
902 2382 1147 2452 πορνεία,
1195 2382 1291 2433 καὶ
1344 2384 1510 2446 πᾶσα,
1547 2380 1733 2434 συντό-

149 2488 259 2540 μως
294 2473 501 2531 είπεῖν,
531 2472 629 2541 τῆς
689 2472 891 2541 σαρκὸς
921 2472 1260 2543 πληροφορία
1307 2472 1402 2525 καὶ
1454 2472 1733 2543 βούλησις.

161 2561 498 2635 ’Δγρεύομαι
522 2562 579 2615 δὲ
608 2562 795 2633 ῶσπερ
818 2563 955 2617 λέων
984 2566 1062 2627 είς
1091 2566 1328 2634 σφαγὴν,
1356 2564 1452 2618 καὶ
1491 2563 1733 2634 φέρομαι

147 2651 331 2722 ὥσπερ
366 2651 519 2705 κύων
580 2653 659 2718 είς
700 2651 892 2723 δεσμὰ,
948 2655 1042 2707 καὶ
1064 2654 1140 2717 ώς
1174 2654 1358 2725 δρνεον
1396 2654 1475 2717 είς
1503 2653 1727 2723 παγίδα,

150 2746 245 2801 καὶ
289 2746 558 2815 πυρέττω
597 2746 827 2816 πυρετὸν
859 2745 1198 2816 ἀκαθαρσίας
1225 2745 1578 2816 λαϐρότατον.

213 2838 314 2900 Τίς
349 2834 537 2888 τοίνυν
567 2836 939 2904 παρακαλέσει
982 2836 1123 2907 ὑπὲρ
1153 2835 1289 2905 ἐμοῦ
1318 2836 1410 2888 τὸν
1454 2836 1734 2906 Δεσπότην

147 2928 234 2979 τὸν
260 2926 657 2996 φιλάνθρωπον
682 2925 855 2978 ὲλθεῖν
875 2927 955 2988 είς
983 2926 1044 2978 τὸ
1071 2925 1335 2995 βοηθῆσαί
1367 2943 1479 2997 μοι,
1512 2927 1603 2978 καὶ
1636 2925 1736 2995 τῆς

146 3020 333 3090 χειρὸς
382 3018 492 3086 τῆς
538 3018 680 3088 ἐμῆς
753 3018 1088 3087 ἐφάψασθαι.
1141 3017 1330 3089 ὥσπερ
1380 3018 1514 3071 ποτὲ
1564 3017 1740 3088 ἥψατο

1751 1714 1792 1769 Β

1820 1762 2104 1816 ctus'sum,
2119 1765 2172 1811 et
2193 1757 2511 1810 incurvatus
2532 1768 2650 1808 sum
2669 1753 2738 1804 ⁸¹.
2757 1771 2775 1804 ι
2793 1748 3253 1805 Circumvallatus
3288 1759 3408 1799 sum

1821 1844 2178 1915 turpitudinis
2217 1860 2395 1908 muro,
2440 1852 2496 1897 et
2527 1856 2763 1912 quanam
2811 1840 2927 1910 ipse
2955 1839 3166 1893 ratione
3192 1848 3409 1890 murum

1823 1935 2196 2008 pertransibo?
2226 1935 2383 2007 201
2422 1950 2441 1984 ι
2467 1932 2741 2003 Laqueum
2776 1935 3102 2002 paraverunt
3139 1927 3412 1980 daemones

1823 2030 2053 2101 pedibus
2087 2029 2243 2091 meis,
2271 2036 2324 2084 et
2356 2029 2709 2082 incurvarunt
2742 2027 2975 2079 animam
2995 2037 3166 2077 meam
3190 2021 3288 2074 ⁸³.»
3311 2016 3415 2072 Te-

1823 2123 2007 2177 nebra:
2031 2136 2267 2190 namque
2289 2128 2418 2175 sunt
2450 2120 2503 2173 in
2528 2120 2701 2174 oculis
2727 2119 2888 2173 meis:
2908 2118 3022 2185 ipse
3059 2121 3237 2167 autem
3264 2109 3414 2165 festi-

1824 2213 1969 2277 navi,
2002 2220 2061 2267 ut
2088 2228 2196 2266 non
2223 2213 2462 2266 viderem
2484 2210 2552 2264 ⁸³.
2584 2229 2603 2262 ι
2636 2209 2866 2263 Caecitas
2895 2205 3159 2276 siquidem
3188 2210 3293 2264 est,
3324 2215 3416 2255 ea-

1828 2320 1936 2375 que
1956 2312 2113 2357 atrox
2152 2304 2433 2367 scortatio,
2503 2302 2811 2371 omnisque,
2882 2307 2940 2352 ut
2977 2296 3165 2366 paucis
3210 2294 3413 2355 dicam,

1834 2394 2020 2450 carnis
2058 2393 2365 2449 satisfactio
2395 2401 2448 2447 et
2482 2391 2768 2463 appetitus.
2804 2391 2875 2443 At
2914 2388 3100 2455 capior
3156 2393 3418 2451 tanquam

1834 2484 1923 2538 leo
1956 2484 2007 2538 in
2053 2483 2410 2544 occisionem,
2433 2481 2713 2550 ducorque
2740 2486 2799 2532 ut
2821 2478 2974 2532 canis
3003 2476 3070 2529 ad
3100 2474 3342 2532 vincula,
3365 2478 3422 2525 et

1838 2577 1954 2633 avis
1981 2577 2157 2631 instar
2191 2574 2246 2628 in
2276 2576 2556 2642 laqueum,
2618 2572 2989 2640 incendioque
3054 2564 3420 2621 innnunditiei

1844 2682 2006 2737 quam
2039 2666 2277 2721 maxime
2307 2673 2679 2736 tempestuoso
2716 2671 2977 2719 exaestuo.

1912 2845 2047 2911 Quis
2079 2845 2263 2915 itaque
2293 2859 2389 2914 pro
2419 2860 2505 2899 me
2540 2844 2844 2899 beneﬁcum
2879 2843 3291 2909 humanumque
3318 2836 3425 2891 Do-

1842 2935 2050 2989 minum
2076 2935 2483 3005 deprecabitnr,
2518 2946 2576 2988 ut
2608 2935 2661 2987 in
2689 2934 2952 2987 auxilium
2972 2946 3149 2985 meum
3177 2929 3423 2993 accedat,

1844 3044 2175 3099 manumque
2197 3045 2370 3083 meam
2398 3036 2605 3097 tangat,
2628 3024 3107 3097 quemadmodum,
3130 3021 3425 3091 aliquando

146 3113 246 3181 τῆς
290 3112 569 3183 πενθερᾶς
598 3110 691 3165 τοῦ
726 3112 930 3181 Πέτρου
953 3154 967 3176 ,
1019 3112 1105 3167 ἴνα
1143 3111 1354 3182 ἀπέλθῃ
1391 3112 1485 3165 ἀπ’
1523 3110 1657 3182 ἐμοῦ
1711 3112 1734 3162 ό

1844 3118 1990 3174 Petri
2020 3134 2238 3173 socrum
2273 3118 2451 3185 tetigit
2473 3118 2541 3180 ⁸⁸,
2564 3125 2621 3169 ιιι
2653 3117 2872 3171 recedat
2894 3131 2923 3168 a
2946 3130 3030 3168 me
3062 3112 3423 3184 perturbatio,

149 3204 491 3272 πειρασμὸς,
530 3202 619 3255 ἵνα
666 3204 966 3276 καταλείψῃ
1001 3220 1067 3274 με
1100 3204 1129 3255 ὁ
1166 3203 1461 3272 πυρπολῶν
1503 3220 1569 3273 με
1607 3203 1746 3271 ἔρως

151 3296 180 3346 ὁ
212 3295 384 3357 δεινὸς
407 3295 508 3347 καὶ
529 3293 800 3365 βδελυρὸς,
834 3296 929 3346 καὶ
984 3295 1187 3363 ίσχύσω
1207 3293 1382 3357 οὕτως
1402 3293 1745 3365 διεγερθῆναι

154 3386 293 3456 πρὸς
333 3385 716 3456 σωφροσύνην,
750 3386 846 3438 καὶ
888 3385 1153 3439 διακονεῖν
1184 3385 1262 3455 τῷ
1321 3385 1435 3456 ίδίῳ
1466 3385 1656 3456 Κυρίῳ
1688 3386 1745 3437 ὲν

149 3476 550 3548 νηφαλιότητις
604 3475 743 3530 Ἀλλ’
790 3476 879 3532 ἵνα
953 3476 1027 3547 μὴ
1099 3476 1270 3529 πολλὰ
1324 3478 1522 3546 γράφω
1590 3477 1742 3543 νυνὶ,

150 3567 473 3639 παρακαλῶ
530 3583 628 3631 σε,
680 3567 890 3637 ἀγαθῆς
948 3567 1102 3638 ῥίζης
1175 3568 1378 3634 ἀγαθὸν
1432 3568 1746 3639 ὑπάρχοντα

154 3665 488 3737 βλάστημα,
552 3664 817 3733 φυλάττου
884 3667 979 3719 καὶ
1021 3666 1435 3736 προφυλάττου,
1503 3667 1601 3735 ὅση
1656 3664 1748 3718 δύο·

155 3775 366 3826 ναμις,
426 3755 617 3808 τοῦτον
662 3757 753 3809 τὸν
797 3760 1125 3828 μαστρωπὺν
1189 3759 1284 3813 καὶ
1353 3760 1584 3827 πονηρὸν
1634 3758 1748 3811 δαί-

166 3867 328 3919 μονα,
372 3848 639 3901 ἐκκλίνων
688 3850 787 3919 τὴν
844 3850 1132 3919 συντυχίαν
1179 3832 1744 3921 τοῦὶΔιονυσοδώρου,

158 3943 255 3995 καὶ
296 3941 440 4008 μήτε
484 3939 857 4009 συνεορτάξων
906 3941 1073 4012 αὖτῷο
1112 3942 1248 4011 μήτε
1287 3943 1364 4005 εἷς
1411 3942 1747 4013 πανηγύρεις

162 4030 473 4094 συναπιὼν,
512 4033 652 4101 μήτε
695 4032 1012 4095 συνεσθίων,
1061 4034 1201 4102 μήτε
1261 4033 1542 4103 συμπίνων
1574 4032 1743 4103 αὐτῷ,

165 4123 301 4193 μηδὲ
327 4122 709 4191 συνδιατρίψαι
736 4122 930 4193 τούτῳ,
954 4124 1057 4177 κᾶν
1082 4126 1218 4195 πρὸς
1242 4124 1412 4194 βραχὺ
1441 4125 1746 4180 συνοδεύειν

162 4212 515 4282 αἱρούμενος.
552 4211 615 4265 Εἰ
645 4212 701 4265 δέ
739 4230 840 4266 που
880 4215 1090 4284 ἀνάγκη
1127 4217 1335 4284 γένοιτο
1367 4219 1644 4286 συντυχεῖν
1670 4217 1746 4288 τῷ

164 4304 415 4373 τοιούτῳ,
449 4304 524 4374 μὴ
568 4304 731 4373 βλέπε
772 4304 959 4359 τοῦτον
998 4307 1229 4376 τρανῶς,
1263 4306 1351 4360 ἵνα
1400 4310 1474 4378 μὴ
1516 4308 1603 4361 διὰ
1636 4308 1747 4361 τῶν

166 4396 404 4467 θυρίδων
436 4413 549 4460 σου,
574 4396 821 4449 τουτέστι
845 4398 953 4449 τῶν
993 4398 1287 4467 ὀφθαλμῶν
1323 4416 1437 4463 σου,
1465 4399 1538 4462 ῶς
1586 4417 1749 4469 φησιν

1848 3222 1928 3274 ut,
1962 3227 2083 3280 qua:
2108 3226 2192 3264 me
2221 3210 2426 3279 perurit
2460 3220 2611 3261 atrox
2637 3207 2835 3276 cupido
2863 3204 3310 3273 exsecrandaque
3332 3202 3427 3257 de-

1847 3312 2015 3368 serat,
2056 3302 2247 3371 sicque
2276 3302 2418 3370 potis
2451 3300 2571 3353 liam
2597 3340 2612 3366 ,
2658 3299 2976 3365 exciterque
3004 3295 3089 3348 ad
3135 3294 3425 3349 continen—

1847 3396 2001 3459 tiam,
2040 3395 2375 3464 pr0prioque
2402 3390 2630 3445 Domino
2663 3390 2720 3444 in
2753 3388 3111 3463 temperantia
3154 3383 3427 3441 serviam?

1847 3485 1977 3549 Sed,
2020 3501 2087 3540 ne
2115 3485 2301 3539 nmltis
2352 3492 2403 3536 te
2450 3484 2501 3535 in
2538 3480 2829 3553 prtesentia
2879 3479 3131 3542 obruam,
3180 3477 3340 3531 enixe
3374 3482 3428 3530 te

1847 3593 2003 3647 rogo,
2059 3577 2151 3646 qui
2205 3577 2360 3629 bona:
2414 3573 2614 3627 radicis
2658 3572 2857 3625 bonum
2894 3585 3117 3640 germen
3157 3568 3427 3638 erumpis,

1847 3682 1979 3721 cave
2010 3667 2129 3732 tibi,
2169 3680 2232 3719 ac
2263 3673 2460 3718 cautus
2491 3678 2753 3732 praecave,
2787 3672 3051 3730 quantum
3080 3660 3197 3714 ﬁeri
3224 3668 3427 3729 potest,

1848 3775 1879 3813 a
1934 3761 2089 3813 leone
2140 3760 2266 3823 isto,
2321 3757 2681 3826 improhoque
2730 3756 3011 3821 daemone,
3066 3750 3429 3823 Dionysodori

1850 3850 2330 3911 consuetudinem,
2354 3856 2408 3903 et
2432 3847 2758 3901 commercia
2793 3848 2990 3909 vitans,
3025 3860 3131 3899 non
3168 3845 3431 3898 solemni-

1848 3950 1991 3996 tates
2023 3956 2147 3996 cum
2185 3954 2251 3994 eo
2304 3939 2627 4003 celebrans,
2676 3950 2852 4005 neque
2892 3948 2997 3987 una
3040 3947 3166 3988 cum
3206 3946 3271 3985 eo
3311 3930 3431 3984 dies

1848 4036 2017 4090 festos
2047 4041 2103 4087 et.
2131 4032 2287 4087 ludos
2314 4032 2563 4101 publicos
2587 4028 2964 4098 frequentans,
2993 4040 3103 4080 non
3128 4039 3235 4078 una
3268 4023 3430 4078 simul

1848 4128 2039 4188 edens,
2074 4139 2250 4193 neque
2278 4122 2493 4183 bibens,
2535 4135 2713 4189 neque
2760 4131 3131 4181 commorans,
3168 4122 3222 4169 et
3258 4113 3304 4169 si
3339 4128 3436 4183 per

1850 4215 2111 4284 temporis
2166 4212 2509 4265 intervallum
2552 4209 2717 4264 simul
2772 4209 2877 4262 iter
2925 4223 3088 4277 agere
3143 4206 3197 4259 in
3249 4207 3434 4259 animo

1851 4307 2041 4362 fuerit.
2074 4304 2229 4371 Quod
2261 4305 2306 4357 si
2349 4302 2645 4372 aliquando
2677 4309 2894 4370 tempus
2920 4308 2973 4353 et
2998 4298 3303 4353 necessitas
3344 4294 3436 4349 lla-

1849 4402 2005 4469 gitat,
2034 4410 2093 4453 ut
2132 4414 2254 4451 eum
2290 4397 2584 4450 convenias
2610 4433 2625 4456 ,
2670 4410 2739 4448 ne
2780 4401 2927 4448 recta
2965 4407 3092 4446 eum
3144 4391 3432 4449 intuearis,

166 4488 196 4539 ὁ
227 4488 543 4558 προφήτης,
569 4487 742 4557 ἀναϐῇ
769 4488 860 4540 ἐπὶ
887 4488 984 4559 τὴν
1011 4490 1188 4559 ψυχήν
1223 4507 1315 4543 σου
1344 4492 1371 4542 ὁ
1400 4490 1627 4554 θάνατος
1654 4492 1734 4559 τῆι

1860 4510 1927 4548 ne
1958 4507 2053 4562 per
2088 4491 2231 4544 fores
2255 4499 2399 4551 tuas,
2423 4486 2615 4542 oculos
2645 4486 2856 4541 scilicet
2888 4495 3035 4546 tuos,
3067 4490 3127 4536 ut
3168 4480 3434 4551 propheta

167 4580 482 4649 ἁμαρτίας’
522 4579 660 4632 ἀλλὰ
714 4581 863 4637 κάτω
910 4580 1130 4647 θεωρῶν
1184 4583 1264 4645 εἰς
1310 4581 1599 4651 τοῦδαφος,
1636 4582 1754 4652 βλοο

170 4670 328 4740 συρῷ
369 4669 451 4737 τῷ
498 4669 707 4739 ὄμματι
755 4672 848 4725 καί⁸
897 4671 1156 4741 αὐστηρῷ
1202 4671 1279 4741 τῷ
1331 4674 1605 4743 προσώπῳ
1640 4674 1739 4735 τὰς

170 4762 506 4832 ἀποκρίσεις
550 4763 715 4827 δίδου,
751 4764 824 4833 μὴ
882 4763 1312 4835 καταδεχόμενος
1357 4767 1681 4833 συγγελάσαι
1719 4766 1752 4837 ἦ

174 4852 579 4906 συνλούσασθαι
628 4851 819 4923 τούτῳ.
875 4854 997 4925 Χρὴ
1041 4855 1151 4925 γὰρ
1209 4854 1754 4925 προκαταλαμϐάνειν

169 4948 324 5017 ἡμᾶς
366 4944 436 4997 τὰ
468 4945 800 5015 ὀχυρώματα
858 4945 954 4997 καλ¹
994 4945 1062 4998 τὰ
1115 4945 1485 5015 μηχανήματα
1522 4945 1616 4998 τοῦ
1664 4946 1757 5014 ῥυ-

172 5034 355 5105 παροῦ
395 5033 598 5101 ὄφεως,
646 5036 780 5103 πρὶν
809 5036 957 5104 ἡμᾶς
997 5033 1157 5098 αὐτὸς
1212 5033 1603 5104 προκαταλάϐῃ
1639 5036 1757 5097 ταῖς

173 5128 453 5189 ποικίλαις
481 5127 745 5195 σαγήναις
781 5127 875 5179 καὶ
904 5128 1017 5189 τοῖς
1042 5125 1255 5195 βρόχοις
1284 5125 1371 5179 διὰ
1392 5126 1490 5196 τῆς
1514 5126 1751 5192 ἐφέσεως

176 5217 276 5271 τοῦ
312 5216 612 5288 εἰρημένου
645 5216 854 5279 παιδός.
887 5217 1001 5269 Οὐκ
1046 5216 1253 5282 ἀγαθὰς
1301 5215 1410 5286 γὰρ
1451 5216 1638 5285 φήμας
1670 5214 1762 5268 κέ-

174 5326 375 5379 κτηται
400 5310 428 5361 ὁ
452 5307 664 5378 λεχθεὶς
692 5307 1036 5372 νεανίας.καὶ
1071 5307 1188 5360 δέον
1215 5306 1629 5378 ἀποδιδράσκειν
1657 5306 1756 5370 τὰς

176 5402 478 5471 ὑπολήψεις
505 5398 696 5453 αὑτοῦ.
713 5400 930 5469 Ἐπειδὴ
957 5395 1048 5452 οὖν
1070 5398 1194 5469 ῥίζα
1223 5399 1320 5469 τῆς
1336 5399 1477 5452 κατά
1506 5398 1565 5451 τὸ
1595 5397 1751 5467 σῶμα

179 5493 437 5564 πράξεως
466 5491 726 5561 τυγχάνει
752 5493 785 5562 ἡ
816 5491 1143 5563 φιλόσαρκος
1197 5489 1414 5563 γνώμη,
1463 5490 1757 5562 πρόρριζον

252 5641 297 5670 τ’
326 5637 473 5692 Psal.
506 5652 677 5699 cxvn,
703 5636 791 5707 Ηἶ
853 5636 912 5707 _'°
938 5636 1319 5707 Psalaxiuvn,
1349 5638 1403 5692 8.
1479 5635 1523 5668 '”
1563 5634 1697 5691 Ibid.
1729 5633 1784 5687 7.

190 5708 291 5770 Η·
330 5709 498 5765 Marc.
531 5724 571 5774 ι,
606 5707 696 5761 52.
773 5704 817 5739 ⁸⁵
845 5704 957 5767 Jer.
991 5722 1066 5775 is,
1093 5705 1182 5761 2t.

1860 4586 2125 4654 loquitur,
2156 4583 2209 4635 in
2247 4581 2484 4633 animam
2518 4586 2666 4631 tuam
2701 4576 2905 4647 peccati
2938 4589 3086 4628 mors
3112 4571 3434 4638 introeat";

1862 4678 1956 4734 sed
2004 4678 2059 4730 in
2119 4685 2318 4730 terram
2373 4674 2622 4727 obtutum
2677 4670 2889 4725 inferne
2945 4669 3213 4739 dirigens,
3254 4664 3429 4719 torvis

1861 4768 2037 4822 oculis
2065 4782 2129 4819 ac
2173 4763 2398 4819 horrido
2428 4771 2651 4831 aspectu
2702 4774 2967 4830 responsa
3002 4760 3206 4822 redde;
3258 4757 3433 4810 risum

1862 4872 2229 4918 communem,
2259 4863 2313 4908 et
2346 4852 2659 4906 communia
2692 4850 2908 4904 lavacra
2942 4856 3250 4901 contemne.
3284 4844 3435 4914 Opus

1860 4949 2059 5003 etenim
2085 4955 2191 5013 est,
2243 4953 2304 4998 ut
2351 4960 2451 4999 nos
2493 4943 2833 4997 munimenta
2868 4940 3027 5009 202
3058 4932 3121 4993 ac
3150 4937 3436 4992 machinas

1861 5037 2127 5090 immundi
2178 5036 2451 5105 serpentis
2499 5047 2966 5104 praeoccupemus,
3022 5039 3311 5098 antequam
3366 5029 3435 5081 ab

1863 5129 1983 5196 ipso
2007 5127 2214 5181 retibus
2237 5126 2406 5180 variis
2432 5134 2594 5194 atque
2625 5125 2833 5191 laqueis
2861 5122 3081 5192 perjam
3115 5120 3248 5174 dicti
3283 5120 3433 5190 pueri

1863 5219 2195 5274 desiderium
2233 5216 2571 5271 irretiamur.
2624 5217 2958 5270 Adolescens
3004 5212 3273 5282 siquidem
3334 5211 3437 5266 iste

1865 5312 1982 5367 suis
2014 5310 2239 5379 ﬂagitiis
2266 5309 2508 5364 famosus
2531 5316 2615 5362 est
2640 5323 2654 5362 :
2684 5308 2912 5381 ideoque
2934 5305 3437 5375 suSpiciones,qua3

1860 5404 1987 5458 inde
2018 5400 2222 5457 exoriri
2283 5408 2535 5470 possunt,
2583 5414 2776 5453 omnes
2824 5396 3251 5452 intercludendze
3283 5401 3433 5448 sunt.

1860 5493 1996 5549 Cum
2027 5492 2212 5563 itaque
2238 5491 2393 5547 radix
2416 5490 2812 5561 actionis,qua3
2840 5490 2897 5544 in
2925 5504 3155 5559 corpore
3185 5488 3264 5549 lit,
3287 5487 3437 5556 cogi-

1856 5634 1901 5666 “
1935 5630 2081 5689 Psal.
2116 5645 2225 5690 LVI.
2259 5632 2310 5685 7.
2387 5632 2432 5665 ⁸³
2462 5629 2605 5688 Psal.
2634 5646 2824 5697 utrm,
2860 5629 2950 5685 ιιι.
3014 5628 3061 5661 ⁸⁵
3093 5626 3281 5683 Matth.
3315 5639 3433 5691 vm,
