3850 6218
433 220 544 283 283

1923 216 1985 275 S.
2021 214 2183 274 NlLl

3568 183 3686 248 284

429 329 569 381 tatio
601 327 787 381 carnis
817 342 1004 382 amans
1031 327 1285 392 exsistat,
1317 326 1577 384 radicitus
1604 326 1779 398 ipsam
1809 316 1999 386 evelle,

2124 320 2306 388 ῖαύτην
2336 316 2530 380 ἀνελεῖ,
2558 312 2688 384 πρὶν
2724 310 2860 381 πρὸς
2888 306 2977 398 τὸ⁸
3136 295 3508 398 προκύψῃ’καὶ
3542 295 3680 366 βλα-

431 432 729 493 antequam
764 422 913 476 foras
943 432 1211 492 erumpat,
1251 430 1305 477 et
1344 422 1605 493 flagitium
1639 421 1928 492 geminet,
1957 427 2010 472 et

431 513 487 567 in
519 523 771 565 truncum
824 513 1045 565 interim
1087 513 1414 566 ohdurescat
1435 529 1449 570 :
1474 511 1553 566 sic
1579 517 1637 564 ut
1670 524 1891 566 secures
1922 522 2010 560 ac-

433 604 713 659 cersenda:
743 604 873 665 sint,
905 613 958 657 et
998 605 1141 673 ignis
1194 604 1385 658 sedulo
1429 600 1874 671 conquirendus,
1923 598 2010 650 in-

434 711 683 764 gensque
740 694 1006 747 auxilium
1046 694 1448 755 advucandum,
1485 695 1548 747 ad
1583 693 1823 747 lascivia:
1851 690 2010 743 arbo-

434 803 548 841 rem
587 786 1016 855 deperdendum.
1051 787 1223 840 Radix
1251 786 1449 855 quippe
1482 801 1576 855 per
1605 793 1819 853 tempus
1842 783 2011 837 inhae-

434 890 590 938 rens,
654 892 872 929 murum
927 877 1229 943 saepissime
1278 877 1480 930 alfahre
1533 874 1866 942 ﬁrmiterque
1916 886 2013 925 ex-

435 976 707 1021 structum
732 983 1069 1022 marcescere
1097 968 1247 1032 facit,
1276 977 1327 1022 et
1362 982 1553 1023 saxum
1584 965 1839 1035 disrupit.
1866 964 2012 1032 Fuge

436 1060 621 1129 itaque
648 1060 973 1128 perditionis
994 1061 1237 1125 hamum,
1266 1070 1318 1115 et
1341 1060 1623 1129 captiones
1639 1058 1839 1113 diaboli
1864 1070 2007 1118 arce,

436 1150 695 1219 illiuSque
725 1152 951 1221 laqueos
983 1162 1227 1219 contere,
1254 1154 1461 1223 jejunio
1492 1152 1838 1220 temetipsum
1863 1165 2013 1204 com-

435 1241 713 1305 muniens,
751 1254 805 1298 et
835 1244 1087 1297 oratione
1141 1246 1496 1306 continua,et
1522 1241 2009 1312 genuflexionibus,

437 1339 491 1383 et
517 1331 701 1385 labore
734 1346 1020 1402 corporeo,
1053 1344 1104 1398 et
1135 1335 1404 1399 molestia,
1440 1335 1673 1404 aliisque
1700 1335 2011 1386 munimen-

439 1422 510 1474 tis
545 1431 599 1474 et
628 1422 868 1486 auxiliis,
906 1440 1026 1493 quae
1060 1426 1157 1478 tibi
1191 1427 1391 1495 smpius
1434 1440 1723 1494 suggerere
1767 1425 1898 1478 mihi
1947 1424 2011 1477 li-

439 1509 590 1576 buit;
614 1527 858 1582 canequc
876 1515 1038 1567 simul
1068 1531 1190 1568 cum
1224 1516 1383 1569 beato
1416 1515 1614 1569 Davide
1643 1514 1709 1568 ad
1735 1514 2012 1568 Christum

442 1599 776 1656 Salvatorem
799 1607 1258 1669 excelsissimum,
1279 1606 1418 1660 etde
1448 1607 1608 1659 nobis
1637 1605 1839 1675 Optima
1870 1620 2016 1673 quae-

2114 412 2283 480 στήση
2306 409 2366 460 τὸ
2402 405 2589 468 κακὸν,
2609 401 2704 456 καὶ
2721 395 3023 468 στελεχωθῇ
3048 390 3413 489 λοιπόνὶὧστε
3436 390 3687 489 ἀναγκα-

2114 479 2304 569 σθῆναι
2342 495 2527 562 ἀξίνας
2550 488 2877 561 φιλοκαλεῖν,
2901 484 2996 538 καὶ
3029 480 3140 552 πῦρ
3178 479 3683 573 πολυπραγμρνεῖνέ

2113 567 2210 644 καί
2226 588 2426 657 πολλῆς
2454 580 2803 654 προσδεῖσθαι
2834 574 3079 647 βοηθείας
3102 571 3237 643 πρὸς
3266 567 3565 657 ἀφανισμὸν
3581 567 3687 657 τοῦ

2112 678 2323 749 δένδρου
2357 649 2455 744 τῆς
2484 649 2786 737 άσελγείας.
2821 663 2969 728 Ῥίζα
2998 662 3105 732 γὰρ
3137 656 3516 749 παραμείνασα

2113 739 2357 832 νονίκαὶ
2389 739 2566 834 τοῖχον
2603 758 2863 819 πολλάκις
2915 752 3176 807 κάλλιστα
3210 744 3513 817 δομηθέντα
3528 739 3688 843 fed:

2113 830 2343 930 θρωσεν,
2380 830 2719 923 καῖ-πέτραν
2750 847 3053 921 διέρρηξεν.
3096 841 3271 909 Φεῦγε
3300 830 3690 936 τοιγαροῗινςτδ

2112 922 2407 1021 ἄγκιστρον
2435 947 2535 1016 τῆς
2562 922 2784 1014 φθορᾶς,
2813 939 2907 991 καὶ
2938 936 3003 990 τὰ
3032 935 3279 1005 θήρατρα
3310 926 3402 1021 τοῦ
3432 922 3688 1021 διαϐόλου

2112 1016 2500 1116 δραπέτευσον,
2538 1037 2627 1091 καὶ
2665 1036 2764 1096 τὰς
2795 1030 3025 1099 παγίδας
3056 1025 3219 1079 αὑτοῦ
3263 1019 3578 1089 σύντριψον,
3612 1016 3689 1083 τῇ

2113 1112 2335 1203 νηστείᾳ
2373 1129 2596 1183 σεαυτὸν
2624 1122 3028 1195 περιφράττων,
3063 1116 3156 1168 καὶ
3183 1116 3251 1208 τῇ
3288 1112 3467 1179 πυκνῇ
3511 1120 3695 1208 προσ-

2113 1228 2266 1297 ευχῇ,
2297 1224 2391 1278 καὶ
2433 1224 2552 1283 ταῖς
2596 1213 2995 1287 γονυκλισίαις,
3042 1210 3135 1262 καὶ
3174 1207 3325 1297 κόπω
3362 1207 3688 1297 σωματικῳῖ

2114 1285 2464 1384 militum
2504 1285 2800 1368 εὐσεϐείας,
2829 1304 2922 1357 καὶ
2950 1303 3061 1362 τοῖς
3089 1297 3266 1359 ἄλλοις
3305 1285 3693 1384 ἀσφαλίσμασί

2112 1420 2170 1454 τε
2221 1404 2316 1455 καὶ
2347 1379 2674 1470 βοηθήμασι,
2715 1388 2907 1460 οἷσπερ
2946 1386 3235 1446 πλεονάκις
3276 1379 3569 1435 ὑποθέσθαι
3601 1392 3693 1470 σοι

2113 1468 2525 1566 προεθυμήθην,
2580 1489 2673 1543 καὶ
2722 1485 2889 1556 ψάλλε
2940 1482 3055 1552 ἅμα
3105 1478 3183 1549 τῷ
3237 1474 3489 1548 μακαρίῳ
3524 1468 3695 1566 Δαυῒδ

2115 1562 2250 1658 πρὸς
2277 1562 2508 1655 Χριστὸν
2529 1581 2618 1634 τὸν
2636 1578 2965 1648 πανύῲιστον
2994 1571 3224 1641 Σωτῆρα
3271 1568 3365 1620 καὶ
3387 1562 3696 1658 εὐεργέτην

646 1655 715 1656 ,,,
1285 1655 1329 1660 __
1357 1655 1415 1659 __
1448 1655 1605 1659 ___~,_
1642 1655 1839 1675 -r_,,,,_
1876 1655 1981 1673 τῷ

439 1704 548 1756 que
584 1692 835 1744 meritum
870 1711 883 1746 :
928 1711 945 1743 ι
984 1692 1209 1748 Custodi
1257 1710 1340 1747 me
1374 1708 1403 1747 a
1435 1693 1650 1763 laqueo,
1686 1707 1846 1761 quem
1888 1707 2012 1745 con-

2124 1655 2567 1745 ημῶνειῷύλαξόν
2595 1688 2660 1740 με
2674 1668 2779 1723 ἀπὸ
2802 1667 3044 1735 παγίδος,
3060 1660 3124 1737 ἧς
3152 1655 3552 1763 συνεστήσαντο
3572 1670 3694 1723 μοι,

441 1788 762 1835 struxerunt
790 1784 941 1847 mihi,
979 1792 1031 1837 et
1061 1801 1089 1837 a
1124 1786 1398 1839 scandalis
1421 1786 1766 1854 cperantium
1816 1785 2015 1854 iniqui-

443 1878 607 1922 tatem
634 1870 697 1923 ⁸⁸.
736 1891 754 1921 ι
798 1874 1109 1929 Recordare
1138 1892 1356 1944 quoque
1383 1892 1593 1940 eorum,
1628 1876 1695 1930 de
1728 1876 1928 1944 quibus
1960 1877 2015 1929 in

442 1957 736 2030 Evangelia
783 1963 1161 2019 admonemur.
1199 1964 1319 2019 Sint
1345 1967 1513 2019 lumbi
1542 1966 1704 2021 vestri
1740 1965 2016 2035 praecincti

442 2050 826 2116 temperantia,
864 2063 916 2104 et
966 2052 1204 2106 lucerna:
1254 2054 1606 2121 cogitationis
1662 2053 1938 2115 ardentes,
1966 2061 2019 2106 et

440 2152 541 2191 vos
586 2138 799 2193 similes
860 2141 1177 2195 hominibus
1230 2144 1676 2212 exspectantibus
1724 2143 2015 2197 Dominum

444 2240 629 2290 suum,
648 2228 865 2296 quando
884 2230 1062 2282 veniet
1079 2231 1143 2284 de
1156 2232 1314 2295 ccclo,
1336 2240 1388 2285 et
1405 2233 1642 2287 inveniet
1672 2231 2018 2302 vigilantes"

445 2317 535 2384 qui
582 2331 705 2369 eum
740 2319 976 2387 legitime
1003 2320 1211 2385 colunt,
1258 2331 1310 2375 et
1338 2323 1591 2391 diligunt,
1643 2330 1703 2376 ut
1736 2338 1831 2377 eos
1867 2337 2020 2391 aeque

446 2421 511 2459 ac
556 2408 726 2460 solem
778 2409 1163 2477 splendescere
1211 2409 1375 2463 faciat
1416 2412 1468 2463 in
1519 2413 1726 2465 caelesti
1759 2428 1928 2482 regno
1952 2412 2019 2466 ⁸⁸.

445 2496 582 2550 Illud
618 2498 780 2551 etiam
809 2500 1202 2564 animadverte,
1233 2501 1390 2570 203
1424 2502 1632 2555 hostem
1663 2517 1770 2556 non
1809 2511 2021 2555 tantum

448 2588 506 2641 in
534 2597 757 2656 aspectu
791 2593 1045 2652 decoros,
1078 2592 1172 2646 sed
1200 2594 1255 2645 in
1286 2609 1379 2647 eos
1428 2595 1613 2659 etiam,
1649 2595 1762 2649 sive
1799 2595 1875 2648 illi
1911 2611 2025 2649 nta-

449 2680 615 2743 sculi,
642 2679 755 2733 sive
780 2680 997 2736 femina:
1032 2683 1254 2748 fuerint,
1304 2685 1397 2754 qui
1420 2687 1565 2755 turpi
1590 2697 1750 2755 atque
1774 2686 2023 2740 illiberali

452 2768 594 2825 facie
627 2779 777 2835 sunt,
826 2773 1041 2841 aliquos
1070 2775 1368 2841 concitare,
1412 2792 1614 2830 crecum
1650 2778 1835 2831 animo
1870 2778 2025 2847 cupi-

452 2861 638 2917 dinem
690 2880 1008 2933 suggerens.
1042 2865 1175 2919 Nam
1207 2884 1329 2921 cum
1366 2869 1673 2938 versipellis
1725 2883 1789 2923 ac
1839 2870 2025 2925 varius

453 2954 526 3009 sit
562 2954 926 3010 immunditiei
963 2973 1153 3013 amans
1205 2960 1438 3028 daemon,
1485 2962 1685 3031 sacpius
1746 2965 2028 3031 experitur

2119 1768 2212 1821 καὶ
2250 1765 2358 1821 ἀπὸ
2388 1763 2698 1817 σκανδάλων
2727 1760 2833 1813 τῶν
2856 1755 3233 1827 ἐργαζομένων
3261 1750 3358 1820 τὴν
3380 1746 3637 1817 ἀνομίαν.
3668 1761 3695 1795 ιν

2117 1859 2379 1929 Μέμνησο
2421 1856 2601 1910 δὲκαὶ
2654 1854 2762 1907 τῶν
2793 1855 2849 1905 ὲν
2898 1850 2975 1921 τῷ
3010 1845 3324 1914 Εὐαγγελίῳ
3367 1838 3699 1911 παραγγελ-

2123 1949 2305 2020 μάτων
2326 1963 2339 1976 ·
2366 1948 2646 2000 Ἔστωσαν
2673 1946 2725 1997 αἱ
2754 1942 2951 2010 ὀσφύες
2986 1939 3137 2009 ὑμῶν
3166 1933 3602 2006 περιεζωσμέναι
3625 1932 3697 2001 τῇ

2122 2039 2461 2109 σωφροσύνῃ,
2503 2040 2597 2091 καὶ
2646 2038 2694 2089 οί
2735 2036 2915 2105 λύχνοι
2964 2032 3063 2100 τῆς
3100 2027 3331 2089 διανοίας
3384 2024 3697 2093 καιόμενοι,

2119 2132 2212 2184 καὶ
2247 2131 2404 2200 ὑμεῖς
2437 2131 2612 2198 ὅμοιοι
2641 2123 2945 2195 ἀνθρώποις
2978 2119 3423 2191 προσδεχομένοις
3454 2114 3546 2166 τὸν
3574 2112 3699 2164 Κύ-

2126 2239 2235 2291 ριον
2275 2220 2472 2282 αὐτῶν,
2504 2219 2632 2271 πότε
2659 2216 2775 2287 ἥξει
2806 2216 2866 2278 ἐξ
2892 2211 3157 2283 οὐρανῶν,
3180 2211 3274 2261 καὶ
3304 2206 3528 2276 εὑρήσει
3557 2220 3701 2272 γρη-

2125 2313 2421 2383 γοροῦντας
2475 2311 2598 2371 τοὺς
2653 2307 2888 2377 γνησίως
2934 2304 3187 2364 σέϐοντας
3234 2299 3329 2353 καὶ
3364 2294 3702 2364 ἀγαπῶντας

2124 2406 2306 2467 αὑτὸν,
2339 2406 2424 2457 ἵνα
2451 2404 2648 2473 ποιήσῃ
2679 2399 2891 2470 λάμψαι
2922 2396 3115 2457 αὐτοὺς
3144 2394 3219 2454 ὡς
3247 2391 3337 2444 τὸν
3357 2390 3511 2460 ⁴ἣλιον
3539 2389 3598 2438 ὲν
3626 2386 3698 2458 τῇ

2123 2494 2419 2564 ὲπουρανίᾳ
2460 2490 2727 2561 βασιλείᾳ.
2774 2489 3013 2540 Κάκεῖνο
3058 2484 3115 2536 δὲ
3165 2480 3438 2547 γίνωσκε,
3490 2477 3578 2529 ὅτι
3636 2474 3699 2526 ού

2127 2585 2286 2654 μόνον
2322 2586 2402 2645 εἰς
2425 2582 2521 2644 τὰς
2549 2580 2775 2642 εὐειδεῖς
2803 2576 2954 2646 ὄψεις
2984 2570 3235 2643 πειράζει
3282 2568 3433 2629 τινὰς
3474 2564 3698 2635 ἐχθρὸς,

2125 2675 2258 2729 ἀλλὰ
2282 2674 2389 2744 γὰρ
2418 2673 2512 2726 καλ¹
2539 2674 2619 2735 εἰς
2648 2671 2714 2723 τὰ
2746 2669 2961 2736 δυσειδῆ
3002 2664 3095 2719 καὶ
3129 2666 3352 2735 ἄμορφα
3396 2659 3697 2729 πρόσωπα,

2127 2767 2352 2836 θηλειῶν
2383 2782 2441 2817 τε
2478 2764 2573 2817 καὶ
2618 2761 2882 2834 ἀρρένων,
2909 2758 3106 2827 τυφλόν
3138 2771 3259 2808 τινα
3298 2755 3359 2823 τῇ
3388 2752 3539 2821 ψυχῇ
3566 2750 3701 2801 ὑπο-

2128 2857 2334 2911 ϐάλλων
2366 2855 2562 2927 ἔρωτα.
2597 2853 2993 2922 Κακομήχανος
3043 2847 3152 2917 γὰρ
3184 2845 3279 2899 καὶ
3308 2842 3558 2903 ποικίλος
3593 2840 3700 2892 ὑπ-

2129 2951 2310 3022 άρχων
2342 2951 2369 3001 ὀ
2398 2945 2760 3017 φιλορύπαρος
2786 2944 3011 3012 δαίμων,
3041 2936 3321 3007 δοκιμάζει
3347 2933 3611 2994 πολλάκις
3643 2932 3702 3022 έν

460 3044 515 3106 ut
561 3046 660 3099 hac
692 3049 775 3100 vel
823 3048 875 3101 in
917 3049 1006 3102 illa
1040 3050 1208 3104 forma
1248 3068 1343 3121 per
1378 3053 1673 3108 absurdum
1728 3064 1782 3109 et
1813 3062 2020 3124 turpem

2130 3042 2300 3111 τούτῳ
2349 3039 2381 3109 ἢ
2442 3040 2500 3090 ἐν
2551 3037 2742 3105 ἐκείνῳ
2783 3032 2861 3104 τῷ
2912 3031 3039 3084 εἴδει
3086 3024 3409 3097 παγιδεῦσαι
3462 3024 3557 3076 διὰ
3602 3024 3701 3091 τῆς

454 3138 755 3206 appetitum
789 3139 843 3192 in
884 3141 1133 3210 laqueum
1165 3142 1462 3212 conjicere.

526 3226 674 3298 Fuge
697 3228 864 3299 igitur
892 3231 1318 3287 adolescentium
1349 3235 1753 3290 immundorum
1784 3240 2028 3292 omnium

454 3317 621 3371 simul
664 3319 1039 3387 pulchrorum,
1081 3322 1245 3377 simul
1296 3326 1534 3395 turpium
1563 3329 1911 3383 commercia.
1973 3327 2029 3383 Si

454 3424 588 3464 vero
623 3410 920 3478 aliquando
956 3428 1068 3466 rem
1117 3413 1306 3467 dexter
1337 3418 1512 3484 egeris
1536 3454 1550 3477 ,
1588 3417 2030 3489 intellexerisque

455 3502 804 3571 temetipsum
838 3503 907 3557 ab
948 3505 1196 3573 improba
1241 3505 1343 3558 hac
1378 3508 1789 3575 perturbatione
1819 3512 2027 3576 vexari,

454 3601 511 3647 et
545 3592 611 3646 ad
646 3595 843 3648 anima:
884 3596 1193 3664 caliginem,
1236 3607 1288 3651 et
1326 3597 1667 3652 farcttlentum
1706 3609 1905 3653 statum
1935 3600 2029 3655 de-

455 3686 625 3749 ferri,
689 3687 1034 3754 apprehende
1070 3696 1303 3743 mentem
1343 3698 1514 3755 tuam,
1572 3706 1753 3761 regem
1809 3692 2029 3747 Saulem

454 3790 579 3829 esse
614 3791 642 3828 a
677 3790 845 3843 pravo
873 3776 1114 3830 lasciviae
1139 3778 1333 3846 spiritu
1359 3778 1703 3845 suffocatum,
1731 3788 1784 3833 et
1809 3780 2030 3836 Davidis

454 3862 600 3915 libro
652 3863 705 3916 in
759 3863 997 3919 medium
1050 3864 1266 3927 delato,
1329 3881 1425 3920 cor
1484 3874 1639 3921 tuum
1689 3869 2030 3925 datntonibus

455 3953 753 4009 obnoxium
806 3955 1026 4009 incauta
1065 3955 1304 4024 Spiritus
1350 3959 1529 4012 sancti
1558 3960 1762 4024 verbis,
1805 3968 1861 4014 et
1894 3959 2031 4016 bene

456 4043 552 4097 tibi
580 4044 685 4098 erit
716 4059 842 4098 cum
876 4045 1147 4099 cecineris
1174 4045 1240 4099 ad
1289 4047 1574 4101 Dominum
1610 4066 1623 4102 :
1679 4066 1699 4099 ι
1752 4048 2030 4106 Conserva

456 4148 544 4188 me
572 4149 600 4186 a
636 4135 855 4204 laqueo,
885 4152 1046 4205 quem
1082 4147 1508 4192 construxerunt
1532 4140 1690 4204 mihi,
1727 4148 1780 4195 et
1810 4158 1839 4196 a
1871 4158 2031 4197 scan-

458 4224 600 4278 dalis
625 4227 969 4294 operantium
1003 4228 1346 4298 iniquitatem
1374 4231 1449 4297 ⁸⁹;
1491 4250 1510 4282 ι
1536 4243 1589 4286 et
1621 4250 1635 4285 :
1673 4251 1692 4283 ί
1720 4232 1913 4287 Libera
1944 4251 2030 4290 me

457 4330 491 4369 e
528 4330 689 4368 manu
728 4316 1097 4383 inimicorum,
1128 4319 1219 4388 qui
1261 4331 1669 4391 persequuntur
1700 4338 1789 4377 me
1816 4323 1883 4378 ’°.
1911 4342 1932 4376 ι
1964 4325 2029 4377 Et

460 4419 593 4460 tunc
638 4405 851 4460 damon
899 4407 1103 4464 divinis
1151 4410 1365 4476 verbis,
1414 4421 1469 4465 et
1505 4412 1739 4468 maxime
1784 4413 2029 4483 proficuo

459 4500 627 4547 cantu
664 4494 988 4563 perterritus
1022 4511 1087 4550 ac
1136 4501 1404 4555 reveritus
1444 4503 1686 4557 avolabit
1733 4518 1764 4556 a
1820 4513 1896 4558 te.
1948 4504 2029 4558 Tu

2056 4367 2105 4426 D

2134 3130 2337 3183 ἀτόπου
2371 3128 2463 3181 καὶ
2492 3126 2721 3197 αἰσχρᾶς
2758 3120 3009 3195 ὀρέξεως.

2200 3223 2371 3293 Φεῦγε
2417 3222 2593 3274 τοίνυν
2622 3218 2722 3280 τὰς
2752 3212 3196 3284 συναναστροφὰς
3238 3209 3345 3263 τῶν
3372 3206 3702 3276 ἀκαθάρτων

2131 3317 2288 3378 νέων,
2324 3314 2431 3367 τῶν
2465 3330 2525 3365 τε
2562 3312 2871 3381 εὐμόρφων,
2903 3307 3010 3360 τῶν
3037 3323 3096 3358 τε
3127 3303 3408 3372 ἀμόρφων.
3435 3299 3612 3351 Ὅταν
3646 3297 3702 3348 δὲ

2130 3406 2309 3478 καιρῷ
2359 3423 2463 3458 τινι
2496 3402 2847 3472 συναισθήσῃ,
2885 3399 2979 3453 καὶ
3022 3394 3334 3465 καταλάϐῃς
3377 3391 3577 3444 σαυτὸν
3614 3391 3702 3442 ὲν-

2129 3498 2284 3569 οχλού
2295 3515 2450 3568 μενον
2476 3496 2580 3549 ὑπὸ
2606 3493 2698 3547 τοῦ
2730 3492 2934 3562 φαύλου
2961 3489 3186 3551 πάθους,
3214 3487 3307 3539 καὶ
3333 3484 3468 3555 πρὸς
3500 3482 3705 3551 γνόφον

2128 3593 2308 3663 ψυχῆς
2364 3592 2457 3644 καὶ
2490 3588 2685 3656 ἰλυώδη
2714 3584 3048 3641 κατάστασιν
3082 3577 3469 3648 ἐκφερόμενον,
3510 3572 3702 3642 νόμιζε

2128 3685 2221 3738 τὸν
2246 3681 2368 3737 νοῦν
2398 3698 2488 3734 σου
2520 3677 2661 3734 εἶναι
2688 3679 2778 3731 τὸν
2815 3674 3036 3747 βασιλέα
3070 3670 3243 3725 Σαοὺλ
3270 3666 3373 3722 ὑπό
3404 3665 3500 3719 τοῦ

2134 3775 2226 3849 ροῦ
2286 3775 2595 3843 πνεύματος
2642 3770 2741 3839 τῆς
2800 3765 3172 3839 ὲρωτομανίας
3226 3756 3573 3829 πνιγόμενον,
3610 3756 3703 3849 καὶ

2129 3847 2225 3935 τὴν
2253 3865 2431 3937 βίϐλον
2463 3862 2555 3915 τοῦ
2587 3860 2748 3915 Δαυῒδ
2777 3860 2969 3929 φέρων
2987 3859 3066 3919 είς
3092 3854 3274 3925 μέσον,
3300 3850 3577 3947 κατέπᾳδε
3603 3847 3701 3947 τὴν

2130 3955 2355 4027 καρδίαν
2410 3970 2502 4006 σου
2559 3952 2635 4014 ὡς
2681 3944 3135 4018 δαιμονιζομένην
3182 3945 3294 4004 τοῖς
3347 3940 3557 4010 ῥήμασι
3605 3940 3698 3989 τοῦ

2131 4050 2287 4118 ἁγίου
2310 4044 2642 4114 Πνεύματος,
2670 4040 2763 4094 καὶ
2790 4036 2970 4100 καλῶς
2996 4052 3079 4088 σοι
3105 4034 3256 4087 ἐσται
3285 4033 3342 4083 ὲν
3374 4029 3451 4100 τῷ
3459 4027 3706 4118 emtam;

2130 4112 2265 4211 πρὸς
2306 4112 2543 4205 Κύριον·
2583 4151 2601 4183 ι
2632 4128 2868 4191 Φύλαξόν
2909 4142 2975 4196 με
3027 4124 3134 4177 ὰπὸ
3196 4120 3421 4188 παγίδος
3453 4112 3526 4189 ἧς
3572 4133 3699 4211 συν-

2131 4209 2426 4300 εστήσαντό
2459 4243 2567 4296 μοι,
2599 4223 2695 4276 καὶ
2716 4220 2821 4273 ἀπὸ
2849 4217 3158 4272 σκανδάλων
3184 4214 3291 4267 τῶν
3316 4209 3701 4300 ἐργαζομένων

2131 4298 2510 4393 τὴιινὰνομίανο
2551 4335 2570 4368 ι
2605 4314 2732 4378 καὶ,
2772 4332 2791 4363 ι
2824 4308 3013 4364 Ῥὖσαί
3070 4324 3136 4378 με
3184 4307 3248 4358 ὲκ
3282 4304 3462 4393 χειρδς
3492 4298 3701 4393 ὲχθρῷν

2132 4391 2240 4465 τῶν
2265 4406 2708 4465 καταδιωκόντων
2745 4420 2831 4474 με.
2860 4420 2877 4452 ι
2907 4399 3021 4454 Καὶ
3054 4398 3113 4451 τὸ
3146 4396 3243 4467 μὲν
3277 4392 3554 4463 δαιμόνιον
3579 4391 3703 4452 τοὺς

2135 4504 2311 4567 θείους
2334 4502 2523 4569 λόγους
2535 4498 2629 4552 καὶ
2651 4495 2748 4565 τὴν
2772 4490 3127 4565 μεγαλωφελῆ
3154 4486 3417 4557 μελῳδίαν
3444 4482 3702 4554 φοϐηθὲν,

459 4601 592 4641 vero
617 4602 682 4640 ex
715 4586 951 4641 miseriae
971 4588 1093 4643 lacu
1120 4606 1216 4660 per
1248 4592 1488 4648 divinam
1514 4595 1747 4665 gratiam
1773 4597 2020 4651 extrahe-

2130 4597 2224 4651 καὶ
2241 4591 2546 4662 αἱσχυνθὲν,
2572 4587 2943 4656 ἀποπτήσεται
2971 4580 3079 4634 ἀπὸ
3107 4578 3225 4672 σοῦ’
3259 4576 3421 4672 αύτδς
3442 4575 3502 4672 δὲ
3527 4577 3592 4672 ἐκ
3610 4575 3701 4672 τοῦ

460 4678 564 4741 ris,
597 4689 652 4732 et
680 4677 894 4734 videbis
926 4687 1059 4736 tunc
1082 4698 1264 4738 aerem
1311 4686 1651 4741 castimonia:
1685 4687 1950 4755 deditum,
1983 4700 2020 4743 ei

2130 4658 2461 4751 ldxxouvsﬁ;
2492 4673 2867 4745 ταλαιπωρίας
2899 4665 3287 4769 ἀνελκυσθήσῃι
3305 4663 3394 4715 διὰ
3423 4661 3525 4769 τῆὶς
3554 4658 3702 4763 θείας

463 4776 665 4822 statum
690 4784 886 4836 purum
914 4771 984 4825 ab
1013 4775 1161 4827 omni
1196 4777 1608 4844 perturbatione
1629 4786 1684 4833 et
1715 4779 2020 4834 confusioni

2134 4777 2373 4848 χάριτος,
2397 4771 2489 4824 καὶ
2514 4767 2619 4838 ὄψῃ
2646 4768 2769 4819 τότε
2792 4762 2931 4856 ἀέρα
2951 4758 3100 4856 ξένον
3133 4754 3378 4856 ἁγνείας,
3413 4754 3510 4806 καὶ
3536 4754 3701 4856 κατάῖ

464 4861 786 4925 immunem,
814 4870 867 4916 et
898 4865 1250 4920 serenitatem
1270 4867 1657 4931 clarissimam,
1680 4877 1733 4924 et
1750 4871 2020 4924 tcnebros:

2136 4838 2326 4921 στάσιν
2367 4859 2551 4929 ἀπαθῆ
2584 4874 2645 4909 τε
2693 4855 2787 4908 καὶ
2815 4848 3082 4920 καθαρὰν,
3113 4847 3221 4945 καὶ.
3252 4838 3699 4945 ἀσύγχυτοηριρὶ

463 4952 808 5022 obscuraque
857 4966 1015 5011 nocte
1048 4959 1401 5028 exorientem,
1442 4969 1501 5014 ut
1547 4961 1732 5017 dicere
1787 4964 1965 5033 possis
2018 4984 2020 4991 ί

2137 4956 2353 5029 αἰθρίαν
2386 4947 2768 5022 φαιδροτάτην,
2813 4935 3324 5047 ἁναπεταννυμένηιν
3362 4930 3700 5047 ὲῖξ“όμιχλιὶἷ-

473 5060 491 5093 ι
533 5040 656 5097 Ησισ
683 5042 822 5111 dies,
860 5060 1022 5115 quam
1061 5046 1192 5102 fecit
1238 5048 1525 5113 Dominus,
1574 5054 1930 5112 exsultemus,
1984 5068 2020 5107 el

2136 5025 2259 5114 δους
2306 5046 2451 5109 τινὸς
2496 5042 2589 5097 καὶ
2637 5038 2871 5108 ζοφερᾶς
2899 5034 2999 5103 τῆς
3027 5028 3241 5092 νυκτὸς,
3273 5026 3399 5134 ὥστ’
3428 5025 3495 5077 ἂν
3529 5025 3699 5134 εἰπεῖν

466 5134 713 5187 lmtemur
742 5134 795 5188 in
826 5114 889 5191 ea
917 5138 984 5193 “.
1009 5157 1026 5190 ›
1052 5138 1310 5195 Reserate
1327 5142 1459 5195 mihi
1479 5143 1681 5212 itaque,
1710 5144 1885 5213 angeli
1915 5143 2020 5207 Dei,

2137 5158 2229 5197 σε·
2269 5160 2288 5193 ι
2319 5138 2467 5208 Α’ύτη
2495 5137 2528 5206 ὴ
2572 5133 2774 5205 ἡμέρα,
2812 5129 2879 5199 ἢν
2912 5123 3168 5193 εποίησεν
3216 5123 3245 5174 ό
3280 5118 3505 5229 Κύριος·

463 5227 693 5298 iustitia:
722 5237 910 5298 portas
944 5252 957 5288 :
991 5234 1047 5288 in
1081 5234 1204 5289 illas
1229 5235 1511 5306 ingressus
1540 5256 1558 5287 ι
1584 5236 1886 5292 confitebor
1916 5237 2020 5289 tibi.

2132 5204 2579 5303 lacrimaee-xei.
2631 5215 3132 5314 autppavetbpsv~év
3169 5212 3384 5315 56173;:
3432 5204 3695 5313 ’Λνοίξατέ

470 5318 618 5390 quod
668 5321 943 5378 exaudisti
981 5340 1099 5391 me,
1152 5334 1206 5380 et
1254 5324 1434 5381 factus
1486 5341 1546 5382 es
1590 5327 1723 5380 mihi
1784 5327 1836 5380 in
1884 5328 2020 5381 saltt-

2147 5340 2236 5395 μοι
2265 5300 2470 5382 λοιπὸν,
2495 5316 2543 5369 οί
2573 5311 2789 5383 ἄγγελοι
2814 5308 2908 5363 τοῦ
2928 5303 3085 5370 Θεοῦ,
3112 5300 3285 5365 πύλας
3316 5300 3657 5367 δικαιοσύνης
3678 5311 3700 5330 ι

545 5546 591 5577 ⁸⁸
620 5545 766 5599 Psal.
793 5562 914 5614 cn,
956 5548 1008 5602 9.
1087 5547 1129 5578 ⁸⁷
1166 5544 1296 5601 Luc.
1340 5561 1437 5613 xit,
1469 5545 1558 5610 55,
1595 5544 1683 5599 56.
1761 5541 1807 5572 ⁸⁸
1835 5541 2020 5596 Matth.

2124 5557 2170 5606 ιι,
2207 5540 2295 5595 45.
2370 5537 2416 5569 ⁸⁹
2448 5532 2598 5590 Psal.
2629 5544 2751 5597 (ιιι,
2778 5524 2833 5586 9.
2910 5525 2954 5557 ⁹⁰
2983 5521 3125 5580 Psal.
3155 5536 3285 5587 xxx,
3317 5520 3405 5577 16.
3481 5521 3522 5552 "
3549 5517 3684 5573 Psal.

478 5631 649 5683 cxvii,
676 5617 769 5670 ει.
