3850 6218
155 215 267 278 285

1414 225 1949 290 EPISTOLARUM
1986 232 2132 294 LIB.
2170 237 2255 299 II.

3328 248 3434 311 286

149 331 444 387 εἰσελθὼν
466 334 529 387 ὲν
561 333 771 397 αὑταῖς.
810 353 830 386 ι
870 331 1367 407 Ἐξομολογήσομαί
1410 355 1511 400 σοι,
1541 339 1624 391 ὅτι
1659 340 1756 392 ἑπ-

1869 349 1971 398 tem
2023 347 2092 402 ".
2160 347 2323 421 204
2379 349 2707 408 Benedictus
2768 352 2935 420 Deus,
2975 357 3069 425 qui
3105 373 3211 412 non
3237 363 3439 416 amovit

157 423 437 497 ήκουσὰς
504 444 630 497 μου,
667 427 763 479 καὶ
794 426 980 495 ἐγένου
1035 446 1125 497 μοι
1178 429 1259 492 είς
1304 431 1601 500 σωτηρίαν.
1657 432 1763 484 Εὐ-

147 518 405 589 λογητὸς
468 521 500 573 ὁ
544 519 695 583 Θεὸς,
734 519 792 583 ὅς
842 522 941 573 οὐκ
987 521 1262 591 ἀπέστησε
1300 522 1398 593 τὴν
1458 526 1762 594 προσευχήν

150 624 287 679 μου,
322 610 435 662 καὶ
463 611 528 663 τὸ
558 610 704 671 ἔλεος
734 611 900 663 αὐτοῦ
933 614 1027 665 ἀπ’
1060 612 1214 681 ἐμοῦ.
1248 633 1265 664 ι

374 702 561 755 ΡΞΗ’.
591 732 658 742 --
690 702 1040 774 ΠΕΡΓΑΜΙῼ
1078 705 1556 779 ΔΕΚΕΜΠΡΙΜῼ.

221 792 330 863 Μὴ
372 794 600 862 μέμφου
650 795 740 846 τὸν
775 795 910 847 Θεὸν
955 780 1045 848 τὸν
1088 796 1195 851 τῶν
1245 800 1421 868 μελῶν
1458 799 1761 869 σοφώτατον

154 884 432 954 ποιητὴν,
482 885 619 937 ἀλλὰ
650 886 746 955 τὴν
782 885 980 939 σαυτοῦ
1014 888 1475 961 φιλαμαρτήμονα
1512 894 1758 963 γνώμην.

155 976 339 1028 Οὐδὲν
371 976 488 1044 γάρ
520 976 725 1045 φαῦλόν
747 979 894 1030 ἐστιν
931 979 995 1030 ὲκ
1029 979 1244 1033 πάντων
1265 982 1374 1033 τῶν
1406 982 1760 1053 ἀνθρωπίνων

159 1066 380 1135 μελῶν,
413 1068 537 1121 οὐδὲ
583 1068 1052 1137 κατεγνωσμένον.
1096 1071 1205 1123 Καὶ
1247 1072 1354 1144 γὰρ
1392 1075 1420 1126 ὁ
1462 1076 1760 1146 προπάτωρ

156 1160 330 1228 ἡμῶν
374 1159 553 1230 Ἀδὰμ
595 1161 691 1212 σὺν
743 1164 809 1230 τῇ
853 1162 967 1233 Εὕα
1014 1163 1073 1228 ἐξ
1124 1165 1297 1233 ἀρχῆς
1344 1166 1401 1217 ἐν
1447 1167 1761 1236 παραδείσῳ

158 1245 550 1317 ὑπάρχοντες,
586 1249 760 1301 ταῦτα
789 1244 935 1321 εἶχον
974 1252 1042 1305 τά
1078 1254 1213 1323 μέλη
1246 1253 1338 1307 τοῦ
1374 1255 1642 1325 σώματος,
1668 1258 1761 1310 καὶ

156 1338 435 1408 οὗὸαμῶς
487 1340 787 1411 ἀπόϐλητοι
835 1343 922 1396 διὰ
966 1344 1032 1397 τὰ
1081 1346 1217 1416 μέλη
1258 1348 1578 1415 γεγόνασιν,
1626 1349 1761 1403 ἀλλά

155 1428 252 1481 διὰ
283 1430 393 1499 τὴν
447 1430 765 1500 παράϐασιν
809 1434 909 1503 τῆς
954 1434 1047 1487 τοῦ
1091 1436 1225 1489 Θεοῦ
1278 1437 1517 1508 ἐντολῆς.
1555 1440 1760 1493 Οὐκοῦν

160 1521 241 1590 μὴ
274 1521 355 1573 τὰ
386 1522 528 1592 μέλη
560 1522 803 1593 μέμφου,
844 1526 979 1579 ἀλλά
1010 1526 1109 1597 τὴν
1141 1529 1477 1599 προαίρεσιν.

704 1618 846 1669 ΡΞΘ¹
865 1649 937 1658 —
969 1619 1052 1683 Τῷ
1075 1618 1254 1684 αὐτῷ.

1870 436 2175 492 oralionem
2200 455 2397 506 meam,
2432 450 2488 496 et
2516 444 2944 499 misericordiam
2973 462 3128 501 suam
3153 464 3181 500 a
3205 465 3289 504 me
3315 452 3379 507 ”.
3413 471 3433 503 ι

2008 700 2289 756 CLXVIII.
2324 736 2392 746 -—
2417 704 2774 761 PERGAMIO
2823 707 3297 767 DECEMI’RIMO.

1938 790 2016 847 Ne
2044 794 2295 861 queraris
2331 797 2397 850 (le
2428 796 2556 863 Deo,
2591 801 2956 854 membrorum
2993 804 3189 873 opiﬁce
3225 806 3443 873 sapien-

1871 883 2105 950 tissimo,
2135 887 2226 939 sed
2260 887 2325 941 de
2362 896 2451 941 tua
2485 899 2665 943 mente
2690 893 2744 944 in
2781 903 2998 960 peccata
3022 896 3248 963 proclivi
3279 904 3441 964 atque

1869 974 2081 1030 affecta.
2109 976 2327 1031 Nullum
2355 981 2498 1033 enim
2535 998 2597 1035 ex
2622 985 2874 1039 omnibus
2901 986 3141 1041 hominis
3180 988 3440 1041 membris

1868 1081 2118 1135 pravum,
2160 1084 2337 1137 neque
2371 1071 2795 1127 condemnatum
2848 1085 2950 1130 est.
3004 1075 3069 1129 Et
3123 1078 3442 1146 progenitor

1868 1167 2058 1215 noster
2086 1160 2256 1214 Adam
2291 1179 2397 1216 una
2424 1180 2545 1217 cum
2578 1165 2687 1218 Eva
2717 1183 2744 1220 a
2783 1167 3056 1239 principio
3089 1170 3141 1221 in
3186 1170 3440 1239 paradiso

1869 1267 1993 1306 cum
2045 1260 2250 1317 essent,
2305 1254 2419 1308 haec
2470 1258 2718 1325 corporis
2772 1260 3013 1312 membra
3064 1260 3437 1328 possidebant,

1869 1344 2130 1413 nulloque
2156 1344 2316 1399 modo
2341 1346 2712 1401 membrorum
2740 1364 2903 1403 causa
2927 1393 2941 1414 ,
2985 1351 3077 1405 sed
3106 1352 3249 1417 quod
3299 1367 3439 1421 prae-

1869 1440 2086 1502 ceptum
2120 1433 2365 1487 divinum
2400 1437 2731 1505 transgressi
2767 1436 3010 1501 fuerunt,
3065 1439 3254 1507 rejecti
3288 1446 3437 1496 sunt.

1865 1519 1986 1577 Non
2023 1523 2208 1593 itaque
2246 1525 2513 1589 membra,
2558 1526 2651 1580 sed
2682 1528 3002 1582 electionem
3040 1544 3260 1584 accusa.

2372 1615 2601 1672 CLXIX.
2634 1649 2704 1657 —
2743 1618 2947 1671 Eidem.
2982 1668 2992 1681 ,

234 1707 308 1758 ΕΞ
343 1706 439 1760 τὸν
472 1707 638 1760 Δαυῖδ
670 1707 949 1779 διασύρεις
993 1711 1124 1764 δέκα
1170 1714 1439 1783 ἐσχηκότα
1482 1716 1756 1781 γυναῖκας1

1878 1738 1883 1749 .
1938 1702 1995 1756 Ri
2029 1702 2287 1759 Davidem
2326 1705 2379 1758 in
2410 1706 2617 1761 crimen
2642 1723 2826 1771 vocas,
2856 1710 2996 1777 quod
3030 1709 3216 1763 decem
3240 1725 3439 1764 uxores

158 1798 439 1866 γίνωσκε,
491 1800 576 1854 ὅτι
638 1802 701 1853 οὐ
741 1802 828 1855 διὰ
876 1803 1213 1873 φιληδονίαν,
1250 1806 1385 1859 ἀλλὰ
1434 1807 1521 1861 διὰ
1577 1807 1760 1861 παιδο-

162 1890 363 1944 ποιίαν
395 1887 549 1961 εἶχεν
600 1893 789 1956 αὑτάς.
834 1896 944 1948 Καὶ
987 1895 1157 1962 ἔδειξέ
1189 1914 1253 1965 γε
1308 1898 1465 1951 τοῦτο
1519 1900 1655 1969 μετά
1702 1899 1762 1953 τὸ

169 1983 418 2052 μιγῆναι
463 1984 699 2047 ταύταις
726 1985 818 2038 τὸν
854 1988 1191 2057 πατραλοίαν
1232 1989 1612 2060 Ἀϐεσσαλὼμ,
1654 2008 1759 2061 μη-

165 2073 298 2127 κέτι
346 2075 618 2127 εἰσελθεῖν
681 2078 816 2147 πρὸς
878 2079 1046 2142 αὐτάς
1111 2081 1404 2151 ἑλόμενος,
1449 2084 1584 2155 μηδὲ
1628 2084 1763 2154 πρὸς

166 2164 348 2235 ἄλλην
378 2168 526 2221 τινά.
556 2170 650 2230 Είς
682 2168 905 2240 ὕστερον
930 2172 986 2223 δὲ
1016 2176 1470 2246 συγκοιμωμένης
1491 2176 1639 2247 αὑτῷ
1668 2178 1764 2246 τῆς

167 2257 577 2327 Σωμανίτιδος,
618 2261 706 2314 διὰ
745 2264 805 2314 τὸ
840 2262 975 2332 ἄγαν
1029 2265 1368 2336 κατεψῦχθαι
1420 2268 1614 2333 αὑτὸν,
1672 2270 1765 2322 καὶ⁹

167 2347 410 2419 χρῄζειν
470 2350 845 2421 θερμότητος,
910 2354 1141 2418 οὐδόλως
1194 2356 1517 2421 κατεδέξατο
1564 2357 1765 2425 γνῶναι

168 2441 371 2511 αὐτὴν,
406 2444 549 2514 ὅπερ
579 2444 849 2514 μεγίστης
879 2446 1146 2511 ἀπαθείας
1166 2449 1403 2519 ὑπάρχει
1440 2450 1657 2521 δεῖγμα.

507 2622 627 2674 Ρο’.
649 2652 719 2661 -
745 2622 977 2695 ΕΛΕΝῌ
1017 2626 1456 2696 ΙΛιΐΟΥΣΤΡῘᾼ.

236 2708 421 2781 Πιστὴ
451 2712 552 2780 μὲν
578 2712 753 2774 δοκεῖς
780 2713 1066 2784 ὑπάρχειν,
1103 2702 1214 2778 τοῖς
1245 2715 1289 2768 δ’
1315 2717 1571 2785 Ἕλλησιν
1604 2717 1769 2785 ἁμιλ-

166 2800 392 2863 λᾶσθαι.
436 2803 532 2856 καὶ
562 2805 676 2866 τοῖς
698 2804 949 2868 ἀπίστοις
992 2806 1366 2876 ἐξομοιοῦσθαι
1426 2810 1765 2874 σπουδάζεις.

166 2895 234 2947 Εἰ
276 2896 389 2965 γάρ
430 2895 710 2959 πιστεύεις
758 2898 1139 2967 ἀναμφιϐόλως
1200 2900 1493 2955 ἀνάστασιν
1546 2901 1768 2957 ἔσεσθαι

166 2986 396 3040 πάντων
425 2984 537 3037 τῶν
557 2985 893 3055 τεθνηκότων
911 2990 1048 3057 μετά
1070 2990 1167 3061 τὴν
1189 2992 1498 3045 συντέλειαν
1537 2992 1629 3046 τοῦ
1656 3009 1765 3047 παι

1865 1795 1970 1851 sibi
1997 1795 2331 1863 adjunxerit,
2364 1799 2503 1852 scito
2531 1815 2653 1853 eum
2682 1815 2790 1854 non
2824 1801 3147 1870 voluptatis,
3186 1808 3277 1857 sed
3314 1816 3438 1871 pro-

1862 1888 2221 1941 creandorum
2251 1890 2482 1942 ﬁliorum
2507 1906 2691 1945 amore
2712 1908 2809 1947 eas
2838 1892 3080 1947 duxisse.
3116 1893 3439 1962 ludicioque

1864 1981 1915 2034 id
1948 1981 2142 2046 fuerit;
2177 1997 2300 2035 nam
2344 1990 2633 2052 postquam
2666 2001 2790 2037 cum
2824 1985 2934 2039 illis
2964 1984 3234 2053 parricida
3263 1985 3442 2042 Abstk

1865 2073 1953 2127 Ion
1983 2075 2303 2138 consuevit,
2353 2090 2529 2143 neque
2560 2075 2624 2127 ad
2662 2090 2777 2139 eas,
2820 2092 2997 2144 neque
3048 2074 3115 2129 ad
3160 2077 3318 2129 aliam
3349 2075 3437 2128 in-

1865 2164 2035 2219 troire
2068 2165 2265 2217 voluit.
2296 2165 2536 2220 Tandem
2561 2181 2685 2220 eum
2704 2183 2811 2220 una
2834 2184 2955 2221 cum
2979 2184 3065 2230 eo,
3091 2168 3237 2237 quod
3274 2168 3438 2221 nimis

1866 2256 2051 2324 rigens
2099 2256 2469 2324 perfrixisset,
2512 2266 2566 2311 et
2598 2258 2779 2312 calido
2812 2259 3102 2328 indigeret,
3140 2258 3438 2312 Somanitis

1867 2347 2336 2413 obdormisceret,
2390 2365 2620 2419 prorsus
2676 2366 2793 2404 eam
2835 2366 3165 2421 cognoscere
3212 2344 3435 2405 neluit:

1867 2441 2015 2510 quod
2046 2440 2115 2493 ab
2141 2442 2288 2494 omni
2311 2442 2723 2511 perturbatione
2743 2444 3040 2498 immunem
3066 2443 3239 2500 fuisse
3268 2443 3442 2497 maxi-

1868 2546 1955 2587 me
1984 2531 2282 2586 convincit.

2145 2622 2352 2679 CLXX.
2375 2654 2446 2665 ——
2473 2624 2773 2679 ΗΕιΕΝλΕ
2810 2625 3155 2681 ILLUSTRI.

1940 2714 2088 2771 Fidei
2116 2714 2331 2771 nostrae
2377 2718 2591 2771 addicta
2625 2735 2706 2778 es.
2741 2725 2801 2772 ut
2842 2720 3082 2783 videris;
3116 2734 3238 2773 cum
3270 2717 3444 2790 genti-

1869 2808 1972 2863 bus
2006 2818 2186 2863 tameu
2222 2810 2492 2872 decertas,
2518 2812 2849 2880 conarisque
2885 2811 3016 2864 totis
3042 2812 3252 2866 viribus
3282 2810 3444 2880 205

1871 2901 2210 2956 consimilem
2248 2902 2353 2956 illis
2383 2903 2571 2955 ludum
2610 2902 2819 2957 ludere.
2888 2902 3100 2957 Etenim
3129 2905 3173 2957 si
3216 2903 3446 2956 ﬁrmiter

1872 2999 2047 3056 tenes,
2096 2998 2219 3061 post
2258 2993 2546 3060 praesentis
2592 2992 2690 3045 aevi
2734 2993 3209 3062 consumptionem
3246 2992 3444 3047 defnn-
3518 3004 3519 3017 ‘

168 3075 364 3143 ρόντος
402 3073 622 3138 αἰῶνος,
667 3076 718 3128 τί
745 3078 961 3140 πενθεῖς
1010 3080 1103 3132 καὶ
1145 3083 1509 3144 κατακόπτεις
1566 3082 1756 3153 σαυτὴν

1871 3093 2083 3137 ctorum
2130 3083 2377 3136 omnium
2408 3086 2872 3139 resurrectionem
2929 3084 3265 3148 adfuturam,
3313 3084 3442 3154 quid

166 3166 484 3230 ἀπαύστως
514 3167 606 3219 καὶ
639 3168 1106 3240 ἀπαρηγορήτως;
1138 3174 1257 3226 Κᾶν
1290 3174 1397 3244 γὰρ
1440 3176 1764 3245 κεκοίμηται

164 3258 195 3310 ὁ
234 3256 518 3325 βέλτιστος
551 3258 665 3320 υἱός
690 3276 783 3311 σου
817 3260 1139 3331 Νικάρετος,
1172 3267 1462 3333 μονογενής
1484 3282 1563 3318 σοι
1595 3265 1764 3335 ὑπάρ-

164 3367 309 3421 χων,
338 3350 457 3403 ἀλλ’
493 3347 588 3403 οῦν
617 3367 681 3418 γε
720 3351 827 3423 (iam
845 3352 1031 3405 τοῦτον
1059 3355 1115 3405 ὲν
1146 3356 1209 3424 τῇ
1242 3355 1423 3425 ἡμέρᾳ
1467 3355 1647 3427 ἐκείνῃ
1660 3356 1765 3409 ἐύ-

164 3442 553 3513 πρεπέστερον
586 3442 760 3513 ἡλίου,
790 3445 926 3513 μετὰ
978 3445 1134 3515 δόξης
1178 3446 1415 3516 ἀρρήτου
1462 3448 1557 3501 καὶ
1598 3447 1766 3514 ἀγαλ-

163 3534 407 3596 λιάσεως
437 3534 517 3603 τῷ
549 3532 812 3605 βασιλικῷ
843 3536 1247 3606 παριστάμενον
1279 3536 1473 3607 θρόνῳ,
1508 3538 1603 3590 καὶ
1660 3537 1761 3600 τὰς

167 3624 314 3695 ὑπὲρ
355 3624 455 3677 σοῦ
500 3626 711 3688 ἱκεσίας
760 3627 1135 3698 προσφέροντα
1185 3627 1404 3698 Χριστῷ
1453 3628 1531 3699 τῷ
1579 3628 1765 3697 φιλαν-

172 3717 521 3787 θρωποτάτῳ
550 3717 771 3772 Βασιλεῖ
797 3717 905 3769 τῶν
935 3717 1164 3772 αἰώνων.
1188 3718 1297 3771 Καὶ
1326 3719 1446 3771 τότε
1491 3720 1554 3787 δὴ
1602 3737 1764 3772 σεαυ-

171 3810 276 3878 τὴν
310 3808 669 3879 μακαρίσεις,
698 3806 977 3879 θεωροῦσα
1002 3811 1092 3863 τὸν
1134 3812 1197 3864 ὲκ
1250 3811 1349 3881 τῆς
1411 3811 1618 3874 κοιλίας
1667 3828 1763 3863 σου

176 3901 585 3971 γεγεννημένον
607 3901 723 3955 υἱὸν
756 3904 837 3964 είς
879 3901 940 3953 τὸ
994 3902 1315 3971 ἐπουράνιον
1362 3901 1617 3954 παλάτιον
1666 3900 1764 3971 τὴν

170 3995 459 4065 διαγωγὴν
491 3993 702 4063 ἔχοντα,
730 3993 825 4045 καὶ
855 3993 991 4064 πρὸς
1011 3994 1099 4047 τὸν
1131 3994 1262 4046 Θεὸν
1284 3993 1374 4045 τὸν
1410 3993 1586 4046 πάντα
1609 3992 1764 4061 δεδη-

178 4085 564 4156 μιουργηκότα
614 4084 1147 4156 παρρησιαζόμενος,
1200 4083 1460 4155 ρυσθέντα
1510 4085 1607 4153 μὲν
1669 4081 1761 4136 τοῦ

176 4179 389 4248 κόσμου
441 4177 537 4230 καλ⁵
574 4178 674 4247 τῆς
706 4177 1042 4230 πολυπλόκου
1068 4175 1344 4247 ἁμαρτίας
1379 4176 1474 4245 τῆς
1502 4179 1558 4227 ἐν
1589 4175 1763 4246 τούτῳ

176 4269 624 4339 πολιτευομένης,
654 4269 923 4338 ἀχράντου
954 4268 1010 4320 δὲ
1066 4268 1160 4320 καὶ¹
1201 4267 1529 4326 ἁπταίστου,
1571 4267 1763 4336 ἁμερί-

183 4378 319 4429 μνου
352 4377 416 4413 τε
464 4360 560 4414 καὶ
587 4360 864 4429 ἀφθάρτου
892 4360 972 4422 είς
1016 4358 1188 4412 αἰῶνα
1218 4359 1365 4428 ζωῆς
1395 4357 1757 4411 ἀπολαύοντα.
1792 4398 1835 4452 D

177 4453 397 4507 Παῦσαι
434 4452 613 4504 τοίνυν
640 4450 843 4521 ταύτης
866 4449 967 4520 τῆς
998 4450 1205 4520 ψεκτῆς
1241 4449 1621 4519 μικροψυχίας.
1667 4448 1761 4501 καὶ

178 4542 536 4611 τῶνάφάτων
568 4542 802 4615 θρήνων,
855 4543 1030 4613 χαρὰν
1072 4541 1130 4594 δὲ
1181 4540 1455 4610 μακαρίαν
1506 4540 1761 4603 ἀνάλαϐε,

179 4637 280 4691 καὶ
307 4634 554 4706 χρηστάς
588 4634 933 4704 προσδοκίας,
955 4634 1049 4688 καὶ
1080 4632 1290 4702 ἀγαθὰς
1319 4632 1556 4695 ἐλπίδας,
1582 4632 1667 4685 ἴνα
1689 4632 1763 4702 μὴ

182 4728 280 4780 καὶ
314 4727 410 4779 τὸν
444 4725 627 4789 καλῶς
653 4725 956 4779 ἀπελθόντα
986 4726 1101 4779 υἱόν
1144 4742 1237 4778 σου
1269 4723 1346 4793 τῷ
1381 4724 1568 4776 πένθει
1618 4741 1764 4790 παρ-ο

181 4818 438 4890 οργίσῃς,
468 4817 564 4871 καί
594 4816 684 4871 τὸν
713 4817 1149 4887 προσλαϐόμενοι)
1191 4816 1350 4869 αὑτὸν
1394 4815 1760 4885 φιλοστόργως

185 4911 468 4980 Δεσπότην
527 4910 904 4978 ἀγανακτῆσαι
960 4908 1100 4962 κατά
1158 4908 1251 4960 σοῦ
1312 4908 1755 4977 παρασκευάσῃς.

186 5000 515 5071 Μημὸνευε
566 4999 625 5052 δὲ
670 4998 763 5052 τοῦ
814 4999 967 5067 ἁγίου
1036 4999 1356 5052 Ἀποστόλου
1411 4999 1710 5069 γράφοντος
1742 5014 1756 5028 ο

194 5111 213 5144 ‹
246 5092 321 5144 Οὐ
381 5089 521 5143 θέλω
576 5091 720 5161 ὑμᾶς
767 5089 1050 5143 λυπεῖσθαι
1086 5088 1216 5160 περὶ
1254 5089 1362 5141 τῶν
1385 5090 1758 5159 κοιμωμένων,

186 5181 379 5252 ὥσπερ
429 5181 723 5235 λυποῦνται
779 5180 1035 5250 Ἕλληνες
1097 5178 1172 5249 μὴ
1214 5176 1428 5248 ἔχοντες
1480 5178 1693 5233 ἐλπίδα.
1733 5196 1753 5230 ι

192 5293 213 5327 ι
252 5275 497 5327 Πάντοτε
518 5269 610 5327 οῦν
636 5273 877 5344 χαίρετε,
907 5272 1264 5334 ἀδιαλείπτως
1294 5270 1677 5341 προσεύχεσθε,
1706 5273 1765 5325 ἐν

187 5367 352 5420 παντὶ
371 5366 737 5437 εὐχαριστεῖτε
771 5384 784 5397 ·
830 5365 987 5419 τοῦτο
1027 5364 1133 5435 γάρ
1160 5364 1277 5416 ἐστι
1305 5361 1369 5416 τὸ
1407 5362 1619 5433 θέλημα
1668 5362 1764 5416 τοῦ

188 5455 345 5509 Θεοῦ.
386 5474 406 5506 ›

1866 3174 2101 3238 indoles,
2139 3183 2299 3245 teque
2329 3177 2615 3244 metipsam
2658 3176 3032 3230 indesinenter
3073 3186 3127 3231 et
3183 3176 3443 3231 inconso-

1866 3267 2105 3321 labiliter
2134 3266 2426 3320 maceras?
2461 3267 2609 3321 Licet
2637 3267 2782 3321 enim
2818 3267 3062 3335 optimus
3097 3277 3245 3328 tuus,
3281 3273 3444 3335 atque

1865 3360 2101 3427 unigena
2136 3359 2278 3412 ﬁlius
2316 3359 2605 3414 Niearetus
2642 3358 3057 3421 obdormiverit,
3090 3370 3213 3409 eum
3231 3354 3435 3409 nihilo-

1872 3451 2054 3507 minus
2116 3464 2181 3502 eo
2220 3448 2307 3503 die
2353 3449 2466 3502 sole
2502 3450 2621 3517 ipso
2644 3448 3073 3517 praeclariorem.
3107 3461 3231 3501 eum
3266 3444 3441 3514 gloria

1865 3555 1987 3611 qua:
2003 3540 2181 3594 verbis
2199 3539 2429 3607 exprimi
2458 3539 2680 3593 minime
2705 3547 2901 3606 potest,
2925 3548 2978 3591 et
2995 3536 3215 3606 gaudio,
3241 3537 3441 3589 throno

1864 3633 2013 3702 regio
2039 3638 2336 3693 astantem,
2383 3645 2684 3699 precesque
2736 3644 2835 3696 pro
2887 3636 2939 3683 te
2987 3629 3208 3681 Christo
3244 3628 3439 3680 huma-

1864 3724 2097 3777 nissimo
2140 3722 2270 3791 Regi
2314 3722 2640 3776 saeculorum
2694 3718 3061 3774 eiTuudentem
3114 3717 3437 3772 intueberis.

1864 3815 2020 3869 Tunc
2046 3815 2301 3884 equidem
2341 3814 2671 3867 fortunatam
2707 3821 2758 3865 te
2780 3813 2955 3875 dices,
2994 3812 3164 3865 ﬁlium
3193 3826 3223 3865 e
3249 3817 3441 3864 ventre

1863 3916 1958 3962 tuo
1985 3907 2330 3977 progenitum
2364 3905 2733 3975 conspiciens,
2768 3904 2820 3957 in
2850 3905 3061 3957 cmlesti
3098 3918 3442 3957 commoran-

1864 4010 1971 4054 tem
2004 3996 2234 4068 palatio,
2266 4012 2481 4065 unaque
2520 4012 2643 4049 cum
2680 3995 2791 4049 Deo
2823 4010 3007 4049 rerum
3051 3994 3294 4048 omnium
3329 3995 3443 4063 opi-

1864 4090 1964 4143 ﬁce
1998 4086 2341 4141 conﬁdenter
2375 4100 2660 4140 seruientes
2708 4084 3118 4148 conferentem;
3152 4100 3182 4138 e
3213 4085 3436 4149 mundo,

1863 4180 2261 4251 multiplicique
2302 4188 2549 4248 peccato,
2581 4176 2727 4247 quod
2765 4177 2819 4230 in
2850 4191 2915 4230 eo
2953 4184 3058 4241 est,
3096 4176 3350 4237 liberum,
3384 4183 3439 4230 et

1864 4273 2218 4341 incorruptae,
2240 4269 2583 4333 illabefaetae,
2606 4283 2820 4322 necnon
2845 4268 3062 4322 euriset
3087 4268 3440 4336 corruptione

1863 4363 2126 4416 immunis
2164 4377 2261 4431 per
2295 4375 2457 4414 omne
2488 4374 2664 4413 agvum
2713 4359 2837 4413 vita:
2869 4358 3212 4427 participem.
3248 4356 3436 4411 Finem

1863 4454 2051 4524 itaque
2074 4469 2213 4523 pone
2236 4452 2585 4521 vituperabili
2618 4452 2786 4505 animi
2819 4451 3088 4521 angustiae
3115 4457 3169 4504 et
3198 4448 3437 4503 infandis

1860 4546 2148 4616 Iacrymis;
2181 4553 2236 4598 et
2272 4545 2489 4597 beatum
2539 4543 2824 4613 gaudium,
2867 4543 3040 4596 bonas
3068 4542 3440 4610 exspectatior

1862 4654 1980 4702 nes,
2004 4638 2340 4707 probamque
2374 4651 2521 4705 spem
2552 4650 2793 4699 resume,
2828 4650 2896 4689 ne
2940 4634 3106 4686 ﬁlium
3136 4641 3311 4696 tuum,
3345 4631 3437 4700 qui

1863 4729 2209 4784 laudabiliter
2243 4745 2309 4783 ex
2334 4728 2435 4781 hac
2460 4728 2570 4780 vita
2608 4727 2870 4791 excessit,
2903 4725 2957 4778 in
3005 4726 3139 4776 iram
3165 4723 3435 4785 concites,

1862 4831 1916 4875 et
1940 4819 2130 4884 Deum,
2159 4819 2249 4888 qui
2285 4835 2408 4873 eum
2430 4826 2679 4871 amanter
2700 4816 2863 4870 nimis
2891 4815 3124 4883 excepit,
3156 4812 3437 4866 offendens

1864 4911 2012 4965 illius
2042 4913 2175 4966 inte
2208 4911 2344 4964 iram
2379 4908 2608 4976 adigas;
2660 4922 2913 4976 saepeque
2958 4906 3159 4959 dictum
3192 4904 3434 4973 Apostoli

1864 5000 2132 5055 memoria
2182 5000 2363 5055 recole
2396 5017 2409 5052 :
2453 5017 2470 5050 ι
2501 4997 2639 5052 ΝοΙο
2673 5014 2771 5053 vos
2823 4997 3032 5051 tristari
3078 4996 3144 5050 de
3181 4995 3434 5058 mortuis,

1866 5091 2325 5161 quemadmodum
2367 5092 2664 5144 tristantur
2711 5096 2923 5159 gentes,
2953 5104 3076 5157 quze
3123 5102 3273 5157 spem
3323 5102 3435 5141 non

1867 5182 2189 5238 liabent9‘.»
2216 5204 2233 5235 ‹
2267 5184 2542 5239 Continuo
2578 5186 2762 5252 itaque
2789 5182 3039 5253 gaudete,
3067 5180 3437 5233 indesinenter

1867 5284 2043 5338 orate,
2080 5276 2133 5329 in
2159 5277 2414 5333 oumibus
2438 5278 2644 5348 gratias
2670 5277 2811 5347 agite
2844 5291 2859 5329 :
2898 5274 3013 5328 haec
3041 5281 3125 5329 est
3162 5271 3309 5328 enim
3344 5284 3435 5327 vo-

1868 5367 2050 5421 luntas
2080 5363 2171 5421 Dei
2201 5364 2265 5420 ⁰⁵.
2305 5385 2323 5418 ι

258 5632 305 5665 ⁸³
358 5627 505 5687 I‘sal.
536 5645 703 5697 cxvn,
728 5628 817 5685 28.
896 5630 940 5663 ’³
974 5628 1119 5685 Psal.
1162 5645 1284 5697 va,
1324 5629 1412 5685 20.
1490 5632 1530 5663 θ’
1566 5628 1804 5685 lThcss.
1840 5645 1910 5694 iv,
1951 5630 2026 5683 l2.
2108 5632 2148 5661 ⁵⁵
2189 5629 2200 5681 l
2240 5628 2427 5687 Thess.
2463 5647 2513 5696 ν,
2549 5629 2727 5687 16-18.
