  <div class='ocr_page' id='page_1' title='image "/cluster/home/n/w/nwhite01/storage/ocr_20150623/79/nnc1.0038021404/161.png"; bbox 0 0 3850 6218; ppageno 0'>
   <div class='ocr_carea' id='block_1_1' title="bbox 411 250 518 312">
    <p class='ocr_par' dir='ltr' id='par_1_1' title="bbox 411 250 518 312">
     <span class='ocr_line' id='line_1_1' title="bbox 411 250 518 312; baseline -0.019 0"><span class='ocrx_word' id='word_1_1' title='bbox 411 250 518 312; x_wconf 77' lang='lat'><strong>287</strong></span> 
     </span>
    </p>
   </div>
   <div class='ocr_carea' id='block_1_2' title="bbox 489 445 1987 517">
    <p class='ocr_par' dir='ltr' id='par_1_2' title="bbox 489 445 1987 517">
     <span class='ocr_line' id='line_1_2' title="bbox 489 445 1987 517; baseline -0.003 -14"><span class='ocrx_word' id='word_1_2' title='bbox 489 470 507 502; x_wconf 78' lang='grc' dir='ltr'><strong>ι</strong></span> <span class='ocrx_word' id='word_1_3' title='bbox 541 449 770 503; x_wconf 82' lang='lat' dir='ltr'><strong>Mundus</strong></span> <span class='ocrx_word' id='word_1_4' title='bbox 804 448 1120 517; x_wconf 94' lang='lat' dir='ltr'><strong>pertransit,</strong></span> <span class='ocrx_word' id='word_1_5' title='bbox 1141 454 1195 501; x_wconf 89' lang='lat' dir='ltr'><strong>et</strong></span> <span class='ocrx_word' id='word_1_6' title='bbox 1216 446 1551 501; x_wconf 85' lang='lat' dir='ltr'><strong>desiderium</strong></span> <span class='ocrx_word' id='word_1_7' title='bbox 1582 447 1658 509; x_wconf 80' lang='lat'><strong>“,</strong></span> <span class='ocrx_word' id='word_1_8' title='bbox 1690 465 1709 496; x_wconf 83' lang='grc'><strong>›</strong></span> <span class='ocrx_word' id='word_1_9' title='bbox 1745 445 1987 500; x_wconf 78' lang='lat' dir='ltr'><strong>Joannes</strong></span> 
     </span>
    </p>
   </div>
   <div class='ocr_carea' id='block_1_3' title="bbox 414 540 1986 610">
    <p class='ocr_par' dir='ltr' id='par_1_3' title="bbox 414 540 1986 610">
     <span class='ocr_line' id='line_1_3' title="bbox 414 540 1986 610; baseline -0.003 -14"><span class='ocrx_word' id='word_1_10' title='bbox 414 541 620 610; x_wconf 89' lang='lat' dir='ltr'><strong>inquit,</strong></span> <span class='ocrx_word' id='word_1_11' title='bbox 654 540 724 593; x_wconf 94' lang='lat' dir='ltr'><strong>oh</strong></span> <span class='ocrx_word' id='word_1_12' title='bbox 764 540 1093 608; x_wconf 82' lang='lat' dir='ltr'><strong>puritatem,</strong></span> <span class='ocrx_word' id='word_1_13' title='bbox 1146 540 1293 593; x_wconf 85' lang='lat' dir='ltr'><strong>leues</strong></span> <span class='ocrx_word' id='word_1_14' title='bbox 1326 547 1752 608; x_wconf 89' lang='lat' dir='ltr'><strong>mansuetosque</strong></span> <span class='ocrx_word' id='word_1_15' title='bbox 1805 552 1986 592; x_wconf 90' lang='lat' dir='ltr'><strong>mores</strong></span> 
     </span>
    </p>
   </div>
   <div class='ocr_carea' id='block_1_4' title="bbox 409 626 1986 699">
    <p class='ocr_par' dir='ltr' id='par_1_4' title="bbox 409 626 1986 699">
     <span class='ocr_line' id='line_1_4' title="bbox 409 626 1986 699; baseline -0.003 -14"><span class='ocrx_word' id='word_1_16' title='bbox 409 631 539 685; x_wconf 79' lang='lat' dir='ltr'><strong>Jesu</strong></span> <span class='ocrx_word' id='word_1_17' title='bbox 575 630 828 684; x_wconf 88' lang='lat' dir='ltr'><strong>dilectus.</strong></span> <span class='ocrx_word' id='word_1_18' title='bbox 868 626 925 683; x_wconf 90' lang='lat' dir='ltr'><strong>Si</strong></span> <span class='ocrx_word' id='word_1_19' title='bbox 972 629 1136 699; x_wconf 83' lang='lat' dir='ltr'><strong>igitur</strong></span> <span class='ocrx_word' id='word_1_20' title='bbox 1179 629 1513 682; x_wconf 82' lang='lat' dir='ltr'><strong>desiderium</strong></span> <span class='ocrx_word' id='word_1_21' title='bbox 1542 628 1871 698; x_wconf 90' lang='lat' dir='ltr'><strong>pertransit,</strong></span> <span class='ocrx_word' id='word_1_22' title='bbox 1920 628 1986 681; x_wconf 83' lang='lat' dir='ltr'><strong>Ii-</strong></span> 
     </span>
    </p>
   </div>
   <div class='ocr_carea' id='block_1_5' title="bbox 409 720 1987 790">
    <p class='ocr_par' dir='ltr' id='par_1_5' title="bbox 409 720 1987 790">
     <span class='ocr_line' id='line_1_5' title="bbox 409 720 1987 790; baseline 0.001 -16"><span class='ocrx_word' id='word_1_23' title='bbox 409 737 533 775; x_wconf 91' lang='lat' dir='ltr'><strong>nem</strong></span> <span class='ocrx_word' id='word_1_24' title='bbox 564 737 758 786; x_wconf 86' lang='lat' dir='ltr'><strong>nempe</strong></span> <span class='ocrx_word' id='word_1_25' title='bbox 790 720 971 782; x_wconf 80' lang='lat' dir='ltr'><strong>habet,</strong></span> <span class='ocrx_word' id='word_1_26' title='bbox 999 728 1051 774; x_wconf 90' lang='lat' dir='ltr'><strong>et</strong></span> <span class='ocrx_word' id='word_1_27' title='bbox 1095 720 1318 781; x_wconf 90' lang='lat' dir='ltr'><strong>occidit,</strong></span> <span class='ocrx_word' id='word_1_28' title='bbox 1352 736 1589 790; x_wconf 89' lang='lat' dir='ltr'><strong>quanam</strong></span> <span class='ocrx_word' id='word_1_29' title='bbox 1625 722 1741 790; x_wconf 86' lang='lat' dir='ltr'><strong>ipse</strong></span> <span class='ocrx_word' id='word_1_30' title='bbox 1774 723 1987 775; x_wconf 85' lang='lat' dir='ltr'><strong>ratione</strong></span> 
     </span>
    </p>
   </div>
   <div class='ocr_carea' id='block_1_6' title="bbox 410 811 1987 881">
    <p class='ocr_par' dir='ltr' id='par_1_6' title="bbox 410 811 1987 881">
     <span class='ocr_line' id='line_1_6' title="bbox 410 811 1987 881; baseline 0.001 -17"><span class='ocrx_word' id='word_1_31' title='bbox 410 812 629 874; x_wconf 90' lang='lat' dir='ltr'><strong>edoces,</strong></span> <span class='ocrx_word' id='word_1_32' title='bbox 664 820 783 880; x_wconf 87' lang='lat' dir='ltr'><strong>post</strong></span> <span class='ocrx_word' id='word_1_33' title='bbox 810 811 1017 863; x_wconf 86' lang='lat' dir='ltr'><strong>obitum</strong></span> <span class='ocrx_word' id='word_1_34' title='bbox 1062 813 1358 865; x_wconf 88' lang='lat' dir='ltr'><strong>nonnullos</strong></span> <span class='ocrx_word' id='word_1_35' title='bbox 1401 813 1649 865; x_wconf 78' lang='lat' dir='ltr'><strong>homines</strong></span> <span class='ocrx_word' id='word_1_36' title='bbox 1690 812 1987 881; x_wconf 84' lang='lat' dir='ltr'><strong>voluptati-</strong></span> 
     </span>
    </p>
   </div>
   <div class='ocr_carea' id='block_1_7' title="bbox 413 905 1990 973">
    <p class='ocr_par' dir='ltr' id='par_1_7' title="bbox 413 905 1990 973">
     <span class='ocr_line' id='line_1_7' title="bbox 413 905 1990 973; baseline 0.003 -18"><span class='ocrx_word' id='word_1_37' title='bbox 413 906 514 956; x_wconf 83' lang='lat' dir='ltr'><strong>hus</strong></span> <span class='ocrx_word' id='word_1_38' title='bbox 543 905 814 965; x_wconf 64' lang='lat' dir='ltr'><strong>:ldtIIt&#39;lIiS,</strong></span> <span class='ocrx_word' id='word_1_39' title='bbox 867 920 1061 957; x_wconf 87' lang='lat' dir='ltr'><strong>rursus</strong></span> <span class='ocrx_word' id='word_1_40' title='bbox 1095 916 1210 972; x_wconf 83' lang='lat' dir='ltr'><strong>post</strong></span> <span class='ocrx_word' id='word_1_41' title='bbox 1251 915 1483 957; x_wconf 86' lang='lat' dir='ltr'><strong>mortem</strong></span> <span class='ocrx_word' id='word_1_42' title='bbox 1525 905 1713 959; x_wconf 83' lang='lat' dir='ltr'><strong>nmndi</strong></span> <span class='ocrx_word' id='word_1_43' title='bbox 1759 905 1990 973; x_wconf 84' lang='lat' dir='ltr'><strong>hujusce</strong></span> 
     </span>
    </p>
   </div>
   <div class='ocr_carea' id='block_1_8' title="bbox 414 996 1605 1063">
    <p class='ocr_par' dir='ltr' id='par_1_8' title="bbox 414 996 1605 1063">
     <span class='ocr_line' id='line_1_8' title="bbox 414 996 1605 1063; baseline 0 -15"><span class='ocrx_word' id='word_1_44' title='bbox 414 998 639 1049; x_wconf 87' lang='lat' dir='ltr'><strong>minime</strong></span> <span class='ocrx_word' id='word_1_45' title='bbox 672 998 917 1063; x_wconf 84' lang='lat' dir='ltr'><strong>perpetui</strong></span> <span class='ocrx_word' id='word_1_46' title='bbox 945 996 1318 1062; x_wconf 76' lang='lat' dir='ltr'><strong>voluptatibus</strong></span> <span class='ocrx_word' id='word_1_47' title='bbox 1350 996 1605 1048; x_wconf 83' lang='lat' dir='ltr'><strong>inhiare?</strong></span> 
     </span>
    </p>
   </div>
   <div class='ocr_carea' id='block_1_9' title="bbox 606 1083 1803 1140">
    <p class='ocr_par' dir='ltr' id='par_1_9' title="bbox 606 1083 1803 1140">
     <span class='ocr_line' id='line_1_9' title="bbox 606 1083 1803 1140; baseline -0.003 0"><span class='ocrx_word' id='word_1_48' title='bbox 606 1085 865 1140; x_wconf 67' lang='lat' dir='ltr'><strong>CLXXII.</strong></span> <span class='ocrx_word' id='word_1_49' title='bbox 910 1116 964 1125; x_wconf 92' lang='lat'><strong>-</strong></span> <span class='ocrx_word' id='word_1_50' title='bbox 996 1083 1436 1138; x_wconf 72' lang='lat' dir='ltr'><strong>XENOPIIONTI</strong></span> <span class='ocrx_word' id='word_1_51' title='bbox 1487 1083 1803 1139; x_wconf 72' lang='lat' dir='ltr'><strong>lilACONO.</strong></span> 
     </span>
    </p>
   </div>
   <div class='ocr_carea' id='block_1_10' title="bbox 480 1176 1987 1242">
    <p class='ocr_par' dir='ltr' id='par_1_10' title="bbox 480 1176 1987 1242">
     <span class='ocr_line' id='line_1_10' title="bbox 480 1176 1987 1242; baseline -0.001 -11"><span class='ocrx_word' id='word_1_52' title='bbox 480 1177 769 1231; x_wconf 88' lang='lat' dir='ltr'><strong>Paululum</strong></span> <span class='ocrx_word' id='word_1_53' title='bbox 806 1180 1090 1233; x_wconf 78' lang='lat' dir='ltr'><strong>remittens</strong></span> <span class='ocrx_word' id='word_1_54' title='bbox 1128 1180 1393 1241; x_wconf 87' lang='lat' dir='ltr'><strong>animum,</strong></span> <span class='ocrx_word' id='word_1_55' title='bbox 1425 1180 1606 1231; x_wconf 88' lang='lat' dir='ltr'><strong>scelus</strong></span> <span class='ocrx_word' id='word_1_56' title='bbox 1640 1176 1987 1242; x_wconf 81' lang='lat' dir='ltr'><strong>commisisti,</strong></span> 
     </span>
    </p>
   </div>
   <div class='ocr_carea' id='block_1_11' title="bbox 414 1270 1990 1340">
    <p class='ocr_par' dir='ltr' id='par_1_11' title="bbox 414 1270 1990 1340">
     <span class='ocr_line' id='line_1_11' title="bbox 414 1270 1990 1340; baseline 0.001 -17"><span class='ocrx_word' id='word_1_57' title='bbox 414 1273 834 1325; x_wconf 72' lang='lat' dir='ltr'><strong>etcoutinentia:</strong></span> <span class='ocrx_word' id='word_1_58' title='bbox 856 1272 1089 1340; x_wconf 78' lang='lat' dir='ltr'><strong>gloriam</strong></span> <span class='ocrx_word' id='word_1_59' title='bbox 1115 1271 1426 1324; x_wconf 83' lang='lat' dir='ltr'><strong>obscurasti</strong></span> <span class='ocrx_word' id='word_1_60' title='bbox 1451 1289 1465 1335; x_wconf 91' lang='lat'><strong>;</strong></span> <span class='ocrx_word' id='word_1_61' title='bbox 1498 1271 1592 1323; x_wconf 89' lang='lat' dir='ltr'><strong>sed</strong></span> <span class='ocrx_word' id='word_1_62' title='bbox 1618 1270 1799 1324; x_wconf 89' lang='lat' dir='ltr'><strong>subito</strong></span> <span class='ocrx_word' id='word_1_63' title='bbox 1822 1286 1990 1324; x_wconf 80' lang='lat' dir='ltr'><strong>sanus</strong></span> 
     </span>
    </p>
   </div>
   <div class='ocr_carea' id='block_1_12' title="bbox 416 1357 1988 1427">
    <p class='ocr_par' dir='ltr' id='par_1_12' title="bbox 416 1357 1988 1427">
     <span class='ocr_line' id='line_1_12' title="bbox 416 1357 1988 1427; baseline 0 -16"><span class='ocrx_word' id='word_1_64' title='bbox 416 1359 617 1421; x_wconf 80' lang='lat' dir='ltr'><strong>factus,</strong></span> <span class='ocrx_word' id='word_1_65' title='bbox 654 1368 728 1417; x_wconf 81' lang='lat' dir='ltr'><strong>et.</strong></span> <span class='ocrx_word' id='word_1_66' title='bbox 774 1359 851 1410; x_wconf 86' lang='lat' dir='ltr'><strong>uti</strong></span> <span class='ocrx_word' id='word_1_67' title='bbox 890 1375 988 1427; x_wconf 91' lang='lat' dir='ltr'><strong>par</strong></span> <span class='ocrx_word' id='word_1_68' title='bbox 1034 1367 1181 1419; x_wconf 88' lang='lat' dir='ltr'><strong>erat,</strong></span> <span class='ocrx_word' id='word_1_69' title='bbox 1237 1360 1566 1411; x_wconf 82' lang='lat' dir='ltr'><strong>sententiam</strong></span> <span class='ocrx_word' id='word_1_70' title='bbox 1631 1368 1884 1422; x_wconf 71' lang='lat' dir='ltr'><strong>ululans,</strong></span> <span class='ocrx_word' id='word_1_71' title='bbox 1923 1357 1988 1411; x_wconf 90' lang='lat' dir='ltr'><strong>ad</strong></span> 
     </span>
    </p>
   </div>
   <div class='ocr_carea' id='block_1_13' title="bbox 416 1450 1992 1520">
    <p class='ocr_par' dir='ltr' id='par_1_13' title="bbox 416 1450 1992 1520">
     <span class='ocr_line' id='line_1_13' title="bbox 416 1450 1992 1520; baseline 0.001 -19"><span class='ocrx_word' id='word_1_72' title='bbox 416 1451 711 1519; x_wconf 85' lang='lat' dir='ltr'><strong>pristinum</strong></span> <span class='ocrx_word' id='word_1_73' title='bbox 760 1460 963 1504; x_wconf 89' lang='lat' dir='ltr'><strong>statum</strong></span> <span class='ocrx_word' id='word_1_74' title='bbox 1000 1451 1191 1520; x_wconf 89' lang='lat' dir='ltr'><strong>pedem</strong></span> <span class='ocrx_word' id='word_1_75' title='bbox 1230 1451 1435 1504; x_wconf 79' lang='lat' dir='ltr'><strong>referre.</strong></span> <span class='ocrx_word' id='word_1_76' title='bbox 1481 1450 1817 1503; x_wconf 83' lang='lat' dir='ltr'><strong>conveniens</strong></span> <span class='ocrx_word' id='word_1_77' title='bbox 1868 1465 1992 1503; x_wconf 89' lang='lat' dir='ltr'><strong>esse</strong></span> 
     </span>
    </p>
   </div>
   <div class='ocr_carea' id='block_1_14' title="bbox 416 1540 1993 1609">
    <p class='ocr_par' dir='ltr' id='par_1_14' title="bbox 416 1540 1993 1609">
     <span class='ocr_line' id='line_1_14' title="bbox 416 1540 1993 1609; baseline 0.001 -17"><span class='ocrx_word' id='word_1_78' title='bbox 416 1540 764 1604; x_wconf 71' lang='lat' dir='ltr'><strong>existimasti,</strong></span> <span class='ocrx_word' id='word_1_79' title='bbox 799 1541 1073 1607; x_wconf 70' lang='lat' dir='ltr'><strong>pestiferae</strong></span> <span class='ocrx_word' id='word_1_80' title='bbox 1106 1540 1479 1609; x_wconf 88' lang='lat' dir='ltr'><strong>desperationi</strong></span> <span class='ocrx_word' id='word_1_81' title='bbox 1525 1540 1624 1593; x_wconf 87' lang='lat' dir='ltr'><strong>tibi</strong></span> <span class='ocrx_word' id='word_1_82' title='bbox 1669 1554 1696 1591; x_wconf 92' lang='lat' dir='ltr'><strong>a</strong></span> <span class='ocrx_word' id='word_1_83' title='bbox 1746 1541 1993 1594; x_wconf 64' lang='lat' dir='ltr'><strong>dremone</strong></span> 
     </span>
    </p>
   </div>
   <div class='ocr_carea' id='block_1_15' title="bbox 418 1632 1989 1703">
    <p class='ocr_par' dir='ltr' id='par_1_15' title="bbox 418 1632 1989 1703">
     <span class='ocr_line' id='line_1_15' title="bbox 418 1632 1989 1703; baseline 0.001 -18"><span class='ocrx_word' id='word_1_84' title='bbox 418 1642 691 1702; x_wconf 72' lang='lat' dir='ltr'><strong>suggesta:</strong></span> <span class='ocrx_word' id='word_1_85' title='bbox 727 1632 935 1687; x_wconf 89' lang='lat' dir='ltr'><strong>aditum</strong></span> <span class='ocrx_word' id='word_1_86' title='bbox 988 1634 1307 1690; x_wconf 88' lang='lat' dir='ltr'><strong>occludens.</strong></span> <span class='ocrx_word' id='word_1_87' title='bbox 1363 1634 1483 1703; x_wconf 90' lang='lat' dir='ltr'><strong>Ipse</strong></span> <span class='ocrx_word' id='word_1_88' title='bbox 1534 1633 1803 1703; x_wconf 81' lang='lat' dir='ltr'><strong>siquidem</strong></span> <span class='ocrx_word' id='word_1_89' title='bbox 1838 1645 1890 1688; x_wconf 92' lang='lat' dir='ltr'><strong>et</strong></span> <span class='ocrx_word' id='word_1_90' title='bbox 1925 1634 1989 1687; x_wconf 84' lang='lat' dir='ltr'><strong>ad</strong></span> 
     </span>
    </p>
   </div>
   <div class='ocr_carea' id='block_1_16' title="bbox 419 1725 1987 1793">
    <p class='ocr_par' dir='ltr' id='par_1_16' title="bbox 419 1725 1987 1793">
     <span class='ocr_line' id='line_1_16' title="bbox 419 1725 1987 1793; baseline 0.003 -18"><span class='ocrx_word' id='word_1_91' title='bbox 419 1725 756 1789; x_wconf 84' lang='lat' dir='ltr'><strong>peccandum</strong></span> <span class='ocrx_word' id='word_1_92' title='bbox 810 1725 1113 1793; x_wconf 88' lang='lat' dir='ltr'><strong>compellit,</strong></span> <span class='ocrx_word' id='word_1_93' title='bbox 1156 1736 1212 1779; x_wconf 90' lang='lat' dir='ltr'><strong>et</strong></span> <span class='ocrx_word' id='word_1_94' title='bbox 1273 1733 1396 1793; x_wconf 91' lang='lat' dir='ltr'><strong>post</strong></span> <span class='ocrx_word' id='word_1_95' title='bbox 1448 1733 1722 1793; x_wconf 86' lang='lat' dir='ltr'><strong>patratum</strong></span> <span class='ocrx_word' id='word_1_96' title='bbox 1784 1726 1987 1790; x_wconf 90' lang='lat' dir='ltr'><strong>scelus,</strong></span> 
     </span>
    </p>
   </div>
   <div class='ocr_carea' id='block_1_17' title="bbox 416 1812 1988 1884">
    <p class='ocr_par' dir='ltr' id='par_1_17' title="bbox 416 1812 1988 1884">
     <span class='ocr_line' id='line_1_17' title="bbox 416 1812 1988 1884; baseline 0.001 -19"><span class='ocrx_word' id='word_1_97' title='bbox 416 1827 562 1875; x_wconf 88' lang='lat' dir='ltr'><strong>eum,</strong></span> <span class='ocrx_word' id='word_1_98' title='bbox 588 1814 679 1881; x_wconf 90' lang='lat' dir='ltr'><strong>qui</strong></span> <span class='ocrx_word' id='word_1_99' title='bbox 710 1812 922 1867; x_wconf 80' lang='lat' dir='ltr'><strong>facinus</strong></span> <span class='ocrx_word' id='word_1_100' title='bbox 955 1813 1201 1879; x_wconf 85' lang='lat' dir='ltr'><strong>admisit,</strong></span> <span class='ocrx_word' id='word_1_101' title='bbox 1234 1815 1287 1867; x_wconf 93' lang='lat' dir='ltr'><strong>in</strong></span> <span class='ocrx_word' id='word_1_102' title='bbox 1318 1813 1761 1884; x_wconf 87' lang='lat' dir='ltr'><strong>desperationem</strong></span> <span class='ocrx_word' id='word_1_103' title='bbox 1794 1815 1988 1883; x_wconf 68' lang='lat' dir='ltr'><strong>praeci-</strong></span> 
     </span>
    </p>
   </div>
   <div class='ocr_carea' id='block_1_18' title="bbox 417 1904 1987 1977">
    <p class='ocr_par' dir='ltr' id='par_1_18' title="bbox 417 1904 1987 1977">
     <span class='ocr_line' id='line_1_18' title="bbox 417 1904 1987 1977; baseline 0.002 -20"><span class='ocrx_word' id='word_1_104' title='bbox 417 1905 573 1972; x_wconf 86' lang='lat' dir='ltr'><strong>pitat.</strong></span> <span class='ocrx_word' id='word_1_105' title='bbox 602 1904 838 1960; x_wconf 85' lang='lat' dir='ltr'><strong>Peccare</strong></span> <span class='ocrx_word' id='word_1_106' title='bbox 866 1906 1032 1975; x_wconf 81' lang='lat' dir='ltr'><strong>igitur</strong></span> <span class='ocrx_word' id='word_1_107' title='bbox 1067 1907 1368 1962; x_wconf 90' lang='lat' dir='ltr'><strong>humanum</strong></span> <span class='ocrx_word' id='word_1_108' title='bbox 1400 1917 1522 1971; x_wconf 85' lang='lat' dir='ltr'><strong>est;</strong></span> <span class='ocrx_word' id='word_1_109' title='bbox 1554 1908 1866 1977; x_wconf 84' lang='lat' dir='ltr'><strong>desperatio</strong></span> <span class='ocrx_word' id='word_1_110' title='bbox 1896 1925 1987 1963; x_wconf 83' lang='lat' dir='ltr'><strong>sa-</strong></span> 
     </span>
    </p>
   </div>
   <div class='ocr_carea' id='block_1_19' title="bbox 417 1993 1992 2066">
    <p class='ocr_par' dir='ltr' id='par_1_19' title="bbox 417 1993 1992 2066">
     <span class='ocr_line' id='line_1_19' title="bbox 417 1993 1992 2066; baseline 0.004 -21"><span class='ocrx_word' id='word_1_111' title='bbox 417 1993 661 2047; x_wconf 85' lang='lat' dir='ltr'><strong>tanicum</strong></span> <span class='ocrx_word' id='word_1_112' title='bbox 712 2002 766 2049; x_wconf 90' lang='lat' dir='ltr'><strong>et</strong></span> <span class='ocrx_word' id='word_1_113' title='bbox 810 1996 1127 2049; x_wconf 86' lang='lat' dir='ltr'><strong>exitiosum.</strong></span> <span class='ocrx_word' id='word_1_114' title='bbox 1174 1995 1311 2050; x_wconf 87' lang='lat' dir='ltr'><strong>Hinc</strong></span> <span class='ocrx_word' id='word_1_115' title='bbox 1362 2007 1417 2052; x_wconf 90' lang='lat' dir='ltr'><strong>et</strong></span> <span class='ocrx_word' id='word_1_116' title='bbox 1466 1998 1721 2052; x_wconf 83' lang='lat' dir='ltr'><strong>diabolus</strong></span> <span class='ocrx_word' id='word_1_117' title='bbox 1754 1999 1868 2066; x_wconf 87' lang='lat' dir='ltr'><strong>ipse</strong></span> <span class='ocrx_word' id='word_1_118' title='bbox 1920 1998 1992 2052; x_wconf 93' lang='lat' dir='ltr'><strong>0b</strong></span> 
     </span>
    </p>
   </div>
   <div class='ocr_carea' id='block_1_20' title="bbox 420 2087 1991 2153">
    <p class='ocr_par' dir='ltr' id='par_1_20' title="bbox 420 2087 1991 2153">
     <span class='ocr_line' id='line_1_20' title="bbox 420 2087 1991 2153; baseline 0.003 -17"><span class='ocrx_word' id='word_1_119' title='bbox 420 2087 855 2153; x_wconf 87' lang='lat' dir='ltr'><strong>desperationem</strong></span> <span class='ocrx_word' id='word_1_120' title='bbox 884 2088 937 2142; x_wconf 92' lang='lat' dir='ltr'><strong>in</strong></span> <span class='ocrx_word' id='word_1_121' title='bbox 970 2090 1256 2143; x_wconf 89' lang='lat' dir='ltr'><strong>consimile</strong></span> <span class='ocrx_word' id='word_1_122' title='bbox 1287 2091 1514 2143; x_wconf 89' lang='lat' dir='ltr'><strong>exitium</strong></span> <span class='ocrx_word' id='word_1_123' title='bbox 1548 2099 1706 2144; x_wconf 89' lang='lat' dir='ltr'><strong>actus</strong></span> <span class='ocrx_word' id='word_1_124' title='bbox 1730 2099 1836 2153; x_wconf 88' lang='lat' dir='ltr'><strong>est,</strong></span> <span class='ocrx_word' id='word_1_125' title='bbox 1869 2104 1991 2143; x_wconf 93' lang='lat' dir='ltr'><strong>cum</strong></span> 
     </span>
    </p>
   </div>
   <div class='ocr_carea' id='block_1_21' title="bbox 424 2175 1994 2247">
    <p class='ocr_par' dir='ltr' id='par_1_21' title="bbox 424 2175 1994 2247">
     <span class='ocr_line' id='line_1_21' title="bbox 424 2175 1994 2247; baseline 0.005 -22"><span class='ocrx_word' id='word_1_126' title='bbox 424 2175 799 2241; x_wconf 66' lang='lat' dir='ltr'><strong>pmnitentiam</strong></span> <span class='ocrx_word' id='word_1_127' title='bbox 836 2177 1188 2247; x_wconf 80' lang='lat' dir='ltr'><strong>neglexisset.</strong></span> <span class='ocrx_word' id='word_1_128' title='bbox 1224 2178 1617 2234; x_wconf 82' lang='lat' dir='ltr'><strong>Verumtamen</strong></span> <span class='ocrx_word' id='word_1_129' title='bbox 1642 2181 1725 2233; x_wconf 91' lang='lat' dir='ltr'><strong>vir</strong></span> <span class='ocrx_word' id='word_1_130' title='bbox 1760 2189 1902 2243; x_wconf 89' lang='lat' dir='ltr'><strong>esto,</strong></span> <span class='ocrx_word' id='word_1_131' title='bbox 1940 2188 1994 2235; x_wconf 91' lang='lat' dir='ltr'><strong>et</strong></span> 
     </span>
    </p>
   </div>
   <div class='ocr_carea' id='block_1_22' title="bbox 424 2265 1992 2338">
    <p class='ocr_par' dir='ltr' id='par_1_22' title="bbox 424 2265 1992 2338">
     <span class='ocr_line' id='line_1_22' title="bbox 424 2265 1992 2338; baseline 0.006 -23"><span class='ocrx_word' id='word_1_132' title='bbox 424 2265 722 2319; x_wconf 89' lang='lat' dir='ltr'><strong>corrobora</strong></span> <span class='ocrx_word' id='word_1_133' title='bbox 743 2274 818 2328; x_wconf 90' lang='lat' dir='ltr'><strong>te,</strong></span> <span class='ocrx_word' id='word_1_134' title='bbox 841 2277 894 2321; x_wconf 89' lang='lat' dir='ltr'><strong>et</strong></span> <span class='ocrx_word' id='word_1_135' title='bbox 925 2285 1021 2323; x_wconf 89' lang='lat' dir='ltr'><strong>cor</strong></span> <span class='ocrx_word' id='word_1_136' title='bbox 1049 2278 1205 2324; x_wconf 91' lang='lat' dir='ltr'><strong>tuum</strong></span> <span class='ocrx_word' id='word_1_137' title='bbox 1240 2272 1450 2325; x_wconf 92' lang='lat' dir='ltr'><strong>meliori</strong></span> <span class='ocrx_word' id='word_1_138' title='bbox 1490 2288 1585 2338; x_wconf 88' lang='lat' dir='ltr'><strong>spe</strong></span> <span class='ocrx_word' id='word_1_139' title='bbox 1612 2272 1992 2325; x_wconf 77' lang='lat' dir='ltr'><strong>confirmatum</strong></span> 
     </span>
    </p>
   </div>
   <div class='ocr_carea' id='block_1_23' title="bbox 424 2356 1997 2430">
    <p class='ocr_par' dir='ltr' id='par_1_23' title="bbox 424 2356 1997 2430">
     <span class='ocr_line' id='line_1_23' title="bbox 424 2356 1997 2430; baseline 0.005 -21"><span class='ocrx_word' id='word_1_140' title='bbox 424 2356 752 2411; x_wconf 86' lang='lat' dir='ltr'><strong>stabiliatur.</strong></span> <span class='ocrx_word' id='word_1_141' title='bbox 802 2357 1048 2430; x_wconf 69' lang='lat' dir='ltr'><strong>Namque</strong></span> <span class='ocrx_word' id='word_1_142' title='bbox 1089 2377 1185 2430; x_wconf 90' lang='lat' dir='ltr'><strong>spe</strong></span> <span class='ocrx_word' id='word_1_143' title='bbox 1227 2377 1335 2416; x_wconf 86' lang='lat' dir='ltr'><strong>non</strong></span> <span class='ocrx_word' id='word_1_144' title='bbox 1370 2363 1507 2415; x_wconf 86' lang='lat' dir='ltr'><strong>mala</strong></span> <span class='ocrx_word' id='word_1_145' title='bbox 1544 2364 1894 2424; x_wconf 83' lang='lat' dir='ltr'><strong>conﬁdimus,</strong></span> <span class='ocrx_word' id='word_1_146' title='bbox 1946 2374 1997 2417; x_wconf 90' lang='lat' dir='ltr'><strong>te</strong></span> 
     </span>
    </p>
   </div>
   <div class='ocr_carea' id='block_1_24' title="bbox 423 2447 1998 2520">
    <p class='ocr_par' dir='ltr' id='par_1_24' title="bbox 423 2447 1998 2520">
     <span class='ocr_line' id='line_1_24' title="bbox 423 2447 1998 2520; baseline 0.006 -25"><span class='ocrx_word' id='word_1_147' title='bbox 423 2460 571 2499; x_wconf 88' lang='lat' dir='ltr'><strong>nunc</strong></span> <span class='ocrx_word' id='word_1_148' title='bbox 612 2447 847 2515; x_wconf 87' lang='lat' dir='ltr'><strong>majores</strong></span> <span class='ocrx_word' id='word_1_149' title='bbox 892 2449 1109 2505; x_wconf 88' lang='lat' dir='ltr'><strong>labores</strong></span> <span class='ocrx_word' id='word_1_150' title='bbox 1158 2451 1618 2520; x_wconf 84' lang='lat' dir='ltr'><strong>amplexatnrum,</strong></span> <span class='ocrx_word' id='word_1_151' title='bbox 1651 2462 1704 2505; x_wconf 87' lang='lat' dir='ltr'><strong>et</strong></span> <span class='ocrx_word' id='word_1_152' title='bbox 1734 2453 1998 2506; x_wconf 81' lang='lat' dir='ltr'><strong>subsecu-</strong></span> 
     </span>
    </p>
   </div>
   <div class='ocr_carea' id='block_1_25' title="bbox 426 2537 2000 2609">
    <p class='ocr_par' dir='ltr' id='par_1_25' title="bbox 426 2537 2000 2609">
     <span class='ocr_line' id='line_1_25' title="bbox 426 2537 2000 2609; baseline 0.006 -22"><span class='ocrx_word' id='word_1_153' title='bbox 426 2545 550 2588; x_wconf 85' lang='lat' dir='ltr'><strong>tura</strong></span> <span class='ocrx_word' id='word_1_154' title='bbox 582 2537 860 2606; x_wconf 81' lang='lat' dir='ltr'><strong>diligentia</strong></span> <span class='ocrx_word' id='word_1_155' title='bbox 905 2542 1131 2609; x_wconf 90' lang='lat' dir='ltr'><strong>primam</strong></span> <span class='ocrx_word' id='word_1_156' title='bbox 1186 2542 1399 2597; x_wconf 87' lang='lat' dir='ltr'><strong>cladem</strong></span> <span class='ocrx_word' id='word_1_157' title='bbox 1434 2542 1790 2606; x_wconf 72' lang='lat' dir='ltr'><strong>reiecturum,</strong></span> <span class='ocrx_word' id='word_1_158' title='bbox 1819 2551 1871 2597; x_wconf 89' lang='lat' dir='ltr'><strong>et</strong></span> <span class='ocrx_word' id='word_1_159' title='bbox 1907 2558 2000 2597; x_wconf 91' lang='lat' dir='ltr'><strong>co-</strong></span> 
     </span>
    </p>
   </div>
   <div class='ocr_carea' id='block_1_26' title="bbox 426 2629 2001 2720">
    <p class='ocr_par' dir='ltr' id='par_1_26' title="bbox 426 2629 2001 2720">
     <span class='ocr_line' id='line_1_26' title="bbox 426 2629 2001 2720; baseline 0.006 -43"><span class='ocrx_word' id='word_1_160' title='bbox 426 2641 618 2678; x_wconf 88' lang='lat' dir='ltr'><strong>ronam</strong></span> <span class='ocrx_word' id='word_1_161' title='bbox 648 2629 912 2683; x_wconf 89' lang='lat' dir='ltr'><strong>adversus</strong></span> <span class='ocrx_word' id='word_1_162' title='bbox 944 2631 1182 2696; x_wconf 83' lang='lat' dir='ltr'><strong>hostem,</strong></span> <span class='ocrx_word' id='word_1_163' title='bbox 1214 2634 1306 2701; x_wconf 93' lang='lat' dir='ltr'><strong>qui</strong></span> <span class='ocrx_word' id='word_1_164' title='bbox 1342 2633 1438 2685; x_wconf 91' lang='lat' dir='ltr'><strong>tibi</strong></span> <span class='ocrx_word' id='word_1_165' title='bbox 1478 2633 2001 2720; x_wconf 36' lang='lat' dir='ltr'><strong>invirleratnconse-</strong></span> 
     </span>
    </p>
   </div>
   <div class='ocr_carea' id='block_1_27' title="bbox 428 2718 2000 2793">
    <p class='ocr_par' dir='ltr' id='par_1_27' title="bbox 428 2718 2000 2793">
     <span class='ocr_line' id='line_1_27' title="bbox 428 2718 2000 2793; baseline 0.007 -26"><span class='ocrx_word' id='word_1_166' title='bbox 428 2728 705 2773; x_wconf 79' lang='lat' dir='ltr'><strong>cnturum.</strong></span> <span class='ocrx_word' id='word_1_167' title='bbox 758 2718 822 2773; x_wconf 87' lang='lat' dir='ltr'><strong>Et</strong></span> <span class='ocrx_word' id='word_1_168' title='bbox 871 2720 1181 2777; x_wconf 88' lang='lat' dir='ltr'><strong>videbimus</strong></span> <span class='ocrx_word' id='word_1_169' title='bbox 1215 2734 1267 2777; x_wconf 91' lang='lat' dir='ltr'><strong>te</strong></span> <span class='ocrx_word' id='word_1_170' title='bbox 1306 2724 1654 2793; x_wconf 85' lang='lat' dir='ltr'><strong>cunilaginis,</strong></span> <span class='ocrx_word' id='word_1_171' title='bbox 1697 2732 1751 2777; x_wconf 85' lang='lat' dir='ltr'><strong>et</strong></span> <span class='ocrx_word' id='word_1_172' title='bbox 1784 2718 2000 2793; x_wconf 81' lang='lat' dir='ltr'><strong>vestigii</strong></span> 
     </span>
    </p>
   </div>
   <div class='ocr_carea' id='block_1_28' title="bbox 428 2799 2000 2884">
    <p class='ocr_par' dir='ltr' id='par_1_28' title="bbox 428 2799 2000 2884">
     <span class='ocr_line' id='line_1_28' title="bbox 428 2799 2000 2884; baseline 0.005 -25"><span class='ocrx_word' id='word_1_173' title='bbox 428 2808 609 2876; x_wconf 65' lang='lat' dir='ltr'><strong>exigui</strong></span> <span class='ocrx_word' id='word_1_174' title='bbox 668 2808 817 2871; x_wconf 90' lang='lat' dir='ltr'><strong>vice,</strong></span> <span class='ocrx_word' id='word_1_175' title='bbox 867 2799 1193 2879; x_wconf 70' lang='lat' dir='ltr'><strong>cupressum</strong></span> <span class='ocrx_word' id='word_1_176' title='bbox 1228 2814 1429 2880; x_wconf 89' lang='lat' dir='ltr'><strong>altam,</strong></span> <span class='ocrx_word' id='word_1_177' title='bbox 1469 2814 1856 2884; x_wconf 89' lang='lat' dir='ltr'><strong>imputridam,</strong></span> <span class='ocrx_word' id='word_1_178' title='bbox 1915 2823 2000 2867; x_wconf 85' lang='lat' dir='ltr'><strong>at-</strong></span> 
     </span>
    </p>
   </div>
   <div class='ocr_carea' id='block_1_29' title="bbox 430 2900 2005 2976">
    <p class='ocr_par' dir='ltr' id='par_1_29' title="bbox 430 2900 2005 2976">
     <span class='ocr_line' id='line_1_29' title="bbox 430 2900 2005 2976; baseline 0.007 -27"><span class='ocrx_word' id='word_1_179' title='bbox 430 2914 536 2967; x_wconf 91' lang='lat' dir='ltr'><strong>que</strong></span> <span class='ocrx_word' id='word_1_180' title='bbox 572 2900 730 2969; x_wconf 79' lang='lat'><strong>207</strong></span> <span class='ocrx_word' id='word_1_181' title='bbox 761 2901 1064 2967; x_wconf 88' lang='lat' dir='ltr'><strong>odoratam,</strong></span> <span class='ocrx_word' id='word_1_182' title='bbox 1100 2912 1191 2957; x_wconf 88' lang='lat' dir='ltr'><strong>aut</strong></span> <span class='ocrx_word' id='word_1_183' title='bbox 1234 2906 1467 2976; x_wconf 85' lang='lat' dir='ltr'><strong>palmam</strong></span> <span class='ocrx_word' id='word_1_184' title='bbox 1506 2905 1841 2961; x_wconf 81' lang='lat' dir='ltr'><strong>I‘ructil‘eram</strong></span> <span class='ocrx_word' id='word_1_185' title='bbox 1873 2922 2005 2960; x_wconf 85' lang='lat' dir='ltr'><strong>con—</strong></span> 
     </span>
    </p>
   </div>
   <div class='ocr_carea' id='block_1_30' title="bbox 431 2994 1999 3067">
    <p class='ocr_par' dir='ltr' id='par_1_30' title="bbox 431 2994 1999 3067">
     <span class='ocr_line' id='line_1_30' title="bbox 431 2994 1999 3067; baseline 0.005 -23"><span class='ocrx_word' id='word_1_186' title='bbox 431 2994 695 3054; x_wconf 63' lang='lat' dir='ltr'><strong>tinenliaz,</strong></span> <span class='ocrx_word' id='word_1_187' title='bbox 729 3002 782 3047; x_wconf 89' lang='lat' dir='ltr'><strong>et</strong></span> <span class='ocrx_word' id='word_1_188' title='bbox 816 2995 1065 3048; x_wconf 88' lang='lat' dir='ltr'><strong>laborum</strong></span> <span class='ocrx_word' id='word_1_189' title='bbox 1094 2998 1485 3065; x_wconf 85' lang='lat' dir='ltr'><strong>perpessionis,</strong></span> <span class='ocrx_word' id='word_1_190' title='bbox 1511 3006 1796 3067; x_wconf 81' lang='lat' dir='ltr'><strong>tantopere</strong></span> <span class='ocrx_word' id='word_1_191' title='bbox 1816 2999 1885 3051; x_wconf 89' lang='lat' dir='ltr'><strong>ab</strong></span> <span class='ocrx_word' id='word_1_192' title='bbox 1914 2998 1999 3059; x_wconf 89' lang='lat' dir='ltr'><strong>iis,</strong></span> 
     </span>
    </p>
   </div>
   <div class='ocr_carea' id='block_1_31' title="bbox 430 3085 2006 3161">
    <p class='ocr_par' dir='ltr' id='par_1_31' title="bbox 430 3085 2006 3161">
     <span class='ocr_line' id='line_1_31' title="bbox 430 3085 2006 3161; baseline 0.006 -26"><span class='ocrx_word' id='word_1_193' title='bbox 430 3085 524 3153; x_wconf 89' lang='lat' dir='ltr'><strong>qui</strong></span> <span class='ocrx_word' id='word_1_194' title='bbox 570 3088 948 3154; x_wconf 71' lang='lat' dir='ltr'><strong>paenitentiam</strong></span> <span class='ocrx_word' id='word_1_195' title='bbox 977 3088 1227 3141; x_wconf 83' lang='lat' dir='ltr'><strong>ambiunt</strong></span> <span class='ocrx_word' id='word_1_196' title='bbox 1253 3090 1582 3158; x_wconf 67' lang='lat' dir='ltr'><strong>Concupitae,</strong></span> <span class='ocrx_word' id='word_1_197' title='bbox 1612 3092 1787 3161; x_wconf 85' lang='lat' dir='ltr'><strong>alapis</strong></span> <span class='ocrx_word' id='word_1_198' title='bbox 1812 3107 2006 3160; x_wconf 85' lang='lat' dir='ltr'><strong>percu-</strong></span> 
     </span>
    </p>
   </div>
   <div class='ocr_carea' id='block_1_32' title="bbox 436 3178 2006 3250">
    <p class='ocr_par' dir='ltr' id='par_1_32' title="bbox 436 3178 2006 3250">
     <span class='ocr_line' id='line_1_32' title="bbox 436 3178 2006 3250; baseline 0.006 -23"><span class='ocrx_word' id='word_1_199' title='bbox 436 3178 677 3240; x_wconf 80' lang='lat' dir='ltr'><strong>lientem,</strong></span> <span class='ocrx_word' id='word_1_200' title='bbox 720 3179 813 3246; x_wconf 89' lang='lat' dir='ltr'><strong>qui</strong></span> <span class='ocrx_word' id='word_1_201' title='bbox 862 3187 915 3231; x_wconf 91' lang='lat' dir='ltr'><strong>te</strong></span> <span class='ocrx_word' id='word_1_202' title='bbox 954 3195 1049 3247; x_wconf 84' lang='lat' dir='ltr'><strong>per</strong></span> <span class='ocrx_word' id='word_1_203' title='bbox 1081 3188 1365 3248; x_wconf 89' lang='lat' dir='ltr'><strong>peccatum</strong></span> <span class='ocrx_word' id='word_1_204' title='bbox 1396 3190 1768 3250; x_wconf 88' lang='lat' dir='ltr'><strong>percusserat,</strong></span> <span class='ocrx_word' id='word_1_205' title='bbox 1810 3183 2006 3237; x_wconf 88' lang='lat' dir='ltr'><strong>diabo-</strong></span> 
     </span>
    </p>
   </div>
   <div class='ocr_carea' id='block_1_33' title="bbox 432 3270 2009 3342">
    <p class='ocr_par' dir='ltr' id='par_1_33' title="bbox 432 3270 2009 3342">
     <span class='ocr_line' id='line_1_33' title="bbox 432 3270 2009 3342; baseline 0.003 -19"><span class='ocrx_word' id='word_1_206' title='bbox 432 3270 567 3323; x_wconf 89' lang='lat' dir='ltr'><strong>lum.</strong></span> <span class='ocrx_word' id='word_1_207' title='bbox 622 3270 857 3323; x_wconf 77' lang='lat' dir='ltr'><strong>Aﬂlirtio</strong></span> <span class='ocrx_word' id='word_1_208' title='bbox 906 3272 1087 3335; x_wconf 88' lang='lat' dir='ltr'><strong>enim,</strong></span> <span class='ocrx_word' id='word_1_209' title='bbox 1134 3288 1257 3340; x_wconf 65' lang='lat' dir='ltr'><strong>qua:</strong></span> <span class='ocrx_word' id='word_1_210' title='bbox 1311 3282 1505 3342; x_wconf 90' lang='lat' dir='ltr'><strong>sponte</strong></span> <span class='ocrx_word' id='word_1_211' title='bbox 1560 3275 1900 3337; x_wconf 84' lang='lat' dir='ltr'><strong>assumitur,</strong></span> <span class='ocrx_word' id='word_1_212' title='bbox 1952 3282 2009 3328; x_wconf 88' lang='lat' dir='ltr'><strong>et</strong></span> 
     </span>
    </p>
   </div>
   <div class='ocr_carea' id='block_1_34' title="bbox 434 3362 2005 3432">
    <p class='ocr_par' dir='ltr' id='par_1_34' title="bbox 434 3362 2005 3432">
     <span class='ocr_line' id='line_1_34' title="bbox 434 3362 2005 3432; baseline 0.003 -19"><span class='ocrx_word' id='word_1_213' title='bbox 434 3375 637 3413; x_wconf 71' lang='lat' dir='ltr'><strong>mceror</strong></span> <span class='ocrx_word' id='word_1_214' title='bbox 676 3362 1039 3425; x_wconf 89' lang='lat' dir='ltr'><strong>voluntarius,</strong></span> <span class='ocrx_word' id='word_1_215' title='bbox 1093 3369 1147 3414; x_wconf 88' lang='lat' dir='ltr'><strong>et</strong></span> <span class='ocrx_word' id='word_1_216' title='bbox 1193 3364 1438 3431; x_wconf 86' lang='lat' dir='ltr'><strong>perpessi</strong></span> <span class='ocrx_word' id='word_1_217' title='bbox 1495 3364 1722 3432; x_wconf 86' lang='lat' dir='ltr'><strong>pulchre</strong></span> <span class='ocrx_word' id='word_1_218' title='bbox 1766 3364 2005 3428; x_wconf 88' lang='lat' dir='ltr'><strong>labores,</strong></span> 
     </span>
    </p>
   </div>
   <div class='ocr_carea' id='block_1_35' title="bbox 434 3452 2010 3526">
    <p class='ocr_par' dir='ltr' id='par_1_35' title="bbox 434 3452 2010 3526">
     <span class='ocr_line' id='line_1_35' title="bbox 434 3452 2010 3526; baseline 0.004 -23"><span class='ocrx_word' id='word_1_219' title='bbox 434 3452 609 3505; x_wconf 82' lang='lat' dir='ltr'><strong>multo</strong></span> <span class='ocrx_word' id='word_1_220' title='bbox 642 3460 770 3505; x_wconf 91' lang='lat' dir='ltr'><strong>sunt</strong></span> <span class='ocrx_word' id='word_1_221' title='bbox 799 3461 995 3521; x_wconf 65' lang='lat' dir='ltr'><strong>praeter</strong></span> <span class='ocrx_word' id='word_1_222' title='bbox 1028 3453 1199 3507; x_wconf 91' lang='lat' dir='ltr'><strong>animi</strong></span> <span class='ocrx_word' id='word_1_223' title='bbox 1230 3456 1558 3508; x_wconf 87' lang='lat' dir='ltr'><strong>sententiam</strong></span> <span class='ocrx_word' id='word_1_224' title='bbox 1591 3456 1772 3523; x_wconf 86' lang='lat' dir='ltr'><strong>quiete</strong></span> <span class='ocrx_word' id='word_1_225' title='bbox 1802 3465 1853 3510; x_wconf 92' lang='lat' dir='ltr'><strong>et</strong></span> <span class='ocrx_word' id='word_1_226' title='bbox 1875 3471 2010 3526; x_wconf 83' lang='lat' dir='ltr'><strong>gau-</strong></span> 
     </span>
    </p>
   </div>
   <div class='ocr_carea' id='block_1_36' title="bbox 436 3544 2011 3616">
    <p class='ocr_par' dir='ltr' id='par_1_36' title="bbox 436 3544 2011 3616">
     <span class='ocr_line' id='line_1_36' title="bbox 436 3544 2011 3616; baseline 0.002 -19"><span class='ocrx_word' id='word_1_227' title='bbox 436 3544 529 3597; x_wconf 89' lang='lat' dir='ltr'><strong>dio</strong></span> <span class='ocrx_word' id='word_1_228' title='bbox 584 3545 865 3598; x_wconf 88' lang='lat' dir='ltr'><strong>suaviores</strong></span> <span class='ocrx_word' id='word_1_229' title='bbox 918 3552 973 3599; x_wconf 87' lang='lat' dir='ltr'><strong>et</strong></span> <span class='ocrx_word' id='word_1_230' title='bbox 1036 3546 1416 3615; x_wconf 82' lang='lat' dir='ltr'><strong>pretiosiores.</strong></span> <span class='ocrx_word' id='word_1_231' title='bbox 1462 3545 1573 3600; x_wconf 86' lang='lat' dir='ltr'><strong>Erit</strong></span> <span class='ocrx_word' id='word_1_232' title='bbox 1616 3548 1785 3616; x_wconf 85' lang='lat' dir='ltr'><strong>igitur</strong></span> <span class='ocrx_word' id='word_1_233' title='bbox 1836 3546 2011 3616; x_wconf 85' lang='lat' dir='ltr'><strong>gloria</strong></span> 
     </span>
    </p>
   </div>
   <div class='ocr_carea' id='block_1_37' title="bbox 435 3635 2009 3707">
    <p class='ocr_par' dir='ltr' id='par_1_37' title="bbox 435 3635 2009 3707">
     <span class='ocr_line' id='line_1_37' title="bbox 435 3635 2009 3707; baseline 0.001 -19"><span class='ocrx_word' id='word_1_234' title='bbox 435 3635 824 3689; x_wconf 81' lang='lat' dir='ltr'><strong>intellectualis</strong></span> <span class='ocrx_word' id='word_1_235' title='bbox 855 3635 1051 3689; x_wconf 89' lang='lat' dir='ltr'><strong>domus</strong></span> <span class='ocrx_word' id='word_1_236' title='bbox 1082 3646 1187 3689; x_wconf 61' lang='lat' dir='ltr'><strong>tua;</strong></span> <span class='ocrx_word' id='word_1_237' title='bbox 1241 3646 1520 3705; x_wconf 87' lang='lat' dir='ltr'><strong>postrema</strong></span> <span class='ocrx_word' id='word_1_238' title='bbox 1562 3653 1729 3706; x_wconf 90' lang='lat' dir='ltr'><strong>super</strong></span> <span class='ocrx_word' id='word_1_239' title='bbox 1752 3638 2009 3707; x_wconf 87' lang='lat' dir='ltr'><strong>primam,</strong></span> 
     </span>
    </p>
   </div>
   <div class='ocr_carea' id='block_1_38' title="bbox 435 3726 1988 3799">
    <p class='ocr_par' dir='ltr' id='par_1_38' title="bbox 435 3726 1988 3799">
     <span class='ocr_line' id='line_1_38' title="bbox 435 3726 1988 3799; baseline 0.002 -20"><span class='ocrx_word' id='word_1_240' title='bbox 435 3733 490 3779; x_wconf 90' lang='lat' dir='ltr'><strong>et</strong></span> <span class='ocrx_word' id='word_1_241' title='bbox 516 3726 770 3779; x_wconf 90' lang='lat' dir='ltr'><strong>thronum</strong></span> <span class='ocrx_word' id='word_1_242' title='bbox 792 3726 976 3797; x_wconf 70' lang='lat' dir='ltr'><strong>gloria:</strong></span> <span class='ocrx_word' id='word_1_243' title='bbox 1009 3726 1358 3781; x_wconf 69' lang='lat' dir='ltr'><strong>haereditabis</strong></span> <span class='ocrx_word' id='word_1_244' title='bbox 1377 3728 1445 3791; x_wconf 76' lang='grc'><strong>’⁷,</strong></span> <span class='ocrx_word' id='word_1_245' title='bbox 1473 3735 1533 3781; x_wconf 92' lang='lat' dir='ltr'><strong>ut</strong></span> <span class='ocrx_word' id='word_1_246' title='bbox 1564 3728 1841 3799; x_wconf 68' lang='lat' dir='ltr'><strong>propheta:</strong></span> <span class='ocrx_word' id='word_1_247' title='bbox 1870 3727 1988 3782; x_wconf 84' lang='lat' dir='ltr'><strong>alIir</strong></span> 
     </span>
    </p>
   </div>
   <div class='ocr_carea' id='block_1_39' title="bbox 438 3825 611 3870">
    <p class='ocr_par' dir='ltr' id='par_1_39' title="bbox 438 3825 611 3870">
     <span class='ocr_line' id='line_1_39' title="bbox 438 3825 611 3870; baseline 0.012 -2"><span class='ocrx_word' id='word_1_248' title='bbox 438 3825 611 3870; x_wconf 89' lang='lat' dir='ltr'><strong>mant.</strong></span> 
     </span>
    </p>
   </div>
   <div class='ocr_carea' id='block_1_40' title="bbox 913 3906 1532 3963">
    <p class='ocr_par' dir='ltr' id='par_1_40' title="bbox 913 3906 1532 3963">
     <span class='ocr_line' id='line_1_40' title="bbox 913 3906 1532 3963; baseline 0 -1"><span class='ocrx_word' id='word_1_249' title='bbox 913 3906 1196 3962; x_wconf 78' lang='lat' dir='ltr'><strong>CLXXIII.</strong></span> <span class='ocrx_word' id='word_1_250' title='bbox 1228 3940 1288 3949; x_wconf 90' lang='lat'><strong><em>—</em></strong></span> <span class='ocrx_word' id='word_1_251' title='bbox 1324 3906 1532 3963; x_wconf 80' lang='lat' dir='ltr'><strong>Eidem.</strong></span> 
     </span>
    </p>
   </div>
   <div class='ocr_carea' id='block_1_41' title="bbox 509 3998 2014 4069">
    <p class='ocr_par' dir='ltr' id='par_1_41' title="bbox 509 3998 2014 4069">
     <span class='ocr_line' id='line_1_41' title="bbox 509 3998 2014 4069; baseline 0.001 -17"><span class='ocrx_word' id='word_1_252' title='bbox 509 3998 714 4054; x_wconf 86' lang='lat' dir='ltr'><strong>Domus</strong></span> <span class='ocrx_word' id='word_1_253' title='bbox 747 3998 941 4053; x_wconf 68' lang='lat' dir='ltr'><strong>anima:</strong></span> <span class='ocrx_word' id='word_1_254' title='bbox 968 3998 1404 4068; x_wconf 84' lang='lat' dir='ltr'><strong>uniuscujusque</strong></span> <span class='ocrx_word' id='word_1_255' title='bbox 1432 4013 1676 4069; x_wconf 71' lang='lat' dir='ltr'><strong>personae</strong></span> <span class='ocrx_word' id='word_1_256' title='bbox 1706 4000 2014 4054; x_wconf 87' lang='lat' dir='ltr'><strong>institutum</strong></span> 
     </span>
    </p>
   </div>
   <div class='ocr_carea' id='block_1_42' title="bbox 442 4089 2015 4160">
    <p class='ocr_par' dir='ltr' id='par_1_42' title="bbox 442 4089 2015 4160">
     <span class='ocr_line' id='line_1_42' title="bbox 442 4089 2015 4160; baseline 0 -15"><span class='ocrx_word' id='word_1_257' title='bbox 442 4104 506 4145; x_wconf 81' lang='lat' dir='ltr'><strong>ac</strong></span> <span class='ocrx_word' id='word_1_258' title='bbox 545 4096 720 4143; x_wconf 90' lang='lat' dir='ltr'><strong>status</strong></span> <span class='ocrx_word' id='word_1_259' title='bbox 749 4089 874 4143; x_wconf 68' lang='lat' dir='ltr'><strong>vitae</strong></span> <span class='ocrx_word' id='word_1_260' title='bbox 899 4089 1123 4142; x_wconf 87' lang='lat' dir='ltr'><strong>dicitur.</strong></span> <span class='ocrx_word' id='word_1_261' title='bbox 1161 4090 1258 4144; x_wconf 86' lang='lat' dir='ltr'><strong>Est</strong></span> <span class='ocrx_word' id='word_1_262' title='bbox 1292 4106 1525 4160; x_wconf 89' lang='lat' dir='ltr'><strong>namque</strong></span> <span class='ocrx_word' id='word_1_263' title='bbox 1550 4092 1745 4147; x_wconf 90' lang='lat' dir='ltr'><strong>domus</strong></span> <span class='ocrx_word' id='word_1_264' title='bbox 1768 4091 2015 4160; x_wconf 67' lang='lat' dir='ltr'><strong>justitiae,</strong></span> 
     </span>
    </p>
   </div>
   <div class='ocr_carea' id='block_1_43' title="bbox 442 4180 2018 4247">
    <p class='ocr_par' dir='ltr' id='par_1_43' title="bbox 442 4180 2018 4247">
     <span class='ocr_line' id='line_1_43' title="bbox 442 4180 2018 4247; baseline 0.002 -15"><span class='ocrx_word' id='word_1_265' title='bbox 442 4188 499 4232; x_wconf 86' lang='lat' dir='ltr'><strong>et</strong></span> <span class='ocrx_word' id='word_1_266' title='bbox 525 4180 722 4235; x_wconf 89' lang='lat' dir='ltr'><strong>domus</strong></span> <span class='ocrx_word' id='word_1_267' title='bbox 762 4180 1119 4247; x_wconf 82' lang='lat' dir='ltr'><strong>fortitudinis,</strong></span> <span class='ocrx_word' id='word_1_268' title='bbox 1156 4180 1350 4237; x_wconf 83' lang='lat' dir='ltr'><strong>dooms</strong></span> <span class='ocrx_word' id='word_1_269' title='bbox 1380 4184 1750 4247; x_wconf 62' lang='lat' dir='ltr'><strong>continentiae,</strong></span> <span class='ocrx_word' id='word_1_270' title='bbox 1779 4190 1833 4237; x_wconf 87' lang='lat' dir='ltr'><strong>et</strong></span> <span class='ocrx_word' id='word_1_271' title='bbox 1865 4182 2018 4237; x_wconf 88' lang='lat' dir='ltr'><strong>simi-</strong></span> 
     </span>
    </p>
   </div>
   <div class='ocr_carea' id='block_1_44' title="bbox 1893 241 2157 301">
    <p class='ocr_par' dir='ltr' id='par_1_44' title="bbox 1893 241 2157 301">
     <span class='ocr_line' id='line_1_44' title="bbox 1893 241 2157 301; baseline 0 0"><span class='ocrx_word' id='word_1_272' title='bbox 1893 241 1953 301; x_wconf 90' lang='lat' dir='ltr'><strong>S.</strong></span> <span class='ocrx_word' id='word_1_273' title='bbox 1992 242 2157 301; x_wconf 89' lang='lat' dir='ltr'><strong>NILI</strong></span> 
     </span>
    </p>
   </div>
   <div class='ocr_carea' id='block_1_45' title="bbox 412 352 2065 431">
    <p class='ocr_par' dir='ltr' id='par_1_45' title="bbox 412 352 2065 431">
     <span class='ocr_line' id='line_1_45' title="bbox 412 352 2065 431; baseline 0 -18"><span class='ocrx_word' id='word_1_274' title='bbox 412 361 576 431; x_wconf 79' lang='lat'><strong>206</strong></span> <span class='ocrx_word' id='word_1_275' title='bbox 628 356 860 412; x_wconf 73' lang='lat' dir='ltr'><strong>CLXXI.</strong></span> <span class='ocrx_word' id='word_1_276' title='bbox 890 389 957 397; x_wconf 94' lang='lat'>—</span> <span class='ocrx_word' id='word_1_277' title='bbox 1003 354 1445 410; x_wconf 79' lang='lat' dir='ltr'><strong>ARISTARCIIO</strong></span> <span class='ocrx_word' id='word_1_278' title='bbox 1509 352 1986 410; x_wconf 77' lang='lat' dir='ltr'><strong>PRESBYTERO.</strong></span> <span class='ocrx_word' id='word_1_279' title='bbox 2016 357 2065 413; x_wconf 79' lang='grc' dir='ltr'><strong>Δ</strong></span> 
     </span>
    </p>
   </div>
   <div class='ocr_carea' id='block_1_46' title="bbox 3547 233 3658 297">
    <p class='ocr_par' dir='ltr' id='par_1_46' title="bbox 3547 233 3658 297">
     <span class='ocr_line' id='line_1_46' title="bbox 3547 233 3658 297; baseline 0 0"><span class='ocrx_word' id='word_1_280' title='bbox 3547 233 3658 297; x_wconf 80' lang='lat'><strong>288</strong></span> 
     </span>
    </p>
   </div>
   <div class='ocr_carea' id='block_1_47' title="bbox 2284 349 3473 421">
    <p class='ocr_par' dir='ltr' id='par_1_47' title="bbox 2284 349 3473 421">
     <span class='ocr_line' id='line_1_47' title="bbox 2284 349 3473 421; baseline -0.003 -16"><span class='ocrx_word' id='word_1_281' title='bbox 2284 353 2448 407; x_wconf 58' lang='grc' dir='ltr'><strong>ΡΜ.</strong></span> <span class='ocrx_word' id='word_1_282' title='bbox 2481 385 2550 396; x_wconf 88' lang='grc'><strong><em>-</em></strong></span> <span class='ocrx_word' id='word_1_283' title='bbox 2585 352 2966 421; x_wconf 70' lang='grc' dir='ltr'><strong>ΑΡΙΣΤΑΡΧῼ</strong></span> <span class='ocrx_word' id='word_1_284' title='bbox 3004 349 3473 419; x_wconf 80' lang='grc' dir='ltr'><strong>ΠΡΕΣΒΥΤΕΡῼ.</strong></span> 
     </span>
    </p>
   </div>
   <div class='ocr_carea' id='block_1_48' title="bbox 2164 440 3664 516">
    <p class='ocr_par' dir='ltr' id='par_1_48' title="bbox 2164 440 3664 516">
     <span class='ocr_line' id='line_1_48' title="bbox 2164 440 3664 516; baseline -0.004 -17"><span class='ocrx_word' id='word_1_285' title='bbox 2164 465 2182 498; x_wconf 72' lang='grc' dir='ltr'>α</span> <span class='ocrx_word' id='word_1_286' title='bbox 2241 448 2298 499; x_wconf 90' lang='lat'><strong>&#39;0</strong></span> <span class='ocrx_word' id='word_1_287' title='bbox 2337 448 2538 515; x_wconf 86' lang='grc' dir='ltr'>κόσμος</span> <span class='ocrx_word' id='word_1_288' title='bbox 2587 446 2891 516; x_wconf 79' lang='grc' dir='ltr'><strong>παράγεται</strong></span> <span class='ocrx_word' id='word_1_289' title='bbox 2941 445 3034 497; x_wconf 86' lang='lat' dir='ltr'><strong>xui</strong></span> <span class='ocrx_word' id='word_1_290' title='bbox 3066 442 3403 514; x_wconf 80' lang='grc' dir='ltr'>ἡέπιθυμία,</span> <span class='ocrx_word' id='word_1_291' title='bbox 3444 460 3462 495; x_wconf 69' lang='grc' dir='ltr'><strong>ι</strong></span> <span class='ocrx_word' id='word_1_292' title='bbox 3496 440 3664 511; x_wconf 71' lang='grc' dir='ltr'>φησὶν</span> 
     </span>
    </p>
   </div>
   <div class='ocr_carea' id='block_1_49' title="bbox 2088 534 3665 610">
    <p class='ocr_par' dir='ltr' id='par_1_49' title="bbox 2088 534 3665 610">
     <span class='ocr_line' id='line_1_49' title="bbox 2088 534 3665 610; baseline -0.004 -17"><span class='ocrx_word' id='word_1_293' title='bbox 2088 541 2360 610; x_wconf 79' lang='grc' dir='ltr'><strong>Ἰωάννης,</strong></span> <span class='ocrx_word' id='word_1_294' title='bbox 2398 540 2455 593; x_wconf 87' lang='grc' dir='ltr'>ὃν</span> <span class='ocrx_word' id='word_1_295' title='bbox 2495 538 2665 604; x_wconf 83' lang='grc' dir='ltr'>ἐφίλει</span> <span class='ocrx_word' id='word_1_296' title='bbox 2716 540 2744 591; x_wconf 83' lang='grc' dir='ltr'>ὁ</span> <span class='ocrx_word' id='word_1_297' title='bbox 2797 535 3004 606; x_wconf 79' lang='grc' dir='ltr'>Ἰησοῦς</span> <span class='ocrx_word' id='word_1_298' title='bbox 3048 536 3135 589; x_wconf 86' lang='grc' dir='ltr'><strong>διά</strong></span> <span class='ocrx_word' id='word_1_299' title='bbox 3168 536 3265 605; x_wconf 78' lang='grc' dir='ltr'>τὴν</span> <span class='ocrx_word' id='word_1_300' title='bbox 3318 534 3665 605; x_wconf 70' lang='grc' dir='ltr'><strong>καθαρότητα</strong></span> 
     </span>
    </p>
   </div>
   <div class='ocr_carea' id='block_1_50' title="bbox 2087 626 3663 702">
    <p class='ocr_par' dir='ltr' id='par_1_50' title="bbox 2087 626 3663 702">
     <span class='ocr_line' id='line_1_50' title="bbox 2087 626 3663 702; baseline -0.004 -17"><span class='ocrx_word' id='word_1_301' title='bbox 2087 634 2182 685; x_wconf 74' lang='grc' dir='ltr'>καὶ</span> <span class='ocrx_word' id='word_1_302' title='bbox 2208 632 2268 685; x_wconf 77' lang='grc' dir='ltr'>τὸ</span> <span class='ocrx_word' id='word_1_303' title='bbox 2294 634 2465 702; x_wconf 77' lang='grc' dir='ltr'>πρᾶον</span> <span class='ocrx_word' id='word_1_304' title='bbox 2486 631 2582 684; x_wconf 89' lang='lat' dir='ltr'><strong>xui</strong></span> <span class='ocrx_word' id='word_1_305' title='bbox 2609 631 2813 701; x_wconf 78' lang='grc' dir='ltr'>ἥμερον</span> <span class='ocrx_word' id='word_1_306' title='bbox 2835 628 2927 681; x_wconf 80' lang='grc' dir='ltr'><strong>τοῦ</strong></span> <span class='ocrx_word' id='word_1_307' title='bbox 2966 626 3147 697; x_wconf 73' lang='grc' dir='ltr'>ἤθους.</span> <span class='ocrx_word' id='word_1_308' title='bbox 3185 628 3248 680; x_wconf 80' lang='lat' dir='ltr'><strong>EI</strong></span> <span class='ocrx_word' id='word_1_309' title='bbox 3273 627 3453 680; x_wconf 78' lang='grc' dir='ltr'>τοίνυν</span> <span class='ocrx_word' id='word_1_310' title='bbox 3516 643 3663 695; x_wconf 80' lang='grc' dir='ltr'>παρο</span> 
     </span>
    </p>
   </div>
   <div class='ocr_carea' id='block_1_51' title="bbox 2089 716 3665 793">
    <p class='ocr_par' dir='ltr' id='par_1_51' title="bbox 2089 716 3665 793">
     <span class='ocr_line' id='line_1_51' title="bbox 2089 716 3665 793; baseline -0.006 -16"><span class='ocrx_word' id='word_1_311' title='bbox 2089 725 2278 791; x_wconf 78' lang='grc' dir='ltr'><strong>ἄγεται</strong></span> <span class='ocrx_word' id='word_1_312' title='bbox 2308 726 2341 793; x_wconf 79' lang='grc' dir='ltr'><strong>ἡ</strong></span> <span class='ocrx_word' id='word_1_313' title='bbox 2374 722 2652 792; x_wconf 86' lang='grc' dir='ltr'>ἐπιθυμία,</span> <span class='ocrx_word' id='word_1_314' title='bbox 2697 721 2942 774; x_wconf 81' lang='grc' dir='ltr'><strong>τουτέστι</strong></span> <span class='ocrx_word' id='word_1_315' title='bbox 3007 719 3235 772; x_wconf 86' lang='grc' dir='ltr'>παύεται</span> <span class='ocrx_word' id='word_1_316' title='bbox 3282 718 3377 771; x_wconf 86' lang='lat' dir='ltr'><strong>xui</strong></span> <span class='ocrx_word' id='word_1_317' title='bbox 3430 716 3665 770; x_wconf 80' lang='grc' dir='ltr'>ἀπόλλυ-</span> 
     </span>
    </p>
   </div>
   <div class='ocr_carea' id='block_1_52' title="bbox 2014 810 3667 881">
    <p class='ocr_par' dir='ltr' id='par_1_52' title="bbox 2014 810 3667 881">
     <span class='ocr_line' id='line_1_52' title="bbox 2014 810 3667 881; baseline -0.004 -15"><span class='ocrx_word' id='word_1_318' title='bbox 2014 856 2023 866; x_wconf 96' lang='grc'><strong>.</strong></span> <span class='ocrx_word' id='word_1_319' title='bbox 2088 833 2197 876; x_wconf 83' lang='grc' dir='ltr'>ται,</span> <span class='ocrx_word' id='word_1_320' title='bbox 2230 816 2345 879; x_wconf 83' lang='grc' dir='ltr'>πῶς</span> <span class='ocrx_word' id='word_1_321' title='bbox 2372 816 2532 877; x_wconf 79' lang='grc' dir='ltr'>αὐτὸς</span> <span class='ocrx_word' id='word_1_322' title='bbox 2562 816 2851 879; x_wconf 70' lang='grc' dir='ltr'><strong>διδάσκεις,</strong></span> <span class='ocrx_word' id='word_1_323' title='bbox 2892 814 3027 881; x_wconf 69' lang='grc' dir='ltr'>μετὰ</span> <span class='ocrx_word' id='word_1_324' title='bbox 3074 812 3134 865; x_wconf 74' lang='grc' dir='ltr'>τὸ</span> <span class='ocrx_word' id='word_1_325' title='bbox 3167 810 3454 864; x_wconf 80' lang='grc' dir='ltr'><strong>ἀποθανεῖν</strong></span> <span class='ocrx_word' id='word_1_326' title='bbox 3511 825 3667 870; x_wconf 88' lang='grc' dir='ltr'>τινας</span> 
     </span>
    </p>
   </div>
   <div class='ocr_carea' id='block_1_53' title="bbox 2089 898 3666 978">
    <p class='ocr_par' dir='ltr' id='par_1_53' title="bbox 2089 898 3666 978">
     <span class='ocr_line' id='line_1_53' title="bbox 2089 898 3666 978; baseline -0.006 -18"><span class='ocrx_word' id='word_1_327' title='bbox 2089 907 2407 978; x_wconf 79' lang='grc' dir='ltr'><strong>ἀνθρώπους</strong></span> <span class='ocrx_word' id='word_1_328' title='bbox 2438 906 2768 976; x_wconf 78' lang='grc' dir='ltr'>φιληδόνους,</span> <span class='ocrx_word' id='word_1_329' title='bbox 2802 904 2963 957; x_wconf 86' lang='grc' dir='ltr'>πάλιν</span> <span class='ocrx_word' id='word_1_330' title='bbox 3006 902 3143 973; x_wconf 83' lang='grc' dir='ltr'><strong>μετά</strong></span> <span class='ocrx_word' id='word_1_331' title='bbox 3187 901 3413 954; x_wconf 83' lang='grc' dir='ltr'>θάνατον</span> <span class='ocrx_word' id='word_1_332' title='bbox 3471 898 3666 953; x_wconf 88' lang='grc' dir='ltr'>ἐπιθυ-</span> 
     </span>
    </p>
   </div>
   <div class='ocr_carea' id='block_1_54' title="bbox 2094 992 3291 1067">
    <p class='ocr_par' dir='ltr' id='par_1_54' title="bbox 2094 992 3291 1067">
     <span class='ocr_line' id='line_1_54' title="bbox 2094 992 3291 1067; baseline -0.007 -16"><span class='ocrx_word' id='word_1_333' title='bbox 2094 1001 2212 1051; x_wconf 72' lang='grc' dir='ltr'>ιιεῖν</span> <span class='ocrx_word' id='word_1_334' title='bbox 2240 998 2346 1051; x_wconf 84' lang='grc' dir='ltr'>τῶν</span> <span class='ocrx_word' id='word_1_335' title='bbox 2374 996 2466 1049; x_wconf 75' lang='grc' dir='ltr'>τοῦ</span> <span class='ocrx_word' id='word_1_336' title='bbox 2494 996 2826 1067; x_wconf 72' lang='grc' dir='ltr'>προσκαίρου</span> <span class='ocrx_word' id='word_1_337' title='bbox 2843 994 3049 1063; x_wconf 78' lang='grc' dir='ltr'>κόσμου</span> <span class='ocrx_word' id='word_1_338' title='bbox 3081 992 3251 1063; x_wconf 81' lang='grc' dir='ltr'>ἡδέων</span> <span class='ocrx_word' id='word_1_339' title='bbox 3275 1008 3291 1057; x_wconf 90' lang='grc'>;</span> 
     </span>
    </p>
   </div>
   <div class='ocr_carea' id='block_1_55' title="bbox 2148 1081 3405 1176">
    <p class='ocr_par' dir='ltr' id='par_1_55' title="bbox 2148 1081 3405 1176">
     <span class='ocr_line' id='line_1_55' title="bbox 2148 1081 3405 1176; baseline -0.005 -35"><span class='ocrx_word' id='word_1_340' title='bbox 2148 1141 2177 1176; x_wconf 46' lang='grc' dir='ltr'>θ</span> <span class='ocrx_word' id='word_1_341' title='bbox 2332 1088 2498 1141; x_wconf 84' lang='grc' dir='ltr'>ΡΟΒ’.</span> <span class='ocrx_word' id='word_1_342' title='bbox 2531 1117 2599 1127; x_wconf 91' lang='lat'><strong>--</strong></span> <span class='ocrx_word' id='word_1_343' title='bbox 2639 1085 3027 1140; x_wconf 79' lang='grc' dir='ltr'><strong>ΞΕΝΟΦΩΝΤΙ</strong></span> <span class='ocrx_word' id='word_1_344' title='bbox 3086 1081 3405 1151; x_wconf 80' lang='grc' dir='ltr'><strong>ΔΙΑΚΟΝῼ.</strong></span> 
     </span>
    </p>
   </div>
   <div class='ocr_carea' id='block_1_56' title="bbox 2157 1171 3670 1250">
    <p class='ocr_par' dir='ltr' id='par_1_56' title="bbox 2157 1171 3670 1250">
     <span class='ocr_line' id='line_1_56' title="bbox 2157 1171 3670 1250; baseline -0.006 -17"><span class='ocrx_word' id='word_1_345' title='bbox 2157 1171 2370 1250; x_wconf 74' lang='grc' dir='ltr'>Μικρὸν</span> <span class='ocrx_word' id='word_1_346' title='bbox 2404 1180 2707 1249; x_wconf 81' lang='grc' dir='ltr'>ἀμελήσας,</span> <span class='ocrx_word' id='word_1_347' title='bbox 2735 1179 2872 1250; x_wconf 86' lang='grc' dir='ltr'>πρὸς</span> <span class='ocrx_word' id='word_1_348' title='bbox 2910 1176 3186 1247; x_wconf 79' lang='grc' dir='ltr'>ἁμαρτίαν</span> <span class='ocrx_word' id='word_1_349' title='bbox 3215 1176 3534 1236; x_wconf 85' lang='grc' dir='ltr'>πέπτωκας,</span> <span class='ocrx_word' id='word_1_350' title='bbox 3567 1171 3670 1225; x_wconf 80' lang='grc' dir='ltr'>καὶ</span> 
     </span>
    </p>
   </div>
   <div class='ocr_carea' id='block_1_57' title="bbox 2090 1263 3673 1342">
    <p class='ocr_par' dir='ltr' id='par_1_57' title="bbox 2090 1263 3673 1342">
     <span class='ocr_line' id='line_1_57' title="bbox 2090 1263 3673 1342; baseline -0.005 -18"><span class='ocrx_word' id='word_1_351' title='bbox 2090 1272 2189 1342; x_wconf 83' lang='grc' dir='ltr'>τὴν</span> <span class='ocrx_word' id='word_1_352' title='bbox 2213 1272 2367 1337; x_wconf 78' lang='grc' dir='ltr'>δόξαν</span> <span class='ocrx_word' id='word_1_353' title='bbox 2397 1273 2495 1339; x_wconf 78' lang='grc' dir='ltr'>τῆς</span> <span class='ocrx_word' id='word_1_354' title='bbox 2526 1270 2879 1340; x_wconf 76' lang='grc' dir='ltr'><strong>σωφροσύνης</strong></span> <span class='ocrx_word' id='word_1_355' title='bbox 2902 1267 3258 1339; x_wconf 75' lang='grc' dir='ltr'>ἠμαύρωσαςο</span> <span class='ocrx_word' id='word_1_356' title='bbox 3291 1264 3425 1319; x_wconf 85' lang='grc' dir='ltr'><strong>ἀλλά</strong></span> <span class='ocrx_word' id='word_1_357' title='bbox 3456 1263 3673 1333; x_wconf 85' lang='grc' dir='ltr'>ταχέως</span> 
     </span>
    </p>
   </div>
   <div class='ocr_carea' id='block_1_58' title="bbox 2092 1354 3672 1435">
    <p class='ocr_par' dir='ltr' id='par_1_58' title="bbox 2092 1354 3672 1435">
     <span class='ocr_line' id='line_1_58' title="bbox 2092 1354 3672 1435; baseline -0.007 -18"><span class='ocrx_word' id='word_1_358' title='bbox 2092 1364 2286 1435; x_wconf 69' lang='grc' dir='ltr'>νήψας,</span> <span class='ocrx_word' id='word_1_359' title='bbox 2316 1364 2408 1417; x_wconf 83' lang='lat' dir='ltr'><strong>xui</strong></span> <span class='ocrx_word' id='word_1_360' title='bbox 2428 1360 2943 1434; x_wconf 72' lang='grc' dir='ltr'>μεταϐαλῐλ]όμενος</span> <span class='ocrx_word' id='word_1_361' title='bbox 2971 1358 3374 1431; x_wconf 82' lang='grc' dir='ltr'><strong>προσηκόντως,</strong></span> <span class='ocrx_word' id='word_1_362' title='bbox 3402 1355 3536 1427; x_wconf 78' lang='grc' dir='ltr'>πρὸς</span> <span class='ocrx_word' id='word_1_363' title='bbox 3568 1354 3672 1424; x_wconf 75' lang='grc' dir='ltr'><strong>τὴν</strong></span> 
     </span>
    </p>
   </div>
   <div class='ocr_carea' id='block_1_59' title="bbox 2093 1446 3670 1524">
    <p class='ocr_par' dir='ltr' id='par_1_59' title="bbox 2093 1446 3670 1524">
     <span class='ocr_line' id='line_1_59' title="bbox 2093 1446 3670 1524; baseline -0.005 -18"><span class='ocrx_word' id='word_1_364' title='bbox 2093 1454 2361 1524; x_wconf 85' lang='grc' dir='ltr'>προτέραν</span> <span class='ocrx_word' id='word_1_365' title='bbox 2390 1453 2720 1506; x_wconf 84' lang='grc' dir='ltr'>κατάστασιν</span> <span class='ocrx_word' id='word_1_366' title='bbox 2746 1450 3177 1520; x_wconf 83' lang='grc' dir='ltr'>-παλινδρομῆσαι</span> <span class='ocrx_word' id='word_1_367' title='bbox 3198 1448 3401 1502; x_wconf 90' lang='grc' dir='ltr'>δίκαιον</span> <span class='ocrx_word' id='word_1_368' title='bbox 3418 1446 3670 1515; x_wconf 84' lang='grc' dir='ltr'>ἐλογίσω,</span> 
     </span>
    </p>
   </div>
   <div class='ocr_carea' id='block_1_60' title="bbox 2098 1540 3676 1617">
    <p class='ocr_par' dir='ltr' id='par_1_60' title="bbox 2098 1540 3676 1617">
     <span class='ocr_line' id='line_1_60' title="bbox 2098 1540 3676 1617; baseline -0.006 -18"><span class='ocrx_word' id='word_1_369' title='bbox 2098 1547 2171 1616; x_wconf 81' lang='grc' dir='ltr'>μὴ</span> <span class='ocrx_word' id='word_1_370' title='bbox 2201 1545 2643 1617; x_wconf 79' lang='grc' dir='ltr'>παραδεξάμενος</span> <span class='ocrx_word' id='word_1_371' title='bbox 2673 1544 2769 1614; x_wconf 82' lang='grc' dir='ltr'>τὴν</span> <span class='ocrx_word' id='word_1_372' title='bbox 2802 1542 3041 1613; x_wconf 81' lang='grc' dir='ltr'>ὀλέθριον</span> <span class='ocrx_word' id='word_1_373' title='bbox 3088 1541 3417 1609; x_wconf 79' lang='grc' dir='ltr'>ἀπόγνωσιν,</span> <span class='ocrx_word' id='word_1_374' title='bbox 3464 1540 3676 1605; x_wconf 70' lang='grc' dir='ltr'>ὑπαγοο</span> 
     </span>
    </p>
   </div>
   <div class='ocr_carea' id='block_1_61' title="bbox 2098 1628 3675 1708">
    <p class='ocr_par' dir='ltr' id='par_1_61' title="bbox 2098 1628 3675 1708">
     <span class='ocr_line' id='line_1_61' title="bbox 2098 1628 3675 1708; baseline -0.007 -18"><span class='ocrx_word' id='word_1_375' title='bbox 2098 1637 2394 1708; x_wconf 79' lang='grc' dir='ltr'>ρευομένην</span> <span class='ocrx_word' id='word_1_376' title='bbox 2434 1653 2514 1688; x_wconf 91' lang='grc' dir='ltr'><strong>σοι</strong></span> <span class='ocrx_word' id='word_1_377' title='bbox 2547 1636 2652 1687; x_wconf 82' lang='grc' dir='ltr'><strong>ὑπὸ</strong></span> <span class='ocrx_word' id='word_1_378' title='bbox 2679 1634 2773 1686; x_wconf 80' lang='grc' dir='ltr'>τοῦ</span> <span class='ocrx_word' id='word_1_379' title='bbox 2806 1632 3073 1686; x_wconf 77' lang='grc' dir='ltr'>διαϐόλου.</span> <span class='ocrx_word' id='word_1_380' title='bbox 3108 1630 3279 1694; x_wconf 78' lang='grc' dir='ltr'>Αὐτὸς</span> <span class='ocrx_word' id='word_1_381' title='bbox 3334 1630 3442 1697; x_wconf 86' lang='grc' dir='ltr'><strong>γάρ</strong></span> <span class='ocrx_word' id='word_1_382' title='bbox 3477 1628 3675 1690; x_wconf 69' lang='grc' dir='ltr'>καὶείς</span> 
     </span>
    </p>
   </div>
   <div class='ocr_carea' id='block_1_62' title="bbox 2096 1715 3675 1796">
    <p class='ocr_par' dir='ltr' id='par_1_62' title="bbox 2096 1715 3675 1796">
     <span class='ocr_line' id='line_1_62' title="bbox 2096 1715 3675 1796; baseline -0.008 -17"><span class='ocrx_word' id='word_1_383' title='bbox 2096 1726 2156 1779; x_wconf 77' lang='grc' dir='ltr'>τὸ</span> <span class='ocrx_word' id='word_1_384' title='bbox 2185 1725 2499 1796; x_wconf 84' lang='grc' dir='ltr'>ἀμαρτῆσαι</span> <span class='ocrx_word' id='word_1_385' title='bbox 2530 1723 2919 1794; x_wconf 82' lang='grc' dir='ltr'>προτρέπεται,</span> <span class='ocrx_word' id='word_1_386' title='bbox 2948 1721 3111 1783; x_wconf 82' lang='grc' dir='ltr'>αὐτὸς</span> <span class='ocrx_word' id='word_1_387' title='bbox 3139 1718 3232 1773; x_wconf 76' lang='grc' dir='ltr'>καὶ</span> <span class='ocrx_word' id='word_1_388' title='bbox 3276 1718 3414 1788; x_wconf 86' lang='grc' dir='ltr'>μετὰ</span> <span class='ocrx_word' id='word_1_389' title='bbox 3437 1715 3498 1769; x_wconf 78' lang='grc' dir='ltr'>τὸ</span> <span class='ocrx_word' id='word_1_390' title='bbox 3525 1732 3675 1786; x_wconf 87' lang='grc' dir='ltr'>πρα-</span> 
     </span>
    </p>
   </div>
   <div class='ocr_carea' id='block_1_63' title="bbox 2097 1805 3679 1888">
    <p class='ocr_par' dir='ltr' id='par_1_63' title="bbox 2097 1805 3679 1888">
     <span class='ocr_line' id='line_1_63' title="bbox 2097 1805 3679 1888; baseline -0.006 -19"><span class='ocrx_word' id='word_1_391' title='bbox 2097 1817 2287 1888; x_wconf 83' lang='grc' dir='ltr'>χθῆναι</span> <span class='ocrx_word' id='word_1_392' title='bbox 2321 1815 2416 1886; x_wconf 83' lang='grc' dir='ltr'>τὴν</span> <span class='ocrx_word' id='word_1_393' title='bbox 2450 1815 2724 1885; x_wconf 78' lang='grc' dir='ltr'>ἁμαρτίαν</span> <span class='ocrx_word' id='word_1_394' title='bbox 2748 1814 2879 1865; x_wconf 83' lang='grc' dir='ltr'>ὠθεῖ</span> <span class='ocrx_word' id='word_1_395' title='bbox 2920 1811 3057 1883; x_wconf 82' lang='grc' dir='ltr'>πρὸς</span> <span class='ocrx_word' id='word_1_396' title='bbox 3100 1809 3406 1878; x_wconf 81' lang='grc' dir='ltr'>ἀπόγνωσιν</span> <span class='ocrx_word' id='word_1_397' title='bbox 3438 1806 3532 1859; x_wconf 80' lang='grc' dir='ltr'><strong>τὸν</strong></span> <span class='ocrx_word' id='word_1_398' title='bbox 3582 1805 3679 1872; x_wconf 82' lang='grc' dir='ltr'><strong>ἐξ·</strong></span> 
     </span>
    </p>
   </div>
   <div class='ocr_carea' id='block_1_64' title="bbox 2098 1899 3680 1979">
    <p class='ocr_par' dir='ltr' id='par_1_64' title="bbox 2098 1899 3680 1979">
     <span class='ocr_line' id='line_1_64' title="bbox 2098 1899 3680 1979; baseline -0.008 -16"><span class='ocrx_word' id='word_1_399' title='bbox 2098 1910 2509 1979; x_wconf 80' lang='grc' dir='ltr'>αμαρτήσαντα.</span> <span class='ocrx_word' id='word_1_400' title='bbox 2566 1906 2639 1959; x_wconf 81' lang='grc' dir='ltr'><strong>Τὸ</strong></span> <span class='ocrx_word' id='word_1_401' title='bbox 2684 1905 2782 1976; x_wconf 89' lang='grc' dir='ltr'><strong>μέν</strong></span> <span class='ocrx_word' id='word_1_402' title='bbox 2819 1899 2913 1959; x_wconf 79' lang='grc' dir='ltr'>οὖν</span> <span class='ocrx_word' id='word_1_403' title='bbox 2963 1906 3299 1974; x_wconf 86' lang='grc' dir='ltr'>ἀμαρτῆσαι,</span> <span class='ocrx_word' id='word_1_404' title='bbox 3336 1899 3680 1971; x_wconf 87' lang='grc' dir='ltr'>ἀνθρώπινον</span> 
     </span>
    </p>
   </div>
   <div class='ocr_carea' id='block_1_65' title="bbox 2099 1992 3678 2071">
    <p class='ocr_par' dir='ltr' id='par_1_65' title="bbox 2099 1992 3678 2071">
     <span class='ocr_line' id='line_1_65' title="bbox 2099 1992 3678 2071; baseline -0.005 -18"><span class='ocrx_word' id='word_1_405' title='bbox 2099 2001 2356 2071; x_wconf 76' lang='grc' dir='ltr'>ὑπάρχει·</span> <span class='ocrx_word' id='word_1_406' title='bbox 2408 2000 2468 2052; x_wconf 79' lang='grc' dir='ltr'>τὸ</span> <span class='ocrx_word' id='word_1_407' title='bbox 2514 1999 2572 2052; x_wconf 84' lang='grc' dir='ltr'><strong>δέ</strong></span> <span class='ocrx_word' id='word_1_408' title='bbox 2604 1998 2924 2060; x_wconf 85' lang='grc' dir='ltr'>άπελπίσαι,</span> <span class='ocrx_word' id='word_1_409' title='bbox 2981 1995 3266 2049; x_wconf 81' lang='grc' dir='ltr'>σατανικδν</span> <span class='ocrx_word' id='word_1_410' title='bbox 3317 1994 3407 2046; x_wconf 83' lang='lat' dir='ltr'><strong>xui</strong></span> <span class='ocrx_word' id='word_1_411' title='bbox 3440 1992 3678 2045; x_wconf 86' lang='grc' dir='ltr'>πανολέ-</span> 
     </span>
    </p>
   </div>
   <div class='ocr_carea' id='block_1_66' title="bbox 2100 2082 3682 2163">
    <p class='ocr_par' dir='ltr' id='par_1_66' title="bbox 2100 2082 3682 2163">
     <span class='ocr_line' id='line_1_66' title="bbox 2100 2082 3682 2163; baseline -0.006 -18"><span class='ocrx_word' id='word_1_412' title='bbox 2100 2092 2267 2163; x_wconf 90' lang='grc' dir='ltr'>θριον.</span> <span class='ocrx_word' id='word_1_413' title='bbox 2292 2090 2455 2144; x_wconf 83' lang='grc' dir='ltr'>Ὅθεν</span> <span class='ocrx_word' id='word_1_414' title='bbox 2485 2091 2578 2144; x_wconf 80' lang='lat' dir='ltr'><strong>xui</strong></span> <span class='ocrx_word' id='word_1_415' title='bbox 2604 2089 2766 2152; x_wconf 73' lang='grc' dir='ltr'>αὐτὸς</span> <span class='ocrx_word' id='word_1_416' title='bbox 2794 2091 2822 2141; x_wconf 88' lang='grc' dir='ltr'><strong>ό</strong></span> <span class='ocrx_word' id='word_1_417' title='bbox 2840 2088 3079 2151; x_wconf 72' lang='grc' dir='ltr'>διάϐολος</span> <span class='ocrx_word' id='word_1_418' title='bbox 3104 2088 3167 2140; x_wconf 84' lang='grc' dir='ltr'><strong>ἐκ</strong></span> <span class='ocrx_word' id='word_1_419' title='bbox 3188 2087 3285 2155; x_wconf 84' lang='grc' dir='ltr'>τῆς</span> <span class='ocrx_word' id='word_1_420' title='bbox 3311 2082 3682 2151; x_wconf 78' lang='grc' dir='ltr'>ἀπογνώσεως</span> 
     </span>
    </p>
   </div>
   <div class='ocr_carea' id='block_1_67' title="bbox 2101 2175 3681 2251">
    <p class='ocr_par' dir='ltr' id='par_1_67' title="bbox 2101 2175 3681 2251">
     <span class='ocr_line' id='line_1_67' title="bbox 2101 2175 3681 2251; baseline -0.004 -17"><span class='ocrx_word' id='word_1_421' title='bbox 2101 2183 2180 2244; x_wconf 87' lang='grc' dir='ltr'>εἰς</span> <span class='ocrx_word' id='word_1_422' title='bbox 2200 2180 2454 2251; x_wconf 77' lang='grc' dir='ltr'>τοιαύτην</span> <span class='ocrx_word' id='word_1_423' title='bbox 2488 2179 2840 2249; x_wconf 76' lang='grc' dir='ltr'>ἐξηκοντίσθη</span> <span class='ocrx_word' id='word_1_424' title='bbox 2867 2178 3165 2243; x_wconf 85' lang='grc' dir='ltr'>ἀπώλειαν,</span> <span class='ocrx_word' id='word_1_425' title='bbox 3209 2175 3283 2247; x_wconf 84' lang='grc' dir='ltr'>μὴ</span> <span class='ocrx_word' id='word_1_426' title='bbox 3306 2175 3539 2247; x_wconf 85' lang='grc' dir='ltr'>θελήσας</span> <span class='ocrx_word' id='word_1_427' title='bbox 3576 2193 3681 2246; x_wconf 83' lang='grc' dir='ltr'>με-</span> 
     </span>
    </p>
   </div>
   <div class='ocr_carea' id='block_1_68' title="bbox 2100 2265 3684 2343">
    <p class='ocr_par' dir='ltr' id='par_1_68' title="bbox 2100 2265 3684 2343">
     <span class='ocr_line' id='line_1_68' title="bbox 2100 2265 3684 2343; baseline -0.004 -16"><span class='ocrx_word' id='word_1_428' title='bbox 2100 2274 2379 2341; x_wconf 81' lang='grc' dir='ltr'>τανοῆσαι.</span> <span class='ocrx_word' id='word_1_429' title='bbox 2420 2272 2554 2325; x_wconf 79' lang='grc' dir='ltr'>Ἀλλ’</span> <span class='ocrx_word' id='word_1_430' title='bbox 2594 2271 2844 2343; x_wconf 82' lang='grc' dir='ltr'>ἀνδρίζου</span> <span class='ocrx_word' id='word_1_431' title='bbox 2894 2272 2986 2324; x_wconf 89' lang='lat' dir='ltr'><strong>xui</strong></span> <span class='ocrx_word' id='word_1_432' title='bbox 3019 2271 3194 2339; x_wconf 81' lang='grc' dir='ltr'>ἴσχυε,</span> <span class='ocrx_word' id='word_1_433' title='bbox 3248 2267 3341 2322; x_wconf 85' lang='lat' dir='ltr'><strong>xui</strong></span> <span class='ocrx_word' id='word_1_434' title='bbox 3386 2265 3684 2339; x_wconf 79' lang='grc' dir='ltr'>κραταιού-</span> 
     </span>
    </p>
   </div>
   <div class='ocr_carea' id='block_1_69' title="bbox 2105 2360 3684 2436">
    <p class='ocr_par' dir='ltr' id='par_1_69' title="bbox 2105 2360 3684 2436">
     <span class='ocr_line' id='line_1_69' title="bbox 2105 2360 3684 2436; baseline -0.004 -18"><span class='ocrx_word' id='word_1_435' title='bbox 2105 2366 2216 2418; x_wconf 89' lang='grc' dir='ltr'><strong>σθω</strong></span> <span class='ocrx_word' id='word_1_436' title='bbox 2241 2368 2272 2436; x_wconf 80' lang='grc' dir='ltr'>ἡ</span> <span class='ocrx_word' id='word_1_437' title='bbox 2306 2363 2497 2434; x_wconf 83' lang='grc' dir='ltr'>καρδία</span> <span class='ocrx_word' id='word_1_438' title='bbox 2531 2381 2645 2426; x_wconf 90' lang='grc' dir='ltr'>σου,</span> <span class='ocrx_word' id='word_1_439' title='bbox 2674 2366 2791 2420; x_wconf 84' lang='grc' dir='ltr'>ταῖς</span> <span class='ocrx_word' id='word_1_440' title='bbox 2822 2362 3212 2433; x_wconf 88' lang='grc' dir='ltr'>χρηστοτέραις</span> <span class='ocrx_word' id='word_1_441' title='bbox 3236 2360 3416 2414; x_wconf 87' lang='grc' dir='ltr'>ἐλπίσι</span> <span class='ocrx_word' id='word_1_442' title='bbox 3450 2360 3684 2428; x_wconf 88' lang='grc' dir='ltr'>νευρού-</span> 
     </span>
    </p>
   </div>
   <div class='ocr_carea' id='block_1_70' title="bbox 2108 2452 3687 2527">
    <p class='ocr_par' dir='ltr' id='par_1_70' title="bbox 2108 2452 3687 2527">
     <span class='ocr_line' id='line_1_70' title="bbox 2108 2452 3687 2527; baseline -0.003 -18"><span class='ocrx_word' id='word_1_443' title='bbox 2108 2475 2285 2527; x_wconf 90' lang='grc' dir='ltr'>μενος.</span> <span class='ocrx_word' id='word_1_444' title='bbox 2323 2456 2658 2525; x_wconf 79' lang='grc' dir='ltr'>Πιστεύομεν</span> <span class='ocrx_word' id='word_1_445' title='bbox 2682 2455 2790 2524; x_wconf 76' lang='grc' dir='ltr'><strong>γὰρ</strong></span> <span class='ocrx_word' id='word_1_446' title='bbox 2822 2454 3045 2508; x_wconf 86' lang='grc' dir='ltr'>πλείονά</span> <span class='ocrx_word' id='word_1_447' title='bbox 3086 2452 3144 2505; x_wconf 84' lang='grc' dir='ltr'><strong>σέ</strong></span> <span class='ocrx_word' id='word_1_448' title='bbox 3172 2452 3265 2506; x_wconf 83' lang='grc' dir='ltr'>νῦν</span> <span class='ocrx_word' id='word_1_449' title='bbox 3322 2452 3521 2523; x_wconf 78' lang='grc' dir='ltr'>μᾶλλον</span> <span class='ocrx_word' id='word_1_450' title='bbox 3557 2454 3687 2504; x_wconf 82' lang='grc' dir='ltr'>ἐπι-</span> 
     </span>
    </p>
   </div>
   <div class='ocr_carea' id='block_1_71' title="bbox 2104 2538 3688 2615">
    <p class='ocr_par' dir='ltr' id='par_1_71' title="bbox 2104 2538 3688 2615">
     <span class='ocr_line' id='line_1_71' title="bbox 2104 2538 3688 2615; baseline -0.004 -14"><span class='ocrx_word' id='word_1_451' title='bbox 2104 2547 2378 2612; x_wconf 83' lang='grc' dir='ltr'>δείξασθαι</span> <span class='ocrx_word' id='word_1_452' title='bbox 2418 2547 2597 2606; x_wconf 84' lang='grc' dir='ltr'>πόνον,</span> <span class='ocrx_word' id='word_1_453' title='bbox 2630 2547 2722 2599; x_wconf 85' lang='lat' dir='ltr'><strong>xui</strong></span> <span class='ocrx_word' id='word_1_454' title='bbox 2759 2546 2857 2614; x_wconf 76' lang='grc' dir='ltr'>τὴν</span> <span class='ocrx_word' id='word_1_455' title='bbox 2880 2545 3155 2615; x_wconf 83' lang='grc' dir='ltr'>προτέραν</span> <span class='ocrx_word' id='word_1_456' title='bbox 3186 2538 3355 2615; x_wconf 80' lang='grc' dir='ltr'>ἧτταν</span> <span class='ocrx_word' id='word_1_457' title='bbox 3406 2543 3688 2597; x_wconf 83' lang='grc' dir='ltr'>άναπαλέ-</span> 
     </span>
    </p>
   </div>
   <div class='ocr_carea' id='block_1_72' title="bbox 2109 2630 3690 2707">
    <p class='ocr_par' dir='ltr' id='par_1_72' title="bbox 2109 2630 3690 2707">
     <span class='ocr_line' id='line_1_72' title="bbox 2109 2630 3690 2707; baseline -0.003 -18"><span class='ocrx_word' id='word_1_458' title='bbox 2109 2655 2198 2691; x_wconf 91' lang='grc' dir='ltr'><strong>σαι</strong></span> <span class='ocrx_word' id='word_1_459' title='bbox 2242 2640 2306 2707; x_wconf 82' lang='grc' dir='ltr'>τῇ</span> <span class='ocrx_word' id='word_1_460' title='bbox 2340 2637 2475 2706; x_wconf 82' lang='grc' dir='ltr'>μετὰ</span> <span class='ocrx_word' id='word_1_461' title='bbox 2502 2637 2671 2706; x_wconf 76' lang='grc' dir='ltr'>ταῦτα</span> <span class='ocrx_word' id='word_1_462' title='bbox 2718 2635 2941 2705; x_wconf 84' lang='grc' dir='ltr'>σπουδῇ,</span> <span class='ocrx_word' id='word_1_463' title='bbox 2983 2634 3076 2686; x_wconf 89' lang='lat' dir='ltr'><strong>xui</strong></span> <span class='ocrx_word' id='word_1_464' title='bbox 3126 2630 3690 2701; x_wconf 79' lang='grc' dir='ltr'>καταστεφανωθῆναι</span> 
     </span>
    </p>
   </div>
   <div class='ocr_carea' id='block_1_73' title="bbox 2105 2721 3691 2794">
    <p class='ocr_par' dir='ltr' id='par_1_73' title="bbox 2105 2721 3691 2794">
     <span class='ocr_line' id='line_1_73' title="bbox 2105 2721 3691 2794; baseline -0.003 -15"><span class='ocrx_word' id='word_1_465' title='bbox 2105 2728 2200 2780; x_wconf 80' lang='grc' dir='ltr'><strong>τοῦ</strong></span> <span class='ocrx_word' id='word_1_466' title='bbox 2233 2726 2525 2780; x_wconf 80' lang='grc' dir='ltr'>ἀντιπάλου</span> <span class='ocrx_word' id='word_1_467' title='bbox 2552 2726 2644 2780; x_wconf 78' lang='grc' dir='ltr'>τοῦ</span> <span class='ocrx_word' id='word_1_468' title='bbox 2672 2724 3027 2794; x_wconf 81' lang='grc' dir='ltr'>ἐφθονηκὸτος</span> <span class='ocrx_word' id='word_1_469' title='bbox 3054 2740 3153 2777; x_wconf 91' lang='grc' dir='ltr'>σοι.</span> <span class='ocrx_word' id='word_1_470' title='bbox 3187 2722 3295 2775; x_wconf 75' lang='grc' dir='ltr'>Καὶ</span> <span class='ocrx_word' id='word_1_471' title='bbox 3335 2721 3582 2791; x_wconf 68' lang='grc' dir='ltr'>ὀψόμεθά</span> <span class='ocrx_word' id='word_1_472' title='bbox 3626 2738 3691 2774; x_wconf 84' lang='grc' dir='ltr'><strong>σε</strong></span> 
     </span>
    </p>
   </div>
   <div class='ocr_carea' id='block_1_74' title="bbox 2109 2816 3693 2889">
    <p class='ocr_par' dir='ltr' id='par_1_74' title="bbox 2109 2816 3693 2889">
     <span class='ocr_line' id='line_1_74' title="bbox 2109 2816 3693 2889; baseline -0.002 -17"><span class='ocrx_word' id='word_1_473' title='bbox 2109 2820 2229 2872; x_wconf 67' lang='grc' dir='ltr'>ἀντὶ</span> <span class='ocrx_word' id='word_1_474' title='bbox 2294 2818 2524 2889; x_wconf 76' lang='grc' dir='ltr'>κονύζης</span> <span class='ocrx_word' id='word_1_475' title='bbox 2569 2818 2665 2872; x_wconf 76' lang='grc' dir='ltr'>καὶ</span> <span class='ocrx_word' id='word_1_476' title='bbox 2730 2818 2947 2886; x_wconf 80' lang='grc' dir='ltr'>στοιϐἦς</span> <span class='ocrx_word' id='word_1_477' title='bbox 2982 2816 3293 2885; x_wconf 78' lang='grc' dir='ltr'>ἐλαχίστης,</span> <span class='ocrx_word' id='word_1_478' title='bbox 3344 2816 3693 2885; x_wconf 83' lang='grc' dir='ltr'>κυπάρισσον</span> 
     </span>
    </p>
   </div>
   <div class='ocr_carea' id='block_1_75' title="bbox 2112 2905 3693 2981">
    <p class='ocr_par' dir='ltr' id='par_1_75' title="bbox 2112 2905 3693 2981">
     <span class='ocr_line' id='line_1_75' title="bbox 2112 2905 3693 2981; baseline -0.003 -17"><span class='ocrx_word' id='word_1_479' title='bbox 2112 2911 2341 2981; x_wconf 74' lang='grc' dir='ltr'>ὑψηλὴν,</span> <span class='ocrx_word' id='word_1_480' title='bbox 2376 2912 2616 2979; x_wconf 81' lang='grc' dir='ltr'>ἄσηπτον</span> <span class='ocrx_word' id='word_1_481' title='bbox 2671 2908 3007 2977; x_wconf 59' lang='grc' dir='ltr'>κα“ι,εύώδη,</span> <span class='ocrx_word' id='word_1_482' title='bbox 3057 2908 3089 2978; x_wconf 85' lang='grc' dir='ltr'>ἢ</span> <span class='ocrx_word' id='word_1_483' title='bbox 3135 2907 3353 2976; x_wconf 82' lang='grc' dir='ltr'>φοίνικα</span> <span class='ocrx_word' id='word_1_484' title='bbox 3407 2905 3693 2976; x_wconf 74' lang='grc' dir='ltr'>εὔκαρπον</span> 
     </span>
    </p>
   </div>
   <div class='ocr_carea' id='block_1_76' title="bbox 2110 2997 3696 3072">
    <p class='ocr_par' dir='ltr' id='par_1_76' title="bbox 2110 2997 3696 3072">
     <span class='ocr_line' id='line_1_76' title="bbox 2110 2997 3696 3072; baseline -0.003 -17"><span class='ocrx_word' id='word_1_485' title='bbox 2110 3007 2220 3066; x_wconf 87' lang='grc' dir='ltr'>τοῖς</span> <span class='ocrx_word' id='word_1_486' title='bbox 2243 3002 2428 3072; x_wconf 73' lang='grc' dir='ltr'>κόλοψι</span> <span class='ocrx_word' id='word_1_487' title='bbox 2453 3002 2552 3070; x_wconf 83' lang='grc' dir='ltr'>τῆς</span> <span class='ocrx_word' id='word_1_488' title='bbox 2586 3000 2928 3071; x_wconf 81' lang='grc' dir='ltr'>ἐγκρατείας,</span> <span class='ocrx_word' id='word_1_489' title='bbox 2947 3000 3041 3052; x_wconf 88' lang='lat' dir='ltr'><strong>xui</strong></span> <span class='ocrx_word' id='word_1_490' title='bbox 3066 2998 3166 3067; x_wconf 83' lang='grc' dir='ltr'>τῆς</span> <span class='ocrx_word' id='word_1_491' title='bbox 3190 2997 3564 3061; x_wconf 86' lang='grc' dir='ltr'>κακοπαθείας</span> <span class='ocrx_word' id='word_1_492' title='bbox 3588 2998 3696 3067; x_wconf 84' lang='grc' dir='ltr'>τῆς</span> 
     </span>
    </p>
   </div>
   <div class='ocr_carea' id='block_1_77' title="bbox 2108 3090 3695 3165">
    <p class='ocr_par' dir='ltr' id='par_1_77' title="bbox 2108 3090 3695 3165">
     <span class='ocr_line' id='line_1_77' title="bbox 2108 3090 3695 3165; baseline -0.003 -17"><span class='ocrx_word' id='word_1_493' title='bbox 2108 3097 2380 3165; x_wconf 81' lang='grc' dir='ltr'>γλυκερᾶς</span> <span class='ocrx_word' id='word_1_494' title='bbox 2403 3097 2515 3157; x_wconf 85' lang='grc' dir='ltr'>τοῖς</span> <span class='ocrx_word' id='word_1_495' title='bbox 2554 3096 2831 3163; x_wconf 88' lang='grc' dir='ltr'>μετανοεῖν</span> <span class='ocrx_word' id='word_1_496' title='bbox 2858 3092 3201 3156; x_wconf 79' lang='grc' dir='ltr'>σπεύδουσιν,</span> <span class='ocrx_word' id='word_1_497' title='bbox 3235 3091 3541 3160; x_wconf 79' lang='grc' dir='ltr'>πλήττοντα</span> <span class='ocrx_word' id='word_1_498' title='bbox 3598 3090 3695 3144; x_wconf 80' lang='grc' dir='ltr'>τὸν</span> 
     </span>
    </p>
   </div>
   <div class='ocr_carea' id='block_1_78' title="bbox 2109 3168 3697 3258">
    <p class='ocr_par' dir='ltr' id='par_1_78' title="bbox 2109 3168 3697 3258">
     <span class='ocr_line' id='line_1_78' title="bbox 2109 3168 3697 3258; baseline -0.003 -18"><span class='ocrx_word' id='word_1_499' title='bbox 2109 3168 2389 3258; x_wconf 66' lang='grc' dir='ltr'>πλήξαντά</span> <span class='ocrx_word' id='word_1_500' title='bbox 2419 3204 2477 3239; x_wconf 92' lang='grc' dir='ltr'><strong>σε</strong></span> <span class='ocrx_word' id='word_1_501' title='bbox 2507 3186 2593 3240; x_wconf 79' lang='grc' dir='ltr'><strong>διὰ</strong></span> <span class='ocrx_word' id='word_1_502' title='bbox 2613 3188 2713 3256; x_wconf 80' lang='grc' dir='ltr'>τῆς</span> <span class='ocrx_word' id='word_1_503' title='bbox 2734 3185 3006 3255; x_wconf 85' lang='grc' dir='ltr'>ἁμαρτίας</span> <span class='ocrx_word' id='word_1_504' title='bbox 3022 3184 3281 3238; x_wconf 78' lang='grc' dir='ltr'>διάϐολον.</span> <span class='ocrx_word' id='word_1_505' title='bbox 3307 3183 3380 3235; x_wconf 84' lang='grc' dir='ltr'><strong>Τὸ</strong></span> <span class='ocrx_word' id='word_1_506' title='bbox 3398 3184 3509 3251; x_wconf 79' lang='grc' dir='ltr'><strong>γὰρ</strong></span> <span class='ocrx_word' id='word_1_507' title='bbox 3527 3182 3697 3236; x_wconf 84' lang='grc' dir='ltr'>ἐκού-</span> 
     </span>
    </p>
   </div>
   <div class='ocr_carea' id='block_1_79' title="bbox 2110 3273 3697 3347">
    <p class='ocr_par' dir='ltr' id='par_1_79' title="bbox 2110 3273 3697 3347">
     <span class='ocr_line' id='line_1_79' title="bbox 2110 3273 3697 3347; baseline -0.004 -17"><span class='ocrx_word' id='word_1_508' title='bbox 2110 3295 2221 3331; x_wconf 89' lang='grc' dir='ltr'>σιον</span> <span class='ocrx_word' id='word_1_509' title='bbox 2273 3278 2536 3347; x_wconf 74' lang='grc' dir='ltr'>θλιϐερὸν,</span> <span class='ocrx_word' id='word_1_510' title='bbox 2568 3276 2661 3329; x_wconf 84' lang='lat' dir='ltr'><strong>xui</strong></span> <span class='ocrx_word' id='word_1_511' title='bbox 2690 3276 2750 3327; x_wconf 67' lang='grc' dir='ltr'><strong>τὸ</strong></span> <span class='ocrx_word' id='word_1_512' title='bbox 2787 3273 2929 3327; x_wconf 83' lang='grc' dir='ltr'><strong>κατά</strong></span> <span class='ocrx_word' id='word_1_513' title='bbox 2971 3273 3226 3343; x_wconf 86' lang='grc' dir='ltr'>βούλησιν</span> <span class='ocrx_word' id='word_1_514' title='bbox 3268 3273 3526 3342; x_wconf 78' lang='grc' dir='ltr'>ὀδυνηρὸν</span> <span class='ocrx_word' id='word_1_515' title='bbox 3594 3273 3697 3325; x_wconf 83' lang='lat' dir='ltr'><strong>xui</strong></span> 
     </span>
    </p>
   </div>
   <div class='ocr_carea' id='block_1_80' title="bbox 2109 3363 3698 3437">
    <p class='ocr_par' dir='ltr' id='par_1_80' title="bbox 2109 3363 3698 3437">
     <span class='ocr_line' id='line_1_80' title="bbox 2109 3363 3698 3437; baseline -0.004 -16"><span class='ocrx_word' id='word_1_516' title='bbox 2109 3370 2361 3422; x_wconf 86' lang='grc' dir='ltr'>ἐπίπονον</span> <span class='ocrx_word' id='word_1_517' title='bbox 2398 3368 2496 3437; x_wconf 84' lang='grc' dir='ltr'>τῆς</span> <span class='ocrx_word' id='word_1_518' title='bbox 2537 3368 2708 3436; x_wconf 85' lang='grc' dir='ltr'>καλῆς</span> <span class='ocrx_word' id='word_1_519' title='bbox 2731 3363 3125 3431; x_wconf 86' lang='grc' dir='ltr'>κακοπαθείας,</span> <span class='ocrx_word' id='word_1_520' title='bbox 3149 3364 3328 3434; x_wconf 83' lang='grc' dir='ltr'>πολλῷ</span> <span class='ocrx_word' id='word_1_521' title='bbox 3356 3363 3698 3432; x_wconf 86' lang='grc' dir='ltr'>γλυκύτερόν</span> 
     </span>
    </p>
   </div>
   <div class='ocr_carea' id='block_1_81' title="bbox 2109 3454 3697 3531">
    <p class='ocr_par' dir='ltr' id='par_1_81' title="bbox 2109 3454 3697 3531">
     <span class='ocr_line' id='line_1_81' title="bbox 2109 3454 3697 3531; baseline -0.004 -17"><span class='ocrx_word' id='word_1_522' title='bbox 2109 3478 2169 3514; x_wconf 91' lang='grc' dir='ltr'><strong>τε</strong></span> <span class='ocrx_word' id='word_1_523' title='bbox 2210 3463 2305 3515; x_wconf 87' lang='lat' dir='ltr'><strong>xui</strong></span> <span class='ocrx_word' id='word_1_524' title='bbox 2362 3458 2771 3531; x_wconf 85' lang='grc' dir='ltr'>προτιμώτερον</span> <span class='ocrx_word' id='word_1_525' title='bbox 2818 3458 2919 3527; x_wconf 86' lang='grc' dir='ltr'>τῆς</span> <span class='ocrx_word' id='word_1_526' title='bbox 2958 3457 3215 3511; x_wconf 88' lang='grc' dir='ltr'>ἀκουσίου</span> <span class='ocrx_word' id='word_1_527' title='bbox 3246 3454 3609 3517; x_wconf 81' lang='grc' dir='ltr'>ἀναπαύσεώς</span> <span class='ocrx_word' id='word_1_528' title='bbox 3631 3471 3697 3508; x_wconf 85' lang='grc' dir='ltr'><strong>τε</strong></span> 
     </span>
    </p>
   </div>
   <div class='ocr_carea' id='block_1_82' title="bbox 2111 3545 3700 3623">
    <p class='ocr_par' dir='ltr' id='par_1_82' title="bbox 2111 3545 3700 3623">
     <span class='ocr_line' id='line_1_82' title="bbox 2111 3545 3700 3623; baseline -0.004 -17"><span class='ocrx_word' id='word_1_529' title='bbox 2111 3552 2206 3607; x_wconf 88' lang='lat' dir='ltr'><strong>xui</strong></span> <span class='ocrx_word' id='word_1_530' title='bbox 2260 3552 2524 3623; x_wconf 74' lang='grc' dir='ltr'>τέρψεως.</span> <span class='ocrx_word' id='word_1_531' title='bbox 2581 3551 2776 3604; x_wconf 87' lang='grc' dir='ltr'>Ἔσται</span> <span class='ocrx_word' id='word_1_532' title='bbox 2826 3549 3006 3602; x_wconf 86' lang='grc' dir='ltr'>τοίνυν</span> <span class='ocrx_word' id='word_1_533' title='bbox 3074 3550 3107 3616; x_wconf 83' lang='grc' dir='ltr'>ἡ</span> <span class='ocrx_word' id='word_1_534' title='bbox 3160 3548 3286 3611; x_wconf 79' lang='grc' dir='ltr'>δόξα</span> <span class='ocrx_word' id='word_1_535' title='bbox 3337 3546 3433 3601; x_wconf 80' lang='grc' dir='ltr'><strong>τοῦ</strong></span> <span class='ocrx_word' id='word_1_536' title='bbox 3497 3545 3700 3614; x_wconf 83' lang='grc' dir='ltr'>νοητοῦ</span> 
     </span>
    </p>
   </div>
   <div class='ocr_carea' id='block_1_83' title="bbox 2113 3636 3702 3713">
    <p class='ocr_par' dir='ltr' id='par_1_83' title="bbox 2113 3636 3702 3713">
     <span class='ocr_line' id='line_1_83' title="bbox 2113 3636 3702 3713; baseline -0.006 -16"><span class='ocrx_word' id='word_1_537' title='bbox 2113 3643 2263 3697; x_wconf 77' lang='grc' dir='ltr'>οἴκου</span> <span class='ocrx_word' id='word_1_538' title='bbox 2296 3661 2386 3697; x_wconf 89' lang='grc' dir='ltr'><strong>σου</strong></span> <span class='ocrx_word' id='word_1_539' title='bbox 2422 3644 2454 3713; x_wconf 86' lang='grc' dir='ltr'>ἡ</span> <span class='ocrx_word' id='word_1_540' title='bbox 2487 3642 2687 3711; x_wconf 81' lang='grc' dir='ltr'>ἐσχάτη</span> <span class='ocrx_word' id='word_1_541' title='bbox 2726 3640 2867 3712; x_wconf 77' lang='grc' dir='ltr'>ὑπὲρ</span> <span class='ocrx_word' id='word_1_542' title='bbox 2917 3639 3016 3710; x_wconf 81' lang='grc' dir='ltr'>τὴν</span> <span class='ocrx_word' id='word_1_543' title='bbox 3056 3636 3301 3710; x_wconf 85' lang='grc' dir='ltr'>πρώτην,</span> <span class='ocrx_word' id='word_1_544' title='bbox 3351 3637 3446 3690; x_wconf 88' lang='lat' dir='ltr'><strong>xui</strong></span> <span class='ocrx_word' id='word_1_545' title='bbox 3502 3636 3702 3705; x_wconf 86' lang='grc' dir='ltr'>θρόνον</span> 
     </span>
    </p>
   </div>
   <div class='ocr_carea' id='block_1_84' title="bbox 2113 3728 3545 3806">
    <p class='ocr_par' dir='ltr' id='par_1_84' title="bbox 2113 3728 3545 3806">
     <span class='ocr_line' id='line_1_84' title="bbox 2113 3728 3545 3806; baseline -0.004 -16"><span class='ocrx_word' id='word_1_546' title='bbox 2113 3736 2273 3806; x_wconf 75' lang='grc' dir='ltr'>δόξης</span> <span class='ocrx_word' id='word_1_547' title='bbox 2294 3734 2535 3805; x_wconf 86' lang='grc' dir='ltr'>κατακλη</span> <span class='ocrx_word' id='word_1_548' title='bbox 2545 3733 2881 3805; x_wconf 85' lang='grc' dir='ltr'>ρονομήσεις,</span> <span class='ocrx_word' id='word_1_549' title='bbox 2905 3732 2981 3794; x_wconf 84' lang='grc' dir='ltr'><strong>ὡς</strong></span> <span class='ocrx_word' id='word_1_550' title='bbox 3027 3731 3077 3784; x_wconf 79' lang='grc' dir='ltr'>οἱ</span> <span class='ocrx_word' id='word_1_551' title='bbox 3101 3728 3375 3801; x_wconf 85' lang='grc' dir='ltr'>προφῆταί</span> <span class='ocrx_word' id='word_1_552' title='bbox 3392 3745 3545 3799; x_wconf 87' lang='grc' dir='ltr'>φασι.</span> 
     </span>
    </p>
   </div>
   <div class='ocr_carea' id='block_1_85' title="bbox 2607 3908 3183 3974">
    <p class='ocr_par' dir='ltr' id='par_1_85' title="bbox 2607 3908 3183 3974">
     <span class='ocr_line' id='line_1_85' title="bbox 2607 3908 3183 3974; baseline -0.009 -10"><span class='ocrx_word' id='word_1_553' title='bbox 2607 3912 2750 3964; x_wconf 83' lang='grc' dir='ltr'><strong>ΡΟΓ¹</strong></span> <span class='ocrx_word' id='word_1_554' title='bbox 2782 3940 2849 3952; x_wconf 86' lang='lat'><strong>-—</strong></span> <span class='ocrx_word' id='word_1_555' title='bbox 2884 3910 2969 3974; x_wconf 82' lang='grc' dir='ltr'><strong>Τῷ</strong></span> <span class='ocrx_word' id='word_1_556' title='bbox 3003 3908 3183 3973; x_wconf 83' lang='grc' dir='ltr'>αὐτῷ.</span> 
     </span>
    </p>
   </div>
   <div class='ocr_carea' id='block_1_86' title="bbox 2189 3995 3705 4071">
    <p class='ocr_par' dir='ltr' id='par_1_86' title="bbox 2189 3995 3705 4071">
     <span class='ocr_line' id='line_1_86' title="bbox 2189 3995 3705 4071; baseline -0.005 -14"><span class='ocrx_word' id='word_1_557' title='bbox 2189 4001 2348 4065; x_wconf 83' lang='grc' dir='ltr'>Οἶκος</span> <span class='ocrx_word' id='word_1_558' title='bbox 2369 4000 2559 4071; x_wconf 73' lang='grc' dir='ltr'>ῖψυχῆς</span> <span class='ocrx_word' id='word_1_559' title='bbox 2607 4002 2640 4069; x_wconf 83' lang='grc' dir='ltr'>ἡ</span> <span class='ocrx_word' id='word_1_560' title='bbox 2688 4000 2918 4052; x_wconf 80' lang='grc' dir='ltr'>ἑκάστου</span> <span class='ocrx_word' id='word_1_561' title='bbox 2972 3996 3266 4068; x_wconf 85' lang='grc' dir='ltr'>προσώπου</span> <span class='ocrx_word' id='word_1_562' title='bbox 3305 3995 3547 4065; x_wconf 77' lang='grc' dir='ltr'>διαγωγὴ</span> <span class='ocrx_word' id='word_1_563' title='bbox 3600 3997 3705 4053; x_wconf 77' lang='lat' dir='ltr'><strong>xui</strong></span> 
     </span>
    </p>
   </div>
   <div class='ocr_carea' id='block_1_87' title="bbox 2117 4084 3704 4160">
    <p class='ocr_par' dir='ltr' id='par_1_87' title="bbox 2117 4084 3704 4160">
     <span class='ocr_line' id='line_1_87' title="bbox 2117 4084 3704 4160; baseline -0.005 -12"><span class='ocrx_word' id='word_1_564' title='bbox 2117 4095 2448 4158; x_wconf 81' lang='grc' dir='ltr'>κατάστασις</span> <span class='ocrx_word' id='word_1_565' title='bbox 2479 4093 2715 4160; x_wconf 80' lang='grc' dir='ltr'>λέγεται.</span> <span class='ocrx_word' id='word_1_566' title='bbox 2784 4092 2939 4143; x_wconf 87' lang='grc' dir='ltr'>Ἔστι</span> <span class='ocrx_word' id='word_1_567' title='bbox 2983 4089 3092 4160; x_wconf 80' lang='grc' dir='ltr'><strong>γὰρ</strong></span> <span class='ocrx_word' id='word_1_568' title='bbox 3135 4084 3281 4151; x_wconf 73' lang='grc' dir='ltr'>οἶκος</span> <span class='ocrx_word' id='word_1_569' title='bbox 3329 4088 3704 4159; x_wconf 74' lang='grc' dir='ltr'>δικαιοσύνης,</span> 
     </span>
    </p>
   </div>
   <div class='ocr_carea' id='block_1_88' title="bbox 2118 4178 3706 4256">
    <p class='ocr_par' dir='ltr' id='par_1_88' title="bbox 2118 4178 3706 4256">
     <span class='ocr_line' id='line_1_88' title="bbox 2118 4178 3706 4256; baseline -0.004 -15"><span class='ocrx_word' id='word_1_570' title='bbox 2118 4189 2211 4242; x_wconf 83' lang='lat' dir='ltr'><strong>xui</strong></span> <span class='ocrx_word' id='word_1_571' title='bbox 2226 4184 2372 4249; x_wconf 76' lang='grc' dir='ltr'>οἶκος</span> <span class='ocrx_word' id='word_1_572' title='bbox 2397 4184 2665 4256; x_wconf 88' lang='grc' dir='ltr'>ἀνδρείας,</span> <span class='ocrx_word' id='word_1_573' title='bbox 2692 4182 2785 4236; x_wconf 86' lang='lat' dir='ltr'><strong>xui</strong></span> <span class='ocrx_word' id='word_1_574' title='bbox 2813 4178 2961 4245; x_wconf 75' lang='grc' dir='ltr'>οἶκος</span> <span class='ocrx_word' id='word_1_575' title='bbox 3018 4181 3391 4255; x_wconf 81' lang='grc' dir='ltr'>σωφροσύνης,</span> <span class='ocrx_word' id='word_1_576' title='bbox 3445 4180 3541 4235; x_wconf 88' lang='lat' dir='ltr'><strong>xui</strong></span> <span class='ocrx_word' id='word_1_577' title='bbox 3589 4182 3706 4235; x_wconf 83' lang='grc' dir='ltr'><strong>τῶν</strong></span> 
     </span>
    </p>
   </div>
   <div class='ocr_carea' id='block_1_89' title="bbox 444 4268 2000 4348">
    <p class='ocr_par' dir='ltr' id='par_1_89' title="bbox 444 4270 2000 4339">
     <span class='ocr_line' id='line_1_89' title="bbox 444 4270 2000 4339; baseline 0.002 -16"><span class='ocrx_word' id='word_1_578' title='bbox 444 4270 575 4323; x_wconf 90' lang='lat' dir='ltr'><strong>lium</strong></span> <span class='ocrx_word' id='word_1_579' title='bbox 614 4288 628 4324; x_wconf 87' lang='lat'><strong>:</strong></span> <span class='ocrx_word' id='word_1_580' title='bbox 670 4280 724 4325; x_wconf 91' lang='lat' dir='ltr'><strong>et</strong></span> <span class='ocrx_word' id='word_1_581' title='bbox 754 4271 872 4324; x_wconf 90' lang='lat' dir='ltr'><strong>vice</strong></span> <span class='ocrx_word' id='word_1_582' title='bbox 899 4286 1080 4337; x_wconf 88' lang='lat' dir='ltr'><strong>versa,</strong></span> <span class='ocrx_word' id='word_1_583' title='bbox 1121 4270 1316 4327; x_wconf 91' lang='lat' dir='ltr'><strong>domus</strong></span> <span class='ocrx_word' id='word_1_584' title='bbox 1352 4272 1660 4339; x_wconf 72' lang='lat' dir='ltr'><strong>injustitiae,</strong></span> <span class='ocrx_word' id='word_1_585' title='bbox 1703 4274 1897 4327; x_wconf 89' lang='lat' dir='ltr'><strong>domus</strong></span> <span class='ocrx_word' id='word_1_586' title='bbox 1951 4273 2000 4326; x_wconf 88' lang='lat' dir='ltr'><strong>ti-</strong></span> 
     </span>
    </p>
   </div>
   <div class='ocr_carea' id='block_1_90' title="bbox 2111 4268 3705 4348">
    <p class='ocr_par' dir='ltr' id='par_1_90' title="bbox 2121 4268 3705 4348">
     <span class='ocr_line' id='line_1_90' title="bbox 2121 4268 3705 4348; baseline -0.006 -15"><span class='ocrx_word' id='word_1_587' title='bbox 2121 4279 2248 4348; x_wconf 83' lang='grc' dir='ltr'>ἐξῆς</span> <span class='ocrx_word' id='word_1_588' title='bbox 2286 4294 2299 4306; x_wconf 77' lang='grc'><strong>⁸</strong></span> <span class='ocrx_word' id='word_1_589' title='bbox 2326 4277 2420 4330; x_wconf 89' lang='lat' dir='ltr'><strong>xui</strong></span> <span class='ocrx_word' id='word_1_590' title='bbox 2447 4277 2510 4328; x_wconf 81' lang='grc' dir='ltr'><strong>ἐκ</strong></span> <span class='ocrx_word' id='word_1_591' title='bbox 2542 4274 2636 4328; x_wconf 77' lang='grc' dir='ltr'><strong>τοῦ</strong></span> <span class='ocrx_word' id='word_1_592' title='bbox 2667 4273 2935 4338; x_wconf 87' lang='grc' dir='ltr'>ἐναντίου,</span> <span class='ocrx_word' id='word_1_593' title='bbox 2966 4268 3119 4332; x_wconf 78' lang='grc' dir='ltr'>οἶκος</span> <span class='ocrx_word' id='word_1_594' title='bbox 3146 4272 3382 4335; x_wconf 83' lang='grc' dir='ltr'>ἀδικίας,</span> <span class='ocrx_word' id='word_1_595' title='bbox 3418 4273 3513 4324; x_wconf 88' lang='lat' dir='ltr'><strong>xui</strong></span> <span class='ocrx_word' id='word_1_596' title='bbox 3548 4269 3705 4335; x_wconf 76' lang='grc' dir='ltr'>οἶκος</span> 
     </span>
    </p>
   </div>
   <div class='ocr_carea' id='block_1_91' title="bbox 445 4357 2000 4448">
    <p class='ocr_par' dir='ltr' id='par_1_91' title="bbox 445 4357 2000 4425">
     <span class='ocr_line' id='line_1_91' title="bbox 445 4357 2000 4425; baseline 0.003 -12"><span class='ocrx_word' id='word_1_597' title='bbox 445 4358 637 4420; x_wconf 87' lang='lat' dir='ltr'><strong>moris.</strong></span> <span class='ocrx_word' id='word_1_598' title='bbox 667 4359 862 4413; x_wconf 86' lang='lat' dir='ltr'><strong>domus</strong></span> <span class='ocrx_word' id='word_1_599' title='bbox 894 4357 1289 4425; x_wconf 76' lang='lat' dir='ltr'><strong>fornicationis,</strong></span> <span class='ocrx_word' id='word_1_600' title='bbox 1324 4370 1378 4416; x_wconf 89' lang='lat' dir='ltr'><strong>et</strong></span> <span class='ocrx_word' id='word_1_601' title='bbox 1420 4363 1506 4416; x_wconf 89' lang='lat' dir='ltr'><strong>his</strong></span> <span class='ocrx_word' id='word_1_602' title='bbox 1533 4364 1803 4417; x_wconf 88' lang='lat' dir='ltr'><strong>simillima</strong></span> <span class='ocrx_word' id='word_1_603' title='bbox 1838 4381 1851 4417; x_wconf 91' lang='lat'><strong>:</strong></span> <span class='ocrx_word' id='word_1_604' title='bbox 1884 4364 2000 4417; x_wconf 72' lang='lat' dir='ltr'><strong>illut</strong></span> 
     </span>
    </p>
   </div>
   <div class='ocr_carea' id='block_1_92' title="bbox 2111 4357 3706 4448">
    <p class='ocr_par' dir='ltr' id='par_1_92' title="bbox 2119 4360 3706 4435">
     <span class='ocr_line' id='line_1_92' title="bbox 2119 4360 3706 4435; baseline -0.006 -12"><span class='ocrx_word' id='word_1_605' title='bbox 2119 4369 2338 4433; x_wconf 84' lang='grc' dir='ltr'>δειλίας,</span> <span class='ocrx_word' id='word_1_606' title='bbox 2359 4366 2451 4420; x_wconf 85' lang='lat' dir='ltr'><strong>xui</strong></span> <span class='ocrx_word' id='word_1_607' title='bbox 2481 4360 2627 4428; x_wconf 80' lang='grc' dir='ltr'>οἶκος</span> <span class='ocrx_word' id='word_1_608' title='bbox 2642 4363 2920 4435; x_wconf 88' lang='grc' dir='ltr'>πορνείας,</span> <span class='ocrx_word' id='word_1_609' title='bbox 2945 4364 3041 4416; x_wconf 89' lang='lat' dir='ltr'><strong>xui</strong></span> <span class='ocrx_word' id='word_1_610' title='bbox 3071 4362 3177 4415; x_wconf 85' lang='grc' dir='ltr'>τῶν</span> <span class='ocrx_word' id='word_1_611' title='bbox 3201 4362 3345 4431; x_wconf 78' lang='grc' dir='ltr'>ἑξῆς.</span> <span class='ocrx_word' id='word_1_612' title='bbox 3380 4361 3454 4413; x_wconf 83' lang='grc' dir='ltr'><strong>Τὸ</strong></span> <span class='ocrx_word' id='word_1_613' title='bbox 3479 4362 3663 4415; x_wconf 84' lang='grc' dir='ltr'>τοίνυν</span> <span class='ocrx_word' id='word_1_614' title='bbox 3684 4404 3706 4429; x_wconf 82' lang='grc'><strong>,</strong></span> 
     </span>
    </p>
   </div>
   <div class='ocr_carea' id='block_1_93' title="bbox 445 4448 2000 4531">
    <p class='ocr_par' dir='ltr' id='par_1_93' title="bbox 445 4448 2000 4518">
     <span class='ocr_line' id='line_1_93' title="bbox 445 4448 2000 4518; baseline 0.004 -15"><span class='ocrx_word' id='word_1_615' title='bbox 445 4449 630 4518; x_wconf 87' lang='lat' dir='ltr'><strong>itaque</strong></span> <span class='ocrx_word' id='word_1_616' title='bbox 664 4468 678 4502; x_wconf 88' lang='lat'><strong>:</strong></span> <span class='ocrx_word' id='word_1_617' title='bbox 714 4448 921 4518; x_wconf 78' lang='lat' dir='ltr'><strong>Repleti</strong></span> <span class='ocrx_word' id='word_1_618' title='bbox 958 4461 1088 4505; x_wconf 90' lang='lat' dir='ltr'><strong>sunt</strong></span> <span class='ocrx_word' id='word_1_619' title='bbox 1129 4453 1466 4508; x_wconf 85' lang='lat' dir='ltr'><strong>ohtenebrati</strong></span> <span class='ocrx_word' id='word_1_620' title='bbox 1531 4463 1692 4510; x_wconf 69' lang='lat' dir='ltr'><strong>terrae</strong></span> <span class='ocrx_word' id='word_1_621' title='bbox 1744 4456 2000 4509; x_wconf 90' lang='lat' dir='ltr'><strong>domibus</strong></span> 
     </span>
    </p>
   </div>
   <div class='ocr_carea' id='block_1_94' title="bbox 2111 4448 3708 4531">
    <p class='ocr_par' dir='ltr' id='par_1_94' title="bbox 2117 4453 3708 4531">
     <span class='ocr_line' id='line_1_94' title="bbox 2117 4453 3708 4531; baseline -0.007 -16"><span class='ocrx_word' id='word_1_622' title='bbox 2117 4482 2137 4516; x_wconf 83' lang='grc'><strong>‹</strong></span> <span class='ocrx_word' id='word_1_623' title='bbox 2170 4458 2600 4531; x_wconf 87' lang='grc' dir='ltr'>Ἐπληρὼθησαν</span> <span class='ocrx_word' id='word_1_624' title='bbox 2623 4460 2671 4510; x_wconf 83' lang='grc' dir='ltr'>οἱ</span> <span class='ocrx_word' id='word_1_625' title='bbox 2707 4455 3079 4526; x_wconf 75' lang='grc' dir='ltr'>ἐσκοτωμένοι</span> <span class='ocrx_word' id='word_1_626' title='bbox 3107 4455 3206 4524; x_wconf 84' lang='grc' dir='ltr'>τῆς</span> <span class='ocrx_word' id='word_1_627' title='bbox 3236 4457 3340 4524; x_wconf 81' lang='grc' dir='ltr'>γῆς</span> <span class='ocrx_word' id='word_1_628' title='bbox 3373 4453 3537 4507; x_wconf 79' lang='grc' dir='ltr'>οίκων</span> <span class='ocrx_word' id='word_1_629' title='bbox 3572 4455 3708 4509; x_wconf 85' lang='grc' dir='ltr'>ἀνο-</span> 
     </span>
    </p>
   </div>
   <div class='ocr_carea' id='block_1_95' title="bbox 447 4542 2000 4626">
    <p class='ocr_par' dir='ltr' id='par_1_95' title="bbox 447 4542 2000 4610">
     <span class='ocr_line' id='line_1_95' title="bbox 447 4542 2000 4610; baseline 0.006 -15"><span class='ocrx_word' id='word_1_630' title='bbox 447 4542 784 4610; x_wconf 90' lang='lat' dir='ltr'><strong>impietatnm</strong></span> <span class='ocrx_word' id='word_1_631' title='bbox 809 4544 875 4609; x_wconf 70' lang='grc'><strong>⁸⁸,</strong></span> <span class='ocrx_word' id='word_1_632' title='bbox 927 4546 1112 4600; x_wconf 90' lang='lat' dir='ltr'><strong>multis</strong></span> <span class='ocrx_word' id='word_1_633' title='bbox 1154 4548 1361 4601; x_wconf 89' lang='lat' dir='ltr'><strong>scilicet</strong></span> <span class='ocrx_word' id='word_1_634' title='bbox 1408 4564 1472 4601; x_wconf 91' lang='lat' dir='ltr'><strong>ac</strong></span> <span class='ocrx_word' id='word_1_635' title='bbox 1524 4550 1691 4603; x_wconf 86' lang='lat' dir='ltr'><strong>variis</strong></span> <span class='ocrx_word' id='word_1_636' title='bbox 1732 4551 2000 4604; x_wconf 72' lang='lat' dir='ltr'><strong>aﬂectibu:</strong></span> 
     </span>
    </p>
   </div>
   <div class='ocr_carea' id='block_1_96' title="bbox 2111 4542 3706 4626">
    <p class='ocr_par' dir='ltr' id='par_1_96' title="bbox 2117 4544 3706 4626">
     <span class='ocr_line' id='line_1_96' title="bbox 2117 4544 3706 4626; baseline -0.004 -21"><span class='ocrx_word' id='word_1_637' title='bbox 2117 4554 2276 4626; x_wconf 83' lang='grc' dir='ltr'>μιῶν,</span> <span class='ocrx_word' id='word_1_638' title='bbox 2307 4572 2324 4602; x_wconf 77' lang='grc' dir='ltr'><strong>ι</strong></span> <span class='ocrx_word' id='word_1_639' title='bbox 2356 4550 2599 4604; x_wconf 84' lang='grc' dir='ltr'>τουτέστι</span> <span class='ocrx_word' id='word_1_640' title='bbox 2624 4547 2833 4601; x_wconf 82' lang='grc' dir='ltr'>πολλῶν</span> <span class='ocrx_word' id='word_1_641' title='bbox 2864 4546 2959 4600; x_wconf 88' lang='lat' dir='ltr'><strong>xui</strong></span> <span class='ocrx_word' id='word_1_642' title='bbox 2983 4546 3242 4599; x_wconf 87' lang='grc' dir='ltr'>ποικίλων</span> <span class='ocrx_word' id='word_1_643' title='bbox 3270 4544 3481 4610; x_wconf 84' lang='grc' dir='ltr'>παθῶν,</span> <span class='ocrx_word' id='word_1_644' title='bbox 3514 4546 3706 4599; x_wconf 81' lang='grc' dir='ltr'>ἀνοσι-</span> 
     </span>
    </p>
   </div>
   <div class='ocr_carea' id='block_1_97' title="bbox 447 4632 2000 4714">
    <p class='ocr_par' dir='ltr' id='par_1_97' title="bbox 447 4632 1969 4707">
     <span class='ocr_line' id='line_1_97' title="bbox 447 4632 1969 4707; baseline 0.005 -21"><span class='ocrx_word' id='word_1_645' title='bbox 447 4632 745 4702; x_wconf 86' lang='lat' dir='ltr'><strong>impietatis</strong></span> <span class='ocrx_word' id='word_1_646' title='bbox 781 4642 835 4687; x_wconf 91' lang='lat' dir='ltr'><strong>et</strong></span> <span class='ocrx_word' id='word_1_647' title='bbox 871 4635 1177 4705; x_wconf 81' lang='lat' dir='ltr'><strong>iniquitatis</strong></span> <span class='ocrx_word' id='word_1_648' title='bbox 1230 4639 1429 4707; x_wconf 91' lang='lat' dir='ltr'><strong>oppleti</strong></span> <span class='ocrx_word' id='word_1_649' title='bbox 1480 4647 1627 4693; x_wconf 90' lang='lat' dir='ltr'><strong>sunt.</strong></span> <span class='ocrx_word' id='word_1_650' title='bbox 1662 4640 1797 4693; x_wconf 92' lang='lat' dir='ltr'><strong>Illud</strong></span> <span class='ocrx_word' id='word_1_651' title='bbox 1840 4656 1969 4695; x_wconf 88' lang='lat' dir='ltr'><strong>vero</strong></span> 
     </span>
    </p>
   </div>
   <div class='ocr_carea' id='block_1_98' title="bbox 2111 4632 3711 4714">
    <p class='ocr_par' dir='ltr' id='par_1_98' title="bbox 2113 4632 3711 4714">
     <span class='ocr_line' id='line_1_98' title="bbox 2113 4632 3711 4714; baseline -0.008 -17"><span class='ocrx_word' id='word_1_652' title='bbox 2113 4662 2172 4698; x_wconf 94' lang='grc' dir='ltr'><strong>ου</strong></span> <span class='ocrx_word' id='word_1_653' title='bbox 2182 4644 2359 4714; x_wconf 82' lang='grc' dir='ltr'>ργίας,</span> <span class='ocrx_word' id='word_1_654' title='bbox 2382 4640 2478 4693; x_wconf 90' lang='lat' dir='ltr'><strong>xui</strong></span> <span class='ocrx_word' id='word_1_655' title='bbox 2506 4637 2849 4709; x_wconf 74' lang='grc' dir='ltr'>παρανομίας</span> <span class='ocrx_word' id='word_1_656' title='bbox 2874 4636 3271 4707; x_wconf 85' lang='grc' dir='ltr'>μεμέστωνται.</span> <span class='ocrx_word' id='word_1_657' title='bbox 3297 4634 3371 4687; x_wconf 84' lang='grc' dir='ltr'><strong>Τὸ</strong></span> <span class='ocrx_word' id='word_1_658' title='bbox 3388 4632 3443 4686; x_wconf 76' lang='grc' dir='ltr'>δὲ</span> <span class='ocrx_word' id='word_1_659' title='bbox 3463 4674 3478 4698; x_wconf 95' lang='grc'><strong>,</strong></span> <span class='ocrx_word' id='word_1_660' title='bbox 3503 4652 3521 4684; x_wconf 79' lang='grc' dir='ltr'><strong>ι</strong></span> <span class='ocrx_word' id='word_1_661' title='bbox 3544 4634 3711 4704; x_wconf 82' lang='grc' dir='ltr'><strong>Ἀλή-</strong></span> 
     </span>
    </p>
   </div>
   <div class='ocr_carea' id='block_1_99' title="bbox 454 4726 2000 4801">
    <p class='ocr_par' dir='ltr' id='par_1_99' title="bbox 454 4726 2000 4800">
     <span class='ocr_line' id='line_1_99' title="bbox 454 4726 2000 4800; baseline 0.006 -21"><span class='ocrx_word' id='word_1_662' title='bbox 454 4746 474 4779; x_wconf 77' lang='grc' dir='ltr'><strong>ι</strong></span> <span class='ocrx_word' id='word_1_663' title='bbox 516 4726 731 4782; x_wconf 79' lang='lat' dir='ltr'><strong>Veritas</strong></span> <span class='ocrx_word' id='word_1_664' title='bbox 771 4744 834 4781; x_wconf 82' lang='lat' dir='ltr'><strong>ex</strong></span> <span class='ocrx_word' id='word_1_665' title='bbox 877 4738 1022 4783; x_wconf 89' lang='lat' dir='ltr'><strong>terra</strong></span> <span class='ocrx_word' id='word_1_666' title='bbox 1067 4741 1186 4783; x_wconf 89' lang='lat' dir='ltr'><strong>orta</strong></span> <span class='ocrx_word' id='word_1_667' title='bbox 1238 4739 1350 4794; x_wconf 89' lang='lat' dir='ltr'><strong>est,</strong></span> <span class='ocrx_word' id='word_1_668' title='bbox 1402 4740 1455 4785; x_wconf 89' lang='lat' dir='ltr'><strong>et</strong></span> <span class='ocrx_word' id='word_1_669' title='bbox 1498 4733 1714 4800; x_wconf 90' lang='lat' dir='ltr'><strong>justitia</strong></span> <span class='ocrx_word' id='word_1_670' title='bbox 1766 4736 1829 4788; x_wconf 90' lang='lat' dir='ltr'><strong>de</strong></span> <span class='ocrx_word' id='word_1_671' title='bbox 1880 4736 2000 4788; x_wconf 74' lang='grc' dir='ltr'>οωιι</span> 
     </span>
    </p>
   </div>
   <div class='ocr_carea' id='block_1_100' title="bbox 2111 4726 3713 4801">
    <p class='ocr_par' dir='ltr' id='par_1_100' title="bbox 2120 4726 3713 4801">
     <span class='ocr_line' id='line_1_100' title="bbox 2120 4726 3713 4801; baseline -0.006 -12"><span class='ocrx_word' id='word_1_672' title='bbox 2120 4736 2239 4791; x_wconf 91' lang='grc' dir='ltr'>θεια</span> <span class='ocrx_word' id='word_1_673' title='bbox 2290 4737 2353 4787; x_wconf 84' lang='grc' dir='ltr'><strong>ἐκ</strong></span> <span class='ocrx_word' id='word_1_674' title='bbox 2404 4733 2500 4801; x_wconf 82' lang='grc' dir='ltr'>τῆς</span> <span class='ocrx_word' id='word_1_675' title='bbox 2560 4731 2665 4800; x_wconf 81' lang='grc' dir='ltr'>γῆς</span> <span class='ocrx_word' id='word_1_676' title='bbox 2715 4728 2976 4793; x_wconf 82' lang='grc' dir='ltr'>ἀνέτειλε,</span> <span class='ocrx_word' id='word_1_677' title='bbox 3028 4726 3123 4780; x_wconf 88' lang='lat' dir='ltr'><strong>xui</strong></span> <span class='ocrx_word' id='word_1_678' title='bbox 3172 4726 3485 4797; x_wconf 80' lang='grc' dir='ltr'>δικαιοσύνη</span> <span class='ocrx_word' id='word_1_679' title='bbox 3515 4728 3581 4778; x_wconf 85' lang='grc' dir='ltr'><strong>ἐκ</strong></span> <span class='ocrx_word' id='word_1_680' title='bbox 3609 4726 3713 4779; x_wconf 73' lang='grc' dir='ltr'>τοῦ</span> 
     </span>
    </p>
   </div>
   <div class='ocr_carea' id='block_1_101' title="bbox 448 4819 2000 4898">
    <p class='ocr_par' dir='ltr' id='par_1_101' title="bbox 448 4821 2000 4896">
     <span class='ocr_line' id='line_1_101' title="bbox 448 4821 2000 4896; baseline 0.005 -24"><span class='ocrx_word' id='word_1_681' title='bbox 448 4822 732 4889; x_wconf 70' lang='lat' dir='ltr'><strong>prospexit</strong></span> <span class='ocrx_word' id='word_1_682' title='bbox 755 4821 823 4883; x_wconf 68' lang='lat'><strong>’9,</strong></span> <span class='ocrx_word' id='word_1_683' title='bbox 865 4840 883 4872; x_wconf 82' lang='grc'><strong>›</strong></span> <span class='ocrx_word' id='word_1_684' title='bbox 920 4824 964 4874; x_wconf 91' lang='lat' dir='ltr'><strong>si</strong></span> <span class='ocrx_word' id='word_1_685' title='bbox 1001 4822 1066 4874; x_wconf 90' lang='lat' dir='ltr'><strong>ad</strong></span> <span class='ocrx_word' id='word_1_686' title='bbox 1117 4838 1298 4877; x_wconf 89' lang='lat' dir='ltr'><strong>mores</strong></span> <span class='ocrx_word' id='word_1_687' title='bbox 1346 4825 1612 4889; x_wconf 87' lang='lat' dir='ltr'><strong>attrahas,</strong></span> <span class='ocrx_word' id='word_1_688' title='bbox 1647 4834 1791 4879; x_wconf 90' lang='lat' dir='ltr'><strong>terra</strong></span> <span class='ocrx_word' id='word_1_689' title='bbox 1822 4842 2000 4896; x_wconf 77' lang='lat' dir='ltr'><strong>corpu:</strong></span> 
     </span>
    </p>
   </div>
   <div class='ocr_carea' id='block_1_102' title="bbox 2111 4819 3713 4898">
    <p class='ocr_par' dir='ltr' id='par_1_102' title="bbox 2125 4819 3713 4898">
     <span class='ocr_line' id='line_1_102' title="bbox 2125 4819 3713 4898; baseline -0.006 -17"><span class='ocrx_word' id='word_1_690' title='bbox 2125 4826 2360 4898; x_wconf 76' lang='grc' dir='ltr'>ούρανοῦ</span> <span class='ocrx_word' id='word_1_691' title='bbox 2394 4823 2666 4892; x_wconf 81' lang='grc' dir='ltr'>διέκυψεν,</span> <span class='ocrx_word' id='word_1_692' title='bbox 2696 4842 2715 4874; x_wconf 77' lang='grc' dir='ltr'><strong>ι</strong></span> <span class='ocrx_word' id='word_1_693' title='bbox 2749 4820 2957 4892; x_wconf 75' lang='grc' dir='ltr'>ἠθικῶς</span> <span class='ocrx_word' id='word_1_694' title='bbox 2975 4819 3285 4890; x_wconf 87' lang='grc' dir='ltr'>νοούμενον,</span> <span class='ocrx_word' id='word_1_695' title='bbox 3308 4819 3413 4888; x_wconf 84' lang='grc' dir='ltr'>γῆν</span> <span class='ocrx_word' id='word_1_696' title='bbox 3446 4820 3713 4889; x_wconf 84' lang='grc' dir='ltr'>σημαίνει</span> 
     </span>
    </p>
   </div>
   <div class='ocr_carea' id='block_1_103' title="bbox 449 4910 2000 4987">
    <p class='ocr_par' dir='ltr' id='par_1_103' title="bbox 449 4912 2000 4987">
     <span class='ocr_line' id='line_1_103' title="bbox 449 4912 2000 4987; baseline 0.006 -24"><span class='ocrx_word' id='word_1_697' title='bbox 449 4913 703 4981; x_wconf 79' lang='lat' dir='ltr'><strong>designat</strong></span> <span class='ocrx_word' id='word_1_698' title='bbox 739 4912 948 4968; x_wconf 80' lang='lat' dir='ltr'><strong>fructus</strong></span> <span class='ocrx_word' id='word_1_699' title='bbox 976 4916 1326 4969; x_wconf 64' lang='lat' dir='ltr'><strong>continentia:</strong></span> <span class='ocrx_word' id='word_1_700' title='bbox 1348 4918 1635 4983; x_wconf 87' lang='lat' dir='ltr'><strong>emittens;</strong></span> <span class='ocrx_word' id='word_1_701' title='bbox 1669 4919 2000 4987; x_wconf 85' lang='lat' dir='ltr'><strong>quemadmo</strong></span> 
     </span>
    </p>
   </div>
   <div class='ocr_carea' id='block_1_104' title="bbox 2111 4910 3717 4987">
    <p class='ocr_par' dir='ltr' id='par_1_104' title="bbox 2125 4910 3717 4987">
     <span class='ocr_line' id='line_1_104' title="bbox 2125 4910 3717 4987; baseline -0.007 -16"><span class='ocrx_word' id='word_1_702' title='bbox 2125 4919 2188 4971; x_wconf 79' lang='grc' dir='ltr'>τὸ</span> <span class='ocrx_word' id='word_1_703' title='bbox 2222 4918 2381 4987; x_wconf 80' lang='grc' dir='ltr'>σῶμα</span> <span class='ocrx_word' id='word_1_704' title='bbox 2427 4913 2829 4967; x_wconf 74' lang='grc' dir='ltr'>ἀναδλαστάνον</span> <span class='ocrx_word' id='word_1_705' title='bbox 2875 4912 3000 4975; x_wconf 81' lang='grc' dir='ltr'>τοὺς</span> <span class='ocrx_word' id='word_1_706' title='bbox 3053 4910 3299 4981; x_wconf 80' lang='grc' dir='ltr'>καρποὺς</span> <span class='ocrx_word' id='word_1_707' title='bbox 3339 4910 3442 4978; x_wconf 74' lang='grc' dir='ltr'>τῆς</span> <span class='ocrx_word' id='word_1_708' title='bbox 3494 4927 3717 4979; x_wconf 77' lang='grc' dir='ltr'>σωφρο-</span> 
     </span>
    </p>
   </div>
   <div class='ocr_carea' id='block_1_105' title="bbox 451 5002 2022 5075">
    <p class='ocr_par' dir='ltr' id='par_1_105' title="bbox 451 5002 2022 5075">
     <span class='ocr_line' id='line_1_105' title="bbox 451 5002 2022 5075; baseline 0.005 -20"><span class='ocrx_word' id='word_1_709' title='bbox 451 5003 579 5055; x_wconf 86' lang='lat' dir='ltr'><strong>dum</strong></span> <span class='ocrx_word' id='word_1_710' title='bbox 599 5012 651 5056; x_wconf 85' lang='lat' dir='ltr'><strong>et</strong></span> <span class='ocrx_word' id='word_1_711' title='bbox 678 5003 806 5056; x_wconf 90' lang='lat' dir='ltr'><strong>illud</strong></span> <span class='ocrx_word' id='word_1_712' title='bbox 834 5023 845 5057; x_wconf 92' lang='lat'><strong>:</strong></span> <span class='ocrx_word' id='word_1_713' title='bbox 870 5002 1203 5059; x_wconf 84' lang='lat' dir='ltr'><strong>Germinavit</strong></span> <span class='ocrx_word' id='word_1_714' title='bbox 1222 5021 1352 5061; x_wconf 89' lang='lat' dir='ltr'><strong>caro</strong></span> <span class='ocrx_word' id='word_1_715' title='bbox 1384 5023 1501 5061; x_wconf 88' lang='lat' dir='ltr'><strong>mea</strong></span> <span class='ocrx_word' id='word_1_716' title='bbox 1532 5011 1954 5063; x_wconf 88' lang='lat' dir='ltr'><strong>sanctimoniam</strong></span> <span class='ocrx_word' id='word_1_717' title='bbox 1982 5012 2022 5075; x_wconf 89' lang='grc'>¹,</span> 
     </span>
    </p>
   </div>
   <div class='ocr_carea' id='block_1_106' title="bbox 455 5095 2025 5172">
    <p class='ocr_par' dir='ltr' id='par_1_106' title="bbox 455 5095 2025 5172">
     <span class='ocr_line' id='line_1_106' title="bbox 455 5095 2025 5172; baseline 0.005 -25"><span class='ocrx_word' id='word_1_718' title='bbox 455 5095 501 5147; x_wconf 89' lang='lat' dir='ltr'><strong>si</strong></span> <span class='ocrx_word' id='word_1_719' title='bbox 537 5095 799 5161; x_wconf 64' lang='lat' dir='ltr'><strong>suppetiae</strong></span> <span class='ocrx_word' id='word_1_720' title='bbox 830 5096 979 5149; x_wconf 89' lang='lat' dir='ltr'><strong>cordi</strong></span> <span class='ocrx_word' id='word_1_721' title='bbox 1014 5096 1248 5151; x_wconf 86' lang='lat' dir='ltr'><strong>hominis</strong></span> <span class='ocrx_word' id='word_1_722' title='bbox 1284 5098 1580 5153; x_wconf 70' lang='lat' dir='ltr'><strong>aderantur</strong></span> <span class='ocrx_word' id='word_1_723' title='bbox 1618 5116 1714 5170; x_wconf 90' lang='lat' dir='ltr'><strong>per</strong></span> <span class='ocrx_word' id='word_1_724' title='bbox 1754 5116 1943 5172; x_wconf 81' lang='lat' dir='ltr'><strong>preces</strong></span> <span class='ocrx_word' id='word_1_725' title='bbox 1970 5110 2025 5156; x_wconf 90' lang='lat' dir='ltr'><strong>et</strong></span> 
     </span>
    </p>
   </div>
   <div class='ocr_carea' id='block_1_107' title="bbox 456 5185 2025 5252">
    <p class='ocr_par' dir='ltr' id='par_1_107' title="bbox 456 5185 2025 5252">
     <span class='ocr_line' id='line_1_107' title="bbox 456 5185 2025 5252; baseline 0.006 -15"><span class='ocrx_word' id='word_1_726' title='bbox 456 5200 627 5252; x_wconf 80' lang='lat' dir='ltr'><strong>spem.</strong></span> <span class='ocrx_word' id='word_1_727' title='bbox 666 5185 830 5240; x_wconf 76' lang='lat' dir='ltr'><strong>Recte</strong></span> <span class='ocrx_word' id='word_1_728' title='bbox 884 5190 1048 5240; x_wconf 84' lang='lat' dir='ltr'><strong>etiam</strong></span> <span class='ocrx_word' id='word_1_729' title='bbox 1098 5190 1345 5241; x_wconf 92' lang='lat' dir='ltr'><strong>nonnulli</strong></span> <span class='ocrx_word' id='word_1_730' title='bbox 1398 5191 1742 5244; x_wconf 88' lang='lat' dir='ltr'><strong>mendacium</strong></span> <span class='ocrx_word' id='word_1_731' title='bbox 1786 5191 2025 5246; x_wconf 84' lang='lat' dir='ltr'><strong>fornica-</strong></span> 
     </span>
    </p>
   </div>
   <div class='ocr_carea' id='block_1_108' title="bbox 459 5277 2026 5351">
    <p class='ocr_par' dir='ltr' id='par_1_108' title="bbox 459 5277 2026 5351">
     <span class='ocr_line' id='line_1_108' title="bbox 459 5277 2026 5351; baseline 0.007 -24"><span class='ocrx_word' id='word_1_732' title='bbox 459 5277 682 5337; x_wconf 87' lang='lat' dir='ltr'><strong>tionem.</strong></span> <span class='ocrx_word' id='word_1_733' title='bbox 726 5279 1004 5333; x_wconf 87' lang='lat' dir='ltr'><strong>veritatem</strong></span> <span class='ocrx_word' id='word_1_734' title='bbox 1046 5288 1224 5333; x_wconf 90' lang='lat' dir='ltr'><strong>autem</strong></span> <span class='ocrx_word' id='word_1_735' title='bbox 1266 5296 1559 5351; x_wconf 91' lang='lat' dir='ltr'><strong>veramque</strong></span> <span class='ocrx_word' id='word_1_736' title='bbox 1612 5284 2026 5338; x_wconf 85' lang='lat' dir='ltr'><strong>delectationem</strong></span> 
     </span>
    </p>
   </div>
   <div class='ocr_carea' id='block_1_109' title="bbox 458 5368 2029 5444">
    <p class='ocr_par' dir='ltr' id='par_1_109' title="bbox 458 5368 2029 5444">
     <span class='ocr_line' id='line_1_109' title="bbox 458 5368 2029 5444; baseline 0.008 -25"><span class='ocrx_word' id='word_1_737' title='bbox 458 5368 848 5422; x_wconf 86' lang='lat' dir='ltr'><strong>continentiam</strong></span> <span class='ocrx_word' id='word_1_738' title='bbox 893 5385 1016 5425; x_wconf 86' lang='lat' dir='ltr'><strong>esse</strong></span> <span class='ocrx_word' id='word_1_739' title='bbox 1067 5373 1519 5441; x_wconf 67' lang='lat' dir='ltr'><strong>prazscripserunt</strong></span> <span class='ocrx_word' id='word_1_740' title='bbox 1558 5392 1572 5430; x_wconf 90' lang='lat'><strong>:</strong></span> <span class='ocrx_word' id='word_1_741' title='bbox 1619 5386 1672 5430; x_wconf 90' lang='lat' dir='ltr'><strong>et</strong></span> <span class='ocrx_word' id='word_1_742' title='bbox 1711 5375 1921 5444; x_wconf 89' lang='lat' dir='ltr'><strong>justitia</strong></span> <span class='ocrx_word' id='word_1_743' title='bbox 1962 5377 2029 5432; x_wconf 91' lang='lat' dir='ltr'><strong>de</strong></span> 
     </span>
    </p>
   </div>
   <div class='ocr_carea' id='block_1_110' title="bbox 459 5458 2026 5535">
    <p class='ocr_par' dir='ltr' id='par_1_110' title="bbox 459 5458 2026 5535">
     <span class='ocr_line' id='line_1_110' title="bbox 459 5458 2026 5535; baseline 0.009 -26"><span class='ocrx_word' id='word_1_744' title='bbox 459 5458 620 5522; x_wconf 67' lang='lat' dir='ltr'><strong>coelo,</strong></span> <span class='ocrx_word' id='word_1_745' title='bbox 639 5475 701 5513; x_wconf 72' lang='lat' dir='ltr'><strong>ex</strong></span> <span class='ocrx_word' id='word_1_746' title='bbox 734 5468 913 5515; x_wconf 67' lang='lat' dir='ltr'><strong>mente</strong></span> <span class='ocrx_word' id='word_1_747' title='bbox 940 5478 1133 5533; x_wconf 88' lang='lat' dir='ltr'><strong>nempe</strong></span> <span class='ocrx_word' id='word_1_748' title='bbox 1151 5466 1450 5534; x_wconf 81' lang='lat' dir='ltr'><strong>prospexit,</strong></span> <span class='ocrx_word' id='word_1_749' title='bbox 1470 5467 1543 5520; x_wconf 90' lang='lat' dir='ltr'><strong>ita</strong></span> <span class='ocrx_word' id='word_1_750' title='bbox 1573 5466 1681 5522; x_wconf 86' lang='lat' dir='ltr'><strong>Deo</strong></span> <span class='ocrx_word' id='word_1_751' title='bbox 1710 5469 2026 5535; x_wconf 75' lang='lat' dir='ltr'><strong>miserante,</strong></span> 
     </span>
    </p>
   </div>
   <div class='ocr_carea' id='block_1_111' title="bbox 532 5630 2000 5711">
    <p class='ocr_par' dir='ltr' id='par_1_111' title="bbox 532 5630 1995 5710">
     <span class='ocr_line' id='line_1_111' title="bbox 532 5630 1995 5710; baseline 0.008 -25"><span class='ocrx_word' id='word_1_752' title='bbox 532 5632 579 5667; x_wconf 80' lang='lat'><strong>&quot;</strong></span> <span class='ocrx_word' id='word_1_753' title='bbox 618 5630 820 5689; x_wconf 74' lang='lat' dir='ltr'><strong>Iloan.</strong></span> <span class='ocrx_word' id='word_1_754' title='bbox 857 5651 918 5701; x_wconf 85' lang='grc' dir='ltr'><strong>ιι,</strong></span> <span class='ocrx_word' id='word_1_755' title='bbox 956 5636 1042 5693; x_wconf 88' lang='lat' dir='ltr'><strong>I7.</strong></span> <span class='ocrx_word' id='word_1_756' title='bbox 1119 5640 1163 5671; x_wconf 78' lang='grc'><strong>’⁷</strong></span> <span class='ocrx_word' id='word_1_757' title='bbox 1197 5642 1331 5710; x_wconf 81' lang='lat' dir='ltr'><strong>Agg.</strong></span> <span class='ocrx_word' id='word_1_758' title='bbox 1366 5656 1427 5709; x_wconf 83' lang='grc' dir='ltr'>η,</span> <span class='ocrx_word' id='word_1_759' title='bbox 1460 5642 1544 5696; x_wconf 88' lang='lat' dir='ltr'><strong>I0.</strong></span> <span class='ocrx_word' id='word_1_760' title='bbox 1620 5645 1664 5677; x_wconf 79' lang='grc'><strong>’⁸</strong></span> <span class='ocrx_word' id='word_1_761' title='bbox 1696 5643 1840 5699; x_wconf 81' lang='lat' dir='ltr'><strong>Psal.</strong></span> <span class='ocrx_word' id='word_1_762' title='bbox 1872 5661 1995 5699; x_wconf 70' lang='lat' dir='ltr'><strong>LXXI</strong></span> 
     </span>
    </p>
   </div>
   <div class='ocr_carea' id='block_1_112' title="bbox 2111 5630 2863 5711">
    <p class='ocr_par' dir='ltr' id='par_1_112' title="bbox 2111 5641 2863 5709">
     <span class='ocr_line' id='line_1_112' title="bbox 2111 5641 2863 5709; baseline -0.004 -10"><span class='ocrx_word' id='word_1_763' title='bbox 2111 5649 2179 5701; x_wconf 63' lang='lat'><strong>10.</strong></span> <span class='ocrx_word' id='word_1_764' title='bbox 2257 5649 2297 5676; x_wconf 52' lang='lat'><strong>9&quot;</strong></span> <span class='ocrx_word' id='word_1_765' title='bbox 2335 5646 2476 5699; x_wconf 65' lang='lat' dir='ltr'><strong>I’szil.</strong></span> <span class='ocrx_word' id='word_1_766' title='bbox 2516 5658 2739 5709; x_wconf 68' lang='lat' dir='ltr'><strong>cxxxrv,</strong></span> <span class='ocrx_word' id='word_1_767' title='bbox 2777 5641 2863 5696; x_wconf 76' lang='lat' dir='ltr'><strong>I2.</strong></span> 
     </span>
    </p>
   </div>
   <div class='ocr_carea' id='block_1_113' title="bbox 2130 5001 3713 5079">
    <p class='ocr_par' dir='ltr' id='par_1_113' title="bbox 2130 5001 3713 5079">
     <span class='ocr_line' id='line_1_113' title="bbox 2130 5001 3713 5079; baseline -0.006 -16"><span class='ocrx_word' id='word_1_768' title='bbox 2130 5010 2313 5079; x_wconf 85' lang='grc' dir='ltr'>σύνης,</span> <span class='ocrx_word' id='word_1_769' title='bbox 2342 5006 2582 5069; x_wconf 77' lang='grc' dir='ltr'>κατὰτὸ,</span> <span class='ocrx_word' id='word_1_770' title='bbox 2629 5002 2913 5057; x_wconf 87' lang='grc' dir='ltr'>Ἀνέθαλεν</span> <span class='ocrx_word' id='word_1_771' title='bbox 2966 5003 2999 5073; x_wconf 81' lang='grc' dir='ltr'><strong>ἡ</strong></span> <span class='ocrx_word' id='word_1_772' title='bbox 3039 5001 3178 5073; x_wconf 78' lang='grc' dir='ltr'>σάρξ</span> <span class='ocrx_word' id='word_1_773' title='bbox 3235 5018 3335 5071; x_wconf 87' lang='grc' dir='ltr'><strong>μου</strong></span> <span class='ocrx_word' id='word_1_774' title='bbox 3376 5002 3713 5069; x_wconf 84' lang='grc' dir='ltr'>σεμνότητα,</span> 
     </span>
    </p>
   </div>
   <div class='ocr_carea' id='block_1_114' title="bbox 2130 5093 3718 5173">
    <p class='ocr_par' dir='ltr' id='par_1_114' title="bbox 2130 5093 3718 5173">
     <span class='ocr_line' id='line_1_114' title="bbox 2130 5093 3718 5173; baseline -0.006 -18"><span class='ocrx_word' id='word_1_775' title='bbox 2130 5102 2486 5173; x_wconf 80' lang='grc' dir='ltr'>βοηθηθείσης</span> <span class='ocrx_word' id='word_1_776' title='bbox 2516 5100 2614 5163; x_wconf 79' lang='grc' dir='ltr'>τῆς</span> <span class='ocrx_word' id='word_1_777' title='bbox 2641 5096 2733 5151; x_wconf 77' lang='grc' dir='ltr'><strong>τοῦ</strong></span> <span class='ocrx_word' id='word_1_778' title='bbox 2762 5096 3051 5166; x_wconf 86' lang='grc' dir='ltr'>ἀνθρώπου</span> <span class='ocrx_word' id='word_1_779' title='bbox 3073 5094 3301 5166; x_wconf 81' lang='grc' dir='ltr'>καρδίας</span> <span class='ocrx_word' id='word_1_780' title='bbox 3320 5093 3385 5145; x_wconf 86' lang='grc' dir='ltr'>δι’</span> <span class='ocrx_word' id='word_1_781' title='bbox 3407 5095 3573 5163; x_wconf 79' lang='grc' dir='ltr'>εὐχῆς</span> <span class='ocrx_word' id='word_1_782' title='bbox 3617 5095 3718 5146; x_wconf 76' lang='lat' dir='ltr'><strong>xui</strong></span> 
     </span>
    </p>
   </div>
   <div class='ocr_carea' id='block_1_115' title="bbox 2126 5185 3715 5260">
    <p class='ocr_par' dir='ltr' id='par_1_115' title="bbox 2126 5185 3715 5260">
     <span class='ocr_line' id='line_1_115' title="bbox 2126 5185 3715 5260; baseline -0.008 -11"><span class='ocrx_word' id='word_1_783' title='bbox 2126 5196 2357 5257; x_wconf 86' lang='grc' dir='ltr'>ἐλπίδος.</span> <span class='ocrx_word' id='word_1_784' title='bbox 2384 5192 2578 5255; x_wconf 81' lang='grc' dir='ltr'>Καλῶς</span> <span class='ocrx_word' id='word_1_785' title='bbox 2596 5191 2703 5260; x_wconf 88' lang='grc' dir='ltr'><strong>γάρ</strong></span> <span class='ocrx_word' id='word_1_786' title='bbox 2728 5206 2870 5251; x_wconf 89' lang='grc' dir='ltr'>τινες</span> <span class='ocrx_word' id='word_1_787' title='bbox 2908 5188 3101 5258; x_wconf 77' lang='grc' dir='ltr'>ψεῦδος</span> <span class='ocrx_word' id='word_1_788' title='bbox 3135 5188 3231 5257; x_wconf 82' lang='grc' dir='ltr'>μὲν</span> <span class='ocrx_word' id='word_1_789' title='bbox 3267 5186 3367 5255; x_wconf 81' lang='grc' dir='ltr'>τὴν</span> <span class='ocrx_word' id='word_1_790' title='bbox 3428 5185 3715 5254; x_wconf 78' lang='grc' dir='ltr'>πορνείαν,</span> 
     </span>
    </p>
   </div>
   <div class='ocr_carea' id='block_1_116' title="bbox 2135 5277 3719 5357">
    <p class='ocr_par' dir='ltr' id='par_1_116' title="bbox 2135 5277 3719 5357">
     <span class='ocr_line' id='line_1_116' title="bbox 2135 5277 3719 5357; baseline -0.008 -17"><span class='ocrx_word' id='word_1_791' title='bbox 2135 5288 2387 5357; x_wconf 77' lang='grc' dir='ltr'>ἀλήθειαν</span> <span class='ocrx_word' id='word_1_792' title='bbox 2418 5285 2472 5336; x_wconf 83' lang='grc' dir='ltr'><strong>δέ</strong></span> <span class='ocrx_word' id='word_1_793' title='bbox 2498 5284 2591 5337; x_wconf 87' lang='lat' dir='ltr'><strong>xui</strong></span> <span class='ocrx_word' id='word_1_794' title='bbox 2620 5281 2795 5350; x_wconf 84' lang='grc' dir='ltr'>ἀληθῆ</span> <span class='ocrx_word' id='word_1_795' title='bbox 2831 5279 3022 5350; x_wconf 77' lang='grc' dir='ltr'>ἡδονὴν</span> <span class='ocrx_word' id='word_1_796' title='bbox 3055 5279 3153 5351; x_wconf 85' lang='grc' dir='ltr'>τὴν</span> <span class='ocrx_word' id='word_1_797' title='bbox 3185 5278 3544 5348; x_wconf 76' lang='grc' dir='ltr'>σωφροσύνην</span> <span class='ocrx_word' id='word_1_798' title='bbox 3578 5277 3719 5347; x_wconf 80' lang='grc' dir='ltr'>ὠρί-</span> 
     </span>
    </p>
   </div>
   <div class='ocr_carea' id='block_1_117' title="bbox 2137 5369 3719 5444">
    <p class='ocr_par' dir='ltr' id='par_1_117' title="bbox 2137 5369 3719 5444">
     <span class='ocr_line' id='line_1_117' title="bbox 2137 5369 3719 5444; baseline -0.008 -12"><span class='ocrx_word' id='word_1_799' title='bbox 2137 5395 2317 5432; x_wconf 78' lang='grc' dir='ltr'>σαντοο</span> <span class='ocrx_word' id='word_1_800' title='bbox 2343 5374 2652 5444; x_wconf 85' lang='grc' dir='ltr'>δικαιοσύνη</span> <span class='ocrx_word' id='word_1_801' title='bbox 2681 5391 2739 5425; x_wconf 91' lang='grc' dir='ltr'><strong>τε</strong></span> <span class='ocrx_word' id='word_1_802' title='bbox 2780 5374 2844 5425; x_wconf 86' lang='grc' dir='ltr'><strong>ἐκ</strong></span> <span class='ocrx_word' id='word_1_803' title='bbox 2892 5371 2986 5424; x_wconf 79' lang='grc' dir='ltr'><strong>τοῦ</strong></span> <span class='ocrx_word' id='word_1_804' title='bbox 3015 5371 3268 5442; x_wconf 77' lang='grc' dir='ltr'>οὐρανοῦ,</span> <span class='ocrx_word' id='word_1_805' title='bbox 3322 5369 3604 5422; x_wconf 81' lang='grc' dir='ltr'>τουτέστιν</span> <span class='ocrx_word' id='word_1_806' title='bbox 3652 5370 3719 5420; x_wconf 82' lang='grc' dir='ltr'><strong>ἐκ</strong></span> 
     </span>
    </p>
   </div>
   <div class='ocr_carea' id='block_1_118' title="bbox 2136 5458 3719 5537">
    <p class='ocr_par' dir='ltr' id='par_1_118' title="bbox 2136 5458 3719 5537">
     <span class='ocr_line' id='line_1_118' title="bbox 2136 5458 3719 5537; baseline -0.007 -14"><span class='ocrx_word' id='word_1_807' title='bbox 2136 5472 2229 5524; x_wconf 67' lang='grc' dir='ltr'>τοῦ</span> <span class='ocrx_word' id='word_1_808' title='bbox 2263 5472 2401 5531; x_wconf 49' lang='lat' dir='ltr'><strong>vehi,</strong></span> <span class='ocrx_word' id='word_1_809' title='bbox 2440 5466 2747 5537; x_wconf 75' lang='grc' dir='ltr'>προέκυψεν</span> <span class='ocrx_word' id='word_1_810' title='bbox 2768 5466 2878 5527; x_wconf 79' lang='grc' dir='ltr'>τοῖς</span> <span class='ocrx_word' id='word_1_811' title='bbox 2900 5465 3235 5536; x_wconf 83' lang='grc' dir='ltr'>οίκτειρμοῐς</span> <span class='ocrx_word' id='word_1_812' title='bbox 3262 5462 3357 5515; x_wconf 80' lang='grc' dir='ltr'>τοῦ</span> <span class='ocrx_word' id='word_1_813' title='bbox 3388 5460 3526 5514; x_wconf 74' lang='grc' dir='ltr'>Θεοῦ</span> <span class='ocrx_word' id='word_1_814' title='bbox 3556 5461 3593 5532; x_wconf 74' lang='grc' dir='ltr'>ἡ</span> <span class='ocrx_word' id='word_1_815' title='bbox 3620 5458 3719 5513; x_wconf 78' lang='grc' dir='ltr'>τοῦ</span> 
     </span>
    </p>
   </div>
   <div class='ocr_carea' id='block_1_119' title="bbox 2944 5635 3434 5705">
    <p class='ocr_par' dir='ltr' id='par_1_119' title="bbox 2944 5635 3434 5705">
     <span class='ocr_line' id='line_1_119' title="bbox 2944 5635 3434 5705; baseline -0.01 -9"><span class='ocrx_word' id='word_1_816' title='bbox 2944 5642 2959 5673; x_wconf 90' lang='grc'>¹</span> <span class='ocrx_word' id='word_1_817' title='bbox 2989 5639 3139 5696; x_wconf 82' lang='lat' dir='ltr'><strong>Psal.</strong></span> <span class='ocrx_word' id='word_1_818' title='bbox 3179 5651 3351 5705; x_wconf 79' lang='lat' dir='ltr'><strong>xxvn,</strong></span> <span class='ocrx_word' id='word_1_819' title='bbox 3380 5635 3434 5692; x_wconf 89' lang='lat' dir='ltr'><strong>&#39;l.</strong></span> 
     </span>
    </p>
   </div>
  </div>
