3850 6218
148 309 240 371 289

1367 304 1899 364 EPISTOLARUM
1939 304 2083 364 LIB.
2107 306 2189 365 II.

3310 312 3409 375 2‘30

155 418 324 490 Ἰησοῦ
352 416 613 488 διανομή.
642 434 663 468 ι
690 414 803 469 Καὶ
824 414 932 487 γὰρ
968 415 998 467 6
1039 414 1242 487 Κύριος
1290 415 1449 468 δώσει
1500 413 1732 485 χρηστόα

1853 412 1962 469 Iesu
2026 414 2364 471 distributio.
2409 435 2426 467 ι
2460 414 2673 471 Etenim
2709 415 2975 472 Dominus
3014 418 3165 473 dabit
3196 418 3412 474 bonita-

145 528 294 583 τητα,
325 511 429 563 καὶ
453 511 486 580 ή
528 509 602 578 γῆ
631 508 790 579 ἡμῶν
834 508 994 560 δώσει
1022 507 1114 559 τὸν
1143 507 1357 578 καρπὸν
1392 526 1411 558 ι
1443 506 1537 559 τοῦ
1563 505 1729 559 πνεύ-

150 619 331 673 ματος,
364 600 614 670 ἀγάπην,
654 598 1125 668 χαρὰν,,εἱρήνην,
1181 597 1586 668 μακροθυμίαν,
1636 597 1732 650 καὶ⁵

144 693 330 755 τᾶλλα,
364 692 515 761 ᾰπερ
535 690 1006 762 ἀπηριθμήσατοό
1041 689 1307 760 μακάριος
1326 689 1534 753 Παῦλος
1562 705 1575 719 ·
1628 690 1731 761 γῆν

148 785 198 837 δέ
230 786 325 837 ἐπὶ
354 785 453 837 τοῦ
481 784 713 853 ὑστέρου
748 782 933 852 στίχου
992 782 1088 852 τὴν
1135 781 1364 852 καρδίαν
1410 781 1730 849 ἐκληπτέον,

150 879 219 941 ὥς
254 895 430 948 φησιν
456 878 484 929 6
511 877 719 947 Κύριος
752 892 768 907 ο
800 893 819 926 ι
858 874 930 927 Τὸ
971 874 1027 927 δὲ
1075 876 1294 946 σπέρμα
1327 875 1389 927 τὸ
1435 875 1597 928 πεσὸν
1641 875 1733 926 ἐπὶ

151 970 243 1040 τὴν
267 968 377 1039 γῆν
406 967 509 1039 τὴν
549 967 720 1037 καλὴν
741 966 1160 1038 ἐκαρποφόρησε
1190 965 1252 1031 λ’,
1288 966 1384 1019 καὶ
1416 966 1478 1030 ξ’,
1500 967 1592 1019 καὶ
1612 972 1677 1035 ρ’.
1708 983 1727 1015 ›

396 1149 567 1203 POA'.
614 1176 690 1189 ——
736 1146 985 1216 ΘΕΡΙΝῼ
1028 1145 1490 1200 ΠΡΩΤΕΥΟΝΤΙ.

214 1239 338 1295 Τῶν
358 1239 775 1309 ἐπιμελομένων
810 1239 908 1308 τῆς
934 1239 1147 1301 ἐλπίδος
1176 1237 1422 1307 βοώντων
1465 1235 1599 1305 πρὸς
1643 1237 1737 1289 τὸν

152 1333 376 1403 Σοτῆρα
434 1332 698 1402 Χριστὸν,
737 1331 1071 1400 «Μνήσθητι
1121 1330 1298 1400 ἡμῶν,
1358 1328 1554 1398 Κύριε,
1607 1330 1737 1383 ὅταν

151 1426 304 1498 ἔλθῃς
340 1426 489 1495 ἐντῇ
524 1424 771 1493 βασιλείᾳ
796 1440 912 1489 σου,
948 1442 967 1474 ι
1004 1423 1460 1491 ἀνταποκρίνεται
1482 1423 1508 1473 6
1536 1420 1737 1488 ἀγαθὸς

151 1517 428 1586 Δεσπότης
455 1515 631 1582 λέγων
660 1530 673 1543 ·
710 1532 728 1564 ι
768 1511 1168 1582 Μνησθήσομαι
1208 1510 1377 1565 Ῥαὰὸ
1428 1510 1524 1562 καὶ
1565 1508 1737 1561 Βαϐυ-

151 1608 314 1671 λῶνος
364 1611 483 1671 τοῖς
558 1607 889 1675 γινώσκουσί
946 1624 1035 1674 με.
1082 1625 1101 1658 ι
1155 1600 1256 1659 Ὧν
1302 1605 1357 1658 δὲ
1406 1604 1737 1674 μνημονεύει

151 1698 409 1770 Χριστὸς,
458 1697 684 1762 τούτους
713 1699 807 1751 καὶ
850 1696 1012 1761 σώζει
1052 1698 1290 1762 πάντως,
1343 1697 1477 1750 διότι
1534 1697 1737 1765 πόρνας

151 1791 241 1838 καὶ
260 1784 511 1845 τελώνας
535 1782 603 1836 δι’
628 1781 1031 1853 εὐσπλαγχνίαν
1083 1781 1286 1853 πολλὴν
1332 1783 1412 1843 είς
1462 1778 1738 1850 βασιλείαν
1768 1812 1811 1868 Β

151 1878 412 1949 εἰσφέρει.

398 1967 572 2024 ΡΟΕ’.
607 1998 676 2009 -
704 1967 991 2038 ΦΙΡΜΙΝῼ
1019 1967 1488 2039 ΠΡΕΣΒΥΤΕΡῼ.

217 2064 398 2135 Εἴπερ
461 2063 565 2135 τὴν
615 2062 751 2117 ίδίαν
804 2062 1151 2131 πεπείκαμεν
1201 2062 1426 2133 καρδίαν
1463 2066 1522 2117 ἐν
1558 2065 1740 2137 καιρῷ

154 2157 536 2227 περιστάσεως
569 2154 852 2219 παντοίας,
884 2155 980 2207 καὶ
1001 2153 1251 2224 θλίψεως,
1292 2155 1369 2226 μὴ
1417 2158 1740 2229 ἀποτρέχειν

155 2250 289 2320 πρὸς
316 2247 675 2319 ἀνθρωπίνας
706 2247 948 2312 ἐλπίδας,
977 2246 1113 2317 μηδέ
1151 2247 1361 2301 ἐκεῖθεν
1408 2248 1587 2303 ἕλκειν
1642 2251 1742 2314 τὰς

157 2340 434 2413 βοηθείας,
463 2340 580 2394 ἀλλ’
617 2343 673 2393 ἐν
692 2339 942 2411 δάκρυσι,
975 2340 1070 2393 καὶ
1094 2343 1436 2410 στεναγμοῖς,
1462 2343 1559 2395 καὶ
1597 2343 1743 2412 φιλο-

157 2436 302 2506 ⁴πόνῳ
333 2435 619 2506 προσευχῇ
649 2433 745 2486 καὶ
786 2432 1123 2503 ἀγρυπνίαις
1170 2433 1411 2497 εὐτόνοις
1460 2433 1742 2499 ἐξιλάσκε-

157 2527 279 2580 σθαι
311 2527 378 2579 τὸ
436 2527 711 2595 κρεῖττον,
750 2522 1004 2578 κάκεῖθεν
1066 2522 1385 2595 περιμένειν
1439 2525 1741 2597 ἀντίληψιν*

156 2618 296 2672 διατι
336 2614 923 2687 θορυϐούμεθαςδιατί
948 2616 1014 2684 τῇ
1039 2614 1361 2685 ὀλιγοφυχία
1397 2617 1743 2687 τρυχόμεθα,

158 2710 250 2762 xui.
280 2707 636 2777 διστάζομεν,
669 2708 765 2759 καὶ
788 2704 1228 2775 ἀπαγορεύομεν,
1279 2704 1356 2769 ὡς
1404 2706 1479 2778 μὴ
1515 2709 1746 2779 τάχιστα

157 2800 248 2855 τοῦ
277 2798 423 2852 Θεοῦ
456 2797 618 2869 ἡμῶν
650 2795 929 2860 ποιοῦντος
953 2796 1283 2867 τδ,αῐτημα;
1327 2797 1440 2868 Τὴν
1485 2799 1595 2871 γὰρ
1648 2800 1747 2871 σὴν

160 2891 297 2962 πρὸς
327 2891 499 2947 αὐτὸν
524 2888 850 2960 παραμονὴν
883 2889 979 2943 καὶ
1031 2889 1360 2960 προσεδρίαν
1398 2890 1749 2961 σοφιζόμενος

157 2982 307 3037 δοκεῖ
328 2980 646 3054 κρατύνειν,
667 2980 756 3033 ἵνα
786 2980 861 3049 μὴ
881 2979 1091 3049 ταχέως
1120 2980 1508 3049 κομισάμενος,
1538 2982 1750 3053 ταχέως

160 3074 553 3145 ἀναχωρήσῃς,
589 3072 683 3126 καὶ
709 3069 1058 3142 λησμονήσῃς
1097 3070 1261 3124 αὐτοῦ
1282 3071 1383 3142 τῆς
1404 3072 1615 3143 ἀγαθῆς
1665 3074 1751 3127 δό-

1831 512 1961 568 tem,
1986 516 2039 559 et
2063 514 2206 559 terra
2229 514 2417 559 nostra
2441 505 2593 579 dabit
2614 506 2851 560 fructum
2876 510 2895 539 '
2921 528 2939 559 ι
2975 510 3229 578 spiritus,
3249 512 3415 581 208

1832 611 2097 661 amorem,
2139 597 2419 666 gaudium,
2471 613 2682 667 pacem,
2726 600 3149 665 tolerantiam’,
3198 603 3416 672 aliaque

1833 704 1862 742 a
1895 690 2055 743 beato
2102 688 2273 744 Paulo
2316 704 2655 745 enumerata.
2693 689 2861 745 Terra
2913 708 3074 760 porro
3127 692 3181 747 in
3219 694 3414 748 ultimo

1833 796 1994 835 versu
2029 797 2124 835 cor
2158 782 2534 851 accipiendum
2588 792 2693 846 est,
2748 792 2807 836 ut
2875 784 3052 853 inquit
3108 784 3412 841 Dominus:

1840 888 1857 921 ι
1899 869 2095 925 Semen
2123 872 2268 941 quod
2302 872 2502 927 cecidit
2533 872 2587 926 in
2629 882 2831 926 terram
2862 875 3060 928 bonam
3085 877 3269 928 attulit
3295 877 3414 928 fru-

1834 972 1982 1017 ctum
2033 964 2398 1027 tricesimum,
2456 972 2510 1019 et
2564 967 3004 1035 sexagesimum,
3064 974 3118 1021 et
3176 969 3417 1021 centesi-

1837 1070 1984 1107 mum
2010 1052 2052 1107 ‘.
2087 1073 2104 1105 ι

2080 1145 2358 1201 CLXXIV.
2393 1177 2462 1188 ——
2506 1145 2813 1201 TIIERINO
2859 1147 3163 1202 PRIMATI.

1908 1233 2012 1298 Iis,
2068 1236 2160 1305 qui
2222 1236 2337 1305 spei
2389 1251 2577 1289 curam
2640 1245 2857 1303 gerunt,
2917 1239 3285 1293 clamantibus
3345 1241 3413 1295 ad

1838 1328 2114 1381 Christum
2159 1326 2497 1381 Salvatorem
2540 1345 2553 1380 :
2601 1346 2619 1378 ι
2670 1324 2982 1383 Recordare
3036 1331 3249 1396 nostri,
3308 1332 3415 1385 Do-

1837 1419 2002 1481 mine,
2048 1433 2170 1470 cum
2224 1418 2443 1471 veneris
2494 1418 2547 1471 in
2601 1434 2826 1487 regnum
2864 1428 3016 1472 tuum
3050 1421 3109 1484 ⁸,
3141 1439 3159 1471 ι
3212 1423 3417 1491 probus

1838 1510 2102 1563 Dominus
2131 1510 2426 1579 respondet
2462 1526 2476 1563 ι
2514 1526 2532 1559 ι
2572 1508 2779 1563 Memor
2811 1527 2905 1564 cro
2932 1510 3104 1577 Raab,
3149 1523 3203 1567 et
3240 1513 3417 1585 Baby-

1840 1602 1979 1656 lonis
2039 1603 2339 1655 scientibus
2380 1603 2533 1655 me‘.
2592 1619 2609 1651 ι
2664 1600 2909 1667 Quorum
2970 1620 3101 1659 vero
3164 1606 3416 1661 Christus

1839 1693 2180 1755 recordatur,
2208 1708 2304 1747 eos
2351 1701 2405 1745 et
2453 1692 2625 1746 salvat
2658 1694 2905 1749 omnino.
2947 1694 3192 1765 Namque
3240 1713 3416 1752 mere-

1840 1786 2009 1839 trices
2032 1793 2085 1837 et
2118 1784 2442 1852 publicanos
2473 1784 2541 1836 ob
2571 1784 2842 1853 ingentem
2896 1788 3332 1842 misericordiam
3362 1788 3416 1842 in

1840 1890 2065 1947 regnum
2098 1873 2416 1927 introducit.

2015 1965 2270 2020 CLXXV.
2306 1997 2375 2005 —
2407 1964 2695 2021 FIRHINO
2741 1967 3222 2024 PRESBYTEBO.

1914 2056 1970 2111 Si
2012 2067 2203 2111 nostro
2239 2059 2616 2127 persuasimus
2651 2060 2856 2120 animo.
2902 2063 3282 2132 cujuscunque
3311 2063 3421 2117 cir-

1842 2150 2188 2204 cumstantia:
2242 2158 2483 2218 tempore
2531 2158 2584 2203 et
2628 2149 2966 2215 afﬂictionis,
3041 2170 3148 2207 non
3214 2155 3280 2208 ad
3316 2155 3420 2207 bu-

1842 2257 2060 2297 mauam
2086 2258 2235 2312 spem
2253 2257 2376 2295 esse
2404 2243 2821 2305 recurrendum,
2847 2261 3023 2315 neque
3064 2247 3188 2301 inde
3218 2249 3419 2303 auxilia

1842 2334 2238 2405 extorquenda,
2265 2334 2358 2389 sed
2392 2324 2673 2405 lacrymi's,
2707 2345 2761 2389 et
2796 2339 3068 2407 suspiriis,
3099 2348 3150 2393 et
3191 2350 3423 2396 conten-

1843 2426 2303 2496 tiosis~operibus,
2346 2441 2557 2479 necnon
2604 2428 2941 2481 continuatis
2988 2431 3221 2499 vigiliis,
3276 2434 3421 2503 quod

1846 2517 2039 2571 melius
2071 2525 2177 2580 est,
2221 2516 2389 2569 Deum
2423 2515 2756 2571 reddendum
2807 2520 3102 2589 propitium
3126 2560 3140 2584 ,
3186 2523 3422 2592 indeque

1845 2623 1999 2678 opem
2023 2609 2445 2679 exspectandam
2480 2626 2495 2662 :
2530 2610 2660 2678 quid
2710 2610 2876 2680 igitur
2925 2614 3254 2667 turbamur?
3287 2603 3421 2685 quid

1848 2700 2038 2755 fractis
2068 2700 2294 2755 vocibus
2342 2700 2658 2770 aﬂligiinur,
2692 2710 2748 2755 et
2791 2713 3072 2764 nutamus.
3104 2716 3157 2759 et
3190 2706 3425 2777 despon-

1847 2792 2059 2855 demus,
2099 2807 2253 2861 aeque
2285 2806 2349 2845 ac
2375 2792 2421 2847 si
2453 2807 2558 2845 non
2603 2793 2868 2848 citissime
2902 2795 3043 2851 Deus
3078 2807 3201 2851 vota
3234 2810 3423 2855 nostra

1849 2884 1917 2938 ad
1962 2884 2168 2939 exitum
2224 2885 2485 2938 duceret?
2528 2882 2698 2939 Tuam
2749 2889 3017 2954 siquidem
3067 2906 3193 2959 erga
3245 2891 3425 2961 ipsum

1850 2974 2313 3044 persevcrantiam
2347 2983 2401 3028 et
2441 2976 2815 3030 assistentiam
2852 2988 2967 3032 arte
3002 2980 3235 3046 quadam
3266 2983 3425 3037 vide-

1853 3073 1943 3118 tur
1980 3081 2327 3130 conservare,
2381 3082 2449 3121 ne
2493 3068 2604 3121 cito
2634 3069 2740 3122 voti
2792 3086 3014 3137 compos
3064 3072 3272 3139 Iactus,
3314 3077 3427 3130 cito

160 3183 327 3230 σεως.
366 3164 533 3218 Ἀλλὰ
564 3164 627 3218 σὺ
654 3163 729 3233 μὴ
753 3164 1066 3237 ἐκκακήσῃς
1088 3163 1364 3233 δεόμενος,
1395 3167 1489 3218 καὶ
1527 3166 1746 3230 πάντως

1853 3157 2011 3211 etiam
2044 3169 2093 3211 to
2114 3157 2411 3221 subducas,
2443 3161 2772 3228 nptiqutie
2799 3161 3105 3231 largitionis
3128 3165 3426 3218 oblivisca-
3472 3182 3475 3183 '

160 3257 453 3328 ἐπιτεύξῃ.
486 3252 624 3310 Εἴπε
654 3256 765 3325 γὰρ
794 3257 889 3308 καὶ
929 3254 1247 3325 παραϐολήν
1273 3273 1397 3310 τινα
1458 3258 1486 3310 6
1544 3256 1745 3326 Κύριος

161 3350 228 3403 ὲν
254 3349 335 3415 τῷ
359 3346 699 3415 Εὑαγγελίῳ,
725 3347 864 3419 πρὸς
909 3346 971 3399 τὸ
1018 3346 1127 3400 δεῖν
1165 3348 1395 3401 πάντοτε
1452 3348 1749 3420 προσεύχε-

161 3438 314 3501 σθαι,
336 3437 436 3489 καὶ
470 3436 545 3506 μὴ
578 3438 855 3489 ἐκηκεῖν.
888 3435 1033 3508 Πλὴν
1066 3438 1287 3491 κάκεῖνο
1320 3437 1573 3506 γίνωσκε,
1599 3439 1681 3491 ὅτι
1713 3438 1748 3509 ἡ

161 3526 407 3598 ἀναϐολὴ
431 3525 651 3580 πλείονα
677 3528 835 3599 χάριν
862 3526 1020 3580 δώσει
1043 3545 1147 3591 σοι,
1163 3526 1347 3592 καθὼς
1368 3531 1395 3581 6
1418 3528 1570 3596 ἅγιος
1599 3529 1753 3583 ’Δπό⁸

162 3618 357 3682 στολος
401 3618 595 3688 εἴρηκε
624 3633 639 3647 °
711 3638 731 3671 ι
790 3618 879 3688 Τῷ
932 3618 989 3672 δὲ
1041 3618 1323 3691 δυναμένῳ
1378 3620 1516 3689 ὑπὲρ
1572 3621 1751 3675 πάντα

166 3708 417 3778 ποιῆσαι,
461 3710 600 3780 ὑπὲρ
626 3711 691 3762 ἐκ
716 3709 974 3781 περιττοῦ
1016 3703 1093 3764 ὧν
1116 3708 1469 3784 αἰτούμεθα,ἢ
1499 3716 1748 3781 νοοῦμεν,

167 3798 321 3869 δόξα,
348 3798 489 3871 τιμὴ
510 3800 604 3854 καὶ
639 3800 838 3871 κράτος
861 3800 942 3863 είς
956 3799 1082 3864 τοὺς
1118 3800 1343 3865 αἰῶνας.
1374 3819 1393 3853 ι

460 4068 646 4134 POQ".
677 4095 753 4106 —
797 4068 1065 4140 ΥΜΗΤΙῼ
1097 4067 1470 4139 ΕΠΙΣΚΟΠῼ.

244 4156 419 4213 οὐδὲν
449 4158 620 4221 οὕτως
648 4159 729 4221 είς
763 4159 979 4212 κόλασιν
1003 4158 1374 4229 ἀπαραίτητον
1400 4159 1547 4226 ἄγει,
1586 4157 1662 4222 ὼς
1695 4158 1757 4211 τδ

176 4248 413 4312 πολλοὺς
446 4247 690 4318 ζηλωτὰς
711 4248 816 4301 τῶν
837 4248 1053 4302 οἰκείων
1076 4248 1345 4302 ποιεῖσθαι
1371 4248 1575 4303 κακῶν.
1606 4248 1757 4301 Γίνε-

174 4355 267 4395 ται
299 4340 413 4411 γὰρ
442 4341 475 4410 ή
502 4339 607 4392 τῶν
630 4341 722 4392 τὸν
744 4340 1040 4393 ἐπίσκοπον
1075 4340 1471 4411 μιμησαμένων
1493 4340 1755 4408 ἀπώλεια,

176 4429 473 4500 προσθήκη
518 4428 786 4500 τιμωρίας
808 4430 886 4500 τῷ
910 4430 1092 4493 κακῶς
1119 4429 1387 4494 διδάξαντι
1427 4431 1519 4483 ἐπὶ
1545 4430 1640 4501 τῆς
1667 4432 1759 4483 ὲκ-

1847 3250 1944 3304 ris.
2014 3248 2401 3305 Verumtamen
2457 3252 2620 3321 209
2684 3260 2740 3305 tu
2811 3269 2931 3307 cum
2996 3255 3127 3323 quid
3187 3272 3425 3318 exoras.

1848 3355 1916 3393 ne
1941 3339 2125 3393 animo
2156 3340 2438 3405 concidas,
2480 3351 2533 3394 et
2560 3342 2787 3395 omnino
2819 3343 2958 3397 vclis
2994 3345 3101 3398 tuis
3132 3346 3429 3414 rcSponde-

1848 3430 2015 3485 bitur.
2048 3430 2195 3485 Dixit
2238 3446 2457 3501 quoque
2502 3432 2817 3502 parabolam
2859 3431 3123 3489 Dominus
3162 3436 3215 3489 in
3251 3436 3428 3491 Eran-

1847 3522 2009 3593 gelio,
2066 3529 2124 3574 ut
2182 3522 2501 3577 insistamus
2550 3522 2605 3577 in
2666 3524 2920 3578 oratione
2975 3527 3273 3591 continuo,
3323 3544 3425 3582 nec

1848 3612 2288 3683 despondeamus
2330 3613 2527 3667 animis
2552 3614 2593 3667 ⁷.
2630 3613 2765 3667 Illud
2796 3630 3019 3683 quoque
3057 3617 3221 3680 scito,
3263 3617 3425 3671 indu-

1849 3707 1965 3760 cias
2006 3707 2267 3773 majorem
2313 3704 2411 3757 tibi
2464 3705 2696 3774 gratiam
2748 3706 3030 3772 allaturas,
3090 3716 3149 3760 ut
3204 3708 3425 3762 divinus

1848 3799 2146 3867 Apostolus
2177 3797 2354 3850 dixit:
2394 3816 2412 3849 ι
2450 3796 2667 3851 Potenti
2709 3813 2874 3867 super
2907 3799 3091 3852 omnia
3138 3798 3339 3864 facere,
3371 3807 3427 3853 et

1852 3891 2377 3962 superabundanter.
2407 3906 2529 3959 quae
2560 3892 2795 3959 petimus
2835 3898 2930 3944 aut
2968 3900 3151 3945 mente
3182 3893 3428 3961 concipi-

1852 3998 1993 4047 mus,
2035 3982 2111 4035 illi
2149 3982 2339 4050 gloria,
2376 3981 2554 4034 honor
2578 3990 2632 4035 et
2664 3983 2831 4035 robur
2865 3984 2917 4036 in
2955 3986 3153 4037 saecula
3179 3986 3222 4039 ⁸.
3259 4002 3278 4035 ι

2040 4071 2320 4128 CLXXVI.
2392 4104 2414 4113 -
2450 4072 2805 4127 IIYMETHIO
2837 4074 3187 4131 EPISCOPO.

1924 4165 2069 4220 Nihil
2118 4181 2271 4234 aeque
2310 4165 2377 4219 ad
2419 4180 2613 4235 pmnas
2661 4166 3103 4235 indeprecabiles
3157 4169 3311 4226 ducit
3365 4188 3430 4228 ac

1855 4257 2122 4326 plurimos
2145 4256 2491 4326 propriorum
2525 4258 2792 4311 scelerum
2843 4260 3193 4316 aemulatores
3224 4263 3426 4322 facere.

1856 4347 1944 4402 Fit
1973 4350 2117 4405 enim
2153 4364 2365 4412 eorum,
2394 4351 2486 4420 qui
2531 4352 2773 4421 episcopi
2821 4366 3224 4422 persequuntur
3261 4360 3429 4413 vesti—

1858 4440 1966 4510 gia,
2003 4440 2255 4503 exitium,
2302 4440 2380 4493 illi
2438 4440 2529 4509 qui
2586 4443 2726 4497 male
2768 4444 2820 4495 in
2871 4444 3102 4499 ecclesia
3142 4446 3325 4500 docuit
3377 4459 3431 4501 et

178 4520 449 4591 κλησίας,
503 4520 596 4571 καὶ
646 4519 1069 4590 κατεγνωσμένα
1109 4519 1410 4587 ἀναφανδὸν
1440 4519 1746 4590 πράττοντι,

1860 4529 2036 4598 palam
2090 4531 2375 4598 reprobata
2408 4531 2655 4599 peragit,
2700 4546 2989 4599 poenarum
3056 4536 3327 4601 accessio,
3377 4545 3432 4588 et

177 4613 274 4666 καί
299 4611 390 4664 διὰ
424 4611 531 4663 τῶν
564 4612 1056 4682 παραιτησαμένων
1086 4611 1161 4673 ὡς
1192 4613 1421 4682 αἰσχρὰν
1456 4614 1552 4683 τήν
1586 4612 1757 4683 μίμη-

182 4718 268 4755 σιν
302 4701 652 4768 κατάγνωσις
698 4702 760 4753 οὐ
799 4702 989 4770 μικρὰ,
1017 4701 1205 4771 ὅτιπερ
1226 4700 1540 4764 διδάσκαλος
1572 4701 1758 4754 κακῶν

179 4793 411 4862 γέγονεν
457 4793 487 4844 6
532 4790 849 4854 ἐπίσκοπος,
886 4785 959 4845 ὧν
996 4791 1094 4862 τὴν
1127 4792 1362 4862 μάθησιν
1402 4792 1761 4845 ἐπονείδιστον

1860 4631 1956 4684 per
1984 4630 2100 4680 eos,
2136 4616 2229 4684 qui
2265 4617 2340 4669 uti
2372 4626 2583 4685 turpem
2616 4619 2977 4674 imitationem
3020 4622 3285 4687 vitarunt,
3322 4641 3431 4679 non

1862 4704 1996 4758 levis
2024 4707 2429 4770 condemnatio,
2455 4708 2597 4775 quod
2620 4724 2909 4777 pravorum
2936 4710 3192 4779 magister
3222 4712 3433 4779 episco-

1863 4812 1967 4867 pus
2018 4798 2197 4853 factus
2235 4809 2361 4864 est,
2410 4816 2644 4869 quorum
2701 4801 3042 4871 disciplinam
3098 4803 3434 4873 vituperabi-

181 4883 475 4953 κρίναντες
502 4879 839 4949 πεφεύγασιν
885 4883 934 4934 οί
984 4880 1222 4953 σώφρονι
1250 4882 1580 4953 χρησάμενοι
1612 4882 1746 4949 λογι-

1869 4889 1970 4942 lem
1998 4889 2333 4959 judicantes,
2358 4893 2452 4961 qui
2485 4907 2618 4947 sana
2651 4902 2830 4948 mente
2876 4893 3133 4948 fuerunt:
3172 4897 3434 4952 condem-

183 4991 328 5047 σμῳ.
422 5066 591 5120 POZ'.
624 5096 689 5109 —
725 5066 1035 5136 ΟΝΗΣΙΜῼ
1063 5065 1522 5120 ΠΡΩΤΕΥΟΝΤῙ.

255 5158 442 5230 ’Ᾱπερ
475 5159 765 5228 ἀπλήστως
800 5157 1192 5229 συναθροίζεις,
1234 5159 1328 5211 καὶ
1359 5160 1588 5214 κτᾶσθαι
1620 5159 1769 5213 νενό-

189 5268 381 5322 μικας,
410 5250 511 5319 ούχ
551 5250 857 5319 ὑπάρχουσι
897 5248 999 5301 σά·
1035 5248 1113 5311 είς
1160 5247 1269 5319 γὰρ
1306 5248 1467 5319 ἔτερα
1510 5251 1768 5321 μετελεύ-

1869 4990 2095 5037 narunt.

2113 5070 2415 5128 CLXXVII.
2452 5101 2514 5115 —-
2548 5072 2848 5129 ONESIMO
2877 5074 3187 5130 PRIMATI.

1940 5162 2071 5227 Qua:
2100 5179 2313 5232 semper
2362 5180 2464 5219 nec
2504 5168 2788 5234 expletus,
2830 5181 2930 5219 nec
2970 5167 3202 5222 satiatus
3234 5183 3433 5237 conge-

1868 5254 1969 5315 ris,
2000 5263 2056 5309 et
2093 5256 2373 5322 possidere
2398 5256 2700 5315 existimas.
2742 5271 2847 5309 non
2884 5265 3009 5309 sunt
3038 5266 3169 5323 tua;
3203 5259 3256 5311 in
3300 5260 3435 5316 alias

189 5361 378 5397 σονται
402 5343 691 5415 πρόσωπα.
738 5341 796 5393 '0
841 5342 938 5411 μὲν
970 5340 1080 5412 γὰρ
1113 5341 1309 5411 μόχθος
1338 5340 1449 5406 σὸς,
1493 5344 1521 5395 6
1562 5343 1617 5396 δὲ
1650 5345 1746 5415 βίο‹

1871 5346 2014 5399 enim
2062 5346 2377 5414 gradientur
2430 5361 2693 5415 personas
2737 5362 3017 5414 :namque
3062 5348 3212 5402 labor
3255 5350 3434 5406 multa

188 5437 494 5508 ἀλλότριος.
523 5435 672 5489 Διατί
714 5430 807 5489 οὖν
844 5434 1031 5506 ὥσπερ
1072 5435 1289 5489 οἰκείων
1330 5435 1746 5525 τῶνάλλοτρίωὲ

1873 5450 2053 5505 operae
2102 5445 2229 5491 tuus
2276 5444 2384 5501 est,
2434 5437 2637 5491 divitia:
2689 5453 2819 5492 vero
2881 5453 3123 5507 Opesque
3178 5441 3435 5499 aliorum.

190 5531 471 5601 ἀντιποιῇ,
508 5528 729 5599 βαρείας
760 5526 939 5598 σαυτῷ
970 5528 1067 5590 τάς
1089 5526 1255 5591 πέδας
1292 5527 1392 5599 τῆς
1426 5523 1557 5597 ὕλης
1583 5523 1767 5579 ’κατα-

299 5674 322 5704 ¹
356 5668 506 5726 Psal.
539 5685 759 5735 Lxxxtv,
791 5670 877 5724 1⁸5.
989 5670 1009 5701 ³
1048 5669 1223 5725 Galat.
1247 5686 1300 5735 v,
1329 5670 1420 5725 22.

263 5744 285 5775 τ
320 5740 461 5796 Luc.
488 5756 642 5803 xvm,
681 5743 733 5796 I.
808 5741 830 5773 ³
862 5740 1059 5804 Ιςβιιοδ.
1099 5756 1179 5800 ιιι.
1204 5740 1293 5794 20.

1521 5670 1543 5703 δ
1573 5669 1769 5725 Matth.
1794 5686 1915 5732 xm,
1964 5670 2016 5737 8,
2080 5671 2171 5726 ‘23.

1875 5527 2175 5593 Quamnam
2208 5528 2373 5599 igitur
2412 5528 2481 5582 ob
2516 5544 2739 5584 causam
2766 5545 2828 5584 ca
2862 5545 2984 5599 qua:
3015 5530 3251 5586 aliorum
3286 5545 3435 5603 sunt,

2288 5671 2305 5703 '
2348 5670 2482 5727 Luc.
2510 5688 2665 5740 χχιιι,
2690 5671 2777 5728 42.
2889 5674 2911 5708 ⁸
2946 5672 3090 5731 Psal.
3134 5690 3355 5745 Lxxxvn,
3381 5680 3435 5738 4.
