3850 6218
434 294 540 364 291
1915 292 1977 352 s.
2017 291 2182 352 NILl
3579 296 3688 362 292

431 424 687 482 tanquam
736 408 956 480 pr0pria
1004 406 1369 468 eonsectaris,
1430 418 1624 477 graves
1678 405 1992 474 tibimetipsi

2107 404 2406 471 σκευάζων,
2440 407 2535 460 καὶ
2580 406 2674 460 τὸν
2710 406 3041 478 ταλανισμον
3079 408 3173 469 τοῦ
3202 410 3484 479 προφήτου
3518 413 3686 481 ἐφέλ-

431 504 672 558 materiae
696 501 987 569 compedes
1016 511 1329 561 exstruens,
1360 506 1416 552 et
1450 498 1652 550 malum
1688 497 1787 550 tibi
1822 512 1982 550 omen

2111 510 2262 558 κεις;
2293 494 2429 549 Οὐαὶ
2455 495 2586 567 γάρ,
2617 498 2772 567 φησὶ,
2796 496 2873 566 τῷ
2905 500 3192 567 συνάγοντι
3214 501 3284 555 τά
3305 501 3404 554 οὐκ
3429 502 3560 557 ὅντα
3584 505 3689 557 αὐ-

430 595 579 665 quod
629 608 660 646 a
717 592 980 663 propheta
1035 591 1319 652 indicitur,
1379 590 1542 658 210
1595 590 1862 643 altrahis?
1919 586 1992 640 Va

2107 583 2222 650 τοῦ,
2250 586 2343 638 καὶ
2375 586 2662 657 βαρύνοντι
2689 590 2779 639 τὸν
2812 586 2992 640 κλοιὸν
3035 588 3201 642 αὑτοῦ
3244 590 3515 659 στιϐαρῶς
3536 633 3551 658 ,
3586 596 3689 648 καὶ

430 688 576 741 enim
618 686 720 750 illi,
754 685 952 753 inquit,
980 684 1069 753 qui
1102 683 1312 751 colligit
1342 697 1463 750 qua:
1498 696 1596 735 sua
1629 697 1738 734 non
1772 690 1926 745 sunt,
1950 692 1992 736 el

2105 676 2203 747 τὴν
2234 678 2332 748 μὲν
2355 676 2588 749 ὓπαρξιν
2612 678 2904 732 ἀπολλύναι
2935 678 3202 748 μέλλοντι,
3242 681 3587 756 ποριζομένῳ
3624 685 3689 739 δὲ

430 787 688 848 aggravat
728 777 919 847 jugum
959 790 1122 829 suum
1171 774 1399 829 robuste
1431 774 1483 834 ⁹;
1538 775 1583 827 is
1636 774 2003 827 substantiam

429 871 647 939 quidem
682 884 838 924 suam
874 868 1104 929 amittet,
1133 866 1347 935 sibique
1387 865 1682 919 insatiabili
1707 864 2007 934 cupiditate

427 972 659 1019 aeternas
694 976 888 1032 poenas
924 960 1291 1028 comparabit.

532 1050 855 1107 CLXXVIII.
894 1080 961 1089 —-
993 1046 1346 1102 TAURIANO
1377 1044 1881 1101 EXPREFECTO.

496 1146 589 1201 Vze
614 1146 809 1199 animae
841 1151 945 1196 tuae
976 1150 1030 1196 et
1057 1143 1181 1195 vitae
1211 1149 1340 1205 tute,
1369 1140 1788 1203 immisericors,
1829 1150 1882 1193 et
1918 1137 1995 1191 in-

428 1249 647 1295 sensate
676 1238 689 1290 ἰ
719 1236 941 1306 Ignoras
982 1232 1222 1302 quippe,
1259 1230 1454 1285 durum
1493 1230 1588 1284 tibi
1635 1244 1759 1285 esse
1808 1236 1999 1282 contra

425 1331 707 1386 stimulum
745 1328 1033 1382 calcitrare
1058 1328 1122 1391 ¹⁰,
1161 1334 1213 1380 et
1252 1324 1495 1379 terribile
1526 1322 1792 1376 adversus
1828 1320 1997 1373 Deum

424 1423 625 1476 audere
658 1436 877 1475 manum
908 1419 1176 1473 attollere.
1207 1417 1414 1485 lnjuria
1440 1414 1586 1468 enim
1616 1411 1987 1469 sanctisillata

424 1515 478 1567 in
512 1514 680 1566 Deum
703 1526 932 1581 prorsus
960 1508 1297 1579 rependitur.
1324 1506 1575 1576 Namque
1614 1503 1834 1573 optimis
1864 1517 1997 1556 con-

424 1604 564 1659 siliis
592 1602 826 1664 deditos,
873 1600 966 1671 qui
1005 1601 1070 1652 ad
1120 1596 1369 1653 Platonis
1401 1595 1682 1650 victoriosi
1732 1593 1991 1663 martyris

422 1696 683 1765 templum
699 1693 1081 1761 confugerant,
1107 1691 1157 1744 vi
1187 1689 1557 1759 incomposita
1602 1701 1814 1756 rapere,
1842 1693 1896 1739 et
1929 1684 1987 1736 in

2106 769 2193 823 διά
2227 771 2317 824 τὸν
2346 770 2619 842 ἄπληστον
2647 771 2847 842 τρόπον
2866 773 2964 842 τὴν
2996 771 3213 827 αἰώνιον
3247 774 3487 830 κόλασιν.

2276 1051 2451 1107 POH'.
2483 1082 2554 1093 -—
2585 1053 2932 1125 ΤΑΥΡΙΑΝῼ
2965 1054 3104 1107 ΑΠΟ
3151 1056 3496 1111 ΕΠΑΡΧΩΝ.

2173 1145 2311 1198 Οὐαὶ
2340 1147 2406 1216 τῇ
2449 1145 2594 1216 ψυχῇ
2646 1163 2762 1208 σου,
2794 1148 2889 1200 καὶ
2913 1146 3267 1218 ἀπάνθρωπε,
3298 1149 3393 1203 καὶ
3439 1150 3637 1219 ἀνόητε
3665 1151 3684 1204 !

2112 1237 2350 1305 Ἀγνοεῖς
2364 1238 2493 1308 γὰρ,
2517 1239 2598 1292 ὅτι
2621 1239 2854 1309 σκληρόν
2888 1257 2970 1292 σοι
2998 1240 3132 1311 πρὸς
3152 1240 3352 1311 κέντρα
3382 1241 3689 1308 λακτίζειν,

2099 1331 2193 1382 καὶ
2213 1331 2477 1400 φρικῶδες
2492 1331 2550 1383 τὸ
2573 1332 2712 1385 κατά
2730 1331 2823 1384 τοῦ
2848 1331 2981 1384 Θεοῦ
3007 1331 3183 1403 αίρειν
3206 1332 3474 1403 τολμῆσαι
3496 1336 3688 1405 χεῖρα.

2110 1420 2173 1474 Ἠ
2200 1422 2306 1492 γάρ
2328 1421 2482 1493 ῦὸρις
2511 1424 2544 1492 ἡ
2569 1425 2709 1477 κατά
2734 1423 2839 1476 τῶν
2866 1424 3036 1491 ἁγίων
3051 1424 3332 1494 γινομένη,
3350 1426 3570 1488 πάντως
3591 1427 3683 1479 ὅτι

2096 1516 2174 1577 είς
2196 1515 2326 1567 Θεὸν
2354 1515 2634 1583 ἀνάγεται.
2663 1515 2801 1578 Τοὺς
2821 1516 2929 1585 γὰρ
2950 1516 3014 1585 δὴ
3041 1518 3120 1579 είς
3141 1515 3233 1569 τὸν
3257 1517 3421 1587 σηκὸν
3456 1517 3690 1572 Πλάτω-

2095 1623 2181 1669 νος
2197 1606 2288 1659 τοῦ
2311 1606 2618 1660 καλλινίκου
2637 1607 2910 1678 μάρτυρος
2930 1608 3340 1676 καταφυγόντας
3356 1609 3690 1679 φροντιστὰς

2093 1695 2438 1766 τετολμηκὼς
2456 1698 2699 1767 ἁρπάσαι
2719 1699 2784 1767 τῇ
2812 1698 3066 1770 ἀφορήτῳ
3089 1697 3198 1768 βίᾳ,
3222 1699 3313 1751 καὶ
3333 1701 3411 1762 εἰς
3431 1699 3691 1770 φυλακὴν

422 1802 698 1842 carcerem
728 1786 1001 1855 publicum
1030 1782 1312 1836 intrudere
1342 1795 1537 1845 ausus;
1583 1779 1817 1848 indeque
1846 1776 1990 1830 haud

2099 1758 2350 1859 ἐμϐαλείν
2376 1758 2660 1861 δημοσίαν,
2688 1758 2784 1843 καί
2811 1758 3050 1861 βριρωὶῷ
3074 1758 3345 1863 ἀφόρητα,
3382 1758 3571 1861 ερύσῶν
3621 1758 3690 1845 τε

420 1882 779 1937 tolerabiliter
802 1881 1120 1950 strepitans,
1151 1886 1204 1933 et
1244 1878 1446 1931 buccas
1478 1875 1694 1939 iullans,
1717 1881 1771 1927 et
1801 1888 1995 1942 super-

421 1973 546 2027 cilia
573 1972 817 2041 erigens,
848 1977 902 2023 et
933 1968 1150 2023 decreto
1184 1968 1279 2021 illo
1319 1974 1414 2021 tuo
1450 1975 1809 2037 tyrannorum
1841 1977 1993 2017 more

420 2066 703 2120 teterrimo
737 2065 939 2119 liberos
968 2063 1025 2116 in
1058 2061 1376 2116 servitutem
1401 2060 1701 2123 adducens,
1754 2074 1991 2129 quanam

420 2159 539 2229 ipse
579 2158 791 2212 ratione
828 2156 974 2227 quod
1023 2157 1268 2210 futurum
1306 2165 1389 2208 est
1428 2153 1840 2209 inconsiderate
1881 2167 1994 2205 non

418 2250 666 2320 cogitas?
691 2248 966 2318 quomodo
996 2246 1343 2316 postmodum
1374 2253 1606 2301 ventura
1635 2260 1745 2299 non
1781 2244 1995 2299 exami-

418 2359 540 2408 nas,
575 2342 897 2397 insensate?
944 2340 1221 2410 quomodo
1263 2354 1447 2393 rerum
1498 2338 1646 2393 vices
1695 2336 1994 2407 praevidere

418 2450 528 2489 non
559 2433 819 2493 sustines,
846 2440 1026 2485 mente
1055 2429 1244 2499 capte?
1273 2444 1446 2498 eoque
1465 2428 1833 2497 potissimum,
1868 2440 1993 2479 cum

419 2525 489 2580 ad
515 2534 639 2579 vota
670 2533 765 2577 tua
796 2536 963 2592 prope
994 2532 1183 2577 astans
1218 2522 1445 2576 accedat
1489 2519 1763 2589 pessimus
1810 2517 1995 2572 consi-

419 2616 631 2677 liarius,
668 2624 723 2668 et
750 2629 913 2683 quam
949 2612 1185 2667 maxime
1214 2610 1585 2666 exsecrandus
1617 2610 1733 2665 fisci
1763 2610 1995 2662 advoca-

420 2718 509 2762 tus
532 2707 884 2768 Laurentius,
917 2706 1079 2758 homo
1111 2704 1494 2773 impiissimus,
1513 2711 1662 2756 totus
1683 2700 1995 2768 corruptela

418 2812 473 2856 et
504 2814 699 2869 vappa.
733 2797 1163 2851 Animadvertas
1191 2796 1372 2857 velim,
1412 2794 1820 2848 sanctissimum
1850 2793 1995 2849 hunc

418 2901 713 2963 martyrem
780 2905 889 2943 non
965 2904 1089 2944 esse
1143 2887 1637 2953 contemnendum,
1667 2895 1829 2956 teque
1859 2894 1995 2941 met-

418 2986 597 3054 ipsum
630 2997 872 3053 praepara
905 2982 970 3036 ad
999 2982 1178 3035 futura
1208 2988 1401 3036 contra
1429 2988 1481 3035 te
1505 2980 1625 3033 dira
1650 2980 1990 3049 excipienda,

418 3074 761 3130 iracundiam
798 3073 1043 3127 mortalis
1079 3071 1447 3141 imperatoris,
1484 3070 1642 3139 cujus
1680 3078 1825 3125 metu
1868 3086 1992 3141 per-
2020 3110 2066 3175 ϐ

419 3168 562 3221 citus
614 3164 682 3219 ad
726 3165 927 3219 limites
970 3164 1094 3218 illos
1139 3163 1375 3218 maxime
1416 3162 1754 3218 venerandos
1798 3162 1992 3217 confu-

419 3260 565 3330 gies,
595 3260 685 3329 qui
736 3273 766 3310 a
811 3264 863 3311 te
905 3254 1103 3324 injuria
1147 3252 1327 3308 affecti
1375 3260 1524 3317 sunt,
1559 3260 1613 3307 et
1652 3252 1991 3322 contemptui

420 3350 625 3404 habiti:
682 3347 939 3416 deinceps
990 3344 1239 3399 morbum
1290 3358 1534 3413 gravem,
1590 3344 1992 3412 molestumque

419 3444 577 3512 211
611 3442 727 3505 tibi,
766 3440 1131 3507 omnibusque
1165 3438 1310 3500 aliis,
1359 3451 1593 3505 quorum
1645 3438 1760 3506 ipse
1806 3451 1991 3491 amore

421 3532 625 3585 teneris
653 3547 666 3593 ;
707 3528 1072 3598 postmodum,
1100 3527 1401 3596 ingentium
1434 3536 1651 3581 tuarum
1685 3543 1747 3581 ac
1774 3537 1989 3597 specta-

419 3621 611 3675 bilium
646 3620 962 3673 facultatum
991 3618 1466 3687 proscriptionem.
1496 3619 1563 3671 Et
1597 3628 1727 3673 tunc
1757 3619 1991 3689 denique

418 3711 569 3768 Jovis
612 3720 764 3781 pater
814 3708 1088 3763 Saturnus
1132 3709 1402 3762 concinne
1452 3715 1502 3762 te
1547 3708 1873 3778 deplorabit,
1929 3725 1993 3765 ac

420 3804 661 3859 suaviter
698 3800 1041 3872 prmcidetur,
1078 3799 1223 3869 quod
1258 3808 1316 3853 tu
1342 3799 1687 3869 potissimum
1718 3801 1869 3854 illum
1905 3801 1990 3855 in-

419 3905 504 3950 ter
542 3896 679 3949 alios
728 3894 859 3947 deos
901 3893 1113 3954 colens,
1160 3907 1283 3945 cum
1330 3906 1593 3961 prospere
1642 3908 1853 3962 ageres,
1908 3894 1991 3945 la-

420 3988 625 4059 crymis
642 3986 941 4055 saepissime
974 3985 1116 4037 inter
1151 3984 1576 4043 solemnitatem,
1598 3992 1859 4053 tanquam
1892 4001 1989 4039 ve-

420 4079 608 4135 rendis
637 4079 840 4131 misere
867 4075 1140 4136 mutilum,
1168 4082 1222 4128 et
1250 4076 1471 4145 proprio
1505 4075 1617 4129 lilio
1647 4077 1983 4147 colligatum,

2091 1883 2191 1945 τάς
2221 1883 2472 1951 γνάθους,
2499 1884 2591 1937 καὶ
2617 1882 2714 1946 τὰς
2744 1882 2914 1954 ὀφρῦς
2945 1883 3225 1948 ἀνασπῶν,
3276 1886 3369 1937 καὶ
3419 1886 3691 1940 καταδου·

2091 1974 2348 2045 λούμενος
2370 1975 2495 2037 τοὺς
2537 1973 2853 2044 ἐλευθέρους
2906 1976 2972 2045 τῇ
3007 1976 3430 2046 παντοτυράννῳ
3458 1975 3687 2047 γνώμῃ,

2091 2066 2208 2128 πῶς
2228 2066 2287 2118 οὐ
2314 2066 2501 2138 λογίζῃ
2532 2066 2592 2119 τὸ
2622 2066 2831 2136 μέλλον,
2857 2066 3139 2134 ἀλόγιστε;
3165 2067 3283 2130 πῶς
3305 2068 3372 2122 τὰ
3394 2068 3687 2139 συμϐησό-

2095 2176 2232 2229 μενα
2255 2157 2478 2230 ὕστερον
2499 2160 2558 2211 οὐ
2585 2158 2904 2231 διασκέπτῃ,
2924 2158 3240 2229 ἀναίσθητες
3262 2160 3376 2223 πῶς
3393 2160 3492 2225 τὰς
3516 2178 3691 2231 μετα-

2093 2252 2255 2317 ϐολὰς
2303 2252 2411 2306 τῶν
2450 2253 2789 2323 πραγμάτων
2834 2252 3157 2322 προὸλέπειν
3187 2253 3247 2306 οὐ
3282 2253 3474 2318 θέλεις,
3501 2272 3691 2325 ’παρα⁴

2093 2346 2252 2416 πλὴξ,
2275 2347 2368 2400 καὶ
2395 2344 2608 2416 μάλισθ’
2628 2346 2707 2399 ὃτι
2729 2343 2865 2415 πρὸς
2880 2345 2969 2396 τὸν
2990 2345 3189 2399 σκοπὸν
3203 2345 3293 2397 τὸν
3312 2346 3531 2411 σαυτοῦ,
3551 2363 3690 2399 παν-

2094 2438 2426 2507 φαυλότατον
2474 2434 2772 2505 σύμϐουλον
2807 2435 2900 2488 καὶ
2930 2435 3397 2505 παμμιαρώτατον
3450 2435 3692 2504 ἐγγύθεν

2094 2529 2239 2599 ἔχεις
2274 2530 2364 2581 τὸν
2396 2527 2503 2581 ἀπὸ
2537 2528 2734 2596 φίσκου
2773 2527 3087 2598 συνηγόρων
3122 2527 3472 2598 Λαυρέντιον,
3509 2528 3689 2600 ἄνδρα

2092 2617 2541 2679 δυσσεϐέστατον,
2607 2616 3004 2686 διεφθαρμένον
3052 2617 3172 2670 ὅλον
3221 2618 3316 2671 καὶ
3362 2619 3684 2689 σεσηπότας

2092 2706 2333 2759 Γίνωσκε
2382 2706 2562 2758 τοίνυν
2597 2705 2669 2776 μὴ
2704 2706 3176 2776 εὐκαταφρόνητον
3204 2708 3539 2776 τυγχάνοντα
3586 2708 3691 2760 τὸν

2094 2796 2356 2864 πανάγιον
2387 2797 2399 2809 ’
2413 2798 2686 2868 μάρτυρα,
2740 2796 2834 2847 καὶ
2870 2795 3065 2848 σαυτὸν
3112 2795 3402 2866 εὐτρέπιζε
3451 2796 3591 2867 πρὸς
3620 2797 3688 2849 τὺ

2095 2887 2457 2952 ὑποδέξασθαι
2497 2887 2565 2939 τὰ
2586 2887 2990 2958 ἐπελευσόμενά
3026 2907 3107 2943 σοι
3135 2888 3309 2952 δεινά,
3357 2889 3531 2963 ὀργὴν
3575 2889 3689 2960 μὲν

2092 2977 2186 3032 τοῦ
2217 2978 2413 3050 θνητοῦ
2439 2978 2724 3049 βασιλέως,
2748 2979 2815 3032 δι’
2842 2982 2908 3051 ἣν
2937 2982 3031 3035 καὶ
3055 2982 3330 3048 δειλιάσας
3354 2983 3684 3059 προσφεύξῃ

2093 3070 2240 3139 ὅροις
2262 3073 2375 3133 τοῖς
2418 3070 2799 3134 σεπτοτάτοις,
2849 3072 3045 3137 οἵτινες
3078 3074 3232 3144 ποιρά
3287 3075 3379 3128 σοῦ
3415 3074 3686 3149 ὑϐρίσθη-

2100 3179 2199 3217 σαν
2257 3163 2352 3215 καὶ
2398 3159 2861 3233 ὲξητιμάσθησαν,
2913 3160 3033 3218 εἶτα
3079 3166 3235 3219 νόσον
3299 3166 3524 3239 βαρεῖαν
3578 3170 3682 3222 καὶ

2098 3253 2339 3325 χαλεπὴν
2389 3254 2585 3307 σαυτοῦ
2635 3272 2693 3308 τε
2734 3255 2829 3307 καὶ
2870 3257 3085 3310 πάντων
3135 3257 3243 3310 τῶν
3286 3258 3685 3330 περιποθήτων

2098 3359 2209 3408 σοι,
2245 3344 2381 3413 μετὰ
2404 3343 2458 3396 δὲ
2490 3343 2660 3398 ταῦτα
2694 3346 2871 3399 πάντα
2902 3345 3000 3415 τὴν
3028 3346 3288 3417 δήμευσιν
3329 3349 3428 3419 τῆς
3459 3366 3678 3420 προφε-

2098 3436 2300 3506 ρούσης
2331 3453 2412 3488 σοι
2461 3436 2704 3506 μεγάλης
2740 3436 3073 3507 περιουσίας.
3119 3439 3229 3491 Καὶ
3265 3440 3386 3491 τότε
3425 3440 3618 3494 λοιπὸν
3649 3443 3681 3495 ὁ

2095 3527 2190 3580 τοῦ
2223 3528 2342 3590 Διὸς
2372 3527 2553 3598 πατὴρ
2598 3528 2805 3597 Κρόνος
2846 3527 3083 3599 λιγυρῶς
3131 3546 3191 3582 σε
3236 3531 3495 3601 θρηνήσει
3522 3573 3536 3594 ,
3579 3535 3678 3586 καὶ

2098 3618 2322 3688 κόψεται
2356 3618 2545 3687 ἡδέως,
2575 3619 2708 3671 διότι
2741 3620 2972 3689 μάλιστα
3004 3621 3097 3673 καὶ
3139 3620 3202 3673 σὺ
3235 3621 3384 3691 παρά
3418 3623 3549 3686 τοὺς
3580 3625 3680 3678 ἄλο»

2096 3709 2221 3773 λους
2272 3709 2426 3773 θεοὺς
2476 3709 2666 3762 τοῦτον
2702 3710 2876 3763 σέϐων
2910 3713 2968 3762 ὲν
3001 3714 3066 3782 τῇ
3120 3713 3416 3784 εὐημερίᾳ,
3450 3713 3677 3785 θρήνοις

2097 3803 2472 3873 παρεμυθήσω
2492 3802 2614 3855 καθ’
2637 3803 2829 3874 ἑορτὴν
2849 3802 3188 3868 πλειστάκις,
3211 3806 3302 3857 ac;
3323 3805 3431 3857 τῶν
3452 3807 3679 3861 αίδοίων

2096 3895 2499 3965 ἐκτετμημένον
2544 3894 2810 3961 ἐλεεινῶς,
2843 3897 2938 3949 καὶ
2989 3896 3269 3966 δεδεμένον
3291 3899 3524 3969 οἰκτρῶς
3564 3901 3675 3953 ὑπὸ

2096 3989 2295 4042 οἰκείου
2323 3989 2527 4051 παιδὸς.
2552 3990 2644 4040 καὶ
2660 3990 2736 4058 τῷ
2752 3989 3220 4061 δερμοκουκουλίῳ
3243 3993 3675 4065 κατακεκαλυμ-

2098 4079 2275 4149 μένον,
2305 4078 2398 4129 καὶ
2428 4077 2487 4128 τὸ
2527 4076 2716 4140 σκότος
2737 4079 2989 4132 οἰκοῦντα
3021 4081 3302 4151 διηνεκῶς.

420 4184 473 4230 et
496 4172 707 4227 cuculla
739 4172 964 4239 pellicea
1009 4170 1307 4231 obtectum,
1348 4177 1788 4239 sempiterneque
1837 4174 2092 4229 tenebras
2127 4172 2520 4228 inhabitantem
2569 4173 2884 4226 consolatus
2918 4188 2997 4227 es.

614 4260 893 4316 CLXXIX.
924 4289 993 4300 —-
1020 4259 1369 4314 AMBLICHO
1394 4260 1773 4317 CURATORI.

489 4354 631 4421 Quid
662 4353 899 4415 laboras,
928 4367 960 4405 ο
1000 4352 1184 4415 homo,
1223 4360 1277 4403 et
1315 4350 1519 4405 frustra
1564 4354 1795 4409 sudores
1828 4356 1984 4410 insu-

2348 4263 2511 4317 POG'.
2539 4294 2608 4302 —
2636 4265 2947 4336 ΑΜΒΛΙΧῼ
2975 4268 3388 4324 ΚΟΥΡΑΤΟΡΙ.

2164 4358 2229 4409 Τί
2254 4356 2492 4425 μοχθεῖς,
2525 4354 2800 4423 ἄνθρωπε,
2838 4357 2931 4409 καὶ
2975 4358 3205 4427 κάμνεις
3249 4363 3573 4435 ἁπέραντας
3614 4361 3669 4422 τῖ

421 4446 564 4504 mis?
599 4443 740 4509 Quid
776 4444 1123 4511 temetipsum
1151 4442 1213 4494 ad
1243 4441 1410 4496 falsas
1444 4445 1712 4498 vanitates
1746 4448 1992 4515 praei-ipi-

2099 4444 2445 4509 κατελαύνεις
2506 4445 2700 4497 σαυτὸν
2754 4446 2891 4517 πρὸς
2938 4449 3036 4516 τὴν
3072 4449 3241 4521 ψευδῆ
3295 4434 3666 4528 ματαιότητα;

422 4547 529 4591 tem
570 4535 723 4604 agis?
760 4534 1040 4587 Sentenlia
1096 4533 1200 4584 ista
1250 4540 1343 4585 tua
1394 4548 1423 4587 a
1480 4534 1665 4586 divino
1721 4533 1987 4603 Propheta

421 4628 757 4697 deploratur,
836 4633 890 4677 et
980 4622 1122 4675 inter
1182 4637 1269 4677 res
1320 4623 1509 4677 beatas
1573 4623 1990 4694 fortunatusque

422 4720 740 4773 collocatur.
765 4734 783 4767 ι
815 4714 1014 4769 Beatus
1039 4715 1206 4775 enim,
1233 4715 1327 4778 ait,
1354 4714 1535 4776 homo,
1567 4718 1653 4768 cui
1675 4728 1755 4770 est
1790 4732 1989 4770 nomen

421 4809 637 4863 Domini
668 4823 792 4877 spes
822 4807 965 4876 ejus,
1000 4814 1055 4861 et
1092 4821 1201 4859 non
1237 4806 1478 4875 respexit
1521 4807 1574 4859 in
1609 4809 1902 4871 vanitates,
1936 4815 1990 4862 et

424 4905 669 4960 insanias
701 4901 869 4955 falsas
904 4900 969 4954 “.
1012 4917 1031 4951 ι
1066 4897 1318 4967 Nunquid
1355 4912 1454 4952 nos
1496 4899 1597 4966 ipsi
1641 4914 1854 4961 sumus,
1894 4899 1988 4969 qui

422 4996 547 5050 vitae
584 5003 786 5048 nostrae
814 4990 1126 5047 necessaria
1167 4988 1522 5059 perficimus?
1561 4990 1703 5046 Deus
1743 5002 1846 5056 est,
1893 4993 1988 5063 qui

423 5102 544 5142 eam
571 5084 844 5155 disponit:
879 5090 932 5137 et
962 5082 1200 5135 humana
1235 5081 1414 5135 studia
1443 5081 1629 5138 divino
1660 5084 1865 5137 auxilio
1894 5085 1989 5139 de-

425 5178 637 5237 stituta,
672 5172 985 5228 necessario
1027 5170 1136 5224 fine
1170 5184 1272 5225 suo
1312 5168 1684 5241 frustrantur;
1709 5181 1762 5227 at
1805 5174 1988 5229 divina

425 5266 734 5338 dispositio,
759 5265 1013 5321 submoto
1041 5264 1203 5317 etiam
1238 5264 1483 5333 quolibet
1517 5266 1757 5320 humano
1786 5268 1989 5322 auxilio

425 5356 963 5428 destituta,perfecta
990 5355 1208 5410 exhibet
1228 5356 1389 5410 bona.
1420 5358 1630 5411 Bonum
1662 5358 1845 5427 itaque
1870 5359 1990 5414 fue-

424 5450 499 5505 rit
526 5450 727 5504 bonum
754 5448 1029 5518 amplecti;
1057 5447 1331 5517 quodnam
1359 5464 1485 5502 vero
1510 5449 1640 5503 illud
1680 5449 1862 5515 fuerit,
1884 5451 1988 5504 nisi

428 5541 570 5613 quod
602 5542 705 5597 ﬁde
735 5542 886 5595 firma
930 5554 995 5595 ac
1034 5554 1182 5606 vera,
1216 5539 1342 5595 altis
1374 5539 1539 5611 jactis
1568 5540 1849 5613 radicibus
1884 5557 1983 5596 nos

495 5718 518 5750 ⁹
543 5718 747 5776 llabac.
777 5734 835 5787 ιι,
864 5716 920 5773 6.
996 5717 1038 5750 ¹⁸
1069 5716 1191 5774 Act.
1227 5732 1303 5783 Ix,
1333 5716 1387 5773 Β.
1478 5715 1518 5747 ⁸⁸
1555 5714 1700 5774 Psal.
1727 5731 1914 5784 xxxrx,
1954 5712 2009 5775 Β.

2096 4536 2559 4605 Τεταλανισμένον
2592 4536 2749 4589 τοῦτό
2791 4555 2876 4605 γε,
2916 4540 3035 4609 οὐχὶ
3079 4543 3516 4615 μακαριζόμενον
3560 4550 3668 4603 ὑπὸ

2097 4625 2240 4677 θείου
2293 4625 2578 4693 Προφὴτου
2635 4626 2695 4677 τὸ
2740 4626 2939 4679 τοιόνδε
2992 4631 3263 4701 φρόνημα.
3325 4652 3343 4685 ι
3380 4636 3667 4707 Μακάριος

2096 4719 2222 4787 γὰρ,
2252 4719 2434 4786 φησὶν,
2460 4717 2616 4788 ἀνὴρ.
2648 4713 2707 4772 οὗ
2732 4721 2846 4772 ἐστι
2872 4721 2930 4772 τὸ
2950 4720 3118 4791 ὄνομα
3144 4726 3347 4796 Κυρίου
3370 4725 3543 4793 ’ἐλπὶς
3568 4733 3669 4784 αὐ-

2096 4806 2209 4867 τοῦ,
2246 4809 2337 4860 καὶ
2362 4810 2461 4861 οὐκ
2495 4810 2790 4879 ἐπέϐλεψεν
2817 4814 2898 4875 εἰς
2923 4816 3306 4886 ματαιότητας,
3343 4821 3436 4872 καὶ
3464 4822 3664 4890 μανίας

2087 4900 2321 4969 ψευδεῖς.
2338 4920 2354 4950 ι
2379 4901 2468 4971 Μὴ
2495 4900 2602 4971 γὰρ
2631 4904 2793 4972 ἡμεῖς
2825 4905 2990 4974 ἐσμεν
3017 4908 3066 4959 oi
3095 4907 3163 4960 τά
3185 4908 3285 4978 τῆς
3311 4911 3453 4981 ζωῆς
3472 4912 3664 4966 ἀνύον-

2086 5011 2177 5055 τες
2207 4993 2414 5045 ὲαυτῶν
2439 5010 2453 5057 ;
2503 4992 2635 5057 Θεός
2666 4996 2812 5049 ἐστιν
2852 4997 2879 5048 ὀ
2909 4997 3109 5069 ταύτην
3138 5001 3455 5071 οἰκονομῶνο
3504 5005 3601 5058 καὶ
3625 5006 3660 5076 ἠ

2092 5086 2191 5158 μὲν
2236 5084 2551 5158 ἀνθρωπίνη
2606 5086 2829 5156 σπουδὴ,
2870 5088 2943 5158 μὴ
2968 5090 3202 5159 τυχοῦσα
3245 5091 3347 5160 τῆς
3387 5092 3478 5145 τοῦ
3525 5092 3661 5147 Θεοῦ

2097 5178 2367 5250 βοηθείας,
2399 5178 2457 5242 ἐξ
2485 5178 2728 5249 ἀνάγκης
2759 5180 3125 5251 ἀποτυγχάνει
3164 5182 3258 5236 τοῦ
3300 5184 3505 5248 τέλους
3538 5186 3571 5256 ή
3602 5184 3661 5238 δὲ

2094 5272 2187 5324 τοῦ
2215 5270 2349 5325 Θεοῦ
2379 5269 2680 5340 οἰκονομία,
2713 5272 2807 5323 καὶ
2847 5270 2971 5342 δίχα
3016 5274 3114 5343 τῆς
3140 5274 3487 5347 ἀνθρωπίνης
3516 5292 3660 5346 συμ-

2096 5360 2347 5431 πράξεως
2394 5360 2575 5413 τέλεια
2618 5361 2845 5431 παρέχει
2893 5361 2962 5414 τά
3015 5364 3214 5431 ἀγαθά.
3268 5364 3447 5419 Καλὸν
3478 5366 3658 5419 τοίνυν

2093 5453 2241 5506 ἐστὶν
2276 5451 2615 5516 ἀσπάζεσθαι
2648 5453 2708 5506 τὸ
2732 5454 2916 5509 καλόν.
2953 5454 3017 5507 Τί
3044 5456 3090 5508 δ’
3114 5456 3180 5511 ἂν
3204 5456 3293 5527 εἴη
3322 5457 3505 5523 τοῦτο,
3533 5458 3566 5530 ἧ
3595 5457 3657 5511 τὸ

2089 5544 2269 5600 πίστει
2301 5544 2496 5617 βεϐαίᾳ
2551 5545 2648 5600 καὶ
2696 5545 2918 5616 ἀψευδεῖ
2976 5545 3306 5624 ῥιζωθέντιες
3346 5550 3533 5622 ἡμᾶς,
3560 5550 3655 5606 καὶ
