3850 6218
142 306 245 371 293

1368 307 1897 368 EPISTOLARUM
1927 308 2071 366 LIB.
2115 308 2197 367 II.

3287 314 3396 376 294

146 412 692 486 ίσχυροποιηθέντας.
729 412 910 465 πᾶσαν
958 413 1051 466 ἐπὶ
1081 412 1284 480 Κύριον
1318 414 1531 484 ῥίπτειν
1557 431 1710 484 φρον-

1827 413 2025 469 robore
2060 414 2359 481 obﬁrmati,
2388 430 2608 472 omnem
2643 432 2833 473 curam
2867 429 3113 476 nostram
3168 436 3233 478 ac
3265 425 3393 480 dili-

143 506 261 561 τίὸα
313 505 412 559 καὶ
444 504 716 574 μέριμναν
732 521 747 569 ;

339 596 471 650 PII’.
504 627 570 635 —
602 596 894 666 ΒΑΛΕΡΙῼ
927 596 1511 669 ΚΟΥΒῙΚΟΥΛΑΡΙῼ.

206 689 337 752 Πῶς
367 688 641 758 προφῆτις
702 686 857 755 παρὰ
885 687 963 757 τῷ
1003 688 1197 758 Ἡσαΐᾳ
1236 689 1497 759 κέκληται
1532 688 1718 758 Μαρία

145 781 460 852 ὴΘεοτόκος
485 820 501 845 ,
547 777 748 831 ἐπύθου
787 777 963 848 ἡμῶν.
1000 779 1296 847 Ἀνάγνωθι
1327 783 1384 834 ὲν
1415 780 1493 849 τῷ
1536 781 1717 847 Εὐαγ-

144 874 324 942 γελίῳ,
356 872 441 925 ὅτι
472 889 491 921 ι
535 868 862 937 Ἐπέϐλεψεν
889 870 984 922 ἐπὶ
1008 871 1108 941 τὴν
1135 871 1462 924 ταπείνωσιν
1484 871 1583 941 τῆς
1607 872 1721 925 δού-

151 968 246 1035 λης
296 962 504 1019 αὑτοῦ·
542 962 649 1015 ἰδοὺ
703 964 812 1033 γὰρ
842 962 949 1015 ἀπὸ
994 962 1088 1016 τοῦ
1135 962 1229 1016 νῦν
1270 964 1595 1033 μακαριοῦσί
1648 982 1715 1034 με

146 1060 308 1111 πᾶσαι
333 1058 391 1109 αί
419 1052 626 1124 γενεαί.
671 1070 690 1103 ›
728 1052 837 1105 Καὶ
861 1053 955 1107 ὲάν
989 1056 1063 1125 μὴ
1114 1054 1227 1127 ίδῃς
1271 1055 1716 1126 μακαριζομένην

142 1154 235 1221 τὴν
262 1151 429 1217 ἁγίαν
454 1154 676 1222 Μαρίαν
702 1154 760 1204 ὲν
786 1149 945 1203 παντὶ
965 1149 1126 1213 ἔθνει,
1160 1149 1253 1200 καὶ
1282 1151 1339 1200 ὲν
1369 1148 1515 1219 πάσῃ
1542 1148 1717 1216 γλώσ-

147 1262 231 1314 σῃ,
254 1244 396 1297 διότι
424 1244 561 1297 Θεὸν
596 1243 946 1315 σαρκωθέντα
973 1244 1037 1294 ὲκ
1064 1239 1377 1309 Πνεύματος
1409 1239 1586 1307 ἁγίου,
1624 1239 1716 1291 καὶ

143 1338 198 1402 ἐξ
224 1336 420 1406 αὐτῆς,
452 1335 860 1407 κεκυοφόρηκέν
897 1352 958 1387 τε
988 1334 1084 1387 καὶ
1122 1332 1272 1384 έτεκε
1334 1331 1453 1401 δίχα
1510 1332 1715 1400 φθορᾶς

143 1429 228 1480 καὶ
249 1427 544 1496 μολυσμοῦ
575 1428 851 1490 παντοίου,
882 1425 956 1495 μὴ
986 1424 1173 1475 πείθου
1208 1423 1286 1492 τῷ
1324 1423 1546 1492 Ἡσαΐᾳ·
1582 1424 1628 1473 εί
1668 1421 1713 1474 δ’

142 1518 194 1569 ἐν
220 1519 392 1572 παντὶ
432 1518 515 1587 τῷ
556 1518 746 1587 κόσμῳ
791 1514 1152 1586 μακαρίζεται
1214 1514 1309 1566 καὶ
1363 1514 1710 1583 εὐφημεῖται,

142 1610 462 1679 ἀνυμνεῖται
495 1609 591 1661 καὶ
630 1607 956 1676 εὐλογεῖται,
1006 1603 1146 1674 αὕτη
1175 1606 1293 1675 τεὴ
1337 1605 1580 1673 ἄσπορος
1622 1603 1714 1655 καὶ

140 1702 497 1774 ἀγεώργητος
527 1701 624 1771 γῆ,
659 1701 752 1755 καὶ
790 1701 820 1753 ὁ
864 1699 1069 1769 ταύτης
1101 1698 1564 1769 παμμακάριστος
1622 1696 1714 1749 καὶ

1821 504 2059 574 gentiam
2096 505 2325 562 Domino
2356 509 2808 565 committamus?

1889 596 2051 665 212
2090 595 2349 653 CLXXX.
2378 628 2449 639 --
2474 598 2775 656 VALERIO
2828 601 3322 660 CUBICULARIO.

1890 687 2137 753 Quanam
2190 691 2404 746 ratione
2445 699 2598 747 vates
2648 694 2791 761 apud
2838 693 3037 749 Isaiam
3069 695 3236 749 Maria
3273 696 3395 752 Dei-

1820 792 1949 847 para
1974 787 2321 849 nuncupatur
2340 780 2406 844 ¹³,
2428 796 2458 835 a
2491 783 2651 838 nobis
2672 784 3057 852 expostulasti.
3091 784 3310 842 Videsis
3337 789 3392 842 in

1818 863 2144 935 Evangelia.
2169 865 2459 937 «Respexit
2480 869 2842 925 humilitatem
2863 873 3078 927 ancillae
3093 888 3206 928 sua:
3227 892 3242 929 :
3263 889 3393 928 ecce

1817 955 1963 1007 enim
1993 969 2059 1007 ex
2104 970 2250 1009 nunc
2280 956 2496 1011 beatam
2526 973 2611 1012 me
2639 958 2825 1013 dicent
2866 976 3058 1017 omnes
3082 964 3393 1032 generatio-

1816 1040 1992 1094 nes“.
2031 1060 2050 1092 ι
2082 1039 2147 1095 Et
2175 1043 2220 1096 si
2253 1057 2360 1096 non
2382 1047 2713 1113 compereris
2736 1044 2958 1099 Mariam
2984 1050 3388 1103 sanctissimam

1819 1131 1960 1200 apud
1993 1147 2186 1187 omnes
2219 1133 2491 1197 nationes,
2511 1145 2564 1190 et
2584 1137 2640 1190 in
2664 1138 2919 1192 omnibus
2951 1139 3151 1208 linguis
3174 1140 3388 1195 beatam

1818 1220 2043 1287 dictam,
2070 1224 2217 1292 quod
2247 1223 2439 1288 Deum,
2461 1228 2552 1296 qui
2582 1242 2801 1281 carnem
2830 1244 2897 1281 es
2931 1227 3138 1297 Spiritu
3170 1242 3386 1295 sancto,

1819 1318 1877 1364 et
1916 1310 2106 1366 eadem
2151 1316 2469 1383 assumpsit,
2509 1316 2563 1369 in
2599 1327 2752 1371 utero
2779 1320 3041 1387 gestavit,
3084 1328 3138 1373 et
3180 1322 3391 1391 peperit
3494 1386 3495 1389 η

1815 1401 2019 1471 absque
2052 1405 2403 1474 corruptione
2431 1416 2485 1461 et
2510 1409 2656 1462 omni
2688 1410 2923 1474 macula,
2948 1426 3015 1465 ne
3037 1410 3207 1471 ﬁdem,
3231 1412 3389 1466 adhi-

1814 1492 1946 1548 beas
1970 1493 2151 1560 lsa‘iae;
2186 1496 2233 1550 si
2270 1511 2399 1550 vero
2425 1499 2567 1567 apud
2595 1499 2908 1555 universum
2939 1501 3198 1555 mundum
3226 1502 3386 1556 beata

1815 1586 2033 1652 dicitur,
2064 1595 2120 1640 et
2151 1586 2409 1644 laudibus
2452 1592 2760 1655 extollitur,
2795 1603 2848 1647 et
2882 1594 3171 1663 praeconiis
3200 1602 3254 1649 et
3284 1594 3384 1648 be-

1816 1678 2219 1733 nedictionibus
2255 1679 2579 1735 ltonestatur
2618 1682 2732 1737 haec
2767 1685 2885 1739 sine
2919 1685 3150 1747 semine,
3186 1692 3239 1739 et
3263 1684 3385 1739 sine

140 1768 351 1857 αίώνιος
372 1768 613 1865 καρπός,
635 1792 775 1845 διατί
803 1768 1131 1863 ζυγομαχεῖς
1151 1768 1421 1861 προφῆτιν
1447 1786 1710 1858 δεδεῖχθαι

1816 1769 1922 1822 ulla
1950 1768 2163 1822 cultura
2199 1778 2369 1836 terra,
2415 1783 2468 1825 et
2507 1773 2856 1828 beatissimus
2890 1774 3057 1837 illius,
3088 1782 3143 1828 et
3175 1774 3385 1843 sempi-

138 1887 227 1956 τὴν
250 1884 525 1940 Θεοτόκον
550 1882 770 1954 Μαρίαν
792 1898 806 1912 ⁸

621 2165 797 2220 PIIA'.
828 2192 897 2204 ν-
932 2163 1016 2229 Τῷ
1045 2162 1226 2228 αὐτῷ.

212 2275 233 2310 ι
271 2255 596 2321 Πεινῶντας
628 2256 924 2327 ἐνέπλησεν
949 2255 1186 2327 ἀγαθῶν,
1226 2254 1320 2309 καὶ
1351 2252 1711 2317 πλουτοῦντας

138 2349 490 2414 ἐξαπέστειλε
515 2350 726 2414 κενούς.
765 2369 784 2402 ι
818 2352 879 2403 Ol
907 2349 1015 2420 γὰρ
1046 2349 1151 2420 πρὸ
1189 2348 1287 2417 τῆς
1324 2348 1569 2419 κλήσεως
1593 2363 1711 2399 πει-

136 2441 335 2507 νῶντες
357 2444 454 2497 τὸν
495 2443 636 2497 θεῖον
670 2441 825 2511 λόγον
872 2441 1094 2506 ἐθνικοὶ,
1133 2439 1269 2511 μετὰ
1308 2440 1370 2492 τὸ
1400 2438 1706 2504 πιστεῦσαι,

134 2536 430 2608 τρέφονται
487 2533 829 2604 κατακόρως,
876 2534 971 2587 καὶ
1022 2532 1352 2586 ἀπολαύουσι
1396 2531 1503 2585 τῶν
1549 2530 1709 2583 θείων

134 2628 488 2698 διδαγμάτων
508 2641 527 2657 ο
557 2626 608 2678 οί
632 2624 689 2677 δέ
736 2642 799 2694 γε
827 2625 1225 2694 πλουτήσαντες
1263 2623 1412 2693 νόμῳ
1466 2623 1559 2676 καὶ
1597 2624 1708 2685 τοῖς

134 2722 447 2791 προφήταις
494 2716 753 2788 Ἑϐραῖοι,
795 2717 884 2769 διὰ
924 2716 1021 2785 τῆς
1060 2715 1316 2775 ἀπιστίας
1356 2714 1704 2785 λιμώττουσι.

135 2813 229 2867 καὶ
274 2812 489 2882 πτωχοὶ
535 2810 857 2883 πορεύονται
909 2809 1269 2871 ἀπολέσαντες
1306 2808 1404 2872 τὰς
1434 2807 1492 2874 ἐξ
1541 2806 1707 2877 ὕψους

133 2905 396 2974 χάριτας·
430 2902 569 2955 διότι
619 2901 758 2955 κατά
797 2901 923 2964 τοὺς
963 2899 1153 2969 λόγους
1182 2898 1288 2953 τῶν
1328 2897 1704 2969 προφητῶν,ή

132 2992 441 3063 Συναγωγὴ
472 2990 651 3045 αὐτῶν
678 2990 878 3059 βιϐλίον
905 2990 1234 3044 ἀποστασίου
1268 2989 1529 3053 λαϐοῦσα,
1552 2986 1707 3042 ἐκϐέ-

133 3087 335 3157 ϐληται
364 3087 432 3138 ὲκ
453 3084 547 3138 τοῦ
576 3084 723 3137 οἴκου
753 3083 846 3137 τοῦ
877 3082 1034 3145 Θεοῦ,
1064 3082 1140 3145 ὡς
1177 3082 1423 3152 μοιχαλὶς
1449 3082 1543 3133 καὶ
1571 3079 1704 3150 πρὸς
1737 3112 1779 3169 C

130 3179 457 3251 ἀλλοτρίους
486 3175 682 3246 ἄνδρας
734 3174 1118 3245 ὲκμαινομένη,
1153 3174 1396 3225 τουτέστι
1449 3171 1575 3234 τοὺς
1598 3170 1713 3222 δαί-

132 3290 330 3343 μονας.
370 3270 578 3337 Είληφε
624 3268 799 3320 τοίνυν
845 3267 906 3319 τὸ
960 3265 1052 3319 τοῦ
1102 3264 1437 3318 ἀποστασίου
1486 3262 1711 3333 βιϐλίον,

129 3367 269 3436 ὅπερ
296 3363 448 3425 τινὲς
484 3359 707 3414 καλοῦσι
744 3358 1048 3430 ρεπούδιον,
1079 3359 1172 3410 καὶ
1212 3354 1553 3427 ὲξορισθεῖσα
1604 3353 1712 3407 τῶν

130 3459 355 3511 σεπτῶν
398 3455 738 3526 μυστηρίων,
781 3452 867 3506 διὰ
896 3451 1054 3505 τοῦτο
1090 3448 1377 3519 πτωχεύει.
1414 3449 1574 3502 Ὅθεν
1598 3447 1712 3500 ἐστι

129 3551 345 3622 ἀρτίως
395 3547 695 3617 ὀφθαλμοῖς
768 3543 1134 3599 κατοπτεῦσαι
1204 3542 1264 3596 τὸ
1322 3541 1711 3612 γεγραμμένον

128 3638 499 3713 προφητικῶς
528 3640 587 3690 ὲν
604 3642 673 3709 τῇ
705 3636 869 3707 βίϐλῳ
897 3637 1003 3690 τῶν
1038 3637 1274 3707 Κριτῶν.
1320 3636 1443 3689 Ἐπὶ
1477 3636 1573 3704 μὲν
1602 3634 1711 3704 γὰρ

129 3736 321 3787 πᾶσαν
348 3733 453 3804 τὴν
490 3731 612 3801 γῆν,
642 3731 736 3783 καὶ
767 3732 946 3783 πᾶσαν
977 3730 1074 3801 τὴν
1108 3730 1196 3798 ὑφ’
1220 3728 1375 3800 ἡλίῳ,
1410 3728 1631 3795 γέγονέν
1651 3742 1710 3779 τε

128 3826 231 3879 καὶ
260 3823 483 3890 γίνεται
515 3823 548 3892 ἡ
572 3821 759 3893 δρόσος
788 3819 888 3889 τῆς
920 3818 1173 3887 γνώσεως
1203 3817 1299 3871 τοῦ
1328 3816 1587 3889 Χριστοῦ·
1616 3817 1711 3868 ἐπὶ

129 3917 188 3969 δὲ
211 3918 310 3970 τὸν
355 3917 527 3970 πόκον
567 3918 677 3970 τῶν
708 3916 976 3971 Ἰουδαίων
1010 3916 1166 3987 μόνον
1194 3917 1227 3983 ἡ
1267 3913 1501 3984 ξηρασία
1538 3912 1707 3966 ἐστίν·

132 4012 365 4081 ἀπέπτη
424 4009 535 4081 γὰρ
574 4011 669 4063 ἀπ’
716 4009 958 4079 αὑτῶνή
1000 4008 1097 4071 τὰς
1146 4008 1321 4078 ψυχὰς
1375 4004 1712 4069 ζωοποιοῦσα

132 4102 234 4155 καὶ
284 4100 549 4168 αὔξουσα,
609 4100 928 4171 δροσίζουσά
953 4116 1011 4151 τε
1038 4098 1133 4152 καὶ
1170 4097 1504 4169 ἐκτρέφουσα
1530 4096 1707 4164 χάρις.

147 4195 315 4247 Ἀλλὰ
345 4195 568 4247 κάκεῖνο
592 4192 778 4261 γνῶθι,
810 4193 891 4245 ὅτι
924 4194 970 4245 οἱ
1000 4192 1065 4244 ἐκ
1096 4190 1203 4243 τῶν
1225 4189 1507 4261 ἁμαρτιῶν
1541 4207 1709 4258 μετα-

135 4287 414 4350 νοοῦντες,
468 4287 563 4337 καὶ
592 4284 727 4355 πρὸς
758 4285 819 4336 τὸ
852 4286 1101 4354 κρεῖττον
1146 4281 1565 4351 ἐπιστρέφοντες
1613 4281 1709 4333 ἇν-

132 4379 372 4446 θρωποι,
403 4373 874 4445 ὲμπλησθήσονται
912 4374 1125 4435 πάντως
1161 4372 1267 4425 τῶν
1309 4371 1411 4441 τῆς
1460 4370 1710 4440 ποικίλης

1817 1868 2007 1914 ternus
2068 1858 2313 1927 fructus;
2374 1862 2504 1931 quid
2564 1863 2707 1918 ultra
2772 1866 3057 1920 contendis
3109 1865 3383 1934 postulas—

1817 1966 1953 2020 que,
1995 1949 2277 2021 Deiparam
2312 1951 2537 2008 Mariam
2580 1955 2679 2010 tibi
2720 1956 3144 2011 commonstrari
3198 1964 3381 2011 vatem

1815 2038 1987 2096 fuisse
2000 2040 2023 2095 ?

1847 2138 1864 2155 '
2274 2130 2554 2186 CLXXXI.
2588 2162 2659 2172 —
2695 2132 2902 2189 Eidem.

1891 2220 2253 2278 «'Esurientes
2277 2224 2520 2292 implevit
2549 2224 2723 2288 bonis,
2748 2226 3009 2281 etdivites
3036 2226 3241 2283 dimisit
3266 2228 3385 2284 ina-

1815 2328 1913 2367 nes
1947 2314 2011 2367 “.
2058 2331 2077 2364 ι
2113 2313 2217 2379 Qui
2247 2315 2394 2368 enim
2425 2323 2550 2368 ante
2580 2317 2919 2371 vocationem
2951 2319 3266 2374 esuriebant
3297 2320 3382 2373 di-

1814 2405 1999 2458 vinum
2036 2404 2260 2460 verbum
2309 2407 2561 2476 gentiles,
2594 2418 2882 2478 postquam
2915 2410 3286 2476 crediderunt,
3311 2410 3380 2465 ad

1816 2497 2116 2551 satietatem
2142 2497 2512 2563 enutriuntur,
2539 2509 2592 2552 et
2614 2499 2814 2554 divinae
2847 2502 3114 2556 doctrina
3146 2504 3380 2573 partici-

1814 2609 1908 2662 pes
1943 2596 2118 2660 tiunt;
2168 2594 2259 2667 qui
2302 2609 2431 2648 vero
2464 2604 2519 2647 et
2555 2594 2704 2664 lege,
2736 2603 2790 2649 et
2826 2598 3101 2666 prophetis
3137 2599 3381 2655 abunda-

1814 2694 1943 2739 runt
1975 2687 2209 2750 Hebraai,
2233 2695 2460 2756 propter
2494 2687 2935 2761 incredulitatem
2965 2690 3106 2746 fame
3125 2703 3378 2761 pereunt,

1814 2778 2117 2847 inopesque
2160 2780 2551 2843 obambulant,
2584 2756 2732 2835 .cuin
2775 2783 2936 2845 dona,
2987 2756 3381 2856 quae-desuper

1814 2868 2097 2934 accedunt,
2148 2872 2449 2925 amiserint.
2505 2871 2572 2927 Ut
2627 2874 2773 2927 enim
2838 2874 3022 2930 ferunt
3081 2880 3377 2948 prophetae,

1813 2963 2165 3032 congregatio
2202 2965 2444 3032 ipsorum
2470 3004 2483 3027 ,
2533 2965 2673 3019 libro
2715 2968 2926 3036 repudii
2985 2977 3211 3039 accepto
3257 2978 3379 3023 tan-

1812 3067 1973 3123 quam
2000 3053 2243 3106 adultera
2272 3052 2433 3106 domo
2463 3051 2558 3107 Dei
2584 3054 2757 3121 ejecta
2785 3063 2871 3110 est
2895 3057 2960 3122 ³⁵,
2993 3066 3046 3110 et
3078 3059 3131 3111 in
3169 3058 3377 3113 alienos

1810 3146 1983 3209 viros,
2015 3145 2291 3200 daemones
2327 3144 2559 3207 scilicet,
2581 3146 2813 3201 insanit.
2847 3147 3071 3217 Accepit
3097 3150 3281 3217 itaque
3312 3149 3379 3202 li-

1812 3238 2013 3292 bellum
2052 3236 2285 3307 repudii,
2333 3252 2361 3289 a
2416 3238 2851 3308 venerandisque
2898 3242 3169 3311 mysteriis
3215 3242 3376 3311 213

1810 3325 2048 3380 extorris
2103 3326 2316 3394 inopem
2363 3326 2530 3378 vitam
2569 3327 2679 3395 agit
2707 3327 2771 3380 ¹⁶.
2809 3325 2947 3380 Hinc
2995 3328 3157 3381 modo
3198 3331 3377 3384 oculis

1810 3416 1956 3486 quod
1990 3416 2045 3469 in
2078 3417 2219 3470 libro
2258 3414 2511 3470 Judicum
2557 3417 2740 3470 divine
2784 3432 3115 3486 praesensum
3157 3428 3210 3475 et
3238 3435 3376 3490 prae-

1810 3510 2014 3564 dictum
2046 3518 2151 3572 est,
2188 3509 2385 3563 intueri
2427 3524 2717 3578 possumus
2749 3512 2811 3563 ”.
2849 3509 2904 3577 In
2929 3527 3142 3567 omnem
3174 3515 3373 3569 etenim

1809 3609 2033 3664 terram,
2074 3615 2194 3670 quae
2240 3600 2340 3654 sub
2399 3602 2514 3655 sole
2543 3610 2648 3661 est,
2691 3616 2782 3656 ros
2824 3602 3153 3659 Christiana:
3185 3605 3373 3674 cogni-

1808 3692 1974 3747 tionis
1995 3700 2147 3745 ortus
2172 3700 2273 3755 est,
2293 3700 2345 3745 et
2372 3707 2519 3745 nunc
2536 3707 2754 3761 quoque
2782 3693 2926 3747 cadit
2950 3711 2963 3748 :
2996 3705 3372 3753 verumtamen

1810 3798 1976 3851 super
2006 3783 2175 3835 vellus
2209 3780 2515 3834 Iudaeorum
2554 3784 2929 3837 tantummodo
2975 3784 3194 3838 siccitas
3241 3787 3369 3840 lior-

1809 3883 1911 3931 ret.
1943 3874 2187 3943 Namque
2216 3875 2285 3928 ab
2314 3876 2468 3945 ipsis,
2502 3876 2714 3929 animas
2739 3877 3040 3943 vivilicans,
3073 3879 3368 3948 adaugens,

1811 3967 2056 4021 irrorans
2090 3977 2142 4019 et
2169 3968 2452 4021 enutriens
2484 3966 2655 4035 gratia
2683 3968 2941 4022 evolavit.
2984 3968 3119 4023 Illud
3154 3985 3370 4040 quoque

1808 4062 1955 4119 scias
1989 4062 2170 4124 velim,
2211 4076 2304 4115 eos
2338 4063 2428 4130 qui
2463 4076 2492 4114 a
2517 4062 2763 4130 peccatis
2798 4064 3144 4132 resipiscunt,
3169 4073 3223 4119 et
3255 4080 3370 4135 pm-

1811 4155 2092 4209 nitentiam
2142 4162 2362 4222 agentes
2411 4151 2478 4205 ad
2532 4152 2815 4207 Dominum
2866 4155 3093 4222 gradum
3138 4154 3365 4221 faciunt,

1809 4244 2198 4299 laudatissimis
2229 4243 2390 4297 varia:
2418 4243 2633 4297 virtutis
2660 4242 2857 4299 eduliis
2890 4247 3114 4299 omnino
3145 4245 3261 4299 fore
3283 4262 3369 4301 re-

1810 4338 2065 4410 plendus;
2097 4336 2187 4407 qui
2214 4350 2340 4391 vero
2372 4336 2439 4389 ob
2469 4337 2669 4390 delicta
2701 4346 2888 4391 nostra
2923 4347 3080 4392 antea
3111 4338 3250 4394 male
3282 4339 3370 4392 di-

142 4424 372 4446 'r"'"'v
410 4424 515 4444 'r'"
544 4424 773 4445 "|"'l"’
800 4424 848 4426 ---
1080 4424 1121 4435 νυ
1176 4424 1181 4425 ν
1251 4424 1255 4425 ν
1367 4424 1408 4441 ι·
1664 4424 1706 4440 ο-

132 4469 346 4539 ἀρετῆς
378 4467 749 4537 πανευφήμων
797 4465 1001 4520 σιτίων
1043 4467 1090 4517 οἱ
1130 4464 1174 4517 δ’
1202 4466 1264 4516 ἐκ
1296 4463 1404 4516 τῶν
1427 4463 1707 4533 ἡμετέρων

1816 4429 1949 4483 vites
1980 4426 2108 4480 facti
2136 4432 2263 4480 sunt
2288 4425 2579 4487 dremones,
2610 4424 2829 4478 divitias
2862 4425 3183 4493 amissuros,
3225 4441 3365 4496 quas

1816 4535 1975 4539 -____-_
2011 4519 2189 4539 _-:--..,.
2231 4525 2274 4539 Α.
2308 4515 2537 4539 ,μεηιηιηη
2583 4515 2934 4539 ,1....Α..ι,.ι...--ι
2974 4517 3016 4539 η
3093 4525 3147 4539 --ι
3188 4518 3365 4539 2..---2Α

132 4558 557 4630 ἁμαρτημάτων
588 4556 776 4627 πρώην
806 4556 989 4619 κακῶς
1023 4555 1424 4624 πλουτήσαντες
1439 4552 1709 4622 δαίμονες,

131 4653 468 4709 ἀπολέσουσι
510 4651 603 4702 τὸν
640 4648 888 4714 πλοῦτον,
929 4647 1223 4717 ὅνπερέὲπὶ
1262 4646 1373 4698 τῶν
1422 4644 1557 4698 ὄνων
1619 4644 1713 4697 καὶ

129 4746 247 4798 τῶν
285 4743 553 4813 καμήλων
580 4737 861 4809 ἐκόμιζον,
908 4738 983 4802 ῶς
1017 4756 1182 4810 φησιν
1242 4737 1496 4800 Ἡσαΐας·
1551 4752 1712 4805 σκορ-

132 4838 370 4907 πίζομεν
393 4835 505 4906 γὰρ
532 4835 623 4888 τὸν
653 4834 890 4887 τοιοῦτον
939 4831 1187 4895 πλοῦτον,
1218 4830 1313 4882 καὶ
1353 4826 1709 4898 ὀλοφύρεσθαι

130 4933 233 4986 καὶ
250 4931 472 5002 θρηνεῖν
499 4927 708 4998 πικρῶς
741 4925 998 4997 ποιοῦμεν
1026 4925 1151 4987 τοὺς
1177 4923 1453 4994 δαίμονας,
1485 4923 1611 4976 ὅταν
1640 4920 1705 4992 δὴ

128 5024 275 5096 πρὸς
315 5020 608 5093 μετάνοιαν
632 5018 777 5089 ρέψω
784 5035 882 5088 μεν

633 5108 803 5163 PIIB'.
826 5137 896 5148 —
926 5106 1011 5173 Τῷ
1037 5105 1216 5172 αὐτῷ.

200 5200 451 5273 Ετρηκάς
481 5217 571 5270 μοι
596 5199 734 5267 ἄγαν
766 5199 1235 5269 πολυπραγμονεῖν
1256 5196 1324 5249 τά
1352 5195 1703 5267 ἀναγεγραμ-

132 5294 274 5364 μένα
300 5292 595 5364 ίστορικῶς
617 5293 935 5359 (εὐσύνοπτα
958 5292 1066 5361 γὰρ
1091 5289 1304 5357 ταῦτα),
1336 5288 1470 5343 ἀλλὰ
1507 5288 1704 5361 μᾶλλον

127 5386 232 5457 τὴν
256 5386 447 5455 νόησιν
476 5382 584 5436 τῶν
604 5382 998 5454 γεγραμμένων
1025 5381 1217 5452 λίχνως
1241 5379 1478 5451 διαθρεῖν
1504 5380 1703 5448 λέγεις,

127 5478 230 5532 καὶ
257 5481 339 5539 είς
366 5476 543 5542 λέξεις
589 5476 785 5545 νοητὰς
816 5473 1095 5544 βούλεσθαι
1136 5473 1307 5542 ἡδέως
1339 5472 1437 5541 τὴν
1485 5471 1709 5542 Γραφὴν

129 5569 520 5641 ἐκλαμϐάνειν.
556 5569 742 5639 Κέρας
777 5568 956 5623 τοίνυν
996 5566 1267 5638 σωτηρίας
1309 5565 1407 5636 τὴν
1443 5564 1708 5618 ἀπάθειαν

236 5704 280 5735 ¹¹
310 5703 421 5827 ξε.
453 5722 576 5774 vui,
609 5707 662 5762 3.
738 5705 783 5737 ¹³
811 5706 945 5761 Luc.
987 5719 1028 5759 ι.
1062 5702 1152 5759 48.
1232 5700 1276 5734 ι’
1306 5699 1444 5758 Ibid.
1468 5700 1559 5757 55.

236 5790 281 5827 ι.
355 5812 373 5827 .

149 5789 281 5839 xu,
312 5789 373 5828 ο.

1673 5699 1718 5732 ⁸⁸
1747 5700 1852 5756 lea.
1894 5711 1948 5757 ι..
1982 5694 2036 5745 1.
2113 5689 2158 5721 ¹⁶
2192 5686 2304 5744 Jer.
2338 5702 2419 5754 Ill,
2448 5688 2501 5742 8.

1810 4535 1975 4590 super
2008 4519 2192 4572 asinos
2228 4525 2280 4570 et
2304 4515 2540 4569 camelos
2579 4515 2939 4585 deportabant
2974 4517 3046 4582 ιδ,
3093 4525 3153 4571 ιιι
3186 4518 3369 4589 inquit

1806 4609 1996 4663 Isaias.
2033 4606 2251 4659 Similes
2283 4606 2427 4659 enim
2458 4604 2677 4659 divitias
2702 4603 3058 4675 dissipamus,
3098 4617 3153 4662 et
3183 4608 3366 4681 Iacry-

1807 4714 1945 4765 mas,
1994 4696 2340 4766 eiulatusque
2392 4709 2608 4749 amaros
2650 4694 2990 4752 daemonibus
3038 4698 3363 4768 incutimus,

1805 4804 1931 4844 cum
1960 4787 2028 4843 ad
2054 4786 2429 4859 paenitentiam
2460 4786 2809 4841 inclinantur.

2249 5094 2559 5152 CLXXXII.
2586 5096 2894 5151 —-Eidem.

1876 5189 2069 5245 Dixisti
2102 5189 2253 5252 mihi,
2287 5196 2339 5243 te
2373 5189 2589 5244 curiose
2622 5189 2783 5245 nimis
2815 5191 3141 5261 conquirere
3184 5191 3364 5249 histo-

1803 5284 1912 5340 rias
1965 5284 2169 5352 scripto
2211 5282 2444 5344 relatas,
2494 5295 2614 5349 quae
2654 5280 2813 5337 facile
2847 5282 2904 5336 in
2944 5282 3361 5354 intelligentiam

1803 5377 1997 5433 cadere
2047 5380 2308 5445 possunt;
2352 5373 2463 5426 imo
2512 5374 2684 5442 magis
2734 5389 2943 5440 eorum,
2989 5390 3109 5445 qua:
3156 5375 3364 5446 scripto

1802 5469 2057 5526 mandata
2079 5472 2227 5529 sunt,
2260 5464 2585 5520 sententiam
2613 5465 2773 5520 enixe
2799 5464 2991 5522 fateris
3027 5468 3359 5538 expendere,

1805 5570 1861 5618 et
1891 5559 1960 5615 ad
2016 5557 2290 5613 dictiones
2320 5555 2719 5611 intellectuales
2749 5556 2986 5614 libenter
3018 5556 3360 5631 Scripturam

2612 5689 2655 5721 ¹⁷
2684 5686 2862 5748 Judic.
2894 5708 2969 5762 vt,
2994 5694 3084 5753 ιο.
3190 5696 3358 5752 "Isa.
