3850 6218
443 303 557 368 295
1909 261 1986 358 sf
2010 294 2175 356 NlLI
2814 354 2821 365 ,
3579 285 3698 347 296

443 415 787 481 detorquere.
830 410 1012 467 Cornu
1065 410 1250 480 itaque
1298 409 1488 464 salutis
1536 410 1601 473 ",
1651 407 2051 465 indolentianu

2161 402 2320 470 ιησον,
2343 393 2490 451 οἶκον
2518 396 2576 449 δὲ
2600 393 2691 448 τοῦ
2724 391 2888 447 Δαυτδ
2915 392 3016 463 τὴν
3047 391 3390 461 Ἐκκλησίαν.
3420 393 3485 446 Ei
3505 394 3701 446 τοίνυν

445 520 569 560 esse
608 503 910 573 intelligito,
940 502 1161 556 domum
1186 501 1353 553 David
1391 500 1709 554 Ecclesiam.
1745 500 1803 552 Si
1831 499 2015 566 itaque

2161 494 2207 545 1i
2234 491 2393 554 αὐτὸς
2421 488 2513 542 τοῦ⁹
2547 487 2694 541 οἴκου
2746 486 3011 556 ὑπάρχεις
3039 484 3131 538 τοῦ
3166 484 3454 555 νοουμένου
3502 483 3699 550 Δαυῖδ,

446 603 505 651 et
534 596 648 664 ipse
675 611 741 649 ex
769 596 952 655 domo,
984 608 1103 663 quae
1137 593 1459 662 intelligitur
1496 608 1618 647 esse
1656 591 1896 655 Davidis,
1933 606 2013 651 es,

2161 585 2382 640 πάθειαν
2423 583 2661 652 άσκησον
2702 578 2801 633 xui
2854 579 3132 631 τελείωσιν
3178 577 3377 647 ψυχῆς.
3430 578 3707 647 Ἐγχωρεί

448 687 804 741 indolentiam
832 701 1047 749 exerce,
1071 692 1125 739 et
1159 685 1352 738 animzc
1385 683 1797 752 perfectionem.
1833 683 2017 735 Potest

2161 678 2223 749 ἄρ
2252 677 2407 731 τοῦτο
2428 676 2523 729 καὶ
2551 677 2607 728 ἐν
2636 674 2782 744 μέσῳ
2808 671 2901 725 τοῦ
2923 669 3703 741 κόσμουὲτελεσιουργηθῆναι,

452 794 685 847 namque
711 778 873 831 etiam
909 777 1009 830 hoc
1038 778 1089 830 in
1121 776 1297 828 medio
1328 784 1593 828 terrarum
1629 774 1745 826 orbi
1784 772 2016 833 absolvi,

2161 788 2304 841 amp
2336 771 2426 822 ἐπὶ
2454 765 2546 821 τοῦ
2580 765 2776 836 Ἰωσήφ
2805 764 2899 818 xui
2931 764 3021 816 ἐπὶ
3041 763 3135 815 τοῦ
3162 762 3382 833 Δανιήλ.

450 869 911 939 quemadmodum
969 868 1023 921 in
1071 866 1307 935 Joseplio
1345 873 1398 920 et
1448 868 1502 918 in
1545 864 1767 918 Daniele
1813 863 2019 916 factum

452 970 558 1017 est.

807 1052 970 1124 214
1011 1048 1414 1106 CLXXXIII.—
1434 1050 1641 1106 Eidem.

527 1148 667 1203 Sunt
688 1146 936 1201 nonnulli
966 1160 1110 1197 nunc
1132 1158 1351 1212 quoque
1386 1142 1648 1211 temporis
1671 1154 1897 1195 numero
1920 1137 2023 1193 ﬂu—

2604 1039 2774 1095 PﬂI".
2805 1070 2877 1081 -—-
2906 1037 2990 1104 Τῷ
3021 1035 3200 1103 αὐτῷ.

2192 1131 2315 1187 Εἰσί
2343 1148 2486 1195 τινες
2533 1132 2626 1183 xui
2680 1128 2882 1199 ἀρτίως
2935 1126 3169 1195 ποταμοὶ
3228 1124 3427 1177 ἀένναα
3485 1122 3709 1194 ῥέοντες

453 1241 526 1295 vii
590 1255 855 1308 aquarum
913 1252 1077 1291 cursu
1140 1234 1507 1297 indelicienti,
1569 1233 1769 1285 divinis
1836 1232 2025 1300 repleti

2161 1226 2407 1295 ειοτέρων
2441 1220 2855 1293 πεπληρωμένοι
2883 1217 3131 1289 ῥείθρων,
3155 1219 3264 1279 τοῖς
3283 1215 3500 1277 οἰκείοις
3529 1217 3711 1286 ὁρμή-

456 1307 696 1394 fluentis,
724 1339 778 1384 et
802 1330 1020 1399 proprio
1045 1329 1245 1397 impetu
1281 1326 1554 1378 civitatem
1587 1324 1698 1384 Dei,
1729 1317 2026 1377 Ecclesium

2161 1336 2261 1372 ,ασι
2280 1317 2377 1388 τὴν
2411 1316 2563 1368 πόλιν
2583 1312 2675 1367 τοῦ
2702 1312 2859 1375 Θεοῦ,
2890 1312 2987 1381 τὴν
3021 1307 3347 1379 Ἐκκλησίαν
3377 1309 3543 1379 φημὶ,
3567 1324 3712 1360 κατ-

457 1428 604 1489 dico,
645 1424 921 1478 hilaritate
954 1427 1380 1489 conSpergenles
1408 1432 1685 1486 nunquam
1713 1418 2030 1485 quiescente

2161 1411 2504 1481 υφραίνοντες
2548 1408 2615 1477 τῇ
2668 1404 3002 1471 ἀνεκλείπτῳ
3031 1402 3251 1471 ἁρδείᾳ’
3297 1402 3421 1462 τοὺς
3456 1402 3585 1469 περὶ
3613 1400 3714 1453 τὸν

459 1518 828 1572 irroratione:
862 1530 955 1569 eos
990 1512 1258 1581 intelligo,
1296 1511 1391 1579 qui
1418 1526 1517 1564 usu
1552 1519 1605 1563 et
1634 1506 2031 1563 consuetudine

2164 1501 2349 1572 εοφιλῆ
2405 1501 2500 1552 xui
2538 1498 2704 1561 ὄντως
2762 1496 3031 1565 μακάριον
3066 1494 3263 1564 εἴρηκα
3299 1493 3573 1563 Φιλήμονα
3613 1493 3717 1546 καὶ

460 1610 626 1664 amati
657 1619 709 1662 et
739 1609 894 1662 beato
925 1604 1230 1658 Philemoni
1262 1610 1315 1656 et
1349 1600 1658 1670 Nicephoro
1684 1598 2029 1665 conjunctis-

2161 1598 2460 1669 i’tx'qcpépov,
2488 1596 2683 1657 οἵτινες
2715 1593 3055 1663 ὑψηλοτάτην
3087 1591 3356 1643 ἀπάθειαν
3377 1590 3590 1659 άληθῶς
3613 1590 3716 1643 καὶ

463 1702 587 1757 simi
617 1702 822 1755 vivunt.
857 1697 921 1751 lli
954 1713 1078 1752 vere
1117 1695 1562 1751 sublimissimam
1598 1692 1950 1746 indolentiam
1980 1699 2033 1743 et

2161 1691 2332 1743 ’νῶσιν
2387 1687 2741 1758 κεκτημένοι,
2784 1686 2877 1737 xui
2911 1686 3037 1746 τοὺς
3089 1683 3486 1752 πολυτιμήτους
3526 1680 3715 1744 λίθους

463 1794 826 1863 cognitionem
888 1789 1252 1860 possidentes,
1318 1801 1532 1841 necnon
1593 1784 2030 1854 pretiosissimos

2163 1780 2609 1851 γκεκολπισμένοι
2661 1778 3053 1831 διαδείκνυνται
3103 1776 3259 1840 πᾶσι,
3316 1773 3405 1826 τὸν
3459 1773 3719 1842 ἄνθρακά

464 1883 673 1954 lapides
709 1882 759 1934 in
792 1882 914 1935 sinu
962 1880 1275 1934 deferentes
1315 1877 1573 1931 omnibus
1624 1884 2030 1944 proponuntur,

466 1976 884 2037 carbunculum,
931 1974 1176 2043 inquam,
1211 1979 1266 2026 et
1297 1968 1521 2024 viridem
1555 1968 1812 2035 lapidein.
1844 1965 2037 2019 innuet

468 2084 633 2139 porro
658 2069 795 2136 lapis
815 2066 1004 2119 viridis
1026 2080 1171 2126 eum,
1194 2063 1287 2132 qui
1309 2077 1376 2116 ex
1398 2060 1795 2115 exercitatione
1819 2060 1872 2110 in
1900 2056 2039 2109 facie

469 2165 713 2227 apparet,
750 2170 912 2224 quam
958 2154 1193 2207 maxime
1233 2150 1602 2206 venerandum
1655 2150 1950 2218 pallorem,
1985 2140 2039 2199 et

472 2247 959 2315 refrigerationem,
975 2244 1450 2299 etconcretionem
1475 2241 1545 2295 ob
1568 2254 1814 2309 asperam
1840 2247 2040 2291 tracta-

473 2340 672 2392 tionem
701 2337 1066 2390 membrorum
1107 2335 1378 2400 corporis.
1408 2331 1789 2386 Carbunculus
1819 2329 2041 2398 praecla-

476 2444 586 2491 ros,
632 2423 1283 2496 ignitosquespiritualis
1314 2418 1795 2487 contemplationis
1842 2430 2040 2471 sensus

476 2520 733 2576 intimos.
774 2518 865 2586 qui
904 2532 1035 2570 sane
1080 2525 1133 2569 et
1163 2510 1385 2581 CleOp:e
1426 2526 1521 2565 cor
1570 2511 1897 2564 adurebant.
1948 2507 2043 2562 His

474 2613 583 2681 jam
605 2608 839 2663 laudatis
868 2606 1280 2660 admirabilibus
1312 2604 1442 2657 viris
1462 2602 1633 2670 major
1656 2617 1684 2655 a
1703 2601 1812 2655 Deo
1841 2599 2045 2654 mundo

480 2702 773 2771 profluens,
824 2698 1010 2752 aureis
1054 2697 1295 2783 fontibus
1342 2695 1678 2763 conspicuus
1721 2692 1884 2746 datus
1937 2697 2044 2754 est,

480 2790 720 2846 Joannes
784 2787 1424 2857 Constantinopolitanus
1482 2786 1812 2855 episcopus,
1887 2782 2048 2853 cujus

434 2918 437 2921 -
482 2882 672 2937 laudes
695 2889 879 2935 mutue
907 2880 1011 2934 sibi
1035 2881 1338 2948 sapientum
1365 2877 1561 2945 linguae
1581 2875 1877 2947 dispertita:
1898 2881 2046 2930 sunt.

483 2971 585 3027 llic
611 2973 753 3027 enim
774 2987 935 3043 quam
963 2971 1249 3025 verissime
1280 2969 1646 3024 carbunculus
1676 2977 1779 3032 est,
1805 2985 1832 3023 a
1855 2969 2049 3023 tenella

2135 1892 2275 1944 φημι
2334 1874 2425 1927 xui
2458 1873 2549 1924 τὸν
2583 1873 2840 1942 πράσινον
2876 1870 3039 1923 λίθον.
3082 1868 3345 1939 Σημαίνει
3389 1868 3432 1920 δ’
3461 1854 3525 1919 ἂν
3549 1868 3579 1919 ὁ
3612 1868 3718 1935 μὲν

2136 1965 2393 2035 πράσινος
2421 1962 2586 2027 λίθος,
2612 1962 2708 2031 τὴν
2747 1963 2810 2014 ἐκ
2841 1962 2943 2029 τῆς
2984 1959 3267 2029 ἀσκήσεως
3296 1959 3387 2010 ἐπὶ
3414 1956 3718 2025 προσώπου

2136 2053 2465 2123 φαινομένην
2495 2052 2830 2122 σεμνοτάτην
2860 2051 3144 2121 ὠχρότητα
3169 2048 3261 2101 καὶ
3285 2049 3382 2117 τήν
3414 2047 3574 2117 ψύξιν
3621 2047 3721 2100 καὶ

2136 2146 2298 2216 πῆξιν
2322 2146 2428 2199 τῶν
2472 2144 2563 2197 τοῦ
2597 2143 2849 2213 σώματος
2881 2141 3056 2213 μελῶν
3096 2142 3183 2195 διὰ
3212 2140 3309 2209 τῆς
3360 2140 3719 2211 κληρουχίας·

2137 2244 2165 2295 ὁ
2188 2241 2243 2295 δὲ
2277 2241 2502 2312 ἄνθραξ,
2524 2238 2595 2294 τὰ
2621 2240 2686 2292 λα
2696 2238 2849 2308 μπρά
2868 2237 2962 2290 xui
2988 2235 3183 2306 διακαῆ
3213 2237 3312 2305 τῆς
3333 2236 3720 2304 πνευματικῆς

2140 2329 2371 2401 θεωρίας
2401 2329 2777 2399 ἐνθυμήματα,
2813 2327 2955 2397 ἆπερ
3000 2326 3182 2394 δήκαὶ
3213 2325 3309 2377 τού
3355 2325 3581 2379 Κλεόπα
3617 2325 3723 2394 τὴν

2141 2421 2367 2491 καρδίαν
2408 2420 2716 2489 ἐξέφλεγεν.
2753 2418 2969 2482 Μείζων
3014 2418 3071 2470 δὲ
3115 2417 3222 2471 τῶν
3253 2418 3556 2488 εἰρημένων
3583 2418 3724 2471 θαυ-

2145 2512 2362 2583 μαστῶν
2393 2512 2618 2583 ἀνδρῶν,
2652 2511 2801 2581 παρὰ
2828 2509 2963 2563 Θεοῦ
2994 2510 3072 2580 τῷ
3099 2510 3289 2580 κόσμῳ
3320 2510 3563 2578 ποταμὸς
3584 2528 3727 2580 χρυο

2145 2606 2369 2675 σορρόας
2394 2604 2712 2674 δεδώρηται,
2751 2602 3003 2673 Ἰωάννης
3032 2604 3061 2655 ὁ
3092 2603 3725 2666 Κωνσταντινουπόλεως

2146 2697 2461 2760 ὲπίσκοπος.
2489 2692 2695 2759 οὗτινος
2729 2696 2854 2758 τοὺς
2892 2694 3143 2758 ἐπαίνους
3172 2694 3363 2749 πολλαὶ
3392 2694 3501 2746 τῶν
3539 2695 3725 2762 σοφῶν

2151 2789 2459 2859 μερίζονται
2481 2788 2741 2856 γλῶσσαι.
2768 2786 3009 2859 Ἀνθραξ
3032 2788 3140 2856 γὰρ
3172 2779 3322 2849 οὗτος
3353 2786 3725 2856 ἀληθέστατα,

2149 2881 2213 2932 ὲκ
2245 2878 2370 2940 νέας
2408 2878 2619 2949 ἡλικίας
2654 2877 2733 2948 τῷ
2771 2880 2911 2947 φωτὶ
2952 2878 3053 2945 τῆς
3082 2877 3359 2939 εὐσεϐείας
3388 2893 3725 2942 σπαργανώ-

2152 2972 2287 3039 θεὶς,
2312 2972 2407 3024 xui
2431 2973 2522 3025 ἐπὶ
2550 2970 2643 3023 τοῦ
2673 2970 2819 3024 θείου
2847 2970 3047 3023 κόκκον
3079 2970 3187 3022 τῶν
3213 2968 3489 3038 διαπύρων
3517 2969 3727 3037 νοημά-

485 3071 643 3121 aetate
672 3064 885 3134 pietatis
913 3062 1201 3132 splendore
1235 3061 1395 3116 etiam
1434 3062 1487 3115 in
1517 3060 1702 3116 fasciis
1736 3062 2047 3125 obvolutus,

2161 3082 2256 3118 των
2304 3062 2630 3131 τιθηνηθεὶς,
2659 3064 2750 3116 καὶ
2794 3062 3116 3133 πυριφλεγεί
3139 3062 3305 3131 πόθῳ,
3337 3062 3423 3114 διὰ
3456 3061 3558 3129 τῆς
3582 3061 3727 3113 κατὰ

488 3171 542 3212 et
570 3157 623 3210 in
655 3156 839 3210 divino
872 3168 1041 3224 grano
1076 3153 1366 3222 ignitarum
1415 3153 1807 3224 cogitationum
1842 3152 2051 3205 enutrio

489 3258 598 3314 tus,
646 3257 701 3303 et
750 3248 962 3302 ardenti
1012 3246 1289 3300 desiderio
1323 3261 1418 3314 per
1458 3244 1760 3314 profectum
1795 3245 2050 3314 carptim,

490 3342 995 3408 incrementumque
1032 3340 1084 3391 in
1124 3338 1355 3391 sublime
1384 3338 1604 3392 elevans
1642 3336 1912 3390 flammam
1949 3336 2051 3389 do-

490 3433 679 3488 ctrina:
704 3470 719 3494 ,
759 3446 858 3501 pro
892 3446 997 3499 qua
1032 3429 1099 3483 de
1136 3429 1283 3481 omni
1333 3428 1644 3483 mortalium
1679 3444 1877 3498 genere
1918 3428 2054 3482 bene

493 3523 823 3593 promeritus
864 3529 981 3584 est,
1019 3521 1091 3574 ab
1134 3521 1242 3574 illis
1284 3529 1589 3588 separatus,
1623 3528 1889 3589 utensque
1926 3535 2057 3589 pru-

492 3613 896 3679 dentibusiliis,
932 3614 1023 3682 qui
1055 3620 1214 3665 antea
1247 3619 1467 3680 prepler
1502 3611 1756 3664 virtutem
1798 3611 1852 3664 in
1883 3611 2057 3664 maxi-

493 3720 581 3760 ma
630 3704 871 3759 omnium
920 3702 1266 3756 admirationi
1327 3708 1518 3765 erant;
1558 3709 1612 3754 at
1658 3716 1824 3763 nunc,
1872 3715 1935 3753 ea
1976 3707 2059 3755 est

460 3798 844 3872 praesentium
903 3797 1154 3851 socordia
1200 3837 1215 3860 ,
1250 3798 1529 3865 despectui
1588 3795 1880 3858 habentur,
1937 3795 2062 3850 licet

494 3900 741 3962 pastores
771 3890 912 3943 sint:
964 3888 1109 3957 quod
1140 3889 1321 3942 verbis
1360 3888 1467 3942 illis
1505 3886 1772 3941 Jeremias
1803 3887 2059 3956 deplora—

495 3983 613 4037 vit:
648 3979 929 4047 Quomodo
982 3987 1222 4034 stercore
1270 3978 1430 4048 215
1475 3977 1873 4031 circumvallati
1930 3986 2061 4033 sunt

2155 3154 2319 3226 μέρος
2362 3155 2641 3224 προκοπῆς
2706 3156 2801 3207 xui
2855 3154 3133 3221 αὐξήσεως
3153 3193 3167 3215 ,
3202 3155 3279 3216 εἰς
3307 3152 3441 3222 ὕψος
3463 3154 3602 3221 ἄρας
3627 3154 3730 3221 τὴν

2151 3248 2323 3317 φλόγα
2344 3250 2441 3315 τῆς
2472 3249 2690 3300 πάντων
2721 3247 2924 3317 βροτῶν
2955 3249 3307 3316 εύεργετικῆς
3338 3246 3583 3314 διδαχῆς,
3608 3246 3728 3297 δια·-

2149 3341 2548 3412 κεχωρισμένος
2581 3340 2823 3404 ἐκείνων,
2869 3340 2963 3393 xui
2990 3339 3421 3409 διακεχρημένος
3457 3340 3569 3400 τοῖς
3596 3340 3615 3358 ⁹
3636 3339 3731 3391 εύ-

2154 3432 2508 3504 φρονούντων,
2540 3433 2646 3486 τῶν
2676 3431 2866 3503 πρώην
2904 3433 3000 3502 μὲν
3034 3431 3465 3501 εὐφημουμένων
3504 3432 3571 3484 δι’
3600 3434 3732 3499 ἀρε-ι

2159 3526 2280 3595 τὴν,
2315 3526 2434 3579 νυνὶ
2459 3525 2515 3577 δὲ
2543 3524 2857 3594 ψεγομένων
2887 3524 2972 3577 διὰ
2994 3525 3094 3594 τὴν
3135 3524 3406 3595 ῥᾳθυμίαν
3427 3562 3441 3586 ,
3475 3524 3580 3577 κᾶν
3607 3541 3732 3575 ποι-

2167 3616 2324 3688 μένες
2361 3617 2696 3687 τυγχάνωσιν
2721 3634 2733 3648 ·
2762 3615 2968 3684 (ὥσπερ
3018 3614 3285 3688 Ἱερεμίας
3334 3616 3602 3686 ἐθρήνησι
3639 3615 3735 3667 λέ-

2164 3725 2310 3777 γων’
2340 3708 2462 3771 Πῶς
2503 3709 2729 3779 κοπρίαν
2764 3708 3146 3778 περιεϐάλοντο
3180 3708 3518 3777 πραγμάτων
3551 3706 3737 3776 βιωτι-

2167 3801 2277 3855 κῶν
2308 3802 2401 3855 xui
2450 3800 2722 3872 φθαρτῶν,
2751 3802 2803 3855 οἵ
2834 3819 2962 3856 ποτε
2994 3802 3370 3871 τιθηνούμενοι
3405 3802 3496 3853 ἐπὶ
3533 3802 3739 3853 κόκκον

2162 3894 2260 3962 τῆς
2297 3893 2545 3962 οὐρανίου
2591 3897 2685 3948 xui
2714 3895 2919 3963 σεμνῆς
2962 3894 3222 3964 βιώσεως,
3269 3890 3362 3946 καὶ
3389 3892 3484 3945 τοῦ
3518 3894 3737 3963 ἀφθάρ-

2159 4001 2253 4038 του
2302 3986 2396 4038 καὶ
2434 3984 2806 4055 πνευματικοῦ
2837 3984 3248 4057 πολιτεύματος.

497 4090 678 4129 rerum
703 4082 1062 4135 terrenarum,
1082 4087 1145 4125 ac
1166 4071 1626 4140 corruptibilium,
1646 4070 1737 4139 qui
1761 4071 2058 4141 aliquando
2094 4078 2479 4134 nutriebautur
2509 4078 2562 4132 in
2591 4093 2760 4133 cocco
2790 4079 2835 4110 ²⁰
2860 4079 3107 4133 caelestis
3138 4092 3202 4131 ac
3235 4076 3561 4132 veneranda:
3592 4079 3738 4140 vitae,

498 4177 553 4224 et
576 4167 1036 4236 incorruptibilis,
1064 4176 1118 4221 et
1145 4167 1409 4234 spiritalis
1445 4166 1704 4219 instituti.
1924 4180 1938 4212 ι

684 4258 1011 4314 CLXXXIV.
1041 4288 1113 4299 ——
1145 4256 1423 4312 TEUCRO
1452 4254 1867 4312 CANDIDA'I'O.

571 4350 707 4405 Dum
744 4352 1079 4421 Scripturam
1124 4350 1524 4419 percurrimus,
1568 4350 1703 4403 nihil
1739 4351 1864 4404 novi
1900 4350 2061 4406 nobis

2442 4260 2611 4313 PHA'.
2646 4287 2715 4299 ——
2752 4258 3028 4329 ΤΕΥΚΡῼ
3057 4258 3466 4329 ΚᾹΝΔΙΔΑΤῼ.

2238 4350 2315 4420 Τῇ
2347 4350 2535 4421 Γραφῇ
2560 4351 2869 4420 ἐντυχόντες
2898 4352 2997 4404 οὐκ
3023 4350 3087 4403 ἂν
3117 4350 3378 4418 ,ξενιονθείτ⁴
3389 4368 3487 4420 μεν
3516 4350 3744 4420 βλέπον-

502 4447 749 4500 accidere
779 4446 1011 4505 videtur,
1046 4458 1168 4497 cum
1206 4450 1259 4499 te
1289 4444 1661 4511 conspicimus
1690 4443 1875 4511 justos
1903 4458 2051 4497 exse-

2166 4438 2257 4503 τές
2282 4457 2342 4493 σε
2369 4440 2486 4495 λίαν
2521 4440 2936 4510 βδελυσσόμενον
2954 4443 3079 4504 τοὺς
3115 4440 3375 4505 δικαίους,
3402 4442 3498 4494 xui
3536 4460 3742 4512 μυκτη-

501 4543 768 4597 crantem,
801 4539 855 4585 et
888 4530 1230 4594 irridentem,
1266 4531 1564 4599 probisqne
1608 4538 1879 4598 petentem
1922 4531 2063 4599 piam

2175 4529 2388 4600 ρίζοντά
2434 4548 2493 4583 τε
2548 4532 2642 4584 xui
2686 4527 3104 4602 διαχλευάζοντα
3140 4533 3235 4601 τὴν
3278 4532 3482 4585 τούτων
3540 4533 3743 4602 εὐσεϐῆ

502 4619 1422 4688 eoruminstitutionem.Scriptum
1451 4629 1534 4673 est
1556 4621 1697 4673 enim
1721 4638 1733 4673 :
1765 4639 1782 4670 1
1808 4620 2051 4675 Peccatou

2171 4622 2489 4691 κατήχησιν.
2521 4621 2831 4692 Γέγραπται
2864 4622 2990 4692 γὰρ,
3019 4624 3099 4675 ὅτι
3132 4643 3149 4676 ‹
3180 4622 3271 4693 Τῷ
3292 4623 3606 4694 ἁμαρτωλῷ
3624 4625 3743 4692 βδέ-

502 4720 820 4768 exsecratur
842 4711 937 4766 Dei
957 4712 1163 4766 cultum
1178 4711 1355 4765 ²¹.›Ει
1372 4713 1497 4767 alibi
1528 4730 1541 4766 :
1569 4730 1587 4763 ι
1616 4712 1801 4766 Audiit
1820 4713 2065 4767 divinum

505 4804 730 4859 verbum
763 4804 984 4868 stultus,
1016 4811 1071 4857 et
1108 4817 1327 4866 excors,
1353 4808 1408 4857 et
1443 4802 1641 4870 abjecit
1671 4802 1804 4856 illud
1834 4812 1981 4856 retro
2010 4803 2067 4857 in

506 4893 751 4949 humeris
772 4895 887 4948 suis
904 4894 971 4948 ".
998 4912 1016 4945 ι
1042 4894 1181 4948 Alibi
1201 4908 1421 4963 quoque
1441 4893 1703 4962 scriptum
1727 4903 1810 4947 est
1829 4911 1873 4946 ε(
1896 4891 2068 4948 Omne

507 4984 707 5039 animal
724 4984 901 5040 simile
917 4982 1019 5038 sibi
1047 4984 1253 5053 appetit
1280 4983 1347 5036 ²³.
1382 5003 1401 5035 ι
1426 4982 1703 5038 Scelestus
1733 4984 1876 5037 enim
1907 4986 2069 5038 homo

508 5077 798 5132 scelestum
827 5082 996 5143 amat,
1024 5082 1077 5129 et
1113 5073 1514 5144 complectitur.

646 5163 953 5221 CLXXXV.
975 5189 1047 5204 —-
1074 5161 1386 5219 CAPITONI
1447 5158 1931 5217 PilRONTISTE.

578 5257 659 5313 Ne
687 5273 947 5314 manuum
975 5265 1193 5312 tuarum
1220 5270 1408 5310 amore
1440 5256 1693 5309 concitus
1716 5269 1810 5310 eas
1841 5254 2070 5320 exaltes,

511 5345 767 5401 laudibus
796 5347 1065 5412 cumules,
1096 5352 1149 5400 et
1166 5345 1383 5401 beatum
1408 5353 1461 5399 te
1486 5344 1770 5415 praedices.
1795 5345 1942 5415 quod
1978 5360 2073 5416 per

514 5453 607 5493 cas
628 5446 682 5492 et
704 5437 924 5492 domum
960 5437 1256 5508 propriam,
1281 5444 1336 5491 et
1368 5437 1663 5507 plerosque
1687 5437 1825 5491 alios
1854 5436 2073 5493 nebulo-

515 5545 614 5585 nes
651 5538 812 5600 atque
849 5528 1079 5585 infames
1110 5536 1407 5585 sustentes.
1448 5529 1560 5583 imo
1592 5529 1775 5599 potius
1806 5528 1914 5583 Deo
1945 5543 2070 5598 gra—

591 5706 634 5739 ”
669 5704 815 5763 Psal.
842 5719 977 5773 xvu,
1014 5706 1069 5761 5.
1141 5702 1410 5760 "Thren.
1442 5718 1518 5772 tv,
1555 5702 1608 5758 5.
1682 5705 1725 5736 ’ί
1765 5704 1929 5760 Eccli.
1963 5721 2002 5772 I,
2033 5705 2120 5761 2‘2.
2198 5707 2246 5736 ¹²
2291 5706 2458 5761 Eccli.
2488 5724 2605 5777 nt,
2639 5710 2727 5765 18.

2170 4712 2355 4784 λυγμά
2382 4716 2576 4785 ὲστινή
2601 4714 2928 4770 θεοσέϐεια.»
2956 4717 3061 4769 Καὶ
3088 4715 3249 4769 πάλιν
3276 4716 3460 4785 φησὶν,
3488 4717 3571 4767 ὅτι
3595 4735 3612 4766 ι
3640 4716 3744 4767 Ἤ-

2173 4824 2335 4861 κουσε
2358 4808 2498 4861 θεῖον
2519 4807 2674 4875 λόγον
2705 4808 2884 4879 μωρὸς
2939 4810 3033 4861 καὶ
3077 4809 3353 4880 άκάρδιος,
3385 4810 3477 4861 xui
3511 4809 3744 4879 ἀπέρρι-

2167 4900 2267 4970 ψεν
2295 4899 2453 4953 αὐτὸν
2486 4899 2658 4953 ὀπίσω
2678 4899 2770 4953 τοῦ
2793 4900 2960 4954 νώτου
2983 4900 3168 4954 αὐτοῦ.
3214 4920 3231 4951 ι
3262 4902 3369 4953 Καὶ⁸
3398 4899 3563 4952 πάλιν
3598 4900 3745 4969 εἴρη-

2169 5006 2277 5055 ται,
2310 4992 2390 5044 ὃτι
2418 5010 2437 5043 ι
2468 4993 2580 5045 Πᾶν
2611 4990 2750 5055 ζῶον
2774 4994 2835 5046 τὸ
2865 4993 3047 5063 ὅμοιον
3072 4994 3280 5065 ἀγαπᾷ.
3308 5012 3327 5045 ι
3364 4992 3609 5062 Πονηρὸς
3638 4993 3747 5063 γὰρ

2170 5080 2475 5151 ἄνθρωπος,
2506 5080 2661 5134 ἄλλον
2690 5082 2921 5151 πονηρὸν
2946 5084 3163 5153 στέργει
3190 5086 3284 5135 καὶ
3315 5083 3641 5143 ἀσπάζεται.

2420 5171 2590 5225 ΡΠΕ’.
2626 5202 2696 5212 --
2727 5174 3057 5226 ΚΑΙΙΙΤΩΝΙ
3087 5175 3497 5245 ΦΡΟΝΤΙΣΤῌ.

2245 5263 2338 5335 Μὴ
2367 5265 2508 5333 φίλει
2542 5265 2640 5328 τὰς
2661 5266 2849 5336 χεῖράς
2880 5282 2974 5318 σου
3004 5266 3241 5320 ἐπαινῶν
3261 5267 3485 5327 ταύτας,
3517 5266 3616 5318 καὶ
3649 5283 3746 5337 μαι·

2179 5355 2419 5425 καρίςων
2461 5356 2674 5422 σαυτὸν,
2708 5357 2782 5420 ὡς
2803 5357 2870 5410 δι’
2892 5356 3100 5420 αὐτῶν,
3146 5359 3241 5412 xui
3283 5359 3375 5411 τὸν
3420 5358 3553 5411 ἴδιον
3579 5353 3744 5422 οἶκον,

2176 5445 2270 5497 καὶ
2307 5445 2536 5509 πολλοὺς
2568 5447 2760 5511 ἄλλους
2810 5448 3055 5520 ἀγύρτας
3119 5451 3213 5503 xui
3250 5449 3489 5520 φαύλους
3534 5449 3745 5519 διατρέ-

2175 5548 2319 5602 φων·
2352 5534 2551 5602 μᾶλλον
2587 5536 2645 5588 δὲ
2677 5535 2754 5606 τῷ
2780 5536 2899 5606 Θεῷ
2928 5538 3237 5609 εὐχαρίστει
3281 5538 3359 5609 τῷ
3389 5539 3486 5593 xui
3512 5538 3614 5602 τὰς
3638 5541 3744 5608 χεῑδ

2826 5710 2873 5744 ³³
2911 5713 3079 5766 Eccli.
3114 5728 3231 5778 xm,
3259 5712 3345 5767 19.
