3850 6218
155 273 257 341 ΒΊ

1390 274 1927 338 EPISTOLARUM
1964 280 2112 341 LIB.
2154 281 2236 342 II.

3322 283 3431 351 298

161 408 255 461 ρας
288 390 443 445 δόντι
474 406 579 455 σοι,
606 390 699 443 καὶ
729 387 1109 460 προνοουμένῳ
1134 405 1250 444 σου.
1280 389 1344 443 EI
1371 390 1429 444 δὲ
1458 390 1594 444 Θεοῦ
1624 393 1747 444 ἐπι-

1863 396 1960 453 lias
1988 414 2107 470 age.
2137 400 2230 469 qui
2262 407 2317 455 et
2339 415 2531 457 manus
2561 400 2834 467 exhibuit,
2862 410 2917 458 et
2949 403 3027 457 tui
3053 417 3242 457 curam
3264 405 3428 475 gerit.

157 481 556 552 λανθανόμενος
582 480 684 544 τὰς
710 480 898 551 χεῖράς
929 497 1020 533 σου
1055 483 1407 551 προσκυνεῖς,
1455 482 1745 553 φοϐήθητι.

160 576 230 644 μή
257 589 396 625 ποτε
428 571 785 643 παραλυθῶσι
834 572 903 626 δι’
947 571 1232 636 ἀσθενείας
1265 573 1322 626 αἱ
1350 574 1536 645 χεῖρές
1570 590 1685 639 σου,
1715 573 1748 644 ἥ

157 666 642 738 ἁποξηρανθῶσιν.
1096 728 1097 731 η

446 756 637 822 an'.
666 786 735 795 -
764 755 1098 827 ΕοΡΤΑΣιο
1135 754 1460 827 ΔΙΑΚΟΝῼ.

225 847 508 909 Ἕκαστος
534 846 889 917 ἁμαρτάνων,
919 847 1279 918 μακρύνεται,
1309 848 1404 902 καὶ
1435 849 1752 919 άποσχοινί-

161 938 309 1002 {erat
344 939 457 990 ἀπὸ
504 937 664 1002 Θεοῦ,
709 940 770 991 οὐ
824 939 999 1009 τόπῳ,
1048 939 1185 993 ἀλλὰ
1231 940 1437 1012 τρόπῳ’
1475 939 1567 994 καὶ
1594 940 1754 1007 ξένην

162 1030 577 1101 καταλαμϐάνει
598 1030 804 1101 χώραν,
830 1031 1078 1101 τουτέστι
1114 1032 1275 1103 ξένην
1307 1032 1431 1086 τινὰ
1457 1032 1750 1104 διαγωγὴν,

162 1126 251 1177 καὶ
276 1123 812 1195 ἀπηλλοτριωμένην
832 1122 927 1176 τοῦ
950 1123 1475 1195 Κρείττονοςῖκάκεί
1496 1122 1754 1196 λιμώττει

163 1214 345 1266 λοιπὸν
375 1214 484 1277 ζῶν
521 1212 769 1275 ἀσώτως,
797 1214 891 1265 καὶ
916 1213 1309 1286 διασκορπίσας
1340 1214 1592 1287 μοχθηρᾷ
1620 1232 1755 1287 προ-

164 1308 371 1377 αιρέσει
422 1304 529 1377 τὴν
562 1306 707 1360 κατὰ
752 1307 917 1375 φύσιν
945 1307 1157 1379 ἀγαθὴν
1194 1308 1547 1363 κατάστασιν.
1581 1310 1756 1364 Ὅπου

166 1402 269 1471 γὰρ
294 1400 629 1471 σωφροσύνη
668 1401 729 1453 οὐ
753 1400 1023 1469 φαίνεται,
1048 1402 1167 1454 ἐκεῖ
1203 1403 1359 1473 λιμὸς
1383 1404 1623 1474 ίσχυρὸς.
1657 1405 1761 1457 Πο-

160 1491 299 1543 λῖται
323 1491 381 1543 δέ
409 1490 515 1554 τῆς
541 1490 727 1561 χώρας
747 1492 963 1561 ἐκείνης
994 1492 1241 1548 νοοῦνται
1282 1494 1331 1547 οἱ
1354 1494 1626 1564 δαίμονες,
1680 1496 1759 1548 οἴ-

165 1600 303 1644 τινες
334 1584 476 1652 μόνα
508 1584 577 1635 τὰ
604 1584 948 1656 γλυκυφανῆ,
982 1586 1076 1639 καὶ
1093 1586 1184 1640 τὸν
1201 1588 1459 1658 φάρυγγα
1486 1587 1581 1641 τοῦ
1611 1586 1759 1640 ἐσθί-

162 1692 307 1736 οντος
348 1674 693 1745 τραχύνοντα
720 1678 953 1743 κεράτια
991 1678 1088 1747 τῆς
1121 1679 1401 1749 ἁμαρτίας
1440 1678 1753 1749 κέκτηνται.

332 1769 509 1821 ΡΠΖ’.
544 1799 616 1808 -—
643 1770 1077 1840 ΜΑΡΤΙΝΙΛΝῼ
1103 1770 1576 1842 ΠΡΕΣΒΥΤΕΡῼ.

227 1860 356 1924 Τοῖς
398 1860 658 1929 μέλλουσι
696 1862 757 1913 τὸ
810 1860 1081 1930 πρόϐατον
1129 1862 1333 1914 ἐσθίειν
1393 1861 1753 1931 Ἰσραηλίταις

162 1952 403 2023 κεφαλὴν
442 1955 545 2006 σὺν
574 1956 686 2015 τοῖς
723 1954 880 2006 ποσὶν
908 1955 1109 2007 ἐσθίειν
1137 1957 1166 2007 6
1190 1955 1353 2024 νόμος
1381 1954 1651 2019 ἐκέλευεν,
1685 1953 1753 2006 ἵν’

162 2047 318 2114 ﬁget;
340 2046 433 2097 διὰ
456 2045 552 2097 τοῦ
582 2045 757 2107 τύπου
778 2045 1056 2116 ,μάθωμεν
1095 2047 1195 2115 τὴν
1221 2046 1483 2117 ἀλήθειαν
1522 2046 1622 2115 τῆς
1658 2045 1752 2098 τοῦ

160 2138 429 2190 Δεσπότου
449 2136 783 2207 οἰκονομίας,
803 2138 1049 2207 κεφαλῆς
1076 2138 1175 2208 μὲν
1196 2137 1297 2206 τῆς
1316 2136 1580 2207 θεότητος
1600 2155 1752 2192 νοουο

161 2228 353 2297 μένηςο
381 2228 568 2280 ποδῶν
597 2228 651 2280 δὲ
675 2230 770 2297 τῆς
798 2229 1219 2298 ἁνθρωπότητος
1241 2227 1751 2299 ἐκλαμϐανομένης.

168 2320 224 2374 '0
252 2322 365 2392 γὰρ
387 2320 567 2373 εἰπὼν
589 2322 984 2392 εὐαγγελιστής
1008 2338 1021 2351 ³
1059 2340 1076 2372 t
1126 2323 1214 2376 Ἐν
1242 2322 1387 2393 ἀρχῇ
1412 2318 1480 2393 ἦν
1503 2324 1531 2375 ὁ
1557 2321 1751 2390 Λόγος,

158 2414 251 2466 καὶ
278 2416 309 2465 6
336 2414 521 2481 Λόγος
548 2409 617 2483 ἦν
636 2413 773 2483 πρὸς
804 2414 893 2466 τὸν
922 2413 1076 2477 Θεὸν,
1102 2416 1197 2469 καὶ
1222 2414 1355 2476 Θεὸς
1375 2407 1442 2483 ἦν
1464 2416 1492 2467 6
1522 2414 1745 2481 Λόγος,ι

1853 487 2006 555 Quod
2041 492 2086 546 si
2122 490 2215 546 Dei
2254 493 2459 550 oblitus
2486 509 2682 550 manus
2714 501 2838 551 tuas
2873 494 3175 560 veneraris,
3206 510 3338 549 cave
3366 512 3432 549 ne

1853 579 2152 648 aliquando
2178 592 2407 652 propter
2440 584 2639 638 malam
2669 584 3051 655 aegritudinem
3095 600 3293 642 manus
3320 594 3429 639 tua:

1856 672 2203 726 resolvantur
2238 683 2332 728 aut
2369 675 2741 731 exsiccentur.

2032 762 2363 821 CLXXXVI.
2395 797 2468 809 —-
2492 765 2888 826 IIEORTASIO
2927 766 3249 825 DIACONO.

1924 854 2165 921 Quilibet
2217 858 2347 914 dum
2409 870 2626 929 peccat,
2676 861 2965 932 elongatur
3026 870 3081 918 et
3145 870 3435 930 separatur

1856 965 1885 1001 a
1914 949 2045 1014 Deo,
2074 951 2239 1023 216
2266 967 2375 1006 non
2404 954 2550 1016 loco,
2576 953 2671 1008 sed
2703 953 2895 1021 modo;
2920 964 2976 1010 et
2998 956 3230 1010 alienam
3256 956 3437 1024 regio-

1856 1052 1979 1091 nem
2021 1040 2266 1108 appellit,
2297 1056 2495 1095 novum
2530 1041 2745 1096 scilicet
2772 1042 2896 1097 vita:
2923 1043 3283 1108 institutum,
3315 1052 3371 1097 et
3404 1058 3434 1096 a

1854 1125 2090 1183 Numine
2123 1130 2399 1185 alienum:
2434 1132 2618 1201 ibique
2648 1132 2701 1187 in
2735 1142 3011 1201 posterum
3060 1133 3204 1188 fame
3235 1148 3436 1188 eneca-

1858 1222 1969 1280 tur,
2000 1215 2285 1277 luxuriose
2316 1219 2504 1279 vivens
2529 1221 2674 1283 ",et
2707 1236 2873 1289 prava
2894 1220 3164 1275 electione
3188 1220 3435 1275 innatam

1858 1307 2185 1377 probitatem
2233 1310 2533 1380 dissipans.
2572 1311 2675 1379 Ubi
2708 1316 2856 1367 enim
2893 1314 3233 1367 continentia
3260 1314 3435 1378 nulla,

1859 1399 1931 1453 ibi
1958 1398 2129 1455 fames
2157 1402 2336 1456 valida
2370 1412 2476 1459 est.
2513 1403 2675 1460 Cives
2718 1420 2850 1460 vero
2884 1403 3125 1473 regionis
3168 1403 3319 1457 illius
3350 1403 3438 1456 in-

1860 1488 2179 1559 telliguutur
2221 1508 2345 1548 esse
2387 1494 2686 1560 daemones,
2732 1496 2827 1565 qui
2880 1510 2976 1550 eas
3028 1492 3434 1561 tantummodo,

1859 1597 1979 1649 qua:
2008 1582 2199 1640 dulces
2232 1596 2517 1655 apparent,
2546 1595 2601 1641 et
2627 1586 2845 1643 edentis
2873 1596 3064 1659 guttur
3080 1594 3436 1651 exasuerant,

1859 1674 2089 1742 siliquas
2114 1679 2321 1744 peccati
2348 1678 2653 1749 possident.

1786 1753 1829 1809 Β
1928 1766 2282 1823 CLXXXVII.
2314 1802 2382 1811 ——
2413 1770 2847 1827 MARTINIANO
2876 1768 3363 1829 PRESBYTERO.

1927 1858 2213 1925 Israelitis,
2247 1878 2403 1917 ovem
2436 1865 2791 1929 comesturis,
2828 1873 2995 1935 caput
3037 1880 3162 1919 cum
3206 1863 3439 1933 pedibus

1854 1962 2177 2006 consumere
2209 1953 2291 2006 lex
2334 1954 2681 2023 praecipiebat
2707 1956 2777 2018 ³⁸,
2812 1963 2871 2009 ut
2902 1970 3003 2009 nos
3032 1972 3096 2011 ea
3139 1955 3314 2025 figura
3346 1970 3438 2009 ve-

1857 2041 2072 2096 ritatem
2136 2041 2439 2100 Dominicae
2493 2048 2881 2116 dispositionis
2940 2049 3436 2117 comprehendere-

1857 2148 2002 2191 mus.
2037 2148 2157 2187 cum
2198 2145 2364 2205 caput
2401 2137 2744 2208 intelligatur
2775 2153 2899 2195 esse
2936 2139 3239 2206 divinitas;
3268 2139 3439 2209 pedes

1852 2220 2100 2279 indicent
2152 2225 2574 2282 humanitatem.
2626 2226 2975 2298 Evangelista
3039 2246 3283 2300 namque
3342 2232 3437 2301 qui

1854 2312 2101 2368 dixerat:
2130 2336 2146 2366 ι
2175 2316 2232 2371 In
2263 2319 2533 2388 principio
2550 2327 2668 2375 erat
2694 2319 2957 2381 Verbum.
2982 2331 3037 2376 et
3056 2320 3299 2377 Verbum
3322 2332 3439 2377 erat

1855 2403 1997 2479 apud
2022 2408 2221 2470 Deum,
2255 2417 2310 2461 et
2343 2407 2486 2465 Deus
2521 2418 2640 2464 erat
2667 2409 2906 2466 Verbum
2942 2413 3028 2478 ης
3066 2432 3083 2463 ι
3127 2413 3269 2467 infra
3302 2416 3435 2470 sub-

156 2507 406 2576 ἐπήγαγε
464 2506 675 2572 λέγων·
735 2525 755 2557 ι
790 2506 902 2560 Καὶ
955 2508 985 2558 6
1028 2506 1201 2574 Λόγος
1264 2505 1403 2577 σὰρξ
1448 2506 1684 2574 ἐγένετο.
1727 2525 1745 2557 ι

1863 2496 2032 2560 iunxit
2063 2516 2076 2549 :
2110 2517 2127 2548 ι
2163 2499 2228 2552 Et
2259 2498 2495 2554 Verbtnn
2524 2518 2656 2557 caro
2686 2503 2891 2561 factum
2917 2506 3083 2560 est".
3116 2524 3134 2553 ι
3164 2506 3440 2563 Adoretur

156 2594 588 2666 Προσκυνείσθω
630 2594 731 2663 μὲν
780 2590 875 2647 οὖν
904 2593 978 2657 ὡς
1019 2595 1157 2665 Θεῷ,
1183 2595 1528 2648 πιστευέσθω
1550 2596 1629 2658 δὲ,
1670 2596 1750 2648 ὅτι

157 2691 246 2753 καί
264 2687 629 2758 ἠνθρὼπησε.
663 2685 894 2749 Διπλοῦς
923 2688 1032 2758 γαρ
1057 2682 1123 2757 ἦν
1151 2688 1180 2739 6
1212 2686 1465 2757 Χριστὸς,
1492 2687 1625 2749 Θεὸς
1652 2688 1751 2757 μὲν

156 2780 294 2835 κατὰ
325 2780 393 2832 τὸ
423 2781 683 2847 ἀόρατον,
726 2779 1010 2849 ἅνθρωπος
1049 2778 1107 2831 δὲ
1137 2778 1278 2833 κατὰ
1303 2780 1361 2831 τὸ
1398 2778 1746 2848 βλεπόμενον.

156 2872 289 2926 Οὔτε
349 2868 453 2925 οὖν
507 2871 569 2923 τὸ
621 2871 800 2937 λέγειν
837 2870 1125 2941 ἄνθρωπον
1181 2870 1311 2923 ἄνευ
1343 2870 1444 2940 τῆς
1498 2869 1749 2938 θεότητος

1855 2586 2037 2655 itaque
2089 2598 2148 2641 ut
2196 2588 2362 2654 Deus,
2412 2592 2779 2663 credaturque
2834 2596 3109 2650 hominem
3164 2596 3436 2652 induisse.

1858 2679 2061 2749 Duplex
2105 2697 2338 2752 namque
2368 2695 2488 2738 erat
2526 2685 2816 2753 Christus;
2848 2690 2926 2743 uti
2953 2690 3046 2757 qui
3093 2691 3276 2745 oculis
3317 2706 3430 2744 non

1851 2770 2292 2838 subjiciebatur,
2348 2774 2527 2843 Deus;
2575 2778 2655 2831 uti
2699 2784 2796 2847 qui
2849 2780 3025 2834 oculis
3074 2779 3439 2838 subdebatrf.

1844 2860 2036 2914 homo.
2072 2860 2205 2915 Eum
2238 2864 2406 2933 igitur
2437 2866 2715 2922 hominem
2757 2869 2942 2924 dicere
2985 2870 3107 2925 sine
3139 2871 3435 2928 divinitate

154 2965 466 3033 ἐπωφελές,
504 2963 627 3017 οὔτε
812 2932 1209 3034 ἀνθρωπότητα
1259 2962 1334 3032 μὴ
1366 2932 1750 3030 συνομολογεῖν

1863 2953 1994 3006 uaud
2034 2956 2339 3021 proﬁcuum
2380 2966 2497 3023 est,
2534 2976 2714 3030 neque
2746 2960 3143 3019 humanitatem
3176 2979 3288 3018 non
3328 2981 3439 3019 una

153 3060 217 3127 τῇ
253 3059 487 3126 θεότητι
521 3058 807 3126 σωτήριον.
844 3054 1028 3109 Ταῦτα
1074 3055 1211 3126 πρὸς
1240 3054 1312 3117 τὰ
1336 3052 1621 3124 γραφέντα
1655 3070 1746 3125 μοι

1863 3055 1974 3093 sum
2018 3041 2305 3100 divinitate
2348 3047 2624 3111 conﬁteri.
2657 3052 2923 3111 salutare.
2965 3049 3095 3107 Hac
3125 3053 3195 3109 ad
3226 3068 3292 3110 ea
3314 3070 3439 3127 quae

154 3150 310 3221 παρὰ
337 3148 447 3202 σοῦ
477 3147 546 3200 δι’
577 3147 799 3215 ὀλίγων.

653 3239 833 3295 PIIH'.
861 3271 931 3280 —
966 3240 1051 3306 Τῷ
1082 3240 1267 3306 αὐτῷ.

221 3334 288 3386 Τί
317 3337 501 3397 ἐστιν,
520 3334 654 3403 ὅπερ
682 3332 831 3400 λέγει
850 3333 880 3384 ὁ
905 3334 1191 3404 προφήτης
1220 3332 1349 3401 περὶ
1389 3332 1499 3385 τῶν
1530 3331 1756 3401 ἀσωμά-

152 3443 260 3478 των
287 3424 605 3493 δυνάμεων,
635 3424 719 3477 ὅτι
754 3442 772 3475 t
809 3419 918 3477 Ἦν
940 3424 1013 3477 τά
1042 3424 1211 3495 σκέλη
1252 3422 1434 3479 αὐτῶν
1468 3421 1628 3493 ὀρθὰ,
1658 3422 1755 3478 καὶ

155 3518 441 3587 πτερωτοὶ
472 3517 521 3568 οἱ
546 3515 707 3577 πόδες
738 3515 956 3579 αὐτῶν;
1004 3535 1022 3567 ι
1058 3516 1132 3569 Οὐ
1166 3515 1278 3586 γάρ
1304 3515 1369 3584 δὴ
1401 3514 1755 3586 προσδέονται

154 3607 264 3659 τῶν
320 3606 661 3676 σωματικῶν
709 3606 926 3661 πάντων
959 3608 1015 3658 αἱ
1062 3606 1380 3677 ἐπουράνιοι
1404 3644 1419 3667 ,
1473 3605 1568 3658 καὶ
1602 3604 1755 3671 ἅγιαι

156 3702 429 3770 δυνάμεις
455 3699 515 3753 τὸ
548 3699 798 3766 καθόλου,
830 3701 890 3753 οὐ
922 3699 978 3752 δὲ
1006 3700 1111 3770 μὴν
1138 3699 1237 3769 τῆς
1266 3700 1403 3769 πρὸς
1431 3698 1605 3752 ταῦτα
1630 3699 1759 3769 χρῄ-

159 3795 346 3857 ζουσιν
371 3792 707 3855 ἐπινεύσεως
724 3808 737 3820 ·
768 3791 857 3844 διὰ
882 3792 1042 3844 τοῦτο
1071 3792 1140 3845 τὰ
1162 3791 1328 3860 σκέλη
1354 3791 1489 3861 ὀρθὰ
1510 3791 1755 3861 εἴρηνται

160 3884 327 3953 ἔχειν.
355 3884 429 3935 ΤΞ
461 3883 506 3935 δ’
527 3883 591 3935 ἂν
618 3883 917 3945 δηλώσειαν
941 3882 1100 3945 πόδες
1130 3883 1527 3952 ἐπτερωμένοι,
1557 3883 1589 3951 ἢ
1616 3882 1753 3935 πάν-

160 3991 267 4037 τως
300 3976 365 4027 τὸ
402 3973 542 4044 πρὸς
570 3976 639 4027 τά
666 3974 931 4044 ,θειότερα
971 3974 1081 4026 τῶν
1119 3973 1407 4044 νοημάτων
1439 3973 1756 4044 ὀξυκίνητον

160 4068 259 4135 τῆς
285 4068 515 4137 φύσεως
546 4066 761 4136 ἐκείνης
798 4066 1225 4136 ἀπηλλαγμένης
1252 4067 1435 4135 πάσης
1468 4066 1758 4135 χθαμαλω-

160 4159 329 4228 τέρας
352 4159 641 4224 ὑφέσεωςς

382 4251 558 4303 ΡΠεῖ⁸
573 4280 643 4291 —
658 4250 987 4321 ΓΕΡΜΛΝῼ
1016 4250 1533 4319 ΚΛΓΚΕΛΛΛΡΙῼ.

200 4328 213 4339 ’
244 4340 669 4413 Ἦμιμόχθηρος
741 4341 1011 4410 ὑπάρχειν
1091 4357 1182 4410 μοι
1243 4340 1472 4402 ἔοικας,
1524 4339 1587 4391 οὐ
1649 4336 1757 4408 μὴν

1784 3114 1827 3171 C
1861 3129 1989 3183 mihi
2016 3134 2339 3202 scripseras,
2361 3136 2713 3204 paucissimis
2742 3142 2946 3198 verbis.

2279 3226 2657 3286 CLXXXVIII.
2689 3262 2759 3275 —-
2786 3232 3000 3289 Eidem.

1930 3316 2068 3382 Quid
2102 3328 2203 3381 est,
2235 3321 2381 3388 quod
2419 3325 2687 3394 propheta
2719 3326 2816 3393 ait,
2851 3327 2921 3383 de
2950 3328 3301 3401 incorporeis
3336 3346 3439 3402 po-

1857 3409 2149 3463 testatibus
2174 3428 2187 3463 :
2226 3410 2428 3466 (Erant
2450 3430 2613 3468 crura
2638 3431 2830 3470 eorum
2859 3426 3032 3481 recta,
3068 3427 3123 3473 et
3150 3420 3317 3489 pedes
3344 3436 3439 3475 eo-

1856 3514 1975 3551 rum
1999 3500 2124 3553 aIati
2145 3502 2187 3532 ¹³
2204 3502 2254 3554 ’9)
2274 3503 2436 3573 217
2463 3503 2644 3574 Neque
2664 3508 2810 3561 enim
2836 3509 3091 3565 caelestes
3123 3519 3439 3580 sanctaque

1858 3590 1963 3644 illae
2017 3601 2313 3660 potestates
2362 3597 2589 3651 omnino
2639 3598 2791 3653 hisce
2838 3601 3122 3670 corporeis
3165 3602 3435 3673 indigent,

1857 3697 2033 3750 neque
2056 3684 2185 3738 item
2211 3687 2316 3741 illis
2345 3703 2481 3756 opus
2509 3699 2593 3745 est
2614 3690 2682 3743 ad
2705 3691 2810 3745 ista
2831 3706 3128 3759 accessus;
3150 3702 3438 3764 prapterea

1856 3790 2019 3830 crura
2053 3787 2205 3833 recta
2238 3779 2442 3835 habere
2470 3781 2754 3835 dicuntur.
2784 3782 2923 3849 Quid
2961 3800 3094 3839 vero
3117 3792 3315 3841 notant
3341 3800 3437 3856 pe.

1856 3866 1954 3922 des
1989 3868 2139 3931 alati,
2179 3870 2286 3924 nisi
2328 3869 2395 3923 ad
2438 3870 2712 3926 diviniora
2754 3875 2998 3931 velocem
3055 3875 3436 3945 pernicitatem

1857 3957 2005 4013 illius
2076 3968 2288 4015 natura:
2366 3960 2436 4015 ab
2511 3964 2660 4016 omni
2726 3964 3011 4019 humiliori
3085 3965 3439 4035 subjectione

1857 4050 2156 4106 immunis?

1989 4233 2318 4289 CLXXXIX.
2345 4265 2413 4275 -——
2431 4235 2767 4292 GERIIANO
2798 4236 3308 4293 CANCELLARIO.

1931 4326 2283 4396 Semipravus
2330 4328 2463 4380 mihi
2521 4329 2727 4384 videris
2770 4345 2920 4393 esse,
2972 4346 3085 4384 non
3130 4340 3279 4387 totus
3314 4331 3441 4386 uni-

160 4434 559 4507 ὁλομόχθηρος.
598 4435 758 4487 Ὅθεν
785 4435 879 4487 καὶ
915 4432 1087 4502 μικρὰ
1122 4432 1263 4485 καλὰ
1284 4434 1342 4484 ὲν
1366 4432 1451 4484 σοὶ
1472 4448 1753 4499 καταμαν-

1863 4432 2075 4471 versus.
2124 4416 2263 4470 Hinc
2302 4426 2357 4471 et
2400 4418 2601 4486 pusilla
2644 4420 2787 4472 bona
2820 4418 2873 4472 in
2914 4426 2968 4474 te
2997 4420 3435 4490 deprehendens,

161 4529 367 4593 θάνων,
392 4527 613 4590 ἐλπίδας
642 4527 883 4597 χρηστάς
910 4526 1133 4596 ἐμαυτῷ
1149 4525 1279 4596 περὶ
1302 4523 1396 4577 σοῦ
1413 4522 1752 4593 ὑποσπείρω,

164 4625 260 4676 καὶ
294 4623 535 4692 εὖχομαι
589 4621 717 4674 ἰδεῖν
775 4637 870 4673 σου
903 4618 1121 4685 ,θᾶττον
1156 4618 1253 4689 τὴν
1277 4619 1370 4670 ἐπὶ
1413 4616 1483 4669 τὰ
1507 4616 1755 4686 βέλτιστα

168 4714 504 4783 μεταϐολήν.

491 4801 605 4868 PL_'.
628 4834 697 4843 —
724 4801 1038 4872 ΟΛΥΜΠῙῼ
1066 4800 1436 4870 ΕΠΙΣΚΟΠῼ.

234 4896 329 4962 Μὴ
359 4893 456 4945 suo
481 4892 778 4961 ἀπότομος,
810 4892 1022 4961 μήποτε
1068 4889 1341 4961 πειραθῇς
1375 4888 1525 4953 θείας
1548 4890 1757 4957 ἀγανα-

166 4988 443 5053 κτήσεως,
474 4984 581 5037 κᾶν
600 4984 774 5046 δοκεῖς
804 4983 953 5053 ζήλῳ
976 4981 1403 5051 περιφλέγεσθαι
1427 4980 1754 5043 θεοσεϐείας.

168 5074 278 5125 Καὶ
304 5074 418 5144 γὰρ
438 5074 468 5123 6
503 5071 916 5143 μακαριώτατος
938 5075 1126 5136 Ἰωνᾶς
1152 5073 1216 5125 τὸ
1244 5071 1383 5141 ἄγαν
1421 5071 1623 5142 θερμὸν
1660 5070 1755 5126 τοῦ

170 5165 336 5235 ζήλου
376 5164 468 5218 διὰ
511 5164 606 5221 τοῦ
641 5166 845 5236 κήτους
898 5165 1268 5236 μεμάλακται.
1326 5164 1438 5218 Καὶ
1467 5165 1631 5228 αὐτὸς
1660 5161 1753 5219 οὖν

172 5258 367 5326 βλέπε.
411 5262 490 5328 μή
524 5275 654 5311 ποτε
702 5259 791 5311 διὰ
818 5258 881 5312 τὸ
912 5257 1237 5326 άσυμπαθές
1264 5256 1343 5326 τῷ
1368 5258 1523 5328 κήτει
1579 5274 1758 5327 παρα·

171 5350 357 5422 δοθῇς,
390 5352 689 5422 πειρασμῷ
709 5368 816 5405 τινι
850 5351 1267 5423 ἀπροσδοκήτῳ,
1298 5352 1393 5404 καὶ
1422 5351 1753 5420 ἁνυποίστῳ.

172 5445 357 5514 Κῆτος
388 5445 447 5497 δὲ
477 5445 574 5498 νῦν
606 5446 697 5499 τὸν
739 5445 985 5500 διάϐολον
1028 5443 1188 5512 λέγω.
1250 5443 1395 5513 Πλὴν
1440 5443 1525 5495 ἵνα
1558 5442 1631 5512 μὴ
1660 5440 1757 5511 τὴν

175 5536 520 5608 συμμετρίαν
549 5535 821 5588 ἐκϐαίνειν
851 5532 1007 5598 δόξω,
1037 5533 1316 5604 συντόμως
1348 5532 1485 5598 λέξω
1508 5531 1750 5600 ἱστορίαν

243 5714 293 5745 ’⁸
320 5713 454 5767 Luc.
489 5728 578 5774 xv,
616 5712 702 5765 15.
819 5710 863 5741 ³³
898 5708 1068 5763 Exod.
1103 5724 1203 5771 xu,
1245 5709 1296 5763 9.

458 5806 729 5867 PATROL.
776 5808 891 5866 GR.
940 5804 1213 5864 LXXIX.

1412 5710 1454 5740 ¹⁶
1475 5706 1633 5762 Joatt.
1669 5721 1707 5772 1,
1748 5705 1797 5761 I.

1863 4510 2059 4563 bonam
2089 4509 2207 4577 ipse
2234 4508 2301 4563 de
2349 4520 2400 4562 te
2430 4524 2579 4578 spem
2613 4510 2893 4579 concipio.
2921 4510 3301 4582 deprecorque
3325 4512 3437 4568 cito

1862 4597 2045 4652 videre
2072 4608 2220 4651 tuam
2254 4597 2320 4652 ad
2343 4600 2549 4666 optima
2576 4614 2808 4668 quaque
2842 4599 3302 4657 immutationem.

2167 4780 2323 4837 CXC.
2349 4812 2420 4821 --
2442 4780 2743 4837 OLYMPIO
2768 4780 3128 4840 EPISCOPO'

1932 4873 2230 4930 Discaveas
2283 4874 2642 4937 immanitati,
2689 4876 2983 4946 nequando
3046 4876 3285 4931 divinam
3348 4875 3434 4929 in-

1858 4967 2235 5038 dignationem
2300 4968 2577 5030 incurras,
2632 4968 2760 5023 licet
2810 4967 3032 5038 pietatis
3095 4968 3216 5023 zelo
3278 4967 3432 5022 aduri

1858 5060 2117 5117 videaris.
2153 5059 2289 5114 Nam
2321 5059 2682 5119 beatissimus
2710 5057 2880 5114 Jonas
2918 5060 3136 5113 fervens
3180 5058 3283 5113 zeli
3311 5068 3435 5115 stn-

1859 5155 2009 5209 dium
2038 5154 2219 5207 medio
2242 5161 2365 5207 ceto
2385 5152 2700 5206 emolliit".
2723 5152 2870 5206 Cave
2914 5151 3079 5220 igitur
3121 5161 3182 5205 tu
3214 5168 3436 5222 quoque

1862 5266 1950 5313 ne,
1982 5248 2129 5317 quod
2161 5247 2382 5301 exorari
2415 5255 2467 5299 te
2512 5262 2621 5300 non
2661 5246 2827 5310 sinis,
2856 5254 2980 5299 ceto
3020 5244 3280 5310 traderis,
3314 5254 3438 5300 ten-

1860 5342 2059 5396 tationi
2110 5355 2307 5411 nempe
2362 5340 2754 5407 inexspectata:
2803 5346 2858 5392 et
2920 5337 3281 5392 intolerabili.
3334 5337 3437 5391 Ce-

1859 5444 1977 5490 tum
2028 5448 2193 5504 porro
2222 5448 2369 5487 nunc
2409 5432 2690 5486 diabolum
2728 5444 3013 5500 nuncupo.
3070 5432 3331 5486 Attamen
3370 5448 3439 5485 ne

1860 5541 2178 5581 mensuram
2229 5524 2474 5597 epistolae
2517 5521 2787 5577 excedere
2848 5521 3060 5583 videar,
3109 5521 3441 5591 compendio

1910 5705 1953 5736 ¹⁷
1982 5702 2114 5758 ibid.
2146 5703 2231 5756 Η-
2355 5703 2400 5732 ’⁸
2436 5702 2635 5757 Ezech.
2665 5718 2705 5763 ι,
2746 5701 2799 5755 7.
2898 5702 2941 5732 ²⁹
2980 5699 3103 5754 .Ion.‘
3138 5716 3197 5763 tl,
3241 5702 3291 5753 I.

2976 5793 3043 5854 10

2355 5703 2400 5732 ’⁸
2436 5702 2635 5757 Ezech.
2665 5718 2705 5765 ι,
2746 5701 2799 5755 7.
