3850 6218
407 315 513 398 999
1906 302 1967 365 s.
1988 286 2151 365 NILI
3095 385 3110 395 κ
3549 282 3665 356 30o

408 441 691 499 extricabo
746 434 1030 493 historiam
1090 438 1372 486 veterem:
1430 432 1485 481 et
1543 432 1678 478 tunc
1740 419 1928 475 fortass

2146 414 2328 486 ιχαίαν·
2358 412 2453 467 καὶ
2477 406 2616 482 τάχα
2649 406 3020 479 δυσωπηθήσῃ
3064 403 3342 474 φείδεσθαι
3374 403 3481 457 τῶν
3518 408 3666 459 κατά

400 533 504 589 tibi
531 530 909 606 persuadebis,
965 537 1155 581 eorum
1204 519 1301 590 qui
1368 518 1553 572 animo
1602 513 1920 570 infirmanti:

2148 505 2257 575 ιχὴν
2286 499 2677 557 ἀσθενούντων.
2707 497 2936 568 Κάρπος
2978 512 3065 557 τις
3103 494 3327 562 γέγονεν
3356 493 3668 558 ἐπίσκοπος

2467 593 2492 605 ιο
2609 592 2621 606 ο
2789 589 2821 606 μ
2958 589 3015 606 an
3061 588 3077 606 \
3136 585 3315 606 ,,.',_,_
3378 585 3459 606 θ’-
3520 585 3668 606 --νὶρ

417 585 681 683 misereri.
728 621 943 690 Carpus
981 612 1205 685 quidam
1249 609 1546 681 episcopus
1607 603 1797 659 eadem
1856 616 1937 656 Cll!

2153 611 2379 668 γχρονος
2425 593 2535 646 τῶν
2597 588 3085 646 ἀποστόλωνηῐεπλ⁸
3130 585 3321 639 τούτου
3373 585 3467 639 δύο
3517 585 3669 646 τινὲς

417 714 687 788 apostolis
721 678 881 766 aetate
908 678 1062 762 vixit.
1102 701 1219 757 Sub
1265 678 1330 755 eo
1363 698 1474 753 duo
1499 695 1733 764 juvenes
1758 705 1827 745 ex
1853 705 1937 762 ger

2151 687 2357 743 ανίσκοι
2388 682 2820 755 ἐπιστρέψαντες
2841 680 2900 747 ἐξ
2944 680 3270 750 Ἑλληνικῆς
3306 678 3538 745 πλάνης,
3569 678 3671 729 καὶ

418 766 555 863 tirum
592 815 802 864 errore,
837 795 1153 863 exterisque
1203 786 1581 844 doctrinarum
1621 780 1935 837 cavillation

2150 780 2195 833 iv
2256 777 2456 845 ἔξωθεν
2510 773 2910 847 παιδευτηρίων
2968 770 3279 845 προσῆλθον
3319 772 3386 840 τῇ
3421 766 3670 839 Χριστοῦ

414 904 522 955 bus
560 891 837 957 conversi,
887 887 953 942 ad
987 881 1196 941 Christi
1247 877 1553 934 Ecclcsiam
1607 885 1934 928 accesserun

2152 872 2418 944 εκκλησίᾳ,
2434 870 2529 925 καὶ
2552 865 3029 939 παρακαλέσαντες
3044 864 3373 933 τυγχάνουσι
3398 861 3491 914 τοῦ
3517 858 3672 912 θὲίου

420 953 911 1051 obsecrationeque
967 973 1162 1031 humili
1214 969 1361 1041 apud
1408 967 1731 1038 episcopum
1777 961 1864 1015 usi
1906 960 1939 1013 d

2158 964 2483 1035 ,miopatog.
2517 961 2693 1024 Εὐθὺς
2738 960 2794 1012 δὲ
2842 955 3002 1011 τοῦτο
3058 955 3320 1027 μαθόντες
3350 955 3400 1007 οἱ
3460 953 3678 1006 τούτων

420 1081 606 1134 vinum
641 1075 1057 1141 consequuntur
1096 1061 1262 1133 218
1306 1058 1607 1129 baptisma.
1654 1053 1711 1107 id
1755 1051 1846 1105 ubi
1892 1064 1940 1103 at

2157 1054 2726 1131 νμφοιτηταὶδιεφθάρ.
2804 1088 2822 1106 .
2880 1092 2916 1117 γ.
2995 1089 3010 1104 .
3085 1086 3101 1101 .
3182 1087 3196 1101 .
3276 1085 3290 1100 .
3370 1084 3384 1098 .
3464 1085 3479 1098 .
3560 1083 3577 1098 .
3663 1080 3677 1095 .

424 1174 665 1230 dierunt,
710 1164 804 1235 qui
848 1174 957 1216 una
990 1171 1116 1213 cum
1154 1155 1264 1210 illis
1299 1151 1496 1206 iisdem
1546 1145 1750 1203 studiis
1783 1142 1944 1197 imbui

424 1268 654 1325 bam-llr:
700 1257 856 1313 ῘΙῙῘΟΟ
943 1290 960 1307 ο
1038 1292 1053 1306 ο
1130 1288 1147 1304 ο
1226 1286 1241 1301 ο
1317 1283 1335 1300 ο
1376 1286 1377 1289 η
1414 1283 1429 1298 ο
1507 1282 1524 1300 ο
1600 1279 1616 1295 ο
1693 1278 1709 1292 ο
1788 1276 1803 1290 ·
1884 1275 1899 1290 ο
1977 1274 1993 1289 ο
2097 1244 2470 1305 ἀσεϐέστατοι,
2513 1240 2607 1293 καὶ
2653 1235 3026 1291 ἀνοσιώτατοι.
3069 1231 3287 1285 Τούτων
3323 1229 3497 1292 οὕτως
3540 1227 3685 1298 παρ’

429 1399 445 1413 .
523 1398 541 1416 .
725 1394 741 1408 .
832 1389 848 1403 .
940 1387 953 1402 ο
1006 1358 1049 1400 ὀ
1130 1384 1145 1399 .
1224 1382 1240 1397 ο
1319 1381 1334 1396 .
1414 1379 1429 1393 ο
1474 1378 1525 1392 -.
1604 1374 1619 1389 ο
1697 1373 1712 1388 ο
1791 1373 1807 1388 ο
1885 1371 1901 1387 ο
1978 1346 1995 1363 ⁹
2100 1334 2260 1390 αὐτοῦ
2292 1333 2619 1404 λεγομένων,
2655 1320 2764 1383 ἰδοὺ
2797 1328 2975 1398 θέαμα
3035 1324 3290 1395 μέγιστον
3356 1321 3524 1392 φόϐοι)
3583 1320 3691 1373 καὶ

428 1442 740 1519 impiissimi
785 1447 948 1509 atque
980 1432 1344 1505 iniquissimi.
1372 1428 1501 1483 Haec
1529 1442 1595 1483 eo
1639 1424 1946 1480 edisserent

2170 1420 2800 1495 ,sanlﬁﬁswcxatﬁmev
2819 1414 2912 1473 οὖν
2942 1417 2972 1470 ὁ
3000 1416 3235 1487 Χριστὸς
3256 1412 3564 1486 οὐρανόθεν,
3586 1412 3690 1464 καὶ

422 1503 903 1609 οιιέροοιεουὶυηι
943 1526 1246 1583 maximum
1296 1520 1511 1575 timoris
1537 1525 1591 1572 et
1621 1511 1942 1570 admiration

2175 1516 2363 1585 ύγουσι
2396 1513 2494 1585 μὲν
2526 1512 2576 1566 οἱ
2605 1510 2899 1581 φλογώδεις
2953 1507 3264 1579 δράκοντες,
3292 1503 3694 1573 ἐπιλαϐόμενος

426 1596 651 1703 plenum
685 1623 896 1680 incidit.
924 1615 1221 1675 Descendit
1255 1614 1440 1684 itaque
1461 1609 1720 1665 Christus
1750 1605 1817 1660 de
1842 1603 1945 1658 coal

2180 1607 2269 1661 τὸν
2282 1606 2399 1660 νὲον
2419 1600 2958 1676 μετέὐμενείας,καὶ
2988 1600 3292 1672 πραότητος
3316 1597 3515 1667 πολλῆς
3553 1596 3696 1648 ἀνα-

432 1687 488 1775 et
530 1710 887 1772 fiammivomi
940 1708 1213 1763 dracones
1262 1700 1547 1771 fugantur,
1607 1703 1952 1763 exceptumqi

2175 1715 2266 1770 ρει
2289 1697 2383 1750 τοῦ
2411 1696 2713 1767 χάσματος,
2743 1695 2841 1748 καὶ
2866 1692 3076 1763 τίθησιν
3103 1691 3197 1744 ἐπὶ
3225 1690 3346 1760 γῆς,
3386 1688 3473 1741 διὰ
3493 1687 3695 1739 τούτου

433 1825 561 1866 eum
592 1803 887 1863 clementia
917 1808 970 1855 et
998 1763 1526 1869 placiditate'multa
1565 1788 1824 1858 juvenem
1851 1797 1882 1837 a
1911 1798 1953 1835 Vt

2179 1763 2371 1843 ικνύων
2519 1763 2793 1856 σωτηρίαν
2816 1783 3015 1839 αὐτῶν.
3036 1780 3276 1853 Ἀληθῶς
3299 1779 3407 1850 γὰρ
3428 1780 3699 1848 Χριστια-

436 1899 633 1971 ragine
670 1892 930 1955 extrahit,
969 1897 1025 1945 et
1067 1886 1215 1943 sistit
1245 1886 1299 1939 in
1344 1890 1515 1947 terra,
1568 1894 1665 1952 per
1709 1877 1814 1931 hoc
1860 1873 1956 1931 sali

2174 1878 2193 1930 ι
2227 1880 2286 1941 ἐς
2313 1876 2538 1947 ὕστερον
2596 1872 3063 1955 μεταϐληθέντες,
3113 1869 3342 1942 μεγάλοι
3386 1869 3694 1938 πεφήνασι.

434 1959 547 2048 tem
578 2002 767 2046 eorum
798 1988 1265 2040 commonstrans.
1297 1973 1595 2031 Christiani
1627 1969 1827 2026 etenim
1854 1982 1954 2038 pos

2178 1969 2402 2040 ἐμφεται
2427 1967 2486 2022 δὲ
2510 1966 2603 2022 τὸν
2657 1966 2909 2035 Κάρπον,
2947 1964 3045 2035 τῆς
3068 1980 3131 2017 τε
3163 1959 3545 2034 μελαγχολίας,
3596 1959 3698 2011 καὶ

436 2082 662 2139 modum
720 2079 776 2133 in
818 2091 877 2132 se
924 2071 1133 2128 reversi
1178 2064 1519 2139 integerrimi
1570 2062 1742 2117 fuere.
1794 2058 1954 2114 lncus

2185 2076 2212 2123 ς
2245 2057 2567 2129 ἀποτομίας,
2616 2057 2678 2111 οὐ
2715 2055 2823 2128 μὴν
2882 2054 3020 2109 ἀλλὰ
3065 2054 3163 2109 καὶ
3216 2053 3299 2106 ὅτι
3352 2048 3702 2139 ἀσυμπαθῶς

438 2181 703 2246 ριπιοτοσ
748 2166 914 2238 Carpi
966 2132 1323 2219 iracundiam
1352 2166 1408 2213 et
1460 2153 1958 2226 implacabilitatem

2182 2147 2435 2220 τηράσατο
2465 2144 2757 2217 στιϐαρῶς.
2785 2143 2972 2199 Ταῦτα
2992 2141 3283 2214 τοιγαροῦν
3303 2143 3484 2210 γνοὺς,
3506 2132 3552 2191 ὦ
3570 2139 3702 2191 ἐπί-

438 2228 655 2323 iiccnon
710 2259 857 2333 quod
904 2253 1265 2311 inexorabilis
1326 2251 1443 2320 ipse
1481 2247 1538 2301 in
1584 2260 1681 2301 eos
1731 2240 1958 2296 dirissin

2183 2258 2308 2305 ιοπε,
2341 2240 2415 2312 μὴ
2449 2236 2813 2309 ἅναθεμάτιζε
2844 2235 3238 2306 άσπλάγχνως,
3271 2234 3363 2288 καὶ
3391 2232 3554 2285 δίωκε
3588 2228 3703 2283 ἀπὸ

442 2314 780 2428 imprecatus
814 2347 1000 2405 fuerit.
1028 2344 1155 2400 Haec
1185 2314 1373 2413 itaque
1414 2352 1540 2393 cum
1578 2335 1871 2398 didiceris,
1902 2346 1962 2401 ep

2188 2354 2214 2399 ς
2241 2333 2566 2405 Ἐκκλησίας
2592 2329 2854 2403 διηνεκῶς
2881 2328 3207 2400 ἀνθρώπους
3225 2327 3351 2389 τοὺς
3369 2325 3499 2396 περὶ
3525 2314 3703 2391 Φιλήὲ

442 2420 628 2517 scope,
688 2458 759 2497 ne
833 2434 1341 2495 immisericorditer
1412 2428 1761 2484 anathemate
1825 2424 1961 2479 feria

2184 2444 2282 2493 Na,
2316 2427 2410 2480 καὶ
2431 2423 2746 2494 Σώσανδρον
2773 2421 2916 2477 κατά
2958 2420 3313 2493 συναρπαγὴν
3346 2431 3704 2488 περιπεπαρο

441 2507 744 2609 ejieiasque
770 2535 839 2589 ab
868 2530 1114 2587 Ecclesia
1140 2534 1404 2600 perpetuo
1431 2522 1788 2586 Philemonis,
1818 2518 1961 2574 Sosa‘

2186 2521 2319 2583 ἱνονς
2348 2522 2417 2590 τῇ
2443 2516 2689 2588 ἀσεϐείᾳ.
2707 2514 2867 2570 Ἀλλά
2894 2514 3095 2586 μᾶλλον
3120 2514 3261 2567 κατά
3286 2511 3408 2573 τοὺς
3462 2507 3706 2569 κανόνας

445 2630 641 2699 deique
689 2630 1014 2687 sectatores,
1064 2598 1160 2693 qui
1212 2618 1503 2673 fraudibus
1551 2611 1913 2670 circumventi
1953 2625 1965 2663 ι

2189 2612 2244 2678 iv}
2269 2610 2440 2693 ἁγίων
2465 2607 2779 2663 ἀποστόλων
2821 2606 2961 2677 πρὸς
2991 2604 3184 2676 χρόνον
3213 2600 3412 2657 τακτὸν
3440 2599 3543 2669 τῆς
3576 2598 3709 2651 Ἐκ-

446 2674 783 2785 impietatem
834 2709 1057 2764 abducti
1106 2716 1255 2763 sunt.
1284 2705 1398 2759 lino
1428 2720 1496 2759 ex
1540 2710 1857 2759 sanctorum
1887 2714 1966 2769 api

2199 2674 2355 2772 ησίανς
2390 2688 2677 2771 ἀπείρξας,
2707 2674 2951 2767 ἔλεγξον,
2988 2674 3332 2765 νουθέτησον,
3382 2674 3719 2763 ἐπίτρεψον,1

447 2806 768 2861 stolicorum
823 2814 1098 2856 canonum
1163 2798 1439 2855 sententia
1497 2793 1821 2865 praescripto
1879 2799 1967 2846 ten

2200 2792 2348 2862 ὑψον,
2371 2790 2555 2862 ὲπίχεε
2573 2789 2666 2843 τὸν
2697 2786 2792 2841 τοῦ
2814 2784 3055 2858 Χριστοῦ
3082 2785 3253 2849 ἔλεον,
3290 2781 3709 2854 παρακάλεσον,

450 2912 582 2969 pore
604 2897 672 2952 ab
722 2892 981 2950 Ecclesia
1035 2905 1253 2955 arcens,
1307 2889 1597 2958 redargue,
1650 2885 1886 2947 instrue,
1931 2896 1970 2935 al

2202 2882 2451 2944 ανέωσον,
2487 2878 2764 2952 στήριξον,
2792 2874 3101 2932 ἀπόπλυνον
3129 2874 3328 2937 αὐτοὺς
3360 2875 3476 2935 τοῖς
3511 2870 3722 2963 αὐτῶν1

454 2941 670 2969 ,νων-ν
722 2941 981 2950 -ν------
1037 2941 1253 2955 τ---ηη
1309 2941 1399 2944 --γ
1472 2941 1503 2958 ι.
1584 2941 1596 2951 .
1871 2941 1883 2947 -

454 2992 673 3044 hortare
708 2986 776 3052 ³⁸⁵,
812 2983 1081 3055 astringe,
1117 2981 1322 3038 Christi
1358 2976 1797 3034 misericordiam
1830 2987 1974 3044 supel

2202 2976 2405 3048 ›ρμοίς,
2435 2941 2859 3055 γκαὶηδάκρῦσι,
2913 2967 3191 3039 κόσμησον
3232 2967 3353 3028 ταῖς
3401 2941 3722 3033 νηστείαις,τ

455 3079 703 3143 iafunde,
745 3078 1063 3148 deprecare,
1125 3086 1353 3137 renova,
1415 3069 1703 3133 confirma,
1752 3082 1851 3122 eos
1900 3079 1975 3135 pri

2188 3072 2422 3142 ιίδρυνον
2456 3051 2579 3131 ταῖς
2609 3065 2835 3129 πολλαῖς
2864 3060 3214 3133 ἀγρυπνίαις,
3257 3058 3551 3112 ὲπὲνδυσον
3580 3059 3708 3118 ταῖς

453 3172 591 3242 priis
630 3144 836 3226 eorum'
888 3163 1150 3237 lacrymis
1190 3171 1246 3219 et
1283 3161 1583 3231 ejulatibus
1621 3158 1765 3223 lava,
1804 3156 1973 3226 jejuni

2194 3160 2466 3231 :ocsuxai;
2485 3158 2614 3222 τοὺς
2654 3154 2755 3225 τῆς
2779 3150 3091 3213 θεοσεϐείας
3138 3149 3261 3204 κατ’
3306 3148 3577 3219 ἐπήρειαν
3614 3144 3714 3199 τοῦ

456 3238 629 3326 orna,
696 3256 884 3312 multis
916 3254 1120 3327 vigiliis
1162 3251 1415 3324 purifica,
1462 3248 1918 3318 orationibusque
1953 3247 1969 3301 i

2199 3255 2402 3321 ιϐὁλου,
2428 3254 2521 3309 κάι
2545 3249 2835 3322 ἐπιϐουλὴν
2855 3248 3066 3322 ἀνδρῶν
3093 3244 3312 3315 ἀνόμων
3348 3238 3719 3311 γεγυμνωμέ-

461 3312 699 3415 ῖὶ-ιιοῄεοε,
718 3348 811 3419 qui
832 3312 1035 3403 diaboli
1060 3312 1412 3416 improbitate
1430 3352 1484 3398 et
1508 3340 1701 3396 fraude
1724 3312 1978 3411 iniquoru

2206 3365 2281 3413 ος,
2325 3312 2538 3415 ἀγαθὰς
2565 3344 2751 3406 αὐτοῖς
2791 3312 3119 3411 ῦπόσπειρον
3149 3312 3370 3396 ἐλπίδας
3411 3316 3726 3401 δεομένοις,

461 3442 745 3500 hominum
800 3438 988 3495 divino
1034 3436 1183 3492 cultu
1238 3432 1461 3506 spoliati
1511 3439 1692 3497 sunt,
1740 3439 1797 3487 et
1841 3430 1981 3486 bona

2199 3432 2495 3497 ετεύουσιν,
2525 3430 2895 3503 ἐλεημοσύνας
2921 3427 3157 3487 ποιοῦσι,
3186 3424 3282 3478 καὶ
3312 3419 3719 3490 ἐξιλεουμένοις

464 3537 572 3592 illis
591 3532 825 3590 confove
851 3545 1007 3601 spem
1052 3526 1399 3598 rogantibus,
1440 3523 1887 3595 deprecantibus,
1925 3522 1984 3578 el<

2202 3542 2229 3578 ν
2251 3524 2411 3595 μόνον
2437 3521 2833 3592 εῦστόααγχνον,
2866 3518 2963 3575 καὶ
2992 3514 3395 3587 φιλάνθρωπον,
3420 3512 3516 3564 καὶ
3543 3511 3722 3579 ὑπερ-

467 3641 760 3700 emosynas
780 3622 1131 3687 facientibus,
1160 3627 1214 3676 et
1235 3616 1533 3690 propitium
1556 3616 1661 3671 sibi
1692 3614 1987 3671 reddentibl

1837 3615 2044 3670 antibus
2142 3618 2280 3684 ἀγαν
2305 3614 2624 3700 οἰκτίρμονα
2653 3611 2883 3683 Σωτῆρα
2908 3608 3067 3681 ἡμῶν
3092 3605 3357 3677 Χριστόν.

466 3722 641 3775 solum
680 3715 1091 3774 misericordem
1124 3722 1289 3783 atque
1334 3709 1633 3764 humanum
1665 3715 1720 3762 et
1743 3722 1906 3778 quam
1929 3721 2046 3760 ma-
2460 3696 2465 3701 ’
3338 3704 3347 3711 ’

470 3814 613 3868 xime
644 3809 1023 3865 miseratorem
1050 3804 1388 3859 Salvatorem
1417 3810 1666 3856 nostrum
1696 3799 2001 3854 Christum.

626 3899 790 3970 219
808 3896 992 3953 CXCI.
1014 3925 1088 3942 -
1106 3890 1384 3948 OLIBRIO
1414 3886 1901 3945 PRESBYTERO.

2392 3887 2641 3952 PLLA'.-
2671 3880 2970 3951 υΛΥΒΡῙῼ
2996 3873 3470 3943 ΠΡΕΣΒΥΤΕΡῼ.

540 3961 819 4062 Νυξιῐξιῃ
871 3987 1159 4058 Scriptura
1187 3984 1353 4049 dixit,
1401 3982 1470 4036 ad
1516 3980 1815 4051 imaginem
1858 3978 1955 4033 Dei
1994 3987 2050 4033 et

2218 3978 2469 4049 Οὑδαμοῦ
2517 3972 2670 4029 εἷπεν
2706 3977 2739 4045 η
2768 3974 2983 4044 Γραφὴ,
3013 3971 3097 4023 ὅτι
3148 3968 3269 4022 κατ’
3320 3965 3506 4018 εἰκόνα
3564 3961 3729 4026 Θεοῦ,

476 4068 890 4140 similitudinem
938 4078 1114 4134 solem
1163 4080 1513 4146 procreatum
1561 4070 1773 4125 fuisse:
1809 4084 1990 4140 quana

2210 4074 2249 4126 ιὶ
2277 4070 2536 4142 ὁμοίωσιν
2563 4068 2592 4120 ὁ
2623 4067 2773 4137 ἥλιος
2814 4064 3098 4118 κέκτισται
3128 4077 3142 4091 ·
3179 4058 3300 4120 πῶς
3345 4051 3437 4109 οὖν
3469 4054 3533 4106 σὺ
3567 4052 3730 4105 τοῦτο

477 4177 641 4245 igitur
666 4171 878 4226 ratione
910 4176 970 4223 tu
1023 4165 1075 4221 id
1119 4165 1299 4237 palam
1341 4163 1535 4228 edicis,
1560 4169 1616 4217 et
1650 4161 1705 4215 in
1730 4160 1912 4215 oculis
1936 4174 1997 4213 on

2212 4162 2401 4235 ινερῶς
2431 4160 2768 4220 ὲκδιδάσκεις
2803 4175 2818 4224 ;
2851 4156 2971 4209 Κᾶν
3010 4153 3118 4225 γὰρ
3176 4151 3413 4221 ὑπάρχει
3468 4146 3588 4200 κατ’
3637 4147 3732 4199 οὐ·

479 4263 666 4321 nium‘l
692 4262 843 4317 Licet
870 4260 1017 4316 enim
1045 4258 1138 4313 ille
1174 4257 1390 4312 haerens
1417 4256 1474 4310 in
1502 4256 1644 4311 cmlo
1674 4252 1999 4308 lucidissirm

2211 4256 2312 4310 ινὸν
2334 4251 2727 4310 άποστίλϐωνλό
2754 4249 2903 4321 ἥλιος
2932 4248 3053 4310 ταῖς
3071 4243 3485 4315 λαμπροτάταις
3508 4239 3731 4306 αὐγαῖς,

480 4356 669 4411 radios
715 4353 1042 4424 ejaculetur,
1092 4350 1274 4405 factus
1317 4356 1501 4405 tamen
1548 4355 1635 4404 est
1682 4361 1747 4402 ea
1790 4346 1929 4416 lege,
1988 4358 2000 4397 ι

2213 4344 2268 4398 ,λ’
2319 4338 2481 4411 οῦνγε
2539 4340 2677 4411 πρὸς
2709 4338 2769 4392 τὸ
2794 4336 3104 4409 ἀνθρώποις
3160 4334 3455 4404 ὑπηρετεῖν
3506 4331 3733 4401 ἐκτίσθη

480 4455 659 4513 jussu,
688 4456 747 4501 ut
788 4443 1103 4499 hominibus
1140 4441 1443 4507 inserviat;
1494 4447 1547 4494 et
1574 4454 1685 4495 non
1727 4445 1813 4495 est
1852 4436 2000 4491 divin

2212 4434 2542 4507 ροστάγματι
2583 4432 2679 4487 καὶ
2706 4430 2877 4501 νόμῳ,
2905 4429 2968 4483 οὐ
3013 4427 3120 4500 μὴν
3154 4426 3249 4479 καὶ
3296 4424 3469 4489 θείαις
3519 4422 3732 4493 χερσίν.

484 4542 738 4595 manibus
772 4534 1129 4591 fabrefactus.
1168 4532 1337 4589 Solus
1382 4533 1547 4588 homo
1585 4531 1789 4586 animal
1817 4529 2004 4585 admir:

2218 4527 2339 4591 όνος
2364 4526 2420 4579 δὲ
2453 4525 2737 4597 ἄνθρωπος
2760 4522 2822 4577 τὸ
2869 4519 3172 4593 θαυμάσιον
3199 4517 3338 4583 ζῶον
3389 4516 3548 4588 χερσὶ
3599 4514 3736 4568 Θεοῦ

485 4631 592 4686 bile
626 4628 719 4683 Dei
750 4626 1005 4682 manibus
1035 4634 1376 4695 procreatus,
1407 4631 1463 4678 et
1491 4623 1683 4693 digitis
1717 4621 1854 4676 nulli
1883 4627 2005 4674 matr

2216 4619 2493 4682 ἐπλασται,
2535 4617 2633 4671 καὶ
2663 4618 2774 4681 τοῖς
2799 4615 2985 4679 άΰλοις
3018 4609 3412 4681 κατεκοσμήθη
3432 4608 3736 4671 δακτύλοις.

486 4720 580 4775 riae
620 4718 875 4774 obnoxiis
925 4724 1225 4771 exornatus
1274 4722 1381 4780 est,
1438 4721 1494 4769 et
1540 4714 1780 4767 animam
1829 4711 2005 4767 ration

1671 4726 1780 4766 tam
1829 4710 2059 4767 rationis
2161 4713 2257 4767 καὶ
2281 4710 2461 4783 ψυχὴν
2486 4710 2904 4783 ὲμπέπνευσται
2936 4704 3191 4777 λογικήν.

485 4817 792 4880 compotem
823 4806 1014 4863 inﬂatu
1044 4806 1231 4861 divino
1257 4803 1520 4874 possedit.

626 4878 831 4959 Cxcu.
854 4932 925 4944 -
946 4895 1454 4955 THELESPHORO
1482 4893 1899 4952 ENCAUSTIE.

2380 4893 2631 4961 PL,B'.——
2672 4889 3070 4961 ΤΕΛΕΣΦΟΡῼ
3125 4878 3524 4957 ΕΓΚΔΥΣΤῌ.

556 4992 702 5059 Quid
734 4991 978 5046 laborem
1026 4988 1306 5054 sedulum,
1350 4988 1683 5057 inanemque
1711 4985 1902 5056 capis?
1927 4986 2060 5057 quid

2238 4984 2338 5040 Διὰ
2355 4985 2408 5038 τί
2439 4984 2657 5056 μοχθεῖς
2680 4982 2854 5036 πολλὰ
2878 4982 2972 5037 καὶ
2997 4979 3302 5053 ἀπέραντα,
3324 4976 3420 5032 καὶ
3439 4978 3519 5039 είς
3545 4974 3747 5045 ἄνεμον

488 5085 732 5142 conteris
753 5097 980 5154 operam
1012 5081 1258 5137 frustra?
1291 5079 1423 5151 quid
1458 5079 1516 5135 in
1561 5087 1785 5135 ventum
1813 5079 2003 5134 labore

2226 5078 2387 5148 ιπιᾷς,
2419 5074 2601 5139 καθὼς
2657 5069 2780 5128 εἶπε
2829 5071 3117 5143 Σολομών;
3163 5070 3449 5142 Ἀνόνητος
3476 5068 3608 5139 γὰρ,
3653 5067 3746 5121 καὶ

491 5176 729 5235 insumis
754 5177 822 5243 υ,
856 5184 915 5230 ιιι
938 5173 1120 5230 aiebat
1147 5171 1451 5228 Salomon?
1479 5170 1723 5227 Stultum
1756 5170 1927 5236 enim,
1957 5186 2008 5224 m

2226 5169 2486 5240 τύμφορος
2512 5169 2546 5239 ὴ
2606 5166 2809 5237 σπουδή
2854 5182 2948 5219 σου
2997 5163 3366 5235 δειχθήσεται,
3432 5158 3569 5212 Θεοῦ
3624 5159 3746 5219 τοὺς

492 5270 749 5339 nimeque
794 5263 1119 5337 frugiferum
1167 5261 1413 5319 studium
1468 5271 1625 5317 tuum
1673 5260 2010 5332 comperietu

2226 5264 2363 5324 ακας
2391 5259 2500 5313 τῶν
2529 5257 2872 5331 πραγμάτων
2902 5253 3256 5328 κρατοῦντος,
3289 5251 3387 5307 καὶ
3419 5250 3601 5304 πάντα
3628 5250 3746 5303 καθ’

492 5377 619 5416 cum
648 5358 794 5414 Deus
820 5372 1009 5413 rerum
1048 5354 1295 5412 habenas
1340 5361 1548 5421 teneat,
1590 5352 1907 5423 dirigatque
1946 5367 2012 5406 on

2267 5353 2514 5426 βούλεται
2542 5353 2743 5425 τρόπον
2777 5350 3003 5419 ἄγοντος
3035 5348 3130 5403 καὶ
3164 5348 3445 5420 φέροντος.
3480 5343 3748 5414 Θησαυρί-

495 5452 608 5517 nia,
640 5465 706 5505 ac
734 5456 908 5522 regat,
946 5454 1008 5503 ut
1054 5447 1135 5502 illi
1181 5445 1506 5502 collubitum
1552 5452 1658 5499 est.
1697 5443 1865 5497 Multa
1895 5443 2015 5514 siqu

2231 5464 2284 5511 ις
2301 5447 2477 5520 γὰρὲξ
2501 5442 2716 5506 ἀδικίας
2745 5440 2938 5506 πολλὰ,
2974 5439 3034 5492 οὐ
3065 5437 3359 5507 γινώσκεις
3379 5435 3457 5503 δὲ,
3497 5434 3604 5490 τίνι
3634 5452 3751 5487 συν-

495 5544 638 5608 dem,
673 5538 880 5611 injuste
905 5546 960 5594 te
987 5552 1206 5609 gerens,
1251 5537 1312 5592 in
1355 5535 1614 5592 aerarium
1659 5534 1937 5605 congeris,
1979 5551 2012 5589 n

1659 5534 1937 5605 congeris,
1979 5550 2075 5591 ne-
2175 5536 2330 5605 άγεις
2362 5535 2524 5601 αὐτὰ,
2560 5535 2637 5599 ώς
2664 5535 2885 5607 εἴρηκεν
2908 5533 2938 5586 ὁ
2960 5530 3150 5586 Δαυῖδ.

496 5650 602 5707 que
639 5633 727 5689 cui
762 5632 854 5688 illa
898 5645 1203 5704 congregas
1242 5632 1313 5696 ³’,
1350 5630 1485 5697 scis,
1524 5635 1586 5685 ut
1619 5626 1794 5684 David
1826 5626 2049 5683 dicebat

565 5745 613 5778 ³⁸
645 5742 691 5800 ιι
719 5742 963 5802 Timotb.
991 5758 1065 5813 Iv,
1092 5742 1148 5797 2.
1255 5743 1300 5779 ⁸¹
1323 5740 1497 5798 Eceli.
1527 5758 1579 5807 v,
1615 5739 1704 5794 l5.
1783 5739 1825 5772 "
1860 5736 2010 5794 Psal.
2053 5751 2290 5802 xxxviii,
2321 5736 2373 5789 7.
