3850 6218
280 314 386 383 301

570 431 820 501 Ριιῐν.-
851 434 1188 491 MEAITONI
1214 438 1538 511 ΔΙΔΚΟΝῼ.

351 523 532 578 Ὅπου
576 526 783 603 ἐντολὴν
804 524 962 607 Θεοῦ,
1002 529 1120 582 ἐκεῖ
1154 530 1377 607 πάντως
1403 531 1500 585 καὶ
1534 534 1857 605 πειρασμὸς,

272 617 373 675 καὶ
409 616 675 690 ἐπιϐουλὴ
700 618 797 673 τοῦ
828 604 1059 697 ἐχθροῦ..
1080 621 1191 675 Καὶ
1224 604 1465 678 πειθέτω
1494 641 1553 678 σε
1602 604 1774 697 Ἀδὰμ
1794 628 1854 681 ἐν

274 706 596 779 παραδείσῳ
620 708 841 781 ἐντολὴν
874 694 1023 764 θείαν
1044 694 1359 783 δεξάμενος,
1392 712 1488 767 καὶ
1516 694 1860 785 παραχρῆμα

274 797 702 866 ἐπιϐουλευθεὶς,
726 800 821 854 καὶ
858 800 1339 872 ὑποσκελισμένος.
1378 803 1550 859 Ὅπου
1579 805 1636 858 δὲ
1658 806 1857 878 θλίψις,

272 891 368 944 καὶ
390 889 527 944 ἔνθα
543 890 686 963 λύπη
717 893 910 964 πολλὴ,
928 893 1046 947 ἐκεῖ
1074 895 1168 948 καὶ
1193 894 1337 966 χαρά
1357 895 1527 967 πολλὴ
1552 898 1856 970 γενήσεται,

270 983 453 1056 καιρῷ
469 983 550 1055 τῷ
580 985 932 1056 προσήκοντι.
960 1005 978 1038 ι
1005 986 1312 1056 Περίλυπός
1340 989 1541 1060 ἐστινὴ
1576 988 1720 1060 ψυχή
1753 1008 1856 1061 μου

268 1076 375 1140 ἕως
394 1077 679 1143 θανάτου,›
701 1078 866 1149 φησὶν
897 1078 925 1130 ὁ
943 1078 1164 1150 Κύριος.
1199 1079 1339 1133 Ἀλλ’
1354 1080 1503 1150 ὅμως
1527 1082 1561 1152 ή
1582 1080 1727 1153 λύπη
1760 1084 1857 1136 αὺ-

1477 328 2012 393 EPISTGLARUM
2048 333 2195 396 LIB.
2237 337 2320 398 II.

1884 453 1935 510 Δ

3424 350 3530 415 302

2239 450 2465 511 CXCIII.
2482 480 2555 499 ι·-
2575 454 2902 516 MELITONI
2930 457 3246 517 DIACONO.

2034 537 2139 596 Ubi
2164 542 2411 601 divinum
2449 557 2787 619 praeceptum
2825 558 2928 614 est,
2964 551 3041 606 ibi
3080 568 3310 622 prorsus
3339 563 3392 609 et
3421 565 3532 611 ten-

1963 633 2121 695 tatio,
2150 645 2205 690 et
2248 637 2424 694 hostis
2470 640 2705 709 professi
2752 642 2967 699 insidiae
3013 654 3168 700 sunt.
3213 647 3397 704 Fidem
3430 650 3531 704 tibi

1961 722 2129 781 faciat
2153 726 2327 783 Adam
2356 730 2411 784 in
2441 731 2700 820 paradiso
2738 733 2986 789 divinum
3027 746 3356 808 praeceptum
3384 742 3530 796 acci-

1959 817 2139 887 piens,
2220 823 2516 893 statimque
2558 817 2791 882 insidiis
2846 829 3051 898 petitus
3098 838 3154 882 et
3212 832 3532 900 supplanta—

1959 917 2048 966 tus
2078 910 2144 965 ³³.
2180 910 2284 967 Ubi
2314 928 2447 969 vero
2476 923 2563 971 est
2605 915 2849 983 afﬂictio,
2882 927 2937 974 et
2982 935 3184 975 mceror
3217 922 3428 992 ingens,
3455 923 3529 979 ibi

1957 1011 2013 1058 et
2041 1018 2297 1074 magnum
2327 1006 2609 1075 gaudium,
2643 1016 2891 1079 tempore
2931 1020 3109 1066 tamen
3151 1012 3355 1075 debito,
3384 1013 3532 1068 orie-

1959 1103 2067 1152 tur.
2093 1097 2256 1169 220
2295 1117 2313 1151 ‹
2358 1099 2603 1171 Undique
2645 1102 2822 1158 tristis
2860 1111 2944 1158 est
2973 1104 3153 1158 anima
3197 1119 3316 1160 mea
3356 1121 3531 1174 usque

267 1167 364 1222 τοῦ
404 1169 486 1233 είς
516 1168 692 1240 χαρὰν
724 1169 946 1237 γέγονεν
958 1169 1056 1241 ὅλῃ
1094 1172 1161 1243 τῇ
1193 1170 1513 1247 οἰκουμένῃ.
1553 1173 1665 1227 Καὶ
1696 1175 1856 1246 ἡμεῖς

267 1260 591 1332 λυπούμεθα
636 1260 756 1332 μὲν,
808 1261 1113 1331 θλιϐόμενοι
1138 1263 1197 1316 ἐν
1228 1263 1448 1334 μυρίοις
1498 1269 1851 1338 πειρασμοῖς,

1957 1188 2025 1242 ad
2066 1198 2294 1245 mortem
2329 1190 2396 1257 ³⁸,
2441 1211 2460 1244 ι
2494 1192 2571 1246 ait
2611 1192 2900 1251 Dominus.
2933 1193 3067 1265 Ejus
3092 1203 3273 1250 tamen
3302 1196 3529 1252 tristitia

1955 1283 2053 1336 toti
2097 1292 2371 1339 terrarum
2413 1286 2533 1340 orbi
2574 1285 2833 1357 gaudium
2875 1289 3108 1359 peperit.
3147 1286 3259 1343 Nos
3307 1304 3530 1359 quoque

268 1355 377 1416 τοῖς
406 1369 469 1406 τε
488 1354 555 1406 ἐκ
577 1352 871 1433 δαιμόνων,
894 1354 1007 1418 τοῖς
1033 1371 1093 1408 τε
1124 1356 1189 1411 ἐκ
1208 1356 1321 1409 τῶν
1350 1354 1678 1427 ἀνθρώπων,
1714 1357 1837 1412 ἀλλά

1955 1374 2260 1431 innumeris
2301 1377 2700 1433 teutationibus
2747 1386 2862 1433 tum
2910 1378 3241 1442 daemonum,
3270 1388 3382 1433 tum
3427 1381 3526 1434 hoc

264 1444 688 1509 δυνατὸςόΘεδς
756 1445 917 1516 ἡμῶν
968 1445 1151 1511 πάσας
1184 1447 1286 1512 τὰς
1326 1447 1536 1519 θλίψεις
1584 1448 1743 1521 ἡμῶν
1771 1450 1837 1514 είς

1952 1467 2164 1520 minum
2205 1470 2384 1538 pressi
2434 1468 2747 1540 afﬂigimur,
2798 1471 2893 1526 sed
2941 1470 3084 1526 Deus
3123 1482 3308 1526 nosmr
3334 1486 3528 1527 omnes

262 1535 440 1605 χαρὰν
497 1535 596 1588 καὶ
648 1534 839 1606 τέρψιν
892 1535 1115 1609 διηνεκῆ
1168 1539 1516 1609 μετενέγκαι.
1551 1541 1644 1610 Μὴ
1672 1542 1837 1597 τοίνυν.

1947 1534 2271 1615 afﬂictiones
2306 1569 2531 1616 nostras
2548 1534 2632 1614 vin
2662 1534 2922 1631 gaudium
2963 1570 3018 1615 et
3061 1561 3306 1615 laetitiam
3336 1574 3527 1629 perpe-

261 1623 460 1676 ὲκλύου
494 1625 563 1694 τῇ
594 1624 763 1696 πολλῇ
800 1624 1027 1697 ἀθυμίᾳ,
1073 1627 1168 1680 καὶ⁵
1194 1629 1261 1700 τῇ
1292 1628 1522 1701 ἀμέτρῳ
1571 1629 1719 1703 λύπῃ
1752 1648 1764 1661 °
1799 1634 1837 1687 oi

1950 1655 2100 1704 tuam
2136 1651 2429 1707 immutare
2461 1654 2603 1722 potis
2651 1660 2760 1709 est.
2807 1650 2887 1706 Ne
2916 1652 3084 1724 igitur
3109 1652 3259 1724 gravi
3293 1666 3528 1706 mmrore

264 1714 372 1786 γὰρ
427 1714 769 1814 λυπηθέντες
816 1736 835 1769 ι
877 1717 1302 1786 ἀγαλλιάσονται
1348 1720 1443 1773 ἐπὶ
1492 1720 1602 1776 τῶν
1648 1723 1837 1777 κοιτῶι

1947 1748 2002 1795 et
2044 1741 2404 1798 immoderata
2448 1742 2671 1799 tristitia
2714 1714 3058 1814 despondeas
3100 1714 3368 1799 animum.
3421 1742 3527 1809 Qui

260 1805 467 1873 αὐτῶν,
494 1824 515 1858 ι
542 1809 610 1877 ὲφ
653 1800 729 1863 ὧν
758 1810 853 1863 καὶ
880 1808 1238 1882 λελύπηνται.
1282 1812 1486 1885 Κοίτην
1507 1814 1565 1869 δέ
1593 1815 1704 1870 νόει
1755 1835 1837 1889 μοι

1947 1831 2093 1888 enim
2130 1834 2441 1890 contristati
2492 1842 2646 1898 sunt,
2702 1854 2721 1887 ι
2774 1836 3105 1890 laetabuntur
3153 1837 3207 1890 in
3249 1835 3524 1890 cubilibus

258 1893 355 1949 νῦν
378 1912 507 1951 τινα
541 1897 722 1970 ψυχῆς
741 1898 1110 1972 τεθλιμμένης
1148 1900 1290 1972 ὑπὲρ
1317 1899 1418 1971 τῆς
1453 1905 1706 1977 κτήσεως
1730 1906 1843 1961 τῶν

258 1988 500 2061 ἀρετῶν,
531 1989 645 2057 ἕξιν
676 2007 737 2044 τε
788 1991 884 2045 καὶ
920 1993 1276 2047 κατάστασιν.
1300 1993 1478 2050 Ὅπου
1540 1996 1721 2052 τοίνυν
1753 1998 1844 2054 διὰ

258 2080 396 2134 Θεοῦ
434 2079 603 2153 λύπη,
636 2081 794 2153 δῆλον
829 2083 910 2137 ὅτι
938 2084 1057 2137 ἐκεῖ
1111 2085 1204 2138 καὶ
1234 2084 1379 2157 χαρά
1417 2085 1635 2154 αίώνιος
1664 2088 1840 2144 ἔσται.

259 2174 374 2226 Καὶ
424 2173 537 2244 γὰρ
572 2174 631 2229 αί
656 2175 786 2246 περὶ
812 2176 1033 2247 Μαρίαν
1068 2174 1169 2249 τὴν
1197 2177 1585 2250 Μαγδαληνὴν,
1615 2180 1711 2233 καὶ
1742 2180 1843 2252 τὴν

256 2264 425 2337 ἀλλην
459 2264 701 2337 Μαρίαν,
740 2265 1065 2338 λυπηθεῖσαι
1088 2268 1558 2340 ὑπερϐαλλόντως,
1603 2270 1843 2342 ήκουσαν

256 2355 352 2411 τοῦ
448 2357 685 2430 χορηγοῦ
750 2357 853 2429 τῆς
924 2359 1145 2414 πάντων
1218 2359 1377 2432 ήμῶν
1451 2360 1835 2429 ἀγαλλιάσεως

258 2446 501 2523 Χριστοῦ
523 2450 661 2519 μετά
682 2449 782 2522 τὴν
809 2450 1108 2507 ἀνάστασιν
1134 2451 1388 2521 λέγοντος
1427 2469 1444 2484 ·
1467 2453 1725 2525 Χαίρετε.

586 2648 838 2715 ΡιΑκ-
873 2649 1131 2703 ZHNQNI
1162 2650 1493 2723 ΔΙΑΚΟΝῼ.

335 2738 403 2793 Ἦ
429 2739 577 2795 κατά
607 2740 742 2795 Θεὸν
773 2741 943 2814 ἀρετὴ
976 2741 1207 2796 πλούτου
1252 2744 1555 2816 τιμιωτέρα
1598 2746 1767 2807 ἐστὶν,
1810 2747 1839 2798 ό

254 2830 310 2886 δὲ
344 2831 577 2902 ἡσύχιος
626 2832 738 2902 βίος
793 2833 1094 2905 χρημάτων
1144 2835 1540 2907 ἀναριθμήτων
1595 2854 1836 2908 περιφα-

253 2923 530 2996 νέστερος.
560 2923 740 2979 Καλὸν
775 2924 955 2979 τοίνυν
994 2925 1342 2993 ἀσπάζεσθαι
1370 2928 1432 2982 τὺ
1462 2928 1651 2983 καλόν.

770 3016 930 3085 Ρι,Ε’.
950 3047 1021 3059 -—
1046 3016 1132 3083 Τῷ
1163 3017 1343 3085 αὐτῷ.

1946 1923 2064 1979 suis
2092 1923 2157 1990 ³⁸,
2200 1942 2219 1975 ι
2257 1925 2315 1979 in
2362 1925 2565 1996 quibus
2604 1926 2921 1981 contristati
2966 1936 3114 1982 sunt.
3165 1926 3360 1981 Cubile
3392 1941 3523 1981 vero

1944 2030 2093 2071 nunc
2142 2016 2409 2087 intellige,
2486 2018 2738 2073 habitum
2813 2018 3130 2090 quemdam,
3207 2028 3523 2087 statumque

1944 2110 2141 2165 anima:
2191 2112 2262 2166 ob
2311 2111 2778 2181 comparationem
2823 2112 3087 2167 virtutum
3129 2111 3359 2166 amictae.
3413 2111 3518 2166 Ubi

1944 2197 2111 2269 igitur
2137 2207 2359 2270 propter
2387 2199 2558 2256 Deum
2588 2214 2795 2256 maeror
2822 2208 2927 2264 est,
2962 2200 3161 2255 ibidem
3184 2207 3238 2255 et
3262 2200 3518 2269 gaudium

1944 2288 2343 2358 sempiternum
2374 2289 2499 2345 erit.
2526 2287 2663 2344 Nam
2693 2304 2816 2361 quae
2846 2288 3076 2344 Mariam
3116 2288 3517 2359 Magdalenam,

1942 2380 2216 2451 aliamque
2252 2380 2479 2436 Mariam
2522 2382 2931 2438 comitabantur
2970 2382 3037 2449 ",
3073 2380 3366 2437 immodica
3400 2393 3520 2434 mo-

1940 2472 2099 2530 lestia
2133 2474 2339 2530 affectae
2368 2489 2400 2529 a
2441 2475 2627 2546 gaudii
2656 2475 2832 2530 nostri
2867 2474 3110 2531 omnium
3140 2474 3334 2529 datore
3361 2471 3523 2528 Chri-

1941 2572 2028 2621 sto
2054 2573 2179 2635 post
2208 2567 2672 2622 resurrectionem
2704 2567 3000 2621 audierunt
3036 2582 3049 2617 :
3078 2564 3341 2622 Gaudete.

2249 2657 2482 2715 CXCIV.
2510 2690 2579 2701 —
2602 2658 2859 2716 ZENONI
2888 2658 3207 2715 DIACONO.

2010 2748 2203 2806 Virtus
2227 2751 2531 2807 secundum
2558 2750 2727 2807 Deum
2766 2751 2973 2807 divitiis
2996 2752 3254 2807 omnibus
3283 2758 3367 2807 est
3388 2766 3519 2823 pre-

1941 2841 2153 2907 tiosior,
2166 2852 2222 2897 et
2246 2843 2361 2897 vita
2386 2842 2571 2914 quieta
2594 2844 3000 2913 tranquillaque
3024 2843 3277 2913 pecuniis
3296 2842 3522 2898 immen-

1938 2932 2016 2987 sis
2038 2932 2386 2989 luculentior.
2420 2932 2629 2988 Bonum
2663 2935 2847 3006 itaque
2874 2934 3040 2989 fuerit
3072 2934 3215 2990 bona
3241 2934 3517 3004 amplecti.

2463 3022 2667 3080 CXCV.
2684 3054 2757 3065 —
2780 3024 2987 3082 Eidem.

320 3107 496 3161 Οὐδὲν
542 3107 686 3162 οὕτω
739 3108 980 3163 δυσωπεῖ
1029 3109 1157 3173 τοὺς
1203 3109 1656 3181 ἐπεμϐαίνοντας,
1740 3112 1837 3166 καὶ

2010 3113 2100 3170 Nil
2151 3115 2289 3172 adeo
2345 3116 2525 3187 placat
2571 3118 2923 3184 insultantes,
2983 3119 3516 3190 exprobrantesque,

251 3198 717 3266 ἐξονειδίζοντας,
761 3200 838 3264 ὡς
889 3202 924 3274 ἡ
986 3200 1098 3256 τῶν
1154 3201 1626 3274 ἐξονειδιζομένων
1695 3203 1836 3275 μετὰ

249 3292 581 3364 πραότητος,
623 3292 719 3348 καὶ
770 3292 1072 3358 ἐπιεικείας
1120 3293 1427 3365 διόρθωσις.
1465 3292 1532 3348 Ἦ
1590 3294 1700 3368 γάρ
1727 3294 1837 3349 τῶν

249 3384 722 3457 ἐξονειδιζὸμένων
753 3385 1016 3457 καλλίστη
1068 3386 1368 3459 μεταϐολὴ,
1410 3388 1525 3448 τοῖς
1577 3385 1833 3455 ἐξονειδί-

251 3478 411 3543 ζουσι
444 3476 712 3549 διατροπὴ
735 3477 970 3547 γίνεται.

459 3587 637 3654 Ριιςν.
664 3615 737 3628 -
781 3587 1095 3660 ΚΥΡΙΛΚῼ
1146 3588 1617 3663 ΠΡΕΣΒΥΤΕΡῼ.

331 3678 671 3759 Ἐπίσταμαι
708 3679 889 3735 πάντα
912 3680 981 3734 τά
1018 3680 1347 3758 πειρατήρια
1389 3682 1457 3735 τὰ
1490 3681 1828 3754 συμϐεϐηκό-

245 3787 448 3838 τασοι,
482 3770 580 3825 καὶ
607 3772 707 3835 τάς
723 3770 949 3842 θλίψεις.
994 3772 1259 3826 ’Δνάλαὸε
1296 3768 1393 3825 οὖν
1435 3775 1505 3827 τά
1548 3772 1691 3827 ὅπλα
1734 3774 1835 3845 τῆς

244 3864 584 3937 προσευχῆς,
620 3863 842 3935 κράζων
870 3863 1007 3935 πρὸς
1038 3862 1131 3917 τὸν
1161 3863 1367 3936 Κύριον
1399 3864 1714 3931 ἀνενδότως,
1741 3864 1835 3919 καὶ

245 3957 491 4027 τοσούτῳ
541 3955 766 4026 μᾶλλον,
819 3956 930 4025 ὅσῳ
970 3955 1067 4009 καὶ
1103 3955 1468 4027 σφοδρότερον
1504 3956 1835 4011 ἐπιτίθενται

244 4050 384 4120 ἡμῖν
431 4047 681 4118 δαίμονές
702 4064 763 4101 τε
792 4048 886 4101 καὶ
914 4046 1191 4119 ἄνθρωποι
1224 4046 1513 4118 βρύχοντες
1533 4048 1655 4102 καθ’
1677 4048 1836 4121 ήμῶν

242 4141 376 4205 τοὺς
409 4140 647 4205 ὀδόντας,
673 4140 767 4193 καὶ
787 4138 1098 4211 νομίζοντες
1113 4140 1188 4210 μὴ
1216 4140 1578 4211 βοηθήσεσθαι
1601 4144 1749 4212 ἡμᾶς
1777 4140 1837 4207 ἐξ

244 4231 441 4303 ὕψους.
496 4233 616 4287 Κᾶν
672 4232 749 4305 μὴ
800 4232 1117 4305 κεκτήμεθα
1189 4231 1453 4297 δυνάστας
1508 4232 1837 4303 βοηθοῦντας

244 4325 605 4399 ἀνθρώπους,
664 4326 759 4379 καὶ
796 4323 1016 4389 π’ἀντως
1061 4322 1131 4379 δι’
1171 4324 1387 4389 ἐλπίδος
1440 4325 1541 4397 τῆς
1595 4325 1734 4398 πρὸς
1772 4326 1836 4379 τὸ

244 4420 521 4490 κρεῖττον,
550 4416 645 4470 καὶ
686 4417 789 4488 τῆς
814 4416 1185 4489 εὐχαριστίας,
1220 4416 1525 4488 τευξόμεθα
1582 4416 1835 4488 βοηθείας

1941 3217 1998 3262 ut
2025 3208 2481 3279 exprobratorum
2506 3225 2631 3265 cum
2670 3210 2897 3267 lenitate
2928 3218 2984 3267 et
3016 3211 3289 3269 modestia
3328 3227 3518 3269 corre-

1938 3299 2068 3355 ctio.
2141 3299 2360 3369 Optima
2426 3299 2696 3372 siquidem
2754 3302 3218 3372 exprobratorum
3260 3303 3519 3362 immuta-

1939 3394 2036 3460 tio,
2065 3393 2530 3464 exprobrantibus
2558 3393 2810 3450 confusio
2856 3395 2935 3452 fit.

2067 3576 2225 3647 221
2254 3576 2482 3633 CXCVI.
2503 3607 2551 3617 -
2575 3566 2873 3635 CYRIACO
2900 3577 3381 3640 PRESBYTERO.

2010 3665 2337 3725 Vexatiunes
2373 3669 2809 3741 aﬂlictiunesque
2850 3686 3046 3728 omnes
3073 3689 3195 3744 quae
3234 3675 3337 3730 tibi
3385 3689 3521 3731 con-

1939 3762 2205 3832 tigerunt,
2237 3772 2527 3834 comperta:
2566 3763 2700 3818 mihi
2740 3770 2892 3818 sunt.
2944 3763 3301 3820 Armaturam
3332 3766 3521 3839 itaque

1938 3854 2206 3910 orationis
2238 3869 2481 3919 assume,
2532 3856 2786 3911 clamans
2832 3856 2955 3912 sine
2998 3856 3415 3914 intermissione
3446 3860 3517 3915 ad

1939 3944 2252 4009 Dominum,
2296 3961 2472 4013 eoque
2536 3947 2735 4018 magis,
2785 3963 2895 4018 quo
2951 3948 3188 4005 validius
3240 3950 3516 4007 daemones

1936 4038 2232 4109 impetum,
2278 4048 2333 4093 et
2387 4038 2639 4095 homines
2704 4040 2973 4096 adversus
3032 4056 3136 4096 nos
3199 4040 3515 4099 frendentes

1937 4128 2194 4183 dentibus
2233 4129 2369 4195 suis,
2430 4128 2925 4209 existimantesque
2981 4130 3193 4186 nullum
3239 4133 3400 4189 nobis
3445 4134 3515 4188 ab

1937 4221 2049 4276 alto
2076 4221 2340 4277 auxilium
2366 4222 2707 4277 adfuturum.
2736 4221 2895 4278 Licet
2941 4224 3076 4279 nulli
3123 4224 3283 4280 nobis
3312 4242 3515 4298 suppe-

1939 4321 2056 4369 tant
2085 4315 2334 4370 homines
2358 4316 2662 4386 principes,
2693 4317 2788 4387 qui
2836 4316 3017 4373 ferant
3059 4334 3255 4389 opem;
3286 4322 3514 4376 omnino

1939 4415 2161 4478 propter
2205 4407 2261 4461 in
2313 4406 2485 4461 Deum
2532 4422 2705 4477 spem,
2751 4415 2807 4462 et
2860 4410 3162 4479 gratiarum
3215 4412 3509 4478 actionem,

247 4512 502 4583 ἰσχυρᾶς.
532 4504 704 4563 Βλέπε
732 4508 1044 4581 τοιγαροῦν,
1072 4508 1128 4562 τί
1168 4526 1334 4580 φησιν
1384 4510 1442 4562 ὲν
1504 4511 1779 4581 προσευχῇ
1806 4511 1835 4562 ὁ

1947 4498 2126 4553 auxilii
2156 4498 2416 4569 illiusque
2457 4498 2624 4553 validi
2667 4497 2965 4569 participes
3012 4500 3241 4555 erimus.
3297 4499 3513 4556 Videsis

243 4602 422 4673 Σιράχ
447 4618 462 4631 ’
497 4619 519 4653 ι
575 4599 1036 4671 Ἐξομολογοῦμαί
1061 4614 1165 4665 σοι,
1222 4600 1397 4672 Κύριε
1437 4598 1691 4667 Βασιλεῦ,
1738 4600 1835 4652 καὶ

242 4694 449 4749 αἰνέσω
474 4692 608 4747 Θεὸν
635 4693 727 4746 τὸν
755 4692 989 4763 Σωτῆρα
1047 4708 1172 4763 μου.
1241 4690 1596 4763 Ἐξομολογοῦ
1605 4709 1703 4762 μαι
1755 4691 1833 4764 τῷ

240 4784 475 4856 ὀνόματί
503 4801 621 4850 σου,
655 4784 736 4838 ὅτι
769 4783 1102 4854 σκεπαστὴς,
1133 4782 1231 4836 καὶ
1258 4782 1453 4854 βοηθὸς
1497 4782 1686 4849 ἐγένου
1718 4800 1833 4854 μοι,

240 4876 340 4930 καὶ
369 4873 664 4946 ὲλυτρώσω
694 4874 756 4928 τὸ
784 4874 946 4945 σῶμά
965 4891 1067 4945 μου
1091 4872 1152 4938 ἐξ
1174 4873 1450 4935 ἀπωλείας
1471 4872 1565 4926 καὶ
1580 4872 1644 4926 ἐκ
1671 4872 1838 4942 παγί-

240 4967 331 5032 δος
356 4966 613 5037 διασολῆς
636 4965 913 5036 γλώσσης,
953 4964 1051 5020 καὶ
1074 4965 1313 5019 ἐναντίον
1334 4963 1445 5017 τῶν
1476 4963 1837 5037 περιεστηκό-

242 5075 355 5114 των
390 5075 461 5130 με
484 5059 674 5127 ἐγένου
699 5075 791 5129 μοι
824 5056 1041 5130 βοηθός,
1071 5057 1168 5110 καὶ
1223 5055 1513 5129 ὲλυτρώσω
1575 5074 1644 5128 με
1696 5055 1838 5110 κατά

241 5152 307 5205 τὸ
343 5150 554 5219 πλῆθος
573 5150 669 5205 τοῦ
694 5150 875 5214 ἐλέους
898 5168 1017 5214 σου,
1045 5150 1140 5203 καὶ
1173 5148 1269 5203 τοῦ
1312 5148 1578 5220 ὀνόματός
1627 5164 1721 5201 σου
1773 5149 1838 5201 ἐκ

244 5241 514 5316 βρυγμῶν
541 5241 841 5312 μισούντων
874 5259 964 5313 με.
996 5242 1342 5314 Προεκείμην
1374 5240 1510 5312 πρὸς
1535 5240 1597 5293 τὸ
1634 5238 1832 5311 θηρευ-

243 5333 407 5407 θῆναι
441 5333 549 5387 ὑπὸ
574 5333 685 5387 τῶν
704 5333 1009 5403 ζητούντων
1038 5332 1245 5403 θλίψαι,
1272 5332 1367 5386 καὶ
1407 5330 1666 5385 ἀπολέσαι
1729 5330 1831 5401 τὴν

242 5425 425 5495 ψυχήν
456 5440 582 5494 μου,
606 5425 701 5477 καὶ
719 5423 1023 5494 ἐπειγόμην
1062 5421 1343 5477 κυκλῶθεν
1366 5420 1555 5492 ὥσπερ
1584 5419 1690 5473 ὑπὸ
1730 5437 1829 5472 πυ-

244 5513 338 5587 ρὸς
366 5513 749 5578 ἐκηυθέντος.
794 5513 1072 5584 ’Υπῆρχον
1090 5513 1197 5585 γὰρ
1218 5514 1278 5565 ὲν
1300 5510 1379 5583 τῷ
1406 5510 1557 5581 βάθει
1586 5510 1686 5580 τῆς
1715 5526 1831 5562 xor.-

241 5606 367 5670 λίας
397 5605 495 5660 τοῦ
523 5606 717 5678 νοητοῦ
743 5606 897 5679 ᾅδου.
924 5604 1271 5676 Ἐκυκλώθην
1295 5604 1400 5658 ὑπὸ
1422 5602 1675 5672 γλώσσης
1706 5602 1835 5655 ἀκα-

1936 4606 2057 4660 quae
2098 4588 2363 4644 Siracbus
2403 4586 2574 4644 Deum
2621 4602 2858 4643 exorans
2909 4588 3215 4659 loquatur:
3269 4606 3288 4640 ι
3324 4588 3511 4644 Conﬂ-

1938 4691 2054 4738 teor
2086 4681 2210 4749 tibi,
2250 4680 2480 4736 Domine
2517 4678 2657 4746 Rex,
2681 4689 2737 4736 et
2764 4680 3091 4736 collaudabo
3108 4680 3275 4737 Deum
3323 4680 3514 4735 Salva-

1946 4785 2121 4829 torem
2174 4789 2379 4831 meum.
2404 4772 2683 4827 Confiteor
2713 4772 2922 4826 nomini
2968 4782 3081 4835 tuo,
3109 4771 3371 4841 quoniam
3411 4770 3512 4825 ad-

1925 4866 2083 4932 jutor
2146 4872 2201 4921 et
2263 4872 2542 4935 protector
2589 4863 2767 4920 factus
2837 4879 2898 4919 es
2945 4864 3102 4928 mihi,
3160 4872 3214 4917 et
3265 4863 3511 4917 Iiberasti

1930 4973 2133 5029 corpus
2164 4972 2346 5013 meum
2407 4972 2438 5011 a
2492 4955 2803 5027 perditione
2864 4963 2919 5011 et
2969 4970 3000 5009 a
3062 4954 3512 5025 laqueolinguze

1930 5049 2304 5116 calumniosae,
2356 5054 2412 5103 et
2476 5048 2534 5103 in
2606 5054 2905 5119 conspectu
2970 5046 3509 5101 circumvallantium

1931 5155 2019 5195 me
2048 5139 2226 5195 factus
2256 5154 2317 5194 es
2345 5138 2480 5193 mihi
2512 5138 2751 5207 adjutor,
2799 5146 2854 5193 et
2883 5137 3132 5192 liberasti
3184 5153 3269 5191 me
3318 5150 3512 5191 secun-

1934 5225 2063 5280 dum
2104 5225 2511 5281 multitudinem
2561 5225 2952 5281 misericordiae
2998 5234 3126 5291 tuae,
3175 5235 3229 5280 et
3269 5226 3509 5281 nominis

1936 5316 2014 5371 tui
2048 5331 2077 5370 a
2110 5316 2383 5387 rugitibus
2421 5316 2549 5371 odio
2588 5318 3032 5387 persequentium
3081 5332 3188 5373 me.
3246 5317 3514 5387 Praeposi-

1936 5418 2028 5465 tus
2079 5424 2228 5464 eram
2285 5408 2352 5463 ad
2398 5418 2686 5479 capturam
2741 5411 3101 5480 quaarentium
3146 5410 3402 5481 afﬂigere,
3458 5424 3514 5485 et

1936 5504 2164 5572 perdere
2221 5501 2462 5557 animam
2515 5517 2690 5558 meam
2735 5520 2749 5557 :
2809 5510 2866 5559 et
2923 5503 3214 5575 premebar
3266 5503 3510 5575 undique

1936 5606 2198 5663 tanquam
2232 5597 2302 5653 ab
2332 5598 2455 5669 igne
2491 5610 2747 5653 accenso.
2777 5594 2940 5652 Eram
2968 5598 3113 5655 enim
3150 5598 3206 5653 in
3236 5596 3510 5668 profundo

316 5783 365 5817 ³³
392 5781 533 5840 Gen.
562 5796 625 5838 ιιι
650 5779 880 5854 passim.
968 5782 1013 5814 ³⁸
1039 5779 1235 5838 Matth.
1276 5796 1424 5848 xxvi,
1465 5780 1553 5837 58.
1633 5779 1677 5815 ³⁸
1706 5774 1855 5834 Psal.
1882 5788 2061 5845 cxux,
2100 5775 2152 5831 ii.
2232 5773 2276 5809 ³⁸
2303 5773 2491 5830 Matth.
2539 5789 2731 5842 xxvm,
2759 5776 2812 5841 9.
