3850 6218
308 357 425 420 303

1792 345 1852 404 S.
1893 340 2057 405 NILI

3447 337 3551 400 304

313 460 522 517 ventris
554 452 939 512 intellectualis
967 450 1149 507 inferi.
1190 450 1573 507 Circumdatus
1596 449 1677 505 fui
1707 465 1735 503 a
1773 451 1911 515 lin-,

2018 450 2197 522 άρτου,
2229 450 2324 503 καὶ
2368 448 2525 517 λόγου
2571 446 2816 518 ψευδοῦς.
2856 447 3117 516 Ἥγγισεν
3174 447 3206 518 ἡ
3247 445 3391 519 ψυχή
3452 466 3553 519 μου

316 566 422 622 gua
461 549 810 619 coinquinata
840 554 893 600 et
920 546 1091 599 verbo
1128 543 1421 600 mendacii.
1463 543 1889 613 Appropinqua-

318 644 395 697 vit
428 642 609 697 anima
640 653 758 695 mea
786 651 963 707 usque
999 635 1066 690 ad
1094 644 1367 690 mortem:
1416 633 1895 688 circumdederunt

316 748 406 790 me
434 732 675 800 undique
702 729 865 795 mala,
908 742 1011 783 nec
1040 733 1158 781 erat
1186 726 1283 796 qui
1322 724 1628 794 adiuvaret.
1657 721 1893 792 Respexi

320 829 376 881 in
408 823 743 896 adjutorium
791 820 1097 885 hominum,
1124 826 1179 873 et
1217 832 1331 872 non
1364 824 1502 871 erat.
1530 814 1686 869 Tunc
1712 828 1894 869 recoro

322 920 485 971 datus
523 928 646 970 sum
676 910 1071 967 misericordia:
1104 916 1229 972 tute,
1249 905 1499 969 Domine,
1534 912 1589 960 et
1617 903 1888 974 operatio—

322 1007 409 1062 nis
435 1013 564 1070 tuae,
600 1018 723 1074 quae
760 1017 789 1056 a
836 1000 1039 1056 saeculo
1079 1005 1189 1065 est,
1225 998 1484 1068 quoniam
1531 996 1679 1050 eruis
1727 994 1893 1050 susti-

320 1104 515 1152 nentes
568 1103 645 1159 te,
695 1104 747 1148 et
792 1092 992 1146 liberas
1032 1105 1129 1144 eos
1180 1087 1248 1142 de
1291 1086 1546 1141 manibus
1583 1085 1743 1153 222
1792 1084 1891 1137 ho-

325 1190 530 1242 stium:
569 1191 624 1240 et
669 1183 904 1239 exaltavi
942 1196 973 1235 a
1015 1191 1161 1234 terra
1209 1177 1673 1249 deprecationem,
1706 1183 1760 1229 et
1798 1189 1898 1244 pro

334 1276 657 1333 liberatione
692 1289 724 1328 a
765 1281 941 1328 morte
979 1271 1305 1341 deprecatus
1356 1282 1499 1324 sum.
1548 1266 1794 1320 Invocavi
1823 1275 1895 1332 te,

326 1369 578 1430 Domine,
601 1382 671 1421 ne
686 1364 1033 1433 derelinquas
1064 1377 1149 1416 me
1176 1361 1229 1415 in
1262 1360 1350 1415 die
1379 1358 1750 1414 tribulationis
1771 1357 1837 1411 ³⁷.
1872 1376 1890 1407 ι

334 1459 461 1515 Alio
507 1474 727 1531 quoque
774 1458 830 1512 in
892 1457 1015 1511 loco
1058 1453 1198 1509 idem
1253 1452 1515 1508 Sirachus
1570 1450 1894 1511 adhortans,

326 1552 506 1623 inquit
544 1571 557 1605 :
597 1569 615 1602 ι
648 1549 925 1619 Respicite
942 1549 1195 1615 antiquas
1213 1544 1612 1615 generationes,
1634 1548 1687 1596 et
1703 1540 1896 1605 videte,

328 1643 453 1712 quis
498 1639 733 1696 credidit
786 1637 1037 1702 Domino,
1074 1644 1130 1691 et
1165 1634 1566 1690 verecundatus
1612 1632 1741 1687 est?
1773 1630 1899 1700 quis

1991 542 2098 604 ἓως
2131 539 2360 593 θανάτου
2394 553 2409 569 ⁸
2434 539 2687 610 περιέχον
2719 555 2785 610 με
2815 537 3076 593 πάντοθεν
3114 536 3281 603 κακὰ,
3310 538 3405 591 καὶ
3456 541 3559 593 οὐκ

1991 625 2060 699 ἦν
2086 644 2167 690 τις
2206 626 2415 698 βοηθῶν
2441 644 2545 697 μοι.
2590 625 2881 695 Ἐνέϐλεψα
2905 626 2984 689 είς
3021 624 3303 696 ἀντίληψιν
3352 626 3560 697 ἀνθρώ-

1992 734 2131 780 πων,
2161 717 2256 770 καὶ
2281 716 2381 769 οὐκ
2407 712 2497 787 ἦν.
2530 716 2664 769 Τότε
2686 716 2961 787 ἐμνήσθην
2981 715 3073 770 τοῦ
3105 715 3286 780 ἐλέους
3318 733 3432 781 σου,
3456 717 3563 771 Κύ-

1994 825 2101 880 ριε,
2144 808 2239 860 καὶ
2268 808 2363 876 τῆς
2401 807 2661 877 ἐργασίας
2693 824 2784 859 σου
2837 807 2938 876 τῆς
2971 805 3066 860 ἀπ’
3110 808 3324 869 αἰῶνος,
3356 806 3437 860 ὅτι
3467 809 3563 860 λυ-

1994 899 2217 971 τροῦσαι
2249 900 2376 961 τοὺς
2406 899 2772 966 ὑπομένοντάς
2827 914 2909 965 σε,
2935 898 3028 951 καὶ
3050 896 3243 962 σώζεις
3267 898 3465 961 αὐτοὺς
3494 901 3560 951 ὲκ

1994 991 2179 1063 χειρὸς
2207 992 2417 1063 ἐχθρῶν
2463 1008 2478 1021 ο
2510 992 2603 1045 καὶ
2643 989 2902 1060 ἀνύψωσα
2935 990 3041 1043 ἀπὸ
3072 993 3169 1061 τῆς
3190 990 3293 1059 γῆς
3327 989 3424 1061 τὴν
3456 972 3595 1042 ἷκε-.

1998 1081 2137 1145 σίαν,
2175 1082 2270 1135 καὶ
2306 1081 2445 1150 ὑπὲρ
2467 1080 2694 1134 θανάτου
2729 1079 2936 1150 ῥύσεως
2983 1078 3227 1149 ἐδεήθην.
3270 1078 3567 1133 Ἐπεκαλε-

1998 1175 2181 1245 σάμην
2228 1190 2307 1239 σε,
2347 1172 2553 1243 Κύριε,
2607 1173 2678 1243 μή
2720 1189 2787 1243 με
2843 1172 3243 1244 ὲγκαταλείπῃς
3277 1174 3335 1226 ὲν
3385 1173 3571 1245 ἡμέρα

2000 1266 2250 1335 θλίψεως.
2297 1285 2315 1320 ι
2341 1266 2449 1319 Καὶ
2475 1268 2532 1319 ὲν
2561 1266 2729 1335 ἑτέρῳ
2762 1264 2910 1335 τόπῳ
2937 1266 2965 1318 ὁ
2994 1265 3156 1327 αὐτὸς
3205 1264 3375 1336 Σιράχ
3427 1283 3573 1335 παρι-

2000 1356 2185 1423 αινῶν,
2208 1355 2372 1426 φησίν
2391 1374 2405 1388 ο
2438 1374 2457 1408 ι
2518 1354 2854 1424 Ἐμϐλὲψατε
2889 1355 2967 1418 εἰς
2984 1355 3216 1424 ἀρχαίας
3238 1356 3449 1423 γενεάς,
3474 1356 3571 1407 καὶ

2002 1448 2160 1513 ῐδετε,
2190 1448 2273 1511 τίς
2320 1447 2663 1501 ὲνεπίστευσε
2708 1445 2918 1516 Κυρίῳ,
2983 1446 3077 1499 καὶ
3123 1445 3459 1515 κατεσχύνθη
3490 1463 3504 1510 ;
3537 1446 3573 1516 ἦ

1998 1541 2084 1603 τίς
2112 1540 2351 1610 ἐνέμεινε
2378 1538 2454 1610 τῷ
2483 1538 2630 1608 φόϐῳ
2655 1536 2840 1602 αὑτοῦ,
2867 1536 2961 1589 καὶ
2982 1536 3361 1608 ἐγκατελήφθη
3385 1554 3399 1601 ;
3432 1538 3465 1608 ἢ
3487 1537 3576 1600 τίς

2002 1630 2368 1685 ἐπεκαλέσατο
2392 1630 2573 1695 αὐτὸν,
2593 1629 2685 1682 καὶ
2712 1626 3042 1697 ὑπερωράθη
3068 1644 3083 1693 ;
3132 1628 3444 1699 Οίκτίρμων
3464 1628 3578 1697 γὰρ

326 1728 625 1807 permansit
655 1732 711 1787 in
742 1730 938 1786 timore
958 1729 1100 1799 ejus,
1128 1738 1181 1783 et
1202 1726 1495 1782 derelictus
1515 1724 1636 1779 est?
1664 1730 1756 1776 aut
1776 1721 1899 1792 quis

2018 1725 2099 1777 καὶ
2127 1723 2371 1794 ἐλεήμων
2413 1722 2560 1776 ἐστὶν
2591 1723 2618 1776 δ
2639 1719 2863 1792 Κύριος,
2888 1719 2986 1773 καὶ
3010 1719 3237 1791 ἀφίησιν
3276 1721 3574 1794 ἁμαρτίας,

329 1798 656 1893 deprecatus
702 1827 787 1877 est
820 1835 971 1881 eum,
992 1798 1069 1874 et
1094 1819 1376 1888 neglectus
1423 1816 1550 1871 est?
1585 1813 1901 1870 Misericors

2018 1816 2099 1869 καὶ
2123 1813 2285 1880 σώζει
2306 1816 2365 1869 ὲν
2385 1813 2565 1887 καιρῷ
2604 1813 2854 1883 θλίψεως.
2889 1830 2910 1866 ι

327 1912 499 1977 enim,
532 1918 587 1965 et
614 1910 905 1965 miserator
937 1918 1021 1963 est
1070 1906 1355 1971 Dominus,
1407 1914 1461 1960 et
1504 1904 1733 1959 dimittit
1774 1917 1903 1973 pec-

329 2013 491 2071 cata;
521 2011 577 2056 et
604 2002 801 2055 liberat
829 2000 883 2054 in
910 2009 1151 2068 tempore
1182 1997 1554 2053 tribulationis
1574 1996 1638 2049 ³⁸.
1668 2014 1685 2047 ι

539 2092 792 2151 CXCVII.
818 2123 890 2133 —
910 2088 1248 2146 SIMPLICIO
1278 2085 1689 2143 EXCEPTORI.

398 2185 679 2241 Christum
728 2181 1109 2239 coronandqu
1145 2194 1268 2235 esse
1311 2180 1483 2250 spinis
1529 2193 1560 2232 a
1593 2177 1906 2233 Judaeorum

334 2278 618 2349 Synagoga
645 2276 757 2346 jam
804 2274 1130 2345 praedixerat
1167 2269 1461 2326 Salomon:
1494 2269 1645 2324 Filiae
1689 2266 1906 2325 Jerusa-

333 2368 462 2432 lem,
497 2365 845 2436 egredimini,
866 2373 919 2419 et
954 2362 1133 2418 videte
1172 2376 1453 2427 coronam,
1488 2375 1597 2431 qua
1625 2360 1908 2415 coronavit

334 2474 459 2514 eum
494 2466 667 2513 mater
715 2458 837 2527 ejus
884 2457 950 2508 ’9.
986 2454 1124 2509 Cum
1184 2454 1367 2522 itaque
1413 2452 1657 2507 omnium
1708 2452 1906 2508 delicta

333 2550 622 2604 sustulerit
668 2548 954 2609 Dominus,
991 2545 1147 2615 spina
1188 2560 1319 2599 vero
1348 2543 1656 2614 symbolum
1698 2544 1907 2613 peccati

337 2642 433 2704 sit;
466 2649 757 2710 propterea
787 2654 852 2693 ex
881 2638 1057 2708 spinis
1080 2636 1130 2691 ei
1164 2635 1414 2690 diadema
1454 2634 1771 2704 impositum
1798 2642 1902 2689 est.

338 2731 597 2801 Sepultus
624 2741 805 2785 autem
854 2738 940 2784 est
979 2729 1035 2782 in
1086 2738 1252 2791 terra,
1295 2728 1363 2781 ad
1406 2725 1657 2781 ferendas
1698 2727 1904 2795 spinas,

337 2834 394 2880 et
422 2823 658 2878 tribulos
688 2820 1071 2885 condemnata,
1116 2828 1175 2872 ut
1220 2816 1524 2872 maledictis
1560 2827 1783 2872 onerata
1820 2818 1911 2871 be-

340 2914 707 2969 nediceretur.
739 2908 970 2976 Quando
1002 2924 1130 2963 vero
1171 2909 1406 2976 primum
1456 2906 1625 2961 creati
1658 2907 1908 2962 homines

2173 2079 2330 2148 ΡιιΖ’.
2378 2109 2446 2120 —-
2486 2078 2877 2149 ΣΥΜΠΛῘΚΙῼ
2934 2075 3394 2131 ΕΚΣΚΕΠΤΩΡΙ.

2077 2173 2198 2226 Ὅτι
2223 2170 2403 2242 μέλλει
2435 2168 2667 2241 Χριστὸς
2703 2170 2810 2222 ὑπὸ
2850 2167 2945 2238 τῆς
2986 2167 3093 2221 τῶν
3142 2166 3410 2221 Ἰουδαίων
3459 2183 3586 2220 συνο

2004 2264 2228 2333 αγωγῆς
2269 2262 2532 2325 ἀκάνθαις
2580 2260 3006 2331 στεφανοῦσθαι,
3056 2260 3354 2331 προείρηκε
3428 2258 3589 2311 Σολοδ

2010 2353 2501 2427 μών’Θυγατέρες
2555 2350 2929 2423 Ἰερουσαλὴμ,
2984 2350 3245 2417 ὲξέλθετε,
3293 2349 3389 2401 καὶ
3440 2348 3588 2403 ἴδετε

2004 2449 2098 2502 τὸν
2131 2448 2411 2516 στέφανον,
2432 2446 2490 2499 ὃν
2512 2445 2885 2511 ἐστεφάνωσεν
2911 2442 3068 2495 αὐτὸν
3094 2444 3127 2513 ή
3169 2443 3351 2513 μήτηρ
3388 2440 3585 2495 αὐτοῦ.

2019 2541 2237 2612 Ἐπειδὴ
2260 2536 2353 2593 οὖν
2392 2538 2609 2591 πάντων
2646 2537 2745 2600 τὰς
2794 2536 3066 2607 ἁμαρτίας
3103 2531 3235 2605 ἦρεν
3280 2536 3308 2587 ὁ
3354 2533 3587 2604 Κύριος,

2008 2632 2275 2704 σύμϐολον
2311 2631 2369 2684 δὲ
2398 2630 2667 2701 ἁμαρτίας
2704 2631 2739 2699 ἠ
2775 2627 3004 2691 ἄκανθα,
3025 2626 3115 2680 διὰ
3170 2626 3325 2679 τοῦτο
3350 2623 3589 2678 ἀκάνθι-

2007 2744 2097 2781 νον
2129 2723 2413 2794 περιεδέθη
2453 2722 2733 2791 στέφανον.
2765 2720 3040 2773 Τέθαπται
3085 2718 3142 2771 δὲ
3192 2717 3272 2781 εἰς
3321 2716 3422 2786 τὴν
3460 2715 3591 2785 γῆν

2007 2817 2105 2887 τὴν
2135 2812 2624 2870 καταδικασθεῖσαν
2651 2810 2903 2880 ἐκφέρειν
2962 2808 3202 2868 ἀκάνθας
3257 2806 3352 2859 καὶ
3397 2805 3593 2876 τριϐό-

2006 2904 2151 2967 λους,
2184 2904 2249 2958 ἵν’
2281 2901 2545 2971 εὺλογηθῇ
2571 2902 2604 2969 ἡ
2631 2899 3069 2969 κεκατηραμένη.
3099 2895 3313 2965 Ἐπειδὴ
3335 2895 3392 2948 δὲ
3408 2893 3597 2962 φύλλα.

340 3010 464 3071 post
517 3007 797 3070 peccatum
836 2999 972 3052 licus
1015 2996 1145 3051 folia
1181 2996 1481 3050 induerunt
1514 2996 1580 3061 ⁸ο,
1622 3005 1909 3066 propterea

2018 2990 2182 3060 συκῆς
2209 2992 2256 3042 οἱ
2292 2987 2700 3060 πρωτόπλαστοι
2740 2984 3091 3058 ἁμαρτῶντες
3147 2983 3593 3057 περιεϐάλλοντο,

340 3094 489 3147 circa
518 3091 828 3162 passionem
861 3088 996 3143 dicit
1035 3088 1101 3142 ad
1134 3087 1294 3142 ticum
1322 3106 1334 3141 :
1377 3106 1396 3139 ‹
1444 3085 1565 3142 Νοιι
1592 3088 1732 3141 ultra
1761 3103 1826 3141 ex
1857 3098 1911 3140 te

2018 3084 2100 3139 διὰ
2121 3081 2280 3135 τοῦτο
2331 3081 2457 3153 περὶ
2509 3080 2570 3134 τὸ
2628 3080 2798 3142 πάθος
2846 3078 2991 3147 λέγει
3037 3078 3171 3148 πρὸς
3212 3079 3313 3148 τήν
3376 3077 3551 3147 συκῆν
3574 3093 3592 3107 ’

344 3141 489 3147 ---η
1080 3141 1083 3142 ν
1216 3141 1221 3142 ,
1504 3141 1511 3142 ,

340 3182 556 3238 fructus
585 3182 873 3252 proveniat
902 3181 971 3247 “;
1003 3200 1022 3233 ι
1052 3180 1210 3250 quasi
1235 3179 1441 3235 diceret
1470 3199 1482 3234 :
1523 3178 1643 3236 Non
1679 3180 1821 3234 ultra
1850 3180 1906 3234 in

2020 3196 2038 3229 ι
2074 3178 2286 3247 Μηκέτι
2309 3176 2374 3228 ὲκ
2400 3141 2494 3226 σοῦ
2526 3175 2735 3244 καρπὸς
2763 3141 2987 3242 γένηται
3018 3187 3033 3204 υ
3064 3141 3096 3223 ι’
3129 3141 3371 3229 ἀντὶ..τοῦ
3398 3184 3415 3201 ο
3458 3141 3595 3237 Μη-

343 3273 599 3346 paradiso
638 3272 731 3327 ﬁat
750 3270 1153 3343 praevaricatio.

606 3385 874 3443 CXCVIII.
902 3383 1302 3441 -—NUMENIO
1329 3382 1634 3443 PRIMATI.

414 3501 631 3553 Annum
690 3498 920 3555 insidias
963 3497 1167 3556 diaboli
1220 3496 1483 3567 percipis,
1544 3510 1680 3565 quas
1732 3503 1914 3551 tamen

348 3602 459 3640 non
506 3584 909 3655 persentiscere
943 3582 1202 3637 conaris?
1246 3582 1367 3652 Ipse
1421 3597 1654 3653 namque
1684 3582 1793 3638 tuis
1822 3597 1918 3637 co-

347 3677 704 3749 gitationibus
747 3665 1013 3746 suggerit,
1052 3675 1264 3729 nullum
1305 3674 1465 3745 223
1504 3690 1571 3729 ex
1604 3674 1918 3729 evolutione

350 3771 613 3822 librorum
656 3767 893 3821 fructum
957 3765 1166 3825 haberi,
1218 3773 1277 3818 ut
1319 3763 1521 3833 ingenti
1568 3763 1917 3835 negligentia,

351 3868 408 3913 et
438 3858 749 3913 divinorum
790 3864 1192 3927 praeceptorum
1234 3855 1529 3918 oblivione,
1563 3855 1663 3909 tibi
1699 3854 1920 3909 effodiat

354 3954 556 4005 mentis
623 3950 864 4015 oculum,
931 3962 1260 4018 omnemque
1317 3947 1703 4017 cogitatieueln
1768 3945 1921 4000 indu-

356 4040 565 4103 striam,
620 4054 687 4093 ex
743 4053 851 4108 qua
896 4037 1125 4092 omnino
1186 4038 1441 4106 qualibet
1498 4038 1644 4093 actio
1698 4038 1923 4093 dextera

356 4142 601 4201 tempore
630 4131 919 4185 commodo
976 4136 1257 4193 nascetur,
1317 4130 1469 4183 tollat
1516 4144 1548 4183 e
1591 4129 1791 4184 medio.
1824 4128 1925 4184 Hic

359 4230 542 4277 autem
570 4230 656 4277 est
686 4235 918 4290 serpens
950 4220 1357 4276 intellectualis.
1388 4218 1533 4275 Naas
1576 4223 1779 4291 quippe
1811 4234 1927 4277 ser-

360 4321 580 4383 pentem
617 4310 912 4384 signiﬁcat,
969 4312 1063 4382 qui
1096 4310 1358 4367 Israclitis
1404 4312 1699 4383 aliquando
1752 4312 1928 4366 mina-

363 4416 453 4460 tus
479 4415 581 4467 est,
620 4420 681 4460 se
712 4404 965 4459 dextrum
1007 4419 1199 4458 eorum
1241 4405 1483 4459 omnium
1514 4405 1733 4459 oculum
1768 4403 1930 4460 eﬁ‘os-

2011 3275 2127 3326 κέτι
2147 3273 2205 3324 ὲν
2229 3268 2537 3341 παραδείσῳ
2562 3263 2800 3333 γενέσθω
2824 3262 3151 3334 παράϐασις.

2221 3360 2391 3426 ΡιιΗι.
2424 3387 2492 3415 τ·-
2520 3354 2891 3424 ΝΟΥΜΗΝΙῼ
2916 3351 3374 3419 ΠΡΩΤΕΥΟΝΤΙ.

2086 3473 2378 3536 Λανθάνεις
2412 3472 2604 3525 σαυτὸν
2627 3468 3035 3541 ἐνεδρευόμενος
3066 3463 3171 3517 ὑπὸ
3193 3460 3289 3515 τοῦ
3310 3459 3593 3515 διαϐόλου.

2016 3565 2186 3627 Αὐτὸς
2220 3564 2330 3633 γάρ
2361 3580 2443 3615 σοι
2477 3561 2790 3615 ὑποτίθεται
2821 3557 2909 3610 διὰ
2935 3554 3042 3608 τῶν
3075 3550 3365 3621 ὲνθυμιῶν,
3422 3548 3599 3620 μηδὲν

2018 3658 2248 3726 πάμπαν
2292 3652 2611 3722 ὡφελεῖσθαι
2670 3652 2733 3704 ἐκ
2795 3648 2894 3715 τῆς
2925 3643 3301 3712 ἀναγνώσεως,
3346 3642 3493 3703 ὅπως
3519 3642 3597 3711 τῇ

2019 3749 2185 3818 πολλῇ
2229 3746 2476 3816 ἀμελείᾳ,
2499 3744 2594 3797 καὶ
2626 3744 2691 3811 τῇ
2730 3739 2867 3810 λήθῃ
2890 3736 2998 3790 τῶν
3024 3736 3183 3789 θείων
3227 3730 3595 3803 προσταγμά-

2020 3858 2145 3902 των,
2182 3835 2406 3908 ἐξορύξῃ
2426 3853 2539 3899 σου,
2576 3835 2669 3886 καὶ
2694 3829 2970 3902 ἀμαλδύνῃ
3018 3828 3126 3881 πᾶν
3165 3823 3335 3889 δεξιὸν
3390 3822 3599 3892 νόημα,

2021 3932 2081 3997 ἐξ
2108 3927 2278 4000 οὗπερ
2308 3931 2524 3988 πάντως
2562 3925 2759 3996 πρᾶξις
2785 3921 2931 3987 δεξιά
2972 3917 3149 3988 καιρῷ
3183 3915 3367 3985 οἰκείῳ
3398 3913 3601 3983 τεχθή-

2025 4041 2195 4078 σεται.
2229 4016 2395 4083 Οὗτος
2419 4018 2464 4072 δ’
2486 4017 2718 4087 ὑπάρχει
2745 4016 2774 4066 ὁ
2800 4012 2921 4080 ὄφις
2960 4012 2989 4063 ὁ
3029 4008 3240 4083 νοητὸς.
3280 4004 3435 4067 Ναάς
3480 4002 3601 4074 γάρ

2024 4114 2383 4190 ἑρμηνεύεται
2436 4110 2601 4178 ὄφις,
2679 4107 2827 4167 ὅστις
2882 4103 2993 4164 τοῖς
3041 4096 3401 4190 Ἰσραηλίταις
3463 4094 3605 4190 ποτε

2025 4185 2379 4281 ἐπηπείλησε,
2414 4201 2591 4257 πάντα
2619 4196 2787 4264 δεξιὸν
2810 4192 2989 4250 αὐτῶν
3020 4189 3300 4281 ὀφθαλμὸν
3321 4185 3602 4281 ὲξοὲὖξαι,

2026 4276 2289 4359 τουτέστι,
2316 4296 2491 4349 πάντα
2527 4287 2786 4358 λογισμὸν
2824 4283 3028 4353 ἀγαθὸν
3074 4279 3354 4350 ἀφανίσαι.
3419 4276 3609 4331 Πολλὰ

361 4512 551 4552 surum
585 4496 652 4561 “,
700 4496 804 4551 hoc
861 4504 967 4561 est,
1024 4496 1413 4565 cogitationem
1468 4511 1685 4551 omnem
1732 4496 1911 4551 bonan

2033 4455 2164 4552 φῶν-
2179 4477 2519 4547 εὑρίσκουσιν
2547 4472 2840 4541 ἄνθρωποι.
2872 4466 2938 4519 Εἰ
2958 4458 3051 4518 οὖν
3074 4462 3247 4525 θέλεις
3284 4459 3375 4565 τον
3411 4455 3613 4565 ὀφθαλ-

360 4588 699 4642 evulsurum.
752 4585 918 4639 Multa
963 4600 1126 4654 porro
1158 4586 1445 4640 commoda
1480 4601 1543 4639 ex
1586 4586 1817 4641 lectione
1844 4586 1930 4641 di-

361 4681 567 4735 vinitus
637 4680 1026 4750 inspiratarum
1070 4676 1400 4733 Litterarum
1447 4676 1763 4732 hominibus
1797 4693 1929 4747 pro-

360 4771 609 4825 veniunt.
645 4768 705 4823 Si
747 4768 931 4838 itaque
964 4767 1060 4821 tibi
1097 4768 1153 4821 in
1189 4768 1371 4820 animo
1401 4774 1505 4827 est,
1556 4766 1750 4819 animae
1792 4780 1926 4819 ocu-

365 4860 474 4910 lum
506 4872 859 4921 conservare,
897 4856 1156 4924 illiuSque
1191 4854 1365 4908 aciem
1404 4869 1623 4920 acuere,
1659 4863 1713 4908 et
1736 4855 1802 4908 ad
1827 4869 1930 4923 op-

363 4948 495 5001 tima
550 4962 779 5017 quaeque
837 4946 986 5007 duci,
1040 4954 1095 4998 et
1148 4944 1436 4998 victoriam
1489 4944 1556 4997 de
1607 4944 1931 4998 consiliario

2034 4550 2135 4643 μὸν
2164 4574 2262 4641 τῆς
2298 4568 2474 4639 ψυχῆς
2498 4565 2782 4636 φυλάττειν
2808 4578 2869 4614 τε
2902 4558 2997 4613 καὶ¹
3025 4555 3245 4624 νικῆσαι
3298 4551 3390 4604 τὸν
3444 4550 3612 4643 κάκι-

2036 4640 2158 4720 στον
2188 4640 2513 4733 σῦμϐουλον,
2545 4658 2639 4711 καὶ
2663 4650 2986 4708 ἀποτελέσαι
3021 4644 3311 4717 ὁξυδερκῆ,
3380 4640 3476 4733 καλ
3510 4640 3613 4733 Ϋὲπὶ

2034 4758 2104 4813 τὰ
2128 4732 2389 4811 κάλλιστα
2426 4746 2764 4819 πώηγῆσθαι
2788 4744 3109 4815 πράγματα,
3136 4737 3227 4791 τὸν
3257 4735 3411 4797 Ναὰς
3460 4732 3613 4800 λέγω

2034 4856 2125 4909 τὸν
2154 4857 2213 4908 ὲν
2244 4853 2326 4904 σοὶ
2357 4846 2716 4919 Ἀμμανίτην,
2744 4842 2837 4911 [μὴ
2874 4838 3110 4909 ὀκνήσῃς
3152 4833 3219 4903 τῇ
3258 4830 3389 4900 ἁγίᾳ
3438 4840 3613 4896 προσ⁹

2038 4946 2186 5015 ἐχειν
2208 4938 2530 5007 ἀναγνώσει.

364 5040 605 5109 pessimo
630 5038 793 5101 Naas,
825 5038 919 5107 qui
955 5040 1009 5091 in
1049 5045 1102 5092 te
1131 5045 1235 5100 est,
1266 5037 1576 5089 Auunonita
1608 5045 1927 5107 reportare;
1969 5055 2039 5095 ne
2074 5014 2288 5094 socors
2327 5034 2426 5097 sis,
2455 5042 2633 5099 neque
2693 5022 2877 5094 segnis
2935 5021 2992 5096 in
3034 5014 3271 5073 lectione
3324 5016 3613 5065 sacrarum

368 5131 793 5202 Scripturarutu.

508 5225 739 5282 CXCIX.
774 5256 843 5267 -—
874 5220 1201 5279 PULLIONI
1241 5220 1786 5279 [ΠΑΡΞΕΡΗΙΞΤᾹΞ.

434 5318 574 5372 Cum
601 5317 657 5371 iu
686 5315 1141 5386 cogitationibus,
1169 5327 1290 5382 quae
1316 5320 1509 5366 natura
1528 5328 1628 5367 sua
1663 5314 1935 5383 praeclara:

368 5417 516 5471 sunt,
546 5407 923 5463 immoramur.
956 5404 1270 5473 paradisum
1290 5410 1539 5457 tenemus
1565 5402 1631 5467 ⁵³,
1664 5418 1692 5456 a
1717 5413 1934 5472 pertur-

2251 5217 2411 5285 Ριιθυ.
2441 5244 2511 5253 ——
2545 5202 2921 5263 ΠΟΥΛΛΙΩΝΙ
2953 5191 3396 5261 ΔΙΑΨΗΦΙΣΤῌ.

2112 5316 2279 5369 Ὅταν
2317 5280 2410 5363 επὶ
2431 5306 2541 5361 τῶν
2569 5301 2709 5357 κατὰ
2752 5295 2911 5367 φύσιν
2961 5287 3230 5361 λαμπρῶν
3268 5280 3615 5354 διατρίϐομεν

2041 5404 2337 5476 λογισμῶν,
2385 5402 2443 5453 ὲν
2474 5393 2786 5468 παραδείσῳ
2832 5386 3021 5459 ὲσμὲν,
3069 5377 3270 5476 γυμνῌολ
3326 5372 3536 5476 παθῶν,
3566 5372 3617 5476 οιί

377 5500 694 5556 bationibus
750 5500 1044 5561 immunes,
1079 5497 1335 5566 precibus
1375 5504 1428 5550 et
1459 5498 1655 5552 virtute
1683 5499 1746 5551 ad
1782 5500 1911 5555 cmlc

2044 5462 2490 5569 προσευχόμενοι,
2520 5462 2611 5542 καὶ
2639 5488 2705 5556 τῇ
2736 5482 2904 5553 ἀρετῇ
2928 5469 3415 5569 ἀνακουιφιζόμιενοι
3433 5462 3617 5569 ficii

369 5596 476 5651 stin
505 5593 943 5660 sublevati;cum
966 5606 1098 5646 vero
1128 5591 1196 5644 ad
1230 5593 1429 5644 malum
1458 5591 1933 5659 declinaret-intus,

479 5731 521 5761 ³⁷
560 5728 727 5783 Eccli.
762 5744 835 5791 LI,
868 5728 1009 5780 l-M.

378 5802 421 5833 ’⁵⁸
450 5800 469 5854 ι
502 5799 633 5863 Reg.
669 5814 747 5859 xl,
781 5799 835 5851 *2.

1112 5728 1156 5760 ³⁸
1190 5727 1352 5779 Eceli.
1387 5742 1446 5789 ll,
1484 5731 1662 5785 ll-IS.

910 5797 954 5828 ⁵³
977 5795 1111 5850 Gen.
1155 5810 1215 5857 Il,
1246 5796 1331 5847 15.

1804 5733 1846 5764 ³³
1880 5730 2041 5786 Cant.
2075 5742 2158 5790 ιιι,
2193 5726 2279 5780 Η.

2041 5552 2335 5661 ιτὲουράξιαὶ
2369 5602 2383 5616 ο
2412 5552 2539 5637 ὅταν
2560 5579 2618 5633 δὲ
2812 5572 2872 5625 τὸ
2892 5566 3056 5621 κακὸν
3083 5562 3339 5634 ρέψομεν,
3365 5552 3619 5609 ἐκϐαλλό-

2392 5722 2436 5753 to
2469 5719 2605 5775 Gen.
2680 5728 2737 5767 ιιι
2830 5709 2917 5764 13,
3060 5701 3103 5731 “
3146 5695 3336 5752 Matth.
3362 5708 3489 5758 XXI,
3528 5690 3613 5747 I9.
