3850 6218
273 208 387 271 3θῦ

1463 200 2002 264 ΕΡΙΞΤΟΙΑΒΠΜ
2040 204 2184 264 LIB.
2226 207 2308 266 II.

3409 206 3540 274 3m.

264 315 408 387 μεθα
432 308 529 365 τοῦ
579 308 729 363 θείου
769 305 1121 378 παραδείσου,
1188 305 1283 361 καὶ
1330 308 1459 373 τοὺς
1503 310 1855 381 δερματίνους

1961 333 1984 372 a
2057 289 2245 371 divino
2298 315 2555 387 paradiso
2606 316 2883 387 eiicimur,
2916 323 2975 373 et
3038 318 3279 387 pelliceis
3306 319 3354 354 “
3382 320 3515 377 ισο-

260 402 501 475 χιτῶνας
532 400 641 455 τῶν
683 397 873 453 παθῶν
917 397 1288 467 ἐνδυσάμενοι,
1348 402 1413 470 τῇ
1455 400 1699 471 ἁμαρτίᾳ
1745 419 1847 454 πα.

260 493 555 566 χυνθέντες
604 488 1075 561 καταϐρυνόμεθα.
1130 489 1227 542 Ἂν
1289 489 1347 543 δὲ
1387 490 1548 545 πάλιν
1583 492 1849 562 νήψαντες

259 586 346 639 διὰ
365 583 683 653 φιλοπονίας
694 580 1050 651 λεπτύνωμεν
1073 581 1171 652 τὴν
1184 578 1291 635 τῶν
1310 580 1576 651 ἐμπαθῶν
1599 583 1846 653 χιτώνων

262 676 575 749 παχύτητα,
630 673 912 746 μετάρσιοι
963 672 1228 742 γινόμεθα
1289 674 1721 744 πτεροφυοῦντες
1773 674 1849 738 ὡς

263 768 433 833 ἀετοὶ,
483 768 580 820 καὶ
628 764 993 835 πνευματικοὶ
1042 762 1599 835 προσαγορευόμεθα,
1670 762 1849 828 καθὼς

264 858 609 929 γέγραπται,
646 857 729 910 ὃτι
774 857 802 908 6
834 855 1231 925 γεγεννημένος
1275 854 1341 907 ἐκ
1385 853 1479 907 τοῦ
1518 852 1849 925 πνεύματος,

263 949 486 1019 πνεῦμά
519 950 686 1001 ἐστιν’
717 945 859 1000 ὥστε
884 945 1063 1013 λέγειν
1092 945 1223 1016 ἡμῖν
1256 945 1347 999 τὸν
1385 944 1679 999 ἀπόστολον
1698 944 1848 998 Παῦ-

262 1041 353 1094 λον
378 1056 394 1071 ³
430 1058 451 1094 ι
484 1040 675 1111 Ὑμεῖς
723 1040 781 1093 δὲ
814 1040 914 1093 οὐκ
953 1038 1077 1094 ἐστὲ
1114 1039 1172 1093 ἐν
1216 1037 1403 1108 σαρκὶ,
1434 1037 1550 1092 ἀλλ’
1603 1038 1661 1090 ἐν
1688 1036 1851 1103 πνεύέ

265 1150 421 1203 ματι,
453 1150 473 1183 ι
514 1131 651 1185 διότι
676 1130 959 1185 ἀπέθεσθε
1015 1129 1108 1183 τὸν
1151 1128 1382 1203 παλαιὸν
1420 1128 1726 1199 ἄνθρωπον,
1758 1127 1851 1182 τὸν

262 1202 384 1285 ταῖς
414 1220 693 1284 ποικίλαις
732 1220 1051 1291 ἐπιθυμίαις
1101 1202 1443 1297 διεφθορότα.
1511 1221 1698 1291 Σάρκα
1740 1220 1857 1293 γὰρ,

262 1315 669 1385 περικείμενοι,
706 1314 770 1366 οὐ
796 1314 939 1367 κατὰ
992 1314 1173 1387 σάρκα
1197 1311 1584 1385 στρατεύεσθε,
1614 1311 1728 1366 ἀλλ’
1768 1311 1852 1364 οὐ·

264 1406 617 1476 ρανοϐατεῖτε
634 1408 705 1477 τῇ
732 1406 961 1477 διανοίᾳ.
1009 1425 1028 1459 ι
1079 1406 1265 1478 ’Υμῶν
1316 1405 1423 1478 γὰρ
1457 1406 1518 1459 τὸ
1550 1404 1850 1475 πολίτευμα

264 1503 319 1553 ἐν
342 1501 600 1572 οὐρανοῖς
614 1500 872 1571 ὑπάρχει.
924 1519 942 1550 ι

642 1591 715 1645 Σι.
754 1620 824 1630 -
845 1590 1167 1661 scuram
1197 1588 1491 1643 KOMHTI.

1947 418 2135 463 ctuum
2210 409 2457 465 vestibus
2534 409 2757 475 amicti,
2820 416 3047 478 peccato
3109 420 3514 468 crassescentes

1948 499 2269 567 gloriamur.
2310 497 2365 553 Si
2410 515 2628 554 rursum
2659 499 2841 555 studio
2870 499 3165 570 laboreque
3214 501 3337 555 sani
3386 501 3515 556 lacti

1947 592 2182 647 vestium
2218 592 2727 661 perturbationibus
2770 591 3134 647 obnoxiarum
3186 592 3516 648 crassitudi—

1948 699 2073 738 nem
2110 683 2543 747 tenuaverimus,
2583 684 2764 739 enatis
2803 683 2964 739 nobis
3002 684 3107 740 alis
3150 684 3296 739 velut
3324 684 3518 754 aquila!

1947 775 2004 831 in
2045 790 2170 830 aera
2208 776 2599 841 sublevamur,
2632 790 3128 846 nuncupamurque
3163 776 3517 846 spirituales,

1948 867 2410 939 quemadmodum
2444 868 2711 939 scriptum
2758 875 2844 925 est
2874 883 3024 933 eum,
3074 868 3168 939 qui
3212 883 3280 923 ex
3321 868 3516 937 spiritu

1949 960 2167 1032 genitus
2195 969 2301 1024 est,
2334 960 2588 1031 spiritum
2624 975 2750 1017 esse
2768 960 2815 993 "
2842 976 2859 1012 :
2882 959 3016 1016 adeo
3042 968 3104 1015 ut
3134 958 3339 1015 Paulus
3396 973 3522 1028 apo-

1950 1050 2125 1108 stolus
2153 1051 2330 1106 dicat:
2356 1068 2377 1104 ι
2410 1049 2522 1106 Vos
2541 1056 2724 1106 autem
2751 1065 2861 1106 non
2891 1051 3025 1107 estis
3052 1051 3109 1105 in
3131 1064 3314 1115 carne,
3340 1050 3436 1105 sed
3464 1050 3519 1104 in

1950 1142 2149 1213 spiritu
2177 1144 2243 1209 ⁸⁸,
2304 1162 2323 1195 ι
2378 1141 2636 1212 quoniam
2689 1142 3022 1213 deposuistis
3082 1140 3245 1213 224
3281 1148 3519 1195 veterem

1952 1234 2252 1300 hominem,
2295 1234 2467 1290 variis
2505 1233 2796 1292 desideriis
2845 1244 3165 1303 corruptum
3214 1232 3281 1286 ".
3344 1232 3523 1287 Carne

1948 1324 2095 1381 enim
2120 1325 2471 1389 circumdati,
2494 1340 2604 1379 non
2626 1324 2929 1380 secundum
2948 1336 3169 1377 carnem
3188 1318 3518 1391 utilitatis",

1950 1416 2045 1473 sed
2102 1418 2430 1489 cogitatione
2491 1417 2548 1472 in
2603 1417 2805 1472 cmlum
2856 1413 3199 1473 ascenditis:
3261 1431 3279 1464 ι
3325 1410 3518 1468 Vestra

1950 1520 2187 1578 namque
2212 1507 2563 1563 conversatio
2600 1508 2655 1561 in
2692 1506 2848 1562 oculis
2877 1514 2963 1561 est
2988 1506 3056 1560 δ’.
3097 1523 3116 1557 ι

2330 1597 2437 1654 CC.
2463 1629 2532 1639 —
2555 1596 2847 1653 SOCRATI
2873 1595 3129 1654 COMITI.

332 1681 617 1753 Εὑμαρῶς
661 1680 783 1737 λίαν
838 1682 947 1735 τῶν
1003 1682 1273 1736 θανόντων
1311 1680 1614 1751 ἀνθρώπων
1642 1681 1709 1734 τὰ
1743 1681 1850 1733 σώ-

2017 1686 2307 1742 Facillimo
2344 1690 2565 1760 negotio
2612 1689 3030 1744 demortuorum
3078 1684 3363 1740 hominum
3396 1697 3523 1738 cor-

267 1792 417 1845 ματα
460 1776 491 1827 ὁ
521 1774 716 1844 Σωτὴρ
743 1773 979 1844 Χριστὸς
1019 1773 1315 1843 ἀναστήσει
1350 1770 1541 1826 θᾶττον
1575 1771 1845 1842 πταρμοῦ.

266 1866 425 1918 Ποῖον
458 1864 593 1936 γὰρ,
632 1864 752 1917 είπέ
788 1882 899 1935 μοι,
943 1864 1126 1933 μεῖζον
1152 1866 1210 1917 ἐν
1246 1862 1529 1934 συγκρίσει
1566 1861 1849 1931 καμάτων,

266 1958 565 2029 ἀνδριάντα
590 1956 790 2011 πλάσαι
820 1957 910 2010 τὸν
944 1955 1136 2030 πρώην
1192 1956 1267 2027 μὴ
1309 1953 1617 2023 ὑφεστῶτα,
1671 1952 1703 2024 ἢ
1760 1950 1851 2005 τὸν

267 2050 599 2103 διαπεσόντα
628 2048 1085 2120 ἀναχονεῦσαιείς
1119 2046 1182 2101 τὸ
1233 2047 1406 2112 αῦτό;
1447 2046 1507 2097 'U
1549 2045 1733 2098 τοίνυν
1786 2044 1852 2097 ἐκ

268 2141 361 2199 τοῦ
391 2140 467 2212 μὴ
497 2142 651 2206 ὄντος
679 2140 915 2211 ποιήσας
934 2141 1085 2210 ἡμᾶς
1103 2138 1259 2203 Θεὸς,
1299 2138 1460 2208 δῆλον
1488 2137 1570 2190 ὅτι
1608 2135 1705 2190 καὶ
1748 2152 1849 2189 πε-

269 2233 563 2297 πτωκότας
591 2234 742 2305 ἡμᾶς
769 2232 1134 2303 ἐξαναστῆσαι
1152 2230 1460 2301 δυνήσεται.

554 2506 678 2559 ΣΑν.
712 2532 785 2543 -
811 2503 1123 2573 sommo
1161 2500 1570 2571 ΝΑΥΚΛΗΡῼ.

343 2596 635 2668 Μέμνησο,
677 2596 760 2649 ὅτι
784 2597 818 2667 ή
856 2596 1000 2667 χήρα
1042 2596 1077 2667 ἡ
1113 2595 1170 2649 ἐν
1201 2596 1314 2658 τοῖς
1351 2590 1705 2663 Εὑαγγελίοις
1751 2607 1849 2659 γε·

272 2687 613 2760 γραμμένη,
671 2687 765 2740 ἐπίΙ
816 2686 977 2742 ἱκανὰ
1018 2685 1112 2757 ἐτη
1170 2684 1496 2755 ἐνετύγχανε
1551 2681 1630 2754 τῷ
1679 2681 1851 2751 ἀδίκῳ

273 2785 438 2854 κριτῇ
490 2780 686 2851 ἐκείνῳ
724 2780 993 2849 λέγουσα·
1041 2798 1061 2832 ι
1103 2778 1424 2847 Ἐκδίκησόν
1486 2794 1553 2844 με
1597 2775 1706 2830 ἀπὸ
1754 2774 1848 2827 τοῦ

272 2873 552 2928 ἀντιδίκου
606 2889 728 2942 μου.
777 2871 950 2935 Αὐτὸς
1000 2870 1059 2925 δὲ
1110 2872 1212 2925 οὐκ
1260 2871 1451 2942 ἤθελεν
1502 2869 1595 2925 ἐπὶ
1632 2869 1848 2941 χρόνον,

1951 1760 2084 1850 pora
2125 1780 2381 1836 Salvator
2419 1780 2677 1837 Christus
2731 1785 3175 1837 sternutamento
3213 1776 3381 1830 citius
3431 1790 3521 1829 re-

1952 1886 2179 1943 surgere
2213 1870 2401 1927 Iaciet.
2428 1871 2570 1938 Quid
2599 1873 2770 1936 enim,
2799 1871 2910 1936 dic,
2948 1869 3133 1930 sodes,
3168 1867 3222 1921 in
3264 1867 3514 1920 laborum

1952 1963 2368 2032 comparatione
2415 1964 2599 2032 majus
2636 1963 2765 2019 est?
2818 1961 3166 2025 Statuamne,
3202 1972 3324 2027 quae
3362 1964 3521 2010 antea

1952 2054 2100 2108 nulla
2131 2062 2273 2119 erat,
2308 2052 2590 2125 efﬁngere,
2623 2069 2695 2108 an
2732 2067 2866 2109 casu
2914 2052 3172 2123 quopiam
3204 2049 3511 2117 disruptam

1951 2146 2009 2201 in
2035 2146 2283 2202 eamdem
2316 2144 2546 2201 formam
2572 2145 2842 2201 reﬁcere?
2869 2143 2974 2211 Qui
3006 2144 3177 2216 igitur
3206 2158 3308 2197 nos
3336 2158 3401 2197 ex
3433 2157 3519 2201 eo.

1950 2237 2094 2310 quod
2125 2252 2237 2293 non
2274 2245 2415 2303 erat,
2449 2238 2593 2294 Deus
2620 2237 2858 2304 creavit,
2895 2238 3013 2309 ipse
3046 2252 3180 2299 nos.
3215 2244 3515 2307 postquam

1950 2330 2333 2392 ceciderimus.
2361 2339 2423 2386 ut
2450 2330 2821 2388 clarissimum
2849 2338 2956 2398 est,
3005 2345 3037 2386 a
3092 2330 3281 2385 limine
3325 2327 3522 2382 mortis

1950 2425 2244 2480 restituere
2273 2423 2496 2494 poterit.

2250 2514 2383 2571 CCI.
2409 2547 2480 2557 —
2504 2513 2786 2573 BUSIRIO
2814 2512 3211 2570 NAUCLERO.

2020 2604 2355 2672 Recordare,
2385 2605 2629 2669 viduam,
2679 2621 2801 2676 quae
2860 2606 2915 2660 in
2968 2604 3285 2676 Evangeliis
3338 2602 3525 2673 expri-

1950 2698 2138 2764 mitur,
2192 2712 2290 2767 per
2338 2696 2541 2752 multos
2601 2712 2777 2753 annos
2827 2696 3157 2760 instantem,
3261 2690 3523 2761 iniustum

1951 2788 2104 2844 illum
2156 2788 2398 2857 iudicem
2471 2789 2796 2853 convenisse
2860 2787 3096 2843 dicendo
3153 2803 3167 2837 :
3226 2804 3245 2838 ι
3297 2785 3526 2840 Vindica

1950 2896 2038 2937 me
2066 2879 2135 2936 de
2158 2879 2475 2937 adversario
2523 2896 2665 2936 meo.
2697 2882 2769 2936 At
2802 2880 2895 2935 ille
2926 2879 3148 2935 nolebat
3174 2877 3241 2932 ad
3282 2884 3525 2946 tempus,

273 2964 396 3018 ἀλλ’
430 2963 805 3035 ὑπερετίθετο.
841 2982 863 3017 ι
916 2962 1211 3029 Ἀντίδικος
1261 2961 1329 3017 ἂν
1377 2963 1463 3034 εἴη
1511 2962 1572 3016 οὐ
1620 2962 1778 3033 μόνον
1821 2962 1851 3015 6

1961 2971 2050 3028 sed
2113 2971 2402 3029 differebat
2456 2972 2726 3043 judicium
2777 2974 2846 3029 '°.
2881 2990 2900 3023 ι
2952 2970 3313 3027 Adversarius
3367 2984 3530 3039 porro

273 3056 521 3128 δαίμων,
554 3056 692 3111 ἀλλὰ
728 3056 823 3110 καὶ
860 3054 923 3109 τὸ
955 3055 1211 3126 φρόνημα
1244 3053 1307 3107 τὸ
1342 3054 1626 3125 σαρκικόν.
1654 3052 1852 3105 ’Υστε-

1961 3061 2121 3117 I‘uerit
2147 3078 2259 3121 non
2289 3040 2501 3118 tantum
2528 3063 2763 3129 daemon,
2788 3062 2888 3119 sed
2919 3062 3085 3146 etiam
3110 3059 3369 3130 cogitatio
3402 3074 3527 3114 car-

278 3167 375 3220 ρον
404 3151 464 3204 δέ
512 3148 824 3212 ἐκϐιασθεὶς
861 3149 928 3202 ἐκ
971 3146 1073 3216 τῆς
1117 3146 1452 3217 ἐνοχλήσεως
1493 3147 1521 3199 6
1564 3143 1848 3214 δικαστὴς,

277 3242 564 3311 ἐξεδίκησε
588 3241 687 3311 τὴν
709 3241 905 3310 χήραν.
945 3239 990 3293 Τ
992 3238 1058 3310 ὴν
1093 3237 1275 3292 τοίνυν
1305 3235 1619 3307 παραϐολὴν
1651 3234 1855 3304 ταύτην

278 3335 423 3406 πρὸς
462 3334 611 3404 ἡμᾶς
644 3333 674 3385 6
704 3332 910 3403 Κύριος
947 3329 1191 3402 εἴρηκεν,
1227 3330 1437 3400 νευρῶν
1459 3329 1628 3399 ἡμᾶς,
1666 3327 1752 3382 ἵνα
1782 3327 1856 3396 μὴ

277 3425 771 3495 ἁιιιογινώσιιωμεν⁸
784 3422 1049 3493 δεόμενοι,
1078 3422 1173 3475 καὶ
1216 3419 1513 3484 αἰτοῦντες.
1545 3419 1715 3484 Αὐτὸς
1750 3421 1857 3489 γὰρ

277 3520 310 3571 ὁ
344 3516 729 3587 φιλάνθρωπος
774 3514 1303 3585 Κύριοςέπίσταται
1348 3512 1440 3565 τὸν
1492 3512 1719 3584 καιρὸν,
1769 3513 1857 3566 ὅτε

282 3610 540 3682 βούλεται
575 3609 902 3676 ἐπακοῦσαι,
936 3609 1051 3671 καὶ,
1082 3607 1266 3662 δοῦναι
1309 3606 1387 3678 τῷ
1414 3607 1655 3661 αἰτοῦντι
1680 3607 1742 3661 τὸ
1778 3607 1860 3661 αί-

278 3720 460 3772 τημα.
507 3702 616 3755 Καὶ
664 3702 785 3755 τότε
822 3704 951 3767 ὅταν
992 3700 1247 3771 θελήσει,
1284 3701 1519 3771 τάχιστα
1576 3703 1719 3753 ποιεῖ
1760 3701 1859 3771 τὴν

279 3795 573 3864 ἐκδίκησιν
601 3793 708 3849 τῶν
746 3794 1258 3863 καταπονουμένων,
1294 3796 1387 3846 καὶ
1423 3792 1856 3861 όνειδιζομένων,

280 3884 473 3951 καθὼς
510 3884 852 3955 γέγραπται·
894 3903 912 3936 ι
968 3884 1057 3938 Ἐν
1092 3883 1171 3954 τῷ
1203 3882 1458 3952 λέγεσθαί
1491 3900 1581 3955 μοι
1622 3882 1859 3945 καθεκά-

285 3989 423 4043 στην
458 3969 703 4041 ἡμέραν·
748 3968 859 4041 Ποῦ
897 3971 1049 4041 ἐστιν
1076 3970 1105 4024 6
1140 3970 1273 4039 Θεός
1310 3986 1446 4039 dou;
1484 3989 1504 4023 ι
1541 3968 1711 4024 Τοῦτο
1750 3970 1860 4040 γὰρ

285 4065 384 4117 καὶ
415 4063 497 4132 τῷ
526 4060 881 4133 παραλυτικῷ
921 4061 999 4133 τῷ
1048 4063 1105 4116 ἐν
1130 4064 1198 4134 τῇ
1246 4060 1553 4133 προϐατικῇ
1598 4077 1858 4133 κατακει-

290 4156 479 4227 μένῳ,
529 4154 871 4223 καθέκαστον
912 4154 1033 4219 ετος
1076 4154 1518 4224 άποτυγχάνοντι⁴
1545 4152 1647 4224 τῆς
1688 4170 1859 4224 προσ-

286 4249 477 4314 δοκίας
514 4248 624 4303 ὑπὸ
650 4248 922 4321 δαιμόνων
948 4247 1272 4317 ὠνειδίζετο,
1308 4247 1399 4301 καὶ
1431 4245 1665 4315 ἐλέγετο.

562 4339 680 4392 EB’.
709 4370 776 4380 —
801 4338 1133 4409 ΘΕΟΔΟΣΙῼ
1164 4335 1599 4409 ΑΝΑΓΝῼΣΤῌ.

339 4497 343 4501 ,
370 4431 585 4501 Ὥσπερ
612 4432 673 4484 τὸ
701 4430 803 4502 ἤδη
836 4429 1100 4501 ξηρανθὲν
1130 4427 1190 4493 ἐξ
1220 4428 1479 4499 ἀνυδρίας
1507 4426 1682 4495 ξύλον,
1709 4426 1861 4481 ὕδατι

290 4523 633 4593 κοινωνῆσαν
665 4522 1040 4589 ἐκϐλαστάνει,
1068 4519 1211 4574 οὕτω
1252 4519 1350 4574 καὶ
1380 4518 1527 4591 ψυχὴ
1557 4519 1647 4574 διὰ
1683 4520 1864 4591 ἁμαρ-

291 4616 427 4678 τίας
449 4614 833 4685 νενεκρωμένη
854 4654 870 4681 ,
905 4614 952 4667 εἰ
984 4612 1287 4684 μετανοήσῃ
1308 4652 1324 4678 ,
1370 4611 1467 4666 καὶ
1512 4608 1865 4683 ἐξιλεώσηται

293 4706 387 4758 τὸν
419 4706 624 4757 οίκεῖον
661 4706 938 4774 Δεσπότην
958 4747 972 4772 ,
1003 4703 1333 4759 ὲκπλύνεται
1358 4702 1467 4757 τῶν
1515 4702 1738 4774 ῥύπων,
1770 4701 1866 4756 καὶ

293 4796 523 4867 χάριτος
556 4797 930 4867 πνευματικῆς
965 4795 1378 4868 μεταλαϐοῦσα,
1428 4796 1524 4849 καὶ
1554 4795 1867 4865 ποτισθεῖσα

296 4888 390 4947 τὸν
416 4887 543 4941 νοῦν
572 4890 691 4951 ταῖς
713 4887 992 4952 πλουσίαις
1016 4886 1264 4957 σταγόσι,
1293 4887 1541 4959 καρποὺς
1571 4886 1868 4959 προϐάλλει

301 4982 485 5052 πάσης
512 4978 903 5050 δικαιοσύνηςη

597 5071 717 5124 ΣΓν.
744 5100 815 5110 -
846 5069 1097 5141 ΖΩΣῙΜῼ
1133 5067 1565 5141 ΚΑΛΔΙΓΑΡΙῼ.

381 5162 482 5217 Ἐκ
511 5162 896 5227 ταπεινώσεως
926 5162 1094 5233 μόνης
1126 5162 1392 5217 σέσωσται
1416 5166 1444 5218 6
1477 5161 1713 5233 τελώνης
1734 5178 1748 5193 ο
1779 5160 1873 5214 καί

302 5272 468 5325 φησιν
499 5257 530 5309 6
554 5255 782 5326 Κύριος,
803 5256 885 5309 ὅτι
930 5276 949 5309 ι
972 5258 1085 5321 Πᾶς
1118 5258 1147 5309 6
1171 5256 1445 5311 ταπεινῶν
1474 5256 1688 5323 ἑαυτὸν,
1722 5255 1870 5316 ὑψω-

302 5347 553 5417 θήσεται.
592 5366 613 5399 ι
655 5347 992 5420 Διόπερδκαὶ
1034 5348 1063 5401 ὁ
1108 5346 1259 5417 ἅγιος
1288 5346 1451 5403 Δαυῖδ
1487 5349 1607 5402 ἀντὶ
1642 5366 1871 5420 συνηγο-

305 5442 433 5510 pia;
457 5440 648 5514 τίθησι
673 5441 839 5512 τοῦτο,
867 5442 1042 5512 λέγων
1068 5459 1082 5474 ·
1117 5461 1136 5494 ι
1173 5441 1417 5514 Πρόσχες
1446 5443 1582 5515 πρὸς
1610 5443 1709 5514 τὴν
1749 5442 1871 5514 δέη-

376 5578 425 5611 δδ
448 5576 585 5633 Gen.
620 5590 703 5642 ιιι,
739 5577 828 5633 2L
906 5576 952 5609 “
976 5576 1131 5633 Joan.
1160 5594 1243 5646 ιιι,
1267 5580 1320 5635 6.
1397 5580 1442 5611 “
1467 5579 1623 5634 Rom.
1650 5596 1769 5640 νιιι,
1790 5577 1844 5633 9.

1961 5580 1962 5585 “
1990 5576 2203 5632 Col‘oss.
2236 5591 2316 5641 ιιι,
2341 5575 2394 5629 9.
2472 5573 2527 5646 ξδ’
2551 5572 2592 5626 11
2620 5572 2756 5646 Cor.
2784 5588 2840 5641 ιι,
2871 5574 2924 5629 ’5.

1957 3154 2069 3211 nis.
2096 3156 2461 3213 Postmodum
2502 3156 2672 3226 iudex
2710 3155 3125 3226 importunitate
3168 3152 3345 3208 viduae
3374 3166 3528 3207 com-

1958 3250 2177 3321 pulsus,
2206 3249 2431 3311 viduam
2467 3247 2789 3305 vindicavit.
2822 3245 2976 3301 Hanc
3014 3246 3182 3315 igitur
3210 3239 3531 3300 similitudi-

1959 3358 2082 3411 nem
2112 3341 2383 3399 Dominus
2404 3341 2623 3406 aﬂ‘atur,
2647 3356 2751 3397 nos
2773 3339 3166 3403 corroborans,
3189 3351 3258 3392 ne
3281 3344 3528 3397 orantes,

1958 3441 2314 3505 petentesque
2363 3434 2609 3493 animum
2678 3431 3139 3504 despondeamus.
3196 3430 3317 3500 Ipse
3380 3427 3527 3483 enim

1958 3526 2396 3584 humanissimus
2462 3525 2725 3581 Dominus
2788 3524 2894 3595 scit
2944 3531 3196 3593 tempus,
3259 3536 3370 3591 quo
3432 3533 3532 3573 nos

1958 3616 2240 3682 exaudire,
2271 3625 2325 3671 et
2360 3615 2697 3686 postulantis
2734 3614 2879 3669 votis
2910 3611 3265 3682 respondere.
3302 3610 3369 3664 Et
3398 3618 3531 3662 tunc

1960 3726 2085 3767 cum
2142 3709 2403 3775 voluerit,
2450 3707 2723 3763 citissime
2766 3720 3066 3777 oppressos
3108 3702 3532 3775 opprobriisque

1960 3802 2186 3858 aIIectos
2217 3799 2531 3865 vindicabit,
2563 3798 2723 3868 225
2754 3805 2816 3853 ut
2862 3796 3128 3866 scriptum
3165 3802 3249 3850 est
3285 3810 3298 3845 :
3341 3809 3364 3845 ι
3394 3791 3530 3846 Cum

1960 3893 2161 3948 dicitur
2184 3891 2318 3946 mihi
2346 3890 2595 3961 quotidie
2623 3904 2639 3944 :
2672 3888 2774 3945 Ubi
2807 3896 2893 3945 est
2911 3887 3057 3943 Deus
3091 3893 3219 3941 tuus
3246 3884 3329 3937 ⁵ίῖ
3363 3902 3380 3934 ι
3418 3880 3532 3936 Hoc

1963 3998 2158 4054 nempe
2209 3991 2264 4039 et
2315 3981 2621 4053 paralytico
2681 3980 2734 4034 in
2791 3970 3077 4049 probatica
3111 3974 3317 4047 iacenti
3362 3973 3431 4035 δ’,
3477 3978 3533 4025 et

1961 4076 2259 4146 quotannis
2304 4074 2573 4128 frustrato
2623 4071 3039 4143 exspectatione
3093 4084 3124 4123 a
3187 4064 3531 4122 daemonibus

1959 4168 2318 4239 obiiciebatur
2338 4173 2390 4221 et
2423 4164 2730 4220 dicebatur.

2244 4343 2401 4400 CCII.
2431 4372 2500 4384 —
2528 4336 2922 4397 THEODOSIO
2948 4334 3267 4392 LECTORI.

2041 4436 2513 4505 Quemadmodum
2529 4448 2684 4504 aquae
2704 4431 2924 4488 defectu
2941 4431 3220 4487 exsiccato
3235 4429 3347 4496 jam
3364 4427 3531 4498 ligno,

1974 4528 2023 4586 si
2056 4527 2279 4601 lympha
2324 4525 2569 4592 advenit,
2602 4525 2863 4580 surculos
2907 4521 3129 4585 emittit,
3156 4520 3238 4576 sic
3268 4526 3321 4573 et
3353 4518 3536 4573 anima

1971 4630 2200 4693 peccato
2238 4620 2548 4683 demortua,
2590 4614 3044 4687 sizposnitentiam
3082 4613 3294 4683 egerit,
3346 4608 3537 4679 propi-

1970 4714 2217 4783 tiumque
2246 4711 2351 4766 sibi
2377 4709 2659 4780 proprium
2689 4707 2980 4764 Dominum
3010 4703 3335 4766 reddiderit,
3360 4716 3389 4754 a
3413 4716 3541 4757 sor-

1971 4802 2135 4867 dibus
2164 4806 2500 4871 expurgatur
2520 4838 2535 4863 ,
2566 4807 2623 4854 et
2656 4796 2966 4869 spiritualis
3002 4794 3193 4865 gratia:
3225 4789 3535 4863 particeps,

1971 4901 2319 4963 mentemque
2358 4891 2525 4947 stillis
2552 4889 2831 4960 opulentis
2866 4887 3117 4959 irrigata,
3161 4884 3377 4940 fructus
3411 4881 3539 4937 uni-

1968 4998 2140 5038 versa:
2164 4981 2394 5051 iustitiae
2426 4963 2657 5051 profert.

2260 5073 2437 5130 CCIII.
2465 5105 2535 5115 —
2563 5073 2817 5130 ZOSIMO
2843 5070 3239 5130 CALIGARIO.

2039 5166 2361 5223 Humilitate
2382 5168 2497 5223 sola
2527 5167 2855 5237 publicanus
2879 5181 2947 5221 ex
2967 5164 3289 5219 inﬁrmitate
3340 5174 3529 5214 exem-

1968 5265 2094 5328 ptus
2121 5265 2206 5312 est
2236 5276 2249 5312 :
2277 5263 2331 5312 et
2360 5257 2436 5310 ait
2460 5255 2757 5312 Dominus:
2790 5273 2809 5307 ι
2838 5254 3164 5323 Quicunque
3189 5268 3247 5307 se
3269 5249 3538 5309 humiliat,

1969 5349 2301 5404 exaltabitur
2324 5348 2393 5402 ⁵³.
2429 5366 2447 5398 ι
2480 5348 2828 5417 Quapropter
2853 5354 2908 5402 et
2955 5353 3183 5401 sanctus
3235 5341 3400 5396 David
3436 5355 3537 5409 pro

1976 5440 2061 5496 sui
2093 5438 2414 5500 defensione
2445 5438 2539 5493 illa
2580 5437 2835 5493 edisserit
2867 5455 2880 5491 :
2920 5455 2939 5488 ‹
2978 5436 3204 5491 Intende
3254 5434 3310 5487 in
3339 5430 3544 5487 oratio-

3000 5574 3044 5606 "
3075 5571 3307 5643 Philipp.
3338 5587 3419 5635 ιιι,
3449 5569 3538 5625 20.

306 5651 353 5687 ⁸⁸
388 5649 523 5705 Luc.
545 5663 700 5711 xvut.
729 5648 783 5702 3.
858 5648 901 5681 ⁵⁸
933 5647 1073 5705 Psal.
1113 5644 1303 5718 n.1,].
1381 5652 1424 5683 "
1463 5648 1617 5707 Ioau.
1656 5668 1705 5715 v,
1735 5649 1791 5707 5.

1966 5647 2099 5704 Luc.
2129 5662 2285 5710 xvut,
2323 5646 2417 5713 l4;
2482 5644 2671 5701 Matth.
2700 5660 2855 5712 xxul,
2890 5644 2973 5699 12.
