3850 6218
336 232 440 301 επ

1828 242 1890 300 S.
1930 241 2092 304 NILI

3455 235 3560 300 308

336 358 463 402 nem
508 355 705 409 meam,
746 342 1005 408 quoniam
1045 343 1363 402 numiliatus
1406 360 1527 401 sum
1568 343 1733 401 nimis
1779 346 1882 413 ’δςι

2005 352 2089 404 σίν
2132 368 2231 422 μου
2252 390 2268 415 ,
2323 352 2407 404 ὅτι
2459 345 2828 416 ὲταπεινὼθην
2889 344 3113 417 σφόδρα.
3168 361 3188 396 ι
3238 344 3345 398 Καὶ
3398 346 3560 401 πάλιν

335 445 393 492 et
421 449 616 491 rursus
651 450 665 487 :
703 452 722 486 ι
754 432 892 491 Vide
933 435 1293 492 humilitatem
1326 451 1525 503 meam,
1553 445 1610 492 et
1655 437 1897 494 laborem

339 540 543 589 meum,
583 533 638 579 et
681 522 898 581 dimitte
952 526 1210 581 universa
1255 526 1454 582 delicta
1511 542 1629 581 mea
1656 528 1723 580 ⁵⁸.
1762 545 1782 578 ›
1820 527 1899 585 Ne

339 613 522 682 itaque
543 613 925 683 intempestive
948 615 1325 680 contristeris,
1352 618 1541 671 dicens
1574 636 1587 671 :
1622 617 1741 672 Non
1767 625 1898 672 sunt

338 704 471 759 mihi
504 706 771 775 pecuniae,
806 721 947 776 quas
977 708 1241 763 continuo
1277 708 1605 778 pauperibus
1640 708 1899 779 suppedi-

337 804 468 852 tem.
501 795 750 868 Namque
794 799 841 855 si
888 799 1025 855 nihil
1075 800 1335 855 habueris
1359 841 1375 866 ,
1421 799 1558 855 nihil
1598 816 1629 854 a
1662 808 1718 856 te
1749 799 1895 857 Deus

336 896 631 958 exposcet;
668 889 814 960 quod
864 905 994 947 vero
1044 890 1235 953 habes,
1289 901 1573 961 promptus
1616 889 1893 947 Salvatori

334 978 491 1043 oti‘er,
519 993 617 1035 cor
646 995 841 1051 nempe
868 981 1168 1037 contritum
1196 990 1252 1037 et
1287 982 1656 1048 humiliatum,
1680 991 1735 1039 et
1770 998 1896 1054 pre-

334 1085 428 1125 ces
483 1071 834 1142 frequentes,
887 1081 942 1128 et
974 1074 1054 1128 sic
1103 1088 1208 1128 non
1257 1075 1532 1144 sperneris
1578 1071 1764 1142 abeo,
1801 1078 1893 1147 qui

333 1160 513 1232 diligit
544 1162 859 1219 humiliatos
880 1203 895 1229 ,
928 1179 1132 1235 eosque
1167 1165 1332 1220 solari
1364 1181 1470 1222 non
1498 1166 1842 1239 dedignatur.

535 1366 699 1439 226
725 1367 902 1424 CCIV.
945 1400 1013 1411 -—
1046 1369 1339 1425 VALENTI
1388 1369 1684 1427 SCRIBIE.

403 1455 638 1514 Sanctus
667 1469 721 1514 et
753 1461 1006 1516 vivitlcus
1036 1460 1292 1531 Spiritus,
1321 1464 1413 1533 qui
1443 1478 1550 1517 una
1578 1464 1740 1519 simul
1767 1479 1891 1518 cum

329 1544 489 1599 Patre
518 1554 574 1601 et
612 1543 750 1603 Filio
794 1551 1076 1629 adoratur,
1125 1560 1180 1629 et
1228 1553 1695 1623 congloriﬁcatur,
1750 1570 1891 1611 unus

330 1636 458 1691 licet
514 1636 606 1701 sit,
662 1640 956 1695 multarum
1010 1650 1191 1697 tamen
1225 1643 1487 1697 virtutum
1539 1653 1733 1699 auctor
1785 1654 1887 1714 est.

330 1725 438 1781 Eos
494 1744 751 1800 namque,
806 1730 897 1800 qui
950 1746 1010 1786 se
1061 1741 1340 1799 exercent,
1393 1732 1461 1787 ad
1499 1736 1891 1791 continentiam

328 1819 689 1887 corroborat;
754 1829 1074 1886 certantes,
1138 1823 1192 1877 in
1261 1824 1611 1901 confessione
1676 1825 1889 1881 Domini

329 1910 501 1965 nostri
531 1908 661 1965 Jesu
696 1910 903 1967 Christi
938 1912 1251 1981 conﬁrmat;
1285 1915 1429 1971 alius
1482 1916 1665 1986 lingua
1719 1917 1894 1971 utitur

328 2000 395 2053 ad
426 2001 773 2071 sapientiam,
806 2004 949 2059 alius
998 2005 1240 2059 animum
1291 2005 1357 2059 ad
1400 2006 1655 2085 vaticinia
1688 2006 1892 2061 illumi—

329 2099 444 2158 nat;
478 2093 636 2148 alteri
669 2094 984 2150 facultatem
1016 2095 1269 2166 abigendi
1301 2097 1575 2153 daemones
1605 2099 1888 2169 elargitur,

329 2183 487 2238 alteri
516 2186 730 2242 divinas
764 2189 1069 2258 exponendi
1101 2188 1417 2272 Scripturas
1444 2205 1646 2245 munus
1687 2186 1891 2273 impar-

329 2275 483 2337 titur;
508 2277 673 2331 alium
700 2277 765 2333 ad
782 2279 1172 2335 continentiam
1194 2280 1424 2343 stabilit,
1457 2276 1621 2335 alium
1660 2280 1726 2334 ad
1774 2294 1891 2335 ero-

327 2366 500 2433 ganda
531 2383 630 2423 sua
665 2371 997 2439 pauperibus
1038 2372 1260 2436 excitat,
1287 2356 1341 2428 et
1362 2360 1486 2426 huic
1514 2371 1731 2443 quidem
1755 2372 1890 2440 vigi-

325 2457 471 2523 liam,
484 2457 768 2526 jejunium,
788 2476 1077 2531 rerumque
1090 2470 1427 2519 terrenarum
1444 2463 1685 2516 omnium
1699 2452 1890 2535 deSpe:

323 2555 471 2601 ctum
503 2549 691 2615 donat,
722 2558 776 2606 et
793 2561 1168 2625 paupertatem
1202 2553 1406 2621 fovere,
1445 2561 1499 2608 et
1522 2554 1644 2607 aliis
1673 2568 1887 2634 praepo-

322 2653 454 2695 nere
468 2640 573 2696 sibi
597 2642 699 2711 ipsi
713 2643 915 2711 vivere,
930 2652 985 2699 et
1000 2659 1096 2700 cor
1110 2645 1554 2715 imperterritum;
1573 2644 1735 2698 alium
1751 2650 1887 2698 tem-

321 2732 548 2801 poribus
580 2736 1027 2804 persecutionum
1058 2737 1169 2791 vita
1201 2747 1426 2791 mortem
1464 2736 1733 2805 potiorem
1786 2749 1885 2805 pro

320 2821 542 2879 Christo
570 2824 773 2895 eligere
800 2839 1070 2897 pmparat
1121 2844 1134 2881 :
1168 2835 1223 2881 et
1260 2827 1343 2883 sic
1371 2829 1425 2881 in
1459 2827 1581 2882 aliis
1613 2828 1719 2881 alio
1746 2842 1885 2897 quo-

321 2927 427 2982 que
454 2913 616 2969 modo
646 2924 925 2985 operatur;
959 2917 1074 2988 ipse
1096 2932 1227 2973 vero
1272 2924 1469 2972 natura
1500 2931 1601 2972 sua
1660 2925 1745 2971 est
1781 2917 1884 2971 int-

319 3005 595 3059 mutabilis
649 3019 715 3060 ac
769 3016 1052 3064 constans.
1120 3006 1222 3063 Hic
1277 3022 1374 3078 per
1425 3009 1721 3079 prophetas
1766 3008 1948 3096 jamc

318 3094 448 3149 olim
467 3096 684 3153 divinas
706 3097 1018 3169 Scripturas
1072 3100 1394 3157 enuntiavit.
1410 3100 1509 3154 Hic
1530 3100 1876 3171 postmodum

318 3201 417 3255 per
460 3194 805 3258 contemptos
842 3191 1008 3247 nimis
1055 3182 1373 3262 paucosque
1417 3191 1742 3263 discipulos,
1793 3207 1881 3248 sa-

318 3277 532 3344 pientes
564 3282 830 3349 gentium,
872 3282 1104 3339 invictos
1143 3285 1300 3349 alias,
1331 3285 1551 3355 eloquio
1575 3286 1873 3356 superavit.

319 3364 420 3420 Hic
454 3367 638 3424 ﬁdeles
665 3409 681 3434 ,
733 3372 935 3440 quibus
982 3373 1216 3442 apostoli
1266 3389 1462 3429 manus
1500 3376 1876 3446 imponebant,

316 3455 464 3510 illico
490 3457 690 3527 linguis
722 3460 978 3519 omnibus
1017 3462 1187 3532 loqui,
1226 3477 1365 3533 quas
1417 3464 1523 3534 ipsi
1559 3479 1667 3520 non
1707 3479 1879 3520 nove-

318 3556 462 3614 rant,
494 3549 776 3605 edocebat.
828 3550 985 3607 Hunc
1026 3552 1214 3623 itaque
1249 3562 1305 3610 et
1358 3554 1479 3626 ipse
1515 3570 1613 3626 per
1646 3557 1874 3612 multam

317 3636 500 3703 tidem,
536 3647 590 3694 et
618 3640 761 3696 bona
787 3656 955 3712 opera
982 3642 1038 3696 in
1073 3650 1135 3698 te‘
1170 3643 1292 3714 ipso
1318 3644 1877 3703 habens’inhabitan-

317 3739 423 3783 tem
441 3742 494 3786 et
514 3732 745 3788 similem
766 3733 1076 3804 prasidem,
1100 3742 1155 3790 et
1171 3737 1477 3803 custodem,
1501 3745 1555 3793 et
1571 3754 1877 3810 propugna-

316 3828 515 3887 torem,
554 3830 610 3878 et
636 3833 1005 3895 protectorem
1034 3829 1347 3898 possidens,
1378 3831 1587 3885 nullum
1638 3842 1874 3896 metuas,

316 3929 493 3983 neque
535 3914 857 3983 daemonem,
911 3934 1090 3991 neque
1135 3916 1412 3978 hominem
1462 3938 1715 3992 nequam,
1779 3924 1875 3995 qui

318 4012 422 4057 tuae
444 4018 474 4057 a
505 4002 617 4060 Deo
644 4006 900 4063 stabilita:
932 4008 1121 4064 domui
1148 4010 1380 4067 insidias
1401 4028 1593 4082 parare
1620 4016 1872 4069 intentet.

451 4181 612 4251 227
636 4182 791 4239 CCV.
822 4215 893 4228 -
921 4186 1198 4244 HELIONI
1238 4188 1732 4249 MAGISTRIANO.

384 4271 443 4326 Si
474 4272 620 4329 Deus
647 4275 954 4345 interdixit,
1005 4295 1074 4336 ne
1112 4280 1245 4337 ﬂant
1278 4285 1442 4350 mala,
1499 4292 1558 4340 et
1611 4300 1729 4349 eos,
1779 4284 1873 4355 qui

1997 442 2196 514 φησίν⁵
2244 460 2263 494 ι
2298 440 2405 495 Ἴδε
2433 440 2534 511 τὴν
2571 436 2895 494 ταπείνωσίν
2935 453 3075 507 μου,
3125 436 3219 490 καὶ
3258 436 3349 488 τὸν
3391 436 3560 490 κόπον

1999 531 2126 605 μου,
2164 531 2260 586 καὶ
2283 532 2421 601 ἄφες
2447 530 2626 609 πάσας
2666 527 2768 591 τὰς
2800 527 3074 599 ἁμαρτίας
3107 543 3228 597 μου.
3269 544 3287 577 ι
3316 526 3409 596 Μὴ
3445 527 3557 580 τοί-

1994 642 2090 679 νυν
2124 624 2368 695 ἀκαίρως
2398 621 2592 685 λυποῦ,
2635 619 2831 688 λέγων·
2866 620 2950 672 ὃτι
2997 618 3112 671 Οὐκ
3164 616 3272 687 Εχω
3301 620 3559 688 χρήματα

1994 717 2078 781 είς
2102 716 2162 769 τδ
2202 717 2458 786 χορηγεῖν
2500 698 2795 774 ἀπαύστως
2839 712 2955 773 τοῖς
2988 709 3205 778 πένησι.
3236 710 3421 780 Μηδὲν
3445 711 3558 781 γὰρ

1993 807 2186 880 ἔχοντά
2215 824 2296 875 σε,
2327 805 2478 860 οὐδὲν
2510 805 2734 883 ζητήσει
2766 802 2897 865 Θεός
2925 800 2947 834 ’λ
2966 801 2995 854 ὃ
3021 801 3077 854 δὲ
3103 802 3268 871 ἔχεις,
3304 801 3380 872 μὴ
3408 799 3556 854 δκνει

1994 898 2326 973 προσφέρειν
2360 896 2439 967 τῷ
2488 896 2701 967 Σωτῆρι
2723 932 2739 959 ,
2769 894 3055 957 τουτέστι,
3088 891 3557 970 συντετριμμένην

1992 978 2252 1061 καρδίαν,
2287 988 2383 1042 καὶ
2418 983 2890 1055 τεταπεινωμένην
2911 1023 2927 1049 ,
2975 983 3070 1037 καὶ
3114 983 3295 1053 δέησιν
3332 980 3552 1051 δαψιλῆ,

1993 1083 2089 1137 καὶ
2128 1082 2190 1135 ού
2229 1077 2693 1151 μὴνὲξουδενωθῇς
2753 1075 2905 1147 παρὰ
2950 1074 3045 1129 τοῦ
3079 1073 3401 1143 ἀγαπῶντος
3426 1071 3555 1135 τοὺς

1990 1150 2496 1243 τεταπεινωμένους
2522 1213 2539 1237 ,
2611 1166 2711 1225 καὶ
2774 1167 3113 1241 παρακαλεῖν
3172 1165 3396 1229 τούτους
3474 1163 3553 1235 μὴ

1992 1260 2484 1335 ὑπερηφανοῦντος.

2293 1356 2409 1409 ΣΔ’.
2445 1384 2515 1396 -
2543 1354 2890 1409 ΟΥΑΛΕΝΤΙ
2914 1351 3258 1407 ΣΚΡΙΒΩΝΙ.

2062 1449 2134 1502 Τὸ
2168 1448 2343 1517 ἆγιον,
2373 1448 2465 1502 καὶ
2488 1447 2751 1511 ζωοποιὸν
2779 1445 3004 1514 Πνεῦμα
3034 1444 3095 1498 τδ
3115 1440 3551 1514 συνπροσκυνού-

1994 1557 2172 1611 μενον,
2214 1540 2309 1594 καίΙ
2349 1539 2803 1609 συνδοξαζόμενον
2846 1538 2925 1609 τῷ
2964 1538 3139 1609 Πατρὶ
3171 1536 3264 1589 καὶ
3295 1534 3372 1605 τῷ
3410 1534 3550 1605 Υίῷ,

1996 1629 2265 1700 μονοειδὲς
2314 1630 2592 1701 ὑπάρχον,
2644 1628 2848 1692 πολλὰς
2892 1629 3104 1698 ἐνεργεῖ
3143 1626 3361 1698 ἀρετάς.
3410 1625 3551 1687 Τοὺς

1996 1719 2096 1790 μὲν
2138 1720 2245 1790 γὰρ
2283 1720 2583 1782 ἀσκοῦντας
2606 1759 2622 1784 ,
2658 1721 2993 1791 ἰσχυροποιεῖ
3037 1718 3177 1771 κατά
3224 1718 3321 1788 τὴν
3350 1715 3552 1785 ἐγκρά-

1990 1825 2171 1863 τειαν·
2208 1810 2334 1873 τοὺς
2378 1810 2435 1863 δὲ
2460 1810 2756 1873 ἀθλοῦντας
2796 1812 2981 1881 νευροῖ
3017 1811 3095 1872 είς
3131 1810 3231 1879 τὴν
3262 1806 3554 1877 ὁμολογίαν

1989 1898 2083 1952 τοῦ
2134 1900 2336 1971 Κυρίου
2406 1900 2582 1973 Ἰησοῦ
2634 1899 2890 1971 Χριστοῦ.
2950 1899 3170 1970 Ἐτέρου
3225 1900 3290 1969 τῇ
3333 1896 3552 1966 γλώττῃ

1992 1974 2359 2062 συγκέχρηται
2391 1991 2529 2062 πρὸς
2560 1993 2771 2061 σοφίαν,
2816 1994 2909 2046 καὶ
2946 1992 3107 2047 ἄλλου
3134 1992 3233 2062 τὴν
3260 1990 3440 2061 ψυχὴν
3468 1990 3551 2052 είς

1990 2066 2327 2155 προφητείαν
2355 2085 2577 2153 φωτίζει
2604 2103 2619 2118 ⁸
2660 2086 2831 2156 ἑτέρῳ
2858 2085 3141 2158 χαρίζεται
3169 2084 3399 2154 δύναμιν
3432 2082 3552 2136 δαί-

1991 2192 2157 2246 μονας
2179 2172 2521 2241 ἀπελαύνειν,
2544 2177 2637 2229 καὶ
2663 2177 2807 2248 ἄλλῳ
2826 2177 3006 2231 δίδωσι
3033 2176 3130 2240 τὰς
3157 2175 3305 2239 θείας
3328 2175 3551 2246 διερμη-

1990 2267 2164 2321 νεύειν
2209 2268 2462 2338 Γραφάς’
2491 2267 2649 2322 ἄλλου
2696 2268 2793 2339 τὴν
2838 2267 3189 2338 σωφροσύνην
3238 2266 3547 2336 ὲνδυναμοῖ,

1988 2360 2085 2413 καὶ
2110 2358 2268 2414 ἄλλον
2305 2359 2561 2431 διεγείρει
2596 2362 2768 2413 ποιεῖν
2800 2359 3092 2429 ἀπλήστως
3125 2358 3225 2422 τὰς
3254 2357 3552 2427 ὲλεημοσύ·

1986 2467 2121 2515 νας,
2164 2451 2259 2505 καὶ
2298 2450 2475 2526 τούτῳ
2516 2452 2614 2522 μὲν
2643 2451 2896 2523 δωρεῖται
2943 2452 3276 2521 ἀγρυπνεῖν,
3324 2451 3421 2503 καὶ
3446 2466 3549 2519 νη-

1988 2543 2232 2606 στεύειν,
2278 2536 2374 2594 καὶ
2421 2542 2639 2595 πάντων
2674 2531 3053 2612 καταφρονεῖν
3106 2541 3215 2595 τῶν
3247 2542 3306 2594 ἐν
3355 2540 3549 2611 κόσμῳ

1986 2618 2358 2702 πραγμάτων,
2393 2633 2490 2685 καὶ
2521 2632 2619 2704 τὴν
2664 2632 3050 2703 ἀκτημοσύνην
3077 2632 3361 2703 περιέπειν
3386 2673 3401 2697 ,
3449 2631 3548 2684 καὶ

1985 2724 2256 2799 προτιμᾷν
2283 2723 2383 2794 τὴν
2410 2716 2923 2801 ἰδιοπραγμοσύνην,
2947 2725 3042 2779 καὶ
3066 2724 3166 2795 τὴν
3192 2723 3500 2795 ἀπτοησίαν
3528 2738 3544 2751 ’
3636 2729 3645 2740 ³

1982 2815 2168 2887 ἕτερον
2200 2812 2258 2869 δὲ
2280 2816 2414 2894 πρὸς
2442 2817 2505 2894 τδ
2524 2816 2959 2894 ὑπεραποθανεῖν
2986 2816 3222 2894 Χριστοῦ
3247 2818 3304 2870 ὲν
3326 2816 3547 2887 καιροῖς

1981 2907 2090 2960 τῶν
2112 2893 2363 2978 διωγμῶν
2409 2892 2687 2978 ἑτοίμάζει
2710 2924 2725 2939 ο
2766 2890 2912 2979 ἄλλῳ
2938 2891 3113 2972 ἄλλως
3140 2908 3374 2979 ἐνεργεῖ,
3405 2905 3543 2959 αὐτὸ

1981 2997 2039 3051 δὲ
2078 2998 2220 3051 κατὰ.
2270 2997 2432 3068 φύσιν
2475 2986 2625 3068 μένει
2664 2996 3064 3078 ἀναλλοίωτον,
3112 2999 3206 3052 καὶ
3249 2997 3541 3067 ἄτρεπτον.

1980 3091 2151 3146 Τοῦτο
2192 3092 2280 3146 διὰ
2331 3093 2440 3146 τῶν
2487 3094 2777 3173 προφητῶν
2821 3092 3012 3165 πρώην
3056 3094 3155 3157 τάς
3212 3092 3548 3162 σεόασμίους

1979 3183 2202 3254 Γραφάς
2229 3168 2624 3255 ἀπεφθέγξατο.
2666 3168 2834 3241 Τοῦτο
2869 3184 3049 3262 atate;
3088 3178 3311 3265 ὕστερον
3339 3184 3408 3239 δι’
3448 3184 3545 3238 εὐ-

1976 3275 2146 3329 τελῶν
2189 3275 2328 3341 λίαν,
2373 3275 2469 3330 καὶ
2513 3276 2707 3346 ὀλίγων
2756 3264 3036 3350 μαθητῶν,
3072 3264 3542 3353 κατεῦρρητόρευσε

1976 3366 2085 3420 τῶν
2127 3368 2259 3437 παρ’
2304 3366 2561 3439 Ἕλλησιν
2616 3368 3055 3439 δυσμαχωτάτων
3108 3362 3309 3436 σοφῶν.
3367 3364 3543 3418 Τοῦτο

1975 3460 2089 3522 τοῖς
2131 3459 2629 3531 χειροθετουμένοις
2657 3452 2868 3524 πιστοῖς
2900 3458 3005 3513 ὑπὸ
3039 3457 3147 3512 τῶν
3196 3455 3539 3519 ἀποστόλων,

1977 3550 2147 3606 ἐδίδου
2176 3550 2389 3624 ἀθρόως
2442 3552 2625 3606 πᾶσαν
2669 3549 2878 3621 ὁμιλεῖν
2921 3550 3196 3619 γλῶτταν,
3243 3549 3420 3619 ἥνπερ
3463 3544 3545 3619 μὴ

1976 3643 2292 3712 ὲγίνωσκον.
2337 3640 2510 3697 Τοῦτο
2537 3641 2827 3715 τοιγαροῦν
2872 3641 2969 3697 καὶ
3000 3639 3171 3705 αὐτὸς
3201 3638 3289 3693 διά
3334 3636 3543 3708 πολλῆς

1976 3735 2210 3799 πίστεως
2248 3735 2344 3789 καὶ
2393 3735 2503 3789 τῶν
2543 3730 2939 3807 ἀγαθοεργιῶν
2966 3720 3175 3789 ἔνδικον
3217 3731 3357 3803 ἔχων
3378 3771 3393 3795 ,
3440 3729 3542 3783 καὶ

1974 3823 2291 3895 τηλικοῦτον
2319 3823 2413 3879 τὸν
2458 3824 2791 3897 προστάτην,
2820 3824 2915 3879 καὶ
2948 3822 3203 3896 φρουρὸν,
3238 3822 3335 3876 καὶ
3362 3820 3537 3887 ὑπέρ-

1978 3935 2170 3988 μαχον,
2193 3917 2289 3970 καὶ
2312 3915 2622 3989 σκεπαστὴν
2642 3915 2996 3987 κεκτημένος,
3014 3913 3216 3995 μηδένα
3237 3911 3536 3997 δειλιάσῃς,

1978 4009 2053 4083 μὴ
2079 4008 2328 4080 δαίμονα,
2361 4009 2437 4080 μὴ
2479 4008 2765 4080 ἄνθρωπον
2791 4002 3421 4083 πονηρδνὲπισουλεύειν
3454 4001 3539 4073 τῷ

1976 4100 2053 4172 σῷ
2076 4098 2443 4171 θεοστηρίκτῳ
2471 4098 2605 4169 οἴκῳ
2630 4097 2969 4169 βουλόμενον.

2249 4189 2366 4243 seu
2406 4218 2475 4227 —
2502 4188 2738 4243 ΗΛΙΩΝΙ
2768 4187 3246 4260 mmmam.

2040 4283 2106 4337 Εί
2134 4280 2269 4346 Θεὸς
2312 4280 2629 4353 ἀπηγόρησε
2649 4318 2666 4346 ,
2712 4280 2788 4352 μὴ
2832 4282 3007 4335 ποιεῖν
3046 4263 3226 4345 κακὰ,
3269 4277 3365 4334 καὶ
3404 4278 3536 4343 τοὺς

314 4367 516 4421 similia
547 4376 887 4438 perpetrant,
919 4371 978 4427 in
1012 4362 1329 4444 gehennam
1371 4376 1514 4447 ignis
1564 4378 1822 4461 amandat
1852 4394 1865 4429 :

1985 4375 2143 4432 ταῦτα
2176 4374 2602 4447 μετερχομένους
2638 4374 2706 4445 τῇ
2753 4373 2942 4444 γεέννῃ
2987 4371 3082 4426 τοῦ
3126 4354 3307 4443 πυρὸς
3350 4387 3537 4461 παρα-

311 4457 611 4527 qnomodo,
651 4474 776 4514 cum
817 4460 908 4528 iis,
945 4463 1042 4533 qui
1087 4480 1256 4534 prava
1308 4466 1630 4533 coniiciunt,
1676 4457 1871 4538 coope-

312 4544 561 4599 rabitur?
604 4544 749 4601 Cave
780 4547 966 4619 itaque
1004 4550 1181 4616 dicas.
1233 4552 1403 4609 Deum
1449 4556 1707 4611 exaudire
1742 4571 1871 4627 pro-

312 4637 528 4701 brosos,
560 4638 823 4695 scelestos
846 4649 901 4695 et
930 4641 1132 4699 studiis
1156 4644 1273 4701 suis
1309 4645 1422 4715 jam
1454 4648 1783 4714 emarcidos,
1810 4657 1868 4704 et

311 4728 578 4794 perimere
605 4730 824 4799 quidem
852 4732 1125 4799 homines,
1158 4733 1443 4793 currentes
1465 4754 1592 4794 vero
1617 4754 1789 4810 equos
1810 4740 1866 4795 in

309 4819 474 4875 circis
502 4836 787 4879 enervare.
803 4823 1080 4893 Absit_hoc
1099 4827 1112 4879 l
1132 4825 1252 4882 Non
1280 4828 1546 4884 sunthaec
1564 4828 1655 4886 Dei
1680 4846 1869 4902 Opera,

308 4910 404 4967 sed
432 4928 724 4982 pravorum
746 4914 1055 4973 daemonum
1087 4920 1356 4976 actiones.
1381 4921 1649 4993 imagines
1669 4924 1871 4995 quippe

310 5006 696 5060 nonnullorum
773 5007 983 5064 scilicet
1040 5017 1355 5066 sanctorum
1440 5015 1872 5085 praestigiato‘res

307 5094 653 5166 efﬁngentes,
699 5110 755 5155 et
812 5115 1219 5171 supervacanea
1270 5105 1504 5175 quadam
1540 5108 1873 5178 operositate

313 5188 506 5243 Iatnias
537 5190 885 5261 colligantes,
927 5208 1021 5249 eas
1052 5194 1106 5249 in
1156 5197 1365 5265 postica
1415 5197 1669 5270 imaginis
1715 5185 1872 5272 parte

1969 4443 2201 4538 πέμπει,
2227 4443 2438 4529 ἀν
2463 4466 2575 4528 τοῖς
2601 4443 2887 4533 τάᾐφαῦλα
2914 4443 3126 4517 ποιοῦσι
3155 4443 3490 4543 συμπράξεῖε
3513 4478 3533 4527 ;

1968 4558 2062 4630 Μὴ
2090 4553 2183 4613 οὖν
2206 4558 2353 4627 λέγε,
2388 4558 2470 4611 ὅτι
2495 4557 2523 4609 ὁ
2551 4556 2679 4621 Θεὸς
2714 4555 2984 4610 είσακούει
3010 4555 3390 4627 διεφθορότων,
3437 4554 3538 4608 καὶ

1970 4649 2213 4725 ἐναγῶν,
2276 4648 2371 4702 καὶ
2429 4648 2743 4718 σεσηπότων
2799 4648 2912 4710 τοῖς
2959 4645 3348 4729 ἐπιτηδεύμασι
3371 4685 3388 4712 ,
3435 4645 3537 4698 καὶ

1969 4719 2184 4809 φονεύει
2218 4739 2319 4810 μὲν
2341 4737 2679 4808 ἀνθρώπους,
2712 4738 2815 4809 κλᾷ
2833 4737 2892 4792 δὲ
2921 4737 3047 4800 τοὺς
3076 4737 3275 4801 ἵππους
3305 4724 3535 4815 τρέχονο

1966 4836 2067 4896 τας
2102 4833 2161 4886 ἐν
2187 4833 2301 4895 τοῖς
2344 4829 2575 4902 κίρκοις.
2614 4829 2707 4901 Μὴ
2751 4830 2997 4897 γένοιτοῐ
3029 4828 3144 4881 Οὐκ
3194 4828 3309 4882 ἐστι
3358 4828 3535 4883 ταῦτα

1967 4922 2102 4976 Θεοῦ
2134 4923 2470 4992 πράγματα,
2525 4920 2662 4974 ἀλλά
2703 4920 2971 4992 δαιμόνων
3009 4918 3262 4991 πονηρῶν
3300 4919 3534 4993 ἐνεργή-

1973 5032 2137 5087 ματα.
2165 5016 2396 5098 Είκόνας
2427 5014 2536 5095 γάρ
2564 5030 2726 5066 τινων
2761 5011 2921 5084 δῆθεν
2962 5010 3134 5081 ἁγίων
3172 5011 3451 5077 ποιοῦντες
3476 5014 3535 5069 οἱ

1968 5105 2184 5177 γόητες,
2214 5101 2414 5175 λαμίας
2441 5120 2502 5157 τε
2547 5101 2970 5172 συνδεσμοῦντες
3010 5100 3353 5172 περιεργίαις
3391 5101 3531 5167 τισὶ,

1968 5178 2047 5268 τῶ
2079 5195 2308 5268 ὀπισθίῳ
2355 5195 2455 5265 τῆς
2506 5195 2711 5257 είκόνος
2756 5192 3241 5265 ὲγκατορύττουσι,
3276 5193 3371 5247 καὶ
3397 5190 3533 5249 ὅταν

308 5275 582 5343 sepeliunt
611 5296 623 5331 :
654 5288 708 5334 et
739 5296 862 5335 cum
894 5282 999 5338 sibi
1023 5283 1293 5347 arriserit.
1344 5295 1440 5341 aut
1490 5269 1778 5345 mulierem
1812 5291 1868 5345 in

1985 5280 2270 5355 Βούλονται,
2304 5288 2337 5359 ἦ
2372 5282 2604 5357 γυναῖκα
2634 5288 2857 5357 ποιῆσαι
2897 5286 3270 5358 μοιχευθῆναι,
3296 5286 3329 5359 ἧ
3356 5269 3533 5367 ἄνδρα

308 5363 639 5422 adulterium
669 5372 1017 5441 compellere,
1051 5382 1147 5429 aut
1180 5374 1300 5431 viro
1324 5391 1513 5433 necem
1534 5378 1750 5446 aﬂ‘erre,
1775 5389 1868 5435 aut

1985 5378 2308 5443 iuvat-(But,
2343 5379 2376 5449 ἢ
2404 5369 2601 5442 ἵππους
2632 5378 2863 5446 κλάσαι,
2912 5377 3233 5450 νηστεύουσι
3279 5374 3537 5450 aucupa;

306 5472 482 5526 equos
531 5474 811 5528 enervare,
860 5466 1280 5535 exsecrandum,
1334 5476 1389 5524 et
1421 5469 1558 5526 diris
1605 5468 1861 5528 devotum

1985 5470 2160 5542 ιένην,
2187 5471 2277 5529 καὶ
2306 5469 2565 5542 βδελυρὰν
2596 5471 2867 5558 νηστείαν,
2906 5470 2998 5527 καὶ
3027 5470 3360 5543 ἀγρυπνοῦσι
3385 5470 3531 5544 πρὸς

376 5634 422 5677 ’⁸
453 5630 597 5689 Psal.
638 5651 783 5703 cht,
811 5638 865 5693 7.
940 5640 988 5673 ³⁸
1017 5640 1163 5725 Ρεοῐ.
1206 5657 1354 5715 xxtv,
1388 5644 1473 5700 18.
