  <div class='ocr_page' id='page_1' title='image "/cluster/home/n/w/nwhite01/storage/ocr_20150623/79/nnc1.0038021404/172.png"; bbox 0 0 3850 6218; ppageno 0'>
   <div class='ocr_carea' id='block_1_1' title="bbox 184 274 299 338">
    <p class='ocr_par' dir='ltr' id='par_1_1' title="bbox 184 274 299 338">
     <span class='ocr_line' id='line_1_1' title="bbox 184 274 299 338; baseline 0 0"><span class='ocrx_word' id='word_1_1' title='bbox 184 274 299 338; x_wconf 77' lang='lat'><strong>309</strong></span> 
     </span>
    </p>
   </div>
   <div class='ocr_carea' id='block_1_2' title="bbox 1412 262 2255 373">
    <p class='ocr_par' dir='ltr' id='par_1_2' title="bbox 1412 262 2255 373">
     <span class='ocr_line' id='line_1_2' title="bbox 1412 262 2255 373; baseline -0.009 -42"><span class='ocrx_word' id='word_1_2' title='bbox 1412 265 1947 343; x_wconf 77' lang='lat' dir='ltr'><strong>EPISTOLARUM</strong></span> <span class='ocrx_word' id='word_1_3' title='bbox 1980 265 2145 373; x_wconf 47' lang='lat' dir='ltr'><strong>LIBQ</strong></span> <span class='ocrx_word' id='word_1_4' title='bbox 2171 262 2255 324; x_wconf 89' lang='lat' dir='ltr'><strong>II.</strong></span> 
     </span>
    </p>
   </div>
   <div class='ocr_carea' id='block_1_3' title="bbox 3336 252 3442 320">
    <p class='ocr_par' dir='ltr' id='par_1_3' title="bbox 3336 252 3442 320">
     <span class='ocr_line' id='line_1_3' title="bbox 3336 252 3442 320; baseline -0.028 0"><span class='ocrx_word' id='word_1_5' title='bbox 3336 252 3442 320; x_wconf 77' lang='lat'><strong>310</strong></span> 
     </span>
    </p>
   </div>
   <div class='ocr_carea' id='block_1_4' title="bbox 184 369 1775 456">
    <p class='ocr_par' dir='ltr' id='par_1_4' title="bbox 184 380 1773 456">
     <span class='ocr_line' id='line_1_4' title="bbox 184 380 1773 456; baseline -0.002 -18"><span class='ocrx_word' id='word_1_6' title='bbox 184 387 254 456; x_wconf 79' lang='grc' dir='ltr'>τῇ</span> <span class='ocrx_word' id='word_1_7' title='bbox 286 382 463 438; x_wconf 77' lang='grc' dir='ltr'>εἰκόνι</span> <span class='ocrx_word' id='word_1_8' title='bbox 503 381 712 453; x_wconf 75' lang='grc' dir='ltr'>ἐκείνῃ,</span> <span class='ocrx_word' id='word_1_9' title='bbox 743 380 837 436; x_wconf 78' lang='grc' dir='ltr'>καὶ</span> <span class='ocrx_word' id='word_1_10' title='bbox 880 381 1104 453; x_wconf 85' lang='grc' dir='ltr'>κηρούς,</span> <span class='ocrx_word' id='word_1_11' title='bbox 1140 381 1235 437; x_wconf 78' lang='grc' dir='ltr'>καὶ</span> <span class='ocrx_word' id='word_1_12' title='bbox 1276 382 1503 454; x_wconf 81' lang='grc' dir='ltr'><strong>λύχνους</strong></span> <span class='ocrx_word' id='word_1_13' title='bbox 1539 381 1773 453; x_wconf 80' lang='grc' dir='ltr'>ἐξάψαν-</span> 
     </span>
    </p>
   </div>
   <div class='ocr_carea' id='block_1_5' title="bbox 1884 369 3440 456">
    <p class='ocr_par' dir='ltr' id='par_1_5' title="bbox 1884 369 3440 448">
     <span class='ocr_line' id='line_1_5' title="bbox 1884 369 3440 448; baseline -0.006 -15"><span class='ocrx_word' id='word_1_14' title='bbox 1884 369 2145 448; x_wconf 67' lang='grc' dir='ltr'>ἱθίυηὶιιιῆ</span> <span class='ocrx_word' id='word_1_15' title='bbox 2174 375 2453 447; x_wconf 78' lang='lat' dir='ltr'><strong>ieiunam.</strong></span> <span class='ocrx_word' id='word_1_16' title='bbox 2480 379 2548 435; x_wconf 57' lang='lat' dir='ltr'><strong>et</strong></span> <span class='ocrx_word' id='word_1_17' title='bbox 2571 380 2703 430; x_wconf 88' lang='lat' dir='ltr'><strong>ante</strong></span> <span class='ocrx_word' id='word_1_18' title='bbox 2744 385 2867 428; x_wconf 86' lang='lat' dir='ltr'><strong>eam</strong></span> <span class='ocrx_word' id='word_1_19' title='bbox 2918 369 3210 441; x_wconf 76' lang='lat' dir='ltr'><strong>imaginem</strong></span> <span class='ocrx_word' id='word_1_20' title='bbox 3251 379 3440 425; x_wconf 84' lang='lat' dir='ltr'><strong>noctes</strong></span> 
     </span>
    </p>
   </div>
   <div class='ocr_carea' id='block_1_6' title="bbox 184 470 1773 545">
    <p class='ocr_par' dir='ltr' id='par_1_6' title="bbox 184 470 1773 545">
     <span class='ocr_line' id='line_1_6' title="bbox 184 470 1773 545; baseline -0.003 -17"><span class='ocrx_word' id='word_1_21' title='bbox 184 491 279 538; x_wconf 86' lang='grc' dir='ltr'><strong>τες</strong></span> <span class='ocrx_word' id='word_1_22' title='bbox 329 472 700 545; x_wconf 82' lang='grc' dir='ltr'>γρηγοροῦσιν</span> <span class='ocrx_word' id='word_1_23' title='bbox 762 470 1186 544; x_wconf 77' lang='grc' dir='ltr'>ἐπικαλούμενοι</span> <span class='ocrx_word' id='word_1_24' title='bbox 1247 473 1539 544; x_wconf 83' lang='grc' dir='ltr'>δαίμονας,</span> <span class='ocrx_word' id='word_1_25' title='bbox 1579 473 1773 545; x_wconf 78' lang='grc' dir='ltr'><strong>μέχρις</strong></span> 
     </span>
    </p>
   </div>
   <div class='ocr_carea' id='block_1_7' title="bbox 187 565 1775 639">
    <p class='ocr_par' dir='ltr' id='par_1_7' title="bbox 187 565 1775 639">
     <span class='ocr_line' id='line_1_7' title="bbox 187 565 1775 639; baseline -0.001 -18"><span class='ocrx_word' id='word_1_26' title='bbox 187 569 255 621; x_wconf 76' lang='grc' dir='ltr'>ἂν</span> <span class='ocrx_word' id='word_1_27' title='bbox 287 568 499 637; x_wconf 88' lang='grc' dir='ltr'>τύχωσι</span> <span class='ocrx_word' id='word_1_28' title='bbox 547 566 648 638; x_wconf 83' lang='grc' dir='ltr'>τῆς</span> <span class='ocrx_word' id='word_1_29' title='bbox 684 565 893 621; x_wconf 82' lang='grc' dir='ltr'>τούτων</span> <span class='ocrx_word' id='word_1_30' title='bbox 934 566 1259 637; x_wconf 89' lang='grc' dir='ltr'>ἐμφανείας,</span> <span class='ocrx_word' id='word_1_31' title='bbox 1289 568 1382 623; x_wconf 89' lang='grc' dir='ltr'><strong>καί</strong></span> <span class='ocrx_word' id='word_1_32' title='bbox 1413 586 1534 622; x_wconf 89' lang='grc' dir='ltr'>τινα</span> <span class='ocrx_word' id='word_1_33' title='bbox 1563 567 1662 639; x_wconf 81' lang='grc' dir='ltr'>μὲν</span> <span class='ocrx_word' id='word_1_34' title='bbox 1693 567 1775 631; x_wconf 83' lang='grc' dir='ltr'><strong>είς</strong></span> 
     </span>
    </p>
   </div>
   <div class='ocr_carea' id='block_1_8' title="bbox 188 657 1773 730">
    <p class='ocr_par' dir='ltr' id='par_1_8' title="bbox 188 657 1773 730">
     <span class='ocr_line' id='line_1_8' title="bbox 188 657 1773 730; baseline -0.001 -18"><span class='ocrx_word' id='word_1_35' title='bbox 188 660 356 730; x_wconf 69' lang='grc' dir='ltr'>ἔργον</span> <span class='ocrx_word' id='word_1_36' title='bbox 408 658 742 726; x_wconf 78' lang='grc' dir='ltr'>ἐξάγουσιν,</span> <span class='ocrx_word' id='word_1_37' title='bbox 801 657 861 713; x_wconf 85' lang='grc' dir='ltr'><strong>ἐν</strong></span> <span class='ocrx_word' id='word_1_38' title='bbox 901 657 960 711; x_wconf 82' lang='grc' dir='ltr'>δὲ</span> <span class='ocrx_word' id='word_1_39' title='bbox 1011 660 1122 721; x_wconf 81' lang='grc' dir='ltr'>τοῖς</span> <span class='ocrx_word' id='word_1_40' title='bbox 1160 659 1430 723; x_wconf 76' lang='grc' dir='ltr'><strong>πλείστοις</strong></span> <span class='ocrx_word' id='word_1_41' title='bbox 1459 658 1773 730; x_wconf 79' lang='grc' dir='ltr'>ἀποτυγχά-</span> 
     </span>
    </p>
   </div>
   <div class='ocr_carea' id='block_1_9' title="bbox 190 745 1775 822">
    <p class='ocr_par' dir='ltr' id='par_1_9' title="bbox 190 745 1775 822">
     <span class='ocr_line' id='line_1_9' title="bbox 190 745 1775 822; baseline 0.003 -23"><span class='ocrx_word' id='word_1_42' title='bbox 190 764 399 803; x_wconf 77' lang='grc' dir='ltr'>νουσιν.</span> <span class='ocrx_word' id='word_1_43' title='bbox 430 745 651 819; x_wconf 30' lang='grc' dir='ltr'>Οὐκοῦν,</span> <span class='ocrx_word' id='word_1_44' title='bbox 690 747 959 819; x_wconf 71' lang='grc' dir='ltr'>φυλάττου</span> <span class='ocrx_word' id='word_1_45' title='bbox 1002 750 1236 819; x_wconf 78' lang='grc' dir='ltr'>αὐτοὺς,</span> <span class='ocrx_word' id='word_1_46' title='bbox 1295 751 1371 822; x_wconf 89' lang='grc' dir='ltr'><strong>μή</strong></span> <span class='ocrx_word' id='word_1_47' title='bbox 1424 766 1557 804; x_wconf 88' lang='grc' dir='ltr'>ποτε</span> <span class='ocrx_word' id='word_1_48' title='bbox 1611 766 1775 818; x_wconf 87' lang='grc' dir='ltr'>παγι-</span> 
     </span>
    </p>
   </div>
   <div class='ocr_carea' id='block_1_10' title="bbox 191 837 411 908">
    <p class='ocr_par' dir='ltr' id='par_1_10' title="bbox 191 837 411 908">
     <span class='ocr_line' id='line_1_10' title="bbox 191 837 411 908; baseline 0.009 -19"><span class='ocrx_word' id='word_1_49' title='bbox 191 837 411 908; x_wconf 80' lang='grc' dir='ltr'>δευθῇς.</span> 
     </span>
    </p>
   </div>
   <div class='ocr_carea' id='block_1_11' title="bbox 300 944 1667 1022">
    <p class='ocr_par' dir='ltr' id='par_1_11' title="bbox 300 944 1667 1022">
     <span class='ocr_line' id='line_1_11' title="bbox 300 944 1667 1022; baseline 0.005 -24"><span class='ocrx_word' id='word_1_50' title='bbox 300 947 438 1012; x_wconf 59' lang='grc' dir='ltr'><strong>ΣΦ.</strong></span> <span class='ocrx_word' id='word_1_51' title='bbox 467 976 542 986; x_wconf 91' lang='grc'><strong><em>-</em></strong></span> <span class='ocrx_word' id='word_1_52' title='bbox 561 944 823 1019; x_wconf 79' lang='grc' dir='ltr'><strong>ῙΩΔΝΝῌ</strong></span> <span class='ocrx_word' id='word_1_53' title='bbox 860 947 1297 1003; x_wconf 83' lang='grc' dir='ltr'><strong>ΠΡΩΤΕΥΟΝΤΙ</strong></span> <span class='ocrx_word' id='word_1_54' title='bbox 1332 951 1667 1022; x_wconf 76' lang='grc' dir='ltr'><strong>ΝΕΩΤΕΡῼ.</strong></span> 
     </span>
    </p>
   </div>
   <div class='ocr_carea' id='block_1_12' title="bbox 180 1035 1774 1109">
    <p class='ocr_par' dir='ltr' id='par_1_12' title="bbox 180 1035 1774 1109">
     <span class='ocr_line' id='line_1_12' title="bbox 180 1035 1774 1109; baseline 0.004 -22"><span class='ocrx_word' id='word_1_55' title='bbox 180 1060 199 1081; x_wconf 69' lang='grc' dir='ltr'><em>ι</em></span> <span class='ocrx_word' id='word_1_56' title='bbox 271 1054 291 1087; x_wconf 74' lang='grc' dir='ltr'><strong>ι</strong></span> <span class='ocrx_word' id='word_1_57' title='bbox 328 1035 482 1105; x_wconf 89' lang='grc' dir='ltr'>Τίμα</span> <span class='ocrx_word' id='word_1_58' title='bbox 514 1035 607 1093; x_wconf 79' lang='grc' dir='ltr'>τὸν</span> <span class='ocrx_word' id='word_1_59' title='bbox 638 1036 853 1106; x_wconf 80' lang='grc' dir='ltr'>πατέρα</span> <span class='ocrx_word' id='word_1_60' title='bbox 878 1053 992 1100; x_wconf 87' lang='grc' dir='ltr'>σου,</span> <span class='ocrx_word' id='word_1_61' title='bbox 1016 1038 1112 1090; x_wconf 73' lang='grc' dir='ltr'>καὶ</span> <span class='ocrx_word' id='word_1_62' title='bbox 1150 1039 1250 1109; x_wconf 81' lang='grc' dir='ltr'>τὴν</span> <span class='ocrx_word' id='word_1_63' title='bbox 1277 1040 1490 1109; x_wconf 86' lang='grc' dir='ltr'>μητέρα</span> <span class='ocrx_word' id='word_1_64' title='bbox 1529 1056 1644 1104; x_wconf 85' lang='grc' dir='ltr'>σου,</span> <span class='ocrx_word' id='word_1_65' title='bbox 1691 1040 1774 1093; x_wconf 80' lang='grc' dir='ltr'>ἵνα</span> 
     </span>
    </p>
   </div>
   <div class='ocr_carea' id='block_1_13' title="bbox 199 1121 1775 1200">
    <p class='ocr_par' dir='ltr' id='par_1_13' title="bbox 199 1121 1775 1200">
     <span class='ocr_line' id='line_1_13' title="bbox 199 1121 1775 1200; baseline 0.003 -21"><span class='ocrx_word' id='word_1_66' title='bbox 199 1121 257 1179; x_wconf 76' lang='grc' dir='ltr'>εὖ</span> <span class='ocrx_word' id='word_1_67' title='bbox 285 1143 370 1179; x_wconf 86' lang='grc' dir='ltr'><strong>σοι</strong></span> <span class='ocrx_word' id='word_1_68' title='bbox 398 1125 647 1198; x_wconf 85' lang='grc' dir='ltr'>γένηται,</span> <span class='ocrx_word' id='word_1_69' title='bbox 684 1144 705 1179; x_wconf 72' lang='grc' dir='ltr'><strong>ι</strong></span> <span class='ocrx_word' id='word_1_70' title='bbox 739 1124 1059 1197; x_wconf 85' lang='grc' dir='ltr'>θεσμοθετεῖ</span> <span class='ocrx_word' id='word_1_71' title='bbox 1100 1128 1322 1199; x_wconf 80' lang='grc' dir='ltr'>Κύριος.</span> <span class='ocrx_word' id='word_1_72' title='bbox 1371 1130 1461 1200; x_wconf 79' lang='grc' dir='ltr'><strong>Μὴ</strong></span> <span class='ocrx_word' id='word_1_73' title='bbox 1488 1130 1689 1197; x_wconf 81' lang='grc' dir='ltr'><strong>τοίνυν,</strong></span> <span class='ocrx_word' id='word_1_74' title='bbox 1727 1133 1775 1185; x_wconf 86' lang='grc' dir='ltr'>εἰ</span> 
     </span>
    </p>
   </div>
   <div class='ocr_carea' id='block_1_14' title="bbox 198 1217 1775 1291">
    <p class='ocr_par' dir='ltr' id='par_1_14' title="bbox 198 1217 1775 1291">
     <span class='ocr_line' id='line_1_14' title="bbox 198 1217 1775 1291; baseline 0.003 -21"><span class='ocrx_word' id='word_1_75' title='bbox 198 1217 461 1282; x_wconf 79' lang='grc' dir='ltr'>δυνατὸν,</span> <span class='ocrx_word' id='word_1_76' title='bbox 521 1217 649 1287; x_wconf 80' lang='grc' dir='ltr'>μίαν</span> <span class='ocrx_word' id='word_1_77' title='bbox 694 1217 926 1289; x_wconf 86' lang='grc' dir='ltr'>στιγμὴν</span> <span class='ocrx_word' id='word_1_78' title='bbox 972 1219 1167 1288; x_wconf 78' lang='grc' dir='ltr'>χρόνου</span> <span class='ocrx_word' id='word_1_79' title='bbox 1234 1220 1617 1291; x_wconf 80' lang='grc' dir='ltr'>ἁπολιμπάνου</span> <span class='ocrx_word' id='word_1_80' title='bbox 1667 1221 1775 1275; x_wconf 87' lang='grc' dir='ltr'><strong>τῶν</strong></span> 
     </span>
    </p>
   </div>
   <div class='ocr_carea' id='block_1_15' title="bbox 200 1308 1773 1387">
    <p class='ocr_par' dir='ltr' id='par_1_15' title="bbox 200 1308 1773 1387">
     <span class='ocr_line' id='line_1_15' title="bbox 200 1308 1773 1387; baseline 0.005 -27"><span class='ocrx_word' id='word_1_81' title='bbox 200 1310 424 1376; x_wconf 80' lang='grc' dir='ltr'>γονέων,</span> <span class='ocrx_word' id='word_1_82' title='bbox 468 1309 547 1380; x_wconf 89' lang='grc' dir='ltr'><strong>μή</strong></span> <span class='ocrx_word' id='word_1_83' title='bbox 579 1326 707 1363; x_wconf 87' lang='grc' dir='ltr'>ποτε</span> <span class='ocrx_word' id='word_1_84' title='bbox 740 1308 945 1363; x_wconf 89' lang='grc' dir='ltr'>τούτων</span> <span class='ocrx_word' id='word_1_85' title='bbox 976 1311 1314 1381; x_wconf 80' lang='grc' dir='ltr'>ἐπιμελείας,</span> <span class='ocrx_word' id='word_1_86' title='bbox 1347 1314 1440 1365; x_wconf 76' lang='grc' dir='ltr'>καὶ</span> <span class='ocrx_word' id='word_1_87' title='bbox 1474 1314 1773 1387; x_wconf 77' lang='grc' dir='ltr'>φροντίδος,</span> 
     </span>
    </p>
   </div>
   <div class='ocr_carea' id='block_1_16' title="bbox 198 1403 1775 1479">
    <p class='ocr_par' dir='ltr' id='par_1_16' title="bbox 198 1403 1775 1479">
     <span class='ocr_line' id='line_1_16' title="bbox 198 1403 1775 1479; baseline 0.003 -22"><span class='ocrx_word' id='word_1_88' title='bbox 198 1406 290 1457; x_wconf 80' lang='grc' dir='ltr'>καὶ</span> <span class='ocrx_word' id='word_1_89' title='bbox 318 1403 621 1474; x_wconf 82' lang='grc' dir='ltr'>θεραπείας</span> <span class='ocrx_word' id='word_1_90' title='bbox 644 1404 936 1476; x_wconf 73' lang='grc' dir='ltr'>χωρισθεὶς</span> <span class='ocrx_word' id='word_1_91' title='bbox 975 1407 1279 1479; x_wconf 82' lang='grc' dir='ltr'><strong>περιπέσῃς</strong></span> <span class='ocrx_word' id='word_1_92' title='bbox 1317 1407 1642 1478; x_wconf 84' lang='grc' dir='ltr'>ἀνθρώποις.</span> <span class='ocrx_word' id='word_1_93' title='bbox 1680 1410 1775 1463; x_wconf 82' lang='grc' dir='ltr'>καὶ</span> 
     </span>
    </p>
   </div>
   <div class='ocr_carea' id='block_1_17' title="bbox 197 1493 1776 1572">
    <p class='ocr_par' dir='ltr' id='par_1_17' title="bbox 197 1493 1776 1572">
     <span class='ocr_line' id='line_1_17' title="bbox 197 1493 1776 1572; baseline 0.005 -26"><span class='ocrx_word' id='word_1_94' title='bbox 197 1493 438 1565; x_wconf 78' lang='grc' dir='ltr'>λοιμοῖς,</span> <span class='ocrx_word' id='word_1_95' title='bbox 476 1495 572 1548; x_wconf 83' lang='grc' dir='ltr'>καὶ</span> <span class='ocrx_word' id='word_1_96' title='bbox 601 1495 771 1571; x_wconf 83' lang='grc' dir='ltr'>λάϐῃς</span> <span class='ocrx_word' id='word_1_97' title='bbox 810 1496 992 1568; x_wconf 84' lang='grc' dir='ltr'>σαυτῷ</span> <span class='ocrx_word' id='word_1_98' title='bbox 1023 1498 1268 1569; x_wconf 87' lang='grc' dir='ltr'>βρόχους.</span> <span class='ocrx_word' id='word_1_99' title='bbox 1312 1500 1504 1555; x_wconf 79' lang='grc' dir='ltr'>Πολλοὶ</span> <span class='ocrx_word' id='word_1_100' title='bbox 1541 1503 1655 1572; x_wconf 73' lang='grc' dir='ltr'>γὰρ,</span> <span class='ocrx_word' id='word_1_101' title='bbox 1685 1502 1776 1554; x_wconf 81' lang='grc' dir='ltr'>εὐ-</span> 
     </span>
    </p>
   </div>
   <div class='ocr_carea' id='block_1_18' title="bbox 198 1585 1775 1664">
    <p class='ocr_par' dir='ltr' id='par_1_18' title="bbox 198 1585 1775 1664">
     <span class='ocr_line' id='line_1_18' title="bbox 198 1585 1775 1664; baseline 0.005 -27"><span class='ocrx_word' id='word_1_102' title='bbox 198 1585 506 1656; x_wconf 84' lang='grc' dir='ltr'>ρίσκονται,</span> <span class='ocrx_word' id='word_1_103' title='bbox 532 1588 627 1640; x_wconf 80' lang='grc' dir='ltr'>καὶ</span> <span class='ocrx_word' id='word_1_104' title='bbox 651 1588 888 1659; x_wconf 77' lang='grc' dir='ltr'>μάλιστα</span> <span class='ocrx_word' id='word_1_105' title='bbox 916 1588 1169 1660; x_wconf 82' lang='grc' dir='ltr'>νεώτεροι</span> <span class='ocrx_word' id='word_1_106' title='bbox 1204 1591 1455 1661; x_wconf 78' lang='grc' dir='ltr'>ἄφρονες,</span> <span class='ocrx_word' id='word_1_107' title='bbox 1492 1594 1585 1646; x_wconf 80' lang='grc' dir='ltr'>καὶ</span> <span class='ocrx_word' id='word_1_108' title='bbox 1615 1593 1775 1664; x_wconf 84' lang='grc' dir='ltr'>φιλή-</span> 
     </span>
    </p>
   </div>
   <div class='ocr_carea' id='block_1_19' title="bbox 196 1674 1771 1756">
    <p class='ocr_par' dir='ltr' id='par_1_19' title="bbox 196 1674 1771 1756">
     <span class='ocr_line' id='line_1_19' title="bbox 196 1674 1771 1756; baseline 0.008 -28"><span class='ocrx_word' id='word_1_109' title='bbox 196 1674 358 1741; x_wconf 87' lang='grc' dir='ltr'>δονοι,</span> <span class='ocrx_word' id='word_1_110' title='bbox 391 1678 627 1749; x_wconf 80' lang='grc' dir='ltr'>ἀνομίας</span> <span class='ocrx_word' id='word_1_111' title='bbox 674 1680 942 1751; x_wconf 85' lang='grc' dir='ltr'>ἐργάται,</span> <span class='ocrx_word' id='word_1_112' title='bbox 997 1683 1093 1736; x_wconf 74' lang='grc' dir='ltr'>καὶ</span> <span class='ocrx_word' id='word_1_113' title='bbox 1134 1683 1336 1746; x_wconf 85' lang='grc' dir='ltr'>παντὸς</span> <span class='ocrx_word' id='word_1_114' title='bbox 1367 1684 1542 1753; x_wconf 80' lang='grc' dir='ltr'>ῥύπου</span> <span class='ocrx_word' id='word_1_115' title='bbox 1570 1687 1771 1756; x_wconf 87' lang='grc' dir='ltr'>δοχεῖα,</span> 
     </span>
    </p>
   </div>
   <div class='ocr_carea' id='block_1_20' title="bbox 199 1764 1771 1849">
    <p class='ocr_par' dir='ltr' id='par_1_20' title="bbox 199 1764 1771 1849">
     <span class='ocr_line' id='line_1_20' title="bbox 199 1764 1771 1849; baseline 0.01 -32"><span class='ocrx_word' id='word_1_116' title='bbox 199 1764 535 1833; x_wconf 81' lang='grc' dir='ltr'>βλάπτοντες</span> <span class='ocrx_word' id='word_1_117' title='bbox 576 1768 645 1823; x_wconf 86' lang='grc' dir='ltr'><strong>τά</strong></span> <span class='ocrx_word' id='word_1_118' title='bbox 684 1769 894 1841; x_wconf 60' lang='grc' dir='ltr'>μεγάλα</span> <span class='ocrx_word' id='word_1_119' title='bbox 947 1772 1074 1837; x_wconf 84' lang='grc' dir='ltr'><strong>τούς</strong></span> <span class='ocrx_word' id='word_1_120' title='bbox 1125 1773 1307 1837; x_wconf 83' lang='grc' dir='ltr'>αὐτοῖς</span> <span class='ocrx_word' id='word_1_121' title='bbox 1359 1774 1771 1849; x_wconf 74' lang='grc' dir='ltr'>πλησιάζοντας.</span> 
     </span>
    </p>
   </div>
   <div class='ocr_carea' id='block_1_21' title="bbox 196 1858 1771 1939">
    <p class='ocr_par' dir='ltr' id='par_1_21' title="bbox 196 1858 1771 1939">
     <span class='ocr_line' id='line_1_21' title="bbox 196 1858 1771 1939; baseline 0.009 -29"><span class='ocrx_word' id='word_1_122' title='bbox 196 1858 371 1927; x_wconf 63' lang='grc' dir='ltr'>Φεῦγε</span> <span class='ocrx_word' id='word_1_123' title='bbox 419 1860 606 1915; x_wconf 90' lang='grc' dir='ltr'>τοίνυν</span> <span class='ocrx_word' id='word_1_124' title='bbox 636 1860 737 1933; x_wconf 80' lang='grc' dir='ltr'>τὴν</span> <span class='ocrx_word' id='word_1_125' title='bbox 775 1861 971 1934; x_wconf 84' lang='grc' dir='ltr'>λύμην,</span> <span class='ocrx_word' id='word_1_126' title='bbox 1006 1865 1223 1922; x_wconf 76' lang='grc' dir='ltr'>καὶτὸν</span> <span class='ocrx_word' id='word_1_127' title='bbox 1258 1866 1515 1939; x_wconf 82' lang='grc' dir='ltr'>βόρϐορον</span> <span class='ocrx_word' id='word_1_128' title='bbox 1550 1870 1771 1939; x_wconf 61' lang='grc' dir='ltr'>τούτων,</span> 
     </span>
    </p>
   </div>
   <div class='ocr_carea' id='block_1_22' title="bbox 198 1952 1777 2032">
    <p class='ocr_par' dir='ltr' id='par_1_22' title="bbox 198 1952 1777 2032">
     <span class='ocr_line' id='line_1_22' title="bbox 198 1952 1777 2032; baseline 0.009 -30"><span class='ocrx_word' id='word_1_129' title='bbox 198 1952 597 2024; x_wconf 81' lang='grc' dir='ltr'>προκαρτερῶν</span> <span class='ocrx_word' id='word_1_130' title='bbox 622 1957 735 2018; x_wconf 76' lang='grc' dir='ltr'>τοῖς</span> <span class='ocrx_word' id='word_1_131' title='bbox 764 1958 1117 2028; x_wconf 86' lang='grc' dir='ltr'>γεγεννηκόσι</span> <span class='ocrx_word' id='word_1_132' title='bbox 1155 1975 1215 2012; x_wconf 89' lang='grc' dir='ltr'><strong>σε</strong></span> <span class='ocrx_word' id='word_1_133' title='bbox 1255 1960 1648 2032; x_wconf 82' lang='grc' dir='ltr'>φιλοστόργως,</span> <span class='ocrx_word' id='word_1_134' title='bbox 1684 1965 1777 2018; x_wconf 73' lang='grc' dir='ltr'><strong>καὶ</strong></span> 
     </span>
    </p>
   </div>
   <div class='ocr_carea' id='block_1_23' title="bbox 195 2040 1774 2121">
    <p class='ocr_par' dir='ltr' id='par_1_23' title="bbox 195 2040 1774 2121">
     <span class='ocr_line' id='line_1_23' title="bbox 195 2040 1774 2121; baseline 0.009 -29"><span class='ocrx_word' id='word_1_135' title='bbox 195 2040 373 2111; x_wconf 83' lang='grc' dir='ltr'>τιμῶν</span> <span class='ocrx_word' id='word_1_136' title='bbox 412 2044 640 2119; x_wconf 77' lang='grc' dir='ltr'>τούτους</span> <span class='ocrx_word' id='word_1_137' title='bbox 690 2044 1174 2115; x_wconf 62' lang='grc' dir='ltr'>ὑπερϐαλλόντως,</span> <span class='ocrx_word' id='word_1_138' title='bbox 1226 2051 1335 2111; x_wconf 25' lang='grc' dir='ltr'>καὶ,</span> <span class='ocrx_word' id='word_1_139' title='bbox 1371 2053 1601 2121; x_wconf 69' lang='grc' dir='ltr'>σωιχῶν</span> <span class='ocrx_word' id='word_1_140' title='bbox 1653 2056 1774 2118; x_wconf 86' lang='grc' dir='ltr'>ταῖς</span> 
     </span>
    </p>
   </div>
   <div class='ocr_carea' id='block_1_24' title="bbox 197 2133 1776 2215">
    <p class='ocr_par' dir='ltr' id='par_1_24' title="bbox 197 2133 1776 2215">
     <span class='ocr_line' id='line_1_24' title="bbox 197 2133 1776 2215; baseline 0.006 -28"><span class='ocrx_word' id='word_1_141' title='bbox 197 2133 503 2198; x_wconf 81' lang='grc' dir='ltr'>νουθεσίαις</span> <span class='ocrx_word' id='word_1_142' title='bbox 527 2173 543 2199; x_wconf 90' lang='grc'><strong>,</strong></span> <span class='ocrx_word' id='word_1_143' title='bbox 590 2135 685 2190; x_wconf 74' lang='grc' dir='ltr'><strong>καὶ</strong></span> <span class='ocrx_word' id='word_1_144' title='bbox 729 2140 849 2201; x_wconf 89' lang='grc' dir='ltr'>ταῖς</span> <span class='ocrx_word' id='word_1_145' title='bbox 887 2141 1218 2210; x_wconf 80' lang='grc' dir='ltr'>προσευχαῖς</span> <span class='ocrx_word' id='word_1_146' title='bbox 1258 2141 1436 2205; x_wconf 89' lang='grc' dir='ltr'>αὐτῶν</span> <span class='ocrx_word' id='word_1_147' title='bbox 1476 2160 1776 2215; x_wconf 79' lang='grc' dir='ltr'>περιχαρα-</span> 
     </span>
    </p>
   </div>
   <div class='ocr_carea' id='block_1_25' title="bbox 198 2224 1774 2307">
    <p class='ocr_par' dir='ltr' id='par_1_25' title="bbox 198 2224 1774 2307">
     <span class='ocr_line' id='line_1_25' title="bbox 198 2224 1774 2307; baseline 0.008 -30"><span class='ocrx_word' id='word_1_148' title='bbox 198 2224 467 2295; x_wconf 81' lang='grc' dir='ltr'>κούμενος</span> <span class='ocrx_word' id='word_1_149' title='bbox 488 2243 503 2259; x_wconf 78' lang='grc' dir='ltr'><strong>ο</strong></span> <span class='ocrx_word' id='word_1_150' title='bbox 543 2227 651 2283; x_wconf 79' lang='grc' dir='ltr'>κᾶν</span> <span class='ocrx_word' id='word_1_151' title='bbox 679 2228 790 2300; x_wconf 81' lang='grc' dir='ltr'>γὰρ</span> <span class='ocrx_word' id='word_1_152' title='bbox 826 2232 1010 2284; x_wconf 82' lang='grc' dir='ltr'>πᾶσαν</span> <span class='ocrx_word' id='word_1_153' title='bbox 1035 2231 1328 2303; x_wconf 86' lang='grc' dir='ltr'>θεραπείαν</span> <span class='ocrx_word' id='word_1_154' title='bbox 1355 2234 1565 2300; x_wconf 82' lang='grc' dir='ltr'>τούτοις</span> <span class='ocrx_word' id='word_1_155' title='bbox 1607 2253 1774 2307; x_wconf 83' lang='grc' dir='ltr'>προσ-</span> 
     </span>
    </p>
   </div>
   <div class='ocr_carea' id='block_1_26' title="bbox 197 2312 1774 2397">
    <p class='ocr_par' dir='ltr' id='par_1_26' title="bbox 197 2312 1774 2397">
     <span class='ocr_line' id='line_1_26' title="bbox 197 2312 1774 2397; baseline 0.01 -31"><span class='ocrx_word' id='word_1_156' title='bbox 197 2315 452 2387; x_wconf 78' lang='grc' dir='ltr'>ενέγκῃς,</span> <span class='ocrx_word' id='word_1_157' title='bbox 494 2316 613 2371; x_wconf 83' lang='grc' dir='ltr'>ἀλλ’</span> <span class='ocrx_word' id='word_1_158' title='bbox 650 2312 744 2371; x_wconf 78' lang='grc' dir='ltr'>οὖν</span> <span class='ocrx_word' id='word_1_159' title='bbox 773 2334 837 2387; x_wconf 81' lang='grc' dir='ltr'><strong>γε</strong></span> <span class='ocrx_word' id='word_1_160' title='bbox 865 2319 1242 2393; x_wconf 85' lang='grc' dir='ltr'>ἀντιγεννῆσαι</span> <span class='ocrx_word' id='word_1_161' title='bbox 1297 2323 1494 2390; x_wconf 83' lang='grc' dir='ltr'>αὐτοὺς</span> <span class='ocrx_word' id='word_1_162' title='bbox 1525 2326 1774 2397; x_wconf 82' lang='grc' dir='ltr'>οὐδαμῶς</span> 
     </span>
    </p>
   </div>
   <div class='ocr_carea' id='block_1_27' title="bbox 196 2403 507 2479">
    <p class='ocr_par' dir='ltr' id='par_1_27' title="bbox 196 2403 507 2479">
     <span class='ocr_line' id='line_1_27' title="bbox 196 2403 507 2479; baseline 0.01 -20"><span class='ocrx_word' id='word_1_163' title='bbox 196 2403 507 2479; x_wconf 75' lang='grc' dir='ltr'>δυνηθείης.</span> 
     </span>
    </p>
   </div>
   <div class='ocr_carea' id='block_1_28' title="bbox 546 2520 1435 2593">
    <p class='ocr_par' dir='ltr' id='par_1_28' title="bbox 546 2520 1435 2593">
     <span class='ocr_line' id='line_1_28' title="bbox 546 2520 1435 2593; baseline 0.004 -19"><span class='ocrx_word' id='word_1_164' title='bbox 546 2520 664 2575; x_wconf 84' lang='grc' dir='ltr'><strong>ΣΖ’.</strong></span> <span class='ocrx_word' id='word_1_165' title='bbox 694 2549 767 2562; x_wconf 92' lang='grc'><strong><em>-</em></strong></span> <span class='ocrx_word' id='word_1_166' title='bbox 793 2520 1096 2593; x_wconf 58' lang='grc' dir='ltr'><strong>ΘΕΟΦΙΛῼι</strong></span> <span class='ocrx_word' id='word_1_167' title='bbox 1114 2524 1435 2579; x_wconf 76' lang='grc' dir='ltr'><strong>ΑΒΔΚΊῚΣ.</strong></span> 
     </span>
    </p>
   </div>
   <div class='ocr_carea' id='block_1_29' title="bbox 264 2609 1773 2687">
    <p class='ocr_par' dir='ltr' id='par_1_29' title="bbox 264 2609 1773 2687">
     <span class='ocr_line' id='line_1_29' title="bbox 264 2609 1773 2687; baseline 0.003 -21"><span class='ocrx_word' id='word_1_168' title='bbox 264 2609 395 2666; x_wconf 89' lang='grc' dir='ltr'>Ὅτι</span> <span class='ocrx_word' id='word_1_169' title='bbox 422 2611 477 2664; x_wconf 89' lang='grc' dir='ltr'><strong>οί</strong></span> <span class='ocrx_word' id='word_1_170' title='bbox 502 2610 597 2666; x_wconf 80' lang='grc' dir='ltr'>τὸν</span> <span class='ocrx_word' id='word_1_171' title='bbox 629 2612 836 2666; x_wconf 85' lang='grc' dir='ltr'>δίκαιον</span> <span class='ocrx_word' id='word_1_172' title='bbox 876 2613 1058 2684; x_wconf 81' lang='grc' dir='ltr'>ἀνδρα,</span> <span class='ocrx_word' id='word_1_173' title='bbox 1079 2614 1455 2686; x_wconf 81' lang='grc' dir='ltr'>εὐφημοῦντες</span> <span class='ocrx_word' id='word_1_174' title='bbox 1489 2617 1773 2687; x_wconf 80' lang='grc' dir='ltr'>εὐλογοῦν-</span> 
     </span>
    </p>
   </div>
   <div class='ocr_carea' id='block_1_30' title="bbox 194 2702 1776 2781">
    <p class='ocr_par' dir='ltr' id='par_1_30' title="bbox 194 2702 1776 2781">
     <span class='ocr_line' id='line_1_30' title="bbox 194 2702 1776 2781; baseline 0.004 -24"><span class='ocrx_word' id='word_1_175' title='bbox 194 2718 285 2757; x_wconf 87' lang='grc' dir='ltr'><strong>ται</strong></span> <span class='ocrx_word' id='word_1_176' title='bbox 315 2702 479 2775; x_wconf 79' lang='grc' dir='ltr'><strong>παρά</strong></span> <span class='ocrx_word' id='word_1_177' title='bbox 512 2702 673 2771; x_wconf 81' lang='grc' dir='ltr'>Θεοῦ,</span> <span class='ocrx_word' id='word_1_178' title='bbox 710 2707 808 2759; x_wconf 78' lang='grc' dir='ltr'><strong>καὶ</strong></span> <span class='ocrx_word' id='word_1_179' title='bbox 851 2706 1062 2777; x_wconf 87' lang='grc' dir='ltr'>μυρίων</span> <span class='ocrx_word' id='word_1_180' title='bbox 1095 2706 1187 2761; x_wconf 82' lang='grc' dir='ltr'><strong>διά</strong></span> <span class='ocrx_word' id='word_1_181' title='bbox 1218 2709 1379 2762; x_wconf 84' lang='grc' dir='ltr'>τοῦτο</span> <span class='ocrx_word' id='word_1_182' title='bbox 1415 2710 1776 2781; x_wconf 84' lang='grc' dir='ltr'>τυγχάνουσιν</span> 
     </span>
    </p>
   </div>
   <div class='ocr_carea' id='block_1_31' title="bbox 192 2795 1777 2875">
    <p class='ocr_par' dir='ltr' id='par_1_31' title="bbox 192 2795 1777 2875">
     <span class='ocr_line' id='line_1_31' title="bbox 192 2795 1777 2875; baseline 0.005 -26"><span class='ocrx_word' id='word_1_183' title='bbox 192 2795 447 2866; x_wconf 76' lang='grc' dir='ltr'>ἀγαθῶν,</span> <span class='ocrx_word' id='word_1_184' title='bbox 477 2798 528 2851; x_wconf 81' lang='grc' dir='ltr'><strong>οι</strong></span> <span class='ocrx_word' id='word_1_185' title='bbox 556 2796 615 2850; x_wconf 87' lang='grc' dir='ltr'>δὲ</span> <span class='ocrx_word' id='word_1_186' title='bbox 644 2797 902 2871; x_wconf 81' lang='grc' dir='ltr'>λοιδορεῖν</span> <span class='ocrx_word' id='word_1_187' title='bbox 931 2798 1239 2869; x_wconf 75' lang='grc' dir='ltr'>τολμῶντες</span> <span class='ocrx_word' id='word_1_188' title='bbox 1266 2801 1586 2871; x_wconf 77' lang='grc' dir='ltr'>ἀνηκέστοις</span> <span class='ocrx_word' id='word_1_189' title='bbox 1622 2821 1777 2875; x_wconf 84' lang='grc' dir='ltr'>περι·</span> 
     </span>
    </p>
   </div>
   <div class='ocr_carea' id='block_1_32' title="bbox 192 2887 1776 2967">
    <p class='ocr_par' dir='ltr' id='par_1_32' title="bbox 192 2887 1776 2967">
     <span class='ocr_line' id='line_1_32' title="bbox 192 2887 1776 2967; baseline 0.007 -27"><span class='ocrx_word' id='word_1_190' title='bbox 192 2887 499 2944; x_wconf 71' lang='grc' dir='ltr'>πεσοῦνται</span> <span class='ocrx_word' id='word_1_191' title='bbox 551 2892 742 2956; x_wconf 79' lang='grc' dir='ltr'>κακοῖς</span> <span class='ocrx_word' id='word_1_192' title='bbox 764 2931 781 2957; x_wconf 91' lang='grc'><strong>,</strong></span> <span class='ocrx_word' id='word_1_193' title='bbox 846 2891 1077 2946; x_wconf 79' lang='grc' dir='ltr'>ἀκουτον</span> <span class='ocrx_word' id='word_1_194' title='bbox 1123 2891 1179 2945; x_wconf 91' lang='grc' dir='ltr'><strong>τί</strong></span> <span class='ocrx_word' id='word_1_195' title='bbox 1225 2891 1373 2963; x_wconf 82' lang='grc' dir='ltr'>λέγει</span> <span class='ocrx_word' id='word_1_196' title='bbox 1427 2897 1456 2949; x_wconf 85' lang='grc' dir='ltr'>ὁ</span> <span class='ocrx_word' id='word_1_197' title='bbox 1510 2895 1644 2961; x_wconf 75' lang='grc' dir='ltr'>Θεὸς</span> <span class='ocrx_word' id='word_1_198' title='bbox 1696 2895 1776 2967; x_wconf 81' lang='grc' dir='ltr'>τῷ</span> 
     </span>
    </p>
   </div>
   <div class='ocr_carea' id='block_1_33' title="bbox 205 2977 1776 3055">
    <p class='ocr_par' dir='ltr' id='par_1_33' title="bbox 205 2977 1776 3055">
     <span class='ocr_line' id='line_1_33' title="bbox 205 2977 1776 3055; baseline 0.003 -20"><span class='ocrx_word' id='word_1_199' title='bbox 205 2977 470 3050; x_wconf 80' lang='grc' dir='ltr'>’Δϐραάμ</span> <span class='ocrx_word' id='word_1_200' title='bbox 496 2995 511 3009; x_wconf 74' lang='grc'><strong><em>⁸</em></strong></span> <span class='ocrx_word' id='word_1_201' title='bbox 548 2999 568 3033; x_wconf 75' lang='grc' dir='ltr'><strong>ι</strong></span> <span class='ocrx_word' id='word_1_202' title='bbox 607 2980 748 3044; x_wconf 80' lang='grc' dir='ltr'>Τοὺς</span> <span class='ocrx_word' id='word_1_203' title='bbox 788 2980 1145 3051; x_wconf 78' lang='grc' dir='ltr'>εὐλογοῦντάς</span> <span class='ocrx_word' id='word_1_204' title='bbox 1207 2998 1268 3035; x_wconf 90' lang='grc' dir='ltr'><strong>σε</strong></span> <span class='ocrx_word' id='word_1_205' title='bbox 1315 2982 1629 3055; x_wconf 83' lang='grc' dir='ltr'>εὐλογήσω,</span> <span class='ocrx_word' id='word_1_206' title='bbox 1682 2988 1776 3040; x_wconf 82' lang='grc' dir='ltr'><strong>καὶ</strong></span> 
     </span>
    </p>
   </div>
   <div class='ocr_carea' id='block_1_34' title="bbox 1875 460 3444 539">
    <p class='ocr_par' dir='ltr' id='par_1_34' title="bbox 1875 460 3444 539">
     <span class='ocr_line' id='line_1_34' title="bbox 1875 460 3444 539; baseline -0.006 -15"><span class='ocrx_word' id='word_1_207' title='bbox 1875 469 2159 529; x_wconf 78' lang='lat' dir='ltr'><strong>insomnes</strong></span> <span class='ocrx_word' id='word_1_208' title='bbox 2191 474 2383 539; x_wconf 83' lang='lat' dir='ltr'><strong>agunt,</strong></span> <span class='ocrx_word' id='word_1_209' title='bbox 2425 474 2481 522; x_wconf 92' lang='lat' dir='ltr'><strong>et</strong></span> <span class='ocrx_word' id='word_1_210' title='bbox 2501 464 2679 522; x_wconf 81' lang='lat' dir='ltr'><strong>cereis</strong></span> <span class='ocrx_word' id='word_1_211' title='bbox 2705 460 3157 533; x_wconf 80' lang='lat' dir='ltr'><strong>lampadibusque</strong></span> <span class='ocrx_word' id='word_1_212' title='bbox 3195 460 3444 515; x_wconf 84' lang='lat' dir='ltr'><strong>accensis</strong></span> 
     </span>
    </p>
   </div>
   <div class='ocr_carea' id='block_1_35' title="bbox 1874 558 3441 633">
    <p class='ocr_par' dir='ltr' id='par_1_35' title="bbox 1874 558 3441 633">
     <span class='ocr_line' id='line_1_35' title="bbox 1874 558 3441 633; baseline -0.008 -16"><span class='ocrx_word' id='word_1_213' title='bbox 1874 562 2170 633; x_wconf 77' lang='lat' dir='ltr'><strong>vigilantes</strong></span> <span class='ocrx_word' id='word_1_214' title='bbox 2226 560 2510 615; x_wconf 80' lang='lat' dir='ltr'><strong>daemones</strong></span> <span class='ocrx_word' id='word_1_215' title='bbox 2560 558 2843 622; x_wconf 84' lang='lat' dir='ltr'><strong>invocant.</strong></span> <span class='ocrx_word' id='word_1_216' title='bbox 2912 570 3202 628; x_wconf 82' lang='lat' dir='ltr'><strong>quousque</strong></span> <span class='ocrx_word' id='word_1_217' title='bbox 3253 569 3441 619; x_wconf 82' lang='lat' dir='ltr'><strong>eorum</strong></span> 
     </span>
    </p>
   </div>
   <div class='ocr_carea' id='block_1_36' title="bbox 1876 643 3443 725">
    <p class='ocr_par' dir='ltr' id='par_1_36' title="bbox 1876 643 3443 725">
     <span class='ocr_line' id='line_1_36' title="bbox 1876 643 3443 725; baseline -0.009 -16"><span class='ocrx_word' id='word_1_218' title='bbox 1876 652 2246 725; x_wconf 75' lang='lat' dir='ltr'><strong>apparitionis</strong></span> <span class='ocrx_word' id='word_1_219' title='bbox 2284 659 2571 722; x_wconf 86' lang='lat' dir='ltr'><strong>compotes</strong></span> <span class='ocrx_word' id='word_1_220' title='bbox 2622 650 2797 705; x_wconf 85' lang='lat' dir='ltr'><strong>ﬁant:</strong></span> <span class='ocrx_word' id='word_1_221' title='bbox 2834 657 2889 705; x_wconf 92' lang='lat' dir='ltr'><strong>et</strong></span> <span class='ocrx_word' id='word_1_222' title='bbox 2942 664 3008 704; x_wconf 83' lang='lat' dir='ltr'><strong>ex</strong></span> <span class='ocrx_word' id='word_1_223' title='bbox 3068 647 3152 701; x_wconf 91' lang='lat' dir='ltr'><strong>his</strong></span> <span class='ocrx_word' id='word_1_224' title='bbox 3197 643 3443 715; x_wconf 79' lang='lat' dir='ltr'><strong>quaedam</strong></span> 
     </span>
    </p>
   </div>
   <div class='ocr_carea' id='block_1_37' title="bbox 1874 736 3447 817">
    <p class='ocr_par' dir='ltr' id='par_1_37' title="bbox 1874 736 3447 817">
     <span class='ocr_line' id='line_1_37' title="bbox 1874 736 3447 817; baseline -0.008 -14"><span class='ocrx_word' id='word_1_225' title='bbox 1874 761 2040 817; x_wconf 91' lang='lat' dir='ltr'><strong>opere</strong></span> <span class='ocrx_word' id='word_1_226' title='bbox 2075 752 2360 816; x_wconf 65' lang='lat' dir='ltr'><strong>praestant,</strong></span> <span class='ocrx_word' id='word_1_227' title='bbox 2416 743 2670 813; x_wconf 86' lang='lat' dir='ltr'><strong>plurimis</strong></span> <span class='ocrx_word' id='word_1_228' title='bbox 2716 756 2848 812; x_wconf 86' lang='lat' dir='ltr'><strong>vero</strong></span> <span class='ocrx_word' id='word_1_229' title='bbox 2899 739 3257 799; x_wconf 75' lang='lat' dir='ltr'><strong>frustrantur.</strong></span> <span class='ocrx_word' id='word_1_230' title='bbox 3306 736 3447 799; x_wconf 51' lang='lat' dir='ltr'><strong>Came</strong></span> 
     </span>
    </p>
   </div>
   <div class='ocr_carea' id='block_1_38' title="bbox 1874 832 3093 907">
    <p class='ocr_par' dir='ltr' id='par_1_38' title="bbox 1874 832 3093 907">
     <span class='ocr_line' id='line_1_38' title="bbox 1874 832 3093 907; baseline -0.005 -16"><span class='ocrx_word' id='word_1_231' title='bbox 1874 837 2062 907; x_wconf 79' lang='lat' dir='ltr'><strong>igitur,</strong></span> <span class='ocrx_word' id='word_1_232' title='bbox 2102 851 2173 891; x_wconf 90' lang='lat' dir='ltr'><strong>ne</strong></span> <span class='ocrx_word' id='word_1_233' title='bbox 2212 851 2310 907; x_wconf 89' lang='lat' dir='ltr'><strong>per</strong></span> <span class='ocrx_word' id='word_1_234' title='bbox 2334 849 2430 891; x_wconf 87' lang='lat' dir='ltr'><strong>eos</strong></span> <span class='ocrx_word' id='word_1_235' title='bbox 2476 835 2531 889; x_wconf 92' lang='lat' dir='ltr'><strong>in</strong></span> <span class='ocrx_word' id='word_1_236' title='bbox 2566 834 2820 904; x_wconf 87' lang='lat' dir='ltr'><strong>laqueum</strong></span> <span class='ocrx_word' id='word_1_237' title='bbox 2857 832 3093 887; x_wconf 85' lang='lat' dir='ltr'><strong>incidas.</strong></span> 
     </span>
    </p>
   </div>
   <div class='ocr_carea' id='block_1_39' title="bbox 2064 935 3254 1001">
    <p class='ocr_par' dir='ltr' id='par_1_39' title="bbox 2064 935 3254 1001">
     <span class='ocr_line' id='line_1_39' title="bbox 2064 935 3254 1001; baseline -0.008 -2"><span class='ocrx_word' id='word_1_238' title='bbox 2064 941 2244 1001; x_wconf 77' lang='lat' dir='ltr'><strong>CCVI.</strong></span> <span class='ocrx_word' id='word_1_239' title='bbox 2270 970 2347 984; x_wconf 90' lang='lat'><strong>—</strong></span> <span class='ocrx_word' id='word_1_240' title='bbox 2382 939 2621 997; x_wconf 75' lang='lat' dir='ltr'><strong>JOANNI</strong></span> <span class='ocrx_word' id='word_1_241' title='bbox 2652 938 2937 995; x_wconf 80' lang='lat' dir='ltr'><strong>PRIMATI</strong></span> <span class='ocrx_word' id='word_1_242' title='bbox 2966 935 3254 995; x_wconf 73' lang='lat' dir='ltr'><strong>IUNIORI.</strong></span> 
     </span>
    </p>
   </div>
   <div class='ocr_carea' id='block_1_40' title="bbox 1952 1026 3449 1104">
    <p class='ocr_par' dir='ltr' id='par_1_40' title="bbox 1952 1026 3449 1104">
     <span class='ocr_line' id='line_1_40' title="bbox 1952 1026 3449 1104; baseline -0.006 -15"><span class='ocrx_word' id='word_1_243' title='bbox 1952 1054 1970 1089; x_wconf 79' lang='grc' dir='ltr'><strong>ι</strong></span> <span class='ocrx_word' id='word_1_244' title='bbox 2016 1033 2239 1089; x_wconf 82' lang='lat' dir='ltr'><strong>Honora</strong></span> <span class='ocrx_word' id='word_1_245' title='bbox 2282 1041 2491 1104; x_wconf 82' lang='lat' dir='ltr'><strong>patrem</strong></span> <span class='ocrx_word' id='word_1_246' title='bbox 2527 1040 2582 1087; x_wconf 92' lang='lat' dir='ltr'><strong>et</strong></span> <span class='ocrx_word' id='word_1_247' title='bbox 2618 1043 2848 1087; x_wconf 91' lang='lat' dir='ltr'><strong>matrem</strong></span> <span class='ocrx_word' id='word_1_248' title='bbox 2881 1039 3054 1094; x_wconf 91' lang='lat' dir='ltr'><strong>tuam,</strong></span> <span class='ocrx_word' id='word_1_249' title='bbox 3101 1037 3159 1083; x_wconf 89' lang='lat' dir='ltr'><strong>ut</strong></span> <span class='ocrx_word' id='word_1_250' title='bbox 3191 1026 3449 1083; x_wconf 86' lang='lat' dir='ltr'><strong>benetibi</strong></span> 
     </span>
    </p>
   </div>
   <div class='ocr_carea' id='block_1_41' title="bbox 1875 1118 3447 1192">
    <p class='ocr_par' dir='ltr' id='par_1_41' title="bbox 1875 1118 3447 1192">
     <span class='ocr_line' id='line_1_41' title="bbox 1875 1118 3447 1192; baseline -0.006 -11"><span class='ocrx_word' id='word_1_251' title='bbox 1875 1129 1950 1182; x_wconf 86' lang='lat' dir='ltr'><strong>sit</strong></span> <span class='ocrx_word' id='word_1_252' title='bbox 1979 1128 2066 1180; x_wconf 80' lang='lat' dir='ltr'><strong>&quot;z</strong></span> <span class='ocrx_word' id='word_1_253' title='bbox 2105 1144 2123 1178; x_wconf 72' lang='grc' dir='ltr'><strong>ι</strong></span> <span class='ocrx_word' id='word_1_254' title='bbox 2155 1126 2230 1179; x_wconf 87' lang='lat' dir='ltr'><strong>ita</strong></span> <span class='ocrx_word' id='word_1_255' title='bbox 2273 1123 2544 1179; x_wconf 90' lang='lat' dir='ltr'><strong>Dominus</strong></span> <span class='ocrx_word' id='word_1_256' title='bbox 2585 1122 2704 1192; x_wconf 84' lang='lat' dir='ltr'><strong>lege</strong></span> <span class='ocrx_word' id='word_1_257' title='bbox 2749 1121 3003 1179; x_wconf 84' lang='lat' dir='ltr'><strong>sancivit.</strong></span> <span class='ocrx_word' id='word_1_258' title='bbox 3041 1118 3119 1185; x_wconf 82' lang='lat' dir='ltr'><strong>Ne</strong></span> <span class='ocrx_word' id='word_1_259' title='bbox 3166 1119 3352 1189; x_wconf 85' lang='lat' dir='ltr'><strong>itaque</strong></span> <span class='ocrx_word' id='word_1_260' title='bbox 3401 1120 3447 1172; x_wconf 87' lang='lat' dir='ltr'><strong>si</strong></span> 
     </span>
    </p>
   </div>
   <div class='ocr_carea' id='block_1_42' title="bbox 1879 1212 3448 1285">
    <p class='ocr_par' dir='ltr' id='par_1_42' title="bbox 1879 1212 3448 1285">
     <span class='ocr_line' id='line_1_42' title="bbox 1879 1212 3448 1285; baseline -0.004 -14"><span class='ocrx_word' id='word_1_261' title='bbox 1879 1219 1992 1271; x_wconf 75' lang='lat' dir='ltr'><strong>fieri</strong></span> <span class='ocrx_word' id='word_1_262' title='bbox 2026 1226 2226 1285; x_wconf 85' lang='lat' dir='ltr'><strong>potest,</strong></span> <span class='ocrx_word' id='word_1_263' title='bbox 2266 1216 2353 1270; x_wconf 86' lang='lat' dir='ltr'><strong>vel</strong></span> <span class='ocrx_word' id='word_1_264' title='bbox 2408 1230 2520 1270; x_wconf 92' lang='lat' dir='ltr'><strong>uno</strong></span> <span class='ocrx_word' id='word_1_265' title='bbox 2558 1222 2838 1270; x_wconf 83' lang='lat' dir='ltr'><strong>momento</strong></span> <span class='ocrx_word' id='word_1_266' title='bbox 2882 1212 3149 1282; x_wconf 86' lang='lat' dir='ltr'><strong>temporis</strong></span> <span class='ocrx_word' id='word_1_267' title='bbox 3190 1216 3448 1279; x_wconf 86' lang='lat' dir='ltr'><strong>parentes</strong></span> 
     </span>
    </p>
   </div>
   <div class='ocr_carea' id='block_1_43' title="bbox 1877 1303 3451 1376">
    <p class='ocr_par' dir='ltr' id='par_1_43' title="bbox 1877 1303 3451 1376">
     <span class='ocr_line' id='line_1_43' title="bbox 1877 1303 3451 1376; baseline -0.004 -15"><span class='ocrx_word' id='word_1_268' title='bbox 1877 1308 2135 1373; x_wconf 86' lang='lat' dir='ltr'><strong>deseras;</strong></span> <span class='ocrx_word' id='word_1_269' title='bbox 2178 1324 2245 1361; x_wconf 90' lang='lat' dir='ltr'><strong>ne</strong></span> <span class='ocrx_word' id='word_1_270' title='bbox 2282 1308 2581 1376; x_wconf 88' lang='lat' dir='ltr'><strong>aliquando</strong></span> <span class='ocrx_word' id='word_1_271' title='bbox 2621 1320 2812 1362; x_wconf 90' lang='lat' dir='ltr'><strong>eorum</strong></span> <span class='ocrx_word' id='word_1_272' title='bbox 2863 1303 3169 1374; x_wconf 80' lang='lat' dir='ltr'><strong>diligentia,</strong></span> <span class='ocrx_word' id='word_1_273' title='bbox 3213 1318 3347 1356; x_wconf 86' lang='lat' dir='ltr'><strong>cura</strong></span> <span class='ocrx_word' id='word_1_274' title='bbox 3385 1317 3451 1355; x_wconf 86' lang='lat' dir='ltr'><strong>ac</strong></span> 
     </span>
    </p>
   </div>
   <div class='ocr_carea' id='block_1_44' title="bbox 1876 1392 3447 1466">
    <p class='ocr_par' dir='ltr' id='par_1_44' title="bbox 1876 1392 3447 1466">
     <span class='ocr_line' id='line_1_44' title="bbox 1876 1392 3447 1466; baseline -0.004 -12"><span class='ocrx_word' id='word_1_275' title='bbox 1876 1396 2197 1455; x_wconf 78' lang='lat' dir='ltr'><strong>delinitione</strong></span> <span class='ocrx_word' id='word_1_276' title='bbox 2239 1400 2542 1455; x_wconf 90' lang='lat' dir='ltr'><strong>destitutus</strong></span> <span class='ocrx_word' id='word_1_277' title='bbox 2570 1399 2624 1453; x_wconf 88' lang='lat' dir='ltr'><strong>iu</strong></span> <span class='ocrx_word' id='word_1_278' title='bbox 2654 1398 2930 1460; x_wconf 86' lang='lat' dir='ltr'><strong>homines,</strong></span> <span class='ocrx_word' id='word_1_279' title='bbox 2952 1394 3048 1466; x_wconf 90' lang='lat' dir='ltr'><strong>qui</strong></span> <span class='ocrx_word' id='word_1_280' title='bbox 3081 1401 3211 1450; x_wconf 90' lang='lat' dir='ltr'><strong>sunt</strong></span> <span class='ocrx_word' id='word_1_281' title='bbox 3240 1392 3447 1448; x_wconf 86' lang='lat' dir='ltr'><strong>anima-</strong></span> 
     </span>
    </p>
   </div>
   <div class='ocr_carea' id='block_1_45' title="bbox 1878 1488 3451 1561">
    <p class='ocr_par' dir='ltr' id='par_1_45' title="bbox 1878 1488 3451 1561">
     <span class='ocr_line' id='line_1_45' title="bbox 1878 1488 3451 1561; baseline -0.004 -16"><span class='ocrx_word' id='word_1_282' title='bbox 1878 1508 1999 1547; x_wconf 90' lang='lat' dir='ltr'><strong>rum</strong></span> <span class='ocrx_word' id='word_1_283' title='bbox 2034 1494 2151 1548; x_wconf 89' lang='lat' dir='ltr'><strong>lues</strong></span> <span class='ocrx_word' id='word_1_284' title='bbox 2192 1508 2255 1546; x_wconf 90' lang='lat' dir='ltr'><strong>ac</strong></span> <span class='ocrx_word' id='word_1_285' title='bbox 2304 1493 2495 1561; x_wconf 88' lang='lat' dir='ltr'><strong>pestis,</strong></span> <span class='ocrx_word' id='word_1_286' title='bbox 2526 1490 2761 1551; x_wconf 86' lang='lat' dir='ltr'><strong>incidas.</strong></span> <span class='ocrx_word' id='word_1_287' title='bbox 2795 1488 3004 1559; x_wconf 87' lang='lat' dir='ltr'><strong>tibique</strong></span> <span class='ocrx_word' id='word_1_288' title='bbox 3041 1488 3267 1557; x_wconf 87' lang='lat' dir='ltr'><strong>laqueos</strong></span> <span class='ocrx_word' id='word_1_289' title='bbox 3300 1500 3451 1540; x_wconf 89' lang='lat' dir='ltr'><strong>com-</strong></span> 
     </span>
    </p>
   </div>
   <div class='ocr_carea' id='block_1_46' title="bbox 1877 1579 3447 1655">
    <p class='ocr_par' dir='ltr' id='par_1_46' title="bbox 1877 1579 3447 1655">
     <span class='ocr_line' id='line_1_46' title="bbox 1877 1579 3447 1655; baseline -0.003 -17"><span class='ocrx_word' id='word_1_290' title='bbox 1877 1600 2058 1655; x_wconf 84' lang='lat' dir='ltr'><strong>pares.</strong></span> <span class='ocrx_word' id='word_1_291' title='bbox 2100 1583 2251 1637; x_wconf 88' lang='lat' dir='ltr'><strong>Multi</strong></span> <span class='ocrx_word' id='word_1_292' title='bbox 2285 1599 2519 1651; x_wconf 83' lang='lat' dir='ltr'><strong>namque</strong></span> <span class='ocrx_word' id='word_1_293' title='bbox 2550 1590 2699 1645; x_wconf 86' lang='lat' dir='ltr'><strong>sunt,</strong></span> <span class='ocrx_word' id='word_1_294' title='bbox 2730 1589 2784 1637; x_wconf 89' lang='lat' dir='ltr'><strong>et</strong></span> <span class='ocrx_word' id='word_1_295' title='bbox 2814 1581 3167 1653; x_wconf 89' lang='lat' dir='ltr'><strong>potissimum</strong></span> <span class='ocrx_word' id='word_1_296' title='bbox 3195 1579 3447 1650; x_wconf 73' lang='lat' dir='ltr'><strong>iuniores</strong></span> 
     </span>
    </p>
   </div>
   <div class='ocr_carea' id='block_1_47' title="bbox 1878 1672 3415 1746">
    <p class='ocr_par' dir='ltr' id='par_1_47' title="bbox 1878 1672 3415 1746">
     <span class='ocr_line' id='line_1_47' title="bbox 1878 1672 3415 1746; baseline -0.002 -17"><span class='ocrx_word' id='word_1_297' title='bbox 1878 1677 2053 1740; x_wconf 89' lang='lat' dir='ltr'><strong>stulti,</strong></span> <span class='ocrx_word' id='word_1_298' title='bbox 2088 1689 2143 1729; x_wconf 90' lang='lat' dir='ltr'><strong>et</strong></span> <span class='ocrx_word' id='word_1_299' title='bbox 2174 1676 2539 1746; x_wconf 86' lang='lat' dir='ltr'><strong>voluptatibus</strong></span> <span class='ocrx_word' id='word_1_300' title='bbox 2571 1674 2737 1745; x_wconf 73' lang='grc'><strong>228</strong></span> <span class='ocrx_word' id='word_1_301' title='bbox 2759 1673 2951 1741; x_wconf 90' lang='lat' dir='ltr'><strong>dediti,</strong></span> <span class='ocrx_word' id='word_1_302' title='bbox 2988 1673 3296 1744; x_wconf 81' lang='lat' dir='ltr'><strong>iniquitatis</strong></span> <span class='ocrx_word' id='word_1_303' title='bbox 3322 1672 3415 1742; x_wconf 77' lang='lat' dir='ltr'><strong>Opi</strong></span> 
     </span>
    </p>
   </div>
   <div class='ocr_carea' id='block_1_48' title="bbox 1880 1764 3447 1837">
    <p class='ocr_par' dir='ltr' id='par_1_48' title="bbox 1880 1764 3447 1837">
     <span class='ocr_line' id='line_1_48' title="bbox 1880 1764 3447 1837; baseline -0.004 -14"><span class='ocrx_word' id='word_1_304' title='bbox 1880 1768 2032 1832; x_wconf 76' lang='lat' dir='ltr'><strong>lices,</strong></span> <span class='ocrx_word' id='word_1_305' title='bbox 2062 1777 2118 1823; x_wconf 91' lang='lat' dir='ltr'><strong>et</strong></span> <span class='ocrx_word' id='word_1_306' title='bbox 2150 1768 2397 1823; x_wconf 89' lang='lat' dir='ltr'><strong>sordium</strong></span> <span class='ocrx_word' id='word_1_307' title='bbox 2439 1768 2684 1823; x_wconf 86' lang='lat' dir='ltr'><strong>omnium</strong></span> <span class='ocrx_word' id='word_1_308' title='bbox 2717 1765 3083 1837; x_wconf 87' lang='lat' dir='ltr'><strong>receptacula,</strong></span> <span class='ocrx_word' id='word_1_309' title='bbox 3136 1766 3230 1834; x_wconf 88' lang='lat' dir='ltr'><strong>qui</strong></span> <span class='ocrx_word' id='word_1_310' title='bbox 3274 1764 3447 1817; x_wconf 74' lang='lat' dir='ltr'><strong>maxi-</strong></span> 
     </span>
    </p>
   </div>
   <div class='ocr_carea' id='block_1_49' title="bbox 1878 1857 3441 1929">
    <p class='ocr_par' dir='ltr' id='par_1_49' title="bbox 1878 1857 3441 1929">
     <span class='ocr_line' id='line_1_49' title="bbox 1878 1857 3441 1929; baseline -0.004 -14"><span class='ocrx_word' id='word_1_311' title='bbox 1878 1874 1964 1915; x_wconf 83' lang='lat' dir='ltr'><strong>ma</strong></span> <span class='ocrx_word' id='word_1_312' title='bbox 2013 1859 2359 1917; x_wconf 90' lang='lat' dir='ltr'><strong>incommoda</strong></span> <span class='ocrx_word' id='word_1_313' title='bbox 2404 1859 2495 1923; x_wconf 90' lang='lat' dir='ltr'><strong>iis,</strong></span> <span class='ocrx_word' id='word_1_314' title='bbox 2537 1860 2632 1928; x_wconf 85' lang='lat' dir='ltr'><strong>qui</strong></span> <span class='ocrx_word' id='word_1_315' title='bbox 2679 1873 2805 1914; x_wconf 90' lang='lat' dir='ltr'><strong>cum</strong></span> <span class='ocrx_word' id='word_1_316' title='bbox 2864 1857 3001 1929; x_wconf 88' lang='lat' dir='ltr'><strong>ipsis</strong></span> <span class='ocrx_word' id='word_1_317' title='bbox 3049 1865 3441 1919; x_wconf 89' lang='lat' dir='ltr'><strong>consuescunt,</strong></span> 
     </span>
    </p>
   </div>
   <div class='ocr_carea' id='block_1_50' title="bbox 1876 1948 3444 2020">
    <p class='ocr_par' dir='ltr' id='par_1_50' title="bbox 1876 1948 3444 2020">
     <span class='ocr_line' id='line_1_50' title="bbox 1876 1948 3444 2020; baseline -0.001 -17"><span class='ocrx_word' id='word_1_318' title='bbox 1876 1949 2130 2005; x_wconf 81' lang='lat' dir='ltr'><strong>aﬂ‘erunt.</strong></span> <span class='ocrx_word' id='word_1_319' title='bbox 2162 1948 2309 2020; x_wconf 88' lang='lat' dir='ltr'><strong>Fuge</strong></span> <span class='ocrx_word' id='word_1_320' title='bbox 2340 1950 2526 2018; x_wconf 89' lang='lat' dir='ltr'><strong>itaque</strong></span> <span class='ocrx_word' id='word_1_321' title='bbox 2552 1949 2698 2004; x_wconf 90' lang='lat' dir='ltr'><strong>luem</strong></span> <span class='ocrx_word' id='word_1_322' title='bbox 2724 1957 2779 2005; x_wconf 88' lang='lat' dir='ltr'><strong>et</strong></span> <span class='ocrx_word' id='word_1_323' title='bbox 2814 1950 3031 2004; x_wconf 89' lang='lat' dir='ltr'><strong>sordem</strong></span> <span class='ocrx_word' id='word_1_324' title='bbox 3054 1948 3218 2010; x_wconf 88' lang='lat' dir='ltr'><strong>hanc,</strong></span> <span class='ocrx_word' id='word_1_325' title='bbox 3246 1948 3444 2014; x_wconf 88' lang='lat' dir='ltr'><strong>amice,</strong></span> 
     </span>
    </p>
   </div>
   <div class='ocr_carea' id='block_1_51' title="bbox 1877 2040 3448 2112">
    <p class='ocr_par' dir='ltr' id='par_1_51' title="bbox 1877 2040 3448 2112">
     <span class='ocr_line' id='line_1_51' title="bbox 1877 2040 3448 2112; baseline -0.001 -15"><span class='ocrx_word' id='word_1_326' title='bbox 1877 2058 2001 2097; x_wconf 88' lang='lat' dir='ltr'><strong>cum</strong></span> <span class='ocrx_word' id='word_1_327' title='bbox 2032 2043 2351 2112; x_wconf 88' lang='lat' dir='ltr'><strong>parentibus</strong></span> <span class='ocrx_word' id='word_1_328' title='bbox 2376 2058 2484 2097; x_wconf 88' lang='lat' dir='ltr'><strong>una</strong></span> <span class='ocrx_word' id='word_1_329' title='bbox 2507 2042 2720 2107; x_wconf 81' lang='lat' dir='ltr'><strong>vivens,</strong></span> <span class='ocrx_word' id='word_1_330' title='bbox 2766 2047 2821 2097; x_wconf 91' lang='lat' dir='ltr'><strong>et</strong></span> <span class='ocrx_word' id='word_1_331' title='bbox 2858 2041 2992 2097; x_wconf 90' lang='lat' dir='ltr'><strong>totis</strong></span> <span class='ocrx_word' id='word_1_332' title='bbox 3023 2040 3313 2096; x_wconf 88' lang='lat' dir='ltr'><strong>conatibus</strong></span> <span class='ocrx_word' id='word_1_333' title='bbox 3351 2054 3448 2095; x_wconf 91' lang='lat' dir='ltr'><strong>eos</strong></span> 
     </span>
    </p>
   </div>
   <div class='ocr_carea' id='block_1_52' title="bbox 1875 2135 3447 2204">
    <p class='ocr_par' dir='ltr' id='par_1_52' title="bbox 1875 2135 3447 2204">
     <span class='ocr_line' id='line_1_52' title="bbox 1875 2135 3447 2204; baseline -0.001 -17"><span class='ocrx_word' id='word_1_334' title='bbox 1875 2135 2151 2195; x_wconf 88' lang='lat' dir='ltr'><strong>honorans</strong></span> <span class='ocrx_word' id='word_1_335' title='bbox 2173 2175 2189 2201; x_wconf 93' lang='lat'><strong>,</strong></span> <span class='ocrx_word' id='word_1_336' title='bbox 2225 2150 2413 2190; x_wconf 88' lang='lat' dir='ltr'><strong>eorum</strong></span> <span class='ocrx_word' id='word_1_337' title='bbox 2447 2144 2715 2204; x_wconf 76' lang='lat' dir='ltr'><strong>praecepta</strong></span> <span class='ocrx_word' id='word_1_338' title='bbox 2766 2147 3040 2203; x_wconf 83' lang='lat' dir='ltr'><strong>sequens,</strong></span> <span class='ocrx_word' id='word_1_339' title='bbox 3071 2147 3262 2187; x_wconf 87' lang='lat' dir='ltr'><strong>eorum</strong></span> <span class='ocrx_word' id='word_1_340' title='bbox 3319 2146 3447 2201; x_wconf 71' lang='lat' dir='ltr'><strong>pru—</strong></span> 
     </span>
    </p>
   </div>
   <div class='ocr_carea' id='block_1_53' title="bbox 1875 2224 3446 2297">
    <p class='ocr_par' dir='ltr' id='par_1_53' title="bbox 1875 2224 3446 2297">
     <span class='ocr_line' id='line_1_53' title="bbox 1875 2224 3446 2297; baseline -0.003 -17"><span class='ocrx_word' id='word_1_341' title='bbox 1875 2226 2033 2281; x_wconf 85' lang='lat' dir='ltr'><strong>cibus</strong></span> <span class='ocrx_word' id='word_1_342' title='bbox 2061 2226 2227 2281; x_wconf 91' lang='lat' dir='ltr'><strong>veluti</strong></span> <span class='ocrx_word' id='word_1_343' title='bbox 2259 2241 2454 2297; x_wconf 78' lang='lat' dir='ltr'><strong>aggere</strong></span> <span class='ocrx_word' id='word_1_344' title='bbox 2481 2225 2825 2295; x_wconf 88' lang='lat' dir='ltr'><strong>constipatus</strong></span> <span class='ocrx_word' id='word_1_345' title='bbox 2854 2243 2868 2280; x_wconf 91' lang='lat'>:</span> <span class='ocrx_word' id='word_1_346' title='bbox 2897 2225 3025 2281; x_wconf 89' lang='lat' dir='ltr'><strong>licet</strong></span> <span class='ocrx_word' id='word_1_347' title='bbox 3049 2224 3195 2280; x_wconf 92' lang='lat' dir='ltr'><strong>enim</strong></span> <span class='ocrx_word' id='word_1_348' title='bbox 3236 2224 3446 2279; x_wconf 89' lang='lat' dir='ltr'><strong>cultum</strong></span> 
     </span>
    </p>
   </div>
   <div class='ocr_carea' id='block_1_54' title="bbox 1876 2316 3448 2384">
    <p class='ocr_par' dir='ltr' id='par_1_54' title="bbox 1876 2316 3448 2384">
     <span class='ocr_line' id='line_1_54' title="bbox 1876 2316 3448 2384; baseline -0.003 -12"><span class='ocrx_word' id='word_1_349' title='bbox 1876 2317 1985 2372; x_wconf 90' lang='lat' dir='ltr'><strong>illis</strong></span> <span class='ocrx_word' id='word_1_350' title='bbox 2034 2333 2284 2384; x_wconf 88' lang='lat' dir='ltr'><strong>omnem,</strong></span> <span class='ocrx_word' id='word_1_351' title='bbox 2327 2332 2391 2372; x_wconf 90' lang='lat' dir='ltr'><strong>ac</strong></span> <span class='ocrx_word' id='word_1_352' title='bbox 2449 2317 2882 2373; x_wconf 89' lang='lat' dir='ltr'><strong>sollicitudinem</strong></span> <span class='ocrx_word' id='word_1_353' title='bbox 2935 2316 3191 2373; x_wconf 81' lang='lat' dir='ltr'><strong>conferas</strong></span> <span class='ocrx_word' id='word_1_354' title='bbox 3224 2334 3239 2382; x_wconf 89' lang='lat'><strong>;</strong></span> <span class='ocrx_word' id='word_1_355' title='bbox 3268 2323 3328 2370; x_wconf 86' lang='lat' dir='ltr'><strong>at</strong></span> <span class='ocrx_word' id='word_1_356' title='bbox 3389 2324 3448 2369; x_wconf 91' lang='lat' dir='ltr'><strong>tu</strong></span> 
     </span>
    </p>
   </div>
   <div class='ocr_carea' id='block_1_55' title="bbox 1875 2408 3111 2480">
    <p class='ocr_par' dir='ltr' id='par_1_55' title="bbox 1875 2408 3111 2480">
     <span class='ocr_line' id='line_1_55' title="bbox 1875 2408 3111 2480; baseline 0 -16"><span class='ocrx_word' id='word_1_357' title='bbox 1875 2417 2055 2464; x_wconf 90' lang='lat' dir='ltr'><strong>tamen</strong></span> <span class='ocrx_word' id='word_1_358' title='bbox 2086 2425 2181 2464; x_wconf 92' lang='lat' dir='ltr'><strong>eos</strong></span> <span class='ocrx_word' id='word_1_359' title='bbox 2211 2424 2475 2479; x_wconf 86' lang='lat' dir='ltr'><strong>generare</strong></span> <span class='ocrx_word' id='word_1_360' title='bbox 2501 2408 2652 2465; x_wconf 93' lang='lat' dir='ltr'><strong>nullo</strong></span> <span class='ocrx_word' id='word_1_361' title='bbox 2673 2409 2838 2464; x_wconf 91' lang='lat' dir='ltr'><strong>modo</strong></span> <span class='ocrx_word' id='word_1_362' title='bbox 2882 2408 3111 2480; x_wconf 90' lang='lat' dir='ltr'><strong>poteris.</strong></span> 
     </span>
    </p>
   </div>
   <div class='ocr_carea' id='block_1_56' title="bbox 2121 2516 3193 2577">
    <p class='ocr_par' dir='ltr' id='par_1_56' title="bbox 2121 2516 3193 2577">
     <span class='ocr_line' id='line_1_56' title="bbox 2121 2516 3193 2577; baseline -0.002 -1"><span class='ocrx_word' id='word_1_363' title='bbox 2121 2520 2325 2576; x_wconf 83' lang='lat' dir='ltr'><strong>CCVII.</strong></span> <span class='ocrx_word' id='word_1_364' title='bbox 2349 2550 2420 2565; x_wconf 89' lang='lat'><strong>-</strong></span> <span class='ocrx_word' id='word_1_365' title='bbox 2449 2520 2842 2577; x_wconf 83' lang='lat' dir='ltr'><strong>THEOPHILO</strong></span> <span class='ocrx_word' id='word_1_366' title='bbox 2880 2516 3193 2576; x_wconf 83' lang='lat' dir='ltr'><strong>ABACTIS.</strong></span> 
     </span>
    </p>
   </div>
   <div class='ocr_carea' id='block_1_57' title="bbox 1943 2609 3450 2685">
    <p class='ocr_par' dir='ltr' id='par_1_57' title="bbox 1943 2609 3450 2685">
     <span class='ocr_line' id='line_1_57' title="bbox 1943 2609 3450 2685; baseline 0.004 -21"><span class='ocrx_word' id='word_1_367' title='bbox 1943 2609 2159 2666; x_wconf 71' lang='lat' dir='ltr'><strong>Iustum</strong></span> <span class='ocrx_word' id='word_1_368' title='bbox 2205 2613 2485 2669; x_wconf 87' lang='lat' dir='ltr'><strong>hominem</strong></span> <span class='ocrx_word' id='word_1_369' title='bbox 2522 2614 2783 2669; x_wconf 86' lang='lat' dir='ltr'><strong>laudibus</strong></span> <span class='ocrx_word' id='word_1_370' title='bbox 2809 2622 3207 2685; x_wconf 88' lang='lat' dir='ltr'><strong>prosequentes</strong></span> <span class='ocrx_word' id='word_1_371' title='bbox 3230 2653 3246 2679; x_wconf 93' lang='lat'><strong>,</strong></span> <span class='ocrx_word' id='word_1_372' title='bbox 3281 2612 3450 2670; x_wconf 85' lang='lat' dir='ltr'><strong>bene-</strong></span> 
     </span>
    </p>
   </div>
   <div class='ocr_carea' id='block_1_58' title="bbox 1875 2700 3450 2775">
    <p class='ocr_par' dir='ltr' id='par_1_58' title="bbox 1875 2700 3450 2775">
     <span class='ocr_line' id='line_1_58' title="bbox 1875 2700 3450 2775; baseline 0.002 -20"><span class='ocrx_word' id='word_1_373' title='bbox 1875 2700 2171 2757; x_wconf 91' lang='lat' dir='ltr'><strong>dictionem</strong></span> <span class='ocrx_word' id='word_1_374' title='bbox 2199 2717 2229 2756; x_wconf 91' lang='lat' dir='ltr'><strong>a</strong></span> <span class='ocrx_word' id='word_1_375' title='bbox 2264 2702 2374 2758; x_wconf 90' lang='lat' dir='ltr'><strong>Deo</strong></span> <span class='ocrx_word' id='word_1_376' title='bbox 2407 2704 2695 2775; x_wconf 88' lang='lat' dir='ltr'><strong>consequi,</strong></span> <span class='ocrx_word' id='word_1_377' title='bbox 2730 2712 2786 2760; x_wconf 89' lang='lat' dir='ltr'><strong>et</strong></span> <span class='ocrx_word' id='word_1_378' title='bbox 2831 2704 3246 2758; x_wconf 88' lang='lat' dir='ltr'><strong>innumerorum</strong></span> <span class='ocrx_word' id='word_1_379' title='bbox 3276 2704 3450 2761; x_wconf 88' lang='lat' dir='ltr'><strong>bono-</strong></span> 
     </span>
    </p>
   </div>
   <div class='ocr_carea' id='block_1_59' title="bbox 1876 2793 3449 2866">
    <p class='ocr_par' dir='ltr' id='par_1_59' title="bbox 1876 2793 3449 2866">
     <span class='ocr_line' id='line_1_59' title="bbox 1876 2793 3449 2866; baseline 0.003 -20"><span class='ocrx_word' id='word_1_380' title='bbox 1876 2808 1997 2846; x_wconf 90' lang='lat' dir='ltr'><strong>rum</strong></span> <span class='ocrx_word' id='word_1_381' title='bbox 2021 2793 2318 2864; x_wconf 87' lang='lat' dir='ltr'><strong>participes</strong></span> <span class='ocrx_word' id='word_1_382' title='bbox 2344 2802 2637 2866; x_wconf 80' lang='lat' dir='ltr'><strong>propterea</strong></span> <span class='ocrx_word' id='word_1_383' title='bbox 2672 2795 2812 2852; x_wconf 84' lang='lat' dir='ltr'><strong>ﬁeri.</strong></span> <span class='ocrx_word' id='word_1_384' title='bbox 2856 2795 3174 2866; x_wconf 86' lang='lat' dir='ltr'><strong>opprobriis</strong></span> <span class='ocrx_word' id='word_1_385' title='bbox 3202 2809 3335 2851; x_wconf 88' lang='lat' dir='ltr'><strong>vero</strong></span> <span class='ocrx_word' id='word_1_386' title='bbox 3353 2810 3449 2851; x_wconf 92' lang='lat' dir='ltr'><strong>eos</strong></span> 
     </span>
    </p>
   </div>
   <div class='ocr_carea' id='block_1_60' title="bbox 1876 2882 3450 2956">
    <p class='ocr_par' dir='ltr' id='par_1_60' title="bbox 1876 2882 3450 2956">
     <span class='ocr_line' id='line_1_60' title="bbox 1876 2882 3450 2956; baseline 0.001 -19"><span class='ocrx_word' id='word_1_387' title='bbox 1876 2882 2148 2939; x_wconf 88' lang='lat' dir='ltr'><strong>lacessere</strong></span> <span class='ocrx_word' id='word_1_388' title='bbox 2177 2885 2462 2950; x_wconf 87' lang='lat' dir='ltr'><strong>audentes,</strong></span> <span class='ocrx_word' id='word_1_389' title='bbox 2493 2884 2773 2956; x_wconf 88' lang='lat' dir='ltr'><strong>deplorata</strong></span> <span class='ocrx_word' id='word_1_390' title='bbox 2820 2885 2962 2939; x_wconf 88' lang='lat' dir='ltr'><strong>mala</strong></span> <span class='ocrx_word' id='word_1_391' title='bbox 3010 2884 3317 2953; x_wconf 86' lang='lat' dir='ltr'><strong>subituros,</strong></span> <span class='ocrx_word' id='word_1_392' title='bbox 3350 2900 3450 2939; x_wconf 87' lang='lat' dir='ltr'><strong>uo-</strong></span> 
     </span>
    </p>
   </div>
   <div class='ocr_carea' id='block_1_61' title="bbox 1876 2978 3446 3052">
    <p class='ocr_par' dir='ltr' id='par_1_61' title="bbox 1876 2978 3446 3052">
     <span class='ocr_line' id='line_1_61' title="bbox 1876 2978 3446 3052; baseline -0.001 -17"><span class='ocrx_word' id='word_1_393' title='bbox 1876 2994 2031 3036; x_wconf 90' lang='lat' dir='ltr'><strong>scere</strong></span> <span class='ocrx_word' id='word_1_394' title='bbox 2052 2981 2256 3052; x_wconf 89' lang='lat' dir='ltr'><strong>poteris</strong></span> <span class='ocrx_word' id='word_1_395' title='bbox 2276 2998 2307 3036; x_wconf 91' lang='lat' dir='ltr'><strong>a</strong></span> <span class='ocrx_word' id='word_1_396' title='bbox 2335 2981 2447 3038; x_wconf 88' lang='lat' dir='ltr'><strong>Deo</strong></span> <span class='ocrx_word' id='word_1_397' title='bbox 2466 2982 2683 3038; x_wconf 88' lang='lat' dir='ltr'><strong>dicente</strong></span> <span class='ocrx_word' id='word_1_398' title='bbox 2711 2981 2780 3036; x_wconf 86' lang='lat' dir='ltr'><strong>ad</strong></span> <span class='ocrx_word' id='word_1_399' title='bbox 2798 2981 3034 3037; x_wconf 79' lang='lat' dir='ltr'><strong>Abram:</strong></span> <span class='ocrx_word' id='word_1_400' title='bbox 3059 2998 3078 3032; x_wconf 74' lang='grc' dir='ltr'><strong>ι</strong></span> <span class='ocrx_word' id='word_1_401' title='bbox 3110 2978 3446 3036; x_wconf 87' lang='lat' dir='ltr'><strong>Benedicen-</strong></span> 
     </span>
    </p>
   </div>
   <div class='ocr_carea' id='block_1_62' title="bbox 192 3068 1775 3144">
    <p class='ocr_par' dir='ltr' id='par_1_62' title="bbox 192 3068 1775 3141">
     <span class='ocr_line' id='line_1_62' title="bbox 192 3068 1775 3141; baseline 0.005 -20"><span class='ocrx_word' id='word_1_402' title='bbox 192 3069 505 3139; x_wconf 78' lang='grc' dir='ltr'>κατάρατοι</span> <span class='ocrx_word' id='word_1_403' title='bbox 561 3068 773 3123; x_wconf 73' lang='grc' dir='ltr'>ἔσονται</span> <span class='ocrx_word' id='word_1_404' title='bbox 825 3071 893 3123; x_wconf 76' lang='grc' dir='ltr'><strong>οἱ.</strong></span> <span class='ocrx_word' id='word_1_405' title='bbox 932 3069 1316 3141; x_wconf 83' lang='grc' dir='ltr'>καταρώμενοί</span> <span class='ocrx_word' id='word_1_406' title='bbox 1375 3089 1454 3127; x_wconf 88' lang='grc' dir='ltr'>σε.</span> <span class='ocrx_word' id='word_1_407' title='bbox 1512 3094 1533 3126; x_wconf 74' lang='grc' dir='ltr'><strong>ι</strong></span> <span class='ocrx_word' id='word_1_408' title='bbox 1583 3076 1696 3129; x_wconf 75' lang='grc' dir='ltr'><strong>Καὶ</strong></span> <span class='ocrx_word' id='word_1_409' title='bbox 1747 3079 1775 3129; x_wconf 84' lang='grc' dir='ltr'>ὁ</span> 
     </span>
    </p>
   </div>
   <div class='ocr_carea' id='block_1_63' title="bbox 1884 3068 3451 3144">
    <p class='ocr_par' dir='ltr' id='par_1_63' title="bbox 1884 3072 3451 3141">
     <span class='ocr_line' id='line_1_63' title="bbox 1884 3072 3451 3141; baseline -0.002 -12"><span class='ocrx_word' id='word_1_410' title='bbox 1884 3081 1963 3129; x_wconf 86' lang='lat' dir='ltr'><strong>tes</strong></span> <span class='ocrx_word' id='word_1_411' title='bbox 1988 3080 2041 3129; x_wconf 92' lang='lat' dir='ltr'><strong>te</strong></span> <span class='ocrx_word' id='word_1_412' title='bbox 2064 3073 2405 3139; x_wconf 88' lang='lat' dir='ltr'><strong>benedicam,</strong></span> <span class='ocrx_word' id='word_1_413' title='bbox 2429 3082 2484 3129; x_wconf 89' lang='lat' dir='ltr'><strong>et</strong></span> <span class='ocrx_word' id='word_1_414' title='bbox 2507 3073 2780 3130; x_wconf 88' lang='lat' dir='ltr'><strong>maledicti</strong></span> <span class='ocrx_word' id='word_1_415' title='bbox 2802 3084 2985 3135; x_wconf 87' lang='lat' dir='ltr'><strong>erunt,</strong></span> <span class='ocrx_word' id='word_1_416' title='bbox 3012 3074 3104 3141; x_wconf 93' lang='lat' dir='ltr'><strong>qui</strong></span> <span class='ocrx_word' id='word_1_417' title='bbox 3124 3072 3451 3129; x_wconf 84' lang='lat' dir='ltr'><strong>maledicent</strong></span> 
     </span>
    </p>
   </div>
   <div class='ocr_carea' id='block_1_64' title="bbox 192 3158 1778 3234">
    <p class='ocr_par' dir='ltr' id='par_1_64' title="bbox 192 3158 1778 3234">
     <span class='ocr_line' id='line_1_64' title="bbox 192 3158 1778 3234; baseline 0.006 -23"><span class='ocrx_word' id='word_1_418' title='bbox 192 3158 367 3217; x_wconf 76' lang='grc' dir='ltr'>Δαυῒᾶ</span> <span class='ocrx_word' id='word_1_419' title='bbox 391 3175 585 3229; x_wconf 80' lang='grc' dir='ltr'>φησιν’</span> <span class='ocrx_word' id='word_1_420' title='bbox 625 3177 646 3212; x_wconf 69' lang='grc' dir='ltr'><strong>ί</strong></span> <span class='ocrx_word' id='word_1_421' title='bbox 675 3159 883 3214; x_wconf 82' lang='grc' dir='ltr'>’Δλαλα</span> <span class='ocrx_word' id='word_1_422' title='bbox 910 3160 1195 3233; x_wconf 77' lang='grc' dir='ltr'>γενηθήτω</span> <span class='ocrx_word' id='word_1_423' title='bbox 1240 3161 1309 3215; x_wconf 82' lang='grc' dir='ltr'>τὰ</span> <span class='ocrx_word' id='word_1_424' title='bbox 1355 3163 1507 3234; x_wconf 87' lang='grc' dir='ltr'>χείλη</span> <span class='ocrx_word' id='word_1_425' title='bbox 1537 3165 1605 3218; x_wconf 84' lang='grc' dir='ltr'>τὰ</span> <span class='ocrx_word' id='word_1_426' title='bbox 1629 3166 1778 3221; x_wconf 84' lang='grc' dir='ltr'>δόλια</span> 
     </span>
    </p>
   </div>
   <div class='ocr_carea' id='block_1_65' title="bbox 192 3250 1774 3331">
    <p class='ocr_par' dir='ltr' id='par_1_65' title="bbox 192 3250 1774 3331">
     <span class='ocr_line' id='line_1_65' title="bbox 192 3250 1774 3331; baseline 0.006 -27"><span class='ocrx_word' id='word_1_427' title='bbox 192 3251 259 3307; x_wconf 77' lang='grc' dir='ltr'>τὰ</span> <span class='ocrx_word' id='word_1_428' title='bbox 282 3250 564 3309; x_wconf 73' lang='grc' dir='ltr'>λαλοῦντα</span> <span class='ocrx_word' id='word_1_429' title='bbox 591 3252 735 3307; x_wconf 86' lang='grc' dir='ltr'>κατὰ</span> <span class='ocrx_word' id='word_1_430' title='bbox 761 3253 855 3308; x_wconf 79' lang='grc' dir='ltr'><strong>τοῦ</strong></span> <span class='ocrx_word' id='word_1_431' title='bbox 883 3255 1094 3313; x_wconf 82' lang='grc' dir='ltr'>δικαίου</span> <span class='ocrx_word' id='word_1_432' title='bbox 1136 3257 1370 3327; x_wconf 82' lang='grc' dir='ltr'>ἀνομίαν</span> <span class='ocrx_word' id='word_1_433' title='bbox 1397 3260 1456 3311; x_wconf 84' lang='grc' dir='ltr'><strong>ἐν</strong></span> <span class='ocrx_word' id='word_1_434' title='bbox 1486 3261 1774 3331; x_wconf 86' lang='grc' dir='ltr'>ὑπερηφα-</span> 
     </span>
    </p>
   </div>
   <div class='ocr_carea' id='block_1_66' title="bbox 192 3342 1778 3420">
    <p class='ocr_par' dir='ltr' id='par_1_66' title="bbox 192 3342 1778 3420">
     <span class='ocr_line' id='line_1_66' title="bbox 192 3342 1778 3420; baseline 0.006 -26"><span class='ocrx_word' id='word_1_435' title='bbox 192 3342 337 3415; x_wconf 72' lang='grc' dir='ltr'>νείᾳ,</span> <span class='ocrx_word' id='word_1_436' title='bbox 396 3344 494 3398; x_wconf 79' lang='grc' dir='ltr'>καὶ</span> <span class='ocrx_word' id='word_1_437' title='bbox 532 3343 899 3409; x_wconf 78' lang='grc' dir='ltr'>ἐξουδενώσει.</span> <span class='ocrx_word' id='word_1_438' title='bbox 935 3365 954 3398; x_wconf 76' lang='grc' dir='ltr'><strong>ι</strong></span> <span class='ocrx_word' id='word_1_439' title='bbox 989 3347 1058 3401; x_wconf 82' lang='grc' dir='ltr'><strong>Σὲ</strong></span> <span class='ocrx_word' id='word_1_440' title='bbox 1100 3342 1194 3401; x_wconf 86' lang='grc' dir='ltr'>οὖν</span> <span class='ocrx_word' id='word_1_441' title='bbox 1231 3348 1564 3420; x_wconf 84' lang='grc' dir='ltr'>ἀποδέχομαι</span> <span class='ocrx_word' id='word_1_442' title='bbox 1598 3350 1778 3413; x_wconf 87' lang='grc' dir='ltr'>καλῶς</span> 
     </span>
    </p>
   </div>
   <div class='ocr_carea' id='block_1_67' title="bbox 192 3433 1777 3508">
    <p class='ocr_par' dir='ltr' id='par_1_67' title="bbox 192 3433 1777 3508">
     <span class='ocr_line' id='line_1_67' title="bbox 192 3433 1777 3508; baseline 0.008 -23"><span class='ocrx_word' id='word_1_443' title='bbox 192 3433 621 3505; x_wconf 78' lang='grc' dir='ltr'>πολιτευόμενον</span> <span class='ocrx_word' id='word_1_444' title='bbox 666 3436 929 3508; x_wconf 78' lang='grc' dir='ltr'>πάντοτε,</span> <span class='ocrx_word' id='word_1_445' title='bbox 991 3439 1089 3493; x_wconf 77' lang='grc' dir='ltr'>καὶ</span> <span class='ocrx_word' id='word_1_446' title='bbox 1144 3441 1273 3505; x_wconf 82' lang='grc' dir='ltr'><strong>τούς</strong></span> <span class='ocrx_word' id='word_1_447' title='bbox 1329 3440 1567 3505; x_wconf 86' lang='grc' dir='ltr'>δικαίους</span> <span class='ocrx_word' id='word_1_448' title='bbox 1625 3441 1777 3508; x_wconf 82' lang='grc' dir='ltr'>ὁοξὰ-</span> 
     </span>
    </p>
   </div>
   <div class='ocr_carea' id='block_1_68' title="bbox 193 3523 384 3589">
    <p class='ocr_par' dir='ltr' id='par_1_68' title="bbox 193 3523 384 3589">
     <span class='ocr_line' id='line_1_68' title="bbox 193 3523 384 3589; baseline 0 0"><span class='ocrx_word' id='word_1_449' title='bbox 193 3523 384 3589; x_wconf 73' lang='grc' dir='ltr'>ζοντα.</span> 
     </span>
    </p>
   </div>
   <div class='ocr_carea' id='block_1_69' title="bbox 525 3640 1424 3719">
    <p class='ocr_par' dir='ltr' id='par_1_69' title="bbox 525 3640 1424 3719">
     <span class='ocr_line' id='line_1_69' title="bbox 525 3640 1424 3719; baseline 0.007 -26"><span class='ocrx_word' id='word_1_450' title='bbox 525 3640 649 3717; x_wconf 60' lang='lat' dir='ltr'><strong>sua</strong></span> <span class='ocrx_word' id='word_1_451' title='bbox 678 3670 749 3681; x_wconf 90' lang='lat'><strong><em>—</em></strong></span> <span class='ocrx_word' id='word_1_452' title='bbox 782 3640 1030 3719; x_wconf 68' lang='lat' dir='ltr'><strong>ZIMQNI</strong></span> <span class='ocrx_word' id='word_1_453' title='bbox 1057 3642 1424 3699; x_wconf 73' lang='lat' dir='ltr'><strong>Korrzom.</strong></span> 
     </span>
    </p>
   </div>
   <div class='ocr_carea' id='block_1_70' title="bbox 262 3729 1773 3811">
    <p class='ocr_par' dir='ltr' id='par_1_70' title="bbox 262 3729 1773 3811">
     <span class='ocr_line' id='line_1_70' title="bbox 262 3729 1773 3811; baseline 0.007 -29"><span class='ocrx_word' id='word_1_454' title='bbox 262 3729 331 3782; x_wconf 81' lang='grc' dir='ltr'><strong>Εἰ</strong></span> <span class='ocrx_word' id='word_1_455' title='bbox 380 3729 483 3802; x_wconf 80' lang='grc' dir='ltr'>τὴν</span> <span class='ocrx_word' id='word_1_456' title='bbox 532 3730 699 3811; x_wconf 81' lang='grc' dir='ltr'>σοφὴν</span> <span class='ocrx_word' id='word_1_457' title='bbox 747 3730 1014 3801; x_wconf 86' lang='grc' dir='ltr'>μέλισσαν</span> <span class='ocrx_word' id='word_1_458' title='bbox 1064 3734 1351 3806; x_wconf 77' lang='grc' dir='ltr'>μιμεῖσθαι</span> <span class='ocrx_word' id='word_1_459' title='bbox 1412 3736 1773 3809; x_wconf 71' lang='grc' dir='ltr'>ἐσπούδακας,</span> 
     </span>
    </p>
   </div>
   <div class='ocr_carea' id='block_1_71' title="bbox 195 3822 1776 3906">
    <p class='ocr_par' dir='ltr' id='par_1_71' title="bbox 195 3822 1776 3906">
     <span class='ocr_line' id='line_1_71' title="bbox 195 3822 1776 3906; baseline 0.018 -29"><span class='ocrx_word' id='word_1_460' title='bbox 195 3824 260 3877; x_wconf 76' lang='grc' dir='ltr'><strong>ἐκ</strong></span> <span class='ocrx_word' id='word_1_461' title='bbox 308 3822 505 3893; x_wconf 72' lang='grc' dir='ltr'>πάσης</span> <span class='ocrx_word' id='word_1_462' title='bbox 556 3823 916 3902; x_wconf 57' lang='grc' dir='ltr'>ἀναγνώσεως</span> <span class='ocrx_word' id='word_1_463' title='bbox 969 3825 1039 3901; x_wconf 68' lang='grc' dir='ltr'>τὰ</span> <span class='ocrx_word' id='word_1_464' title='bbox 1076 3826 1322 3900; x_wconf 79' lang='grc' dir='ltr'>χρήσιμα</span> <span class='ocrx_word' id='word_1_465' title='bbox 1370 3829 1646 3899; x_wconf 78' lang='grc' dir='ltr'>συλλέγειν</span> <span class='ocrx_word' id='word_1_466' title='bbox 1701 3833 1776 3906; x_wconf 75' lang='grc' dir='ltr'>μὴ</span> 
     </span>
    </p>
   </div>
   <div class='ocr_carea' id='block_1_72' title="bbox 196 3915 1109 3992">
    <p class='ocr_par' dir='ltr' id='par_1_72' title="bbox 196 3915 1109 3992">
     <span class='ocr_line' id='line_1_72' title="bbox 196 3915 1109 3992; baseline -0.005 -21"><span class='ocrx_word' id='word_1_467' title='bbox 196 3915 487 3992; x_wconf 74' lang='grc' dir='ltr'>κατοκνει.</span> <span class='ocrx_word' id='word_1_468' title='bbox 1106 3940 1109 3943; x_wconf 95' lang='grc'><strong>-</strong></span> 
     </span>
    </p>
   </div>
   <div class='ocr_carea' id='block_1_73' title="bbox 552 4028 1421 4105">
    <p class='ocr_par' dir='ltr' id='par_1_73' title="bbox 552 4028 1421 4105">
     <span class='ocr_line' id='line_1_73' title="bbox 552 4028 1421 4105; baseline 0.008 -22"><span class='ocrx_word' id='word_1_469' title='bbox 552 4028 635 4105; x_wconf 71' lang='lat' dir='ltr'><strong>se</strong></span> <span class='ocrx_word' id='word_1_470' title='bbox 653 4067 670 4083; x_wconf 93' lang='lat'><strong>.</strong></span> <span class='ocrx_word' id='word_1_471' title='bbox 694 4058 768 4068; x_wconf 89' lang='lat'><strong>—</strong></span> <span class='ocrx_word' id='word_1_472' title='bbox 800 4028 1101 4101; x_wconf 77' lang='grc' dir='ltr'><strong>ΠΗΓΔΣΙῼ</strong></span> <span class='ocrx_word' id='word_1_473' title='bbox 1124 4032 1421 4099; x_wconf 76' lang='grc' dir='ltr'><strong>ΚΟΜΗΤΙ.</strong></span> 
     </span>
    </p>
   </div>
   <div class='ocr_carea' id='block_1_74' title="bbox 268 4117 1777 4199">
    <p class='ocr_par' dir='ltr' id='par_1_74' title="bbox 268 4117 1777 4199">
     <span class='ocr_line' id='line_1_74' title="bbox 268 4117 1777 4199; baseline 0.007 -27"><span class='ocrx_word' id='word_1_474' title='bbox 268 4118 517 4185; x_wconf 72' lang='grc' dir='ltr'>Ἄτοπον</span> <span class='ocrx_word' id='word_1_475' title='bbox 536 4117 605 4172; x_wconf 80' lang='grc' dir='ltr'><strong>ἀν</strong></span> <span class='ocrx_word' id='word_1_476' title='bbox 630 4120 715 4192; x_wconf 82' lang='grc' dir='ltr'>εῑη</span> <span class='ocrx_word' id='word_1_477' title='bbox 743 4119 969 4177; x_wconf 82' lang='grc' dir='ltr'>τύπτειν</span> <span class='ocrx_word' id='word_1_478' title='bbox 988 4123 1097 4195; x_wconf 80' lang='grc' dir='ltr'>τὴν</span> <span class='ocrx_word' id='word_1_479' title='bbox 1119 4124 1182 4177; x_wconf 90' lang='grc' dir='ltr'><strong>σύ</strong></span> <span class='ocrx_word' id='word_1_480' title='bbox 1191 4124 1348 4195; x_wconf 89' lang='grc' dir='ltr'>μϐιόν</span> <span class='ocrx_word' id='word_1_481' title='bbox 1380 4143 1495 4192; x_wconf 84' lang='grc' dir='ltr'>σου,</span> <span class='ocrx_word' id='word_1_482' title='bbox 1526 4126 1777 4199; x_wconf 79' lang='grc' dir='ltr'>σώφρονά</span> 
     </span>
    </p>
   </div>
   <div class='ocr_carea' id='block_1_75' title="bbox 196 4210 1777 4293">
    <p class='ocr_par' dir='ltr' id='par_1_75' title="bbox 196 4210 1777 4293">
     <span class='ocr_line' id='line_1_75' title="bbox 196 4210 1777 4293; baseline 0.007 -29"><span class='ocrx_word' id='word_1_483' title='bbox 196 4227 257 4264; x_wconf 88' lang='grc' dir='ltr'><strong>τε</strong></span> <span class='ocrx_word' id='word_1_484' title='bbox 304 4210 409 4265; x_wconf 78' lang='grc' dir='ltr'>καὶ</span> <span class='ocrx_word' id='word_1_485' title='bbox 447 4213 1001 4286; x_wconf 85' lang='grc' dir='ltr'>σεμνοπρεπεστάτην</span> <span class='ocrx_word' id='word_1_486' title='bbox 1060 4215 1442 4293; x_wconf 79' lang='grc' dir='ltr'>ὑπάρχουσαν,</span> <span class='ocrx_word' id='word_1_487' title='bbox 1484 4219 1583 4291; x_wconf 84' lang='grc' dir='ltr'><strong>τὴν</strong></span> <span class='ocrx_word' id='word_1_488' title='bbox 1617 4222 1664 4275; x_wconf 78' lang='grc' dir='ltr'>τ’</span> <span class='ocrx_word' id='word_1_489' title='bbox 1688 4221 1777 4274; x_wconf 83' lang='grc' dir='ltr'>εὐ-</span> 
     </span>
    </p>
   </div>
   <div class='ocr_carea' id='block_1_76' title="bbox 198 4304 1773 4383">
    <p class='ocr_par' dir='ltr' id='par_1_76' title="bbox 198 4304 1773 4383">
     <span class='ocr_line' id='line_1_76' title="bbox 198 4304 1773 4383; baseline 0.006 -24"><span class='ocrx_word' id='word_1_490' title='bbox 198 4304 351 4381; x_wconf 82' lang='grc' dir='ltr'>νοιάν</span> <span class='ocrx_word' id='word_1_491' title='bbox 404 4320 489 4379; x_wconf 81' lang='grc' dir='ltr'><strong>σοι</strong></span> <span class='ocrx_word' id='word_1_492' title='bbox 532 4305 946 4379; x_wconf 77' lang='grc' dir='ltr'>φυλαττομένην</span> <span class='ocrx_word' id='word_1_493' title='bbox 988 4307 1076 4362; x_wconf 79' lang='grc' dir='ltr'><strong>διὰ</strong></span> <span class='ocrx_word' id='word_1_494' title='bbox 1110 4310 1313 4375; x_wconf 84' lang='grc' dir='ltr'>παντὸς</span> <span class='ocrx_word' id='word_1_495' title='bbox 1345 4310 1439 4365; x_wconf 82' lang='grc' dir='ltr'>τοῦ</span> <span class='ocrx_word' id='word_1_496' title='bbox 1476 4312 1591 4383; x_wconf 87' lang='grc' dir='ltr'>βίου</span> <span class='ocrx_word' id='word_1_497' title='bbox 1617 4355 1632 4380; x_wconf 96' lang='grc'><strong>,</strong></span> <span class='ocrx_word' id='word_1_498' title='bbox 1676 4316 1773 4369; x_wconf 75' lang='grc' dir='ltr'>καὶ</span> 
     </span>
    </p>
   </div>
   <div class='ocr_carea' id='block_1_77' title="bbox 1880 3165 3448 3229">
    <p class='ocr_par' dir='ltr' id='par_1_77' title="bbox 1880 3165 3448 3229">
     <span class='ocr_line' id='line_1_77' title="bbox 1880 3165 3448 3229; baseline -0.001 -8"><span class='ocrx_word' id='word_1_499' title='bbox 1880 3165 1979 3221; x_wconf 88' lang='lat' dir='ltr'><strong>tibi</strong></span> <span class='ocrx_word' id='word_1_500' title='bbox 2009 3167 2073 3221; x_wconf 89' lang='lat'><strong>&quot;’.</strong></span> <span class='ocrx_word' id='word_1_501' title='bbox 2115 3185 2133 3218; x_wconf 73' lang='grc' dir='ltr'><strong>ι</strong></span> <span class='ocrx_word' id='word_1_502' title='bbox 2167 3165 2231 3221; x_wconf 84' lang='grc' dir='ltr'>Ει</span> <span class='ocrx_word' id='word_1_503' title='bbox 2251 3167 2418 3223; x_wconf 89' lang='lat' dir='ltr'><strong>David</strong></span> <span class='ocrx_word' id='word_1_504' title='bbox 2447 3166 2584 3222; x_wconf 87' lang='lat' dir='ltr'><strong>dicit</strong></span> <span class='ocrx_word' id='word_1_505' title='bbox 2614 3185 2628 3221; x_wconf 85' lang='lat'><strong>:</strong></span> <span class='ocrx_word' id='word_1_506' title='bbox 2668 3185 2687 3218; x_wconf 77' lang='grc' dir='ltr'><strong>ί</strong></span> <span class='ocrx_word' id='word_1_507' title='bbox 2725 3165 2870 3222; x_wconf 86' lang='lat' dir='ltr'><strong>Muta</strong></span> <span class='ocrx_word' id='word_1_508' title='bbox 2900 3167 3033 3221; x_wconf 78' lang='lat' dir='ltr'><strong>flant</strong></span> <span class='ocrx_word' id='word_1_509' title='bbox 3063 3166 3204 3222; x_wconf 81' lang='lat' dir='ltr'><strong>labia</strong></span> <span class='ocrx_word' id='word_1_510' title='bbox 3234 3165 3448 3229; x_wconf 89' lang='lat' dir='ltr'><strong>dolosa,</strong></span> 
     </span>
    </p>
   </div>
   <div class='ocr_carea' id='block_1_78' title="bbox 1878 3257 3453 3329">
    <p class='ocr_par' dir='ltr' id='par_1_78' title="bbox 1878 3257 3453 3329">
     <span class='ocr_line' id='line_1_78' title="bbox 1878 3257 3453 3329; baseline 0.001 -18"><span class='ocrx_word' id='word_1_511' title='bbox 1878 3274 1999 3327; x_wconf 67' lang='lat' dir='ltr'><strong>qum</strong></span> <span class='ocrx_word' id='word_1_512' title='bbox 2028 3257 2330 3328; x_wconf 87' lang='lat' dir='ltr'><strong>loquuntur</strong></span> <span class='ocrx_word' id='word_1_513' title='bbox 2359 3257 2624 3314; x_wconf 84' lang='lat' dir='ltr'><strong>adversus</strong></span> <span class='ocrx_word' id='word_1_514' title='bbox 2646 3258 2857 3327; x_wconf 83' lang='lat' dir='ltr'><strong>justum</strong></span> <span class='ocrx_word' id='word_1_515' title='bbox 2890 3257 3237 3329; x_wconf 90' lang='lat' dir='ltr'><strong>iniquitatem</strong></span> <span class='ocrx_word' id='word_1_516' title='bbox 3268 3258 3326 3313; x_wconf 88' lang='lat' dir='ltr'><strong>in</strong></span> <span class='ocrx_word' id='word_1_517' title='bbox 3361 3272 3453 3313; x_wconf 86' lang='lat' dir='ltr'><strong>su-</strong></span> 
     </span>
    </p>
   </div>
   <div class='ocr_carea' id='block_1_79' title="bbox 1878 3347 3454 3420">
    <p class='ocr_par' dir='ltr' id='par_1_79' title="bbox 1878 3347 3454 3420">
     <span class='ocr_line' id='line_1_79' title="bbox 1878 3347 3454 3420; baseline 0.001 -17"><span class='ocrx_word' id='word_1_518' title='bbox 1878 3349 2065 3420; x_wconf 89' lang='lat' dir='ltr'><strong>perbia</strong></span> <span class='ocrx_word' id='word_1_519' title='bbox 2120 3357 2173 3405; x_wconf 89' lang='lat' dir='ltr'><strong>et</strong></span> <span class='ocrx_word' id='word_1_520' title='bbox 2208 3360 2521 3420; x_wconf 90' lang='lat' dir='ltr'><strong>contemptu</strong></span> <span class='ocrx_word' id='word_1_521' title='bbox 2548 3349 2614 3403; x_wconf 85' lang='grc'><strong>⁸⁸.</strong></span> <span class='ocrx_word' id='word_1_522' title='bbox 2650 3348 2728 3404; x_wconf 91' lang='lat' dir='ltr'><strong>Te</strong></span> <span class='ocrx_word' id='word_1_523' title='bbox 2772 3348 2942 3420; x_wconf 90' lang='lat' dir='ltr'><strong>igitur</strong></span> <span class='ocrx_word' id='word_1_524' title='bbox 2994 3348 3179 3414; x_wconf 87' lang='lat' dir='ltr'><strong>laudo,</strong></span> <span class='ocrx_word' id='word_1_525' title='bbox 3209 3347 3307 3418; x_wconf 90' lang='lat' dir='ltr'><strong>qui</strong></span> <span class='ocrx_word' id='word_1_526' title='bbox 3366 3362 3454 3404; x_wconf 86' lang='lat' dir='ltr'><strong>re-</strong></span> 
     </span>
    </p>
   </div>
   <div class='ocr_carea' id='block_1_80' title="bbox 1877 3438 3453 3513">
    <p class='ocr_par' dir='ltr' id='par_1_80' title="bbox 1877 3438 3453 3513">
     <span class='ocr_line' id='line_1_80' title="bbox 1877 3438 3453 3513; baseline 0 -18"><span class='ocrx_word' id='word_1_527' title='bbox 1877 3449 1965 3496; x_wconf 87' lang='lat' dir='ltr'><strong>cte</strong></span> <span class='ocrx_word' id='word_1_528' title='bbox 2000 3458 2214 3513; x_wconf 83' lang='lat' dir='ltr'><strong>semper</strong></span> <span class='ocrx_word' id='word_1_529' title='bbox 2259 3443 2424 3499; x_wconf 82' lang='lat' dir='ltr'><strong>vitam</strong></span> <span class='ocrx_word' id='word_1_530' title='bbox 2454 3442 2725 3509; x_wconf 89' lang='lat' dir='ltr'><strong>instituis,</strong></span> <span class='ocrx_word' id='word_1_531' title='bbox 2764 3438 2823 3497; x_wconf 86' lang='lat' dir='ltr'><strong>et</strong></span> <span class='ocrx_word' id='word_1_532' title='bbox 2846 3440 3029 3511; x_wconf 86' lang='lat' dir='ltr'><strong>justos</strong></span> <span class='ocrx_word' id='word_1_533' title='bbox 3049 3440 3307 3498; x_wconf 90' lang='lat' dir='ltr'><strong>laudibus</strong></span> <span class='ocrx_word' id='word_1_534' title='bbox 3353 3456 3453 3497; x_wconf 83' lang='lat' dir='ltr'><strong>ex-</strong></span> 
     </span>
    </p>
   </div>
   <div class='ocr_carea' id='block_1_81' title="bbox 1878 3533 2051 3587">
    <p class='ocr_par' dir='ltr' id='par_1_81' title="bbox 1878 3533 2051 3587">
     <span class='ocr_line' id='line_1_81' title="bbox 1878 3533 2051 3587; baseline 0 0"><span class='ocrx_word' id='word_1_535' title='bbox 1878 3533 2051 3587; x_wconf 91' lang='lat' dir='ltr'><strong>tollis.</strong></span> 
     </span>
    </p>
   </div>
   <div class='ocr_carea' id='block_1_82' title="bbox 2175 3641 3145 3725">
    <p class='ocr_par' dir='ltr' id='par_1_82' title="bbox 2175 3641 3145 3725">
     <span class='ocr_line' id='line_1_82' title="bbox 2175 3641 3145 3725; baseline 0.004 -28"><span class='ocrx_word' id='word_1_536' title='bbox 2175 3641 2400 3698; x_wconf 79' lang='lat' dir='ltr'><strong>CCVI&quot;.</strong></span> <span class='ocrx_word' id='word_1_537' title='bbox 2442 3673 2510 3683; x_wconf 90' lang='lat'><strong>—</strong></span> <span class='ocrx_word' id='word_1_538' title='bbox 2542 3642 2775 3701; x_wconf 83' lang='lat' dir='ltr'><strong>SIMONI</strong></span> <span class='ocrx_word' id='word_1_539' title='bbox 2811 3642 3145 3725; x_wconf 82' lang='lat' dir='ltr'><strong>CURSORI.</strong></span> 
     </span>
    </p>
   </div>
   <div class='ocr_carea' id='block_1_83' title="bbox 1950 3732 3452 3817">
    <p class='ocr_par' dir='ltr' id='par_1_83' title="bbox 1950 3732 3452 3817">
     <span class='ocr_line' id='line_1_83' title="bbox 1950 3732 3452 3817; baseline 0.001 -28"><span class='ocrx_word' id='word_1_540' title='bbox 1950 3732 2009 3790; x_wconf 90' lang='lat' dir='ltr'><strong>Si</strong></span> <span class='ocrx_word' id='word_1_541' title='bbox 2065 3735 2466 3810; x_wconf 87' lang='lat' dir='ltr'><strong>persapientem</strong></span> <span class='ocrx_word' id='word_1_542' title='bbox 2502 3751 2660 3806; x_wconf 88' lang='lat' dir='ltr'><strong>apem</strong></span> <span class='ocrx_word' id='word_1_543' title='bbox 2686 3735 2890 3817; x_wconf 85' lang='lat' dir='ltr'><strong>imitari</strong></span> <span class='ocrx_word' id='word_1_544' title='bbox 2927 3736 3170 3803; x_wconf 91' lang='lat' dir='ltr'><strong>conaris,</strong></span> <span class='ocrx_word' id='word_1_545' title='bbox 3197 3750 3265 3791; x_wconf 82' lang='lat' dir='ltr'><strong>ex</strong></span> <span class='ocrx_word' id='word_1_546' title='bbox 3298 3736 3452 3792; x_wconf 85' lang='lat' dir='ltr'><strong>omni</strong></span> 
     </span>
    </p>
   </div>
   <div class='ocr_carea' id='block_1_84' title="bbox 1881 3827 3455 3899">
    <p class='ocr_par' dir='ltr' id='par_1_84' title="bbox 1881 3827 3455 3899">
     <span class='ocr_line' id='line_1_84' title="bbox 1881 3827 3455 3899; baseline 0.003 -18"><span class='ocrx_word' id='word_1_547' title='bbox 1881 3827 2142 3895; x_wconf 85' lang='lat' dir='ltr'><strong>teetione,</strong></span> <span class='ocrx_word' id='word_1_548' title='bbox 2175 3842 2299 3899; x_wconf 51' lang='lat' dir='ltr'><strong>quae.</strong></span> <span class='ocrx_word' id='word_1_549' title='bbox 2351 3828 2505 3883; x_wconf 88' lang='lat' dir='ltr'><strong>utilia</strong></span> <span class='ocrx_word' id='word_1_550' title='bbox 2550 3836 2702 3895; x_wconf 89' lang='lat' dir='ltr'><strong>sunt,</strong></span> <span class='ocrx_word' id='word_1_551' title='bbox 2740 3829 2795 3883; x_wconf 93' lang='lat' dir='ltr'><strong>in</strong></span> <span class='ocrx_word' id='word_1_552' title='bbox 2831 3843 3003 3883; x_wconf 92' lang='lat' dir='ltr'><strong>unum</strong></span> <span class='ocrx_word' id='word_1_553' title='bbox 3042 3841 3341 3899; x_wconf 78' lang='lat' dir='ltr'><strong>congerere</strong></span> <span class='ocrx_word' id='word_1_554' title='bbox 3386 3844 3455 3885; x_wconf 87' lang='lat' dir='ltr'><strong>ne</strong></span> 
     </span>
    </p>
   </div>
   <div class='ocr_carea' id='block_1_85' title="bbox 1878 3935 2177 3992">
    <p class='ocr_par' dir='ltr' id='par_1_85' title="bbox 1878 3935 2177 3992">
     <span class='ocr_line' id='line_1_85' title="bbox 1878 3935 2177 3992; baseline 0.007 -18"><span class='ocrx_word' id='word_1_555' title='bbox 1878 3935 2177 3992; x_wconf 79' lang='lat' dir='ltr'><strong>prgrescas.</strong></span> 
     </span>
    </p>
   </div>
   <div class='ocr_carea' id='block_1_86' title="bbox 2155 4026 3174 4103">
    <p class='ocr_par' dir='ltr' id='par_1_86' title="bbox 2155 4026 3174 4103">
     <span class='ocr_line' id='line_1_86' title="bbox 2155 4026 3174 4103; baseline -0.006 -14"><span class='ocrx_word' id='word_1_556' title='bbox 2155 4028 2317 4101; x_wconf 75' lang='lat'><strong>229</strong></span> <span class='ocrx_word' id='word_1_557' title='bbox 2331 4026 2881 4086; x_wconf 68' lang='lat' dir='ltr'><strong>CCIX.—-—PEGASIO</strong></span> <span class='ocrx_word' id='word_1_558' title='bbox 2918 4026 3174 4103; x_wconf 77' lang='lat' dir='ltr'><strong>COMITI.</strong></span> 
     </span>
    </p>
   </div>
   <div class='ocr_carea' id='block_1_87' title="bbox 1886 4114 3455 4195">
    <p class='ocr_par' dir='ltr' id='par_1_87' title="bbox 1886 4114 3455 4195">
     <span class='ocr_line' id='line_1_87' title="bbox 1886 4114 3455 4195; baseline 0.003 -20"><span class='ocrx_word' id='word_1_559' title='bbox 1886 4114 1893 4119; x_wconf 84' lang='grc'><em>’</em></span> <span class='ocrx_word' id='word_1_560' title='bbox 1944 4122 2258 4179; x_wconf 80' lang='lat' dir='ltr'><strong>Absurdum</strong></span> <span class='ocrx_word' id='word_1_561' title='bbox 2295 4121 2482 4192; x_wconf 89' lang='lat' dir='ltr'><strong>utique</strong></span> <span class='ocrx_word' id='word_1_562' title='bbox 2512 4120 2679 4176; x_wconf 83' lang='lat' dir='ltr'><strong>fuerit</strong></span> <span class='ocrx_word' id='word_1_563' title='bbox 2711 4120 2957 4176; x_wconf 86' lang='lat' dir='ltr'><strong>consorti</strong></span> <span class='ocrx_word' id='word_1_564' title='bbox 3001 4127 3107 4175; x_wconf 72' lang='lat' dir='ltr'><strong>tua:</strong></span> <span class='ocrx_word' id='word_1_565' title='bbox 3147 4118 3337 4195; x_wconf 83' lang='lat' dir='ltr'><strong>plagas</strong></span> <span class='ocrx_word' id='word_1_566' title='bbox 3372 4119 3455 4179; x_wconf 88' lang='lat' dir='ltr'><strong>in-</strong></span> 
     </span>
    </p>
   </div>
   <div class='ocr_carea' id='block_1_88' title="bbox 1876 4211 3456 4286">
    <p class='ocr_par' dir='ltr' id='par_1_88' title="bbox 1876 4211 3456 4286">
     <span class='ocr_line' id='line_1_88' title="bbox 1876 4211 3456 4286; baseline -0.001 -17"><span class='ocrx_word' id='word_1_567' title='bbox 1876 4214 2097 4286; x_wconf 81' lang='lat' dir='ltr'><strong>ﬂigere,</strong></span> <span class='ocrx_word' id='word_1_568' title='bbox 2147 4229 2272 4269; x_wconf 88' lang='lat' dir='ltr'><strong>eum</strong></span> <span class='ocrx_word' id='word_1_569' title='bbox 2323 4229 2387 4270; x_wconf 90' lang='lat' dir='ltr'><strong>ea</strong></span> <span class='ocrx_word' id='word_1_570' title='bbox 2424 4214 2715 4269; x_wconf 80' lang='lat' dir='ltr'><strong>continens</strong></span> <span class='ocrx_word' id='word_1_571' title='bbox 2749 4213 2861 4278; x_wconf 91' lang='lat' dir='ltr'><strong>sit,</strong></span> <span class='ocrx_word' id='word_1_572' title='bbox 2912 4220 2966 4268; x_wconf 90' lang='lat' dir='ltr'><strong>et</strong></span> <span class='ocrx_word' id='word_1_573' title='bbox 3002 4226 3168 4283; x_wconf 91' lang='lat' dir='ltr'><strong>quam</strong></span> <span class='ocrx_word' id='word_1_574' title='bbox 3220 4211 3456 4267; x_wconf 81' lang='lat' dir='ltr'><strong>maxime</strong></span> 
     </span>
    </p>
   </div>
   <div class='ocr_carea' id='block_1_89' title="bbox 1880 4292 3456 4376">
    <p class='ocr_par' dir='ltr' id='par_1_89' title="bbox 1880 4292 3456 4376">
     <span class='ocr_line' id='line_1_89' title="bbox 1880 4292 3456 4376; baseline -0.003 -13"><span class='ocrx_word' id='word_1_575' title='bbox 1880 4296 2221 4372; x_wconf 87' lang='lat' dir='ltr'><strong>veneranda,</strong></span> <span class='ocrx_word' id='word_1_576' title='bbox 2257 4314 2311 4361; x_wconf 87' lang='lat' dir='ltr'><strong>et</strong></span> <span class='ocrx_word' id='word_1_577' title='bbox 2340 4320 2435 4376; x_wconf 89' lang='lat' dir='ltr'><strong>per</strong></span> <span class='ocrx_word' id='word_1_578' title='bbox 2469 4319 2633 4360; x_wconf 86' lang='lat' dir='ltr'><strong>omne</strong></span> <span class='ocrx_word' id='word_1_579' title='bbox 2656 4304 2780 4359; x_wconf 60' lang='lat' dir='ltr'><strong>vitae</strong></span> <span class='ocrx_word' id='word_1_580' title='bbox 2825 4292 2939 4360; x_wconf 64' lang='lat' dir='ltr'><strong>suae</strong></span> <span class='ocrx_word' id='word_1_581' title='bbox 2985 4312 3198 4375; x_wconf 81' lang='lat' dir='ltr'><strong>tempus</strong></span> <span class='ocrx_word' id='word_1_582' title='bbox 3234 4318 3365 4374; x_wconf 85' lang='lat' dir='ltr'><strong>erga</strong></span> <span class='ocrx_word' id='word_1_583' title='bbox 3403 4311 3456 4358; x_wconf 89' lang='lat' dir='ltr'><strong>te</strong></span> 
     </span>
    </p>
   </div>
   <div class='ocr_carea' id='block_1_90' title="bbox 201 4380 1775 4486">
    <p class='ocr_par' dir='ltr' id='par_1_90' title="bbox 201 4380 1774 4478">
     <span class='ocr_line' id='line_1_90' title="bbox 201 4380 1774 4478; baseline 0.008 -29"><span class='ocrx_word' id='word_1_584' title='bbox 201 4380 612 4467; x_wconf 13' lang='grc' dir='ltr'>μήντολμῶσαν</span> <span class='ocrx_word' id='word_1_585' title='bbox 652 4398 741 4454; x_wconf 82' lang='grc' dir='ltr'><strong>διὰ</strong></span> <span class='ocrx_word' id='word_1_586' title='bbox 785 4400 886 4469; x_wconf 82' lang='grc' dir='ltr'><strong>τὴν</strong></span> <span class='ocrx_word' id='word_1_587' title='bbox 927 4400 1129 4471; x_wconf 83' lang='grc' dir='ltr'>πολλὴν</span> <span class='ocrx_word' id='word_1_588' title='bbox 1169 4402 1326 4469; x_wconf 81' lang='grc' dir='ltr'>αἰδῶ,</span> <span class='ocrx_word' id='word_1_589' title='bbox 1357 4404 1453 4457; x_wconf 79' lang='grc' dir='ltr'>καὶ</span> <span class='ocrx_word' id='word_1_590' title='bbox 1477 4380 1645 4478; x_wconf 75' lang='grc' dir='ltr'>τιμὴν</span> <span class='ocrx_word' id='word_1_591' title='bbox 1677 4408 1774 4478; x_wconf 81' lang='grc' dir='ltr'>τὴν</span> 
     </span>
    </p>
   </div>
   <div class='ocr_carea' id='block_1_91' title="bbox 1884 4380 3456 4486">
    <p class='ocr_par' dir='ltr' id='par_1_91' title="bbox 1884 4384 3456 4469">
     <span class='ocr_line' id='line_1_91' title="bbox 1884 4384 3456 4469; baseline -0.002 -16"><span class='ocrx_word' id='word_1_592' title='bbox 1884 4413 2124 4453; x_wconf 88' lang='lat' dir='ltr'><strong>amorem</strong></span> <span class='ocrx_word' id='word_1_593' title='bbox 2157 4396 2355 4453; x_wconf 80' lang='lat' dir='ltr'><strong>foverit</strong></span> <span class='ocrx_word' id='word_1_594' title='bbox 2388 4394 2719 4467; x_wconf 83' lang='lat' dir='ltr'><strong>foveatque,</strong></span> <span class='ocrx_word' id='word_1_595' title='bbox 2751 4403 2805 4450; x_wconf 87' lang='lat' dir='ltr'><strong>et</strong></span> <span class='ocrx_word' id='word_1_596' title='bbox 2830 4403 3057 4469; x_wconf 63' lang='lat' dir='ltr'><strong>propter</strong></span> <span class='ocrx_word' id='word_1_597' title='bbox 3086 4384 3310 4450; x_wconf 77' lang='lat' dir='ltr'><strong>nimiam</strong></span> <span class='ocrx_word' id='word_1_598' title='bbox 3361 4409 3456 4450; x_wconf 88' lang='lat' dir='ltr'><strong>ve—</strong></span> 
     </span>
    </p>
   </div>
   <div class='ocr_carea' id='block_1_92' title="bbox 198 4487 1777 4577">
    <p class='ocr_par' dir='ltr' id='par_1_92' title="bbox 198 4487 1777 4577">
     <span class='ocr_line' id='line_1_92' title="bbox 198 4487 1777 4577; baseline 0.009 -39"><span class='ocrx_word' id='word_1_599' title='bbox 198 4487 336 4557; x_wconf 78' lang='grc' dir='ltr'>πρὺς</span> <span class='ocrx_word' id='word_1_600' title='bbox 368 4487 455 4577; x_wconf 73' lang='grc' dir='ltr'>σὲ,</span> <span class='ocrx_word' id='word_1_601' title='bbox 489 4488 612 4559; x_wconf 84' lang='grc' dir='ltr'>μηδ’</span> <span class='ocrx_word' id='word_1_602' title='bbox 659 4491 1108 4564; x_wconf 61' lang='grc' dir='ltr'>ἀποφθαλμῆσαί</span> <span class='ocrx_word' id='word_1_603' title='bbox 1156 4511 1258 4551; x_wconf 84' lang='grc' dir='ltr'>σοι.</span> <span class='ocrx_word' id='word_1_604' title='bbox 1309 4496 1566 4551; x_wconf 86' lang='grc' dir='ltr'>Πέπαυσο</span> <span class='ocrx_word' id='word_1_605' title='bbox 1600 4499 1777 4553; x_wconf 87' lang='grc' dir='ltr'>τοίνυν</span> 
     </span>
    </p>
   </div>
   <div class='ocr_carea' id='block_1_93' title="bbox 196 4579 1774 4663">
    <p class='ocr_par' dir='ltr' id='par_1_93' title="bbox 196 4579 1774 4663">
     <span class='ocr_line' id='line_1_93' title="bbox 196 4579 1774 4663; baseline 0.009 -32"><span class='ocrx_word' id='word_1_606' title='bbox 196 4579 292 4651; x_wconf 74' lang='grc' dir='ltr'><strong>τοῦ</strong></span> <span class='ocrx_word' id='word_1_607' title='bbox 344 4579 525 4651; x_wconf 70' lang='grc' dir='ltr'>δέρειν</span> <span class='ocrx_word' id='word_1_608' title='bbox 568 4580 668 4651; x_wconf 79' lang='grc' dir='ltr'>τὴν</span> <span class='ocrx_word' id='word_1_609' title='bbox 712 4585 1097 4658; x_wconf 86' lang='grc' dir='ltr'>πιστωτάτην,</span> <span class='ocrx_word' id='word_1_610' title='bbox 1135 4586 1221 4641; x_wconf 82' lang='grc' dir='ltr'><strong>ἴνα</strong></span> <span class='ocrx_word' id='word_1_611' title='bbox 1266 4587 1343 4661; x_wconf 83' lang='grc' dir='ltr'>μὴ</span> <span class='ocrx_word' id='word_1_612' title='bbox 1396 4589 1774 4663; x_wconf 82' lang='grc' dir='ltr'>ἀγανακτήσῃ.</span> 
     </span>
    </p>
   </div>
   <div class='ocr_carea' id='block_1_94' title="bbox 198 4671 1778 4753">
    <p class='ocr_par' dir='ltr' id='par_1_94' title="bbox 198 4671 1778 4753">
     <span class='ocr_line' id='line_1_94' title="bbox 198 4671 1778 4753; baseline 0.007 -28"><span class='ocrx_word' id='word_1_613' title='bbox 198 4671 501 4740; x_wconf 69' lang='grc' dir='ltr'>Φιλοσόφου</span> <span class='ocrx_word' id='word_1_614' title='bbox 546 4674 657 4743; x_wconf 79' lang='grc' dir='ltr'><strong>γὰρ</strong></span> <span class='ocrx_word' id='word_1_615' title='bbox 705 4674 884 4745; x_wconf 77' lang='grc' dir='ltr'>ψυχῆς</span> <span class='ocrx_word' id='word_1_616' title='bbox 936 4679 1162 4747; x_wconf 80' lang='grc' dir='ltr'>σημεῖον</span> <span class='ocrx_word' id='word_1_617' title='bbox 1186 4717 1202 4741; x_wconf 92' lang='grc'><strong>,</strong></span> <span class='ocrx_word' id='word_1_618' title='bbox 1254 4679 1318 4732; x_wconf 82' lang='grc' dir='ltr'>τὸ</span> <span class='ocrx_word' id='word_1_619' title='bbox 1368 4680 1778 4753; x_wconf 86' lang='grc' dir='ltr'>παντελῶς</span> 
     </span>
    </p>
   </div>
   <div class='ocr_carea' id='block_1_95' title="bbox 200 4764 1778 4845">
    <p class='ocr_par' dir='ltr' id='par_1_95' title="bbox 200 4764 1778 4845">
     <span class='ocr_line' id='line_1_95' title="bbox 200 4764 1778 4845; baseline 0.007 -29"><span class='ocrx_word' id='word_1_620' title='bbox 200 4764 465 4836; x_wconf 82' lang='grc' dir='ltr'>πλήττειν</span> <span class='ocrx_word' id='word_1_621' title='bbox 511 4766 691 4838; x_wconf 80' lang='grc' dir='ltr'>χειρὶ,</span> <span class='ocrx_word' id='word_1_622' title='bbox 726 4766 804 4841; x_wconf 81' lang='grc' dir='ltr'>τῷ</span> <span class='ocrx_word' id='word_1_623' title='bbox 832 4766 975 4839; x_wconf 82' lang='grc' dir='ltr'>λόγῳ</span> <span class='ocrx_word' id='word_1_624' title='bbox 1010 4768 1056 4823; x_wconf 84' lang='grc' dir='ltr'>δ’</span> <span class='ocrx_word' id='word_1_625' title='bbox 1085 4770 1436 4843; x_wconf 75' lang='grc' dir='ltr'>ἐπιπλήττειν</span> <span class='ocrx_word' id='word_1_626' title='bbox 1466 4772 1579 4837; x_wconf 86' lang='grc' dir='ltr'>τοῖς</span> <span class='ocrx_word' id='word_1_627' title='bbox 1620 4791 1778 4845; x_wconf 88' lang='grc' dir='ltr'>πονη-</span> 
     </span>
    </p>
   </div>
   <div class='ocr_carea' id='block_1_96' title="bbox 204 4856 1773 4939">
    <p class='ocr_par' dir='ltr' id='par_1_96' title="bbox 204 4856 1773 4939">
     <span class='ocr_line' id='line_1_96' title="bbox 204 4856 1773 4939; baseline 0.007 -30"><span class='ocrx_word' id='word_1_628' title='bbox 204 4856 539 4927; x_wconf 81' lang='grc' dir='ltr'>ρευομένοις.</span> <span class='ocrx_word' id='word_1_629' title='bbox 620 4858 881 4919; x_wconf 79' lang='grc' dir='ltr'>Ἀτάκτου</span> <span class='ocrx_word' id='word_1_630' title='bbox 955 4862 1012 4915; x_wconf 87' lang='grc' dir='ltr'>δὲ</span> <span class='ocrx_word' id='word_1_631' title='bbox 1040 4903 1056 4928; x_wconf 93' lang='grc'><strong>,</strong></span> <span class='ocrx_word' id='word_1_632' title='bbox 1121 4863 1218 4917; x_wconf 75' lang='grc' dir='ltr'>καὶ</span> <span class='ocrx_word' id='word_1_633' title='bbox 1278 4865 1600 4919; x_wconf 88' lang='grc' dir='ltr'>ἀπαιδεύτου</span> <span class='ocrx_word' id='word_1_634' title='bbox 1674 4869 1773 4939; x_wconf 89' lang='grc' dir='ltr'>σή-</span> 
     </span>
    </p>
   </div>
   <div class='ocr_carea' id='block_1_97' title="bbox 204 4949 1775 5029">
    <p class='ocr_par' dir='ltr' id='par_1_97' title="bbox 204 4949 1775 5029">
     <span class='ocr_line' id='line_1_97' title="bbox 204 4949 1775 5029; baseline 0.009 -29"><span class='ocrx_word' id='word_1_635' title='bbox 204 4964 443 5017; x_wconf 86' lang='grc' dir='ltr'>μαντρον</span> <span class='ocrx_word' id='word_1_636' title='bbox 467 4988 484 5013; x_wconf 90' lang='grc'><strong>,</strong></span> <span class='ocrx_word' id='word_1_637' title='bbox 524 4949 585 5002; x_wconf 85' lang='grc' dir='ltr'><strong>τὺ</strong></span> <span class='ocrx_word' id='word_1_638' title='bbox 633 4950 865 5021; x_wconf 77' lang='grc' dir='ltr'>ετοίμως</span> <span class='ocrx_word' id='word_1_639' title='bbox 901 4952 1116 5023; x_wconf 81' lang='grc' dir='ltr'>πληγὰς</span> <span class='ocrx_word' id='word_1_640' title='bbox 1155 4955 1390 5026; x_wconf 86' lang='grc' dir='ltr'>ἀπάγειν</span> <span class='ocrx_word' id='word_1_641' title='bbox 1433 4959 1546 5022; x_wconf 85' lang='grc' dir='ltr'>τοῖς</span> <span class='ocrx_word' id='word_1_642' title='bbox 1594 4975 1775 5029; x_wconf 84' lang='grc' dir='ltr'>παρα-</span> 
     </span>
    </p>
   </div>
   <div class='ocr_carea' id='block_1_98' title="bbox 202 5041 555 5111">
    <p class='ocr_par' dir='ltr' id='par_1_98' title="bbox 202 5041 555 5111">
     <span class='ocr_line' id='line_1_98' title="bbox 202 5041 555 5111; baseline 0.017 -20"><span class='ocrx_word' id='word_1_643' title='bbox 202 5041 555 5111; x_wconf 74' lang='grc' dir='ltr'>τυγχάνουσι.</span> 
     </span>
    </p>
   </div>
   <div class='ocr_carea' id='block_1_99' title="bbox 548 5239 1431 5313">
    <p class='ocr_par' dir='ltr' id='par_1_99' title="bbox 548 5239 1431 5313">
     <span class='ocr_line' id='line_1_99' title="bbox 548 5239 1431 5313; baseline 0.007 -22"><span class='ocrx_word' id='word_1_644' title='bbox 548 5239 642 5292; x_wconf 70' lang='grc' dir='ltr'><strong>Σῐν.</strong></span> <span class='ocrx_word' id='word_1_645' title='bbox 672 5271 741 5279; x_wconf 91' lang='lat'><strong>—</strong></span> <span class='ocrx_word' id='word_1_646' title='bbox 767 5240 1125 5312; x_wconf 80' lang='grc' dir='ltr'><strong>ΝΗΜΕΡΤΙῼ</strong></span> <span class='ocrx_word' id='word_1_647' title='bbox 1156 5242 1431 5313; x_wconf 76' lang='grc' dir='ltr'><strong>ΕΚΔΙΚῼ.</strong></span> 
     </span>
    </p>
   </div>
   <div class='ocr_carea' id='block_1_100' title="bbox 286 5327 1775 5407">
    <p class='ocr_par' dir='ltr' id='par_1_100' title="bbox 286 5327 1775 5407">
     <span class='ocr_line' id='line_1_100' title="bbox 286 5327 1775 5407; baseline 0.005 -28"><span class='ocrx_word' id='word_1_648' title='bbox 286 5327 529 5398; x_wconf 82' lang='grc' dir='ltr'>Ἐρωτᾷς</span> <span class='ocrx_word' id='word_1_649' title='bbox 564 5345 629 5398; x_wconf 89' lang='grc' dir='ltr'><strong>με</strong></span> <span class='ocrx_word' id='word_1_650' title='bbox 656 5329 747 5383; x_wconf 81' lang='grc' dir='ltr'><strong>διὰ</strong></span> <span class='ocrx_word' id='word_1_651' title='bbox 790 5329 883 5385; x_wconf 76' lang='grc' dir='ltr'><strong>τοῦ</strong></span> <span class='ocrx_word' id='word_1_652' title='bbox 914 5331 1241 5404; x_wconf 83' lang='grc' dir='ltr'>γράμματός</span> <span class='ocrx_word' id='word_1_653' title='bbox 1272 5350 1390 5397; x_wconf 89' lang='grc' dir='ltr'>σου,</span> <span class='ocrx_word' id='word_1_654' title='bbox 1448 5337 1496 5388; x_wconf 85' lang='grc' dir='ltr'>εἰ</span> <span class='ocrx_word' id='word_1_655' title='bbox 1537 5338 1641 5407; x_wconf 81' lang='grc' dir='ltr'>χρὴ</span> <span class='ocrx_word' id='word_1_656' title='bbox 1683 5353 1775 5387; x_wconf 85' lang='grc' dir='ltr'>πι-</span> 
     </span>
    </p>
   </div>
   <div class='ocr_carea' id='block_1_101' title="bbox 210 5418 1775 5500">
    <p class='ocr_par' dir='ltr' id='par_1_101' title="bbox 210 5418 1775 5500">
     <span class='ocr_line' id='line_1_101' title="bbox 210 5418 1775 5500; baseline 0.007 -28"><span class='ocrx_word' id='word_1_657' title='bbox 210 5419 419 5473; x_wconf 81' lang='grc' dir='ltr'>στεύειν</span> <span class='ocrx_word' id='word_1_658' title='bbox 466 5421 750 5491; x_wconf 84' lang='grc' dir='ltr'>ὁμοούσιον</span> <span class='ocrx_word' id='word_1_659' title='bbox 802 5418 941 5477; x_wconf 78' lang='grc' dir='ltr'>εἶναι</span> <span class='ocrx_word' id='word_1_660' title='bbox 986 5425 1047 5479; x_wconf 81' lang='grc' dir='ltr'>τὸ</span> <span class='ocrx_word' id='word_1_661' title='bbox 1113 5426 1336 5498; x_wconf 82' lang='grc' dir='ltr'>Πνεῦμα</span> <span class='ocrx_word' id='word_1_662' title='bbox 1380 5428 1441 5481; x_wconf 83' lang='grc' dir='ltr'>τὸ</span> <span class='ocrx_word' id='word_1_663' title='bbox 1494 5429 1669 5498; x_wconf 73' lang='grc' dir='ltr'>ἅγιον</span> <span class='ocrx_word' id='word_1_664' title='bbox 1695 5429 1775 5500; x_wconf 80' lang='grc' dir='ltr'>τῷ</span> 
     </span>
    </p>
   </div>
   <div class='ocr_carea' id='block_1_102' title="bbox 210 5509 1775 5595">
    <p class='ocr_par' dir='ltr' id='par_1_102' title="bbox 210 5509 1775 5595">
     <span class='ocr_line' id='line_1_102' title="bbox 210 5509 1775 5595; baseline 0.007 -32"><span class='ocrx_word' id='word_1_665' title='bbox 210 5509 383 5588; x_wconf 75' lang='grc' dir='ltr'>ῌατρὶ</span> <span class='ocrx_word' id='word_1_666' title='bbox 428 5512 523 5567; x_wconf 74' lang='grc' dir='ltr'>καὶ</span> <span class='ocrx_word' id='word_1_667' title='bbox 572 5513 650 5584; x_wconf 82' lang='grc' dir='ltr'><strong>τῷ</strong></span> <span class='ocrx_word' id='word_1_668' title='bbox 682 5514 819 5587; x_wconf 84' lang='grc' dir='ltr'><strong>Υἰῷ.</strong></span> <span class='ocrx_word' id='word_1_669' title='bbox 865 5515 1057 5587; x_wconf 83' lang='grc' dir='ltr'>Ἡμεῖς</span> <span class='ocrx_word' id='word_1_670' title='bbox 1097 5518 1154 5572; x_wconf 83' lang='grc' dir='ltr'>δὲ</span> <span class='ocrx_word' id='word_1_671' title='bbox 1184 5517 1359 5584; x_wconf 76' lang='grc' dir='ltr'>οὕτως</span> <span class='ocrx_word' id='word_1_672' title='bbox 1387 5519 1581 5591; x_wconf 74' lang='grc' dir='ltr'>ἔχομεν</span> <span class='ocrx_word' id='word_1_673' title='bbox 1608 5560 1621 5584; x_wconf 91' lang='grc'><strong>,</strong></span> <span class='ocrx_word' id='word_1_674' title='bbox 1666 5524 1775 5595; x_wconf 65' lang='grc' dir='ltr'>καὶ</span> 
     </span>
    </p>
   </div>
   <div class='ocr_carea' id='block_1_103' title="bbox 227 5570 245 5588">
    <p class='ocr_par' dir='ltr' id='par_1_103' title="bbox 227 5570 245 5588">
     <span class='ocr_line' id='line_1_103' title="bbox 227 5570 245 5588; baseline 0 0"><span class='ocrx_word' id='word_1_675' title='bbox 227 5570 245 5588; x_wconf 58' lang='lat' dir='ltr'><strong>.I</strong></span> 
     </span>
    </p>
   </div>
   <div class='ocr_carea' id='block_1_104' title="bbox 284 5689 1799 5779">
    <p class='ocr_par' dir='ltr' id='par_1_104' title="bbox 284 5689 1799 5779">
     <span class='ocr_line' id='line_1_104' title="bbox 284 5689 1799 5779; baseline 0.013 -34"><span class='ocrx_word' id='word_1_676' title='bbox 284 5691 331 5731; x_wconf 76' lang='lat'>&quot;</span> <span class='ocrx_word' id='word_1_677' title='bbox 356 5689 508 5749; x_wconf 90' lang='lat' dir='ltr'><strong>Deut.</strong></span> <span class='ocrx_word' id='word_1_678' title='bbox 537 5708 593 5760; x_wconf 79' lang='grc' dir='ltr'><strong>ν,</strong></span> <span class='ocrx_word' id='word_1_679' title='bbox 631 5692 714 5748; x_wconf 78' lang='lat' dir='ltr'><strong>I3.</strong></span> <span class='ocrx_word' id='word_1_680' title='bbox 793 5695 837 5728; x_wconf 82' lang='lat'><strong>&quot;</strong></span> <span class='ocrx_word' id='word_1_681' title='bbox 863 5694 1002 5755; x_wconf 86' lang='lat' dir='ltr'><strong>Gen.</strong></span> <span class='ocrx_word' id='word_1_682' title='bbox 1036 5712 1133 5764; x_wconf 79' lang='lat' dir='ltr'><strong>xu,</strong></span> <span class='ocrx_word' id='word_1_683' title='bbox 1161 5700 1214 5756; x_wconf 76' lang='grc'><strong>5.</strong></span> <span class='ocrx_word' id='word_1_684' title='bbox 1291 5700 1338 5733; x_wconf 84' lang='grc'><strong>⁸⁸</strong></span> <span class='ocrx_word' id='word_1_685' title='bbox 1363 5698 1509 5756; x_wconf 86' lang='lat' dir='ltr'><strong>Psal.</strong></span> <span class='ocrx_word' id='word_1_686' title='bbox 1532 5718 1679 5779; x_wconf 76' lang='lat' dir='ltr'><strong>xxx,</strong></span> <span class='ocrx_word' id='word_1_687' title='bbox 1704 5701 1799 5765; x_wconf 56' lang='lat' dir='ltr'><strong>I9.</strong></span> 
     </span>
    </p>
   </div>
   <div class='ocr_carea' id='block_1_105' title="bbox 1881 4487 3454 4563">
    <p class='ocr_par' dir='ltr' id='par_1_105' title="bbox 1881 4487 3454 4563">
     <span class='ocr_line' id='line_1_105' title="bbox 1881 4487 3454 4563; baseline -0.001 -20"><span class='ocrx_word' id='word_1_688' title='bbox 1881 4489 2195 4546; x_wconf 90' lang='lat' dir='ltr'><strong>recundiam</strong></span> <span class='ocrx_word' id='word_1_689' title='bbox 2226 4496 2280 4544; x_wconf 89' lang='lat' dir='ltr'><strong>et</strong></span> <span class='ocrx_word' id='word_1_690' title='bbox 2305 4489 2570 4553; x_wconf 80' lang='lat' dir='ltr'><strong>honorem</strong></span> <span class='ocrx_word' id='word_1_691' title='bbox 2593 4505 2803 4563; x_wconf 67' lang='lat' dir='ltr'><strong>,qpem</strong></span> <span class='ocrx_word' id='word_1_692' title='bbox 2832 4488 2930 4553; x_wconf 83' lang='lat' dir='ltr'><strong>tibi</strong></span> <span class='ocrx_word' id='word_1_693' title='bbox 2956 4488 3163 4555; x_wconf 79' lang='lat' dir='ltr'><strong>defert,</strong></span> <span class='ocrx_word' id='word_1_694' title='bbox 3191 4487 3454 4543; x_wconf 88' lang='lat' dir='ltr'><strong>adversus</strong></span> 
     </span>
    </p>
   </div>
   <div class='ocr_carea' id='block_1_106' title="bbox 1880 4579 3452 4657">
    <p class='ocr_par' dir='ltr' id='par_1_106' title="bbox 1880 4579 3452 4657">
     <span class='ocr_line' id='line_1_106' title="bbox 1880 4579 3452 4657; baseline -0.003 -20"><span class='ocrx_word' id='word_1_695' title='bbox 1880 4590 1936 4657; x_wconf 87' lang='lat' dir='ltr'><strong>te</strong></span> <span class='ocrx_word' id='word_1_696' title='bbox 1968 4583 2160 4637; x_wconf 85' lang='lat' dir='ltr'><strong>oculos</strong></span> <span class='ocrx_word' id='word_1_697' title='bbox 2195 4582 2405 4654; x_wconf 86' lang='lat' dir='ltr'><strong>erigere</strong></span> <span class='ocrx_word' id='word_1_698' title='bbox 2434 4597 2545 4654; x_wconf 87' lang='lat' dir='ltr'><strong>non</strong></span> <span class='ocrx_word' id='word_1_699' title='bbox 2574 4581 2791 4654; x_wconf 80' lang='lat' dir='ltr'><strong>audeat.</strong></span> <span class='ocrx_word' id='word_1_700' title='bbox 2823 4579 3012 4653; x_wconf 89' lang='lat' dir='ltr'><strong>Finem</strong></span> <span class='ocrx_word' id='word_1_701' title='bbox 3039 4582 3220 4651; x_wconf 87' lang='lat' dir='ltr'><strong>itaque</strong></span> <span class='ocrx_word' id='word_1_702' title='bbox 3242 4579 3452 4653; x_wconf 31' lang='lat' dir='ltr'><strong>facttibi</strong></span> 
     </span>
    </p>
   </div>
   <div class='ocr_carea' id='block_1_107' title="bbox 1880 4656 3454 4750">
    <p class='ocr_par' dir='ltr' id='par_1_107' title="bbox 1880 4656 3454 4750">
     <span class='ocr_line' id='line_1_107' title="bbox 1880 4656 3454 4750; baseline -0.004 -21"><span class='ocrx_word' id='word_1_703' title='bbox 1880 4674 2202 4730; x_wconf 84' lang='lat' dir='ltr'><strong>tidissimam</strong></span> <span class='ocrx_word' id='word_1_704' title='bbox 2247 4656 2614 4750; x_wconf 12' lang='lat' dir='ltr'><strong>verbe‘randi,</strong></span> <span class='ocrx_word' id='word_1_705' title='bbox 2666 4689 2750 4747; x_wconf 83' lang='lat' dir='ltr'><strong>ne</strong></span> <span class='ocrx_word' id='word_1_706' title='bbox 2784 4673 3022 4750; x_wconf 80' lang='lat' dir='ltr'><strong>graviter</strong></span> <span class='ocrx_word' id='word_1_707' title='bbox 3054 4673 3349 4735; x_wconf 89' lang='lat' dir='ltr'><strong>irascatur,</strong></span> <span class='ocrx_word' id='word_1_708' title='bbox 3397 4677 3454 4726; x_wconf 88' lang='lat' dir='ltr'><strong>et</strong></span> 
     </span>
    </p>
   </div>
   <div class='ocr_carea' id='block_1_108' title="bbox 1883 4748 3454 4841">
    <p class='ocr_par' dir='ltr' id='par_1_108' title="bbox 1883 4748 3454 4841">
     <span class='ocr_line' id='line_1_108' title="bbox 1883 4748 3454 4841; baseline -0.004 -20"><span class='ocrx_word' id='word_1_709' title='bbox 1883 4767 2071 4838; x_wconf 87' lang='lat' dir='ltr'><strong>iniquo</strong></span> <span class='ocrx_word' id='word_1_710' title='bbox 2102 4767 2287 4821; x_wconf 86' lang='lat' dir='ltr'><strong>animo</strong></span> <span class='ocrx_word' id='word_1_711' title='bbox 2326 4748 2487 4841; x_wconf 78' lang='lat' dir='ltr'><strong>ferat.</strong></span> <span class='ocrx_word' id='word_1_712' title='bbox 2521 4764 2750 4836; x_wconf 83' lang='lat' dir='ltr'><strong>Signum</strong></span> <span class='ocrx_word' id='word_1_713' title='bbox 2776 4748 2979 4819; x_wconf 89' lang='lat' dir='ltr'><strong>etenim</strong></span> <span class='ocrx_word' id='word_1_714' title='bbox 3013 4762 3178 4816; x_wconf 88' lang='lat' dir='ltr'><strong>animi</strong></span> <span class='ocrx_word' id='word_1_715' title='bbox 3213 4761 3454 4832; x_wconf 87' lang='lat' dir='ltr'><strong>philoso-</strong></span> 
     </span>
    </p>
   </div>
   <div class='ocr_carea' id='block_1_109' title="bbox 1881 4853 3452 4937">
    <p class='ocr_par' dir='ltr' id='par_1_109' title="bbox 1881 4853 3452 4937">
     <span class='ocr_line' id='line_1_109' title="bbox 1881 4853 3452 4937; baseline -0.004 -23"><span class='ocrx_word' id='word_1_716' title='bbox 1881 4861 2023 4931; x_wconf 82' lang='lat' dir='ltr'><strong>phiae</strong></span> <span class='ocrx_word' id='word_1_717' title='bbox 2058 4860 2259 4937; x_wconf 86' lang='lat' dir='ltr'><strong>addicti</strong></span> <span class='ocrx_word' id='word_1_718' title='bbox 2301 4869 2385 4915; x_wconf 87' lang='lat' dir='ltr'><strong>est</strong></span> <span class='ocrx_word' id='word_1_719' title='bbox 2408 4901 2425 4929; x_wconf 92' lang='lat'><strong>,</strong></span> <span class='ocrx_word' id='word_1_720' title='bbox 2447 4874 2689 4937; x_wconf 88' lang='lat' dir='ltr'><strong>prorsus</strong></span> <span class='ocrx_word' id='word_1_721' title='bbox 2720 4873 2751 4912; x_wconf 91' lang='lat' dir='ltr'><strong>a</strong></span> <span class='ocrx_word' id='word_1_722' title='bbox 2779 4857 2955 4929; x_wconf 90' lang='lat' dir='ltr'><strong>plagis</strong></span> <span class='ocrx_word' id='word_1_723' title='bbox 2994 4870 3255 4911; x_wconf 90' lang='lat' dir='ltr'><strong>manuum</strong></span> <span class='ocrx_word' id='word_1_724' title='bbox 3280 4853 3452 4909; x_wconf 89' lang='lat' dir='ltr'><strong>absti—</strong></span> 
     </span>
    </p>
   </div>
   <div class='ocr_carea' id='block_1_110' title="bbox 1882 4935 3450 5025">
    <p class='ocr_par' dir='ltr' id='par_1_110' title="bbox 1882 4935 3450 5025">
     <span class='ocr_line' id='line_1_110' title="bbox 1882 4935 3450 5025; baseline -0.005 -16"><span class='ocrx_word' id='word_1_725' title='bbox 1882 4969 2043 5019; x_wconf 91' lang='lat' dir='ltr'><strong>nere,</strong></span> <span class='ocrx_word' id='word_1_726' title='bbox 2081 4935 2177 5025; x_wconf 82' lang='lat' dir='ltr'><strong>sed</strong></span> <span class='ocrx_word' id='word_1_727' title='bbox 2223 4968 2387 5025; x_wconf 84' lang='lat' dir='ltr'><strong>prave</strong></span> <span class='ocrx_word' id='word_1_728' title='bbox 2418 4935 2644 5024; x_wconf 83' lang='lat' dir='ltr'><strong>agentes</strong></span> <span class='ocrx_word' id='word_1_729' title='bbox 2684 4951 2971 5022; x_wconf 89' lang='lat' dir='ltr'><strong>increpare</strong></span> <span class='ocrx_word' id='word_1_730' title='bbox 3003 4949 3210 5021; x_wconf 85' lang='lat' dir='ltr'><strong>verbo;</strong></span> <span class='ocrx_word' id='word_1_731' title='bbox 3252 4946 3450 5003; x_wconf 84' lang='lat' dir='ltr'><strong>furiosi</strong></span> 
     </span>
    </p>
   </div>
   <div class='ocr_carea' id='block_1_111' title="bbox 1882 5038 3453 5121">
    <p class='ocr_par' dir='ltr' id='par_1_111' title="bbox 1882 5038 3453 5121">
     <span class='ocr_line' id='line_1_111' title="bbox 1882 5038 3453 5121; baseline -0.004 -20"><span class='ocrx_word' id='word_1_732' title='bbox 1882 5062 2011 5103; x_wconf 91' lang='lat' dir='ltr'><strong>vero</strong></span> <span class='ocrx_word' id='word_1_733' title='bbox 2067 5054 2230 5117; x_wconf 87' lang='lat' dir='ltr'><strong>atque</strong></span> <span class='ocrx_word' id='word_1_734' title='bbox 2259 5045 2497 5116; x_wconf 90' lang='lat' dir='ltr'><strong>imperiti</strong></span> <span class='ocrx_word' id='word_1_735' title='bbox 2528 5045 2744 5116; x_wconf 86' lang='lat' dir='ltr'><strong>signum</strong></span> <span class='ocrx_word' id='word_1_736' title='bbox 2768 5085 2784 5111; x_wconf 88' lang='lat'><strong>,</strong></span> <span class='ocrx_word' id='word_1_737' title='bbox 2820 5051 3067 5116; x_wconf 89' lang='lat' dir='ltr'><strong>prompte</strong></span> <span class='ocrx_word' id='word_1_738' title='bbox 3115 5039 3292 5111; x_wconf 81' lang='lat' dir='ltr'><strong>obviis</strong></span> <span class='ocrx_word' id='word_1_739' title='bbox 3337 5038 3453 5121; x_wconf 70' lang='lat' dir='ltr'><strong>qui;</strong></span> 
     </span>
    </p>
   </div>
   <div class='ocr_carea' id='block_1_112' title="bbox 1884 5139 2734 5213">
    <p class='ocr_par' dir='ltr' id='par_1_112' title="bbox 1884 5139 2734 5213">
     <span class='ocr_line' id='line_1_112' title="bbox 1884 5139 2734 5213; baseline -0.004 -15"><span class='ocrx_word' id='word_1_740' title='bbox 1884 5142 2207 5213; x_wconf 87' lang='lat' dir='ltr'><strong>buscunque</strong></span> <span class='ocrx_word' id='word_1_741' title='bbox 2245 5141 2434 5212; x_wconf 78' lang='lat' dir='ltr'><strong>plagas</strong></span> <span class='ocrx_word' id='word_1_742' title='bbox 2470 5139 2734 5211; x_wconf 77' lang='lat' dir='ltr'><strong>inﬂigere.</strong></span> 
     </span>
    </p>
   </div>
   <div class='ocr_carea' id='block_1_113' title="bbox 2192 5242 3139 5317">
    <p class='ocr_par' dir='ltr' id='par_1_113' title="bbox 2192 5242 3139 5317">
     <span class='ocr_line' id='line_1_113' title="bbox 2192 5242 3139 5317; baseline -0.005 -12"><span class='ocrx_word' id='word_1_743' title='bbox 2192 5249 2346 5305; x_wconf 76' lang='lat' dir='ltr'><strong>cex.</strong></span> <span class='ocrx_word' id='word_1_744' title='bbox 2374 5281 2443 5291; x_wconf 93' lang='grc'><strong>-</strong></span> <span class='ocrx_word' id='word_1_745' title='bbox 2474 5246 2828 5304; x_wconf 81' lang='lat' dir='ltr'><strong>NEMERTIO</strong></span> <span class='ocrx_word' id='word_1_746' title='bbox 2864 5242 3139 5317; x_wconf 63' lang='lat' dir='ltr'><strong>ECDICO,</strong></span> 
     </span>
    </p>
   </div>
   <div class='ocr_carea' id='block_1_114' title="bbox 1956 5330 3445 5407">
    <p class='ocr_par' dir='ltr' id='par_1_114' title="bbox 1956 5330 3445 5407">
     <span class='ocr_line' id='line_1_114' title="bbox 1956 5330 3445 5407; baseline -0.007 -13"><span class='ocrx_word' id='word_1_747' title='bbox 1956 5339 2174 5395; x_wconf 85' lang='lat' dir='ltr'><strong>Litteris</strong></span> <span class='ocrx_word' id='word_1_748' title='bbox 2204 5339 2394 5406; x_wconf 22' lang='lat' dir='ltr'><strong>tuisha</strong></span> <span class='ocrx_word' id='word_1_749' title='bbox 2428 5353 2515 5394; x_wconf 93' lang='lat' dir='ltr'><strong>me</strong></span> <span class='ocrx_word' id='word_1_750' title='bbox 2557 5337 2772 5407; x_wconf 73' lang='lat' dir='ltr'><strong>poscis,</strong></span> <span class='ocrx_word' id='word_1_751' title='bbox 2808 5350 2939 5390; x_wconf 89' lang='lat' dir='ltr'><strong>num</strong></span> <span class='ocrx_word' id='word_1_752' title='bbox 2990 5331 3347 5406; x_wconf 71' lang='lat' dir='ltr'><strong>credendum</strong></span> <span class='ocrx_word' id='word_1_753' title='bbox 3372 5330 3445 5385; x_wconf 89' lang='lat' dir='ltr'><strong>sit</strong></span> 
     </span>
    </p>
   </div>
   <div class='ocr_carea' id='block_1_115' title="bbox 1884 5419 3448 5510">
    <p class='ocr_par' dir='ltr' id='par_1_115' title="bbox 1884 5419 3448 5510">
     <span class='ocr_line' id='line_1_115' title="bbox 1884 5419 3448 5510; baseline -0.006 -26"><span class='ocrx_word' id='word_1_754' title='bbox 1884 5428 2146 5510; x_wconf 80' lang='lat' dir='ltr'><strong>Spiritum</strong></span> <span class='ocrx_word' id='word_1_755' title='bbox 2177 5437 2429 5497; x_wconf 80' lang='lat' dir='ltr'><strong>sanctum</strong></span> <span class='ocrx_word' id='word_1_756' title='bbox 2455 5426 2700 5499; x_wconf 82' lang='lat' dir='ltr'><strong>ejusdem</strong></span> <span class='ocrx_word' id='word_1_757' title='bbox 2734 5440 2865 5498; x_wconf 86' lang='lat' dir='ltr'><strong>esse</strong></span> <span class='ocrx_word' id='word_1_758' title='bbox 2890 5438 3017 5480; x_wconf 91' lang='lat' dir='ltr'><strong>cum</strong></span> <span class='ocrx_word' id='word_1_759' title='bbox 3064 5420 3227 5483; x_wconf 81' lang='lat' dir='ltr'><strong>Patre</strong></span> <span class='ocrx_word' id='word_1_760' title='bbox 3256 5427 3311 5477; x_wconf 81' lang='lat' dir='ltr'><strong>et</strong></span> <span class='ocrx_word' id='word_1_761' title='bbox 3354 5419 3448 5486; x_wconf 57' lang='lat' dir='ltr'><strong>Fie</strong></span> 
     </span>
    </p>
   </div>
   <div class='ocr_carea' id='block_1_116' title="bbox 1884 5513 3451 5599">
    <p class='ocr_par' dir='ltr' id='par_1_116' title="bbox 1884 5513 3451 5599">
     <span class='ocr_line' id='line_1_116' title="bbox 1884 5513 3451 5599; baseline -0.007 -20"><span class='ocrx_word' id='word_1_762' title='bbox 1884 5523 1958 5581; x_wconf 90' lang='lat' dir='ltr'><strong>lio</strong></span> <span class='ocrx_word' id='word_1_763' title='bbox 1990 5522 2233 5599; x_wconf 63' lang='lat' dir='ltr'><strong>naturae?</strong></span> <span class='ocrx_word' id='word_1_764' title='bbox 2275 5519 2390 5595; x_wconf 82' lang='lat' dir='ltr'><strong>Nos</strong></span> <span class='ocrx_word' id='word_1_765' title='bbox 2435 5518 2855 5595; x_wconf 75' lang='lat' dir='ltr'><strong>itababemus,</strong></span> <span class='ocrx_word' id='word_1_766' title='bbox 2902 5524 2957 5576; x_wconf 90' lang='lat' dir='ltr'><strong>et</strong></span> <span class='ocrx_word' id='word_1_767' title='bbox 2982 5516 3071 5593; x_wconf 80' lang='lat' dir='ltr'><strong>sic</strong></span> <span class='ocrx_word' id='word_1_768' title='bbox 3110 5513 3393 5589; x_wconf 70' lang='lat' dir='ltr'><strong>credimus</strong></span> <span class='ocrx_word' id='word_1_769' title='bbox 3417 5527 3451 5569; x_wconf 86' lang='lat' dir='ltr'><strong>a</strong></span> 
     </span>
    </p>
   </div>
  </div>
