3850 6218
438 271 536 335 311

1930 275 1990 335 S.
2023 273 2189 335 NILI

3562 268 3681 337 312

438 387 639 443 divinis
663 385 920 443 Patribus
949 387 1126 445 edocti
1154 408 1168 456 ;
1198 396 1252 445 et
1286 392 1366 446 sic
1398 378 1724 446 conﬁtemur
1749 391 1986 463 ejusdem

2098 387 2238 443 οὕτω
2264 387 2589 459 πιστεύομεν
2614 387 2764 459 παρά
2790 388 3049 460 Πατέρων
3088 387 3250 442 θείων
3273 387 3681 460 δεδιδαγμένοι,

436 494 558 535 esse
595 486 803 534 natura:
832 495 955 534 cum
988 479 1150 537 Patre
1181 490 1236 537 et
1266 480 1402 537 Filio
1432 484 1840 539 sanctissimum
1871 481 1999 553 Spi-

436 571 603 626 ritum
636 571 1025 640 Paracletum,
1077 585 1439 640 coaeternum,
1482 575 1536 629 in
1582 576 1769 630 eodem
1804 574 2001 628 throno

436 665 715 720 sedentem
744 706 759 730 ,
790 682 897 721 una
927 660 1265 737 regnantem,
1301 670 1464 724 simul
1489 668 1851 740 glorificatum
1877 680 2000 723 cum

434 756 596 812 Patre
625 766 678 812 et
728 757 867 813 Filio
916 760 971 814 in
1030 762 1360 831 sempiterna
1415 762 1615 817 saecula
1649 759 1997 816 saeculorum.

433 850 626 905 Amen.

677 943 859 999 CCXI.
892 976 958 985 —
990 940 1242 999 ADOLIO
1280 941 1758 999 LEGISPERITO.

503 1030 770 1089 Homines
804 1048 910 1088 una
934 1047 1059 1088 cum
1088 1034 1415 1089 mulieribus
1445 1034 1627 1098 ablui,
1661 1033 1814 1089 nullo
1832 1026 2000 1091 modo

428 1123 635 1180 Christi
666 1122 923 1196 discipuli
956 1127 1361 1196 permiserunt;
1398 1126 1493 1183 sed
1517 1142 1631 1183 rem
1664 1126 1998 1198 conﬂgentes

361 1254 367 1265 ι
428 1219 696 1273 exsecrati
759 1227 928 1285 sunt,
970 1222 1046 1274 et
1089 1225 1351 1289 tanquam
1403 1219 1791 1274 inconcinnum
1836 1216 2000 1288 atque

430 1310 620 1367 inutile
658 1304 822 1383 230
859 1310 1188 1368 Christianis
1210 1356 1224 1380 ,
1266 1311 1700 1382 prohibuerunt,
1736 1317 1793 1366 et
1821 1310 1999 1381 ejece~

430 1407 592 1464 runt,
628 1408 682 1454 et
712 1402 1178 1472 proscripserunt.

684 1493 889 1549 CCXII.
914 1526 983 1537 —
1004 1492 1418 1549 PLUTARCHO
1456 1491 1729 1548 BURSIE.

496 1585 704 1640 Divinas
752 1586 900 1656 leges
932 1582 1238 1655 imperant,
1274 1586 1555 1639 omninoa
1633 1581 1997 1653 jurejurando

426 1677 817 1732 abstinendum
852 1692 999 1733 esse.
1039 1677 1165 1733 Sive
1191 1678 1337 1732 enim
1375 1677 1500 1747 quis
1528 1691 1655 1731 vera
1693 1674 1992 1744 juraverit,

427 1769 545 1825 sive
600 1769 968 1840 pejeraverit,
1016 1768 1286 1839 punitioni
1318 1768 1597 1823 obnoxius
1650 1766 1725 1821 iit.
1769 1766 1996 1821 Abstine

426 1860 597 1933 igitur
632 1876 662 1915 a
690 1862 1065 1932 jurejurando
1100 1861 1217 1917 sive
1262 1860 1391 1915 illud
1415 1859 1628 1930 justum
1650 1897 1666 1922 ,
1710 1856 1825 1913 sive
1852 1856 1997 1925 inju-

424 1967 571 2009 stum
605 1956 699 2010 sit.
1094 1954 1095 1957 “

686 2046 913 2103 CCXlli.
945 2077 1014 2087 —
1052 2043 1272 2101 JULIE
1312 2043 1726 2101 COMITISSAE.

492 2138 632 2211 Apte
675 2141 775 2194 tibi
821 2139 1101 2209 nimisque
1136 2137 1437 2209 Scriptura;
1470 2138 1678 2193 dictum
1714 2136 1989 2192 convenit.

422 2228 898 2299 Quemadmodum
931 2233 1078 2287 enim
1106 2270 1122 2296 ,
1156 2234 1258 2295 ait,
1314 2231 1525 2286 inauris
1558 2245 1720 2285 aurea
1769 2230 1823 2283 in
1858 2240 1994 2283 naso

421 2325 615 2391 porci,
658 2325 731 2377 ita
771 2322 1133 2394 pulchritudo
1180 2320 1473 2376 malesana:
1511 2321 1725 2375 mulieri
1754 2320 1823 2375 ⁸⁹.
1860 2319 1993 2386 Quis

420 2417 568 2469 enim
589 2457 603 2480 ,
637 2414 935 2467 dummodo
962 2419 1144 2467 mente
1170 2412 1375 2482 polleat
1401 2452 1413 2467 .
1448 2427 1557 2465 non
1584 2410 1891 2480 deplorabit
1914 2412 1990 2477 te,

421 2518 767 2562 venustatem
794 2506 1016 2576 quidem
1065 2521 1097 2560 a
1145 2512 1341 2560 natura
1375 2503 1746 2569 obtinentem,
1800 2502 1894 2558 sed
1926 2518 1991 2556 ea

420 2600 741 2653 abutentem
767 2636 783 2660 ,
824 2603 1113 2667 vagantem
1154 2595 1431 2666 denique,
1489 2604 1542 2650 et
1571 2592 1801 2651 luxuriis
1833 2593 1990 2649 dedi-

421 2695 532 2741 tam
555 2727 573 2753 ,
605 2695 659 2740 et
687 2686 755 2740 ad
784 2701 1004 2740 omnem
1039 2700 1199 2740 usum
1230 2684 1482 2754 corporis
1510 2684 1782 2738 concitam
1802 2725 1818 2750 ,
1848 2691 1903 2738 et
1934 2685 1989 2738 in

418 2779 630 2834 alienos
657 2777 912 2833 homines
940 2776 1303 2833 insanientem
1324 2818 1340 2842 ,
1367 2786 1422 2832 et
1440 2776 1685 2831 vestibus
1704 2818 1719 2841 ,
1752 2784 1807 2830 et
1828 2791 1984 2839 auro,

422 2881 477 2924 et
511 2869 769 2939 pretiosis
795 2868 1071 2939 lapidibus
1099 2869 1443 2937 temetipsam
1469 2867 1903 2939 conStipantem,
1931 2876 1986 2921 et

414 2962 723 3016 maleolens
754 2961 1145 3031 corpusculum
1180 2960 1427 3015 studiose
1466 2968 1769 3014 comentem
1814 2960 1983 3015 variis

2104 482 2202 536 καὶ
2239 481 2413 545 οὕτως
2436 482 2834 553 ὁμολογοῦμεν,
2864 480 3173 552 ὀμοούσιον
3199 477 3340 535 εἶναι
3376 481 3453 551 τῷ
3492 483 3685 556 Πατρὶ

2101 573 2195 627 καὶ
2238 571 2319 643 τῷ
2359 572 2473 643 Υίῷ
2519 573 2581 626 τὸ
2620 574 2884 642 πανάγιον
2913 572 3140 644 Πνεῦμα
3179 573 3239 626 τὸ
3287 574 3677 645 παράκλητον,

2103 663 2390 728 ωναῖδιον,
2424 663 2727 735 σύνθρονον,
2772 664 3187 733 συμϐασιλεῦον,
3219 666 3681 737 ωνδοξαςὸμενον

2100 754 2177 825 τῷ
2199 756 2394 827 Πατρι,
2421 757 2517 811 καὶ
2558 756 2636 827 τῷ
2665 757 2777 829 Υἱῷ
2820 758 2899 822 είς
2947 758 3286 830 ἀπεράντους
3315 760 3520 826 αἰῶνας
3560 762 3681 816 τῶν

2101 846 2336 903 αίώνων.
2373 848 2567 918 Ἀμήν.

2232 1002 2233 1005 γ
2464 940 2611 993 Σ1Λ’.
2634 970 2705 979 --
2727 940 2973 1013 ΔΔΟΛῙῼ
3014 938 3303 1014 Nomm.

2170 1031 2253 1084 Τὸι
2294 1030 2543 1085 λούεσθαι
2599 1032 2798 1103 ἄνδρας
2855 1034 2991 1104 μετά
3041 1036 3353 1102 γυναικῶν,
3415 1036 3689 1107 οὐδαμῶς

2099 1122 2405 1192 ἐπέτρεψαν
2438 1124 2489 1175 οἱ
2525 1122 2623 1176 τοῦ
2663 1124 2901 1193 Χριστοῦ
2938 1127 3220 1194 φοιτηταί,
3250 1127 3385 1181 ἀλλά
3423 1129 3518 1181 καὶ
3570 1129 3679 1181 ἀπ-

2098 1214 2371 1285 έστρεψαν
2392 1256 2408 1283 ,
2437 1217 2528 1269 καὶ
2554 1216 2927 1283 ὲϐδελύξαντο,
2958 1219 3051 1272 καὶ
3099 1217 3548 1290 ἀπηγορεύκασιν
3590 1218 3678 1282 ὡς

2099 1306 2458 1377 ἀνάρμοστον,
2517 1310 2610 1363 καὶ
2642 1309 2961 1381 ἀσύμφορον
3004 1311 3250 1382 ὑπάρχον
3292 1313 3672 1380 Χριστιανοῖς,

2008 1470 2015 1477 ⁸
2098 1398 2192 1451 καὶ
2223 1398 2650 1471 ἀποϐεϐλήκασι,
2692 1402 2787 1455 καὶ
2834 1402 3170 1458 ἀπέπτυσαν.

2393 1494 2533 1546 ΣῙΒ’.
2564 1525 2633 1535 —
2664 1495 3082 1567 ΠΛΟΥΤΑΡΧῼ
3120 1495 3367 1567 ΒΥΡΣῌ.

2165 1585 2228 1637 Οἱ
2249 1583 2381 1637 θεῖοι
2400 1585 2552 1655 νόμοι
2576 1588 2991 1657 προστάττουσι,
3016 1587 3297 1652 παντελῶς
3325 1587 3398 1657 μὴ
3416 1587 3671 1656 ὀμνύεινο

2096 1674 2199 1728 κᾶν
2239 1676 2346 1746 γὰρ
2381 1677 2598 1750 εὐορκεῖ
2631 1696 2740 1742 τις,
2772 1680 2877 1733 κᾶν
2908 1681 3245 1751 ἐπιορκήσῃ,
3280 1681 3499 1733 κολάσει
3533 1681 3673 1733 ὑπο-

2097 1767 2306 1821 πίπτει.
2347 1768 2521 1839 Φεῦγε
2552 1772 2731 1824 τοίνυν
2758 1773 2854 1825 καὶ
2886 1772 2946 1824 τὸ
2978 1772 3198 1837 ἀδίκως,
3236 1772 3413 1825 καὶτὸ
3437 1772 3671 1834 δικαίως

2093 1857 2334 1930 ὀμνύειν.

2391 2049 2532 2105 Σ1Γ’.
2554 2080 2624 2089 -
2652 2051 2883 2121 ῐΟΥΛῐᾼ
2924 2052 3353 2121 ΚΟΜῊΤῙΣΣῌ.

2163 2137 2297 2194 Δίαν
2319 2140 2616 2212 ἐφαρμόζει
2644 2158 2725 2196 σοι
2752 2143 2814 2195 τὸ
2835 2144 3015 2211 λόγιον
3044 2145 3140 2214 τῆς
3175 2146 3414 2217 Γραφῆς.
3444 2148 3664 2219 Ὠσπερ

2092 2229 2218 2302 γὰρ,
2254 2232 2438 2303 φησὶν,
2476 2232 2695 2288 ἐνώτιον
2732 2234 2968 2307 χρυσοῦν
3005 2237 3063 2289 ὲν
3096 2239 3203 2309 ῥινὶ
3243 2236 3449 2308 χοίρου,
3484 2238 3665 2305 οὕτως

2092 2323 2287 2389 κάλλος
2322 2327 2389 2395 τῇ
2416 2326 2717 2398 κακόφρονι
2756 2328 2995 2397 γυναικί.
3038 2329 3135 2393 Τίς
3165 2330 3272 2401 γὰρ
3300 2331 3366 2384 ἂν
3400 2332 3473 2400 μὴ
3509 2331 3664 2405 θρη-

2090 2416 2256 2468 νείσει
2314 2433 2373 2468 σε
2425 2416 2535 2469 τῶν
2586 2413 2645 2471 εὖ
2692 2419 3066 2491 φρονούντων,
3116 2421 3180 2474 τὸ
3231 2423 3329 2491 μὲν
3359 2423 3561 2485 κάλλος
3593 2422 3661 2478 ἐκ

2091 2505 2307 2575 φύσεως
2335 2506 2583 2577 ἔχουσαν,
2631 2509 2818 2574 κακῶς
2856 2508 2914 2563 δὲ
2955 2510 3131 2581 τούτῳ
3175 2512 3484 2584 χρωμένην,
3523 2515 3662 2582 ῥεμ-

2090 2594 2326 2666 ϐομένην
2350 2613 2409 2648 τε
2436 2596 2529 2649 καὶ
2553 2598 2987 2672 ἀσωτευομένην,
3036 2600 3492 2673 ἀνεπτερωμένην
3517 2604 3659 2675 πρὸς

2088 2686 2271 2739 πᾶσαν
2316 2686 2587 2751 ἀσωτίαν,
2624 2688 2719 2743 καὶ
2763 2690 3192 2763 ὲπιμαινομένην
3226 2694 3529 2765 ἀλλοτρίοις
3557 2697 3659 2747 ἂν·

2086 2776 2265 2848 δράσι,
2297 2778 2393 2831 καὶ
2427 2779 2706 2850 ἱματισμῷ
2737 2781 2833 2852 μὲν
2861 2783 2955 2836 καὶ
2984 2784 3192 2854 χρυσῷ,
3221 2784 3316 2838 καλ
3352 2786 3657 2857 πολυτιμή-

2086 2886 2203 2933 τοις
2246 2870 2415 2935 λίθοις
2446 2872 2838 2936 στοιϐάζουσαν
2875 2876 3112 2946 ἑαυτὴν,
3166 2877 3262 2930 καὶ
3310 2878 3372 2930 τὸ
3415 2878 3656 2943 δυσῶδες

2089 2962 2307 3034 σαρκίον
2339 2965 2641 3028 σπουδαίως
2666 2966 3063 3035 φιλοκαλοῦσαν
3092 2968 3363 3031 ποικίλαις
3393 2972 3653 3041 τρυφαῖς,

416 3052 642 3107 luxibus
668 3091 683 3115 ,
714 3058 771 3106 et
802 3050 1045 3114 balneis,
1084 3058 1138 3105 et
1155 3048 1339 3104 odoris
1369 3050 1699 3118 unguentis;
1744 3050 1981 3105 animum

2098 3054 2184 3108 καὶ
2218 3055 2539 3125 βαλανείοις,
2573 3059 2668 3112 καὶ
2696 3058 2918 3113 εὐώδεσι
2948 3062 3234 3132 χρίσμασι,
3264 3064 3360 3136 τὴν
3387 3064 3444 3116 δὲ
3473 3064 3654 3135 ψυχὴν

418 3160 551 3200 vero
607 3153 759 3197 tuam
808 3150 1068 3212 tanquam
1126 3142 1360 3197 alienam
1405 3142 1807 3212 negligentem,
1866 3156 1986 3211 qua:

418 3239 563 3294 nuda
625 3246 713 3293 est
765 3237 833 3291 ab
882 3238 1031 3294 omni
1068 3251 1234 3306 Opere
1292 3237 1473 3300 bono,
1531 3236 1789 3303 nulloque
1821 3250 1985 3289 orna—

412 3339 607 3386 mento
630 3329 935 3399 conspicua
957 3371 972 3393 ,
1008 3336 1062 3382 et
1084 3328 1270 3382 saucia
1292 3368 1305 3390 ,
1342 3337 1440 3381 eta
1471 3326 1766 3381 virtutibus
1798 3333 1983 3380 extor-

415 3422 535 3486 ris,
586 3430 643 3476 et
676 3435 895 3491 semper
936 3418 1271 3482 maleolens,
1314 3426 1370 3472 et
1406 3418 1660 3473 esuriens
1685 3459 1701 3484 ,
1752 3425 1809 3473 et
1859 3432 1985 3473 sese

416 3529 777 3585 corrumpens
812 3512 1049 3567 lascivias
1078 3511 1369 3567 sordibus?

590 3698 820 3758 CCXIV.
851 3730 921 3740 —
944 3697 1343 3755 APHTHONIO
1384 3697 1800 3753 TABULARIO.

485 3792 735 3850 Ail‘erunt
762 3793 984 3863 quidem
1014 3791 1289 3847 daemones
1324 3791 1688 3863 cogitationes
1719 3790 1942 3846 timoris
1962 3828 1980 3856 ,

414 3895 482 3943 et'
498 3894 714 3951 metus;
748 3886 905 3957 231
945 3884 1183 3955 parturit
1208 3899 1337 3939 vero
1363 3893 1418 3940 et
1452 3899 1605 3940 mens
1647 3884 1765 3953 ipsa
1796 3883 1985 3953 sapis-

414 3981 555 4037 sime
602 3980 867 4048 strepitus
894 3977 1161 4047 quosdam
1186 4014 1203 4041 ,
1239 3984 1295 4032 et
1328 3992 1583 4047 pavores,
1636 3985 1690 4032 et
1740 3976 1930 4032 turbas
1963 3968 1979 4032 ὲ

414 4073 668 4140 utrisque
721 4069 981 4125 Servator
1025 4069 1295 4134 medetur,
1328 4068 1420 4138 qui
1456 4068 1831 4140 aegritudinem
1862 4083 1991 4123 om-r

418 4180 539 4218 netn
577 4172 633 4219 et
686 4163 953 4217 malitiam
999 4171 1159 4217 curat
1203 4162 1461 4217 facillimo
1498 4164 1750 4234 negotio,
1786 4162 1835 4218 si
1854 4177 1982 4232 opes

417 4262 572 4308 retur
608 4254 867 4323 precibus
897 4294 911 4317 ,
965 4242 1019 4309 et
1045 4253 1206 4310 bonis
1241 4255 1535 4324 operibus,
1587 4262 1642 4310 et
1668 4250 1977 4319 divinorum

412 4344 756 4411 cloquiorum
790 4344 1059 4409 lectione,
1112 4353 1167 4400 et
1212 4361 1336 4400 cum
1393 4345 1579 4417 vigilia
1629 4345 1977 4403 invocatione

414 4434 635 4503 pretiosi
678 4436 917 4491 nominis
944 4435 1101 4491 Jesu.

611 4525 815 4581 CCXV.
842 4557 910 4567 —
938 4526 1240 4581 PINDARO
1288 4525 1768 4588 PRESBYTERO.

480 4616 585 4683 Qui
617 4615 892 4671 dictiones
919 4623 1208 4676 venantur,
1238 4625 1293 4670 et
1316 4632 1568 4672 sermone
1588 4617 1974 4687 jactabundos,

409 4719 461 4762 et
508 4724 604 4764 eos
650 4721 862 4771 omnes,
911 4705 1005 4777 qui
1065 4721 1185 4762 sese
1235 4707 1357 4761 aliis
1406 4707 1618 4762 sublate
1668 4708 1972 4773 vindicant,

412 4815 619 4853 necnon
652 4814 777 4865 eos,
811 4797 946 4869 qui,
982 4804 1041 4851 ut
1064 4805 1156 4851 tua
1184 4797 1448 4854 sanctitas
1486 4797 1614 4853 fecit
1638 4840 1653 4864 ,
1692 4807 1747 4854 et
1789 4801 1979 4870 populi

412 4892 695 4960 plausibus
740 4892 983 4945 animum
1017 4889 1345 4951 advertunt,
1396 4888 1628 4960 piosque
1657 4890 1725 4945 de
1775 4891 1972 4946 dictio-

409 5001 540 5039 num
573 4982 791 5038 inscitia
822 4982 1178 5053 redarguunt,
1202 4978 1428 5037 irridere
1452 4981 1632 5037 solent
1683 4982 1777 5053 qui
1799 4983 1974 5055 magis

409 5071 518 5127 Deo
553 5070 900 5126 addicuntur.

636 5158 866 5216 CCXVI.
900 5191 970 5202 —
993 5158 1357 5216 CALLINICO
1407 5158 1727 5217 AURIFICI.

476 5272 661 5343 Neque
716 5270 1024 5335 morticina,
1075 5268 1191 5325 sive
1240 5284 1301 5323 ea
1359 5268 1586 5325 rationis
1635 5276 1970 5341 compotum,

408 5366 523 5422 sive
548 5364 851 5436 expertium
880 5362 1107 5425 fuerint,
1138 5362 1452 5417 animalium
1483 5363 1769 5434 attingere,
1796 5378 1974 5434 neque

411 5459 615 5519 lectus,
648 5472 825 5526 neque
862 5455 1161 5520 insomnia,
1192 5470 1369 5525 neque
1407 5455 1683 5525 quidpiam
1712 5455 1858 5511 aliud
1899 5457 1975 5512 si-

410 5552 539 5607 mile
576 5566 813 5620 unquam
866 5559 959 5603 aut
998 5548 1147 5615 viro,
1182 5556 1274 5603 aut
1320 5548 1531 5604 mulieri
1575 5548 1781 5605 nocuit.
1817 5547 1975 5605 Fides

474 5702 520 5736 "
552 5700 709 5757 Prov.
736 5717 809 5767 xu,
846 5702 934 5754 ἓξ.

2088 3145 2288 3215 ἑαυτῆς
2332 3147 2408 3211 ὡς
2450 3148 2747 3220 ἀλλοτρίων
2780 3153 3144 3223 περιορῶσαν,
3174 3156 3389 3225 γυμνήν
3436 3172 3496 3207 τε
3547 3157 3654 3207 ὑπ-

2085 3235 2357 3307 άρχουσαν
2386 3240 2582 3303 παντὸς
2602 3241 2806 3310 ἀγαθοῦ
2830 3243 3017 3315 ἔργου,
3035 3246 3130 3298 καὶ
3157 3246 3286 3315 ὅλην
3308 3247 3647 3317 ἀκόσμητον,

2085 3328 2179 3383 καὶ
2250 3334 2833 3404 τετραυματισμένην,
2896 3336 3336 3409 ὴλλοτριωμένην
3403 3353 3463 3391 τε
3541 3339 3651 3394 τῶν

2083 3416 2328 3489 ἀρετῶν,
2373 3419 2466 3473 καὶ
2513 3422 2883 3491 προσόζουσαν
2922 3424 3042 3488 ἀεὶ,
3104 3426 3198 3478 καὶ
3250 3424 3649 3494 λιμώττουσαν,

2087 3508 2181 3561 καί⁷
2246 3508 2753 3584 καταφθειρομένην
2811 3516 2925 3578 τοῖς
2984 3515 3085 3585 τῆς
3156 3516 3417 3585 ἀσελγίας
3485 3517 3652 3587 μολύ-

2086 3615 2313 3671 σμασιν;

2337 3696 2476 3749 ΣίΔν.
2514 3726 2583 3738 -
2618 3696 2913 3768 amomo
2943 3698 3399 3768 ΤΔΒΟΥΛΑΡΙῼ.

2165 3785 2517 3859 Ἐπιφέρουσι
2572 3789 2671 3860 μὲν
2721 3788 2819 3843 καὶ
2878 3788 3127 3861 δαίμονες
3178 3791 3475 3861 λογισμοὺς
3522 3809 3648 3847 πτο-

2081 3877 2297 3948 ήσεως,
2350 3881 2444 3933 καὶ
2491 3878 2758 3944 δειλείας,
2806 3880 2976 3935 τίκτει
3026 3881 3084 3934 δὲ
3128 3883 3223 3936 καὶ
3264 3883 3427 3946 αὐτὸς
3467 3886 3497 3937 ὁ
3526 3884 3649 3951 νοῦς

2082 3970 2344 4036 πολλάκις
2372 3972 2634 4042 θορύϐους
2660 3973 2834 4039 τινὰς,
2866 3976 2960 4030 καὶ
2990 3976 3213 4044 φόϐους,
3247 3977 3340 4029 καὶ
3374 3976 3644 4047 θροήσεις’

2080 4061 2365 4133 ἀμφότερα
2408 4064 2464 4117 δὲ
2501 4067 2529 4118 ὁ
2572 4066 2763 4139 Σωτὴρ
2812 4066 3141 4139 θεραπεύει,
3183 4068 3211 4121 ὁ
3252 4070 3430 4123 πᾶσαν
3472 4069 3645 4134 νόσον,

2081 4153 2174 4207 καὶ
2220 4156 2401 4209 πᾶσαν
2453 4157 2695 4213 κάκωσιν
2747 4158 3039 4231 ἐξιώμενος
3095 4161 3307 4232 ῥᾷστα,
3362 4162 3409 4213 εί
3467 4162 3647 4232 μέντοι

2081 4248 2449 4318 παρακαλεῖτο
2500 4250 2707 4320 εὐχαῖς,
2743 4253 2837 4306 καὶ
2884 4253 3175 4317 εύποιίαις,
3223 4254 3316 4306 καὶ
3342 4254 3646 4324 ἀναγνώσει

2083 4338 2369 4411 θειοτέρων
2395 4341 2614 4409 λογίων,
2657 4343 2753 4397 καὶ
2782 4346 2846 4416 τῇ
2881 4347 2997 4417 μετ’
3027 4346 3334 4417 ἀγρυπνίας
3365 4348 3646 4420 ἐπικλήσει

2008 4411 2053 4467 D
2081 4430 2175 4484 τοῦ
2206 4434 2388 4503 τιμίου
2419 4434 2680 4506 ὀνόματος
2719 4411 2913 4508 Ἰησοῦ.

2332 4528 2473 4580 Σ1Ε’.
2492 4557 2561 4569 -
2586 4524 2883 4601 ΠΙΝΔΑΡῼ
2930 4531 3400 4602 ΠΡΕΣΒΥΤΕΡῼ.

2149 4621 2287 4684 Τοὺς
2319 4618 2629 4691 λεξίθηρας,
2666 4621 2761 4675 καὶ
2792 4624 2919 4685 τοὺς
2955 4627 3352 4695 κομπορύακας
3387 4625 3483 4677 καὶ
3516 4626 3646 4678 πάνο

2075 4730 2174 4776 τας
2212 4713 2338 4776 τοὺς
2375 4713 2764 4781 φιλενδείκτας,
2799 4714 3046 4778 καὶτοὺς
3086 4716 3228 4770 κατά
3248 4715 3345 4788 τὴν
3380 4718 3479 4786 σὴν
3503 4719 3642 4771 ὁσιό-

2076 4821 2214 4874 τητα
2242 4803 2739 4874 δημοσκοποῦντας,
2757 4806 2851 4860 καὶ
2878 4806 3228 4872 σκώπτοντας
3249 4810 3375 4872 τοὺς
3398 4809 3641 4873 εὐλαϐεῖς

2076 4894 2169 4947 ἐπὶ
2226 4900 2291 4965 τῇ
2340 4893 2579 4966 ἀμαθείᾳ
2615 4896 2723 4950 τῶν
2773 4897 3001 4965 λέξεων,
3066 4899 3232 4971 γελᾷν
3288 4899 3544 4955 εἰώθασιν
3590 4903 3637 4955 οἱ

2074 4984 2489 5057 θεοφιλέστεροι.

2318 5168 2443 5236 21C,-
2443 5175 2477 5224 '.
2501 5200 2571 5211 --
2594 5170 2980 5245 ΚΑΛΛῘΝΙΚῼ
3015 5175 3404 5247 ΧΡΥΣΟΧΟῼ.

2146 5259 2282 5314 Οὔτε
2300 5261 2363 5315 τὸ
2383 5262 2719 5334 θνησιμαίων
2751 5265 3055 5335 ἐφάψασθαι
3079 5267 3307 5336 ἀλόγων,
3328 5268 3360 5338 ἢ
3384 5268 3634 5338 λογικῶν,

2075 5348 2199 5403 οὔτε
2251 5350 2424 5422 λέχος,
2474 5353 2595 5406 οῦτε
2643 5356 3017 5427 ὲνυπνιασμοὶ,
3059 5358 3160 5412 οὐκ
3192 5358 3318 5413 ἄλλο
3345 5376 3398 5411 τι
3432 5360 3637 5415 τοιοῦτο

2077 5438 2300 5509 βλάπτει
2328 5443 2477 5507 ποτὲ,
2506 5443 2538 5514 ἢ
2579 5444 2766 5515 ἄνδρα,
2798 5446 3102 5517 ἢγυναῖκα.
3150 5450 3215 5503 Ἦ
3240 5450 3348 5521 γὰρ
3380 5454 3462 5515 είς
3508 5453 3634 5522 Χρι-

2077 5529 2201 5586 στὸν
2245 5532 2427 5597 πίστις
2473 5535 2794 5607 ἐκαθάρισεν
2820 5556 2879 5592 τε
2925 5540 3017 5593 καὶ
3063 5541 3147 5593 ἀεὶ
3198 5540 3481 5611 καθαρίζει
3516 5544 3632 5597 τοὺι
