3850 6218
246 192 352 260 313

1440 181 1973 245 EPISTOLARUM
2010 184 2155 245 LIB.
2197 190 2276 247 II.

3380 200 3486 265 314

246 304 537 377 meme;
595 302 844 365 πιστοὺς,
895 302 1010 363 τοῖς
1040 298 1098 353 δὲ
1142 298 1217 369 μὴ
1281 295 1623 350 πιστεύουσιν
1672 292 1789 345 οὐδέ

1898 298 2072 351 .enim
2105 299 2160 352 in
2190 300 2472 357 Christum
2513 305 2836 374 expurgavit
2876 305 3005 359 olim
3032 346 3045 369 ,
3080 315 3134 359 et
3166 323 3312 365 nunc
3342 326 3486 366 scm-

242 402 356 451 ὲστι
384 392 651 466 καθαρὸν,
694 389 987 462 μεμίανται
1008 388 1116 459 γὰρ
1147 386 1325 440 αὐτῶν
1364 386 1459 438 καὶ
1484 387 1512 437 ὁ
1540 384 1685 449 νοῦς,
1720 384 1814 436 καὶ

242 492 274 557 ἡ
308 484 635 553 συνείδησις,
670 483 766 536 καὶ
807 482 982 535 πάντα
1028 481 1211 541 αὐτοῖς
1246 477 1526 548 βδελυκτὰ,
1558 476 1651 529 καὶ
1683 475 1819 528 ἀκά-

242 578 413 646 Θαρτα
446 575 722 644 φαίνεται.

543 759 770 811 2122—-
785 754 1051 824 ΟΡΕΣΤῌ
1072 751 1511 821 ΚΛΕΙΔΟΠΟΙῼι

309 851 527 921 Ἐγνων
567 848 698 902 ποτέ
738 864 861 901 τινα
901 845 1199 915 άνθρωπων
1226 844 1285 908 ἐξ
1311 844 1523 907 εὐθείας
1583 843 1813 916 ῥίψαντα

241 943 377 998 κατὰ
404 942 504 996 τοῦ
550 940 748 1012 ἐχθροῦ
779 939 946 993 λίθον.
992 938 1050 991 '0
1087 938 1143 992 δὲ
1175 938 1319 1001 λίθος
1351 937 1493 1002 λοξὶν
1529 937 1813 1008 πορευθεὶς

240 1035 375 1089 κατὰ
408 1033 510 1087 τοῦ
541 1033 733 1087 τέκνου
757 1030 853 1084 τοῦ
891 1031 1141 1102 ῥίψαντος
1168 1028 1225 1083 εν
1254 1047 1359 1083 τινι
1382 1012 1533 1099 τόπῳ
1570 1028 1810 1092 ἑστῶτος

237 1127 582 1196 ἀμερίμνως,
610 1124 702 1177 τὸν
732 1122 1008 1192 ὀφθαλμὸν
1059 1121 1304 1187 πατάξας
1330 1120 1425 1173 τοῦ
1482 1120 1669 1183 παιδὸς
1704 1121 1810 1173 ἀπ-

236 1219 573 1287 ετύφλωσεν.
621 1218 681 1271 '0
734 1216 844 1285 γὰρ
883 1214 1163 1285 βουληθεὶς
1200 1214 1358 1268 ἄλλον
1405 1213 1804 1283 κακοποιῆσαι,

234 1307 394 1370 αὐτὸς
425 1307 632 1377 μᾶλλον
661 1304 967 1358 κεκάκωται
992 1306 1057 1374 τῇ
1085 1302 1271 1374 δικαία
1296 1301 1462 1373 ψήφῳ
1517 1303 1611 1354 τοῦ
1639 1320 1806 1355 παντ-

231 1399 471 1453 επόπτου
503 1397 665 1451 Θεοῦ.
689 1396 871 1450 Ταῦτα
901 1395 958 1449 δέ
987 1414 1074 1465 μοι
1103 1396 1336 1466 εἴρηται,
1366 1396 1451 1447 ἵνα
1490 1393 1675 1464 παύσῃ
1712 1396 1805 1447 τοῦ

231 1490 480 1561 κατάρας
511 1489 819 1560 ἐκπέμπειν
845 1489 966 1543 καθ’
1000 1488 1059 1541 ὃν
1089 1488 1329 1557 νομίζεις
1355 1486 1570 1557 ἐχθρὸν,
1598 1488 1805 1557 μήποτε

1922 404 2016 458 per
2043 406 2203 445 veros
2252 391 2436 447 ﬁdeles
2485 404 2769 463 expurgat.
2826 395 3022 451 Verum
3074 401 3175 463 iis,
3229 404 3321 471 qui
3373 422 3483 461 non

1919 483 2188 548 credunt,
2226 484 2364 537 nilnil
2405 495 2485 540 est
2530 503 2757 556 purum;
2805 491 3005 560 quippe
3058 495 3258 562 quibus
3293 507 3485 552 conta-

1919 575 2124 627 minata
2160 584 2286 629 sunt
2316 584 2369 628 et
2406 591 2559 631 mens
2583 617 2596 639 ,
2638 588 2691 632 et
2722 583 3059 636 conSi-ieutia
3086 624 3099 646 ,
3132 589 3316 640 omnia
3344 605 3483 656 quo-

1916 681 2023 732 que
2056 665 2162 719 illis
2192 669 2551 722 exsecrabilia
2586 680 2639 722 et
2671 672 2877 738 iu-pura
2912 673 3185 729 videntur.

1916 754 2075 823 232
2115 754 2365 811 CCXVII.
2412 787 2482 797 —
2520 753 2812 813 OliEST/E
2863 761 3163 817 CLAVIUM
3212 764 3477 821 OPIFICI.

1984 843 2272 900 Hominem
2300 851 2588 915 quemdam
2622 852 2912 919 aliquando
2934 856 3182 921 cognovi,
3214 857 3304 925 qui
3331 867 3476 912 recta

1914 932 1969 986 in
2016 933 2231 987 hostem
2289 936 2523 1004 lapidem
2573 939 2727 1005 jecit.
2780 939 2942 1010 Lapis
2983 944 3072 996 ille
3101 944 3321 1014 oblique
3358 962 3479 1016 gra-

1912 1025 2098 1090 diens,
2155 1027 2325 1080 lilium
2362 1028 2617 1097 jacientis
2641 1070 2655 1089 .
2685 1038 2739 1084 et
2773 1034 3009 1101 quodam
3052 1035 3107 1087 in
3141 1035 3262 1089 loco
3286 1052 3480 1093 secure

1910 1116 2253 1171 immorantis
2302 1119 2521 1172 oculum
2558 1119 2759 1174 feriens
2782 1162 2797 1187 ,
2846 1122 3157 1177 obcaecavit.
3196 1124 3297 1189 Qui
3332 1126 3475 1179 enim

1908 1208 2062 1263 alteri
2094 1210 2295 1262 malum
2332 1210 2535 1265 inferre
2566 1210 2813 1275 studuit,
2873 1213 2921 1267 is
2971 1215 3153 1287 potius
3200 1219 3351 1284 justa
3383 1216 3475 1273 Dei

1908 1300 2089 1353 omnia
2137 1301 2402 1355 intuentis
2452 1304 2722 1356 sententia
2780 1320 2979 1358 noxam
3030 1308 3294 1377 suscepit.
3352 1307 3477 1363 llaec

1908 1391 2030 1445 ideo
2058 1392 2191 1445 mihi
2227 1392 2371 1448 dicta
2409 1402 2572 1459 sunt,
2622 1406 2680 1448 ut
2725 1396 2901 1462 dicis,
2951 1412 3112 1466 quem
3145 1400 3237 1452 tibi
3288 1400 3472 1454 inimi-

1906 1496 2030 1563 cum
2059 1481 2381 1565 existimas,
2421 1484 2721 1539 devovendi
2744 1524 2759 1549 ,
2789 1486 2947 1539 tinem
2983 1486 3276 1555 aliquando
3300 1488 3473 1558 impo-

228 1556 521 1656 καταλάϐῃ
585 1556 677 1635 τὸν
739 1577 884 1635 οἶκόν
935 1598 1030 1633 σου
1104 1556 1340 1650 ὄλεθρος.
1400 1556 1789 1649 Προσεύχεσθαι

1902 1560 2002 1630 nas
2021 1613 2037 1639 ,
2062 1591 2130 1629 ne
2157 1560 2353 1631 domus
2380 1584 2470 1631 tua
2495 1578 2740 1647 pernicie
2762 1578 3049 1632 obruatur.
3075 1578 3278 1632 Oramli
3301 1580 3473 1649 siqui-

226 1671 331 1742 γὰρ
360 1672 511 1742 ὑπὲρ
548 1666 779 1743 ἐχθρῶν,
835 1670 955 1741 οὐχὶ
987 1670 1044 1724 δὲ
1082 1667 1423 1740 καταρᾶσθαι
1478 1666 1797 1741 παρηγγέλ-

226 1764 394 1833 μεθα.

483 1852 718 1909 ΣιΗ’.-
744 1851 1100 1906 ΣΤΕΦΔΝΙΔΙ
1124 1852 1549 1923 ΚΟΜΗΤΙΣΣῌ.

289 1946 360 2000 Τί
385 1945 432 2000 δ’
453 1946 524 2017 ἄν
553 1962 635 2001 σοι
660 1944 994 2015 χαρισαίμην
1019 1943 1293 2015 ὲγκωμίου
1330 1943 1535 2009 ἕνεκεν,
1564 1942 1663 2014 ἤδη
1702 1941 1796 1997 τοῦ

222 2036 573 2108 Σολομῶντος
593 2034 1035 2106 ὲγκωμιάσαντός
1062 2052 1151 2099 ac;
1178 2036 1315 2105 Φησὶ
1336 2036 1446 2106 γάρ
1462 2053 1476 2067 ο
1516 2053 1536 2087 ι
1558 2034 1797 2089 Γυναῖκα

221 2128 278 2183 δὲ
310 2128 570 2198 ἀνδρείαν
607 2128 692 2191 τίς
730 2128 1032 2198 εὑρήσεις»
1071 2128 1319 2191 Σπανίως
1360 2126 1469 2198 γὰρ
1502 2127 1537 2197 ἡ
1570 2118 1795 2198 τοιαύτη

220 2220 560 2293 εὑρίσκεται,
592 2219 892 2289 τιμιωτέρα
920 2219 977 2272 δέ
1002 2220 1117 2271 ἑστι
1146 2217 1309 2272 λίθων
1352 2218 1569 2289 τιμίων.
1627 2219 1792 2290 Περί-

220 2314 455 2376 ελεπτος
485 2311 545 2364 δὲ
580 2311 786 2380 γίνεται
831 2310 900 2364 δι’
951 2310 1120 2369 αὐτὴν
1148 2310 1175 2362 ὁ
1204 2310 1344 2381 ἀνὴρ
1397 2310 1586 2381 αὐτῆς,
1642 2310 1794 2364 οὐδὲν

218 2402 264 2456 δ’
294 2402 466 2467 αὐτὸς
518 2402 793 2473 φροντίζει
836 2401 944 2454 τῶν
974 2403 1032 2454 ὲν
1056 2402 1209 2467 οἴκῳ,
1236 2401 1451 2455 πάντων
1501 2401 1607 2472 γὰρ
1654 2400 1790 2471 αὑτὴ

220 2494 500 2564 φροπίζει
548 2492 943 2563 προσεχόντως,
989 2492 1083 2544 καὶ
1128 2491 1381 2561 συνεχῶς.
1426 2491 1526 2559 Διᾲ
1586 2491 1792 2547 τούτων

217 2582 419 2655 τρίνυν,
456 2580 553 2634 καὶ
588 2579 695 2633 τῶν
732 2579 985 2632 τοιούτων
1020 2580 1116 2632 σὺν
1144 2581 1209 2649 τῇ
1240 2579 1418 2631 πίστει
1464 2595 1558 2631 σου
1589 2580 1680 2633 καὶ
1723 2581 1790 2650 τῇ

222 2656 518 2746 σεμνότητι
540 2689 633 2725 σου
654 2672 1001 2742 φυλαχθείης.

470 2764 613 2817 Σιθι.
630 2793 702 2802 -
721 2763 1073 2834 οΥΑΠιΑΝο
1098 2763 1551 2836 ΣΧΟΛΑΣΤΙΚῼ.

296 2855 504 2918 Ἡδέως
545 2852 645 2924 μὲν
674 2853 985 2924 κατεργάζῃ
1012 2852 1113 2915 τὰς
1133 2852 1579 2923 άθεμιτουργίας,
1606 2849 1787 2921 ἀηδῶς

212 2944 260 2997 δ’
286 2944 528 3016 ὑποδέχῃ
546 2919 625 2997 ’τὰ
652 2919 871 3014 λυπηρά
894 2919 1336 3018 τὰηὲπερχόμενά
1365 2919 1452 2995 σοι
1472 2944 1537 3012 τῇ
1601 2919 1787 2994 κελεύ-
1814 2919 1861 2981 c

212 3057 300 3094 σει
324 3039 422 3097 τοῦ
438 3039 594 3094 Θεοῦ.
612 3039 815 3109 Διόπερ
847 3038 1099 3110 παραινῶ
1129 3055 1232 3103 σοι,
1258 3038 1445 3108 ὥσπερ
1461 3040 1523 3113 οὐ
1551 3040 1786 3108 παραιτῇ

210 3132 649 3204 διαπράττεσθαι
675 3130 746 3184 τά
766 3129 931 3196 κακὰ,
965 3130 1136 3193 οὕτως
1158 3129 1234 3201 μὴ
1265 3129 1385 3184 θέλε
1407 3129 1789 3209 παραιτεῖσθαι

208 3224 282 3277 τὰ
301 3222 768 3278 ἐπακολουθοῦντα
784 3224 903 3285 ταῖς
922 3223 1185 3293 πονηραῖς
1213 3220 1495 3295 πράξεσιν·
1515 3221 1659 3276 κατὰ
1679 3221 1787 3293 γὰρ

207 3317 278 3388 δὴ
328 3316 430 3387 τὴν
459 3313 800 3386 φαυλοτάτην
850 3313 1109 3385 γνώμην,
1151 3314 1245 3367 καὶ
1303 3312 1444 3383 κατὰ
1475 3313 1573 3385 τὴν
1616 3330 1783 3384 στρα-

206 3406 364 3462 τείαν
408 3407 512 3477 τὴν
576 3404 897 3478 μοχθηρὰν,
951 3406 1171 3468 πάντως
1220 3405 1313 3458 κα)⁵
1366 3398 1449 3458 ea
1476 3405 1785 3476 σιτηρέσιον

204 3499 559 3555 ἐκτάσσεται.

441 3596 569 3667 sic.
585 3592 1123 3649 -ΑΡιΣΤοψΑΝΕι
1157 3590 1571 3663 ΚΑΝΔΙΔΑΤῼ.

275 3688 371 3759 Μὴ
404 3686 614 3752 ξενίζον
654 3685 917 3758 ἑωρακὼς
946 3685 1199 3755 Μάξιμον
1231 3684 1321 3738 τὸν
1367 3684 1637 3754 βικάριον,
1684 3685 1781 3738 καὶ¹

202 3782 300 3835 τὸν
335 3779 533 3834 τούτου
575 3779 825 3849 ἀδελφὸν,
863 3780 977 3841 τοῖς
1039 3776 1250 3831 ἑαυτῶν
1321 3776 1783 3847 συμποδισθέντας

208 3872 533 3942 σοφίσμασι,
583 3872 677 3924 καὶ
715 3869 993 3931 κινδύνους
1046 3868 1536 3939 ὑπομεμενηκότας
1591 3868 1684 3921 καὶ
1714 3869 1783 3919 τὰ

205 3965 415 4033 ἔσχατα
449 3963 618 4026 κακὰ,
654 3963 797 4031 ἅπερ
834 3962 955 4015 καθ’
993 3962 1196 4032 ἑτέρων
1240 3960 1545 4031 προσώπων
1592 3961 1781 4013 ἐπενε-

202 4057 401 4126 χθῆναι
428 4056 789 4110 ἐσπούδασαν.
823 4055 994 4108 Βλέπε
1026 4055 1153 4125 γὰρ,
1182 4055 1234 4108 τί
1264 4055 1511 4122 λέγουσιν
1534 4056 1588 4107 αἱ
1638 4054 1780 4123 Γρα-

203 4151 333 4217 φαί·
372 4169 391 4200 ι
412 4149 711 4217 Συνὲδησεν
743 4148 929 4210 ὁ-Θεὸς
968 4148 1094 4210 τοὺς
1128 4146 1323 4211 ἄξονας
1349 4147 1456 4198 τῶν
1484 4146 1743 4216 ἁρμάτων
1762 4164 1775 4175 ο

1899 1665 2028 1720 dem
2057 1682 2157 1737 pro
2186 1667 2426 1725 inimicis
2449 1710 2464 1735 ,
2502 1683 2614 1722 non
2658 1683 2754 1724 eos
2802 1668 3107 1724 maledictis
3159 1670 3469 1729 incessendi

1897 1765 2170 1828 praecepto
2202 1761 2655 1831 constringimur.

2052 1847 2324 1905 CCXVIII.
2349 1881 2418 1891 —
2450 1847 2862 1905 STEPHANIDI
2900 1846 3306 1906 COMITISSE.

1969 1936 2242 2004 Quidnam
2277 1937 2394 2009 ipse
2440 1941 2701 2009 praeconii
2742 1932 2870 1996 ioco
2910 1941 3009 1996 tibi
3045 1958 3244 1997 munus
3288 1934 3469 1996 mnte-

1894 2024 2047 2097 rem,
2091 2046 2215 2084 cum
2261 2032 2314 2086 id
2343 2032 2455 2103 jam
2492 2047 2521 2085 a
2561 2031 2857 2089 Salomone
2902 2033 3105 2088 habeas
3137 2034 3160 2087 ?
3204 2034 3292 2087 Ait
3325 2021 3413 2087 ille
3448 2052 3462 2087 :

1901 2142 1919 2175 ι
1962 2122 2244 2179 Mulierem
2282 2124 2477 2180 fortem
2527 2125 2653 2195 quis
2688 2125 2932 2180 inveniet
2953 2126 3035 2178 “1’
3070 2144 3088 2177 ι
3128 2123 3273 2180 Raro
3313 2125 3464 2181 scili-

1894 2224 1980 2270 cet
2010 2216 2135 2272 talis
2176 2216 2475 2281 invenitur,
2503 2232 2624 2286 qua:
2659 2217 2931 2293 lapidibus
2966 2217 3224 2293 pretiosis
3256 2217 3464 2287 pretio-

1893 2293 2007 2363 sior
2025 2316 2145 2375 est;
2180 2308 2329 2363 illius
2353 2323 2481 2364 vero
2512 2309 2616 2364 tori
2644 2292 2873 2365 consors
2901 2326 2996 2381 per
3016 2309 3259 2364 eamdem
3288 2311 3463 2379 ipsam

1892 2400 2065 2470 magis
2118 2401 2451 2471 conspicuus
2489 2398 2584 2465 fit,
2639 2401 2736 2472 qui
2772 2401 2918 2454 nulla
2973 2400 3039 2456 de
3094 2417 3153 2456 re
3203 2401 3459 2455 familiari

1890 2508 2024 2549 cura
2053 2493 2403 2562 opprimitur,
2437 2494 2637 2563 quippe
2666 2494 2758 2547 illa
2787 2494 3034 2547 omnium
3065 2502 3249 2548 studio
3272 2495 3469 2549 sedulo‘

1891 2600 1954 2655 ac
1988 2585 2236 2655 diligenti
2267 2600 2454 2639 curam
2494 2572 2655 2655 gerit.
2696 2584 2799 2639 Per
2828 2587 2945 2639 haec
2966 2587 3151 2665 itaque
3178 2597 3231 2641 et
3259 2586 3463 2641 similia

1811 2756 1815 2761 '
1888 2693 2014 2735 cum
2047 2678 2153 2732 ﬁde
2185 2680 2350 2733 etiam
2385 2687 2477 2733 tua
2507 2688 2560 2732 et
2598 2678 2839 2748 graviter
2873 2679 3205 2733 servaberis.

2073 2770 2300 2845 CCXIX.
2332 2800 2403 2809 —
2426 2768 2729 2847 ULPlANO
2780 2768 3273 2825 SCHOLASTICO.

1958 2861 2219 2933 Prompte
2270 2860 2493 2931 quidem
2551 2861 2853 2915 committis
2902 2862 3154 2925 scelera,
3206 2861 3297 2917 sed
3348 2876 3463 2931 non

1890 2967 2047 3022 atquo
2076 2952 2261 3006 animo
2290 2953 2518 3005 molesta
2562 2949 2695 3013 tibi,
2730 2950 2807 3002 ita
2851 2948 2959 3004 Deo
2984 2949 3250 3018 jubente,
3295 2950 3461 3004 adve-

1890 3044 2095 3098 nientia
2151 3042 2415 3098 sustines.
2451 3041 2632 3109 Quare
2679 3041 2945 3105 adhortor
2977 3050 3057 3104 te,
3099 3041 3458 3111 quemadmo-

1888 3122 2017 3189 dum
2067 3149 2097 3188 a
2132 3134 2512 3204 perpetrandis
2563 3132 2723 3203 233
2762 3133 2921 3190 malis
2976 3148 3087 3187 non
3139 3133 3460 3197 abstinens,

1888 3229 1962 3283 ita
1987 3244 2109 3299 qua:
2130 3242 2326 3297 pravas
2367 3227 2719 3296 operationes
2752 3226 3194 3294 subsequuntur,
3245 3239 3314 3277 ne
3343 3223 3460 3278 dis-

1888 3323 2131 3392 pliceant
2182 3322 2376 3387 mala;
2435 3319 2503 3373 ad
2540 3319 2762 3373 modum
2819 3318 2964 3372 enim
3016 3314 3462 3393 lperversissimae

1887 3414 2085 3471 mentis
2109 3422 2163 3468 et
2189 3412 2474 3484 ﬂagitiosze
2504 3410 2716 3465 militia:
2749 3408 3031 3485 stipendia
3054 3407 3453 3462 decernuntur.

1932 3664 1937 3669 λ
2034 3596 2241 3665 ccxx.
2267 3575 2823 3663 ρ-,ΑιιιδΤοΡΗΑΝι
2875 3587 3289 3649 CANDIDATO.

1930 3690 2028 3753 ,Ne
2059 3691 2448 3762 obstupescas,
2497 3703 2622 3742 cum
2674 3686 2769 3740 tibi
2809 3693 2935 3741 ante
2968 3684 3175 3745 oculos,
3200 3681 3453 3735 obverse-

1885 3789 1975 3837 tur
2028 3781 2298 3843 Maximus
2354 3779 2625 3847 vicarius,
2683 3787 2737 3835 et
2795 3775 2943 3829 illius
2988 3773 3164 3851 frater
3213 3769 3452 3840 propriis

1882 3871 2096 3929 artibus
2126 3870 2501 3941 deprehensi,
2543 3876 2599 3923 et
2629 3866 2910 3939 pericula,
2947 3871 3001 3919 et
3027 3872 3269 3917 extrema
3311 3860 3453 3914 mala

1882 3966 2129 4036 perpessi
2155 4005 2171 4026 ,
2216 3979 2338 4034 qua:
2376 3964 2431 4016 in
2465 3942 2743 4030 aliosipsi
2792 3958 3051 4013 invehere
3083 3954 3446 4009 conabantur.

1882 4058 2097 4117 Videsis
2124 4069 2405 4111 sacrarum
2432 4053 2764 4117 Litterarum
2801 4050 3077 4118 eloquium
3100 4065 3112 4099 :
3135 4044 3452 4113 «Colligavit

1885 4152 2030 4206 Deus
2062 4164 2193 4203 axes
2235 4162 2500 4209 curruum
2553 4159 2745 4199 eorum
2768 4183 2784 4207 ,
2817 4149 2871 4196 et
2898 4141 3056 4195 duxit
3086 4139 3210 4192 illos
3261 4136 3324 4189 ad
3359 4136 3456 4191 de-

206 4243 300 4295 καὶ
330 4237 468 4311 ἦγεν
492 4241 688 4303 αὐτοὺς
718 4240 854 4310 πρὸς
887 4241 947 4292 τὸ
971 4240 1340 4308 ὀφειλόμενον.
1375 4258 1393 4291 ι
1423 4240 1551 4304 Καὶ,
1589 4258 1607 4290 ι
1646 4239 1777 4293 Ἐπ-

1898 4243 2056 4305 iitum
2082 4241 2123 4270 “
2144 4258 2190 4304 ;›
2208 4246 2262 4292 et
2290 4256 2302 4292 :
2333 4257 2351 4289 ‹
2382 4236 2623 4303 Reversa
2636 4243 2722 4290 est
2747 4233 2956 4289 malitia
2983 4245 3170 4286 eorum
3196 4231 3248 4282 in
3274 4226 3449 4297 capita

204 4332 469 4403 έστρεψεν
490 4332 526 4401 ή
548 4331 781 4402 πονηρία
804 4330 985 4385 αὐτῶν
1006 4333 1090 4394 εἰς
1111 4331 1225 4395 τὰς
1249 4331 1494 4400 κεφαλάς
1527 4332 1724 4386 αὐτῶν.
1753 4352 1772 4385 ι

203 4422 347 4474 Καίο
392 4439 413 4473 ι
449 4421 543 4474 Ἐν
579 4420 768 4489 παγίδι
790 4423 1011 4492 εταύτῃ,
1120 4420 1384 4491 ἔκρυψαν,
1418 4422 1720 4494 συνελήφθη
1748 4425 1778 4477 ὁ

202 4511 339 4575 ποῦς
387 4510 591 4566 αὐτῶν.
617 4531 636 4563 ι
692 4512 1167 4583 Συλλαμὸάνονται
1204 4514 1262 4566 ὲν
1287 4512 1633 4578 διαϐουλίοις,
1694 4508 1777 4577 οἷς

201 4602 601 4671 διαλογίζονται
638 4621 653 4635 ο
709 4604 847 4674 ὅπερ
884 4605 991 4677 γὰρ
1051 4603 1417 4674 ἐσοφίσαντο,Δ
1455 4607 1533 4670 είς
1570 4607 1778 4659 ἑαυτῶν

207 4698 305 4766 μὲν
346 4695 670 4765 ἀσφάλειαν,
730 4696 904 4751 ἄλλων
961 4696 1017 4750 δὲ
1076 4695 1367 4768 ἐπιϐουλὴν
1404 4697 1775 4769 καὶλβλάσην,

203 4789 367 4843 τοῦτο
388 4788 653 4858 ἔστρεψεν
686 4788 715 4841 ὁ
741 4788 875 4853 Θεὸς
902 4790 981 4853 είς
1006 4788 1104 4859 τὴν
1136 4789 1342 4843 τούτων
1378 4791 1474 4860 μὲν
1507 4790 1771 4853 κάκωσιν,

204 4881 297 4933 καὶ
325 4880 610 4951 αἰσχύνην,
654 4881 747 4934 καὶ
776 4881 995 4952 ὄλεθρον
1026 4882 1249 4950 ἄφατον,
1278 4883 1545 4952 ὠφέλειαν
1574 4884 1631 4937 δὲ
1678 4883 1775 4936 καὶ

203 4972 389 5043 τιμὴν,
449 4972 763 5045 παρρησίαν
801 4992 859 5027 τε
912 4975 1006 5029 καὶ
1064 4974 1254 5045 κέρδος
1293 4975 1393 5028 οὐκ
1440 4975 1621 5043 ὀλίγον
1668 4976 1776 5029 τῶν

205 5063 718 5120 ἑπιὸουλευθέντων.
785 5067 896 5120 Καὶ
943 5065 1051 5136 γὰρ
1087 5068 1116 5120 ὁ
1151 5065 1365 5135 Ἀμμάν
1426 5082 1557 5119 ποτε
1607 5066 1776 5121 θέλων

207 5154 524 5224 σταυρῶσαι
550 5157 677 5219 τοὺς
699 5156 829 5225 περὶ⁸
864 5156 1202 5225 Μαρδοχαῖον
1224 5157 1313 5209 τὸν
1332 5156 1537 5209 δίκαιον
1563 5157 1658 5211 ἄνθ
1668 5175 1775 5227 ρω-

206 5262 326 5307 πον,
352 5247 450 5299 καὶ
482 5246 544 5298 τὸ
580 5246 736 5312 ξύλον
776 5247 1093 5317 ἑτοιμάσας,
1128 5247 1288 5310 αὐτὸς
1318 5249 1416 5317 μὲν
1449 5266 1774 5319 καταισχυν-

209 5335 323 5399 θεὶς
360 5336 643 5407 ἐξαίφνης,
668 5340 760 5391 καὶ
797 5338 948 5408 παρὰ
1006 5339 1329 5403 προσδοκίαν
1352 5340 1439 5391 ἐπ’
1494 5340 1772 5394 αὐτοῦτοῦ

214 5430 414 5484 οίκείου
453 5430 610 5494 ξύλου
668 5430 1138 5503 ἀνεσκολοπίζετο,
1179 5430 1472 5502 προστάξει
1500 5431 1595 5485 τοῦ
1629 5432 1777 5502 βασι-

293 5603 333 5637 ⁶⁰
363 5605 523 5659 Prov.
560 5622 688 5669 xxx,
723 5605 806 5659 i0.
886 5606 924 5636 ⁶¹
953 5603 1125 5661 Exod.
1164 5621 1273 5670 xiv,
1311 5604 1401 5662 25.

1885 4335 2129 4403 ipsorum
2155 4331 2199 4361 θ’
2224 4368 2239 4393 ,
2283 4348 2301 4380 ι
2339 4339 2394 4383 et
2425 4345 2438 4381 :
2475 4346 2494 4378 ι
2540 4325 2597 4382 lu
2623 4326 2821 4395 laqueo
2842 4324 2991 4383 hoc.
3022 4336 3182 4403 quem
3221 4319 3453 4373 abscon-

1883 4412 2081 4487 derant
2103 4462 2118 4485 ,
2153 4420 2530 4490 deprehensus
2555 4424 2641 4495 est
2674 4430 2769 4486 pes
2799 4428 2989 4469 eorum
3022 4411 3087 4464 ⁸³.
3138 4429 3157 4462 ι
3195 4408 3452 4476 Compre-

1884 4514 2197 4572 henduntur
2232 4513 2288 4567 in
2322 4511 2483 4581 malis
2516 4508 2769 4565 consiliis
2794 4549 2810 4573 ,
2841 4520 2963 4577 qum
2995 4504 3099 4574 ipsi
3136 4502 3396 4587 cogitant
3433 4517 3447 4552 :

1882 4607 2250 4677 quodcunque
2297 4604 2443 4660 enim
2498 4603 2555 4658 in
2609 4600 2887 4672 prepriam
2941 4596 3337 4659 securitatem,
3393 4591 3450 4645 in

1882 4696 2116 4751 aliorum
2163 4709 2295 4759 vero
2327 4691 2576 4748 fraudem
2617 4698 2672 4746 et
2705 4704 2907 4744 noxam
2941 4683 3236 4755 commenti
3280 4688 3441 4742 sunt,

1879 4787 1937 4848 id
1970 4786 2113 4841 Deus
2143 4785 2201 4861 in
2241 4799 2433 4841 eorum
2466 4783 2811 4838 aillictionem
2833 4822 2848 4846 ,
2880 4787 2934 4835 et
2966 4776 3355 4851 cpprobrium,
3390 4778 3445 4826 et

1880 4880 2111 4947 exitium
2146 4877 2535 4948 inexplicabile
2557 4915 2574 4943 ,
2615 4876 2673 4930 in
2717 4875 3010 4939 utilitatem
3041 4883 3173 4924 vero
3199 4908 3213 4933 ,
3254 4873 3311 4920 et
3345 4864 3444 4918 lio-

1882 4987 2072 5043 norem
2095 5008 2111 5037 ,
2162 4978 2216 5027 et
2248 4970 2559 5025 libertatem
2581 5007 2596 5031 ,
2650 4976 2705 5022 et
2732 4964 3017 5020 commoda
3063 4975 3170 5013 non
3203 4964 3440 5011 contem-

1881 5064 2061 5123 nenda
2092 5078 2284 5120 eorum
2312 5100 2328 5129 ,
2377 5061 2472 5132 qui
2506 5057 2726 5115 insidiis
2756 5055 2908 5126 petiti
2952 5059 3124 5114 sunt,
3160 5045 3445 5103 convertit.

1886 5161 2115 5227 Amman
2142 5155 2343 5211 etenim
2392 5150 2686 5222 aliquando
2726 5147 3123 5204 Mardochmum
3173 5140 3447 5196 hominem

1879 5251 2088 5320 justum
2122 5246 2273 5300 cruci
2304 5244 2493 5299 volens
2542 5240 2791 5311 adigere,
2833 5240 2996 5292 etiam
3048 5235 3197 5304 ligno
3236 5244 3445 5301 praepa-

1883 5352 2002 5395 rato
2023 5378 2037 5403 ,
2070 5339 2187 5409 ipse
2210 5334 2429 5406 quidem
2457 5348 2524 5389 ex
2547 5329 2852 5402 improviso
2874 5328 3091 5397 probris
3120 5335 3441 5393 oppressus,

1876 5440 1930 5497 et
1982 5438 2178 5501 praeter
2214 5440 2432 5483 omnem
2486 5421 2948 5495 exspectationem
2975 5459 2988 5484 ,
3042 5417 3202 5487 jussu
3252 5412 3441 5484 regis,

1506 5606 1548 5638 θ’
1575 5604 1717 5660 Psal.
1748 5622 1842 5672 vn,
1871 5605 1959 5660 l7.
2036 5604 2081 5637 ⁵³
2112 5602 2255 5658 Psal.
2287 5616 2362 5663 Ix,
2396 5598 2481 5653 16.
