3850 6218
370 236 480 302 διδ

1879 242 1939 299 S.
1981 239 2144 299 NILI

3507 241 3615 305 316

370 351 466 422 qui
509 363 635 406 eum
686 356 850 404 antea
893 349 1067 405 multo
1111 352 1285 423 magis
1318 367 1482 423 quam
1515 353 1756 409 animam
1786 367 1937 408 suam

2046 349 2182 410 λὲως
2209 347 2302 400 τοῦ
2326 348 2588 418 πρότερον
2631 347 2771 420 ὑπὲρ
2800 347 2899 414 τὴν
2936 348 3131 402 ἑαυτοῦ
3175 347 3353 419 ψυχὴν
3398 350 3616 423 ἀγαπή-

371 443 626 506 dixerat,
657 441 1124 511 sus‘pendebatur,
1169 441 1548 500 Mardochteus
1582 453 1802 512 autem,
1843 444 1939 512 qui

369 539 610 587 mentem
641 546 796 587 suam
837 531 894 586 in
926 532 1094 587 Deum
1123 535 1387 590 continuo
1417 535 1610 590 fixerat
1636 577 1649 598 ,
1684 535 1940 590 maximis

369 639 399 676 σι
455 638 583 692 rege
655 625 981 693 caeterisque
1019 625 1346 694 primatibus
1389 627 1782 682 cohonestatus
1838 628 1939 681 ho-

369 713 602 768 noribus
667 722 724 769 et
789 723 908 768 tum
963 716 1176 786 magis,
1232 733 1398 788 quam
1462 718 1939 788 usquamialias,

370 805 729 874 spectabilior
807 807 1063 876 apparuit
1129 806 1195 862 ⁸⁸.
1279 807 1442 879 234
1514 809 1674 865 Omni
1758 810 1941 876 itaque

369 904 615 965 tempore
668 895 874 951 divinis
929 897 1167 966 eloquiis
1218 899 1474 964 credito,
1526 915 1647 969 qua:
1700 899 1936 955 dicunt:

369 987 526 1054 Quod
558 989 676 1057 ipse
708 988 974 1044 abhorres
999 1028 1013 1054 ,
1045 990 1170 1046 aliis
1199 1005 1268 1045 ne
1297 990 1504 1058 facias;
1537 992 1770 1061 aliisque
1799 993 1941 1045 mala

368 1097 438 1136 ne
471 1082 806 1136 machineris
828 1125 843 1148 ,
875 1098 944 1136 ne
997 1098 1027 1136 a
1078 1083 1237 1137 malis
1269 1086 1637 1154 opprimaris,
1689 1091 1745 1139 et
1775 1100 1940 1154 quam

367 1173 463 1226 alii
505 1173 742 1228 condisti
795 1176 957 1229 ollam
984 1215 999 1240 ,
1040 1183 1098 1229 tu
1145 1175 1295 1231 solus
1338 1177 1500 1232 edere
1532 1177 1938 1234 condemneris.

367 1265 472 1330 Qui
503 1266 651 1320 enim
696 1265 910 1322 foveam
954 1267 1080 1323 aliis
1110 1266 1335 1335 eﬂodit,
1367 1268 1423 1323 in
1449 1285 1568 1325 eam
1603 1270 1718 1341 ipse
1756 1271 1943 1342 inspe-

367 1371 498 1412 rans
528 1357 734 1412 incidet
757 1359 824 1413 ⁸³.

629 1447 856 1504 CCXXI.
892 1481 963 1491 —
994 1451 1294 1508 EURYCLI
1329 1451 1672 1510 PATRITIO.

436 1541 699 1610 Apposite
725 1545 792 1598 de
831 1552 922 1597 tua
962 1547 1213 1602 claritate
1239 1548 1446 1602 dictum
1481 1555 1568 1604 est
1603 1566 1616 1601 :
1670 1548 1790 1603 Duo
1827 1549 1942 1604 hac

367 1633 496 1687 odio
528 1635 728 1699 habui,
778 1651 962 1690 senem
996 1639 1303 1707 mtechum,
1351 1647 1405 1694 et
1435 1639 1662 1696 divitem
1713 1641 1939 1696 menda-

369 1741 487 1780 cem
519 1726 563 1758 “
598 1745 610 1781 :
640 1745 658 1778 ι
694 1727 834 1794 Quid
877 1731 1126 1798 superbit
1157 1741 1302 1786 terra
1344 1741 1398 1788 et
1428 1733 1652 1799 cinis",
1708 1753 1727 1786 ι
1763 1735 1936 1790 mole-

370 1817 628 1884 stiarum,
661 1822 1010 1889 putredinum
1037 1831 1093 1877 et
1123 1826 1388 1879 vermium
1416 1830 1591 1881 haares
1622 1824 1849 1881 futura?
1879 1827 1937 1883 Si

370 1910 539 1980 igitur
565 1911 620 1965 in
649 1912 1059 1982 iniquitatibus,
1092 1924 1146 1970 et
1178 1917 1478 1973 mendaciis
1498 1962 1511 1984 ,
1549 1927 1602 1974 et
1633 1920 1774 1975 dolis
1802 1935 1939 1976 con-

368 2001 621 2066 senuisti,
645 2011 697 2056 et
723 2016 1079 2075 consumptus
1105 2022 1184 2070 es,
1208 2006 1420 2062 dierum
1445 2009 1715 2064 malorum
1749 2019 1925 2078 satur,

368 2107 538 2148 nosce
561 2101 612 2148 te
642 2093 840 2162 ipsum.

499 2183 753 2239 CCXXII.
783 2215 853 2225 —
878 2185 1368 2242 AGLAOPHONTI
1422 2188 1801 2246 CURATORI.

436 2275 612 2331 Homo
644 2292 741 2332 eos
764 2318 778 2343 ,
826 2279 921 2348 qui
955 2278 1160 2344 injuste
1187 2279 1326 2334 alios
1356 2280 1482 2335 odio
1509 2293 1936 2352 persequuntur,

365 2367 601 2424 intuitus
625 2412 639 2436 ,
675 2378 728 2425 et
757 2385 940 2425 rerum
970 2371 1204 2425 aliarum
1241 2382 1490 2442 raptores
1515 2377 1689 2446 magis
1723 2391 1786 2431 ac
1824 2391 1941 2430 ma-

366 2458 452 2528 gis
502 2459 930 2526 corroboratos,
995 2469 1049 2515 et
1104 2471 1389 2531 potentes;
1443 2465 1488 2519 si
1541 2467 1784 2520 animum
1840 2467 1939 2520 de-

366 2552 666 2622 spondens,
690 2552 745 2606 in
766 2551 1206 2622 desperationem
1232 2557 1516 2617 ceciderit,
1541 2559 1759 2614 nemine
1781 2574 1938 2628 opem

367 2645 596 2711 ferente,
620 2643 688 2699 de
717 2645 858 2699 caelo
881 2646 1278 2702 admirabiliter
1309 2659 1362 2702 et
1391 2650 1674 2718 suppetias
1702 2659 1755 2705 ct
1780 2651 1940 2704 auxi-

367 2735 445 2791 lia
477 2735 706 2790 videbit.
731 2734 929 2790 Persta
965 2736 1133 2805 igitur
1159 2753 1323 2791 orans
1357 2746 1411 2792 et
1437 2755 1688 2808 sperans.

541 2825 816 2882 CCXXIII.
845 2857 914 2866 —
938 2827 1210 2883 MAXIMO
1240 2829 1720 2886 PRESBYTERO.

436 2915 493 2972 Si
525 2917 656 2986 quid
680 2917 736 2972 in
758 2917 958 2980 Veteri,
980 2927 1074 2972 aut
1094 2918 1247 2973 Novo
1276 2919 1648 2988 Testamento,
1680 2925 1941 2981 historice

2043 456 2231 502 σαντος
2266 440 2447 492 αὐτόν’
2486 438 2826 510 Μαρδοχαῖος
2847 441 2923 504 δὲ,
2951 444 2979 493 ὀ
3010 441 3144 511 πρὸς
3165 439 3254 493 τὸν
3302 440 3434 494 Θεὸν
3473 443 3615 512 ἔχων

2044 531 2307 600 διηνεκῶς
2335 530 2432 602 τὴν
2453 531 2688 584 διάνοιαν
2716 530 2900 594 αὐτοῦ,
2929 534 3049 594 ταῖς
3077 531 3360 602 μεγίσταις
3384 535 3613 604 τετίμη-

2039 640 2129 676 ται
2155 626 2340 691 τιμαῖς
2396 625 2548 692 παρὰ
2604 623 2698 675 τοῦ
2747 623 3031 693 βασιλέως,
3078 625 3172 675 καὶ
3234 624 3452 677 πάντων
3503 627 3614 680 τῶν

2044 716 2406 786 μεγιστάνων,
2443 717 2538 768 καὶ
2579 717 3035 785 περιφανέστερος
3064 713 3218 784 ῶφθη
3255 715 3350 768 νῦν
3387 716 3608 785 μᾶλλον,

2040 809 2185 880 ἢπερ
2236 807 2387 861 ποτέ.
2435 809 2736 878 Τοιγαροῦν
2764 809 2820 861 ἐν
2847 809 3012 863 παντὶ
3071 807 3247 878 καιρῷ
3297 811 3409 872 τοῖς
3449 809 3614 872 θείοις

2041 901 2315 954 πιστεύειν
2343 902 2563 969 λογίοις,
2585 905 2696 965 τοῖς
2723 901 2990 969 λέγουσιν,
3023 903 3104 953 ὅτι
3129 901 3305 970 Ὅπερ
3329 901 3486 965 αὐτὸς
3520 919 3614 971 μι-

2044 994 2177 1054 σεῖς,
2202 993 2374 1063 ἑτέρῳ
2413 993 2486 1063 μὴ
2516 997 2778 1064 ποιήσεις,
2811 993 2904 1045 καὶ
2937 991 3013 1063 μὴ
3046 992 3166 1045 θέλε
3206 993 3412 1064 ἐτέροις
3442 993 3612 1058 κακὰ,

2044 1083 2129 1135 ἵνα
2155 1084 2228 1154 μή
2265 1101 2323 1136 σε
2365 1084 2643 1155 καταλάϐῃ
2681 1085 2848 1148 κακὰ,
2879 1085 2976 1137 καὶ
3013 1085 3114 1154 τὴν
3159 1083 3382 1155 χύτραν,
3435 1085 3614 1155 ἥνπερ

2041 1172 2218 1236 ἄλλοις
2250 1174 2512 1244 ἧρτυσας,
2556 1176 2620 1228 σὺ
2655 1175 2814 1245 μόνος
2858 1175 3262 1245 καταδικασθῇς
3299 1176 3513 1243 φαγεῖν.
3553 1175 3614 1227 Ὀ

2042 1264 2150 1335 γὰρ
2211 1265 2389 1329 ἄλλοις
2443 1266 2631 1338 βόθρον
2692 1263 2913 1337 ὀρύξας,
2964 1269 3043 1329 εἰς
3075 1266 3238 1321 αὐτὸν
3292 1267 3611 1336 ἐμπεσεῖται

2041 1358 2378 1420 ἀνελπίστως

2315 1453 2558 1506 ΣΚΑ’.-
2587 1454 2936 1506 ΕΥΡΥΚΛΕΙ
2977 1454 3326 1525 ΠΑΤΡΙΚΙῼ.

2124 1544 2614 1613 Ἐπιτετευγμένως
2661 1543 2856 1614 ἐρρέθη
2897 1544 3155 1614 περὶτῆς
3196 1545 3294 1614 σῆς
3338 1543 3616 1616 ἐνδοξότηο

2042 1653 2151 1700 τος·
2173 1637 2277 1690 Δύο
2292 1636 2464 1690 ταῦτα
2491 1637 2746 1706 ἐμίσησα,
2763 1636 2991 1706 γέροντα
3010 1637 3210 1707 μοιχὸν,
3235 1637 3329 1690 καὶ
3351 1636 3610 1691 πλούσιον

2045 1727 2306 1798 ψεύστην,
2355 1745 2373 1779 ι
2399 1726 2500 1779 Διὰ
2525 1727 2578 1779 τί
2600 1726 3071 1798 ὑπερηφανεύεται
3094 1731 3164 1798 γῆ
3191 1729 3285 1780 καὶ
3332 1728 3524 1790 σποδός
3551 1746 3565 1793 ;
3589 1747 3607 1780 ι

2039 1819 2237 1873 Μέλλει
2263 1818 2367 1889 γὰρ
2395 1818 2746 1889 κληρονομεῖν
2773 1817 3164 1888 ταλαιπωρίας,
3186 1819 3278 1872 καὶ
3315 1819 3615 1888 σηπεδόνας

2039 1913 2133 1965 καὶ
2163 1911 2468 1981 σκώληκας.
2497 1911 2558 1963 Εἰ
2602 1906 2693 1965 οὖν
2724 1911 3108 1981 κατεγήρασας
3139 1913 3196 1964 ἐν
3223 1911 3491 1974 ἀτοπίαις,
3519 1913 3617 1966 καὶ

2039 2003 2278 2073 ψεύδεσι,
2331 2003 2658 2068 καὶὲδόλοις,
2691 2002 2788 2056 καὶ
2818 2001 3266 2074 κατεδαπανήθης
3313 2003 3618 2075 χορτασθὴς

2038 2095 2261 2166 ἡμερῶν
2310 2094 2518 2160 κακῶν,
2547 2094 2714 2162 γνῶθι
2750 2093 2962 2147 σαυτόν.

2249 2187 2418 2242 ΣΚΒ’.
2429 2217 2501 2227 --
2518 2187 2947 2241 ΑΓΛΑΟΦΩΝΤΙ
2979 2186 3396 2243 ΚΟΥΡΑΤΟΡΙ.

2113 2279 2281 2334 Ὅταν
2301 2280 2487 2336 λοιπὸν
2508 2280 2729 2352 ἀτενίσῃ
2762 2279 3048 2350 ἅνθρωπος
3092 2280 3302 2350 βλέπων
3341 2282 3465 2346 τοὺς
3494 2281 3614 2336 ἀδί-

2040 2388 2152 2433 κως
2185 2370 2499 2442 μισοῦντας,
2531 2369 2626 2424 καὶ
2657 2371 2784 2432 τοὺς
2836 2370 3255 2440 διαρπάζοντας,
3303 2371 3619 2441 ἰσχυροποι-

2038 2453 2322 2532 ουμένους,
2357 2462 2452 2515 καὶ
2509 2461 3096 2526 καταδυναστεύοντας,
3147 2463 3276 2515 ὅταν
3327 2463 3429 2533 ήδη
3476 2463 3619 2534 πρὸς

2040 2551 2385 2621 ἁφελπισμὺν
2419 2552 2582 2624 πέσῃ,
2628 2552 2855 2622 μηδενὸς
2905 2552 3244 2622 βοηθοῦντος,
3268 2553 3388 2606 τότε
3431 2571 3617 2624 παρα-

2040 2641 2205 2709 δόξως
2226 2642 2324 2706 τὰς
2341 2643 2399 2708 ἐξ
2437 2642 2666 2714 ούρανοῦ
2697 2643 3010 2713 ἀντιλήψεις
3035 2643 3129 2696 καὶ
3153 2643 3620 2715 βοηθείας-ὄψεται

2040 2734 2350 2805 γινομένας.
2385 2735 2532 2788 Μένε
2559 2729 2650 2787 οῦν
2684 2735 2975 2805 εὐχόμενος
2995 2735 3089 2787 καὶ
3115 2733 3368 2798 ἐλπίζων.

2286 2825 2453 2881 ΣΚΓἍ
2475 2856 2541 2868 --
2565 2827 2836 2899 MAI-31M!)
2859 2827 3330 2898 ΠΡΕΣΒΥΤΕΡῼ.

2126 2919 2248 2974 Ἐάν
2285 2933 2337 2972 τι
2366 2918 2676 2989 γέγραπται
2713 2921 2772 2972 ἐν
2808 2922 2876 2989 τῇ
2902 2920 3138 2990 Παλαιᾷ,
3167 2920 3262 2990 ήτε
3295 2922 3352 2974 ὲν
3382 2921 3448 2990 τῇ
3473 2919 3617 2992 Νέᾳ,

366 3017 648 3073 narratur,
688 3018 744 3065 et
783 3010 1073 3065 manifesto
1106 3012 1371 3066 scribitur
1418 3013 1522 3068 hoc
1567 3023 1659 3067 aut
1695 3016 1826 3069 illud
1857 3017 1937 3070 fa-

2046 3009 2329 3082 ἱστορικῶς
2366 3009 2723 3080 γεγενῆσθαι,
2781 3011 2876 3064 καὶ⁵
2929 3010 3179 3082 φανερῶς
3230 3011 3350 3064 τόδε
3401 3011 3436 3081 ἢ
3495 3011 3635 3090 τόδε,

366 3105 515 3152 ctum
552 3099 759 3166 fuisse;
808 3116 908 3156 nos
937 3117 1064 3156 vero
1096 3102 1149 3155 in
1185 3103 1553 3174 nosmetipsos
1578 3107 1936 3174 argumentis,

365 3195 420 3241 et
449 3190 809 3259 conceptibus
838 3191 1006 3246 animi
1038 3194 1394 3258 assumimus,
1427 3195 1492 3249 ad
1519 3196 1938 3253 tedilicationem

367 3277 529 3348 235
578 3279 916 3348 Spiritualem
970 3291 1346 3352 usurpantes:
1386 3299 1455 3339 ne
1498 3285 1783 3342 existimes
1838 3304 1939 3345 nos

367 3377 465 3422 aut
516 3369 780 3440 scriptum
837 3372 1084 3441 rejicere,
1133 3383 1226 3427 aut
1272 3374 1558 3430 historiam
1611 3379 1936 3434 convellere.

366 3461 523 3515 Absit
556 3462 688 3516 hoc!
722 3460 842 3517 Non
880 3463 1232 3529 damnamus,
1272 3480 1447 3537 neque
1463 3469 1760 3538 rejicimus,
1790 3471 1939 3542 quod

366 3566 535 3606 sensu
571 3551 771 3606 factum
807 3553 979 3610 fuisse
1006 3557 1422 3626 comprobatur,
1457 3570 1513 3614 et
1559 3560 1790 3616 historia
1824 3574 1937 3617 tra-

366 3637 541 3694 ditum
575 3649 680 3695 est.
724 3639 831 3697 Sed
885 3643 1104 3713 quando
1152 3661 1251 3701 nos
1293 3647 1529 3703 mundus
1573 3648 1660 3704 hic
1704 3667 1934 3716 sumus,

367 3733 552 3784 omnia
585 3748 708 3802 qua:
751 3734 984 3788 antehac
1017 3743 1171 3806 gesta
1201 3747 1350 3803 sunt,
1388 3755 1533 3793 nunc
1561 3739 1739 3810 ipsum
1773 3744 1932 3799 nobis

368 3822 760 3890 apprimentes,
803 3825 1028 3879 uberem
1069 3825 1307 3880 fructum
1335 3829 1656 3898 accipimus.
1692 3829 1938 3902 Namque

365 3927 493 3965 cmn
529 3912 691 3967 hodie
723 3914 906 3970 nullus
927 3915 999 3970 sit
1024 3913 1247 3987 Joseph,
1273 3920 1423 3972 nulla
1445 3919 1722 3991 Egyptia,
1749 3924 1935 3978 nullus

368 4003 633 4059 Ezechias
672 4021 788 4070 rex,
820 4007 1010 4062 nullus
1039 4007 1210 4064 Judas
1239 4011 1507 4079 proditor,
1540 4012 1725 4068 nullus
1767 4012 1938 4067 Laza-

372 4109 466 4149 rus
527 4095 638 4148 vita
692 4096 935 4160 functus,
984 4105 1039 4152 et
1091 4099 1466 4166 revivisccns,
1514 4102 1697 4157 nullus
1746 4101 1936 4157 Simon

366 4185 578 4255 Magos,
612 4187 762 4241 nulla
793 4188 1000 4258 reliqua
1048 4190 1275 4245 omnia:
1319 4199 1607 4262 propterea
1649 4193 1697 4248 si
1741 4210 1935 4263 quem-

367 4293 531 4348 quam
561 4280 911 4335 continentiaa
930 4281 1206 4337 addictum
1228 4286 1620 4354 conspicimus,
1640 4287 1936 4361 Josephum

2040 3103 2373 3178 πεπρᾶχθαι,
2414 3104 2574 3174 ἡμεῖς
2600 3102 2657 3154 δέ
2688 3104 2770 3166 εἰς
2800 3102 3026 3167 ἑαυτοὺς
3045 3102 3276 3171 νοοῦμεν
3316 3104 3448 3157 αύτδ
3492 3107 3621 3167 ταῖς

2040 3196 2403 3267 ἐνθυμήσεσι,
2474 3195 2571 3247 καὶ
2625 3195 2739 3258 τοῖς
2785 3194 3257 3266 λογισμοῖςπρὸς
3327 3197 3623 3268 οἰκοδομὴν

2040 3287 2414 3358 πνευματικὴν
2457 3285 2752 3357 χρώμενοι,
2787 3288 2861 3358 μὴ
2895 3288 3103 3358 νόμιζε,
3133 3288 3214 3342 ὅτι
3269 3289 3622 3360 ήθετήσαμεν

2037 3379 2097 3432 τὸ
2125 3377 2424 3448 γράμμα,ἢ
2453 3377 2794 3448 ἀπωσάμεθα
2822 3377 2923 3448 τὴν
2954 3379 3214 3449 ἱστορίαν.
3242 3380 3334 3451 Μὴ
3365 3379 3578 3448 γένοιτο
3599 3383 3632 3436 ῑ

2039 3469 2112 3521 Ού
2167 3467 2537 3538 καθετοῦμεν,
2597 3468 2706 3520 οὐδ’
2767 3467 3186 3539 ἀποϐαλλόμεθα
3231 3470 3291 3524 τὸ
3341 3470 3619 3543 αἰσθητῶς

2040 3559 2442 3630 πεπραγμένον,
2486 3559 2580 3611 καὶ
2633 3559 2844 3630 ἱστορίᾳ
2885 3560 3210 3628 παραδοθὲν.
3254 3562 3395 3615 Ἀλλ⁹
3423 3564 3620 3637 ἐπειδὴ

2039 3652 2199 3721 ἡμεῖς
2227 3652 2392 3720 ἐσμεν
2415 3652 2444 3703 ό
2476 3650 2702 3720 κόσμος,
2754 3652 2936 3705 πάντα
2969 3652 3038 3705 τὰ
3065 3653 3259 3723 πρώην
3315 3657 3616 3726 γενόμενα.

2043 3744 2282 3814 σήμερον
2307 3743 2388 3805 εἰς
2439 3743 2668 3807 ἑαυτοὺς
2699 3743 2953 3806 νοοῦντες
2986 3743 3362 3815 ὠφελούμεθα.
3398 3749 3619 3819 Ἐπειδὴ

2039 3835 2147 3905 γὰρ
2174 3835 2273 3888 ούκ
2299 3834 2412 3888 ἔστι
2433 3836 2670 3906 σήμερον
2695 3835 2913 3906 Ἰωσὴφ,
2950 3835 3072 3888 οῦτε
3105 3839 3137 3907 ή
3165 3838 3465 3906 Αἰγυπτία,
3491 3841 3617 3894 οὔτε

2052 3926 2297 3990 Ἐζεκίας
2325 3928 2352 3979 ὁ
2386 3926 2656 3996 βασιλεὺς,
2693 3926 2817 3980 οὕτε
2869 3928 3070 3993 Ἰούδας
3099 3930 3127 3982 ό
3156 3931 3443 4002 προδότης,
3490 3934 3618 3986 οῦτε

2039 4019 2284 4088 Λάζαρος
2317 4016 2604 4071 ἀποθανὼν
2636 4017 2731 4070 καὶ
2759 4018 3018 4084 ἀναστὰς,
3045 4019 3169 4072 οῦτε
3205 4021 3386 4091 Σίμων
3429 4025 3458 4076 ὁ
3489 4024 3619 4077 Μά-

2039 4127 2154 4178 γος,
2180 4109 2303 4163 οὔτε
2330 4108 2400 4162 τὰ
2423 4107 2566 4178 ἐξῆς,
2587 4107 2673 4160 διὰ
2690 4107 2867 4172 τοῦτο,
2895 4109 2991 4163 ἐὰν
3013 4111 3212 4182 ἴδωμεν
3235 4113 3622 4184 σωφρονοῦντα

2040 4221 2194 4265 τινα,
2256 4203 2452 4274 Ἰωσὴφ
2507 4202 2698 4256 τοῦτον
2753 4203 3028 4275 καλοῦμεν
3058 4221 3071 4234 ·
3141 4205 3236 4258 ἐὰν
3291 4206 3624 4278 θεασώμεθα

2040 4296 2271 4362 γυναῖκα
2297 4293 2546 4364 μοιχάδα,
2579 4294 2884 4363 Αἰγυπτίαν
2915 4295 3147 4367 λέγομεν
3177 4298 3378 4368 αὑτήν·
3411 4299 3510 4352 ἐάν
3535 4318 3621 4364 τις

368 4383 790 4439 nuncupamus;
840 4371 884 4425 si
928 4373 1210 4428 mulierem
1263 4376 1565 4432 adulteram
1607 4381 1934 4449 viderimus,

2046 4383 2302 4453 δυνάστης
2361 4383 2551 4447 πιστὸς
2588 4382 2668 4454 τῷ
2729 4383 2870 4454 Θεῷ,
2921 4385 3016 4438 καὶ
3058 4386 3290 4456 εὐλαϐὴς
3336 4389 3618 4458 τυγχάνει,

367 4476 488 4515 eam
512 4459 824 4533 [Egyptiam
851 4463 1116 4529 dicimus;
1144 4465 1191 4518 si
1214 4467 1338 4544 quis
1362 4469 1615 4540 princeps
1663 4471 1771 4528 Deo
1801 4475 1941 4531 [idus

367 4569 433 4608 ac
471 4554 595 4624 pius
616 4562 722 4621 est,
757 4553 1002 4610 Ezechite
1029 4572 1227 4612 nomen
1259 4560 1442 4615 habet.
1486 4561 1815 4636 Quicunque
1850 4584 1960 4624 ve-'

369 4647 548 4700 ritatis
568 4647 797 4701 verbum
823 4650 1060 4717 prodens
1083 4652 1382 4718 prostituit,
1403 4654 1649 4724 aliosque
1674 4657 1728 4710 in
1753 4674 1940 4713 necem

365 4735 613 4805 conjicit,
645 4735 816 4792 Judas
849 4753 970 4792 esse
1000 4739 1368 4794 existimatur.
1404 4741 1461 4795 Si
1506 4744 1634 4798 item
1664 4746 1747 4800 vir
1771 4748 1932 4817 quis-

366 4829 512 4898 piam
559 4829 798 4898 optimus
852 4830 1134 4901 negligens
1183 4831 1361 4887 factus
1403 4833 1654 4905 deliquit,
1694 4847 1939 4906 postmo-

365 4921 494 4974 dum
529 4922 851 4990 pmnitentia
885 4930 1005 4976 acta
1028 4964 1043 4988 ,
1078 4923 1145 4977 ad
1181 4924 1336 4978 vivos
1365 4927 1544 4993 rediit,
1582 4931 1934 4986 manifestum

367 5019 452 5066 cst
478 5022 714 5067 mentem
756 5013 904 5068 illius
948 5013 1292 5069 demortuam
1341 5018 1412 5071 ob
1440 5017 1702 5074 delictum
1735 5021 1932 5087 fuisse,

366 5110 421 5156 et
456 5118 550 5171 per
580 5103 963 5173 paenitentiam
1008 5107 1400 5162 resurrexisse.
1449 5109 1689 5167 Subdolc
1720 5127 1848 5167 vero
1877 5115 1935 5169 in

367 5195 572 5249 tlltristi
608 5194 910 5250 Ecclesiam
957 5195 1368 5264 advenientem,
1408 5206 1461 5254 et
1492 5216 1633 5272 aqua
1672 5205 1933 5276 simplici,

371 5277 480 5338 non
529 5287 653 5340 item
708 5286 915 5356 Spiritu
973 5298 1165 5342 sancto
1225 5289 1585 5360 baptizatum,
1652 5293 1933 5353 Simonem

371 5376 586 5445 Magum
636 5379 910 5447 appellare
952 5380 1254 5434 suevimus.
1286 5381 1366 5436 Ad
1396 5383 1511 5437 hate
1545 5385 1747 5456 itaque,
1772 5397 1825 5442 et
1851 5404 1935 5443 re-

373 5468 520 5536 iiqua
555 5478 739 5522 nostra
772 5469 954 5523 omnia
985 5469 1428 5529 intellectualiter
1453 5475 1596 5531 dicta
1619 5477 1936 5540 conferens.

2052 4470 2296 4536 Ἐζεκίας
2352 4474 2852 4544 προσαγορεύεται·
2885 4475 2994 4536 πᾶς
3030 4475 3087 4529 δὲ
3124 4477 3153 4528 ό
3197 4477 3482 4547 προδιδοὺς
3527 4480 3623 4532 τὸν

2037 4565 2192 4633 λόγον
2231 4566 2331 4636 τῆς
2363 4565 2638 4635 ἀληθείας,
2669 4567 2764 4620 καὶ
2796 4567 2924 4631 τοὺς
2963 4568 3154 4633 ἄλλους
3203 4570 3493 4639 ἐμϐάλλων
3539 4574 3623 4638 εἰς

2039 4655 2296 4721 θάνατον,
2343 4655 2540 4719 Ἰούδας
2600 4658 2949 4727 νενόμισται’
3012 4659 3061 4710 εἰ
3104 4658 3162 4711 δέ
3206 4677 3290 4722 τις
3342 4659 3623 4729 βέλτιστος

2039 4747 2321 4816 ἄνθρωπος
2340 4746 2623 4816 ἀμελήσας
2659 4746 2928 4819 ἥμαρτεν,
2965 4743 3084 4801 εἶτα
3119 4752 3457 4820 μετανοήσας
3485 4751 3624 4816 ζωο-

2045 4838 2266 4908 ποιηθῇ,
2299 4837 2456 4907 δῆλον
2502 4838 2583 4890 ὅτι
2618 4839 2647 4891 ὁ
2677 4837 2800 4902 νοῦς
2845 4839 3007 4892 αὑτοῦ
3054 4840 3327 4895 ἀπέθανεν
3383 4842 3474 4895 διὰ
3521 4843 3625 4913 τῆς

2044 4929 2443 5000 πλημμελείας,
2469 4930 2561 4983 καὶ
2599 4931 2894 5002 ἐγήγερται
2921 4932 3011 4985 διὰ
3038 4932 3135 5003 τῆς
3179 4935 3490 5003 μετανοίας,
3527 4936 3624 4988 τὸν

2043 5023 2100 5075 δὲ
2165 5022 2286 5076 καθ’
2345 5023 2631 5094 ὑπόκρισιν
2688 5025 3125 5094 προσερχόμενον
3193 5027 3261 5096 τῇ
3325 5025 3419 5078 τοῦ
3482 5026 3623 5080 Θεοῦ

2057 5115 2370 5186 Ἐκκλησία,
2399 5116 2492 5168 καὶ
2522 5114 2913 5185 βαπτιζόμενον
2958 5114 3098 5185 ψιλῷ
3143 5115 3314 5178 ὕδατι,
3338 5117 3398 5168 οὐ
3435 5118 3624 5186 μέντοι

2044 5210 2136 5261 καὶ
2182 5209 2457 5279 Πνεύματι
2517 5207 2674 5277 ἁγίῳ,
2730 5207 2949 5277 Σίμωνα
3001 5209 3193 5275 Μάγον
3254 5209 3623 5280 ἐπονομάζειν

2044 5300 2333 5371 εἰώθαμεν.
2367 5299 2510 5371 Πρὸς
2537 5298 2709 5352 ταῦτα
2736 5295 2848 5365 οὖν,
2875 5300 2970 5352 καὶ
2992 5301 3169 5353 πάντα
3193 5300 3260 5352 τὰ
3302 5304 3435 5371 παρ’
3459 5302 3622 5371 ἡμῶν

2043 5392 2248 5462 νοητῶς
2271 5391 2536 5461 λεγόμενα
2559 5391 2873 5456 κανονίζων,
2896 5391 3145 5462 οὐδαμῶς
3178 5392 3630 5464 σκανδαλισθήσῃ,

2048 5483 2168 5538 καθ’
2198 5483 2374 5554 ήμῶν.
2405 5483 2588 5537 Πάντα
2618 5478 2712 5536 οὖν
2737 5485 2815 5547 εἰς
2845 5484 3036 5539 ἑαυτὸν
3063 5483 3256 5556 νόησον
3283 5485 3349 5540 τὰ
3369 5484 3626 5552 τυπικῶς

443 5651 490 5685 ⁸³
517 5653 670 5710 ίίιιίι.
702 5671 798 5723 vn,
833 5661 1059 5728 passim.
1140 5663 1183 5693 ⁵⁵
1213 5661 1380 5718 Eccli.
1418 5677 1588 5732 mm,
1609 5662 1704 5718 29.
1785 5663 1827 5695 ⁶⁶
1850 5661 1937 5721 ECt

2053 5682 2177 5734 xxv,
2217 5668 2270 5722 4.
2347 5670 2387 5701 ³⁷
2414 5669 2584 5726 Eccli.
2620 5687 2673 5736 χ,
2707 5672 2760 5726 9.
