3850 6218
119 220 227 288 317

1329 213 1868 275 EPISTOLARUM
1888 215 2053 278 LIB.
2098 213 2180 273 II.

3285 208 3393 275 318

121 330 437 403 συμϐάντα,
467 329 565 383 καὶ
588 327 904 399 πραχθέντα
940 328 1054 391 τοῖς
1081 324 1351 397 ἀρχαίοις.
1379 325 1518 394 Φησὶ
1543 323 1653 394 γὰρ
1683 324 1707 376 ό

1821 323 1967 378 nullo
2011 332 2170 392 pacto
2202 336 2331 393 erga
2369 336 2470 377 nos
2500 321 2822 376 scandalum
2845 320 3159 390 tconci—pjes.
3194 330 3388 380 Umna

128 423 461 484 ’Δπύστολος
494 438 508 451 ο
550 439 570 472 ι
609 420 796 491 Ὑμεῖς
855 420 981 484 ναὸς
1032 419 1168 473 Θεοῦ
1223 418 1381 469 ὲστε’
1410 434 1429 469 ι
1462 417 1561 486 οὐχ
1583 417 1612 469 ό
1649 417 1707 469 ἐκ

1822 415 2028 484 itaque,
2063 428 2184 483 quae
2213 412 2282 467 ad
2311 412 2535 466 modum
2569 412 2686 483 typi
2722 426 2975 476 evenere,
3006 422 3099 466 aut
3127 429 3157 467 a
3189 419 3386 468 veteri-

116 516 269 569 λίθου
327 513 439 567 ὑπὸ
485 510 583 565 τοῦ
627 509 969 580 Σολομῶντος
1017 506 1433 578 δεδωμημένος’
1480 523 1498 556 ι
1526 505 1710 559 Πάντα

120 609 236 677 γὰρ
269 603 431 674 ὑμῶν
470 604 621 656 ἐστιν
647 643 662 666 ,
698 602 807 654 εἴτε
838 599 1063 670 κόσμος,
1097 598 1209 651 εἴτε
1266 596 1559 662 ἐνεστῶτα,
1597 596 1709 649 εἴτε

120 698 411 771 μέλλοντα.
440 715 460 748 ι
510 696 700 765 Ὑμεῖς
731 693 789 746 δέ
815 692 910 745 καὶ
954 690 1242 762 γεώργιον,
1286 689 1383 744 καὶ
1426 686 1708 757 άμπελὼν,

118 789 221 843 καὶ
247 787 482 859 ποίμνη,
515 784 615 839 καὶ
639 781 708 838 τὰ
733 781 889 837 ἄλλα.

229 1068 485 1123 Σωκ-
508 1026 866 1136 nomine
893 1062 1181 1132 ΣΟΦΙΣΤῌ
1208 1058 1600 1131 xmmANo.

195 1238 267 1293 06
298 1236 416 1310 χρὴ
438 1236 675 1307 πάροδον
710 1235 911 1290 διδόναι
935 1236 1026 1289 ἐπὶ
1049 1235 1149 1307 τὴν
1172 1233 1414 1288 διάνοιαν
1444 1235 1568 1297 ταῖς
1592 1232 1708 1289 τῶν

126 1328 388 1398 βλάπτειν
419 1326 744 1398 πεφυκότων
794 1325 1069 1396 λογισμῶν
1122 1327 1467 1396 φαντασίαις,
1501 1325 1590 1379 ἵνα
1626 1325 1704 1397 μὴ

125 1420 557 1491 ζωοποιήσωμεν
578 1418 648 1473 τὰ
684 1417 744 1483 ἐξ
774 1417 1091 1487 ἐπιμελείας
1118 1416 1501 1487 νενεκρωμένα
1531 1415 1702 1486 πάθη,

122 1517 223 1565 καὶ
252 1511 423 1566 πάλιν
454 1508 745 1579 ἐναγώνιον
768 1509 1118 1580 διαγάγωμεν
1151 1508 1283 1579 βίον.
1308 1507 1565 1578 Εὐχερῶς
1594 1507 1703 1580 γὰρ

126 1602 287 1656 πάλιν
311 1601 527 1657 διάνοια
549 1601 706 1673 ῥέπει
726 1601 861 1672 πρὸς
879 1599 947 1654 τά
974 1599 1080 1672 πρὸ
1098 1599 1290 1670 χρόνου
1309 1598 1706 1670 βέκόεὸλημένα

1818 506 1923 562 bus
1953 515 2163 575 patrata
2199 513 2349 568 sunt,
2380 505 2688 575 intelligito.
2720 504 2965 574 Namque
2996 505 3127 559 dicit
3155 508 3391 574 Aposto-

1820 598 1906 651 lus
1941 616 1953 650 :
1996 615 2013 647 ι
2058 595 2170 651 Vos
2204 595 2466 667 templum
2500 594 2591 650 Dei
2624 594 2757 649 estis
2791 594 2859 658 ⁸⁸,
2896 612 2915 647 ι
2955 609 3065 648 non
3094 611 3158 649 ex
3196 596 3391 665 lapidi-

1817 688 1920 743 bus
1951 702 1981 741 a
2014 686 2302 743 Salomone
2329 696 2668 743 exstructum
2699 688 2781 754 “;
2810 696 2864 742 et
2891 706 2903 741 :
2938 707 2956 739 ι
2985 685 3179 743 Omnia
3208 697 3388 743 vestra

1816 789 1968 843 sunt,
1995 781 2109 835 sive
2135 779 2392 843 mundus,
2416 781 2531 835 sive
2551 780 2867 849 przesentia,
2890 779 3005 835 sive
3031 779 3215 833 futura
3244 781 3323 845 "°;
3365 800 3384 831 ο

1814 879 1871 927 et
1907 890 1920 927 :
1970 869 2078 926 Vos
2124 873 2281 939 estis,
2329 878 2385 927 et
2427 887 2605 943 seges,
2655 879 2711 927 et
2759 871 2929 936 vitis,
2964 880 3018 926 et
3062 886 3193 942 grex
3229 872 3295 939 ",
3335 882 3389 927 ct

1816 963 1945 1016 alia.

1815 1055 1979 1127 236
2014 1053 2291 1111 CCXXIV.
2333 1085 2402 1098 -
2446 1051 2747 1127 Lucterio
2785 1051 3142 1109 SOPHlSTjE
3196 1053 3388 1109 cum.

2464 1123 2733 1179 STIANO.

1884 1234 2002 1291 Non
2037 1244 2120 1292 est
2149 1235 2363 1291 dandus
2391 1236 2459 1290 ad
2485 1244 2717 1291 mentem
2747 1235 2929 1292 aditus
2968 1235 3385 1306 cogitationum,

1813 1340 1934 1396 quae
1963 1340 2165 1381 nocere
2192 1335 2330 1395 apta:
2349 1334 2499 1389 sunt,
2520 1325 2886 1397 imaginibus;
2914 1342 2983 1382 ne
3012 1327 3387 1397 perturbatio-

1812 1428 1911 1469 nes
1933 1413 2211 1485 diligentia
2234 1422 2423 1470 nostra
2447 1414 2764 1471 demortuas
2786 1416 3111 1482 excitemus,
3136 1432 3386 1472 rursum-

1812 1519 1919 1575 que
1933 1505 2097 1559 vitam
2124 1505 2441 1560 discrimine
2462 1520 2525 1561 ac
2554 1506 2946 1561 certaminibus
2965 1507 3177 1576 plenam
3202 1515 3385 1563 trans-

1813 1595 2045 1667 igamus.
2089 1594 2273 1652 Facile
2346 1598 2492 1651 enim
2544 1599 2848 1668 propendet
2878 1599 3144 1670 cogitatio
3169 1601 3232 1652 ad
3261 1614 3385 1669 per-

124 1692 296 1764 πάθη,
338 1692 438 1747 ml
487 1688 587 1762 τὴν
628 1691 739 1744 τῶν
796 1688 1005 1761 ἡδονῶν
1058 1688 1369 1757 πλάστιγγα
1430 1688 1706 1759 ἐπιϐρίθει

1821 1687 2151 1743 Lurbationes
2193 1703 2304 1743 non
2345 1689 2576 1743 multum
2626 1697 2752 1745 ante
2789 1700 3006 1759 tempus
3057 1690 3286 1761 sopitas,
3328 1698 3385 1746 et

127 1786 323 1855 μέχρις
376 1783 629 1853 ἐδάφους.
688 1782 923 1854 Τοιαύτη
963 1781 1073 1854 γὰρ
1105 1784 1139 1852 ἡ
1178 1781 1291 1847 ἕξις
1332 1784 1431 1853 τῆς
1480 1782 1707 1853 ἀρετῆς,

122 1876 438 1947 ὁξυρρεπής
462 1874 548 1938 τίς
584 1875 720 1940 ἐστι,
752 1875 848 1928 καὶ
880 1873 1019 1943 ἄγαν
1041 1872 1300 1941 εὐκόλως,
1332 1873 1382 1927 εί
1420 1873 1705 1943 άμελοϊτο,

122 1966 531 2021 ταλαντεύουσα
548 1965 640 2020 ἐπὶ
662 1966 733 2020 τά
763 1964 1002 2019 ἐναντία.

411 2144 676 2199 ΣΚΕἏ-
708 2143 1069 2214 ΣΩΤΗΡΙΧῼ.
1099 2142 1423 2216 ΔΙΑΚΟΝῼ.

198 2257 219 2289 ι
242 2238 464 2309 Ὠσπερ
495 2234 786 2306 στρέφεται
820 2234 962 2306 θύρα
994 2234 1088 2287 ἐπὶ
1113 2232 1207 2287 τοῦ
1256 2234 1587 2304 στρόφιγγος
1608 2232 1708 2305 αὒ-

124 2330 244 2401 τῆς,
270 2329 443 2402 φησὶν
479 2328 509 2381 ό
547 2325 816 2397 Σολομὼν,
836 2325 1008 2389 οὕτως
1047 2325 1188 2397 ἀνὴρ
1216 2325 1573 2397 ὀκνηρὺςκέπὶ
1603 2324 1707 2395 τῆς

126 2423 312 2493 κοίτης
368 2419 559 2476 αὑτοῦ.
581 2437 600 2471 ι
635 2419 871 2490 Βολϐίτῳ
908 2418 967 2472 δὲ
1006 2418 1250 2491 κοπριῶν
1293 2418 1384 2471 τὸν
1422 2418 1655 2490 ὀκνηρὸν
1681 2419 1711 2471 ό

125 2515 298 2586 Σιρὰχ
362 2511 709 2584 παρεικάζει.
775 2510 961 2566 Ταῦτα
1008 2510 1066 2566 δέ
1122 2530 1214 2583 μοι
1266 2510 1403 2583 πρὸς
1452 2510 1553 2581 τὴν
1608 2510 1709 2581 σὴν

127 2604 419 2677 ὀκνηρίαν.

457 2696 642 2763 ZKC’.
661 2723 732 2735 —
757 2692 1065 2765 ΑΝΘΕΜΙῼ
1086 2691 1379 2762 ΝΟΜΙΚῼ.

192 2786 403 2859 Πόρῤω
460 2785 618 2855 στῆθι
666 2783 762 2837 τοῦ
791 2783 889 2853 τῆς
939 2780 1197 2853 πορνείας
1254 2779 1583 2850 μιάσματος,
1614 2773 1709 2829 καὶ

126 2880 223 2934 οὐκ
257 2878 333 2934 ἂν
365 2877 675 2949 περιπέσῃς
712 2874 792 2946 τῷ
821 2876 922 2945 τῆς
947 2875 1126 2945 λύπης
1159 2872 1502 2943 βροχίσματι.

424 2971 688 3027 ΣΚΖἎ-
708 2967 1023 3038 ΜΑΡΙΑΝῼ
1052 2964 1422 3034 ΕΠΙΣΚΟΠῼ.

1812 1779 2152 1849 voluptatum
2200 1781 2411 1837 lancem
2446 1782 2512 1836 ad
2544 1782 2721 1837 solum
2754 1797 2928 1851 usque
2969 1791 3249 1852 aggravat.
3285 1782 3385 1839 Est

1810 1871 2031 1927 habitus
2096 1874 2241 1928 enim
2302 1874 2556 1941 virtutis,
2627 1882 2837 1929 mutatu
2900 1876 3221 1931 celerrimus
3272 1884 3379 1940 est,

1810 1964 2085 2035 nimisque
2132 1965 2316 2033 facile,
2363 1966 2409 2021 si
2461 1967 2883 2041 negligatur,in
2937 1968 3209 2022 contraria
3262 1983 3382 2023 ver-

1809 2057 1964 2111 titur.

2020 2148 2276 2205 CCXXV.
2312 2179 2381 2190 —
2411 2148 2802 2206 SOTERICHO
2843 2149 3163 2207 DIACONO.

1884 2262 1903 2295 ι
1928 2241 2395 2309 Quemadmodum
2419 2250 2575 2313 porta
2593 2258 2757 2312 super
2786 2242 3009 2297 cardine
3034 2259 3133 2298 suo
3147 2244 3383 2298 circum-

1808 2330 2082 2400 volvitur,
2153 2333 2230 2387 ait
2284 2332 2562 2400 Salomon,
2620 2333 2700 2389 sic
2758 2333 2921 2389 homo
2980 2335 3164 2405 segnis
3217 2350 3385 2406 super

1809 2424 2013 2481 lectulo
2041 2440 2144 2481 suo
2173 2425 2240 2479 τ’.
2274 2443 2293 2477 ι
2330 2424 2397 2479 Ει
2424 2433 2733 2481 stercorum
2769 2425 2894 2480 timo
2915 2426 3196 2480 socordem
3227 2425 3383 2480 Sira-

1809 2516 1947 2571 cbus
1990 2515 2265 2571 assimilat
2292 2515 2361 2571 7’.
2416 2514 2544 2571 Haec
2584 2515 2652 2570 ad
2697 2523 2847 2570 tuam
2896 2516 3207 2571 socordiam
3248 2516 3384 2572 mlhi

1807 2608 1956 2664 dicta
1977 2614 2126 2661 sunt.

1941 2696 2219 2753 CCXXVI.
2255 2727 2325 2736 —
2362 2695 2724 2757 ANTHEMIO
2761 2695 3235 2754 JURISPERITO.

1876 2787 2061 2860 Longe
2098 2795 2343 2844 remotus
2374 2803 2405 2843 a
2453 2788 2836 2844 fornicationis
2882 2788 3064 2852 sorde,
3108 2788 3164 2842 in
3212 2788 3384 2844 animi

1809 2880 2269 2937 consternationis
2299 2888 2355 2936 et
2373 2880 2611 2935 tristitiae
2642 2880 2894 2949 laqueum
2926 2895 3034 2933 non
3069 2878 3257 2935 cades.

2018 2969 2318 3026 CCXXVII.
2349 3000 2421 3012 —
2448 2969 2761 3026 MARIANO
2806 2967 3158 3024 EPISCOPO.

189 3022 601 3135 ﬂexam—£9"
617 3022 823 3115 ἅπασιν
852 3022 1009 3111 ἐστιν⁸
1024 3056 1202 3126 εὑρεῖν
1234 3052 1336 3125 τὴν
1359 3022 1454 3105 τοῦ
1495 3047 1707 3119 ἀγαθοῦ

1884 3064 2206 3119 lmmensam
2231 3064 2287 3119 in
2307 3064 2565 3119 omnibus
2585 3063 2714 3118 boni
2738 3061 2953 3117 Domini
2974 3076 3102 3132 erga
3128 3059 3385 3131 proprios

126 3156 404 3211 Δεσπότου
475 3152 607 3223 περὶ
653 3152 784 3214 τοὺς
821 3149 1054 3211 οἰκείους
1107 3147 1323 3207 δούλους
1369 3140 1705 3211 οἰκονομίαν,

126 3246 266 3300 ὥστε
325 3245 423 3299 καὶ
474 3242 548 3297 τά
600 3241 864 3296 δοκοῦντα
916 3234 1059 3293 εἶναι
1111 3233 1433 3307 σκυθρωπὰ,
1485 3233 1581 3286 καὶ
1631 3229 1706 3301 μὴ

124 3341 308 3408 πάντη
362 3337 509 3390 κατὰ.
551 3332 802 3406 βούλησιν
849 3328 1201 3392 ἀπαντῶντα,
1259 3326 1357 3380 καὶ
1399 3322 1577 3378 ταῦτα
1618 3322 1707 3374 ἐπ’

126 3429 368 3502 ὠφελείᾳ
408 3427 521 3481 τῶν
552 3424 764 3480 πολλῶν
802 3421 1225 3495 οἰκονομεῖσθαι,
1252 3422 1319 3490 τῇ
1346 3414 1709 3486 δυσθεωρήτῳ

129 3522 294 3594 σοφίᾳ
333 3520 436 3574 τοῦ
486 3518 720 3589 Κυρίου,
762 3516 859 3570 καὶ
891 3517 1008 3578 τοῖς
1062 3512 1496 3582 ἀνεξιχνιάστοις
1542 3506 1706 3563 αὐτοῦ

128 3613 419 3684 κρίμασιν.
488 3608 653 3663 Ἀλλά
706 3604 1139 3676 κατεξανάστηθι
1182 3603 1293 3658 τῶν
1357 3598 1705 3673 πειρασμῶν,

126 3702 229 3758 τῶν
252 3702 357 3757 νῦν
419 3700 577 3773 δίκην
613 3698 928 3769 καταιγίδος
977 3696 1386 3768 ἐπιδραμόντων
1418 3694 1569 3765 ὑμῖν,
1608 3689 1710 3761 μαι

129 3791 559 3862 καταστέφθητι,
588 3790 786 3861 πάτερ,
825 3786 1266 3860 ύπερευχόμενός
1304 3803 1427 3856 μου.

354 3887 537 3940 mur.
560 3915 632 3926 —
662 3883 963 3954 ΛΕΟΝΙΔῌ
999 3881 1474 3955 ΔΕΚΕΜΠΡΙΜῼ.
1520 3954 1521 3957 γ

199 3998 219 4032 ι
247 3978 448 4042 Οὐδεὶς
491 3976 712 4048 ερχεται
751 3975 888 4045 πρός
935 3990 1026 4046 με,
1060 3973 1224 4044 φησὶν
1266 3974 1295 4025 ὁ
1324 3972 1519 4049 ¹Σωτὴρ
1553 3972 1709 4045 ήμῶν

130 4072 386 4143 Χριστὸς,
434 4068 531 4125 ἐὰν
573 4067 649 4140 μὴ
764 4066 1065 4138 δεδωμένον
1090 4064 1239 4135 αὐτῷ
1281 4065 1509 4121 ἄνωθεν.
1545 4084 1563 4116 ι
1595 4065 1710 4119 Οὐκ

131 4163 242 4217 ἐστι
266 4162 391 4233 γάρ
414 4160 476 4216 τὸ
500 4161 663 4229 τυχὸν
698 4158 989 4229 πρᾶγμαή
1017 4158 1097 4220 είς
1117 4155 1208 4210 τὸν
1239 4155 1472 4227 Χριστὸν
1501 4156 1709 4221 πίστις,

130 4255 228 4325 τῆς
254 4255 374 4324 γὰρ
406 4251 615 4321 ἄνωθεν
659 4251 831 4305 δεῖται
856 4249 1049 4321 ῥοπῆς,
1080 4247 1143 4302 τὸ
1168 4247 1275 4318 γὰρ
1322 4246 1591 4319 ἀληθινῶς
1619 4266 1710 4301 πι-

1814 3167 2003 3212 servos
2055 3155 2475 3227 dispositionem
2539 3154 2857 3227 intuemur._
2891 3150 2984 3207 Sic
3035 3153 3200 3207 etiam
3258 3166 3385 3222 qua:

1814 3248 1993 3303 tristia
2024 3262 2146 3303 esse
2174 3248 2451 3311 videntur,
2499 3256 2557 3302 et
2593 3262 2702 3301 non
2752 3258 3155 3316 usquequaque,
3186 3238 3397 3298 secuti?

1812 3340 1941 3394 dum
1984 3339 2322 3393 voluntatem
2376 3338 2537 3409 231
2581 3337 2897 3401 adveniunt,
2942 3335 3131 3391 eadem
3180 3324 3297 3403 ipsa
3328 3334 3386 3389 in

1814 3432 2105 3487 utilitatem
2141 3431 2441 3486 multorum
2480 3430 2873 3499 disponuntur,
2906 3426 3263 3483 inenarrabili
3295 3441 3388 3481 sa-

1814 3523 2026 3594 pientia
2077 3520 2290 3578 Domini
2336 3521 2694 3579 et.consiliis
2744 3518 3227 3576 inscrutabilibus.
3277 3515 3384 3573 Sed

1813 3621 2009 3670 contra
2052 3614 2421 3681 tentationes,
2476 3628 2598 3683 qua:
2651 3626 2752 3668 nos
2809 3612 2985 3667 instar
3040 3608 3387 3678 tempestatis

1812 3707 2106 3778 impetunt,
2154 3720 2405 3777 assurge,
2431 3713 2486 3760 et
2508 3719 2770 3760 coronam
2796 3703 2921 3769 tibi,
2948 3709 3124 3772 pater,
3159 3715 3387 3771 compo-

1812 3812 1902 3862 ne,
1930 3812 2035 3868 pro
2063 3811 2152 3852 me
2185 3797 2354 3853 Deum
2386 3810 2645 3851 exorans.

1955 3886 2281 3945 CCXXVIII.
2308 3917 2379 3928 —
2409 3884 2735 3942 LEONIDIE
2774 3879 3245 3939 DECEMPRIMO.

1889 3994 1907 4027 ε
1940 3972 2112 4031 Nemo
2160 3975 2313 4032 venit
2351 3976 2419 4031 ad
2461 3992 2571 4041 me,
2610 3976 2687 4029 ait
2719 3974 2982 4030 Servator
3014 3980 3203 4027 noster
3228 3969 3388 4025 Chri-

1814 4072 1957 4129 stus,
1998 4065 2107 4120 nisi
2151 4066 2201 4122 ei
2251 4065 2490 4137 desuper
2539 4067 2724 4121 datum
2778 4066 2853 4121 sit
2893 4065 2958 4119 ⁷⁸.
2996 4085 3015 4118 ι
3066 4063 3185 4119 Νοη
3238 4062 3386 4118 enim

1813 4157 2015 4229 cuique
2034 4157 2194 4213 obvia
2216 4168 2301 4214 est
2331 4157 2466 4216 ﬁdes
2494 4159 2549 4213 in
2579 4158 2857 4214 Christum
2884 4176 2900 4213 :
2935 4157 3205 4227 superiori
3238 4169 3388 4209 nam-

1812 4262 1920 4317 que
1963 4247 2208 4317 impulsu
2256 4247 2485 4318 indiget,
2534 4262 2659 4303 cum
2694 4263 2824 4304 vere
2861 4248 3087 4302 credere
3128 4244 3386 4327 generosi

133 4346 355 4401 στεῦσαι
387 4344 642 4414 γενναίας
670 4342 789 4409 ἐστὶ
832 4340 1037 4431 ψυχῆς.
1070 4340 1161 4412 ,Ἦν
1184 4335 1278 4394 οὖν
1305 4338 1532 4410 τοιαύτη
1561 4337 1707 4410 ψυχὴ

1821 4340 1986 4394 animi
2020 4340 2113 4395 sit.
2140 4338 2261 4395 Tali
2301 4341 2470 4412 igitur
2524 4341 2720 4394 anima:
2756 4340 3016 4410 illa,quaa
3054 4354 3086 4392 a
3124 4336 3233 4393 Deo
3278 4346 3385 4399 est,

130 4439 223 4508 τῆς
266 4436 385 4497 ἀπὸ
424 4435 521 4489 τοὖ
563 4432 723 4489 Θεοῦ
752 4424 957 4505 χρῄζει
1004 4429 1353 4496 κατανύξεως
1403 4431 1484 4495 εἰς
1533 4429 1593 4483 τὸ
1626 4448 1714 4483 πι-

137 4528 354 4582 στεῦσαι
380 4542 395 4556 ⁸
423 4525 519 4583 καὶ
542 4528 577 4598 ἡ
605 4523 812 4580 ἀνωθεν
831 4523 891 4577 δὲ
921 4522 1061 4595 ῥοπὴ
1092 4522 1260 4577 δεῖται
1283 4521 1381 4593 τῆς
1400 4519 1558 4593 ἡμῶν
1580 4537 1712 4592 προς

133 4636 186 4674 αι
192 4619 423 4691 ρὲσεως.

373 4708 545 4776 Σιςθι.
573 4736 645 4749 -
676 4705 976 4777 ΘΕΟΚΛΕΙ
1013 4704 1470 4783 ΣΧοΑΑΣΤικᾳ.

197 4799 471 4856 Τοσοῦτον
508 4797 682 4868 ἰσχύει
718 4797 977 4870 καλλίστη
1004 4796 1281 4873 μετάνοια,
1323 4795 1463 4850 ὥστε
1484 4796 1582 4851 καὶ
1620 4795 1707 4853 ἐπ’

132 4889 300 4960 αὐτῆς
332 4888 440 4958 τῆς
477 4886 668 4965 sum;
709 4884 1160 4959 ψυχορραγοῦντά
1198 4903 1319 4951 τινα
1353 4886 1543 4965 ταύτῃΔ
1567 4886 1707 4960 xm?

141 4981 405 5051 σάμενον,
454 4962 775 5049 ἐλευθεροῦν
842 4978 1054 5050 μυρίων
1088 4962 1585 5050 παραπτωμάτων
1650 4981 1710 5037 ἐν

142 5074 340 5143 στιγμῇ
367 5069 588 5142 χρόνου.
620 5068 728 5125 Τοῦ
767 5069 878 5142 γὰρ
929 5068 1122 5142 καιροῦ
1151 5071 1186 5141 ἡ
1236 5070 1568 5141 στενοχωρία
1609 5071 1711 5125 οὐκ

141 5162 201 5213 ἂν
223 5161 405 5231 θλίψοι
447 5159 545 5232 τὴν
590 5160 740 5233 θείαν
775 5160 1223 5231 φιλανθρωπίαν
1269 5160 1575 5231 γέγραπται
1600 5160 1708 5231 γὰρ

1813 4430 2168 4499 compunctio
2220 4445 2360 4501 opus
2399 4436 2505 4495 est,
2558 4437 2620 4483 ut
2669 4428 2878 4484 credat.
2943 4426 3075 4482 Sed
3111 4440 3387 4496 supernus

1808 4536 2027 4595 quoque
2056 4521 2330 4592 impulsus
2363 4530 2556 4577 nostra
2572 4527 2704 4593 eget
2728 4519 2997 4575 electione
3034 4525 3089 4574 et
3134 4517 3385 4573 arbitrio.

1984 4708 2269 4766 CCXXIX.
2288 4739 2358 4751 -
2382 4708 2679 4779 THEOCLI
2710 4704 3206 4766 SCHOLASTICO.

1883 4802 2117 4860 Tantam
2138 4802 2245 4857 vim
2274 4801 2436 4856 habet
2460 4802 2665 4873 optima
2690 4800 3035 4873 paenitentia,
3067 4806 3127 4851 ut
3151 4797 3197 4853 si
3222 4796 3379 4868 quis-

1812 4892 1981 4963 piam,
2017 4894 2182 4949 etiam
2236 4893 2294 4948 in
2331 4893 2497 4960 lecto,
2527 4893 2656 4948 dum
2697 4892 2935 4948 animam
2967 4890 3112 4962 agit,
3143 4905 3206 4945 ea
3250 4903 3386 4943 usus

1811 4982 1997 5051 fuerit,
2046 4993 2324 5041 momento
2375 4985 2642 5055 temporis
2685 4985 2754 5039 ab
2808 4983 3116 5039 innumeris
3169 4979 3387 5036 delictis

1809 5077 2096 5132 liberetur.
2113 5076 2400 5147 Temporis
2416 5077 2567 5150 enim
2585 5078 2837 5149 angustia
2867 5076 2962 5129 Dei
2988 5073 3382 5128 humanitatem

1813 5184 1925 5224 non
1982 5167 2243 5238 opprimit
2274 5186 2289 5224 ι
2321 5168 2587 5239 scriptum
2631 5168 2901 5238 siquidem
2945 5174 3030 5221 est
3066 5164 3209 5235 apud
3258 5177 3386 5233 pro-

144 5252 195 5303 ἐν
236 5256 558 5326 προφητικῇ
598 5253 788 5326 δέλτῳ,
838 5255 922 5308 ὅτι
953 5274 973 5308 ι
1002 5254 1171 5308 Ὅταν
1218 5252 1589 5324 ἀποστραφεὶς
1641 5254 1707 5308 τὰ

1821 5262 2029 5331 phetam
2060 5278 2073 5313 :
2113 5276 2131 5309 ι
2159 5259 2292 5312 Cum
2337 5270 2625 5323 aversatus
2659 5270 2750 5313 tua
2784 5258 3026 5329 pessima
3072 5271 3271 5327 opera.
3318 5269 3387 5309 ex

146 5344 329 5399 ἑαυτοῦ
379 5345 615 5399 κάκιστα
662 5345 820 5417 ἔργα,
850 5347 916 5400 ἐκ
944 5345 1041 5399 τοῦ
1086 5345 1285 5417 βάθους
1327 5346 1427 5416 τῆς
1483 5346 1707 5418 καρδίας

1821 5350 2010 5405 intimo
2057 5349 2240 5404 cordis
2294 5351 2648 5421 iugemueris,
2698 5360 2832 5405 tunc
2882 5352 3069 5406 salvus
3122 5346 3328 5402 eris".
3359 5365 3378 5397 ι

150 5432 424 5507 στενάξῃς,
453 5434 577 5488 τότε
602 5434 844 5507 σωθήσῃ.
876 5454 895 5489 ι
926 5435 1039 5490 Καὶ
1065 5435 1298 5490 πειθέτω
1322 5452 1381 5489 σε
1407 5437 1436 5490 ὀ
1458 5438 1708 5502 ταπεινὸς

1817 5442 1983 5513 quue
2011 5440 2105 5495 tibi
2130 5442 2454 5511 persuadeat
2478 5443 2701 5498 humilis
2733 5444 3082 5513 publicanus,
3105 5441 3157 5493 in
3178 5438 3380 5493 gemitu

209 5572 480 5650 “IIACor.
507 5592 584 5650 ει,
617 5576 703 5632 16.
782 5576 925 5650 “Alli
952 5578 1085 5650 Regi.
1116 5594 1193 5643 vr,
1228 5577 1281 5633 1.
1356 5580 1411 5650 ⁷⁸,
1435 5572 1607 5635 ι’ϐοτ.
1642 5597 1699 5636 lll

1821 5591 1845 5637 ε.
1919 5582 1963 5616 ⁷¹
1987 5581 2185 5639 Ezecli.
2210 5598 2397 5650 xxxrv,
2429 5584 2512 5639 l7.
2569 5587 2615 5617 τ’
2644 5583 2805 5641 Prov.
2841 5600 2991 5647 xxvr,
3026 5582 3108 5637 l4.
3143 5579 3188 5610 ⁷³
3213 5577 3383 5633 bccli.

150 5655 275 5712 uti,
309 5644 367 5700 2.
444 5647 491 5679 ⁷⁸
512 5644 671 5703 Joan.
702 5665 777 5714 vr,
817 5648 886 5704 65
984 5644 1162 5705 "'lsa.
1193 5664 1320 5715 xxx,
1352 5648 1436 5704 l5.
