3850 6218
433 159 547 227 3'19

1957 168 2027 233 S.
2059 168 2225 231 NILI

3560 177 3563 181 ‘
3584 164 3705 227 320

422 273 696 329 modicam
720 273 1033 329 orationem
1056 272 1321 340 oﬂerens,
1349 275 1645 347 statimque
1661 276 2003 333 inllnitorum

2135 282 2349 351 τελώνης
2393 281 2451 333 ἐν
2499 273 2787 347 στεναγμῷ
2829 273 3031 346 μικράν
3058 290 3180 327 τινα
3231 272 3414 345 δέησιν
3452 289 3701 345 προσκο-

422 365 729 421 debitorum
759 365 1144 422 remissionem
1173 366 1790 439 accipien‘s,]ustusque
1818 370 2003 426 divino

422 457 635 511 calculo
694 472 860 528 super
914 458 1327 528 superbientem
1386 459 1753 527 Pharisaeum,
1814 464 2004 519 multis

424 551 704 618 praeclaris
735 549 1071 606 facinoribus
1100 553 1488 622 conspicuum,
1520 552 1834 612 declaratus
1864 557 1928 608 ⁷⁸.

767 639 932 711 238
959 640 1217 699 CCXXX.
1249 654 1321 685 -ὲ-
1348 643 1649 701 PHILONI.

494 732 653 786 Alius
687 732 740 786 in
773 733 923 788 aliud
953 735 1236 805 quidpiam
1266 751 1335 791 ex
1379 737 1571 792 mundi
1618 739 1785 807 hujus
1822 740 2005 794 inani-

426 823 527 878 bus
554 824 816 889 inclinat;
858 826 1086 881 et.alius
1134 826 1191 880 in
1230 826 1416 892 aliud,
1446 829 1593 897 quod
1638 830 1771 883 nihil
1806 831 2005 885 animae

426 916 737 971 conducere
786 924 990 986 potest,
1043 919 1273 974 insanit.
1336 918 1422 974 Tu
1478 936 1613 977 vero
1663 921 1814 977 circa
1868 922 2002 977 illud

427 1023 595 1062 unum
645 1009 791 1065 votis
849 1008 1108 1067 omnibus
1162 1011 1462 1079 incumbis,
1517 1029 1577 1069 se
1624 1029 1725 1084 pro
1782 1013 2005 1069 Christo

426 1102 811 1156 exercentibus
830 1112 951 1159 tuas
980 1104 1100 1159 sine
1123 1104 1238 1158 ullo
1260 1105 1422 1160 modo
1442 1105 1733 1162 facultates
1757 1122 2002 1179 erogare.

428 1194 580 1261 Quas
634 1196 806 1266 igitur
857 1190 1146 1268 propterea
1194 1198 1484 1254 mercedes
1533 1194 1824 1255 habiturus
1883 1209 1999 1273 sis,

429 1289 607 1358 gratia
670 1289 893 1345 Domini
948 1298 1076 1346 ante
1133 1291 1344 1346 obitum
1398 1300 1823 1363 praemonstrat,
1883 1308 2008 1362 quae

430 1381 614 1435 futura
643 1381 952 1452 praevidens
986 1382 1267 1439 submissa
1298 1397 1433 1439 voce
1461 1393 1513 1439 te
1550 1383 1893 1445 adhortatur,
1949 1390 2008 1437 ut

430 1474 803 1528 conducibilia
824 1489 1079 1545 peragas,
1099 1475 1416 1547 revelatque
1432 1490 1715 1547 nunquam
1734 1475 2007 1532 desituras

431 1566 851 1621 retributiones.

571 1655 852 1711 CCXXXI.
897 1688 965 1698 —
999 1655 1360 1712 JEMILIANO
1395 1655 1862 1714 PROTECTORI.

509 1766 529 1801 ι
558 1747 617 1802 In
661 1749 924 1804 maestitia
956 1749 1149 1815 faciei,
1184 1750 1262 1805 ait
1312 1751 1594 1818 Salomon,
1624 1752 2015 1808 boniflcabitur

434 1841 641 1895 (ξοντ’.)
674 1842 889 1897 Etenim
922 1841 970 1898 si
1006 1840 1331 1910 irascamur,
1355 1850 1661 1914 contraque
1689 1861 1810 1909 nos,
1836 1845 1929 1915 qui
1956 1845 2014 1900 in

435 1934 747 2003 improbam
807 1935 978 1989 illam
1007 1937 1282 1991 actionem
1308 1974 1309 1977 η
1337 1934 1565 2007 agimur,
1597 1937 2014 2002 amaruerimus,

436 2026 664 2083 omnino
694 2036 884 2083 nostra
927 2029 1113 2083 anima
1150 2027 1564 2095 boniﬁcabitur,
1596 2029 2013 2100 pulchritudine

437 2119 702 2174 virtutum
733 2106 978 2191 gaudens
1006 2127 1061 2176 et
1088 2104 1397 2177 exsultans.

794 2296 1104 2354 CCXXXII.
1141 2329 1213 2339 —
1247 2297 1663 2355 SCRINIARIO.

517 2405 539 2442 ι
575 2387 637 2445 In
675 2389 897 2446 Christo
939 2391 1093 2459 Jesu,
1128 2393 1203 2445 ait
1235 2392 1559 2463 Apostolus,
1591 2407 1771 2464 neque
1802 2408 2020 2449 mascu-

441 2480 551 2545 lus,
570 2494 749 2552 neque
768 2482 1089 2537 feminal'.»
1124 2482 1193 2538 Et
1218 2491 1409 2539 tamen
1433 2485 1725 2540 credentes
1753 2500 1946 2542 omnes
1965 2486 2021 2541 in

442 2575 775 2636 masculum,
811 2582 865 2629 et
914 2574 1174 2629 feminam
1230 2574 1565 2630 conformati
1604 2577 1883 2632 videntur.
1914 2575 2022 2633 Ve-

442 2658 754 2721 rumtamen
786 2680 897 2719 non
929 2667 997 2721 de
1028 2651 1118 2727 iis,
1155 2654 1277 2737 quae
1304 2667 1410 2723 sub
1442 2654 1638 2723 oculos
1667 2669 1907 2733 cadunt,
1949 2668 2022 2721 Λ-

444 2742 695 2828 postolus
742 2758 1005 2830 loquitur,
1046 2759 1142 2814 sed
1192 2760 1376 2814 innuit
1426 2760 1481 2814 id
1535 2761 1682 2831 quod
1719 2761 1863 2816 visui
1913 2774 2019 2815 non

444 2849 712 2921 obiicitur
739 2873 750 2906 :
790 2851 859 2904 iis
890 2850 1035 2905 enim
1075 2850 1169 2921 qui
1216 2852 1416 2908 mentis
1447 2853 1620 2908 aciem
1650 2853 1708 2907 in
1740 2853 1911 2908 Deum
1939 2853 2024 2907 di-

2113 371 2299 438 μίσας,
2321 373 2415 427 καὶ
2439 372 2697 442 παραχρῆ
2708 386 2783 440 μα
2811 365 3019 438 μυρίων
3041 365 3371 436 ὀφλημάτων
3395 365 3701 436 δεξάμενος

2110 464 2325 534 ἄφεσιν,
2359 464 2453 517 καὶ
2492 459 2915 530 δεδικαιωμένος
2946 461 3011 529 τῇ
3060 457 3180 529 θείᾳ
3212 458 3378 529 ψήφῳ
3415 458 3554 528 ὑπὲρ
3586 459 3701 511 Φα-

2113 560 2319 628 ρισαῖον
2350 555 2605 621 ἀλαζόνα,
2640 554 2811 607 πολλά
2840 552 2981 606 πάνυ
3019 551 3581 622 δικαιοπραγήσαντα.

2634 646 2755 709 ΣΝ.
2794 673 2865 684 -
2905 643 3159 696 ΦΙΛΩΝΙ.

2181 739 2375 801 Ἀλλης
2424 738 2563 808 πρὸς
2619 736 2748 791 ἄλλο
2802 752 2856 787 τι
2896 735 3116 787 νένευκε
3168 733 3278 786 τῶν
3314 731 3560 803 ματαίων
3594 730 3699 783 τοῦ

2108 830 2336 900 κόσμου,
2361 828 2457 882 καὶ¹
2479 826 2637 890 ἄλλος
2664 826 2755 879 ἐπ’
2782 824 2927 891 ἄλλῳ
2953 823 3060 876 τινὶ
3090 821 3357 892 τέτρωται
3379 819 3490 873 τῶν
3520 818 3700 889 μηδὲν

2106 922 2206 992 τὴν
2232 918 2412 992 ψυχὴν
2450 917 2823 986 ὠφελούντων.
2856 914 2928 967 Σὺ
2962 915 3017 968 δὲ
3050 915 3179 984 περὶ
3226 912 3283 966 ἓν
3318 911 3477 982 μόνον
3518 926 3698 962 σπου-

2106 1014 2293 1079 δάζεις
2324 1011 2464 1083 μετά
2502 1010 2704 1077 πόθων,
2759 1008 2823 1062 τὸ
2862 1009 2975 1071 τοῖς
3009 1006 3276 1077 άσκηταῖς
3322 1002 3416 1056 τοῦ
3447 1000 3697 1072 Χριστοῦ

2105 1106 2204 1176 τὴν
2259 1106 2357 1175 σὴν
2404 1104 2715 1174 ὲκδαπανᾷν
2764 1099 3001 1172 ὓπαρξιν
3058 1097 3391 1169 ἀκορέστως.
3444 1093 3701 1165 Πηλίκας

2107 1195 2287 1249 τοίνυν
2322 1193 2417 1248 ¹διά
2444 1192 2602 1246 τοῦτο
2652 1191 2867 1262 μέλλεις
2929 1185 3336 1257 ἀπολαμϐάνειν
3379 1182 3479 1243 τὰς
3524 1178 3701 1251 μισθ-

2108 1285 2422 1361 αποδοσίας,
2445 1285 2602 1357 δῆλον
2629 1286 2711 1338 ὅτι
2737 1285 2771 1354 ἡ
2800 1282 2960 1353 χάρις
2981 1279 3075 1333 τοῦ
3100 1276 3309 1347 Κυρίου
3331 1274 3570 1329 δεικνύει
3609 1288 3702 1323 σοι

2107 1379 2216 1450 πρὸ
2256 1378 2535 1447 τελευτῆς,
2566 1377 2602 1447 ἦ
2654 1392 2738 1439 τις
2779 1370 3229 1445 προγινώσκουσα
3279 1365 3352 1421 τά
3401 1363 3700 1436 μέλλοντα,

2108 1472 2205 1526 καὶ
2248 1467 2652 1539 ὑποφθέγγεται
2704 1484 2787 1521 σοι
2835 1465 3099 1538 πράττειν
3136 1461 3209 1514 τά
3246 1458 3567 1530 ψυχοφελεῖ,
3604 1456 3707 1509 καὶ

2112 1561 2633 1637 προσαποκαλύπτει
2670 1561 2769 1623 τὰς
2797 1554 3210 1620 διαιωνιζούσας
3242 1550 3623 1621 ἀνταμείψεις.

2325 1657 2491 1710 ΣΛΑ’.
2516 1685 2586 1695 --
2606 1651 2969 1722 ΑΙΜΙΑΙΑΝῼ
3006 1644 3479 1708 ΠΡΟΤΗΚΤΟΡῙ.

2193 1771 2209 1805 ι
2254 1752 2344 1806 Ἐν
2395 1748 2565 1819 κακίᾳ
2591 1745 2885 1817 προσώπου
2913 1782 2928 1808 ,
2966 1742 3101 1813 φησι
3144 1736 3417 1808 Σολομὼν,
3457 1732 3709 1803 ἀγαθον-

2088 1842 2342 1921 ¹θήσεται
2371 1839 2590 1912 καρδία.
2621 1856 2638 1888 ι
2674 1835 2801 1889 Ἐὰν
2831 1833 2939 1904 γὰρ
2960 1828 3324 1921 ὀργισθῶμεν,
3357 1825 3450 1921 καὶ
3466 1837 3710 1921 πικραν-

2116 1934 2298 2005 θῶμεν
2338 1933 2459 1987 καθ’
2508 1927 2718 1985 ἑαυτῶν
2771 1924 3106 1995 κινουμένων
3159 1920 3297 1991 πρὸς
3344 1916 3441 1987 τὴν
3496 1914 3713 1968 ἄτοπον

2115 2026 2336 2100 πρᾶξιν,
2386 2025 2603 2087 πάντως
2637 2023 2720 2075 ὅτι
2772 2017 3210 2088 άγαθυνθήσεται
3262 2015 3297 2084 ἡ
3347 2010 3495 2081 ψυχὴ
3538 2008 3708 2080 ἡμῶν

2115 2106 2461 2197 τερπομένη,
2496 2113 2593 2169 καὶ
2643 2102 3032 2181 άγαλλιωμένη
3067 2104 3146 2176 τῷ
3195 2101 3381 2158 κάλλει
3420 2101 3528 2155 τῶν
3572 2100 3709 2172 ἀρε-

2118 2227 2248 2265 των.

2552 2295 2718 2350 ΣΛΒ’.
2745 2324 2815 2334 -
2853 2289 3272 2360 ΣΚΡΙΝΙᾹΡῙῼ.

2197 2410 2218 2445 ι
2252 2392 2342 2446 Ἑν
2374 2388 2595 2461 Χριστῷ
2650 2385 2850 2458 Ἰησοῦ,
2891 2385 3056 2455 φησιν
3104 2386 3135 2437 ὁ
3188 2378 3533 2442 Ἀπόστολος,
3579 2373 3709 2429 οὔτε

2120 2484 2304 2553 ἄρσεν,
2331 2482 2463 2536 οὔτε
2492 2480 2651 2551 θῆλυ.
2690 2497 2709 2530 ι
2760 2477 2871 2531 Καὶ
2912 2477 3019 2548 μὴν
3069 2473 3271 2536 πάντες
3312 2473 3365 2524 οι
3398 2468 3583 2523 πιστοὶ
3610 2467 3712 2521 καὶ

2121 2578 2201 2641 είς
2232 2577 2399 2648 ἄρσεν
2430 2575 2525 2628 καὶ
2558 2574 2638 2636 εἰς
2678 2571 2814 2642 θῆλυ
2858 2569 3141 2640 φαίνονται
3175 2562 3710 2636 διεσχιματισμένοι.

2133 2668 2271 2737 Ἀλλ’
2301 2668 2423 2738 οὐχί⁸
2459 2664 2586 2735 περὶ
2620 2662 2729 2716 τῶν
2768 2658 3045 2734 ὀρομένων
3068 2658 3219 2727 λέγει
3259 2657 3288 2710 ὁ
3334 2652 3507 2728 μέγας
3554 2652 3712 2707 Παῦ-

2122 2760 2234 2824 λος,
2262 2759 2398 2814 ἀλλὰ
2424 2758 2485 2811 τὸ
2510 2756 2584 2828 μὴ
2619 2754 2951 2825 βλεπόμενον
2981 2751 3359 2805 ὑπαινίττεται
3379 2766 3390 2778 ·
3419 2746 3574 2818 παρὰ
3599 2745 3715 2816 γὰρ

2121 2853 2235 2915 τοῖς
2257 2849 2660 2904 ἀποϐλέπουσιν
2686 2849 2766 2911 είς
2796 2847 2951 2911 Θεὸν,
2983 2844 3080 2898 καὶ
3110 2843 3360 2913 τὸιᾶρσεν
3390 2839 3587 2907 πάθος,
3617 2840 3717 2892 καὶ

446 2944 656 3014 rigunt,
688 2950 743 2999 et
776 2944 1045 3009 mascula,
1086 2952 1138 3000 et
1174 2943 1411 2999 feminea
1445 2947 1789 3016 perturbatio
1822 2961 2019 3018 propo-

2135 2944 2183 2997 τὸ
2213 2942 2370 3013 θῆλυ,
2397 2944 2465 3013 τῇ
2503 2939 2783 3013 προθέσει,
2840 2939 2939 2993 καὶ
2977 2927 3047 3008 τῇ
3092 2935 3298 2999 πίστει,
3334 2932 3429 2988 καὶ
3473 2935 3541 3003 τῇ
3589 2930 3711 3003 βου-

446 3034 576 3101 sito,
606 3044 665 3091 et
691 3034 796 3089 lide
822 3044 877 3090 et
900 3036 1181 3091 voluntate
1204 3036 1574 3092 emoriuntur.

446 3126 612 3198 239
669 3126 1000 3182 CCXXXIII.
1044 3159 1112 3169 —
1148 3127 1553 3185 DOMETIANO
1611 3128 2019 3185 EPARCHICO.

517 3216 637 3275 Nisi
683 3235 869 3275 rerum
925 3221 1170 3274 omnium
1204 3223 1364 3286 Deus,
1401 3229 1457 3276 et
1497 3220 1566 3276 de
1598 3222 1857 3277 omnibus
1885 3222 2026 3277 bene

449 3306 781 3381 promeritus
820 3309 1075 3365 Christus
1119 3325 1310 3365 revera
1342 3318 1618 3377 mortuus,
1669 3325 1736 3365 ex
1790 3312 2024 3366 mortuis

448 3414 579 3455 vere
607 3401 929 3464 resurrexit,
959 3400 1137 3471 inanis
1163 3410 1246 3455 est
1268 3408 1456 3455 nostra
1483 3400 1619 3457 ﬁdes
1638 3402 1792 3468 ";et
1821 3401 2026 3458 frustra

450 3506 653 3561 corpus
694 3493 987 3563 mysticum
1018 3492 1398 3557 comedimus,
1426 3496 1482 3548 et
1513 3493 1836 3564 sanguinem
1885 3495 2027 3550 bibi-

451 3599 579 3640 mus
620 3599 722 3639 nos
766 3599 934 3640 causa
966 3585 1330 3654 expurgandi,
1365 3592 1427 3638 ut
1457 3585 1849 3640 annuntiemus
1870 3627 1885 3651 ,
1918 3601 2028 3641 non

452 3682 684 3731 mortem
717 3686 926 3730 tantum
955 3684 1008 3731 et
1035 3676 1399 3746 sepulturam,
1429 3676 1525 3731 sed
1558 3678 2026 3732 resurrectionem

454 3768 618 3822 etiam
670 3776 725 3823 et
771 3768 1034 3840 gloriam,
1098 3776 1153 3823 et
1207 3783 1493 3839 nunquam
1548 3768 1748 3825 finiens
1801 3774 2028 3841 regnum

456 3859 625 3916 illius.

596 3948 926 4005 CCXXXIV.
954 3979 1025 3990 —
1058 3948 1340 4007 FRANCO
1379 3950 1897 4010 CANCELLARIO’

527 4042 664 4098 Cum
699 4043 886 4097 carnis
909 4042 1173 4113 cogitatio
1205 4042 1382 4096 irritat
1405 4050 1481 4108 te,
1518 4045 1748 4113 concipe
1774 4044 1869 4098 tibi
1914 4044 2034 4098 ani-

458 4148 552 4188 mo
601 4142 931 4188 aeternarum
980 4148 1265 4204 poenarum
1314 4134 1625 4189 horrorem.
1671 4133 1891 4191 Jacebis
1937 4138 2034 4206 per

460 4223 605 4278 idem
633 4232 873 4292 tempus,
906 4230 966 4277 ut
996 4222 1174 4294 inquit
1209 4223 1490 4293 Salomon,
1539 4224 1595 4279 in
1637 4224 1803 4280 corde
1843 4226 2031 4289 maris,

2123 3036 2278 3106 λήσει
2299 3034 2651 3105 νενέκρωται.
2982 3112 2985 3115 Ἰ

2361 3124 2528 3180 ΣΛΓν.
2555 3154 2626 3166 -
2660 3121 3059 3192 ΔΟΜΕΤΙΑΝῼ
3095 3117 3469 3190 ΕΠΑΡΧΙΚῼ.

2192 3223 2257 3276 Εἰ
2289 3220 2365 3292 μὴ
2392 3221 2420 3272 ὁ
2440 3217 2550 3272 τῶν
2587 3216 2725 3270 ὅλων
2757 3213 2890 3278 Θεὸς
2944 3214 3039 3268 καὶ
3069 3204 3367 3283 εὐεργέτης
3400 3209 3533 3273 Θεὸς
3572 3210 3712 3279 Χρι-

2128 3316 2250 3379 στὸς
2295 3312 2437 3367 κατὰ
2489 3310 2746 3382 ἀλήθειαν
2799 3306 3076 3379 τεθνηκὼς
3131 3307 3196 3359 ὲκ
3235 3304 3446 3375 νεκρῶν
3493 3300 3714 3371 ἀληθῶς

2127 3408 2447 3476 ἐγήγερται,
2483 3399 2747 3471 ματαίαὴ
2800 3397 2985 3459 πίστις
3038 3394 3197 3466 ἡμῶν
3234 3393 3491 3463 ὑπάρχει,
3534 3391 3715 3462 μάτην

2126 3496 2185 3552 δὲ
2238 3495 2491 3565 ἐσθίομεν
2523 3492 2587 3545 τὸ
2637 3490 2799 3562 σῶμα
2840 3490 2903 3543 τὺ
2951 3486 3216 3559 μυστικὸν
3240 3525 3256 3551 ,
3282 3486 3511 3554 πίνομεν
3547 3482 3607 3536 δὲ
3653 3484 3716 3535 τὸ

2128 3586 2271 3661 αἷμα
2299 3587 2436 3661 πρὸς
2467 3583 2737 3655 κάθαρσιν
2763 3581 2992 3648 οἰκείαν,
3025 3579 3114 3634 ἵνα
3148 3576 3626 3646 καταγγείλωμεν,
3649 3575 3713 3627 οὐ

2133 3682 2293 3753 μόνον
2339 3680 2433 3731 τὸν
2485 3677 2737 3739 θάνατον,
2785 3673 2883 3727 καὶ
2928 3672 3030 3743 τὴν
3061 3666 3430 3740 ταφὴν,νάλλὰ
3476 3665 3575 3719 καὶ
3613 3666 3716 3735 τὴν

2130 3772 2370 3843 ἔγερσιν,
2392 3769 2487 3822 καὶ
2513 3766 2614 3839 τὴν
2637 3763 2815 3831 δόξαν,
2841 3764 2937 3818 καὶ
2973 3762 3075 3835 τὴν
3107 3760 3531 3817 ἀκατάπαυστον
3553 3756 3712 3827 βασι-

2130 3864 2277 3918 λείαν
2304 3862 2399 3916 τοῦ
2429 3860 2694 3932 Χριστοῦ.
3056 3866 3059 3871 “

2363 3955 2523 4007 ΣΛΔ’.
2548 3980 2619 3994 -
2648 3949 2921 4020 ΦΡΑΓΚῼ
2955 3943 3473 4014 ΚΛΓΚΕΛΛΑΡΙῼ.

2210 4047 2379 4100 Ὅταν
2404 4043 2641 4117 ὲρεθίζει
2675 4060 2743 4096 σε
2776 4040 2838 4095 τὸ
2880 4040 3135 4110 φρόνημα
3180 4036 3283 4107 τῆς
3315 4034 3541 4108 σαρκὸς,
3581 4033 3717 4090 λάϐε

2135 4139 2215 4201 είς
2247 4136 2477 4208 καρδίαν
2506 4152 2601 4188 σου
2628 4134 2727 4205 τὴν
2757 4132 2963 4205 φρίκην
3002 4130 3111 4185 τῶν
3136 4128 3368 4185 αἰωνίων
3400 4127 3705 4183 κολάσεων.

2135 4228 2454 4300 Κατακείσῃ
2512 4228 2589 4292 δὲ,
2631 4224 2815 4289 καθὼς
2868 4224 3019 4292 λέγει
3067 4220 3358 4293 Σολομὼν,
3403 4219 3462 4274 ἐν
3511 4218 3717 4290 καρδίᾳ

458 4324 516 4369 et
549 4315 717 4369 veluti
762 4316 1098 4385 gubernator
1125 4315 1180 4370 in
1210 4315 1585 4387 inexplicabili
1615 4324 1934 4387 tempestate
1964 4318 2019 4365 ³⁰η

2138 4319 2437 4391 θαλάσσης,
2489 4320 2584 4371 καὶ
2618 4318 2693 4391 ὡς
2733 4315 3083 4388 ’κυϐερνήτης
3137 4314 3196 4365 ὲν
3232 4311 3425 4382 ἀφάτῳ
3459 4310 3717 4365 κλύδωνι.

462 4406 748 4477 Siquidem
777 4409 821 4462 si
848 4423 1043 4477 pugnze
1074 4415 1342 4478 tempore,
1366 4424 1530 4478 quam
1560 4425 1684 4462 cum
1713 4408 1961 4464 irritante
1986 4421 2039 4464 Ie

463 4500 620 4554 suavi
647 4497 784 4553 facie
834 4499 962 4562 inis,
988 4507 1297 4569 praepotens
1334 4499 1508 4562 fuisti,
1544 4499 1751 4569 poteris
1776 4514 1893 4553 non
1933 4499 2041 4554 dis-

464 4591 630 4645 simili
671 4590 883 4644 ratione
915 4605 1040 4644 cum
1080 4591 1419 4659 praescriptis
1461 4591 1813 4659 sempiternis
1857 4592 2037 4660 pmnis

464 4694 742 4737 certamen
773 4681 978 4745 subire,
1015 4690 1179 4749 atque
1207 4680 1300 4734 ille
1324 4680 1416 4749 qui
1440 4674 1495 4734 in
1518 4682 1686 4736 maris
1711 4677 2037 4751 tempestate

466 4774 739 4839 ebruitur,
774 4774 927 4827 nullo
973 4772 1216 4843 negotio,
1264 4773 1527 4842 nulloque
1567 4773 1755 4826 labore
1786 4774 2040 4842 superior

466 4867 579 4921 eris
602 4865 753 4919 omni
784 4864 1024 4918 violento
1054 4862 1319 4932 impulsu,
1351 4865 1445 4933 qui
1478 4862 1576 4917 tibi
1613 4878 1644 4917 a
1673 4866 2040 4919 concertanti-

468 4963 573 5017 bus
601 4957 947 5013 daemonibus
980 4954 1240 5024 adigitur.

614 5052 923 5109 CCXXXV.
953 5084 1019 5095 ——
1055 5047 1521 5104 ARISTOCRATI
1547 5048 1895 5106 EUNUCHO.

540 5146 599 5200 In
632 5145 841 5216 Spiritu
869 5151 1063 5199 sancto
1087 5150 1141 5197 et
1160 5143 1286 5212 igne
1316 5140 1664 5196 Dominicum
1687 5141 1952 5213 baptisma
1974 5142 2041 5210 ’",

472 5237 619 5307 ignis
654 5235 1026 5306 appellatione
1059 5233 1301 5287 calidum
1324 5273 1340 5296 ,
1382 5240 1438 5288 et
1473 5233 1714 5288 vividum
1747 5234 1936 5304 gratim
1987 5242 2042 5289 et

473 5337 824 5400 peccatorum
854 5327 1052 5382 discito
1077 5327 1395 5381 absumens.

2145 4402 2411 4495 Ἐὰνγὰρ
2443 4406 2678 4482 δυνηθῇς
2709 4408 2766 4464 ὲν
2793 4408 2871 4481 τῷ
2900 4406 3078 4478 καιρῷ
3112 4406 3211 4476 τῆς
3240 4405 3420 4477 μάχης
3442 4404 3544 4474 τῆς
3579 4403 3719 4495 πρὸς

2133 4504 2194 4559 τὺ
2226 4492 2472 4575 ὲρεθίζον
2506 4521 2567 4557 σε
2601 4500 2877 4573 εύμορφον
2908 4500 3228 4572 πρόσωπον,
3263 4496 3437 4559 οὕτως
3494 4492 3714 4563 ὲναγώἀ

2137 4615 2251 4653 νιον
2288 4596 2512 4667 σεαυτὸν
2552 4594 2895 4671 καταστῆσαι
2924 4595 2990 4664 τῇ
3022 4586 3547 4671 προκατηγγελμένῃ
3589 4588 3721 4644 αίω-

2138 4688 2237 4758 νίῳ
2278 4686 2524 4759 κολάσει,
2583 4684 2835 4755 καθάπερ
2864 4685 2893 4737 ὁ
2939 4680 3337 4753 χειμαζόμενος
3376 4680 3435 4731 ὲν
3475 4676 3718 4749 θαλάσσῃ

2144 4776 2339 4849 ῥαδίως
2381 4794 2439 4830 τε
2500 4777 2594 4830 καὶ
2646 4774 2862 4837 ἀπόνως
2899 4771 3233 4843 περιγενήσῃ
3280 4768 3381 4837 τῆς
3419 4765 3575 4839 παρὰ
3610 4766 3720 4820 τῶν

2145 4866 2624 4937 προσπαλαιόντων
2651 4867 2921 4938 δαιμόνων
2954 4862 3303 4934 ἐπειγομένης
3328 4858 3511 4931 βιαίας
3543 4870 3722 4930 παραὶ

2145 4962 2248 5034 κλή
2257 4962 2415 5023 σεως.
3072 4966 3075 4967 ⁷

2224 5046 2227 5053 “
2339 5051 2505 5104 ΣᾹΕ’.
2532 5082 2598 5095 --
2625 5045 3131 5103 ΑΡΙΣΤΟΚΡΑΤΕΙ
3168 5043 3521 5114 ΕΥΝΟΥΧῼ.

2228 5143 2316 5195 Ἐν
2360 5142 2641 5213 Πνεύματι
2676 5142 2816 5212 ἁγίῳ
2862 5140 2959 5195 καὶ
2992 5140 3126 5210 πυρὶ
3171 5138 3230 5191 τὸ
3262 5134 3595 5189 Δεσποτικὸν
3630 5133 3724 5204 βά-

2145 5250 2375 5305 πτισμα,
2405 5234 2492 5288 διὰ
2515 5235 2613 5305 τῆς
2640 5232 2735 5287 τοῦ
2782 5233 2955 5306 πυρὸς
2994 5228 3365 5304 προσηγορίας
3389 5228 3451 5280 τὸ
3495 5226 3718 5298 Θερμὸν,

2149 5326 2209 5378 τὸ
2237 5325 2662 5397 διεγηγερμένον
2693 5327 2792 5396 τῆς
2831 5325 3072 5398 χάριτος,
3118 5322 3212 5376 καὶ
3250 5320 3313 5374 τὸ
3354 5317 3721 5389 δαπανητικὺν

2149 5417 2259 5471 τῶν
2294 5418 2578 5489 ἁμαρτιῶν
2613 5418 2871 5490 μάνθανε.

547 5557 594 5588 ⁷⁸
630 5556 762 5608 Luc.
788 5568 943 5622 xvm,
982 5554 1067 5608 l3.
1145 5553 1190 5587 ⁷⁷
1217 5550 1383 5609 Eccli.
1418 5566 1517 5616 vn,
1543 5550 1594 5605 4.
1674 5549 1720 5583 ⁷⁸
1752 5548 1927 5607 Galat.
1962 5566 2019 5606 ιιι

2135 5557 2164 5608 ἰ.
2240 5555 2286 5589 ⁷⁸
2316 5556 2335 5611 l
2368 5556 2497 5613 Cor.
2535 5536 2623 5621 xv,
2652 5554 2737 5611 ﬂ.
2814 5556 2860 5590 ⁸ο
2890 5555 3050 5610 Prov.
3081 5568 3236 5620 unt,
3278 5549 3365 5606 54.
3443 5547 3487 5581 ⁸¹
3530 5544 3729 5605 Matt!»

480 5643 565 5692 ιιι,
597 5626 685 5686 II.
