3850 6218
121 270 217 339 39.1

316 382 504 456 ΣΛςν.
532 354 603 428 -έ
626 385 1110 442 ΔΠΟΛΑΟΦΑΝΕΙ
1153 356 1507 454 ΣΥΜΠΟΝῼ.

190 569 649 641 Βληχηματωδης
690 586 796 634 τις,
834 583 928 621 και
960 566 1151 635 ἄλογος
1182 565 1463 636 ὑπάρχων,
1499 573 1604 616 κάν
1632 561 1715 615 δο-

121 664 239 726 κεῖς
278 659 697 732 φρονιμώτατος
743 655 906 724 εἶναι,
936 658 1032 711 τοῦ
1067 657 1165 728 μὲν
1192 656 1327 709 Θεοῦ
1362 656 1579 726 άπαρνῇ
1617 653 1716 723 τὴν

120 754 406 825 λατρείαν,
452 751 701 822 μηδόλως
728 750 898 804 θέλων
941 750 1245 820 παρασχεῖν
1271 746 1446 817 τούτῳ
1488 746 1717 816 εῦήκοον

122 849 318 918 ἀκοὴν.
352 845 434 915 τῷ
464 846 511 898 δ’
538 844 718 917 ἐχθρῷ
744 845 917 915 ἡδέως
942 844 1002 897 τὸ
1031 844 1193 896 ὠτίον
1216 842 1437 911 ὑπέχεις
1468 840 1603 912 πρὸς
1626 839 1717 893 τὸν

123 936 331 991 σαυτοῦ
363 935 611 1005 ὄλεθρον,
641 937 736 988 καὶ
768 935 1000 1003 ἀγαπῶν
1032 933 1287 1004 ἐκθύμως
1317 932 1405 985 τὸν
1433 929 1583 1001 παρὰ
1615 927 1718 999 φύ-

124 1048 211 1083 σιν
264 1028 583 1099 Δεσπότην,
614 1028 881 1099 διηνεκῶς
930 1027 1170 1089 ἐκτελεῖς
1200 1024 1269 1078 τὰ
1314 1023 1717 1095 προστάγματα

122 1122 313 1175 αὑτοῦ.
343 1121 549 1184 Καλῶς
579 1121 857 1191 τοιγάρτοι
880 1123 909 1175 6
934 1120 1067 1191 παρ’
1101 1117 1375 1190 Ἑϐραίοις
1403 1117 1566 1187 νόμος
1589 1133 1719 1187 συμ-

126 1212 360 1275 6ολικῶς
381 1214 479 1265 τοῦ
514 1211 703 1266 δούλου
742 1211 838 1266 τοῦ
871 1212 970 1283 τὴν
1015 1210 1326 1281 ἐλευθερίαν
1363 1209 1714 1279 μισήσαντος,

130 1305 597 1376 μετατρυπᾶσθαι
628 1305 709 1376 τῷ
755 1305 968 1377 όπητίῳ
1012 1302 1227 1357 κελεύει
1257 1302 1320 1355 τὸ
1362 1302 1542 1367 ὠτίον,
1571 1302 1719 1363 ὅπως

132 1397 208 1469 μὴ
384 1402 453 1470 τῇ
479 1399 627 1453 κατὰ
662 1397 823 1467 φύσιν
851 1397 1089 1462 ἀκούων,
1126 1395 1345 1465 δέξηταί
1384 1411 1515 1447 ποτε
1561 1393 1719 1461 λόγον

128 1489 447 1561 ἐλευθερίας
472 1508 488 1522 °
521 1491 659 1562 ὅπερ
706 1489 977 1560 βλέπομεν
1002 1487 1290 1559 γενόμενον
1324 1486 1429 1539 ὑπὸ
1459 1485 1575 1538 σοῦ’
1603 1484 1722 1538 δοῦ-

129 1579 219 1643 λος
250 1580 362 1652 γὰρ
387 1579 489 1633 τοῦ
534 1582 748 1635 Σατανᾶ
780 1580 998 1642 αἰώνιος
1026 1579 1273 1650 πέφηνας
1293 1618 1307 1642 ,
1345 1577 1589 1648 στέργων
1622 1577 1720 1647 μὲν

127 1672 292 1725 αὐτόν
325 1690 391 1724 τε
426 1673 524 1725 καὶ
558 1673 650 1725 τὸν
705 1672 948 1740 παρόντα
976 1671 1108 1740 βίον,
1144 1670 1411 1742 μηδέποτε
1445 1671 1503 1724 δὲ
1539 1668 1720 1741 βουλό-

1304 270 1841 333 EPISTOLARUM
1881 272 2026 331 LIB.
2057 270 2139 330 II.

1737 394 1781 449 Α
1813 381 1977 455 240
2026 366 2360 437 CCXXXVI.
2396 412 2466 422 —
2494 372 2982 455 ᾼΡριλιιΟΡΗΑΝι
3049 376 3396 433 COLLABO-

3290 266 3396 330 Μ

2492 449 2724 503 RANTI.

1893 562 2073 635 Eque
2121 579 2185 618 ac
2226 579 2358 619 oves
2397 565 2615 629 balans,
2664 573 2720 619 et
2768 565 3003 619 rationis
3051 565 3232 635 inops,
3271 566 3401 621 licet

1821 657 2283 729 prudentissimus
2314 656 2571 721 videaris,
2608 655 2702 709 Dei
2726 656 2947 725 quidem
2988 657 3194 711 cultum
3228 658 3401 712 abne»

1819 765 1937 820 gas,
1972 764 2095 803 cum
2150 749 2227 802 illi
2261 763 2487 818 prorsus
2536 756 2800 818 praestare
2830 748 2972 802 nolis
3004 763 3193 803 aurem
3224 750 3399 804 obno-

1821 842 1988 907 xiam,
2020 839 2340 896 adversario
2380 855 2509 895 vero
2553 847 2829 909 patentem
2860 854 2927 895 ac
2963 840 3289 913 morigeram
3336 843 3400 897 in

1822 934 1900 988 tui
1933 933 2232 1003 perniciem
2261 932 2557 997 exhibeas,
2591 941 2646 985 et
2675 947 2742 986 ex
2772 931 2959 987 animo
2997 930 3267 997 Domino,
3304 935 3400 1004 qui

1820 1030 2017 1095 praeter
2058 1032 2313 1078 naturam
2348 1034 2464 1088 est,
2509 1024 2791 1088 addictus,
2828 1024 3096 1078 continuo
3126 1025 3276 1089 illius
3308 1026 3405 1080 im-

1823 1119 1992 1188 periis
2021 1117 2393 1187 obtemperas.
2428 1118 2608 1173 Probe
2636 1116 2807 1187 igitur
2840 1115 3070 1175 Judaica
3100 1118 3187 1173 lex
3233 1134 3403 1178 sensu

1821 1210 2080 1281 mystico,
2123 1210 2267 1266 servi
2316 1209 2486 1275 illius,
2518 1207 2610 1262 cui
2645 1208 2776 1262 odio
2808 1207 2986 1263 fuerat
3019 1208 3271 1275 libertas,
3303 1226 3405 1265 au-

1820 1315 1938 1356 rem
1973 1302 2172 1356 subula
2200 1301 2485 1372 perforare
2516 1301 2740 1356 mandat
2772 1301 2815 1332 ⁸²
2842 1320 2855 1355 :
2888 1316 2957 1355 ne
2980 1303 3220 1356 naturali
3254 1303 3403 1358 fora-

1820 1392 1970 1447 mine
1995 1392 2226 1447 audiens
2256 1392 2499 1462 excipiat
2528 1392 2829 1462 aliquando
2856 1393 3134 1449 libertatis
3168 1395 3406 1449 locutio-

1822 1500 1971 1539 nem.
1993 1484 2150 1551 Quod
2173 1499 2203 1539 a
2226 1494 2277 1540 te
2302 1484 2507 1539 factum
2540 1485 2917 1555 conspicimus
2944 1504 2958 1540 :
2985 1501 3177 1541 servus
3196 1487 3402 1541 etenim

1818 1574 2042 1631 Satanae
2098 1577 2469 1646 sempiternus
2514 1575 2692 1630 factus
2734 1591 2816 1638 es,
2868 1575 2970 1641 illi,
3027 1578 3405 1647 praesentique

1822 1668 1949 1723 vita;
1986 1667 2227 1732 deditus,
2260 1676 2314 1721 et
2347 1684 2630 1737 nunquam
2658 1677 2709 1722 te
2752 1668 2938 1722 induci
2974 1670 3273 1737 permittis,
3311 1670 3395 1723 vel

132 1781 292 1835 μενος
328 1764 437 1817 κᾶν
474 1765 621 1831 ἅπαξ
646 1736 800 1827 θείας
819 1736 1037 1834 Γραφῆς
1063 1736 1317 1827 ἀκοῦσαι,
1342 1762 1417 1834 μὴ
1443 1763 1489 1817 δ’
1513 1736 1718 1816 ἔννοιαν

1831 1758 2016 1818 semel,
2042 1759 2109 1811 ad
2143 1758 2445 1813 audiendas
2469 1736 2687 1814 divinas
2720 1736 2984 1820 Litteras,
3018 1774 3195 1828 neque
3230 1758 3401 1813 futuri

126 1853 313 1907 λαϐεῖν
346 1853 447 1907 τοῦ
490 1854 776 1924 μέλλοντος
803 1854 1020 1912 αἰῶνος.

382 1971 551 2023 ΣΛΖ’.
592 1998 662 2011 -
695 1969 1097 2033 ΜΑΚΕΔΟΝΙῼ
1136 1968 1471 2039 ΤΑΞΕΩΤῌ.

194 2127 367 2189 Τίνος
396 2127 590 2179 ἕνεκεν
616 2127 665 2178 οἱ
707 2124 1070 2195 πνευματικοὶ
1102 2123 1249 2192 λόγοι
1291 2122 1461 2187 πέλυξ
1507 2122 1723 2175 κόπτων

129 2219 341 2288 πέτραν
366 2222 617 2290 εἴρηνται
664 2218 723 2269 ἐν
757 2216 836 2287 τῷ
877 2215 1157 2287 ’1ερεμίᾳ;
1195 2216 1256 2268 '0
1283 2215 1391 2286 γὰρ
1446 2214 1601 2283 λόγος
1629 2213 1722 2266 τοῦ

126 2310 263 2362 Θεοῦ
296 2309 675 2381 ἐπερχόμενος
707 2310 776 2378 τῇ
801 2307 1013 2360 λιθώδει
1042 2307 1243 2379 καρδίᾳ
1271 2305 1478 2377 δικάζει
1510 2306 1580 2360 τὰ
1624 2324 1725 2360 κα-

128 2399 241 2461 κῶς
283 2399 638 2468 συνημμένα,
662 2396 811 2458 ὅπως
836 2395 903 2449 ἂν
930 2393 1184 2466 δυνηθείη
1225 2396 1254 2449 6
1284 2392 1570 2464 ἄνθρωπος
1604 2393 1723 2446 δια-

128 2492 346 2563 κρίνειν
368 2488 640 2562 ἁκριόῶς,
664 2489 762 2543 καὶ
779 2486 1112 2542 διαστέλλειν
1131 2487 1194 2540 τὸ
1219 2488 1469 2558 κρεῖττον
1497 2484 1606 2539 ἀπὸ
1630 2484 1723 2537 τοῦ

130 2584 403 2654 χείρονος,
454 2582 553 2635 καὶ
594 2580 868 2653 αἱρεῖσθαι
903 2580 1005 2652 μέν
1036 2596 1168 2633 ποτε
1207 2577 1371 2643 καλὰ,
1416 2577 1725 2631 διωθεῖσθαι

132 2676 188 2729 δὲ
222 2676 298 2730 τά
329 2676 537 2747 ψεκτά.

424 2766 600 2821 ΣΜῬ.
634 2796 705 2806 -
735 2766 957 2837 ΘΥΡΣῼ
996 2764 1440 2835 ΠΡΙΜῙΚΗΡΙῼ.

196 2860 510 2929 Διαπορεῖν
536 2857 789 2926 φάσκεις,
820 2858 905 2921 τίς
937 2874 996 2909 τε
1054 2856 1122 2910 ἂν
1149 2857 1233 2927 εἴη
1285 2856 1314 2908 6
1360 2853 1586 2919 δυνατὸς
1634 2855 1729 2908 καὶ

1812 1852 2011 1907 seculi
2045 1852 2613 1921 imaginemaliquam
2648 1850 3092 1920 concipiendam.

1823 1963 2177 2021 CCXXXVII.
2216 1996 2283 2005 ——-
2312 1964 2719 2092 ΜΛΟΕὲῖίῦίῦῐῶ)
2748 1967 3169 2023 APPARlTORl
3207 1967 3403 2024 PRx-E-

1893 2125 2143 2192 Quanam
2173 2128 2383 2182 ratione
2403 2128 2681 2198 spiritales
2710 2146 2997 2186 sermones
3020 2131 3233 2186 securis
3262 2130 3407 2186 fran—

1825 2233 1957 2287 gens
1984 2226 2192 2287 petram
2223 2218 2487 2274 dicuntur
2518 2223 2573 2275 in
2601 2221 2837 2277 Jeremia
2862 2223 2941 2275 8'1'
2964 2222 3203 2278 Verbum
3216 2237 3411 2293 nempe

1818 2306 1919 2362 .Dei
1964 2308 2021 2362 in
2056 2323 2153 2363 cor
2196 2324 2423 2364 saxeum
2466 2310 2769 2367 adveniens
2824 2313 2968 2367 male
3017 2320 3305 2381 compacta
3353 2312 3404 2364 in

1820 2398 1964 2455 duas
1996 2400 2342 2455 discriminat
2380 2412 2601 2472 partes,
2642 2412 2703 2457 ut
2735 2404 2911 2473 possit
2939 2404 3102 2458 homo
3135 2403 3409 2473 exquisite

1824 2490 2160 2559 diiudicare,
2208 2493 2437 2547 meliora
2473 2506 2503 2547 a
2540 2493 2918 2549 deterioribus
2959 2495 3314 2560 discernere,
3355 2501 3410 2547 et

1826 2582 2127 2652 aliquando
2154 2584 2299 2639 bona
2331 2584 2558 2655 eligere,
2589 2593 2645 2641 et
2682 2587 3071 2658 vituperabilia
3121 2585 3406 2657 repellere.

1988 2766 2364 2823 CCXXXVIII.
2406 2798 2474 2808 —
2511 2766 2794 2822 THYRSO
2835 2766 3255 2827 PBIMICERIO.

1899 2854 2116 2912 Haerere
2149 2868 2201 2911 te
2235 2860 2340 2921 ais,
2372 2861 2628 2929 quisnam
2662 2860 2753 2914 ille
2787 2860 2954 2915 fuerit
2978 2871 3194 2930 potens,
3227 2872 3283 2916 et
3311 2863 3411 2916 bo-

130 2950 461 3017 πανάγαθος
487 2949 649 3020 ἀνὴρ,
678 2949 805 3020 περὶ
835 2942 895 3002 οῦ
926 2947 1033 3020 πρὸ
1053 2947 1281 3018 ἡμερῶν
1312 2945 1722 3017 αἰνιγματωδῶς

1831 2948 2002 3004 nitate
2041 2949 2198 3021 241
2241 2950 2475 3021 perfecta
2525 2953 2743 3007 stabilis
2789 2954 2898 3017 vir,
2941 2955 3009 3009 de
3049 2971 3160 3024 quo
3204 2971 3410 3025 paucos

128 3041 417 3112 γέγραφα,
446 3041 543 3094 καὶ
572 3041 659 3104 τίς
689 3042 717 3093 6
746 3039 972 3110 λῃστὴς,
1022 3038 1119 3091 καὶ
1146 3037 1227 3102 τίς
1320 3037 1596 3091 πανοπλία
1625 3036 1722 3090 αὐ-

1831 3053 1955 3097 ante
1981 3043 2099 3097 dies
2130 3045 2487 3112 perobscure,
2516 3052 2571 3099 et
2595 3044 2757 3115 quasi
2784 3060 2880 3115 per
2900 3046 3155 3101 nebulam
3182 3048 3406 3117 scripsi,

124 3133 243 3185 τοῦ.
283 3132 518 3203 Λῃστὴς
560 3132 661 3202 μὲν
706 3127 800 3185 οὖν
850 3132 880 3183 6
929 3129 1173 3195 διάϐολός
1212 3130 1380 3197 ἐστιν,
1424 3128 1722 3201 λῃστεύσας

1831 3142 1886 3187 et
1910 3133 2035 3201 quis
2071 3133 2232 3197 latro,
2273 3141 2471 3202 etquae
2503 3144 2786 3188 armatura
2812 3135 2985 3189 illius.
3025 3133 3192 3189 Latro
3224 3137 3411 3206 itaque

129 3225 283 3293 ἡμᾶς
317 3224 388 3275 ὲκ
417 3222 530 3275 τῶν
559 3223 906 3294 κρειττόνων,
935 3222 1029 3274 καῖ
1059 3220 1563 3292 λαφυραγωγήσας.
1588 3218 1727 3289 Τρο-

1827 3223 2080 3279 diabolus
2127 3231 2231 3287 est,
2293 3227 2387 3294 qui
2437 3239 2539 3280 nos
2588 3239 2657 3279 ex
2710 3225 3030 3281 melioribus
3066 3227 3410 3297 depraedatus

128 3316 205 3384 φὴ
229 3315 299 3367 δὲ
335 3313 555 3375 τούτου,
590 3316 699 3367 καὶ
743 3315 943 3385 σκέπη,
990 3315 1085 3367 καὶ
1136 3312 1415 3367 πανοπλία
1466 3312 1536 3365 τά
1568 3310 1722 3382 ἡμῶν

1831 3323 1948 3383 est,
2011 3323 2066 3371 et
2127 3316 2300 3371 veluti
2362 3316 2599 3387 spolium
2666 3314 2877 3374 factos
2919 3319 3167 3375 abduxit.
3235 3320 3409 3375 Cibus

129 3409 554 3480 ἁμαρτήματα,
601 3408 671 3461 δι’
727 3402 803 3462 ὧν
851 3406 1389 3477 κατασφάιιςτει,καῒ⁴
1433 3406 1727 3461 ἀπόλλυσιν

132 3502 305 3571 ἡμᾶς.
344 3502 413 3555 '0
444 3498 541 3555 οὖν
562 3502 655 3555 τὸν
684 3502 892 3573 κόσμον
916 3502 1327 3574 δημιουργήσας
1361 3500 1573 3574 Σωτὴρ,
1604 3503 1726 3555 ὲπι-

131 3592 396 3662 διψήσας
439 3591 680 3647 ἐνταῦθα
726 3594 814 3647 διὰ
859 3594 1082 3664 σαρκὸς,
1113 3592 1519 3664 παντοδὺναμος
1551 3594 1732 3665 ὑπάρ-

140 3701 270 3751 χων,
308 3685 476 3755 ἔδησε
508 3685 607 3754 μὲν
646 3686 737 3739 τὸν
782 3685 983 3758 λῃστὴν
1024 3685 1291 3751 διάϐολον,
1332 3686 1609 3757 ἐξήρπασε
1670 3686 1728 3739 δὲ

140 3778 289 3846 ἡμᾶς
324 3781 396 3831 ὲκ
423 3779 529 3847 τῆς
549 3779 791 3843 δουλείας
836 3778 1023 3847 αὑτοῦ,
1055 3778 1192 3852 ἄρας
1223 3779 1281 3833 δὲ
1320 3779 1421 3842 τὰς
1456 3774 1730 3851 diem!“

138 3866 229 3919 τοῦ
273 3869 494 3937 κόσμου
516 3907 532 3932 ,
563 3869 660 3922 καὶ
683 3868 760 3940 τῷ
810 3870 1028 3941 σταυρῷ
1060 3868 1440 3941 προσηλώσας,
1491 3870 1727 3941 ὲθριάμ-

144 3960 309 4014 σευσε
353 3961 451 4015 τὸν
498 3962 712 4035 ἐχθρὸν,
756 3963 853 4017 καὶ
898 3964 1237 4036 κατῄσχυνεν
1294 3962 1557 4034 αἰσχύνην
1597 3962 1730 4017 αἰώ-

137 4067 271 4105 νιον.

432 4142 597 4196 mea
619 4173 691 4183 —
716 4141 949 4216 ΠΑΥΔῼ
986 4144 1444 4217 ΣΧΟΛΑΣΤΙΚῼ.

210 4234 374 4301 Ἕξις
401 4234 502 4304 μὲν
530 4235 639 4288 ἀπὸ
658 4236 972 4306 συνηθείας,
996 4232 1107 4291 ἀπὸ
1131 4237 1190 4290 δὲ
1213 4237 1380 4305 ἕξεως
1401 4254 1562 4305 φυσις
1589 4237 1731 4306 ἐγγί-

144 4325 331 4380 νεσθαι
373 4325 586 4381 εῐωθεν.
618 4328 869 4381 Χαλεπὸν
897 4329 956 4383 δὲ
985 4330 1080 4383 καὶ
1122 4328 1382 4385 δύσκολον
1433 4329 1729 4401 μετακινῆ-

1825 3408 1996 3475 illius,
2054 3417 2108 3465 et
2160 3418 2561 3481 tegumentum,
2600 3418 2656 3466 et
2700 3421 3003 3478 armatura,
3053 3421 3242 3469 nostra
3280 3426 3410 3471 sunt

1827 3511 2088 3570 peccata,
2143 3516 2244 3570 per
2301 3516 2424 3571 quae
2484 3516 2589 3557 nos
2643 3502 2885 3557 trucidat
2943 3514 2997 3559 et
3052 3505 3248 3573 perdit.
3300 3504 3406 3572 Qui

1826 3589 1999 3658 igitur
2033 3588 2299 3645 mundum
2347 3587 2714 3645 fabrefecerat
2743 3589 3017 3656 Salvator,
3046 3607 3144 3661 per
3184 3607 3404 3648 carnem

1829 3679 1937 3733 huc
1971 3680 2263 3745 accedens,
2291 3695 2415 3736 cum
2446 3681 2653 3735 omnia
2675 3692 2898 3752 posset,
2932 3684 3243 3752 praedonem
3286 3686 3408 3755 qui-

1828 3772 1952 3826 dem
1977 3770 2273 3841 colligavit,
2305 3786 2407 3828 nos
2436 3787 2564 3828 vero
2590 3788 2653 3828 ex
2684 3775 2836 3831 illius
2861 3777 3125 3832 servitute
3154 3777 3210 3831 in
3237 3778 3405 3836 liber-

1814 3870 1995 3918 tatem
2026 3862 2325 3919 vindicavit
2354 3882 2368 3918 :
2408 3864 2605 3921 tollens
2631 3872 2899 3936 praeterea
2933 3879 3155 3938 peccata
3187 3870 3401 3932 mundi,

1827 3956 2090 4025 crucique
2139 3954 2384 4027 ailigeus,
2410 3956 2479 4011 de
2506 3956 2666 4012 hoste
2696 3958 3037 4029 triumphum
3064 3960 3199 4030 egit,
3238 3976 3401 4031 quem

1828 4049 2161 4117 sempiterno
2190 4047 2463 4103 dedecore
2491 4048 2766 4104 all‘ecerat.

1996 4133 2329 4191 CCXXXIX.
2366 4168 2436 4183 --
2463 4135 2694 4192 PAULO
2735 4137 3230 4196 SCHOLASTICO.

1902 4227 2136 4281 Habitus
2157 4226 2380 4296 quidem
2410 4228 2839 4292 consuetudine,
2872 4230 3060 4284 habitu
3097 4241 3289 4287 natura
3318 4234 3404 4288 in-

1830 4322 2080 4390 generari
2131 4322 2355 4376 assolet.
2412 4320 2619 4376 Durum
2667 4339 2799 4379 vero
2848 4334 3012 4395 atque
3056 4328 3286 4381 arduum
3320 4338 3405 4384 est

142 4433 255 4483 σαι,
284 4418 323 4488 ἢ
384 4418 713 4487 μεταὸαλεῖν
764 4419 950 4489 φύσιν,
1000 4419 1144 4492 πλὴν
1192 4419 1271 4492 τῷ
1309 4418 1428 4491 Θεῷ
1477 4418 1722 4486 δυνατὸν,

1833 4414 2138 4480 transferri,
2177 4421 2272 4468 aut
2314 4414 2594 4468 immutari
2638 4424 2928 4470 naturam:
2961 4417 3011 4471 id
3044 4419 3404 4476 nihilominus

142 4509 306 4575 φύσις
352 4510 464 4580 γὰρ
515 4512 616 4564 οὐκ
684 4511 1071 4566 ἀντιτάσσεται
1109 4511 1189 4582 τῷ
1229 4506 1369 4583 Θεῷ.
1417 4531 1435 4564 ι
1480 4506 1579 4565 ’Ᾱν
1622 4510 1731 4581 γὰρ

142 4603 471 4675 ὑπάρχωσιν
499 4604 557 4655 αἱ
584 4604 852 4675 ἁμαρτίαι
896 4604 1074 4674 ὑμῶν,
1107 4603 1295 4675 φησὶν,
1316 4602 1396 4667 ὡς
1427 4601 1726 4673 φοινικοῦν,

1831 4503 1971 4561 Deus
1997 4512 2210 4575 potest;
2246 4521 2424 4575 neque
2466 4508 2610 4562 enim
2658 4506 2769 4563 Deo
2815 4510 3139 4565 adversatur
3184 4522 3397 4568 natura.

1828 4598 2043 4652 Etenim
2077 4599 2119 4652 si
2150 4606 2372 4667 peccata
2405 4606 2589 4654 vestra
2617 4597 2838 4665 fuerint,
2872 4603 2967 4664 ait,
3008 4612 3063 4656 ut
3094 4605 3400 4667 coccinum,

142 4694 215 4757 ὡς
240 4694 401 4764 χιόνα
431 4695 677 4748 λευκανῶ
696 4710 710 4724 ·
740 4695 806 4750 ἂν
834 4696 890 4749 δὲ
907 4689 1040 4751 ὦσιν
1061 4694 1138 4758 ὡς
1167 4694 1442 4761 κόκκινον,
1475 4695 1552 4759 ὡς
1579 4694 1722 4766 ἔριον

1831 4691 1982 4759 quasi
2027 4692 2211 4745 nivem
2246 4691 2545 4758 dealbabo;
2576 4695 2623 4746 si
2649 4692 2852 4748 fuerint
2893 4696 3078 4759 rubra,
3120 4698 3277 4767 quasi
3326 4699 3404 4752 la-

144 4784 413 4840 λευκανῶ.
450 4805 470 4837 ›
501 4786 665 4839 Ὅθεν
685 4788 785 4840 οὐκ
825 4787 1237 4857 άπογνωστέονο
1274 4786 1375 4858 τῆς
1400 4786 1511 4857 γὰρ
1551 4801 1723 4859 πονη-

147 4878 263 4945 ρᾶς,
308 4876 408 4929 καὶ
448 4877 657 4948 ψεκτῆς
705 4878 993 4950 συνηθείας
1046 4877 1394 4950 ἰσχυρότερος
1439 4878 1470 4930 6
1508 4878 1719 4949 κτήσας

147 4968 291 5037 ἡμᾶς
334 4967 489 5033 Θεὸς,
531 4970 561 5020 6
612 4968 781 5021 ποιῶν
815 4970 1013 5031 πάντα,
1044 4971 1139 5023 καὶ
1174 4966 1613 5039 μετασκευάζων,
1644 4969 1720 5032 ὤς

147 5078 313 5132 φησιν
340 5064 369 5115 6
398 5062 708 5132 προφήτης.
727 5061 844 5115 Κᾶν
866 5064 948 5126 εἰς
974 5062 1089 5127 ἕξιν
1107 5062 1287 5134 ἔλθῃς,
1320 5061 1414 5115 καὶ
1435 5061 1597 5131 φύσιν
1620 5062 1719 5133 τῆς

148 5154 366 5218 κακίας,
405 5154 481 5225 μὴ
518 5154 791 5226 ἀπογνῷς,
821 5156 956 5208 ἀλλὰ
982 5155 1313 5226 μετάγνωθι,
1344 5155 1438 5208 καὶ
1474 5154 1716 5225 σωθήσῃ.

149 5247 242 5300 Διὰ
283 5246 397 5316 γὰρ
426 5244 585 5300 τοῦτο
633 5247 901 5318 χρώματα
951 5246 1053 5300 οὐκ
1088 5245 1329 5317 ἐξίτηλα,
1370 5243 1506 5299 ἀλλὰ
1537 5243 1725 5314 σχεδὸν

154 5336 557 5407 συνουσιώμενα
580 5341 695 5400 τοῖς
720 5338 1101 5406 ὑποκειμένοις
1126 5335 1333 5400 λαϐὼν,
1357 5335 1420 5388 τὸ
1447 5332 1724 5403 φοινικοῦν

154 5430 244 5482 καὶ
270 5429 334 5481 τὸ
385 5430 637 5483 κόκκινον
662 5429 827 5498 λέγω,
870 5431 951 5491 είς
982 5429 1080 5500 τήν
1103 5428 1364 5482 ιὲναντίάν
1408 5424 1582 5480 ταῦτα
1612 5425 1724 5490 ἕξιν

156 5522 516 5591 καταστήσειν
569 5521 826 5593 εἴρηκεν,
879 5522 967 5574 ἵνα
1012 5521 1253 5594 χρηστὰς
1304 5519 1564 5591 ὐποτείνῃ
1611 5521 1723 5582 τοῖς

224 5695 269 5729 "
297 5696 456 5755 Deut.
489 5714 578 5764 xv,
610 5699 698 5753 l7.

1820 4797 1948 4837 nam
1990 4783 2255 4839 dealbabo
2305 4784 2371 4837 ⁸⁸.
2421 4783 2603 4851 Quare
2668 4801 2803 4840 non
2834 4794 2918 4843 est
2964 4787 3399 4857 desperandum:

1826 4889 1993 4945 prava
2042 4875 2310 4945 siqnidem
2346 4890 2412 4930 ac
2454 4876 2803 4946 vituperabili
2844 4880 3245 4935 consuetudine
3284 4897 3401 4933 mn-

1825 4966 1908 5036 gis
1956 4976 2150 5036 potens
2198 4974 2285 5023 est
2334 4966 2562 5022 Creator
2617 4968 2793 5023 nostri
2842 4968 3002 5033 Deus,
3063 4971 3153 5040 qui
3220 4972 3401 5025 omnia

1833 5057 1984 5123 facit,
2019 5066 2073 5114 et
2107 5062 2378 5124 immutat,
2410 5072 2473 5115 ut
2496 5071 2648 5117 vates
2686 5063 2847 5117 habet
2876 5063 2941 5117 ⁸⁸.
2980 5063 3042 5116 Ει
3074 5065 3199 5118 licet
3227 5067 3279 5119 in
3316 5068 3412 5120 ha-

1830 5149 2004 5205 bitum
2033 5160 2087 5205 et
2137 5152 2355 5207 malitia;
2384 5160 2639 5208 naturam
2670 5153 2979 5219 deveneris,
3022 5172 3090 5210 ne
3129 5158 3405 5226 desperes,

1831 5241 1924 5297 sed
1975 5243 2293 5312 poenitentia
2325 5244 2521 5312 utitor,
2556 5252 2610 5300 et
2657 5245 2981 5302 salvaberis.
3020 5245 3101 5303 Ob
3131 5250 3233 5303 hoc
3263 5250 3405 5303 enim

1831 5338 2044 5389 colores
2074 5350 2178 5389 non
2213 5335 2370 5391 facile
2392 5337 2672 5403 evanidos,
2706 5340 2802 5395 sed
2835 5340 2950 5395 fere
2988 5342 3153 5397 rebus
3189 5344 3407 5400 innatos

1832 5426 2084 5495 afferens,
2114 5426 2401 5496 puniceum
2429 5444 2625 5499 nempe
2646 5438 2699 5483 et
2719 5432 2971 5497 rubrum,
2998 5433 3051 5488 in
3070 5434 3405 5490 contrarium

1831 5534 1926 5576 eos
1950 5520 2195 5576 habitum
2230 5521 2520 5581 immutare
2539 5524 2795 5593 asseruit,
2828 5534 2888 5581 ut
2914 5526 3231 5584 hominibus
3255 5544 3405 5600 spem

773 5698 820 5733 ⁸³
852 5697 963 5757 Jer.
997 5714 1155 5765 χχιιι,
1179 5698 1271 5754 29.
1349 5697 1525 5754 “lsa.
1547 5712 1586 5762 ι,
1627 5693 1715 5754 18.
1772 5694 1837 5749 ,⁸⁸
1859 5694 2047 5752 Amos.
2077 5712 2133 5766 ν,
2158 5695 2213 5753 8.
