3850 6218
505 278 611 342 323
1970 277 2034 337 s.
2071 274 2237 335 NILI
3652 288 3760 354 32,,

507 395 704 449 bonam
766 391 1087 447 intenderet.
1143 392 1339 462 Ingens
1388 392 1570 461 itaque
1615 390 1948 460 paenitentiae
1998 390 2062 444 vi:

2184 387 2493 469 ἀνθρώποις
2538 390 2639 453 τὰς
2691 390 2932 456 ἐλπίδας.
2960 391 3185 468 Μεγάλη
3222 395 3401 450 τοίνυν
3448 398 3548 471 τῆς
3587 419 3759 471 μετα-

504 495 611 547 est,
645 499 766 554 qua:
792 482 951 555 242
984 500 1085 540 nos
1117 485 1279 540 efficit
1310 484 1483 538 instar
1510 482 1675 545 nivis,
1702 490 1757 537 et
1784 484 1862 536 uti
1899 480 2062 535 lanan

2184 480 2333 543 νοίας
2366 482 2399 550 ή
2430 478 2681 551 δύναμις,
2714 483 2830 549 εἴγε
2870 474 3022 555 ἡμᾶς
3050 483 3237 557 ὥσπερ
3265 489 3417 557 χιόνα
3444 488 3757 562 ἐργάζεται,

504 570 741 634 dealbat,
771 570 898 623 licet
927 569 1236 638 praecedens
1261 569 1582 639 improbitas
1613 569 1841 622 multum
1881 567 2062 622 adhim

2182 573 2278 625 καὶ
2299 573 2374 635 ὡς
2406 572 2550 644 ἔριον
2585 575 2880 637 λευκαίνει,
2912 576 3017 631 κᾶν
3042 578 3407 658 ’προλαϐοῦσα
3451 585 3486 655 ἠ
3516 585 3760 656 ἁμαρτία

503 670 720 732 tempus
737 662 972 715 animam
998 661 1252 730 pessimis
1273 661 1448 717 modis
1476 660 1745 725 infecerit,
1767 668 1821 715 et
1848 660 2062 716 formant

2184 663 2365 734 πολλῷ
2414 666 2591 736 χρόνῳ
2642 666 2951 737 κατέϐλαψε
3000 668 3100 742 τὴν
3140 671 3319 743 ψυχὴν
3375 675 3618 743 φαύλως,
3666 680 3760 732 καὶ

501 753 625 823 ejus
653 754 708 807 in
742 752 904 807 aliam
932 753 1286 808 converterit.

2184 756 2719 828 μεταμεμόρφωκεν.

572 885 773 942 CCXL.
806 915 877 926 —
908 882 1196 940 JULIANO
1214 882 1717 1009 bl‘iéllf‘lllJESlARUM
1756 881 2008 937 DEFEN-

2369 872 2497 925 ΣΜι.
2521 901 2592 910 -
2620 872 2948 945 ιοΥΑιΑΝο
2984 866 3577 955 ΕΚΚΑΗΣΙΕΚᾸΙΚᾩ.

572 1067 982 1124 Obcaecatorum
1043 1064 1187 1135 apud
1249 1063 1566 1120 Hierichum
1620 1061 1746 1133 biga
1801 1058 2062 1116 Salvator

2263 1050 2327 1105 Ἠ
2362 1049 2591 1119 συζυγία
2615 1053 2722 1104 τῶν
2750 1052 2807 1105 ὲν
2844 1051 3056 1123 ’Ῑεριχὼ
3088 1051 3305 1122 τυφλῶν
3334 1054 3464 1110 ἐϐόα
3491 1056 3632 1129 πρὸς
3663 1057 3758 1111 τὸν

501 1161 772 1216 clamabat
801 1179 813 1215 :
838 1178 857 1212 ι
889 1159 1157 1214 Miserere
1171 1156 1369 1222 nostri,
1390 1154 1639 1218 Domine,
1663 1154 1734 1207 fili
1761 1151 1929 1206 David
1948 1151 2025 1219 ⁸⁶;
2052 1169 2062 1203 ι

2186 1142 2449 1214 Σωτῆρα·
2507 1162 2525 1195 ι
2578 1143 2828 1215 Ἐλέησον
2880 1144 3051 1214 ἡμᾶς,
3104 1144 3300 1217 Κύριε,
3353 1147 3438 1201 υἱὲ
3479 1150 3679 1203 Δαυῖδ’
3732 1168 3751 1201 ι

502 1248 644 1305 Deus
681 1249 824 1303 enim
862 1262 923 1303 es
949 1247 1203 1315 idemque
1230 1245 1415 1299 homo.
1458 1262 1476 1295 ‹
1509 1242 1768 1298 Miserere
1797 1240 2014 1306 nostri;
2051 1259 2062 1290 ι

2178 1233 2310 1296 Θεὸς
2337 1233 2446 1305 γὰρ
2479 1234 2764 1305 ὑπάρχεις,
2796 1233 2892 1288 καὶ
2925 1233 3210 1306 ἄνθρωπος
3240 1238 3269 1289 6
3290 1237 3480 1303 αὐτός’
3522 1259 3541 1291 ‹
3565 1241 3758 1313 Ἐλέη-

500 1350 655 1394 tuum
689 1340 834 1395 enim
870 1337 1141 1394 auxilium
1176 1335 1533 1399 invocamus;
1573 1342 1629 1389 et
1661 1348 1728 1387 ex
1757 1330 1953 1387 mediis
1993 1338 2062 1386 te-

2179 1341 2272 1377 σον
2295 1325 2443 1395 ἡμᾶς
2462 1342 2474 1353 ·
2514 1344 2533 1376 ι
2573 1324 2634 1377 σὲ
2672 1328 2781 1395 γάρ
2808 1323 3081 1394 καλοῦμεν
3110 1323 3303 1397 βοηθόν
3322 1344 3335 1356 ’
3369 1328 3429 1382 σὲ
3457 1330 3758 1386 ἐπικαλού-

500 1433 722 1498 nebris,
771 1439 1041 1500 nocteque
1075 1429 1431 1500 imploramus
1463 1428 1602 1483 lucis
1632 1442 1697 1481 ac
1729 1425 2062 1481 tenebrarum

2180 1417 2322 1488 μεθα
2355 1420 2418 1471 ἐκ
2470 1416 2640 1487 μέσης
2672 1415 2867 1487 ἀχλύος
2916 1417 3013 1470 καὶ
3060 1417 3257 1482 νυκτὸς
3284 1418 3375 1475 τὸν
3418 1420 3512 1476 τοῦ
3575 1424 3759 1492 φωτὸς

500 1524 814 1587 Dominum,
844 1524 935 1593 qui
966 1530 1249 1593 percutere
1289 1529 1344 1576 et
1375 1520 1589 1575 medere
1620 1518 1801 1585 vales;
1829 1517 1924 1588 qui
1955 1530 2054 1572 nec

2176 1511 2272 1564 καί
2298 1509 2392 1563 τοῦ
2424 1509 2648 1572 σκότους
2678 1507 2902 1577 Κύριον,
2923 1508 3016 1562 τὸν
3037 1508 3235 1578 πλῆξαι
3284 1512 3380 1566 καὶ
3413 1511 3757 1585 θεραπεῦσαι

498 1616 739 1678 tradere,
772 1615 1006 1685 indeque
1035 1613 1102 1667 ad
1135 1614 1301 1668 vitam
1336 1610 1543 1667 referre
1571 1609 1717 1680 potis
1748 1624 1830 1664 es.
1860 1607 2062 1674 Ne,hu-

2176 1602 2494 1672 δυνάμενον,
2514 1600 2607 1654 τὸν
2633 1600 2942 1655 θανατῶσαι
2968 1602 3065 1656 καὶ
3089 1603 3426 1673 ζωοποιῆσαι
3448 1605 3753 1677 ἀρκοῦντα,

499 1706 820 1763 manissime
881 1704 1130 1771 Domine,
1174 1701 1673 1775 praetergrediaris;
1704 1700 1799 1770 qui
1829 1698 2062 1754 misereri

2182 1693 2257 1766 μὴ
2288 1693 2657 1765 παραδράμῃς
2685 1693 2853 1763 ἡμᾶς,
2876 1692 3225 1767 φιλάνθρωπε
3257 1696 3522 1752 Δέσποτα.
3562 1699 3755 1771 Ἐλέη-

497 1795 669 1861 nosti,
728 1794 903 1849 nostri
971 1794 1252 1850 miserere.
1300 1789 1487 1846 Turha
1540 1804 1671 1844 vero
1718 1802 1841 1843 cum
1884 1787 2062 1853 nollet,

2180 1803 2271 1840 σον
2303 1786 2477 1867 ἡμᾶς,
2501 1784 2529 1837 6
2577 1784 2798 1854 ἐλεῆσαι
2830 1784 3005 1849 εἰδὼς.
3048 1786 3107 1841 Ὅ
3147 1788 3205 1841 δὲ
3244 1788 3400 1859 ὄχλος
3450 1790 3525 1861 μὴ
3560 1790 3755 1861 βουλό-

494 1885 776 1941 Christum
827 1884 996 1939 David
1039 1883 1260 1949 Filium,
1311 1882 1407 1938 sed
1462 1879 1620 1935 fabro
1656 1879 1896 1951 genitum
1927 1878 2062 1933 voci-

2178 1896 2347 1950 μενος
2384 1879 2475 1931 τὸν
2511 1877 2743 1947 Χριστὸν
2780 1878 3062 1933 καλεῖσθαι
3098 1880 3225 1933 Υίὸν
3260 1881 3442 1947 Δαυῖδ,
3487 1883 3628 1938 ἀλλά
3660 1885 3754 1938 τέ-

497 1987 613 2033 tare
647 1978 713 2041 ⁸⁷,
751 1977 911 2033 caecis
946 1976 1084 2030 irata
1119 1974 1457 2046 increpabat,
1498 1979 1557 2026 ut
1586 1978 1835 2027 tacerent
1865 1988 1879 2026 :
1911 1977 1967 2024 at
1995 1969 2062 2024 illi

2175 1987 2360 2033 κτονος
2382 1969 2590 2034 τέκνον,
2623 1968 2902 2039 ὀργίζοντο
2920 1971 3031 2033 τοῖς
3061 1970 3302 2040 τυφλοῖς,
3333 1973 3428 2026 καὶ
3452 1975 3753 2047 ὲπετίμουν

494 2068 667 2139 magis
696 2083 759 2123 ac
788 2068 961 2139 magis
988 2067 1176 2123 eadem
1199 2065 1511 2121 clamabant
1534 2063 1600 2117 ⁸⁸.
1629 2061 1697 2116 Ει
1716 2062 1869 2118 stetit
1890 2060 2062 2115 Domi-

2173 2061 2378 2123 αὐτοῖς,
2411 2060 2498 2112 ἵνα
2551 2060 2941 2129 σιωπήσωσινο
2977 2061 3026 2113 οἱ
3056 2060 3112 2114 δὲ
3148 2060 3412 2132 μειζόνως
3439 2065 3753 2137 ἐκέκραξα-,ρ

491 2174 597 2214 nus
622 2158 800 2221 Jesus,
822 2173 947 2212 cum
974 2155 1145 2213 Filius
1165 2154 1337 2209 David
1358 2160 1672 2209 vocaretur.
1697 2151 1861 2208 Stetit
1889 2149 2062 2217 Jesus,

2169 2153 2271 2225 τὴν
2326 2152 2498 2223 αὐτὴν
2554 2152 2759 2221 φωνήν.
2812 2151 2983 2222 Ἐστη
3033 2150 3091 2204 δὲ
3138 2154 3168 2205 6
3224 2153 3503 2226 Δεσπότης
3540 2156 3751 2228 Ἰησοῦς

495 2251 589 2320 qui
615 2265 766 2304 mare
792 2257 943 2305 stare
976 2246 1198 2313 fecerat,
1228 2247 1321 2318 qui
1350 2259 1663 2301 mensuram
1699 2243 1864 2298 undis
1894 2242 2071 2313 praefi-

492 2348 666 2403 xerat,
699 2340 792 2409 qui
837 2338 1019 2394 ventis
1060 2338 1327 2393 terminos
1370 2343 1651 2408 posuerat.
1695 2333 1859 2391 Stetit
1886 2332 2069 2400 Jesus,

490 2432 585 2503 qui
612 2433 812 2487 coelum
849 2429 927 2484 uti
974 2430 1237 2485 fornicem
1286 2427 1589 2484 constituit.
1636 2425 2070 2482 Admirationem

489 2522 787 2593 aliquando
812 2521 992 2577 ciebat
1020 2519 1168 2575 Nave
1201 2518 1344 2573 illius
1371 2517 1532 2575 Iesus
1553 2558 1568 2583 ,
1604 2518 1859 2590 precibus
1898 2517 2067 2572 solem

490 2624 549 2668 ut
580 2623 750 2669 staret
776 2613 1017 2669 eﬂiciens
1040 2612 1108 2667 ⁸⁹.
1148 2611 1252 2666 Sed
1284 2610 1415 2682 quid
1451 2611 1542 2666 ille
1573 2610 1641 2665 ad
1670 2609 1807 2666 duos
1833 2610 1934 2666 bos
1963 2624 2070 2665 caa-

488 2721 621 2768 cos,
658 2706 753 2775 qui
795 2704 1074 2759 Christum
1118 2713 1266 2759 stare
1310 2702 1553 2759 fecerant
1580 2703 1812 2773 iustitiae
1860 2702 2064 2769 Solem,

489 2814 599 2853 non
634 2798 981 2852 necessitatis
1010 2796 1240 2867 imperio
1270 2796 1401 2861 ullo,
1433 2795 1530 2851 sed
1571 2810 1732 2867 prece
1752 2803 1807 2851 et
1833 2794 2068 2851 advoca-

489 2889 669 2944 tione?
708 2888 772 2941 Et
814 2888 891 2941 ait
938 2889 1008 2942 ad
1046 2888 1170 2941 illos
1214 2887 1516 2943 Dominus:
1557 2906 1577 2939 ‹
1610 2885 1753 2953 Quid
1785 2888 1971 2952 vultis,
2008 2898 2067 2943 ut

489 2982 684 3036 faciam
708 2982 869 3037 vobis
890 2981 976 3035 "'I
1013 3000 1032 3033 ι
1057 2979 1333 3050 Quidquid
1364 2980 1630 3052 placuerit
1654 2980 1928 3050 praestabo
1964 2994 2062 3035 vo-

2170 2246 2411 2308 ἀκούσας
2450 2243 2586 2309 Υἱὸς
2617 2242 2798 2297 Δαυΐδ
2818 2261 2833 2275 ο
2872 2241 3002 2313 ἔστη
3036 2243 3245 2314 Ἰησοῦς
3273 2246 3302 2297 6
3334 2244 3432 2316 τήν
3469 2247 3750 2304 Θάλασσαν

2172 2338 2401 2409 στήσας,
2448 2338 2477 2391 6
2520 2335 2697 2407 μέτρα
2734 2336 2977 2407 κύμασιν
3014 2334 3311 2400 ἐπιϐαλὼν,
3365 2339 3394 2390 6
3433 2339 3749 2410 πνεύμασιν

2169 2432 2331 2502 ὄρους
2365 2429 2610 2493 ὲπιθείς’
2664 2427 2795 2500 ἔστη
2836 2427 3043 2499 Ἰησοῦς
3086 2429 3115 2482 6
3148 2429 3351 2499 στήσας
3377 2430 3469 2483 τὸν
3512 2432 3748 2503 οὐρανὸν

2167 2523 2242 2586 ὡς
2273 2521 2552 2594 καμάραν.
2586 2520 2958 2592 Ἐθαυμάζετό
2988 2538 3117 2575 ποτε
3143 2521 3172 2575 6
3194 2520 3288 2574 τοῦ
3316 2522 3474 2594 Ναυῆ
3509 2522 3745 2595 Ἰησοῦς,

2166 2612 2318 2685 ἥλιον
2344 2611 2433 2666 διὰ
2464 2609 2777 2682 προσευχῆς
2809 2611 3014 2682 στήσας
3037 2627 3053 2641 ’
3088 2610 3228 2665 ἀλλὰ
3260 2610 3313 2665 τί
3347 2611 3486 2682 πρὸς
3515 2612 3746 2678 τούτους

2164 2705 2292 2767 τοὺς
2319 2704 2411 2757 δύο
2435 2702 2669 2772 τυφλοὺς
2699 2703 3007 2775 στήσαντας
3032 2703 3267 2775 Χριστὸν
3288 2704 3381 2759 τὸν
3406 2704 3507 2775 τῆς
3528 2705 3740 2759 δικαιο-

2168 2793 2333 2864 σύνης
2357 2794 2529 2865 ἣλιον,
2556 2793 2656 2846 οὐκ
2682 2791 2931 2863 ἀνάγκης
2955 2793 3360 2864 προστάγματι,
3390 2792 3508 2848 ἀλλ’
3534 2795 3740 2868 ἱκεσίᾳ,

2165 2879 2261 2933 καὶ
2290 2879 2672 2951 παρακλήσει;
2705 2879 2815 2934 Καί
2861 2896 2994 2952 φησι
3023 2880 3161 2952 πρὸς
3205 2882 3400 2947 αὐτοὺς
3436 2885 3465 2937 6
3493 2884 3704 2955 Κύριος
3723 2902 3737 2917 ·

2172 2990 2191 3024 ι
2227 2974 2298 3027 Τί
2331 2973 2515 3027 θέλετε
2570 2974 2657 3026 ἵνα
2688 2975 2904 3045 ποιήσω
2940 2976 3105 3045 ὑμῖν;
3138 2994 3158 3028 ι
3191 2976 3367 3047 Ὅπερ
3409 2977 3507 3031 ἐὰν
3540 2977 3740 3050 βουλη-

488 3075 596 3139 bis,
626 3081 887 3144 tanquam
918 3073 1044 3129 caeli
1086 3080 1352 3143 terraeque
1384 3072 1663 3128 Dominus.
1692 3071 1908 3127 Pudore
1929 3087 2060 3143 gen-

2167 3064 2299 3135 θῆτε
2331 3061 2553 3135 παρέξω
2592 3064 2740 3136 ὑμῖν,
2774 3065 2849 3129 ὡς
2890 3065 3095 3138 Κύριος
3118 3066 3216 3121 τοῦ
3245 3067 3479 3139 οὐρανοῦ
3510 3069 3610 3124 καὶ
3640 3070 3739 3141 τῆς

488 3173 571 3221 tes
614 3165 963 3235 haereticique
1007 3163 1334 3228 atliciantur,
1378 3165 1473 3235 qui
1518 3181 1625 3220 non
1671 3163 1855 3219 omnia
1900 3162 2059 3236 243

486 3271 826 3327 quaecunque
850 3257 1084 3311 voluerit
1105 3254 1381 3321 Christus,
1407 3271 1574 3326 opere
1606 3263 1870 3327 praestare
1899 3270 2061 3326 posse

488 3358 825 3404 asseverant.
861 3368 880 3400 ι
919 3348 1061 3416 Quid
1101 3350 1292 3417 vultis,
1324 3357 1386 3404 ut
1414 3350 1571 3407 vobis
1604 3350 1840 3406 faciam?
1875 3369 1894 3403 ι
1932 3349 1991 3405 Si
2028 3364 2060 3404 a

484 3456 572 3496 me
602 3442 764 3511 inope
803 3441 1063 3510 pecunias
1101 3441 1402 3511 petieritis,
1432 3440 1639 3497 fontem
1661 3442 1778 3497 auri
1801 3441 2055 3497 exhibeo.

484 3531 750 3589 Dominus
776 3533 919 3587 enim
948 3533 1137 3603 inopes
1166 3532 1295 3588 facit
1324 3542 1380 3589 et
1400 3533 1615 3602 divites,
1643 3534 1737 3604 qui
1761 3534 2057 3599 Abraham,

483 3637 539 3679 et
567 3624 690 3691 Job,
722 3632 776 3679 et
807 3623 973 3678 David
1004 3623 1312 3681 fortunatos
1342 3624 1467 3681 illos
1496 3625 1746 3683 homines
1764 3626 1974 3683 divitiis
1996 3642 2060 3681 ac

481 3716 680 3785 opibus
707 3714 988 3769 oneravit:
1020 3715 1065 3769 si
1090 3714 1292 3771 imbres
1319 3714 1605 3771 demittere
1628 3717 1915 3787 petieritis,
1946 3726 2060 3773 sta-

487 3811 586 3862 tim
615 3816 909 3872 corruent;
940 3805 987 3862 si
1021 3805 1200 3862 fontes
1240 3807 1400 3878 panis
1429 3808 1585 3865 vobis
1629 3809 1920 3880 impertiri,
1945 3810 2057 3880 jam

482 3899 588 3953 sub
617 3914 782 3954 manu
814 3907 944 3952 sunt
970 3914 983 3952 :
1019 3897 1278 3967 operibus
1309 3895 1453 3968 ipsis
1476 3900 1857 3969 probationem
1893 3900 2062 3956 habe-

483 3991 590 4055 tis;
618 3989 667 4044 si
695 4003 890 4059 aquam
920 3988 976 4042 in
1007 3988 1195 4042 vinum
1235 3996 1597 4055 commutare,
1645 3997 1810 4046 testes
1847 3998 1976 4046 sunt
2003 3990 2058 4046 in

480 4080 630 4135 Cana
662 4080 971 4149 nuptiarum
1014 4087 1278 4134 crateres.
1313 4078 1457 4135 Caeci
1488 4096 1618 4137 vero
1656 4084 2061 4153 responderunt

480 4163 765 4217 dicentes:
798 4181 816 4214 ι
852 4161 1100 4223 Domine.
1133 4170 1192 4217 ut
1219 4163 1538 4233 aperiantur
1566 4166 1711 4221 oculi
1741 4167 1917 4224 nostri
1946 4168 2051 4222 ⁹¹.›

481 4251 588 4316 Τιι,
618 4250 860 4317 Domine,
888 4253 983 4323 qui
1010 4253 1356 4322 percussisti,
1396 4270 1563 4324 sana;
1599 4257 1859 4315 miserere
1886 4261 2061 4316 nostri

482 4356 651 4406 nunc,
675 4342 768 4411 qui
803 4351 963 4397 antea
1009 4342 1092 4396 ira
1139 4343 1400 4401 incensus
1441 4346 1663 4403 fueras:
1697 4365 1844 4405 nunc
1878 4351 2058 4407 denuo

2161 3157 2285 3227 γῆς.
2318 3154 2590 3227 Δίσχύνην
2632 3157 2960 3227 ὀφλήσουσιν
3008 3159 3059 3212 οἱ
3104 3158 3216 3215 τῶν
3265 3160 3597 3233 αίρετικῶν,
3644 3163 3741 3217 καὶ

2160 3248 2267 3302 τῶν
2305 3248 2575 3319 Ἑλλήνων
2606 3249 2795 3313 παῖδες
2832 3250 2881 3302 οἱ
2912 3250 3162 3319 λέγοντες
3182 3268 3198 3285 ο
3230 3252 3343 3323 Οὐχ
3372 3254 3473 3306 ὅσα
3503 3254 3741 3325 Χριστὸς

2164 3339 2432 3411 βούλεται,
2464 3340 2635 3394 ταῦτα
2664 3341 2758 3394 καὶ
2782 3345 2959 3396 ποιεῖν
2989 3341 3237 3398 δύναται.
3270 3362 3291 3397 ι
3322 3345 3388 3397 Τί
3415 3344 3627 3410 θέλετε,
3652 3346 3741 3400 ἵνα

2162 3435 2373 3505 ποιήσω
2397 3432 2558 3503 ὑμῖν;
2586 3450 2606 3484 ι
2637 3432 2763 3486 Ἐὰν
2786 3434 3049 3504 αἰτήσητέ
3075 3453 3143 3506 με
3172 3437 3431 3508 χρήματα
3455 3437 3551 3492 τὸν
3572 3439 3743 3510 ἀκτή-

2165 3541 2304 3596 μονα
2349 3523 2556 3589 δοῦναι,
2592 3525 2776 3596 πηγὴν
2831 3525 3034 3595 χρυσοῦ
3086 3529 3343 3600 χορηγῶ·
3373 3528 3583 3601 Κύριος
3633 3532 3743 3604 γάρ

2161 3618 2447 3690 πτωχίζει,
2490 3617 2583 3671 καὶ⁵
2609 3615 2908 3683 πλουτίζει,
2941 3619 2971 3672 6
3008 3618 3304 3685 πλουτίσας
3330 3620 3425 3676 τὸν
3462 3622 3740 3695 Ἁϐραάμ,

2161 3710 2374 3765 καὶτὸν
2412 3708 2552 3774 Ἰὼϐ,
2590 3709 2685 3764 καὶ
2731 3709 2823 3763 τόν
2858 3710 3023 3764 Δαυτδ
3065 3713 3191 3777 τοὺς
3239 3718 3617 3787 μακαριστοὺς
3645 3718 3740 3773 ἄν-

2159 3802 2321 3873 δραςο
2371 3802 2469 3857 ἐὰν
2521 3802 2759 3873 ὄμϐρους
2796 3803 3109 3858 ἐπιϐάλλειν
3157 3806 3497 3879 ίκετεύσητε,
3533 3811 3739 3875 εὐθέως

2142 3895 2506 3965 γενήσονται·
2570 3895 2666 3948 ὲάν
2726 3896 2931 3966 πηγὰς
2963 3897 3147 3968 ἄρτων
3196 3899 3527 3971 χαρίσασθαι
3586 3903 3736 3974 ὑμῖν,

2162 3987 2393 4058 ἑτοίμως
2415 3986 2759 4059 παρέξομαι·
2785 3986 2937 4059 ἔχετε
2958 3991 3071 4052 τοῖς
3098 3989 3281 4061 ἔργοις
3308 3990 3407 4064 τήν
3426 3993 3703 4061 ἀπόδειξιν
3721 4015 3737 4028 ·

2161 4079 2257 4133 ἐὰν
2305 4079 2631 4150 μεταϐαλεῖν
2670 4079 2816 4152 ὕδωρ
2864 4080 2944 4144 είς
2983 4076 3146 4145 οἶνον,
3197 4083 3477 4157 μάρτυρες
3527 4087 3582 4140 οί
3630 4087 3741 4143 τῶν

2161 4170 2357 4242 γάμων
2382 4173 2660 4243 κρατῆρες
2698 4172 2757 4225 ὲν
2788 4174 2854 4243 τῇ
2886 4173 3063 4244 Κανᾷ.
3095 4175 3157 4228 Oi
3195 4174 3254 4227 δὲ
3283 4174 3478 4245 τυφλοῖ.
3504 4178 3741 4251 ἀπεκρί-

2134 4278 2322 4316 νναντο
2377 4263 2626 4333 λέγοντες
2652 4280 2666 4295 ο
2716 4284 2734 4316 ι
2760 4264 2955 4337 Κύριε,
3010 4266 3097 4319 ἵνα
3146 4267 3438 4337 ἀνοιγῶσιν
3476 4271 3639 4341 ήμῶν
3690 4275 3741 4327 οἱ

2136 4354 2452 4425 ὀφθαλμοί.
2490 4374 2507 4406 ι
2536 4354 2727 4422 Αὐτὸς,
2756 4356 3021 4420 Δέσποτα,
3046 4358 3075 4409 6
3101 4357 3333 4429 πλήξας,
3368 4359 3741 4432 θεράπευσον*

479 4433 673 4487 oculos
711 4433 983 4504 confinge,
1011 4434 1106 4504 qui
1137 4444 1347 4491 natura:
1380 4448 1574 4493 auctor
1597 4454 1691 4506 es;
1723 4442 1872 4510 aperi
1898 4443 2059 4498 lumi—

2166 4446 2385 4517 ἐλέησον
2435 4448 2582 4518 ἡμᾶς
2632 4447 2729 4500 νῦν
2775 4449 2803 4499 6
2858 4448 3122 4520 πρότερον
3177 4450 3484 4521 ὀργισθείςο
3531 4454 3744 4509 πλάσον

480 4525 567 4578 nis
598 4522 803 4587 radios,
843 4524 935 4592 qui
975 4523 1330 4578 tenebrarum
1364 4533 1551 4595 portas
1592 4529 1859 4585 occludis.
1894 4548 1912 4580 ι
1952 4529 2057 4583 Mi-

2166 4539 2343 4593 πάλιν·
2366 4540 2677 4611 ὀφθαλμοὺς
2722 4541 2752 4592 6
2803 4539 2904 4609 τῆς
2952 4540 3167 4610 φύσεως
3219 4545 3486 4615 ποιητής’
3526 4547 3745 4615 ἄνοιξον

480 4625 662 4671 sertus
711 4626 891 4669 autem
936 4613 1119 4680 Jesus,
1152 4615 1331 4687 tetigit
1371 4618 1568 4675 oculos
1603 4635 1816 4685 eorum,
1848 4630 1902 4677 et
1926 4637 2059 4678 con-

2166 4630 2343 4699 φωτὸς
2367 4629 2562 4698 αὐγάς,
2611 4630 2641 4682 6
2668 4630 2765 4683 τοῦ
2802 4631 3029 4694 σκότους
3057 4630 3157 4695 τὰς
3205 4632 3375 4702 θύρας
3407 4613 3740 4691 άποκλείων.

480 4707 661 4761 festitn
710 4705 967 4761 viderunt
1017 4708 1083 4762 θ’.
1124 4724 1142 4757 ι
1198 4705 1319 4769 Ubi,
1354 4723 1590 4778 namque
1636 4708 1797 4767 Jesus
1847 4714 2053 4783 tangit,

2171 4744 2189 4775 ι
2218 4721 2652 4791 Σπλαγχνισθεὶς
2694 4722 2751 4776 δὲ
2778 4724 2807 4775 6
2845 4723 3047 4794 Ἰησοῦς
3087 4724 3265 4794 ἥψατο
3301 4726 3411 4780 τῶν
3444 4728 3745 4801 ὀφθαλμῶν

480 4798 666 4852 omnia
691 4798 747 4851 in
779 4800 1061 4855 meliorem
1106 4803 1327 4856 modum
1376 4800 1758 4858 immutantur.
1795 4802 2057 4860 Viderunt

2167 4814 2368 4877 αὐτῶν,
2399 4812 2494 4867 καὶ
2523 4812 2685 4876 εὐθὺς
2704 4812 3027 4882 ἀνέϐλεψαν.
3063 4832 3082 4865 ι
3124 4814 3295 4870 Ἔνθα
3329 4817 3437 4888 γὰρ
3462 4819 3491 4872 6
3527 4798 3744 4890 Ἰησοῦς

481 4891 667 4960 itaque
695 4891 827 4945 caeci
856 4891 1061 4962 duplex
1098 4893 1301 4959 lumen,
1338 4892 1569 4948 alterum
1592 4898 1902 4950 communis
1925 4896 2053 4963 diei,

2164 4904 2418 4969 ἅπτεται,
2469 4906 2648 4958 πάντα
2697 4904 2834 4976 πρὸς
2876 4904 2969 4958 τὸν
3025 4906 3290 4976 ἀμείνονα
3340 4910 3744 4977 μεταϐάλλεται

480 4980 714 5034 alterum
741 4980 909 5048 illius,
941 4983 1035 5052 qui
1069 4998 1164 5037 eos
1207 4993 1516 5049 sanaverat,
1548 4984 1791 5040 caelestis
1834 4985 2053 5052 medici,

2163 4995 2383 5065 τρόπον.
2409 4994 2548 5048 ’Ἱδον
2596 4994 2782 5049 λοιπὸν
2814 4996 2865 5049 oi
2913 4995 3106 5065 τυφλοί¹
3147 4997 3371 5052 διπλοῦν
3402 5000 3466 5053 τὸ
3496 5003 3641 5070 φῶς,
3680 5003 3743 5058 τὸ

477 5079 533 5126 et
567 5071 901 5137 animorum,
942 5082 996 5128 et
1044 5089 1378 5145 corporum;
1422 5082 1477 5130 et
1528 5076 1711 5130 lumen
1757 5077 1809 5132 in
1852 5078 2058 5137 lumine

2168 5085 2265 5153 μὲν
2297 5084 2398 5155 τῆς
2443 5085 2626 5155 κοινῆς
2675 5084 2908 5155 ἡμέρας,
2957 5086 3018 5139 τὸ
3065 5086 3124 5139 δὲ
3166 5087 3262 5141 τοῦ
3298 5088 3743 5160 θεραπεύσαντος

478 5162 837 5232 resplenduit.
866 5162 1006 5219 llinc
1035 5177 1360 5237 recuperato
1380 5168 1584 5224 lumine
1600 5184 1755 5240 teque
1775 5187 1839 5226 ac
1863 5171 2059 5231 Petrus

2163 5176 2410 5247 οὐρανίου
2447 5174 2631 5246 ἰατροῦ
2667 5177 2761 5229 καὶ
2790 5176 3000 5246 ψυχῶν,
3033 5177 3127 5231 καὶ
3168 5180 3458 5251 σωμάτων·
3495 5184 3594 5237 καὶ
3624 5184 3743 5254 φῶς

478 5262 534 5308 et
576 5253 825 5311 Andreas
870 5254 1055 5311 Jesum
1110 5269 1453 5329 sequuntur;
1487 5268 1541 5314 et
1574 5262 1854 5320 venientes
1898 5263 2059 5321 Beth-

2163 5268 2215 5319 ἐν
2239 5268 2377 5337 φωτὶ
2399 5267 2714 5337 διέλαμψεν.
2746 5267 2909 5322 Ὅθεν
2933 5267 3331 5340 ἀναϐλέψαντες
3352 5253 3742 5331 ἀκολουθοῦσιν

481 5348 674 5415 phage,
719 5348 873 5402 novis
902 5351 1081 5406 oculis
1126 5352 1316 5407 vident
1350 5367 1411 5406 ex
1462 5351 1665 5408 Davide
1712 5358 2056 5426 progenitum

2163 5358 2233 5429 τῷ
2276 5358 2471 5430 Ἰησοῦ,
2506 5359 2581 5422 ὡς
2609 5359 2835 5431 Πέτρος,
2865 5361 2958 5413 καὶ
2996 5360 3271 5431 Ἀνδρέας,
3301 5363 3395 5415 καὶ
3422 5365 3741 5432 ἀνελθόντες

481 5436 677 5492 faustis
702 5453 993 5506 puerorum
1030 5443 1522 5499 acclamationibus
1554 5456 1840 5515 exceptum
1866 5464 2057 5504 recen-

2163 5452 2237 5513 εἰς
2270 5450 2560 5522 Βηθφαγὴ,
2608 5449 2749 5514 νέοις
2788 5450 3090 5521 ὀφθαλμοῖς
3124 5451 3434 5522 βλέπουσιν,
3477 5457 3588 5511 ὑπὸ
3612 5459 3739 5514 παί-

582 5612 1093 5695 ⁸⁶,ἒιξιιιζι.ειξε,ιι9.
1170 5626 1213 5657 ιτ
1247 5624 1435 5682 Matth.
1468 5629 1713 5689 xm.65.
1778 5628 1824 5662 εδ
1865 5627 2291 5695 Matth.xx,31.

479 5680 508 5709 ,⁵,
582 5626 627 5644 ³³
666 5626 981 5703 διξημιεεικ,
1006 5626 1093 5679 '29.
1170 5626 1213 5657 ⁸⁷
1247 5626 1435 5682 Matth.
1468 5643 1588 5689 xm,
1613 5629 1713 5688 65..
1778 5628 1824 5662 ⁸⁸
1865 5627 2053 5684 Matth.

478 5682 568 5737 αὖ.
641 5685 686 5716 ⁸³
715 5687 845 5741 thld.
877 5690 965 5742 δάν.

2163 5672 2169 5694 ,
2203 5629 2291 5683 51.
2402 5629 2444 5660 ⁸³
2470 5626 2654 5684 Jusue.
2687 5644 2743 5693 κ,
2782 5627 2868 5681 13.
2945 5630 2991 5662 ⁹⁰
3018 5629 3206 5686 Matth.
3246 5649 3337 5699 xx,
3372 5634 3462 5689 52.
3525 5636 3575 5670 ’ί
3606 5636 3736 5695 ibid;
