3850 6218
210 281 318 349 325
1394 283 1935 346 EPISTOLARUM
1974 284 2120 344 LIB.
2166 283 2248 342 II.
3370 276 3474 339 39.6

210 399 318 451 δων
347 396 442 451 τὸν
469 397 534 450 ἐκ
562 397 726 455 Δαυῖδ
756 396 1175 470 εὐφημούμενον
1195 398 1308 461 τοῖς
1329 397 1467 461 νέοις
1494 399 1604 452 τῶν
1636 416 1730 468 φοι

1955 399 2054 454 bus
2085 398 2390 468 palmarum
2426 394 2669 452 surculis
2698 408 2845 460 eum,
2875 392 2965 462 qui
3001 406 3217 461 semper
3248 408 3386 446 nova
3422 403 3475 445 et

215 508 327 543 κων
357 489 733 561 βλαστήμασι,
783 491 875 544 τὸν
919 491 1010 543 ἀεὶ
1068 491 1195 555 ξένα
1228 490 1485 544 ποιοῦντα
1507 490 1600 543 καὶ
1621 507 1735 562 παρ

1904 496 2099 560 praeter
2126 487 2593 558 exspectationem
2617 500 2834 541 omnem
2877 484 3141 537 miracula
3174 486 3401 554 peragit.

212 582 339 647 δοξα
372 582 655 652 θαύματα.

372 718 379 723 .
457 674 635 729 XMA'.
661 704 733 713 —
759 674 1085 747 ΕΠΙΦΑΝΙῼ
1123 676 1560 748 ΛΝΑΓΝΩΣἹᾘ.

2056 662 2219 735 2M
2247 658 2470 716 CCXLI.
2501 690 2571 699 —
2601 657 2969 713 EPIPHANIO
3000 656 3312 711 LECTORI.

300 762 607 833 Ἠθέλησας
636 762 851 833 μαθεῖν,
890 764 944 815 τί
983 762 1093 834 ἆρα
1120 765 1423 834 παραδηλοῖ
1446 766 1506 817 τὸ
1548 766 1709 837 δέρας
1740 765 1801 818 τὸ

1976 754 2200 810 Discere
2248 755 2428 823 cupis,
2483 751 2616 822 quid
2646 751 2807 822 pellis
2860 751 2976 814 illa,
3012 764 3177 819 quam
3235 765 3303 803 ex
3369 749 3476 803 alto

215 858 276 923 ἐξ
316 856 489 925 ὕψους
526 856 678 927 παρὰ
706 855 801 908 τοῦ
843 854 1021 909 Ἦλιοῦ
1066 855 1145 927 τῷ
1188 857 1438 930 Ἐλισαίῳ
1489 860 1735 931 ἐπιρῤιφέ

1955 847 2053 900 lias
2086 846 2267 899 Eliseo
2300 843 2622 913 proiecit”,
2686 842 2790 897 sibi
2840 841 2988 895 velit.
3042 839 3233 894 Discas
3291 840 3475 909 igitur.

216 948 373 1001 Μάθε
427 948 632 1000 τοίνυν.
697 948 760 1000 Ἦ
815 947 926 1019 γὰρ
968 948 1192 1020 μηλωτὴ
1236 928 1421 1022 ἐκείνη
1486 928 1736 1021 νεκροποι

1960 938 2073 993 allis
2099 937 2191 990 illa
2224 944 2500 990 terrenam
2531 948 2750 988 omnem
2777 933 3068 1001 imaginem
3123 930 3246 985 neci
3301 928 3480 984 trade-

216 1037 434 1108 ὑπῆρχε
464 1038 727 1101 παντοίας
760 1039 995 1107 γεώδους
1041 1019 1363 1110 φαντασίας,
1407 1019 1504 1096 οιαὶ
1547 1019 1736 1111 ἐξαφαι

1958 1040 2022 1097 ιι,
2048 1037 2106 1085 et
2134 1042 2353 1084 omnem
2386 1027 2638 1081 innatum
2671 1027 3043 1080 membrorum
3073 1030 3279 1076 motum
3312 1019 3478 1076 Elisei

218 1130 388 1191 ζουσα
422 1131 607 1182 πᾶσαν
632 1131 875 1200 ἔμφυτον
898 1131 1113 1201 κίνησιν
1146 1132 1256 1187 τῶν
1289 1133 1470 1203 μελῶν
1505 1133 1738 1188 Ἐλισαίο

1957 1121 2208 1185 ardebat;
2241 1134 2338 1189 per
2356 1132 2516 1189 quam
2532 1131 2636 1172 non
2656 1127 2784 1173 tunc
2803 1121 3038 1176 tantum,
3074 1121 3132 1167 ut
3162 1113 3351 1168 sensui
3382 1126 3477 1181 pa-

215 1221 281 1272 δι’
320 1215 390 1291 ἦς
423 1222 486 1273 ού
522 1221 681 1291 μόνον
714 1223 776 1275 τὸ
828 1222 1128 1292 τηνικαῦτα
1183 1225 1476 1296 αἰσθητῶς,
1513 1224 1663 1291 ἀλλὰ,
1709 1243 1735 1277 κ

1960 1212 2078 1275 δεῖ,
2124 1211 2220 1267 sed
2249 1218 2305 1266 et
2339 1224 2510 1271 nunc,
2537 1218 2600 1263 ut
2632 1208 2913 1263 intellectu
2952 1205 3282 1274 concipitur,
3325 1204 3480 1259 carni

215 1313 311 1365 νῦν
331 1313 545 1382 νοητῶς
567 1316 687 1377 ταῖς
715 1314 1019 1386 σαρκώδεσι
1044 1315 1245 1387 ψυχαῖς
1272 1294 1347 1381 ὡς
1377 1316 1607 1370 Θανάτου
1632 1318 1735 1387 ἁμα

1961 1305 2106 1358 timis
2136 1302 2393 1366 addictis,
2418 1307 2679 1369 tanquam
2713 1297 2908 1351 mortis
2944 1297 3184 1366 peccatis
3211 1302 3265 1349 et
3289 1294 3481 1363 impie-

214 1406 336 1467 τίας
386 1406 486 1459 καὶ
536 1385 799 1469 ἀσεϐείας
832 1385 1285 1478 μεμεστωμέναις
1312 1411 1370 1461 ἐν
1412 1412 1479 1479 τῇ
1539 1385 1733 1479 νοουμέ

1968 1395 2117 1449 tibus
2153 1392 2376 1463 repletis
2422 1392 2477 1444 in
2539 1389 2902 1444 intellectuali
2974 1385 3231 1441 Hiericho
3282 1385 3481 1440 divinae

227 1496 443 1567 ἰεριχὼ
467 1497 751 1552 ἐπιϐάλλει
791 1498 919 1561 τοὺς
953 1498 1084 1561 ἃλας
1128 1498 1230 1569 τῆς
1257 1500 1352 1553 tot}
1385 1497 1518 1554 Θεοῦ
1558 1478 1747 1571 χάριτο

1962 1488 2095 1540 'atiae
2121 1486 2291 1539 salem
2328 1481 2614 1552 inspergit,
2647 1489 2700 1535 et
2728 1478 2796 1533 ad
2830 1480 2920 1533 Dei
2945 1478 3154 1533 cultum
3187 1478 3482 1531 virtutum-

214 1589 309 1640 καὶ
361 1566 505 1661 πρὸς
547 1588 860 1644 θεοσέϐειάν
904 1607 963 1642 τε
1013 1590 1109 1644 καὶ
1151 1566 1288 1663 πρὸς
1341 1593 1408 1647 τὸ
1464 1566 1734 1661 τεκγνογονε

1904 1594 2014 1650 que
2044 1580 2484 1647 procreationem
2524 1571 2810 1627 credentes
2844 1585 3035 1625 omnes
3060 1566 3343 1623 transfert.

214 1683 421 1752 ἀρετὰς
448 1680 890 1753 μεταρρυθμίζει
922 1682 1132 1747 πάντας
1160 1685 1286 1747 τοὺς
1315 1686 1692 1751 πιστεύοντας.

378 1748 556 1829 nam.
586 1748 653 1815 ἐζ
673 1748 1001 1848 tomum
1040 1748 1664 1851 ΕΚΚΑΗΣΙΕΚΔΙΚῼί
1831 1761 1876 1817 Β

1977 1755 2229 1812 CCXL".
2257 1784 2325 1795 —
2356 1748 3191 1877 JULIANgngECLESlARUM
3223 1748 3480 1805 DEFEN-

286 1950 599 2020 Ἐνδέχεται
616 1948 1027 2003 ἀπεκδύσασθαι
1049 1950 1174 2013 τοὺς
1191 1953 1481 2022 πορνικοὺς
1495 1952 1806 2023 ὀφθαλμοὺς

1978 1943 2123 1998 Fieri
2156 1950 2355 2012 potest,
2388 1949 2448 1994 ut
2478 1939 2835 1994 fornicationi
2876 1937 3091 1993 deditos
3123 1938 3316 1994 oculos
3361 1953 3486 2009 pre-

215 2046 283 2113 τῇ
309 2041 452 2112 πρὸς
472 2040 606 2093 Θεὸν
631 2041 919 2113 πρεσϐείᾳ,
943 2042 1027 2095 ἵνα
1059 2043 1256 2113 μηκέτι
1280 2045 1494 2115 ὁρῶμεν
1516 2046 1614 2115 τὴν
1642 2046 1735 2115 βέϐ

1965 2039 2063 2091 bus
2103 2037 2167 2090 ad
2201 2035 2367 2090 Deum
2395 2048 2684 2095 exuamur,
2721 2048 2788 2086 ne
2837 2032 2978 2085 ultra
3009 2031 3293 2099 profanam
3324 2032 3484 2085 volu-

215 2132 307 2184 λον
336 2131 535 2202 ἡδονὴν
554 2169 569 2194 ,
600 2130 785 2184 λαϐεῖν
828 2132 884 2183 δὲ
916 2133 979 2185 ἐκ
1013 2136 1232 2202 χάριτος
1261 2136 1468 2204 Κυρίου
1497 2136 1735 2207 ὁῳθαλμο

1972 2138 2113 2182 atem
2170 2124 2556 2195 inspiciamus,
2612 2129 2666 2176 et
2718 2137 2785 2176 ex
2841 2121 3013 2191 gratia
3058 2120 3274 2174 Domini
3312 2134 3486 2177 novos

216 2222 397 2285 νέους,
430 2220 501 2273 δι’
535 2214 609 2273 ὧν
635 2220 822 2274 λοιπὸν
867 2222 966 2290 τῆς
996 2224 1230 2287 εύιλιδους
1268 2226 1362 2277 καὶ
1395 2226 1559 2293 ἁγίας
1590 2244 1736 2298 σωφρ

1968 2222 2101 2275 :ulos
2133 2229 2505 2279 assumamus,
2564 2228 2663 2282 per
2724 2227 2863 2281 quos
2903 2212 3251 2281 postmodum
3305 2210 3488 2267 odora:

218 2313 391 2384 σύνης
448 2312 511 2365 τὸ
556 2311 753 2377 κάλλος
797 2313 1063 2384 ὀψόμεθα,
1102 2315 1196 2369 καὶ
1258 2316 1369 2370 τῶν
1417 2318 1738 2391 φιλορυπάρι

1965 2320 2227 2380 motaeque
2257 2305 2611 2362 continentia:
2642 2303 3119 2374 pulchritudinem
3146 2303 3485 2367 intueamur,

214 2405 494 2477 δαιμόνων
526 2407 625 2470 τὰς
656 2405 809 2476 ὄψεις
844 2407 1148 2477 ραπίσομεν
1171 2407 1671 2480 ἐλευθεριάσαντες.

2014 2402 2261 2458 sordium
2301 2396 2620 2452 amantibus
2666 2394 3010 2448 daemonibus
3060 2394 3277 2460 oculos,
3316 2396 3369 2449 in
3418 2396 3488 2449 li-

1908 2499 2176 2555 bertatem
2199 2491 2490 2557 vindicati,
2526 2491 2825 2544 caadamtts.

434 2584 609 2639 XMI".
644 2611 712 2624 -—
752 2585 1116 2657 ΚΥΠΡΙΑΝῼ
1156 2587 1592 2641 ΔΙΛΗΓᾹΤΟΡΙ.

2070 2583 2343 2642 CCXLI“.
2370 2612 2442 2623 —-
2471 2578 2822 2637 CYPRIANO
2859 2578 3327 2636 DELFTGATORI.

283 2676 607 2746 Θαυμάζειν
641 2676 799 2746 ἔφης,
824 2677 964 2733 διατί
1002 2679 1122 2749 οὐχί
1153 2679 1293 2734 κατὰ
1317 2681 1419 2749 τῆς
1448 2681 1689 2752 κεφαλῆς
1712 2680 1803 2736 τοῦ

1970 2671 2250 2729 Adtnirari
2272 2682 2324 2725 te
2343 2668 2447 2734 ais,
2471 2681 2766 2737 quamnam
2788 2665 3105 2734 obﬁcausam
3139 2678 3245 2717 non
3270 2678 3365 2732 per
3386 2676 3482 2714 ca-

226 2768 491 2839 ⁹Δϐραὰμ
530 2768 751 2839 ὀμνύειν
783 2770 813 2821 ὁ
855 2771 1034 2841 τίμιος
1073 2772 1183 2824 τῶν
1216 2772 1423 2826 παίδων
1455 2774 1746 2845 πεμπόμεν

1967 2772 2003 2818 ιι
2022 2763 2255 2819 Abrahae
2275 2759 2612 2817 honorabilis
2630 2772 2822 2815 servus
2842 2758 2898 2812 in
2919 2754 3366 2826 Mesopotamiam
3390 2752 3487 2806 ab-

214 2862 297 2924 εἰς
323 2860 780 2930 Μεσοποταμίαν,
812 2860 947 2914 ἀλλὰ
974 2862 1052 2932 τῷ
1080 2863 1240 2934 μηρῷ
1274 2864 1499 2929 ὑποθεὶς
1526 2865 1624 2937 τὴν
1650 2868 1734 2937 χεῖ

1965 2866 2138 2929 gatus,
2164 2853 2262 2912 sed
2291 2853 2347 2909 in
2370 2851 2577 2909 femore
2606 2867 2775 2907 manu
2802 2849 3072 2921 apposita,
3098 2845 3485 2918 jusjurandum

214 2952 388 3005 αὑτοῦ
427 2952 663 3023 παρέχει
700 2951 780 3023 τῷ
806 2954 1050 3025 Δεσπότῃ
1084 2956 1174 3008 τὸν
1204 2956 1390 3029 ὅρκον.
1421 2958 1734 3026 Ἐγίνωσκει

1970 2952 2143 3009 )minn
2171 2947 2395 3003 exhibet
2417 2944 2485 2999 ³⁸.
2519 2943 2615 2997 Sat
2644 2942 3180 3006 noveratAbraham,
3205 2950 3259 2996 et
3292 2942 3490 2998 mentis

228 3042 493 3114 Ἀϐραάμ
526 3046 620 3099 καὶ⁵
648 3045 750 3116 ἤδη
778 3046 1115 3116 προέϐλεπεν
1148 3049 1260 3111 τοῖς
1296 3049 1399 3119 τῆς
1418 3048 1596 3119 ψυχῆς
1616 3048 1748 3118 ὸφθο

1972 3044 2089 3097 :ulis
2119 3041 2232 3111 jam
2265 3034 2427 3109 245
2457 3033 2817 3105 prtevidebat,
2846 3046 3027 3085 rerum
3054 3031 3301 3086 omnium
3334 3032 3492 3103 Opiﬁ-

218 3135 344 3201 μοίς
377 3133 490 3186 τῶν
541 3133 763 3188 πάντων
793 3134 1127 3206 δημιουργὸν
1161 3137 1396 3207 Χριστὸν
1434 3137 1648 3207 μέλλειν
1684 3155 1738 3190 κε

1971 3150 2031 3188 ειιι
2092 3131 2375 3187 Christum
2448 3135 2659 3184 statuto
2738 3135 2981 3195 tempore
3052 3140 3117 3179 ex
3189 3124 3491 3207 femoribus

217 3199 336 3294 ροῖς
372 3223 528 3288 ίδίοις
561 3226 627 3277 ἐκ
653 3225 763 3278 τῶν
794 3199 1107 3297 μηρῶν-τοῦ
1140 3199 1413 3298 Ἀϐραὰμ,
1434 3199 1720 3282 τουτέστιν

1971 3224 2167 3289 ιιι-οιιω,
2194 3229 2250 3278 et
2279 3219 2723 3290 seminescilicet
2755 3217 2904 3271 illius
2936 3199 3239 3271 secundum
3268 3232 3491 3272 carnem

214 3315 313 3369 τοῦ
350 3316 669 3387 σπέρματος
718 3317 910 3382 αὐτοῦ,
945 3318 1230 3389 προελθεῖν
1283 3321 1427 3374 κατὰ
1476 3321 1677 3391 σάρκα,
1714 3338 1734 3373 1

1975 3317 2310 3372 isciturum:
2350 3320 2406 3367 et
2448 3311 2563 3382 jam
2598 3318 2728 3363 ante
2786 3315 2868 3363 tot
2897 3309 3284 3378 generationes
3338 3322 3495 3363 arca-

216 3408 320 3479 ῆδη
349 3408 736 3480 προωμολόγει
772 3410 880 3480 πρὸ
932 3409 1205 3465 τοσούτων
1251 3412 1455 3479 γενεῶν
1497 3414 1558 3465 τὸ
1616 3413 1736 3483 μέλῖ

1974 3426 2047 3465 tm
2080 3403 2911 3478 futurum'praevaticinabatur.
2978 3400 3082 3467 Qui
3114 3403 3279 3470 enim,
3297 3404 3395 3466 ait,
3424 3417 3494 3457 ex

218 3501 553 3572 μυστήριον.
598 3502 656 3555 '0
706 3503 815 3571 γὰρ
857 3501 1089 3572 μέλλων,
1134 3504 1319 3572 φησὶν,
1355 3505 1418 3556 ἐκ
1465 3504 1573 3556 τῶν
1620 3521 1738 3575 μηρ‹

1975 3504 2219 3558 moribus
2243 3500 2381 3556 meis
2402 3513 2624 3556 carnem
2657 3503 3042 3567 assumpturus
3062 3503 3149 3550 est
3174 3493 3340 3559 Deus,
3368 3495 3495 3550 caeli

218 3611 329 3662 μου
365 3592 709 3663 σαρκοῦσθαι
755 3592 910 3657 Θεὸς,
946 3592 1153 3664 Κύριος
1183 3594 1418 3666 ὑπάρχει
1454 3594 1548 3647 τοῦ
1578 3596 1738 3666 ούραν

1999 3604 2161 3651 terra:
2192 3592 2481 3661 imperium
2505 3590 2740 3644 obtinet.
2765 3586 3115 3658 Quapropter
3144 3585 3279 3642 dicit
3301 3599 3491 3641 servo:

214 3687 315 3739 καὶ
356 3686 462 3757 τῆς
493 3685 618 3755 γῆς.
664 3684 757 3737 Διὸ
807 3685 955 3754 λέγει
1002 3684 1080 3755 τῷ
1113 3686 1331 3757 οἰκέτῃ’
1382 3704 1401 3737 ι
1436 3685 1668 3749 ’Υπόθες
1711 3705 1734 3739 τ

1982 3687 2206 3755 Appone
2247 3696 2470 3737 manum
2516 3691 2665 3734 tuam
2726 3680 2916 3735 subter
2966 3678 3201 3734 femora-
3234 3692 3373 3743 mea,
3436 3685 3496 3731 ut

214 3777 389 3847 χειρά
418 3793 515 3829 σου
549 3775 654 3829 ὑπὸ
685 3775 795 3829 τῶν
830 3776 1020 3847 μηρῶν
1051 3794 1175 3848 μου,
1215 3779 1309 3832 καὶ
1343 3779 1574 3849 ἐξορκιῶ
1614 3796 1672 3832 σε
1700 3781 1734 3833 ις

1968 3780 2164 3849 ljurem
2200 3784 2254 3831 te
2278 3790 2376 3846 per
2404 3773 2704 3830 Dominum
2736 3771 2909 3827 Deum
2940 3771 3065 3827 caeli
3095 3778 3149 3826 et
3184 3777 3347 3826 terra:
3367 3769 3435 3825 ".
3467 3786 3488 3822 ι

220 3886 344 3938 ριον
377 3869 474 3921 τὸν
506 3867 639 3920 Θεὸν
667 3867 762 3921 τοῦ
800 3869 1032 3939 ούρανοῦ
1062 3870 1157 3922 καὶ
1190 3871 1287 3939 τῆς
1319 3870 1441 3939 γῆς.
1475 3889 1493 3922 ι

481 3958 653 4012 ΣΜΔἍ
668 3987 741 3997 -
757 3960 1091 4030 ΔΠΜΑΡΧῼ
1130 3960 1560 4034 ΙΛΛΟΥΣΤΡΙῼ.

2128 3967 2405 4026 CCXLIV.
2434 4000 2504 4009 —
2533 3964 2909 4022 DEMARCHO
2937 3964 3280 4023 ILLUSTRI.

295 4051 476 4103 Ὅταν
520 4050 741 4103 ἀσθενεῖ
764 4049 825 4102 τὸ
861 4051 1230 4124 ὑπογάστριον
1284 4052 1455 4117 πάθος
1478 4094 1492 4119 ,
1535 4055 1688 4126 δῆλον
1728 4057 1810 4109 ὅτι

1989 4066 2126 4120 Cum
2162 4063 2520 4134 perturbatio,
2561 4076 2687 4132 qua:
2725 4060 2831 4116 sub
2861 4068 3052 4115 ventre
3106 4067 3211 4123 est,
3246 4057 3495 4113 inﬁrma-

216 4143 285 4195 ἐκ
308 4140 414 4211 τῆς
451 4141 658 4206 ἐνδείας
681 4140 776 4194 τοῦ
804 4141 1208 4213 ὑπερκειμένου
1231 4142 1435 4212 ἄγγους
1453 4144 1554 4214 τῆς
1577 4163 1736 4219 γαστε

1973 4176 2029 4224 ιι,
2068 4158 2423 4213 manifestum
2452 4162 2558 4219 est,
2598 4169 2718 4210 eam
2750 4168 2814 4209 ex
2877 4152 3293 4223 superimpositi
3323 4152 3493 4217 vasis,

220 4233 538 4298 ἐξασθενεῖο
565 4233 691 4286 ὅταν
708 4233 767 4286 δὲ
802 4235 1029 4306 σφριγᾷ,
1054 4236 1149 4289 καὶ
1174 4236 1564 4306 διακεκίνηται,
1596 4239 1740 4292 πάνυ

1976 4253 2128 4306 :ntris
2159 4264 2372 4321 nempe,
2416 4249 2602 4318 inopia
2637 4247 2777 4301 male
2810 4262 2869 4302 se
2895 4245 3134 4301 habere:
3168 4261 3290 4299 cum
3318 4252 3496 4313 turget

220 4322 444 4377 ἐκεῖθεν
477 4323 589 4392 ἔχει
620 4325 1133 4397 ἐπιχορηγουμένην
1167 4327 1265 4395 τὴν
1307 4326 1535 4399 δύναμιν
1567 4329 1632 4381 ἐκ
1670 4330 1740 4381 πλ

1978 4356 2179 4416 otuque
2209 4345 2408 4408 cietur,
2441 4341 2665 4397 omnino
2700 4339 2828 4395 inde
2868 4339 2976 4394 vim
3027 4339 3191 4394 habet
3220 4354 3288 4394 ex
3325 4336 3496 4392 nimia

224 4414 443 4485 σμονῆς
469 4414 737 4485 ἀμέτρου.

1840 4480 1882 4494 ..
1921 4414 2169 4494 satietate
2196 4434 2554 4490 transfusam.

374 4480 551 4562 ius}.
597 4480 669 4549 4-
705 4506 1127 4579 ΚΔΝΔΙΔΙΑΝῼ
1183 4509 1666 4580 ΣΤΡΑΤΗΛΑΤῌ.
1840 4480 1886 4536 Ῑδ

1973 4480 2174 4585 ΕΞῐὶίῖ
2198 4480 2719 4581 I'Ei‘iiiimo
2751 4521 3051 4578 DUCTORI
3078 4516 3493 4575 exsncrrus.

309 4594 566 4649 Ἐπείθου
612 4613 713 4667 μου
746 4596 834 4650 διὰ
884 4598 985 4668 τῆς
1027 4598 1343 4670 ἐπιπολῆς,
1401 4600 1546 4663 τίνος
1574 4601 1735 4671 χάριν
1762 4600 1812 4653 υί

1992 4621 2214 4676 Litteris
2240 4620 2305 4673 ad
2338 4634 2425 4674 me
2461 4617 2606 4671 datis
2657 4617 2987 4684 interrogas,
3037 4627 3201 4682 quam
3244 4610 3315 4665 ob
3360 4624 3495 4664 cau-

229 4688 335 4757 μὲν
360 4687 582 4758 μοναχοὶ
616 4688 991 4758 στολιζόμενοι
1030 4689 1122 4743 ἐπὶ
1144 4690 1238 4743 τοῦ
1268 4691 1560 4763 ἀριστεροῦ
1581 4692 1749 4746 άναϐἀ

1976 4728 2038 4767 im
2070 4709 2348 4775 monachi,
2376 4688 2505 4763 dum
2536 4722 2596 4762 se
2625 4711 2853 4768 ornant,
2884 4705 2951 4759 ad
2989 4703 3275 4758 sinistrum
3305 4699 3496 4754 hume-

225 4780 419 4832 λονται
448 4779 623 4849 ὤμου,
650 4779 987 4850 γυμνοῦντες
1003 4780 1127 4834 ὅλον
1148 4781 1209 4834 τὸ
1245 4781 1523 4854 εὐώνυμον
1552 4783 1740 4855 μέρος,

1974 4819 2043 4856 tm
2096 4810 2304 4856 vestem
2353 4800 2711 4863 contrahunt,
2774 4803 2984 4867 partem
3051 4796 3238 4850 laevam
3276 4805 3494 4845 omnem

226 4871 288 4923 δὲ
306 4868 610 4961 ,φοροῦντες
642 4871 897 4941 κοσμικοὶ
933 4872 1034 4934 τὰς
1058 4871 1309 4941 χλανίδας
1337 4874 1400 4925 τὸ
1424 4873 1598 4937 δεξιὸν
1650 4875 1746 4945 μέρ

1976 4893 2301 4954 :nudantes;
2362 4892 2456 4961 qui
2520 4904 2655 4944 vero
2706 4903 2737 4943 e
2789 4886 2991 4942 saeculo
3047 4892 3177 4939 sunt
3217 4889 3496 4953 gestantes

226 4960 331 5015 τοῦ
356 4961 609 5031 σώματος
628 4964 740 5026 τοῖς
765 4965 900 5016 πᾶσι
920 4964 1154 5035 φανερὸν
1179 4964 1528 5021 καθιστῶσιν.
1551 4968 1746 5021 Ἀκουο

1976 4984 2266 5046 niculum,
2328 4960 2611 5037 dexteram
2672 4978 2926 5048 corporis
2980 4984 3191 5046 partem
3249 4979 3496 5043 apertam

229 5054 441 5118 τοίνυν,
490 5055 573 5106 ὃτι
608 5055 657 5106 οἱ
708 5054 807 5125 μὲν
858 5057 1085 5126 μοναχοὶ
1132 5056 1212 5126 τῷ
1254 5058 1446 5131 Κυρίῳ
1500 5059 1749 5131 πειθόμει

1978 5072 2181 5126 unibus
2211 5069 2469 5141 produnt.
2518 5069 2761 5123 Auribus
2788 5068 2973 5137 itaque
3002 5065 3205 5135 arripe.
3243 5063 3496 5118 Monachi

231 5146 483 5214 λέγοντι·
552 5164 571 5197 ι
600 5146 775 5216 Ὅπερ
830 5152 976 5201 ποιεῖ
1004 5151 1039 5219 ἡ
1067 5148 1218 5214 δεξιά
1274 5167 1390 5217 σου,
1438 5151 1513 5223 μὴ
1568 5151 1751 5221 γνώτω

1983 5164 2086 5217 ctis
2118 5162 2337 5216 Domini
2372 5162 2839 5230 obtemperantes,
2895 5158 2989 5228 qui
3044 5158 3224 5211 dixit:
3283 5174 3303 5206 ι
3339 5154 3497 5220 Quod

230 5234 539 5306 ἀριστερὰ,
573 5256 592 5287 ι
622 5238 932 5303 τουτέστιν,
965 5241 1021 5294 αί
1060 5241 1267 5308 ἀγαθαὶ
1326 5244 1575 5315 πράξεις,
1638 5245 1750 5300 ἆσπ

1971 5252 2057 5307 icit
2094 5251 2326 5305 dextera
2361 5258 2478 5313 tua,
2511 5264 2647 5303 cave
2678 5264 2744 5303 ne
2775 5256 3071 5318 cognoscat
3101 5246 3329 5301 sinistra
3350 5245 3438 5312 “;
3472 5264 3491 5298 9

232 5323 327 5416 διά
344 5325 549 5416 παντὸς
575 5326 807 5401 ἐργάζῃ,
836 5327 1250 5387 λανθανέτωσαν
1267 5331 1364 5403 τὴν
1391 5334 1631 5407 λοιμώδη
1662 5352 1752 5389 κεν

1975 5345 2109 5400 robze
2138 5342 2353 5398 scilicet
2374 5341 2751 5411 operationes,
2773 5354 2913 5413 quas
2938 5340 3204 5393 continuo
3231 5337 3495 5408 operatis,

233 5412 443 5481 δοξιαν,
500 5418 593 5470 καὶ
637 5418 736 5491 τὴν
788 5420 1303 5493 ἀνθρωπαρεσκίαν,
1379 5426 1647 5497 ἀριστερὰ
1705 5430 1753 5495 γι

1976 5434 2239 5489 :stiferam
2269 5433 2641 5503 vauagloriam
2666 5412 2892 5497 lateant,
2922 5447 3021 5488 nec
3044 5431 3223 5487 studio
3246 5428 3496 5501 placendi

232 5508 457 5580 ἀληθῶς
477 5512 625 5564 ἐστιν
658 5513 691 5582 ἡ
723 5513 948 5583 τοιαύτη
979 5516 1330 5584 κατάστασις,
1360 5517 1581 5584 δικαίως
1609 5520 1678 5573 τὰ
1714 5537 1752 5590 μ

1975 5524 2245 5580 oudnibus
2280 5532 2555 5595 agantur;
2602 5525 2713 5581 tale
2744 5524 2948 5583 etenim
3003 5524 3128 5580 vitae
3179 5522 3495 5584 institutum

315 5692 363 5725 ⁸⁸
392 5689 459 5745 ιγ
499 5692 636 5765 Reg.
672 5710 734 5763 tt,
766 5695 854 5750 15.
930 5698 976 5731 ’³
1007 5696 1142 5754 Gen.
1169 5714 1316 5764 xxtv,
1357 5698 1411 5752 9.
1488 5700 1537 5732 ⁸⁸
1568 5699 1703 5756 ibid.
1736 5698 1835 5766 2,2

848 5737 854 5749 .
930 5698 976 5731 “
1007 5696 1142 5754 Gen.
1169 5714 1316 5764 xxtv,
1357 5698 1411 5752 9.
1488 5700 1537 5732 ³⁸
1568 5699 1703 5756 ibid.
1736 5698 1794 5766 2,
1819 5699 1874 5755 5.
1949 5700 1996 5732 ’⁸
2024 5699 2213 5755 Matth.
2242 5716 2313 5766 γι,
2337 5700 2368 5755 5
