3850 6218
367 259 469 321 327

1854 253 1913 311 S.
1956 251 2119 313 ΝΙιῖ

3512 260 3628 325 328

368 386 495 425 vere
534 369 756 423 sinistra
790 365 956 439 2“
983 373 1103 433 est;
1130 363 1279 434 iuste
1306 363 1528 435 quidem
1563 363 1783 433 propria
1811 363 1947 417 faci-

2068 363 2262 416 ὲαυτῶν
2283 360 2685 435 κατορθώματα
2720 362 3054 435 κρύπτουσιν
3080 364 3146 417 ἐκ
3167 364 3278 419 τῶν
3296 365 3630 438 ἀνθρώπωνι

370 479 501 516 nora
532 461 851 515 hominibus
894 458 1202 518 occultant,
1236 471 1360 509 cum
1411 455 1665 525 proprios
1697 454 1944 508 delectus

370 558 548 625 palam
578 554 835 607 omnibus
876 550 1127 605 conﬁteri
1167 558 1451 604 suescant.
1485 547 1587 613 Qui
1640 563 1769 601 vero
1824 547 1946 600 vita:

369 646 618 703 saeculari
654 659 878 715 operam
918 650 1140 706 navant,
1190 658 1317 696 cum
1364 642 1488 695 vani
1548 641 1681 702 sint,
1736 655 1947 709 suaque

369 738 670 793 insolenter
695 736 924 805 iactent,
958 748 1216 789 recursus
1246 731 1318 787 ad
1361 731 1530 787 Deum
1576 731 1943 793 immemores,

366 837 420 883 et
449 829 597 881 circa
638 841 727 880 res
759 834 1009 879 terrenas
1059 824 1409 891 caducasque
1443 821 1714 890 serpentis
1770 820 1946 875 instar

368 924 744 988 perrepentes,
776 914 998 985 propria
1030 913 1272 982 quidem,
1300 927 1475 981 eaque
1504 911 1793 988 innumera
1824 925 1944 965 sce-

366 986 477 1061 lera
505 986 712 1075 tegunt,
752 1013 807 1060 et
867 1005 1033 1058 unius
1085 1010 1297 1055 tantum
1344 1001 1567 1055 virtutis
1608 986 1941 1054 exercitium

367 1115 464 1169 per
512 1097 919 1153 simulationem
973 1094 1076 1148 sibi
1139 1100 1487 1161 arrogantes,
1545 1093 1940 1146 continentiam

366 1204 580 1258 nempe,
617 1187 1041 1257 eleemosynam,
1073 1185 1158 1239 vel
1195 1184 1493 1252 jejunium.
1530 1185 1790 1239 omnibus
1836 1184 1946 1239 fere

368 1280 685 1335 hominibus
714 1293 832 1332 eam
861 1276 1237 1338 manifestam,
1271 1274 1326 1327 in
1363 1275 1641 1343 publicum
1675 1290 1946 1344 apparen-

367 1384 472 1437 tes,
506 1373 921 1432 iusolescentes,
971 1368 1241 1438 superbiae
1282 1367 1466 1428 bullis,
1500 1368 1666 1421 veluti
1712 1369 1943 1425 buccina

368 1473 801 1537 perstrepentes,
839 1460 977 1515 locis
1002 1460 1055 1512 in
1085 1460 1346 1513 omnibus
1392 1460 1670 1527 jactanter
1710 1460 1943 1513 concla-

369 1564 605 1618 mantes,
636 1554 904 1624 praeconis
956 1553 1133 1605 instar
1168 1566 1301 1604 voce
1349 1550 1794 1619 pronuntiantes,
1842 1565 1943 1618 pu-

368 1650 505 1705 sillae
536 1648 613 1703 rei
651 1647 847 1700 molem
886 1645 1164 1713 ingentem
1200 1642 1544 1711 adjicientcs,
1582 1648 1635 1694 et
1674 1641 1741 1693 ab
1769 1640 1944 1694 homi-

2046 456 2117 507 τά
2138 455 2195 507 δὲ
2232 457 2407 508 οἰκεῖα
2449 453 2806 523 ἐλαττώματα
2840 454 3071 508 ἐνώπιον
3124 455 3380 510 ἁπάντων
3426 459 3626 529 ἐξαγο-

2050 546 2228 617 ρεύειν
2255 545 2528 600 εἰώθασιν.
2566 548 2628 598 Οἱ
2658 546 2713 598 δέ
2736 563 2799 614 γε
2840 546 3083 616 βιωτικοὶ
3120 546 3387 612 κενόδοξοι
3425 567 3490 603 τε
3530 554 3626 605 καὶ

2050 638 2416 707 φιλενδεῖκται
2463 638 2826 710 τυγχάνοντες
2890 639 3273 711 ἐπιλαθόμενοι
3330 642 3433 711 τῆς
3492 645 3636 715 πρὸς

2047 731 2181 784 Θεὸν
2224 730 2571 799 ἀναϐλέψεως
2594 772 2609 797 ,
2646 732 2740 784 καὶ
2779 732 2908 802 περὶ
2938 731 3005 785 τά
3033 732 3200 801 γήῖνά
3228 750 3288 786 τε
3322 736 3419 788 καὶ
3458 737 3635 806 πρόσ-

2049 841 2217 893 καιρα
2239 823 2395 893 δίκην
2426 823 2601 892 ὄφεως
2646 823 2930 891 ἐρποντες,
2961 824 3029 876 τὰ
3061 825 3159 894 μὲν
3192 826 3405 878 ἐαυτῶν
3460 829 3637 901 μυρία

2048 917 2193 969 κακά
2251 916 2560 986 πράγματα
2614 908 2987 975 καλύπτουσι,
3046 918 3551 988 προσποιησάμενοι
3573 920 3635 973 δὲ

2050 1008 2180 1076 μίαν
2210 1007 2334 1059 τινὰ
2371 1006 2574 1079 ἀρετὴν
2608 1006 3050 1077 ἀπεργάσασθαι,
3079 1001 3211 1073 οἷον,
3253 1010 3635 1082 σωφροσύνην,

2048 1097 2521 1170 ὲλεημοσύνην,ἢ
2568 1099 2825 1162 ἀσιτίαν,
2876 1101 3009 1151 πᾶσι
3070 1101 3255 1170 σχεδὸν
3328 1102 3637 1173 ἀνθρώποις

2047 1189 2251 1258 ταύτην
2290 1189 2456 1260 δήλην
2502 1189 2736 1253 ποιοῦσι,
2772 1190 3148 1258 φανιτιῶντες,
3190 1193 3285 1244 καὶ
3315 1194 3639 1258 ἀλαζονευὲ-

2052 1296 2220 1349 μενοι,
2253 1282 2346 1332 καὶ
2395 1279 2744 1344 σαλπίζοντες
2791 1283 2909 1343 τοῖς
2954 1282 3260 1349 πομφόλυξι
3306 1284 3405 1352 τῆς
3464 1286 3638 1354 ὑπερ.

2048 1371 2303 1440 ηφανίας,
2348 1373 2440 1426 καὶ
2497 1372 2726 1443 βοῶντες
2781 1374 3175 1442 κομπαστικῶς
3233 1377 3501 1446 πανταχῆ,
3542 1379 3640 1429 καὶ

2048 1466 2447 1535 κηρύττοντες,
2508 1466 2602 1517 καὶ
2662 1465 2739 1535 τῷ
2809 1465 3003 1536 βραχεί
3055 1465 3343 1537 πράγματι
3404 1470 3640 1538 μέγεθος

2050 1551 2451 1621 περιτιθέντες,
2507 1554 2600 1607 καὶ
2660 1553 2811 1623 παρὰ
2871 1554 2970 1624 μὲν
3023 1555 3133 1607 τῶν
3187 1557 3493 1627 ἀνθρώπων
3544 1559 3641 1611 τὸν

2047 1644 2296 1715 ἀνωφελῆ
2354 1645 2544 1713 μισθὸν
2585 1648 2685 1716 τῆς
2727 1648 2927 1717 μικράς
2982 1648 3279 1718 εὐφημίας,
3331 1652 3426 1703 καὶ
3473 1651 3638 1721 δόξης

362 1744 533 1798 nibus
567 1739 871 1795 mercedem
907 1753 1092 1807 parvae
1142 1736 1497 1797 laudationis,
1536 1742 1590 1789 et
1628 1735 1811 1801 gloriae
1852 1733 1943 1787 in-

2068 1737 2434 1807 .αμ6άνοντες,
2475 1739 2877 1802 ἁποπίπτοντες
2904 1739 2960 1792 δὲ
3002 1740 3113 1791 τῶν
3158 1741 3425 1810 οὐρανίων
3473 1742 3642 1811 ἀμοι-

370 1836 557 1888 utilem
593 1831 697 1886 sibi
732 1830 1100 1891 vindicantes,
1137 1834 1190 1881 et
1213 1843 1243 1880 a
1273 1825 1587 1880 caelestibus
1621 1839 1944 1879 remunera-

367 1925 610 1979 tionibus
637 1921 974 1976 excidentes.
1006 1917 1175 1993 Recte
1206 1918 1389 1987 itaque
1418 1916 1486 1971 de
1524 1916 1635 1971 illis
1678 1915 1733 1968 in
1770 1916 1947 1967 Evan-

365 2017 522 2087 geliis
548 2015 752 2069 dictum
777 2020 900 2068 est:
939 2031 957 2063 ι
1004 2011 1219 2064 Habent
1255 2009 1564 2063 mercedem
1620 2023 1777 2061 suam
1796 2008 1887 2058 π’.
1921 2026 1941 2059 ι

365 2107 614 2163 Perfecte
639 2105 781 2160 enim
816 2117 936 2158 eam
993 2110 1346 2170 receperunt,
1391 2100 1479 2152 hic
1514 2099 1635 2153 sine.
1698 2099 1792 2153 illo
1844 2114 1946 2154 usu

367 2207 535 2253 atoue
562 2195 939 2251 emolumento
966 2192 1222 2246 laudibus
1253 2191 1547 2243 boues-tati.

602 2285 906 2345 .CCXLVI.
934 2314 1004 2324 ——
1032 2280 1328 2338 ΖΕΝΟΒΙΟ
1363 2279 1659 2337 LEGATO.

438 2380 609 2434 Multi.
633 2394 699 2434 ex
737 2379 828 2440 iis,
858 2378 951 2446 qui
989 2377 1043 2429 in
1091 2376 1226 2428 mari
1274 2382 1598 2442 tempestate
1642 2373 1948 2442 jactantur,

371 2474 489 2529 suis
516 2473 619 2542 ipsi
663 2471 919 2525 manibus
958 2484 1121 2532 onus,
1174 2482 1299 2521 cum
1359 2467 1568 2535 reliqua
1624 2466 1953 2535 supellectili

371 2566 621 2636 pretiosa
651 2564 706 2616 in
757 2560 1033 2631 profunda
1090 2559 1380 2628 dejiciunt,
1415 2572 1570 2611 vanae
1621 2561 1953 2626 caducaaque

370 2659 499 2711 vitae
540 2656 803 2710 facultate
830 2651 1163 2722 posthabita,
1197 2666 1264 2704 ne
1296 2650 1453 2704 navis
1491 2648 1731 2719 pomlere
1770 2652 1954 2703 oneris

370 2750 569 2806 obruta
601 2749 657 2802 in
686 2747 983 2803 discrimen
1017 2744 1220 2797 veniat.
1254 2744 1322 2796 At
1352 2750 1433 2807 tu,
1482 2742 1576 2811 qui
1614 2742 1806 2796 beatos
1831 2757 1948 2807 eos,

374 2841 469 2910 qui
491 2839 904 2908 sempiternam,
926 2845 979 2889 et
1010 2835 1219 2887 nullum
1260 2833 1421 2887 linem
1449 2832 1769 2895 habituram,
1788 2832 1952 2886 vitam

375 2942 810 2991 commercantes
833 2928 1125 3000 praedicas,
1160 2927 1237 2980 nil
1259 2935 1443 2979 tamen
1474 2941 1540 2978 ex
1568 2925 1767 2993 opibus
1816 2923 1955 2977 iudi-

2047 1829 2176 1882 ϐῶν.
2208 1830 2317 1881 Καὶ
2349 1828 2528 1892 καλῶς
2555 1830 2814 1897 περὶτῶν
2866 1831 3125 1884 τοιούτων
3178 1832 3395 1904 εἴρηται
3426 1834 3486 1887 ἐν
3521 1836 3641 1897 τοῖς

2048 1920 2418 1987 Εὖαγγελίοις,
2447 1922 2636 1990 ὅτιπερ
2668 1941 2685 1971 ‹
2719 1921 3007 1990 Ἀπέχουσι
3030 1922 3121 1975 τὸν
3148 1924 3344 1992 μισθὸν
3371 1925 3576 1979 αὐτῶν.
3616 1944 3636 1976 ι

2056 2013 2453 2082 ιΙεπλήρωνται
2490 2015 2596 2083 γὰρ
2645 2013 2830 2065 τοῦτον
2860 2014 3093 2068 ἐνταῦθα
3119 2016 3201 2078 είς
3260 2015 3437 2087 μάτην
3476 2018 3643 2070 tm"

2050 2104 2321 2167 νεθέντες.

2354 2291 2546 2356 ΣΜΞΓ.
2570 2319 2641 2328 -
2658 2290 2955 2361 ΖΗΝΟΒΙῼ
2982 2291 3281 2363 ΛΗΓΑΤῼ.

2123 2384 2315 2437 Πολλοὶ
2364 2382 2474 2435 τῶν
2509 2384 2566 2435 ἐν
2597 2382 2843 2455 θαλάσσῃ
2883 2384 3319 2454 χειμαζομένων,
3386 2386 3647 2458 αὐτόχει-

2055 2494 2146 2547 ρες
2174 2478 2265 2529 τὸν
2286 2477 2483 2545 φόρτον
2513 2477 2609 2528 σὺν
2641 2476 2846 2546 τιμίοις
2895 2477 3003 2529 τῶν
3035 2478 3336 2547 κειμηλίων
3367 2480 3509 2533 κατὰ
3543 2480 3645 2533 τοῦ

2057 2567 2215 2636 βυθοῦ
2247 2566 2614 2629 ἀκοντίζουσι,
2645 2567 2907 2637 δευτέραν
2942 2568 3042 2639 τῆς
3092 2570 3431 2641 προσκαίρου
3487 2570 3641 2641 ζωῆς

2053 2662 2151 2729 τὴν
2174 2658 2407 2729 ὕπαρξιν
2442 2658 2752 2728 κρίναντες,
2781 2660 2869 2712 ἵνα
2902 2659 2978 2731 μὴ
3008 2661 3336 2733 κινδυνεύσῃ
3364 2663 3424 2715 τὸ
3454 2664 3643 2717 πλοῖον

2056 2750 2132 2819 τῷ
2152 2750 2307 2820 βάρει
2332 2749 2426 2802 τοῦ
2454 2750 2653 2821 φόρτου
2678 2752 3100 2822 καταδυόμενον.
3132 2754 3203 2807 Σὺ
3229 2754 3287 2807 δὲ
3320 2756 3651 2825 μακαρίζων

2055 2842 2183 2901 τοὺς
2206 2839 2775 2910 πραγματευομένους
2802 2842 2903 2911 τὴν
2941 2842 3180 2909 αἰώνιον,
3220 2845 3315 2897 καὶ
3348 2846 3654 2914 ἀτελεύτη-

2070 2952 2160 2987 τον
2197 2932 2364 3003 ζωὴν,
2418 2933 2571 2989 οὐδὲν
2615 2932 2791 2997 θέλεις
2847 2935 3079 2990 πλούτου
3142 2938 3485 3007 μεταδιδόναι
3535 2942 3652 3003 τοῖς

376 3023 631 3094 gentibus
661 3020 1060 3083 communicas,
1089 3018 1185 3073 sed
1215 3016 1397 3086 potius
1431 3030 1537 3069 una
1567 3031 1692 3071 cum
1716 3016 1956 3086 pondere

2068 3025 2386 3096 χρῄζουσιν.
2441 3024 2559 3077 ἀλλ’
2619 3026 2752 3097 αἱρῇ
2819 3027 3021 3096 μᾶλλον
3078 3029 3475 3083 συναπολέσθαι
3536 3033 3651 3093 τοῖς

375 3118 656 3172 immensae
697 3110 1024 3167 substantiae
1065 3108 1219 3180 perdi
1272 3108 1378 3169 vis.
1421 3122 1586 3175 quam
1624 3107 1845 3172 salvari,
1896 3108 1960 3160 il—

376 3208 487 3263 lius
524 3206 610 3261 vel
667 3202 829 3275 247
889 3201 1115 3256 minima
1166 3209 1321 3269 parte
1367 3210 1743 3265 exoneratus;
1792 3216 1963 3269 quare

377 3298 524 3371 apud
556 3304 611 3352 te
644 3311 753 3351 non
792 3310 914 3349 eam
944 3295 1055 3347 vim
1092 3293 1257 3346 habet
1302 3291 1397 3345 Dei
1441 3292 1626 3355 timor,
1677 3306 1841 3361 quam
1874 3291 1962 3346 ni-

379 3391 680 3449 hilominus
709 3389 870 3443 timor
899 3386 1068 3441 maris
1102 3383 1364 3439 incussit?

570 3479 827 3541 CXLVII.
866 3508 937 3519 -—-
964 3474 1262 3531 SILVANO
1290 3472 1776 3531 PRESBYTERO.

459 3597 478 3628 ς
523 3574 581 3629 Si
609 3574 783 3631 caelos
809 3587 1009 3639 novos,
1039 3580 1095 3626 et
1121 3577 1325 3625 terram
1348 3584 1570 3632 novam,
1595 3568 1675 3622 uti
1709 3566 1966 3621 Christus

382 3666 661 3739 promisit,
694 3672 1109 3735 exspectamus,
1136 3663 1191 3718 in
1226 3662 1431 3733 quibus
1458 3661 1678 3730 justitia
1706 3662 1966 3715 immuta-

376 3760 511 3817 bilis
536 3759 592 3813 in
611 3757 814 3813 smcula
839 3755 1180 3825 sempiterna
1226 3754 1597 3817 exercetur”,
1636 3770 1654 3802 ι
1676 3750 1963 3821 nobisque,

381 3849 494 3918 jam
519 3864 587 3902 ex
625 3846 880 3900 manibus
919 3845 1161 3899 hostium
1196 3842 1465 3909 liberatis,
1512 3841 1848 3897 concedetur
1885 3841 1968 3894 in-

384 3938 618 4009 trepide,
650 3945 708 3991 et
731 3935 1102 3991 indesinenter
1134 3934 1246 3989 Deo
1274 3934 1485 3990 servire
1517 3934 1572 3987 in
1630 3934 1853 4003 pietate,
1910 3944 1965 3989 et

379 4031 619 4101 iustitia,
646 4038 701 4083 et
726 4028 926 4099 gaudio
962 4027 1343 4091 inenarrabili,
1374 4036 1428 4082 et
1449 4026 1622 4095 gloria
1660 4025 1966 4096 inexplica-

388 4124 516 4187 bili,
548 4136 785 4193 quanam
825 4120 943 4190 ipse
992 4121 1210 4175 ratione
1245 4135 1441 4175 rursus
1471 4118 1655 4173 denuo
1709 4118 1965 4175 timorem

390 4214 694 4279 hominum,
728 4228 794 4267 ae
826 4212 1136 4267 daemonum
1178 4212 1253 4268 ibi
1283 4227 1429 4277 esse,
1474 4219 1531 4267 et
1581 4211 1967 4276 mutationem,

390 4316 444 4359 ct
476 4306 712 4373 lapsum,
729 4313 783 4357 et
808 4312 1117 4373 peccatum,
1136 4313 1191 4359 et
1211 4304 1704 4374 perturbationem,
1732 4310 1787 4359 et
1813 4303 1969 4359 simi-

392 4398 463 4451 lia
494 4397 702 4450 doces?

534 4500 862 4557 CCXLVIII.
881 4530 951 4540 -—
974 4499 1284 4556 DAMIANO
1323 4500 1818 4556 MAGISTRIANO.

461 4595 816 4664 Compertum
868 4592 1001 4646 mibi
1049 4600 1156 4655 est,
1193 4601 1247 4647 te
1275 4592 1502 4647 credere
1558 4592 1849 4646 Dominum
1878 4606 1973 4645 su-

392 4701 589 4759 perum
612 4693 667 4739 et
696 4683 982 4737 caelestem
1035 4681 1264 4745 habere,
1309 4681 1580 4749 enixeque
1633 4680 1968 4743 incumbere,

392 4791 453 4837 ut
486 4780 632 4835 illius
663 4778 1023 4833 humanitatis
1064 4777 1339 4847 particeps
1366 4777 1485 4830 tias.
1516 4775 1573 4829 Si
1605 4778 1790 4845 itaque
1818 4789 1968 4839 aves,

390 4882 663 4942 optasque
699 4868 796 4922 tibi
842 4866 1133 4921 Dominum
1167 4868 1278 4921 tuis
1327 4866 1568 4920 miseriis
1618 4865 1970 4931 commoveri,

391 4976 515 5023 esto
537 4973 593 5020 et
620 4972 678 5015 tu
717 4962 772 5015 in
806 4976 995 5016 servos
1028 4968 1163 5013 tuos
1186 4957 1522 5012 misericors.

607 5052 839 5111 CXLIX.
862 5082 932 5091 —
958 5050 1248 5107 PAPISCO
1279 5048 1785 5107 OSCORODULIS.

470 5151 509 5206 Ii
542 5152 710 5216 servi,
744 5150 837 5219 qui
869 5149 1109 5218 legitime
1135 5147 1355 5202 carneis
1377 5146 1619 5201 dominis
1656 5148 1977 5199 servitutem

399 5246 673 5309 serviunt,
716 5241 1025 5297 mercedem
1077 5256 1107 5293 a
1185 5239 1294 5295 Deo
1345 5241 1634 5310 accipient.
1687 5238 1789 5305 Qui
1850 5252 1982 5292 vero

401 5353 497 5393 eos
556 5336 859 5406 negligunt,
902 5341 955 5388 et
986 5341 1370 5397 contemnunt,
1437 5343 1492 5386 et
1530 5332 1879 5402 superbiunt,
1920 5338 1975 5383 et

396 5428 729 5490 ministerio,
776 5427 857 5480 uti
897 5441 997 5496 par
1026 5434 1134 5489 est,
1186 5426 1428 5480 animum
1491 5440 1601 5479 non
1659 5423 1972 5484 advertunt,

399 5516 649 5585 proiecto
680 5515 758 5568 illi
784 5530 977 5583 poenas
1013 5515 1208 5580 luent;
1238 5520 1453 5569 tantum
1477 5512 1655 5577 abest,
1695 5518 1753 5565 ut
1796 5524 1827 5564 a
1865 5510 1974 5564 Deo

399 5608 560 5665 bonis
589 5606 914 5661 alliciantur.

473 5724 539 5755 "°
563 5721 753 5789 Matth.
779 5737 851 5785 vr,
877 5720 931 5773 2.
1009 5722 1050 5752 "'
1086 5720 1124 5774 II
1149 5717 1295 5775 Petr.
1328 5733 1411 5784 ιιι,
1449 5716 1534 5769 I5.

2062 3121 2305 3190 φορτίοις
2360 3120 2462 3188 τῆς
2514 3119 2719 3189 πολλῆς
2778 3120 3153 3184 ὑποστάσεως,
3209 3124 3355 3193 ἥπερ
3410 3124 3651 3193 σωθῆναι

2061 3212 2265 3281 ταύτης
2298 3213 2400 3266 κᾶν
2436 3212 2600 3281 μέρον
2631 3210 2764 3278 γοῦν
2802 3212 3342 3282 ἀποσκευαζόμενος,
3376 3214 3473 3266 καὶ
3501 3213 3653 3267 διατι

2064 3298 2216 3369 παρὰ
2247 3299 2329 3350 σοὶ
2357 3298 2459 3351 οὐκ
2496 3297 2865 3367 ίοχύειφόὸος
2897 3299 3058 3366 Θεοῦ,
3089 3302 3216 3355 ὅσον
3273 3300 3448 3372 ἰσχύει
3485 3304 3519 3373 ἡ
3550 3303 3656 3373 τῆς

2066 3386 2343 3456 θαλάσσης
2376 3388 2540 3456 φόϐος
2559 3405 2575 3451 ;

2278 3480 2452 3532 ΣΜΖ¹.
2479 3508 2543 3518 -—-
2579 3478 2896 3551 ΣΥΛΒΑΝῼ
2926 3481 3399 3555 ΠΡΕΣΒΥΤΕΡῼ.

2142 3592 2163 3625 ι
2202 3575 2266 3626 Εἰ
2313 3574 2576 3643 οὐρανοὺς
2619 3575 2859 3640 καινοὺς,
2903 3574 3000 3626 καὶ
3055 3575 3161 3645 γῆν
3196 3576 3387 3647 καινὴν
3414 3578 3559 3631 κατὰ
3594 3580 3660 3633 τὸ

2067 3666 2390 3734 ἐπάγγελμα
2414 3664 2508 3718 τοῦ
2536 3664 2771 3735 Χριστοῦ
2807 3666 3217 3737 προσδοκῶμεν,
3252 3670 3312 3721 ἐν
3360 3662 3443 3731 οἷς
3472 3668 3659 3723 δικαι-

2068 3756 2232 3826 οσύνη
2264 3758 2533 3827 ἄτρεπτος
2564 3756 2907 3811 πολιτεύεται
2928 3760 3007 3821 εἰς
3024 3758 3365 3829 ἀπεράντους
3390 3759 3652 3825 αἰῶνας-,ι

2070 3850 2164 3902 καὶ
2236 3847 2520 3919 δοθήσεται
2587 3850 2718 3919 ἡμῖν
2775 3850 2997 3919 ἀφόὸως
3054 3852 3118 3902 ἐκ
3187 3850 3370 3920 χειρὸς
3438 3851 3657 3922 ἐχθριῖῖν

2073 3943 2369 4015 ῥυσθέντας
2397 3942 2680 4014 λατρεύειν
2706 3941 2783 4013 τῷ
2802 3941 2922 4013 Θεῷ
2946 3940 3388 4004 άκαταπαύστως
3414 3943 3472 3995 ἐν
3510 3942 3659 3994 ὁσιόε-

2071 4054 2214 4108 τητι,
2260 4036 2357 4089 καὶ
2416 4033 2753 4107 δικαιοσύνῃ,
2799 4034 2895 4088 καὶ
2942 4034 3089 4104 χαρᾷ
3120 4032 3514 4103 ἀνεκλαλήτῳ,
3558 4035 3660 4087 καὶ

2070 4127 2196 4199 δόξῃ
2223 4125 2610 4198 ἀνεκφράστῳ,
2650 4125 2769 4189 πῶς
2793 4125 2957 4186 αὐτὸς
2986 4123 3263 4187 διδάσκεις
3295 4124 3457 4178 πάλιν
3488 4125 3659 4194 φόϐον

2082 4221 2407 4294 ἀνθρώπων,
2441 4221 2538 4274 καὶ
2565 4219 2836 4289 δαιμόνων
2856 4216 3136 4287 ὑπάρχειν
3169 4216 3371 4281 ἐκεῖσε,
3406 4215 3501 4269 καὶ
3526 4232 3659 4286 τρο-

2075 4316 2201 4385 πὴν,
2243 4313 2338 4368 καὶ
2372 4312 2667 4373 ἔκπτωσιν,
2706 4310 2802 4362 καὶ
2826 4307 3124 4379 ἁμαρτίαν,
3160 4305 3256 4359 καὶ
3278 4305 3347 4359 τά
3383 4306 3549 4375 ἐξῆς;

2308 4499 2490 4553 ΣΜΗθ.
2508 4527 2579 4537 -
2600 4494 2907 4566 ΔΑΜΙΑΝῼ
2934 4492 3425 4563 ΜΑΓΙΣΤΡΙΑΝῼ.

2149 4588 2278 4645 Οἶδα
2320 4592 2402 4644 ὅτι
2454 4587 2731 4651 πιστεύεις
2775 4586 3053 4655 Δεσπότην
3110 4582 3434 4654 ἐπουράνιον
3486 4581 3658 4651 ἔχειν,

2077 4685 2173 4738 καὶ
2193 4683 2334 4737 πάνυ
2376 4680 2682 4752 φροντίζεις
2732 4680 2834 4749 τῆς
2874 4678 3003 4749 παρ’
3045 4676 3210 4729 αὐτοῦ
3242 4673 3661 4744 φιλανθρωπίας

2076 4775 2396 4844 ἀξιωθῆναι.
2440 4771 2504 4825 El
2548 4770 2643 4825 οῦν
2673 4771 2963 4841 ἐπιθυμεῖς
3021 4767 3396 4837 εὔσπλαγχνον
3434 4767 3568 4836 περὶ
3600 4768 3664 4819 σὲ

2077 4868 2331 4939 γενέσθαι
2398 4866 2490 4919 τὸν
2550 4865 2780 4936 Κύριον,
2837 4863 3213 4935 εὖσπλαγχνος
3258 4862 3454 4916 καὶσὺ
3487 4862 3655 4931 γένου

2077 4960 2206 5030 περὶ
2237 4958 2363 5019 τοὺς
2395 4956 2613 5017 οἰκέτας
2648 4972 2765 5007 σου.

2247 5051 2419 5103 EMA'.
2434 5078 2502 5088 —-
2521 5048 2831 5117 ΠΑΠῙΣΚῼ
2853 5046 3207 5099 ΩΣΚΟΡΩΔΟ
3222 5044 3445 5098 ΥΛΟῙΣ.

2153 5142 2307 5195 Ὅσοι
2358 5141 2467 5193 τῶν
2500 5140 2702 5193 δούλων
2742 5138 2985 5208 γνησίως
3022 5140 3135 5201 τοῖς
3168 5137 3310 5191 κατὰ
3348 5137 3530 5205 σάρκα
3565 5154 3667 5190 xu-

2086 5236 2222 5305 ρίοις
2277 5231 2645 5295 δουλεύουσι,
2697 5230 2850 5301 παρὰ
2899 5229 3037 5282 Θεοῦ
3080 5230 3182 5300 τὴν
3229 5228 3671 5298 μισθαποδοσίαν

2086 5321 2421 5392 κομιοῦνται.
2456 5321 2611 5373 Ὅσοι
2670 5320 2728 5373 δέ
2758 5319 3043 5390 ἀμελοῦσι,
3079 5321 3175 5372 καὶ
3228 5319 3669 5388 καταφρονοῦσι,

2085 5416 2177 5468 καὶ
2215 5411 2647 5476 ἀλαζονεύονται,
2687 5412 2783 5465 καὶ
2826 5411 3084 5464 ὀκνοῦσιν
3146 5409 3669 5479 ἐξυπηρετήσασθαι

2088 5503 2491 5575 προσηκόντως,
2518 5502 2671 5571 δῆλον
2698 5502 2800 5566 ὃτι,
2831 5502 2967 5572 μετὰ
2991 5500 3084 5554 τοῦ
3120 5501 3289 5571 μηδὲν
3318 5500 3525 5571 ἀγαθὸν
3570 5500 3669 5554 λα-

2088 5594 2201 5649 ϐεῖν
2234 5594 2383 5664 παρὰ
2401 5594 2493 5647 τοῦ
2511 5592 2667 5659 Θεοῦ,
2702 5594 2795 5648 καὶ
2825 5592 3328 5665 τιμωρηθήσονται.
