3850 6218
155 310 252 373 329

217 514 382 575 Ἴσως
413 511 515 580 τὴν
554 509 777 581 Γραφὴν
817 509 916 561 ούκ
967 507 1210 574 ἀνέγνως
1236 505 1330 576 τὴν
1358 505 1622 572 λέγουσαν
1653 503 1718 553 ὲκ

155 603 440 676 προσώπου
461 601 556 655 τοῦ
583 600 740 664 Θεοῦ,
759 602 843 653 ὄτι
879 618 897 650 ι
940 600 1053 667 Ἐφ’
1076 597 1221 661 ἆπαξ
1238 595 1346 664 ἐγὼ
1364 594 1524 648 σείσω
1544 594 1604 646 ού
1627 593 1722 662 μό-

155 715 235 752 νον
259 698 362 768 τὴν
384 695 513 766 γῆν,
532 695 666 748 ἀλλὰ
686 697 781 748 καὶ
807 695 899 748 τὸν
922 693 1173 762 οὐρανόν·
1207 713 1225 743 ι
1260 693 1397 762 ὅπερ
1418 693 1446 743 6
1477 689 1724 742 Ἀπόστο-

156 789 236 851 λος
263 785 588 858 ἑρμηνεύων
611 787 821 856 εἴρηιεο
851 802 870 836 ι
898 785 971 836 Τὸ
998 784 1074 846 δὲ,
1098 783 1218 836 Ἔτι
1241 780 1407 846 ἅπαξ,
1435 779 1586 852 δηλοῖ
1615 779 1723 831 τῶν

157 881 527 951 σαλευομένων
570 878 856 948 μετάθεσιν
891 877 968 939 ὡς
1007 875 1410 944 πεποιημένων,
1454 875 1544 926 ἵνα
1566 871 1726 946 μείνῃ

157 976 220 1030 τὰ
250 974 324 1045 μὴ
347 971 705 1041 σαλευόμενα.
729 989 748 1021 ι
783 970 890 1022 Καὶ
913 969 1244 1039 ὁΠροφήτης
1261 966 1414 1038 φησί·
1441 984 1460 1017 ι
1488 966 1598 1019 Καὶ
1617 964 1726 1034 γὰρ

159 1067 467 1138 κατόρθωσε
500 1066 702 1135 Κύριος
720 1065 818 1134 τὴν
846 1061 1191 1131 οἰκουμένην,
1223 1061 1344 1130 ἥτις
1369 1058 1430 1112 οὐ
1463 1057 1726 1126 σαλευθή-

162 1176 326 1212 σεται.
361 1159 422 1210 Ei
447 1155 628 1208 τοίνυν
645 1153 796 1205 ταῦθ’
829 1151 1002 1210 οὕτως
1027 1149 1203 1213 ἔσται,
1239 1150 1436 1218 μηκέτι
1477 1146 1615 1216 μετὰ
1637 1145 1728 1198 τὸν

162 1250 455 1304 ἀσάλευτον
489 1247 660 1300 αἰῶνα
681 1245 771 1298 τὸν
801 1242 1085 1314 μέλλοντα,
1129 1240 1427 1312 προσδόκα,
1459 1239 1555 1290 καὶ
1589 1253 1726 1306 φαν-

163 1343 319 1405 ταζου
360 1337 682 1410 μεταϐολὰς,
723 1338 815 1389 καὶ
847 1334 1078 1404 τροπὰς,
1111 1333 1204 1385 καὶ
1232 1328 1604 1393 ἀποπτώσεις,
1636 1329 1732 1382 καὶ

162 1431 594 1501 δεισιδαιμονίας,
626 1429 718 1482 καὶ
744 1429 953 1490 δουλίας
984 1425 1308 1497 ἀνθρώπων,
1333 1423 1426 1476 καὶ
1453 1423 1522 1475 τὰ
1555 1437 1733 1490 παρα-

165 1527 387 1596 πλήσια.

419 1616 589 1670 ENA'.
610 1611 1056 1683 -ΖΩΣΙΜΙΑΝῼ
1083 1607 1476 1678 ΑΝΘΥΠΑΤῼ.

1332 288 1890 356 EPISTOLARUM.
1931 289 2075 350 LIB.
2119 289 2200 348 Ῐῐ.

448 407 654 470 ΣΝ’.’-
679 414 1002 469 MOMHAEI
1033 412 1414 483 ΟΙΚΟΝΟΜῼ.
1745 413 1790 466 Α

3279 283 3382 346 330

2027 405 2191 476 243
2230 401 2378 458 CCL.
2408 432 2477 442 —
2507 382 2781 456 oto'tttsnt
2812 399 3198 456 (ECONOMO.

1896 496 2050 552 "aud
2083 500 2218 559 scio,
2259 511 2328 549 an
2363 499 2702 566 Scripturam
2754 494 3118 566 percurrcris,
3168 509 3231 547 ex
3269 509 3391 562 per-

1823 605 1956 644 sona
1983 589 2074 643 Dei
2110 588 2378 644 dicentem
2413 606 2425 640 :
2465 607 2482 640 ι
2521 587 2712 640 Adhuc
2751 585 2940 648 semel,
2977 592 3030 639 et
3056 599 3156 654 ego
3187 599 3390 639 concu—

1823 682 1954 735 tiant
1988 696 2096 735 non
2145 689 2356 734 tantum
2393 691 2620 742 tcrrant,
2671 680 2766 734 sed
2819 677 3108 740 coelum“,
3152 695 3172 728 ι
3236 685 3292 732 et
3339 677 3392 730 id

1823 773 2121 844 Apostolus
2139 789 2418 843 exponens
2450 773 2619 826 dixit:
2647 792 2664 823 ι
2688 771 2847 835 Illud,
2867 772 3059 824 Adhuc
3082 770 3273 832 semel,
3297 771 3394 824 de-

1827 867 1998 920 clarat
2020 866 2306 920 mobilium
2340 865 2758 919 translationem
2795 873 3056 932 tanquam
3103 861 3392 924 factorum,

1828 968 1887 1012 ttt
1919 968 2235 1013 remaneant
2258 973 2342 1018 ea,
2369 974 2487 1026 qua:
2517 965 2646 1013 sunt
2671 955 2972 1012 immobilia
2993 954 3060 1007 θ’.
3089 972 3108 1004 ι
3129 953 3398 1023 Propheta

1828 1061 2088 1120 praeterea
2122 1053 2239 1104 ait:
2281 1070 2299 1101 ι
2335 1051 2543 1104 Etenim
2603 1048 2829 1120 perfecit
2859 1046 3122 1101 Dominus
3161 1055 3397 1108 terram,

1829 1159 1949 1212 qua:
1980 1158 2085 1196 non
2117 1141 2606 1197 connnovebitur‘.
2649 1159 2668 1191 ι
2719 1139 2844 1195 Haec
2902 1142 3090 1209 itaque
3134 1138 3182 1194 si
3242 1139 3315 1192 ita
3341 1155 3402 1191 se

1832 1235 2054 1296 habent,
2078 1251 2145 1290 ne
2172 1243 2294 1304 post
2330 1235 2593 1289 saeculum
2629 1232 2872 1287 futurum
2911 1232 3074 1302 idque
3100 1231 3398 1286 inconcus-

1833 1343 1976 1393 sum,
2007 1329 2361 1389 mutationes,
2421 1337 2471 1382 et
2522 1325 2954 1392 vicissitudines,
3019 1333 3075 1380 et
3111 1340 3297 1389 casus,
3347 1333 3404 1378 ct

1835 1418 2161 1481 infortunia,
2193 1428 2248 1474 et
2280 1419 2575 1473 servitutes
2605 1419 2910 1484 hominum,
2939 1427 3104 1488 atque
3128 1419 3212 1474 his
3244 1418 3401 1473 simio

1836 1511 1907 1565 lia
1938 1520 2216 1580 exspecta,
2243 1521 2295 1564 et
2329 1511 2427 1563 tibi
2455 1510 2639 1563 animo
2671 1519 3026 1579 reprzesenta.

2007 1601 2182 1655 CCLI.
2215 1629 2284 1642 --
2314 1599 2700 1657 ZOSIlIIANO
2744 1599 3204 1657 PROCONSULI.

231 1708 478 1764 ’Δνωθεν
493 1707 558 1760 τὸ
588 1703 866 1774 συμφέρον
891 1703 1024 1772 ἡμῖν
1053 1703 1080 1752 6
1105 1699 1235 1763 Θεὸς
1265 1698 1631 1766 ἐπιστάμενος
1655 1695 1736 1758 εἰς

1909 1693 2046 1748 Cum
2078 1693 2318 1764 desuper
2353 1691 2499 1750 Deus
2533 1693 2692 1750 nobis
2723 1693 3089 1748 conducibilia
3129 1692 3267 1748 satis
3297 1693 3409 1746 cal-

166 1803 254 1858 δύο
287 1803 441 1874 βίους
471 1799 632 1854 διεῖλε
666 1798 736 1850 τὰ
775 1793 1111 1866 ἀνθρώπινα,
1157 1791 1238 1854 εἰς
1270 1806 1328 1842 τε
1353 1788 1444 1841 τὸν
1487 1786 1733 1856 παρόντα

1858 1795 1992 1847 eret.
2032 1802 2119 1841 res
2145 1786 2417 1843 humanas
2447 1788 2501 1842 in
2536 1787 2810 1857 duplicent
2841 1786 3006 1840 vitam
3039 1786 3273 1854 partitus
3301 1794 3406 1848 est,

165 1896 377 1962 τοῦτον,
409 1892 502 1947 καὶ
530 1893 611 1954 είς
636 1890 728 1943 τὸν
783 1888 1065 1959 μέλλοντα,
1092 1879 1166 1937 ῶν
1221 1882 1312 1935 τὸν
1359 1879 1456 1950 μὲν
1489 1877 1737 1948 παρόντα

169 1990 304 2061 πρὸς
336 1987 571 2059 μάθησιν
600 1983 893 2050 ἀναγκαῖον
923 1979 1092 2032 θέλων
1121 1976 1291 2041 δεῖξαι
1319 1975 1430 2036 τοῖς
1473 1969 1732 2039 λογικοῖς,

169 2082 421 2151 θλίψεως,
452 2078 548 2132 καὶ
573 2076 749 2145 λύπης
783 2073 999 2144 γέμειν,
1028 2070 1122 2122 καὶ
1147 2067 1340 2136 ὀδύνης
1389 2063 1692 2135 πεποίηκεν
1720 2076 1736 2092 ο

169 2173 356 2242 ἐπειδὴ
395 2172 544 2223 πᾶσα
587 2167 822 2239 μάθησίς
851 2182 932 2230 τε,
969 2163 1063 2216 καλ⁵
1102 2160 1384 2220 παίδευσις
1430 2155 1742 2228 προσούσας

168 2266 280 2336 ἔχει
308 2264 414 2326 τὰς
435 2261 631 2325 λύπας,
666 2260 762 2313 καὶ
808 2256 1125 2326 ἀλγηδόνας,
1166 2252 1234 2305 δι’
1262 2245 1336 2304 ὧν
1375 2246 1744 2318 σωφρονέστε-

172 2357 252 2427 ροί
279 2373 362 2420 τε,
379 2355 476 2406 καὶ
503 2351 742 2422 βελτίους
768 2348 974 2404 ἑαυτῶν
988 2348 1037 2400 οἱ
1069 2343 1448 2412 παιδευόμενοι
1478 2340 1737 2407 γίνονται.

167 2443 420 2496 Διδάσκει
472 2441 569 2511 μὲν
599 2437 755 2492 τούτο
778 2437 926 2506 ἡμᾶς
965 2435 1062 2488 καὶ
1087 2435 1118 2504 ἡ
1149 2435 1312 2504 πεῖρα
1335 2429 1445 2483 τῶν
1478 2429 1744 2498 πραγμά-

166 2550 276 2586 των
306 2531 520 2598 σαφῶς,
559 2530 651 2597 ἀφ’
679 2522 754 2583 ὧν
778 2528 979 2590 πάντες
1004 2523 1278 2596 ἐπιμελῶς
1308 2523 1462 2592 ἄγειν
1496 2520 1748 2592 βουλόμε-

167 2642 247 2678 νοι
295 2625 430 2686 τοὺς
474 2623 670 2684 παῖδας
724 2621 846 2682 τοὺς
902 2617 1132 2680 ἑαυτῶν,
1186 2617 1325 2685 μετὰ
1384 2613 1589 2682 πολλῆς
1647 2611 1746 2680 μὲν

167 2713 491 2785 συντρισῆς,
541 2711 741 2779 πολλῆς
769 2709 826 2762 δὲ
867 2709 1060 2776 ἄγουσι
1097 2709 1196 2776 τῆς
1248 2702 1645 2774 ταλαιπωρίας,
1672 2700 1748 2762 ὡς

168 2805 236 2859 ἂν
266 2807 330 2858 ὲν
373 2801 660 2874 μαθήμασί
687 2817 767 2861 τε,
799 2800 892 2852 καὶ
922 2797 1198 2852 παιδεύσει
1229 2796 1442 2874 δόκιμοι
1466 2793 1749 2863 γεγονότες

166 2897 314 2950 κατὰ
349 2895 544 2966 καιρὸν
570 2894 846 2964 δυνηθεῖεν
877 2891 984 2944 τῶν
1014 2891 1188 2942 πόνων
1232 2871 1436 2940 τούτων
1485 2885 1744 2951 δέξασθαι

166 2989 297 3050 τοὺς
341 2983 614 3055 καρπούς.
647 2985 806 3054 Δηλοῖ
828 2982 884 3035 δὶ
915 2983 1007 3035 καὶ
1037 2983 1066 3034 6
1097 2980 1250 3049 ἅγιος
1285 2980 1515 3043 Παῦλος,
1547 2977 1746 3044 λέγων’

1838 1877 1892 1932 in
1927 1886 2246 1948 praesentem
2283 1879 2424 1932 hanc
2449 1879 2706 1933 videlicet
2751 1888 2806 1933 et
2848 1877 3089 1934 futuram
3119 1893 3134 1943 ;
3171 1876 3410 1945 dumque

1838 1980 2160 2039 praesentem
2184 1970 2250 2024 ad
2281 1970 2602 2041 disciplinas
2625 1971 3024 2040 comparandas
3045 1969 3410 2025 necessariam

1839 2062 2116 2125 esseiJis,
2150 2061 2243 2131 qui
2278 2063 2508 2118 rationis
2563 2071 2844 2133 compotes
2905 2069 3056 2126 sunt,
3104 2069 3413 2115 monstrare

1840 2153 2040 2217 vellet,
2081 2153 2371 2208 alﬂictione
2409 2169 2755 2223 tnmroreque
2802 2163 2856 2209 et
2909 2154 3097 2209 labore
3137 2148 3410 2223 appletam

1841 2259 1966 2300 esse
1997 2245 2275 2299 decrevit:
2310 2260 2653 2315 quacunque
2681 2245 2882 2300 etenim
2924 2245 3216 2314 disciplina
3249 2252 3414 2314 atque

1844 2337 2135 2393 instructio
2197 2337 2416 2393 innatas
2478 2338 2584 2394 sibi
2640 2347 2695 2393 et
2756 2338 3049 2393 mmstitias
3099 2346 3154 2392 et
3196 2337 3415 2392 dolores

1846 2429 2027 2495 habet,
2070 2446 2164 2500 per
2203 2446 2324 2499 quae
2355 2430 2763 2500 prudentiores,
2784 2444 2952 2500 seque
2979 2430 3113 2500 ipsis
3141 2430 3413 2488 meliores.

1844 2523 1936 2592 qui
1970 2523 2338 2586 instruuntur,
2372 2523 2628 2577 evadunt.
2659 2521 2713 2576 Id
2755 2537 2884 2577 vero
2935 2523 3274 2592 experientia
3329 2539 3416 2576 re-

1847 2633 1966 2670 rum
1999 2615 2292 2670 manifesto
2323 2631 2425 2671 nos
2453 2615 2753 2680 admonet;
2784 2615 2986 2686 quippe
3001 2617 3095 2686 qui
3126 2615 3256 2670 dum
3279 2615 3420 2669 ﬁlius

1841 2717 2070 2763 nostros
2112 2709 2404 2779 diligenter
2443 2708 2666 2762 educari
2706 2708 3078 2778 percupimus,
3114 2708 3284 2761 multa
3323 2723 3420 2762 ens

1849 2815 1973 2853 cum
2007 2801 2309 2863 attritione,
2349 2799 2648 2864 multisque
2683 2799 2931 2853 laborum
2969 2799 3420 2870 perpessionibns

1848 2892 2168 2953 educamus,
2199 2892 2331 2946 utin
2369 2892 2677 2962 disciplinis
2701 2901 2873 2961 atque
2907 2892 3248 2946 institutione
3272 2907 3421 2945 com-

1851 2984 2092 3055 probati,
2150 2983 2314 3056 249
2349 3000 2449 3038 suo
2495 2994 2732 3053 tempore
2775 2986 3025 3038 laborum
3062 2982 3276 3038 fructus
3326 2984 3422 3037 de-

169 3099 191 3130 ι
215 3079 380 3132 Πᾶσα
415 3075 473 3128 δὲ
510 3074 726 3128 παιδεία
766 3073 903 3144 πρὸς
949 3072 1047 3142 μὲν
1074 3071 1135 3123 τὸ
1164 3069 1336 3140 παρὸν
1365 3069 1428 3121 ού
1465 3069 1613 3122 δοκεῖ
1645 3085 1738 3138 χα-

1856 3085 2099 3146 serpant.
2133 3075 2319 3130 Innuit
2347 3092 2511 3147 porro
2553 3077 2606 3131 id
2649 3079 2788 3132 idem
2834 3088 2889 3132 et
2935 3085 3160 3134 sanctus
3220 3077 3424 3132 Paulus

169 3170 274 3238 pi;
301 3163 471 3227 εἶναι,
509 3165 645 3217 ἀλλὰ
671 3162 872 3232 λύπης,
906 3160 1130 3232 ὕστερον
1154 3160 1210 3213 δὲ
1242 3159 1454 3230 καρπὸν
1477 3159 1752 3230 εἰρηνικὸν

161 3263 287 3323 τοῖς
313 3260 385 3312 δι’
421 3259 595 3327 αὐτῆς
639 3255 1108 3324 γεγυμνασμένοις
1152 3251 1440 3306 ἀποδίδωσι
1478 3250 1753 3304 δικαιοσύ-

163 3369 271 3420 νης
289 3367 306 3380 ο
336 3370 357 3402 ι
389 3349 478 3416 ἐφ’
506 3343 588 3411 οἷς
610 3347 676 3417 δὴ
705 3349 800 3398 καὶ
825 3347 972 3415 ἡμᾶς
999 3343 1266 3396 διδάσκων
1290 3341 1398 3392 τῶν
1414 3357 1474 3392 τε
1497 3339 1754 3410 λυπηρῶν

161 3445 266 3496 καὶ
291 3443 408 3496 τῶν
432 3441 671 3511 ἀνιαρῶν
701 3438 818 3508 μεθ’
837 3437 1032 3506 ἡδονῆς
1055 3433 1367 3504 ἀνέχεσθαι,
1400 3432 1533 3500 πρὸς
1553 3429 1756 3500 ἀγαθόν

162 3555 220 3590 τι
248 3536 408 3597 τέλος
451 3533 827 3600 ὲξαγαγόντων
860 3530 1030 3599 ἡμᾶς,
1052 3527 1256 3597 γράφει
1289 3540 1305 3556 ⁸
1337 3543 1355 3576 ⁸
1384 3524 1482 3578 Υίέ
1521 3541 1645 3594 μους
1681 3523 1756 3592 μὴ

157 3626 436 3696 ὀλιγώρει
482 3623 729 3685 παιδείας
777 3619 1002 3690 Κυρίου.
1037 3619 1170 3690 μηδὲ
1222 3615 1417 3670 ἐκλύου
1464 3616 1553 3668 ὑπ’
1594 3614 1756 3668 αὑτοῦ

165 3719 567 3789 ἐλεγχόμενος,
594 3715 651 3768 δν
685 3715 791 3783 γὰρ
831 3713 1019 3783 ἀγαπᾷ
1062 3710 1288 3781 Κύριος,
1340 3707 1604 3766 παιδεύει,
1654 3725 1759 3775 μα-

164 3811 358 3876 στιγοῖ
386 3807 448 3859 δὲ
480 3804 662 3858 πάντα
695 3803 831 3865 υἱὸν,
860 3802 918 3855 ὃν
941 3800 1325 3872 παραδέχεται.
1357 3799 1450 3863 Εἰς
1506 3798 1758 3850 παιδείαν

166 3901 513 3971 ὑπομένετε,
539 3916 559 3949 ι
591 3896 684 3949 καὶ
713 3896 782 3947 τὰ
806 3894 952 3962 ἑξῆς.

474 4091 642 4145 ΣΝΒ’.
661 4120 728 4132 -—
754 4089 1116 4160 ΔΡΟΥΣΗΝῼ
1156 4089 1478 4142 ΑΡΧΟΝΤΙ.

247 4184 316 4236 ΟΞ
342 4181 448 4251 μὲν
486 4179 752 4248 νομίμως,
787 4178 880 4229 καὶ
916 4179 1058 4231 κατᾶ
1086 4178 1175 4230 τὸν
1207 4177 1301 4230 τοῦ
1356 4177 1564 4230 δικαίου
1599 4179 1760 4248 λόγον

161 4275 281 4328 σὺν
307 4271 446 4339 θείῳ
462 4268 612 4338 φόϐῳ
641 4267 897 4338 ἄρχοντες
924 4268 1031 4320 τῶν
1061 4269 1534 4337 ὑποτεταγμένων,
1562 4272 1764 4340 τιμῶν-

157 4380 270 4415 ται
302 4358 466 4427 παρὰ
489 4360 559 4427 τῇ
597 4360 765 4427 σεπτῇ
803 4357 841 4408 Γ
846 4359 1016 4427 ραφῇ,
1045 4359 1137 4410 καὶ
1186 4359 1444 4429 μακάριοι
1494 4357 1639 4413 οὗτοι
1666 4365 1764 4432 τῆς

155 4472 231 4507 τε
266 4450 588 4523 παρούσης,
615 4450 710 4502 καὶ
737 4451 832 4514 τῆς
855 4449 1153 4521 μελλούσης
1189 4451 1356 4520 ζωῆς·
1389 4453 1504 4505 ὅσοι
1534 4453 1589 4506 δὲ
1619 4455 1761 4507 κατὰ

156 4548 282 4617 τὴν
323 4544 431 4614 σὴν
478 4541 699 4609 ἀλογίαν
753 4540 999 4608 διαζῶσι,
1062 4542 1481 4612 πεπληρωμένοι
1522 4544 1621 4612 μὲν
1668 4546 1766 4616 τῆς

152 4639 368 4707 ψυχῆς
403 4633 468 4686 τὸ
515 4633 816 4702 κριτήριον,
874 4633 1168 4702 ἡγεμονίαν
1197 4633 1252 4685 δὲ
1283 4633 1464 4698 ἔθνους
1522 4637 1767 4706 ἐγκεχει-

161 4724 466 4796 ρισμένοι,
525 4723 746 4774 ὲλεεινοὶ
779 4722 845 4774 ἂν
872 4718 982 4775 εἶεν
1019 4725 1067 4776 οί
1101 4721 1330 4776 τοιοῦτοι
1357 4726 1454 4794 τῆς
1507 4725 1764 4796 τοιαύτης

153 4817 371 4884 ἀξίας,
402 4815 500 4866 καὶ
536 4815 990 4884 κατακεκριμένοι
1040 4815 1191 4885 παρὰ
1247 4815 1388 4884 Θεῷ,
1417 4817 1518 4870 κᾶν
1575 4819 1767 4881 ἄλλους

155 4907 406 4976 κρίνειν
449 4901 694 4954 δοκῶσιν.
731 4902 926 4954 Ούκέτι
958 4902 1066 4969 γὰρ
1095 4903 1124 4954 6
1154 4901 1278 4964 νοῦς
1320 4903 1522 4954 τούτων
1551 4904 1644 4956 ἐπὶ
1672 4901 1767 4956 τοῦ

158 4997 446 5066 βήματος
501 4990 602 5052 τῆς
652 4989 826 5058 ἀρχῆς
891 4988 1196 5052 καθέζεται,
1247 4988 1366 5041 κατ’
1439 4991 1623 5042 εἰκόνα
1677 4993 1771 5044 καὶ

154 5085 461 5154 ὁμοίωσιν
491 5079 625 5132 Θεοῦ
658 5079 920 5142 κτισθεὶς,
953 5082 1046 5132 καὶ
1079 5081 1266 5149 ἄρχειν
1307 5082 1767 5152 προτεταγμένος,

153 5175 331 5231 ἀλλὰ
374 5171 577 5241 μᾶλλον
620 5172 960 5240 κατενεχθεὶς
981 5173 1044 5224 ἐκ
1069 5172 1273 5241 θρόνων
1324 5175 1682 5242 ἁρχοντικῶν,
1715 5179 1772 5227 ὲν

151 5271 244 5337 τῇ
277 5264 401 5318 τῶν
471 5263 726 5332 ὑπηκόων
772 5263 976 5327 λοιπὸν,
1041 5265 1240 5334 μᾶλλον
1285 5265 1343 5318 δὲ
1401 5265 1769 5336 κατακρίτων,

155 5362 462 5418 τέτακται
495 5355 670 5420 τάξει.
1638 5357 1642 5361 ’

519 5448 684 5502 ΣΝΡ.
707 5477 776 5488 -
806 5447 1098 5520 ΛΒΛΑΒΙῼ
1128 5447 1445 5520 ΝΟΤΑΡΙῼ.

264 5538 341 5591 Ὅ
374 5537 521 5608 ᾄδων
572 5537 706 5607 πρὸς
739 5537 799 5590 τὸ
833 5539 990 5591 ὠτίον
1038 5538 1131 5591 τοῦ
1186 5540 1390 5607 κωφοῦ,
1444 5543 1524 5604 είς
1595 5543 1771 5613 μάτην

250 5715 321 5751 ιο
353 5716 492 5784 A33.
530 5729 588 5776 ll,
614 5713 669 5769 7.
743 5715 789 5748 ”
821 5714 987 5770 Hebr.
1016 5732 1110 5780 xn,
1139 5719 1231 5776 ‘26.

394 5817 406 5827 '
447 5807 725 5870 Ριτιιοι.
769 5810 888 5875 Gn.
936 5812 1230 5878 LXXIX.

1855 3169 2080 3223 dicens:
2134 3187 2153 3219 ι
2202 3167 2394 3223 Omnis
2438 3169 2730 3240 disciplina
2786 3170 2841 3223 in
2904 3173 3152 3240 praesenti
3201 3171 3422 3240 quidem

1856 3259 2070 3314 videtur
2100 3275 2209 3313 non
2238 3274 2359 3314 esse
2388 3261 2597 3329 gaudii.
2628 3263 2723 3316 sed
2777 3263 3034 3316 maeroris
3059 3279 3074 3328 ;
3104 3270 3292 3332 postea
3321 3279 3423 3317 au-

1857 3361 1965 3405 tem
1989 3351 2227 3406 fructum
2257 3353 2548 3423 pacilicutn
2587 3355 2907 3409 exercitatis
2940 3370 3034 3423 per
3071 3371 3193 3410 eam
3249 3356 3426 3409 reddit

1855 3444 2086 3515 iustitiae
2113 3445 2169 3498 ἐ
2210 3464 2230 3497 ι
2264 3447 2464 3515 quibus
2512 3461 2613 3502 nos
2649 3462 2868 3516 quoque
2915 3448 3192 3502 instruens
3224 3447 3426 3518 tristia,

1859 3539 2092 3606 diraque
2121 3553 2244 3591 cum
2274 3538 2476 3608 gaudio
2510 3539 2808 3602 sustinere,
2850 3554 2970 3607 qua:
3003 3540 3070 3592 ad
3128 3544 3328 3592 bonum
3365 3544 3427 3590 ti-

1860 3643 1984 3684 nem
2014 3643 2112 3683 nos
2133 3632 2466 3692 conducunt,
2496 3629 2728 3684 scribit:
2763 3648 2781 3679 ι
2821 3629 2919 3682 Fili
2958 3631 3050 3692 mi,
3101 3631 3211 3685 noli
3259 3633 3431 3700 negli-

1861 3737 1986 3791 gere
2016 3722 2361 3792 disciplinam
2395 3720 2634 3787 Domini,
2667 3737 2843 3790 neque
2885 3721 3148 3792 fatigeris,
3182 3725 3310 3776 dum
3363 3725 3431 3775 ah

1859 3829 1929 3867 eo
1957 3817 2245 3882 argueris:
2282 3830 2443 3883 quem
2483 3817 2628 3869 enim
2670 3814 2847 3885 diligit
2886 3813 3146 3870 Dominus
3181 3815 3428 3884 castigat.

1868 3903 2133 3975 Flagellat
2171 3917 2350 3961 autem
2401 3922 2618 3960 omnem
2673 3908 2864 3973 liliutn,
2900 3924 3060 3977 quem
3095 3908 3319 3978 ,recipit.
3376 3909 3431 3961 In

1864 3997 2152 4067 disciplina
2183 3999 2623 4067 perseverate’o,
2657 4007 2767 4052 etc.

2147 4083 2346 4140 CCLll.
2378 4116 2448 4125 —
2472 4083 2797 4140 DRUSENO
2827 4084 3142 4141 PlllNClPl.

1937 4177 2040 4244 Qui
2079 4177 2339 4247 legitime,
2373 4185 2426 4231 et
2459 4193 2525 4231 ex
2566 4178 2794 4247 iustitiae
2840 4178 3158 4246 praescripto
3209 4191 3334 4232 cum
3370 4178 3473 4230 ti-.

1868 4285 2018 4324 more
2043 4267 2257 4322 Domini
2288 4267 2522 4321 subditis
2548 4269 2845 4336 imperant,
2885 4268 3099 4321 laudem
3135 4267 3337 4322 habent
3381 4269 3436 4322 in

1870 4361 2198 4416 venerandis
2228 4359 2474 4422 Litteris.
2505 4361 2756 4429 beatique
2785 4374 2893 4413 non
2945 4361 2997 4413 in
3035 4369 3305 4429 praesente
3338 4362 3438 4415 hac

1873 4456 1982 4507 vita
2011 4454 2211 4515 solum,
2254 4453 2347 4507 sed
2383 4451 2569 4506 futura
2619 4453 2780 4506 etiam
2828 4452 3165 4520 iudicantur.
3203 4451 3305 4506 Sed
3344 4458 3437 4521 qui

1875 4547 1999 4600 sine
2033 4545 2265 4608 ratione,
2301 4554 2359 4597 ut
2387 4551 2444 4596 tu
2469 4544 2583 4612 ipse
2607 4543 2767 4603 facis,
2795 4543 2961 4595 vitam
2990 4550 3178 4611 agunt,
3202 4553 3256 4598 et
3287 4557 3441 4611 parte

1876 4635 2044 4690 animi
2081 4649 2260 4687 rerum
2291 4634 2612 4687 aestimativa
2642 4641 2696 4687 et
2744 4633 2949 4686 arbitra
2984 4634 3149 4702 capti,
3198 4634 3439 4687 nationis

1875 4726 2181 4795 cujuspiam
2223 4733 2408 4779 tenent
2441 4726 2702 4790 habenas,
2739 4739 2822 4778 nm
2877 4724 2956 4778 illi
2988 4725 3090 4777 hac
3137 4723 3326 4779 eadem
3357 4725 3440 4777 di-

1871 4819 2078 4888 gnitate
2131 4818 2314 4872 miseri
2359 4827 2505 4880 sunt,
2561 4826 2615 4870 et
2658 4832 2690 4869 a
2743 4815 2854 4870 Deo
2886 4813 3274 4878 condemnati“,
3315 4815 3441 4869 licet

1876 4909 2014 4963 alios
2042 4909 2142 4978 ipsi
2171 4908 2382 4977 judicio
2412 4909 2688 4962 sustinere
2722 4907 3030 4960 videantur.
3057 4905 3211 4959 Haud
3241 4909 3436 4960 etenim

1877 5014 2033 5052 mens
2094 5013 2285 5052 eorum
2341 4999 2548 5066 imperii
2585 4998 2767 5052 sedem
2830 5003 3082 5063 occupat,
3141 4999 3434 5050 secundum

1879 5088 2170 5157 imaginem
2203 5100 2257 5143 et
2307 5087 2718 5142 similitudinem
2755 5086 2848 5140 Dei
2894 5084 3216 5150 fabrefacta,
3257 5085 3438 5155 jussu-

1877 5195 1987 5249 qne
2015 5187 2074 5232 ut
2098 5179 2235 5232 alios
2265 5186 2457 5247 regat.
2493 5177 2587 5233 sed
2620 5177 2802 5246 potius
2833 5191 2898 5229 ex
2926 5173 3265 5242 principibus
3299 5175 3445 5229 sedi-

1880 5272 1986 5326 btts
2016 5271 2226 5340 dejecta
2256 5272 2310 5325 in
2338 5270 2684 5324 subditorum
2714 5273 2891 5322 locum
2914 5306 2929 5330 ,
2961 5266 3190 5320 omnino
3223 5267 3279 5322 in
3315 5283 3445 5323 con-

1879 5365 2263 5416 demnatorum
2301 5363 2545 5416 ordinem
2577 5361 2902 5419 collocatur.

2066 5454 2231 5523 250
2262 5454 2483 5508 CliLlll.
2518 5486 2583 5496 —
2609 5455 2906 5512 ABLABIO
2930 5455 3253 5511 NOTARIO.

1948 5546 2051 5611 Qui
2085 5549 2140 5600 in
2172 5546 2324 5602 surdi
2376 5564 2564 5603 aurem
2621 5551 2847 5609 occinit.
2900 5549 3102 5604 frustra
3134 5551 3356 5611 cecinit,
3391 5554 3448 5604 et

1308 5721 1323 5752 ¹
1348 5715 1501 5777 Psnl.
1527 5736 1660 5790 xcu,
1680 5720 1736 5777 2.

1866 5720 2036 5782 Hebr.
2066 5739 2168 5793 ιιι,
2203 5723 2290 5782 ll.
2367 5724 2388 5760 ³
2419 5725 2580 5784 Prov.
2625 5743 2710 5798 ιιι,
2755 5731 2855 5802 ιι,
2883 5728 3048 5782 Hebr.
3092 5745 3186 5795 χιι,
3218 5730 3331 5785 5-7.

2928 5821 2992 5882 11
