3850 6218
470 297 573 366 331

1986 289 2046 346 S.
2088 288 2253 350 NILI

3605 288 3715 351 332

470 414 565 485 qui
594 419 774 467 tecum
803 423 869 461 ex
899 419 1069 461 sacrm
1105 403 1402 484 Scriptura:
1433 400 1686 455 formulis
1721 413 2029 453 sermonem

2156 399 2270 457 ὶδει.
2312 400 2406 453 καὶ
2433 402 2460 453 ὁ
2486 400 2863 471 διαλεγόμενός
2896 417 2980 453 σοι
3016 406 3079 453 ὲκ
3112 401 3209 471 τῆς
3242 400 3465 469 Γραφῆς
3501 411 3715 474 πεπλη-

470 481 702 563 confert,
733 501 827 569 qui
863 498 1173 568 insipientia
1204 481 1452 565 oppletus
1478 507 1560 555 es,
1604 499 1658 546 et
1702 489 2034 559 advigilante

469 606 699 661 corpore
725 589 1010 652 dormitas,
1042 600 1328 642 sermones
1359 584 1556 654 perdit.

786 676 1013 733 CCLIV.
1037 706 1108 716 --
1139 674 1371 729 ARICLI
1407 672 1711 728 PRIMATI.

538 772 630 835 Iis,
656 771 747 840 qui
775 771 945 841 ipsius
975 768 1264 823 adventum
1294 767 1557 836 diligunt,
1591 764 1752 820 Jesus
1790 763 2035 818 omnium

472 865 614 919 Deus
642 874 697 919 et
744 863 1027 926 Dominus,
1076 860 1304 927 justiti-.2
1347 872 1609 911 coronam
1676 854 2033 926 spopondit‘.

468 956 727 1021 ριιαιηαιη
763 966 928 1023 porro
958 951 1123 1005 fuerit
1147 950 1293 1003 dicta
1325 964 1552 1013 corona,
1587 963 1751 1018 quam
1800 945 2036 1017 perfecta

470 1046 648 1101 modis
673 1044 931 1098 omnibus
951 1041 1190 1111 justitia,
1234 1046 1289 1093 et
1328 1041 1610 1101 sanctitas,
1638 1045 1693 1091 et
1725 1038 2035 1106 integritas,

468 1149 523 1191 et
565 1134 1003 1200 immutabilitas,
1051 1142 1106 1187 et
1151 1132 1556 1196 immortalitas,
1616 1137 1673 1184 et
1715 1129 2038 1198 jucunditas

470 1227 798 1296 sempiterna
829 1225 853 1279 τ

818 1313 1020 1370 CCLV.
1053 1345 1124 1355 -
1154 1310 1363 1368 LUCE
1403 1308 1720 1366 DIACONO.

546 1428 566 1462 ι
596 1409 857 1475 Quisnam
887 1406 1049 1461 fuerit
1079 1406 1337 1461 stimulus
1367 1406 1520 1459 carni
1556 1401 1802 1473 Apostoli
1837 1400 1998 1455 datus
2018 1441 2034 1466 ,

473 1517 542 1555 nc
573 1499 944 1570 magnitudine
990 1498 1382 1552 revelationum
1432 1505 1486 1549 et
1533 1494 1883 1548 multitudine
1938 1493 2040 1545 ali-

472 1592 694 1661 quando
738 1589 1167 1644 attolleretur“!
1204 1609 1223 1640 ι
1284 1587 1626 1653 Quotidianae
1694 1584 2037 1647 aﬂIieliones,

472 1694 595 1747 qua:
626 1678 703 1730 illi
733 1693 763 1730 a
797 1676 1274 1746 persequentibus,
1306 1675 1663 1744 nequissimis
1689 1674 2031 1733 hominibus,

476 1768 869 1830 inferebantur,
906 1767 1162 1821 stimqus
1195 1772 1625 1833 nuncupantur:
1660 1763 1867 1817 stimuli
1893 1762 2038 1816 enim

474 1861 650 1913 instar
683 1874 848 1913 casus
887 1858 1125 1922 adversi,
1167 1858 1525 1925 colaphorum
1577 1855 1955 1924 impactiones,
1986 1862 2041 1909 et

476 1951 837 2005 necessitates
875 1950 1041 2003 varias
1092 1950 1308 2003 beatum
1344 1950 1520 2001 virum
1561 1955 2039 2018 pungentestnon

476 2044 577 2110 illi,
608 2049 665 2097 ut
700 2040 1003 2105 inﬂaretur,
1034 2040 1437 2110 permittebant.

723 2132 948 2190 CCLVI.
976 2162 1048 2173 —
1077 2131 1370 2186 BEBIANO
1410 2129 1758 2186 EPISCOPO.

547 2227 825 2282 Molestias
855 2225 1118 2286 incidere,
1172 2231 1226 2277 et
1250 2224 1487 2277 otiosqu
1530 2224 1754 2277 reddere
1784 2230 2039 2283 (nstrum,

478 2326 551 2380 st,
585 2330 709 2385 quae
740 2315 793 2368 in
826 2328 1055 2383 corpore
1081 2320 1404 2375 exaestuant,
1440 2312 1768 2379 voluptates.
1800 2310 1957 2380 251
1988 2310 2041 2363 id

478 2409 697 2461 divinus
712 2403 1805 2473 Apostolnscorporalemexercitationem
1826 2418 2041 2455 llllllt'll-

481 2502 646 2569 pavit.
671 2517 689 2548 ι
722 2497 902 2550 Pietas
926 2506 1105 2548 autem
1139 2510 1227 2549 res
1253 2495 1321 2547 ad
1342 2510 1533 2549 omnes
1564 2495 1799 2564 prolicua
1827 2506 1909 2549 est
1933 2497 1987 2548 5:
2019 2514 2037 2546 ι

478 2605 653 2657 eaque
701 2587 884 2646 fuerit.
929 2584 1039 2638 Deo
1091 2599 1249 2653 opem
1312 2583 1515 2637 ferente
1574 2585 1865 2638 memorias
1912 2587 2043 2639 alle-

480 2679 662 2733 etibus
694 2677 965 2729 obnoxias
1022 2690 1245 2743 prorsus
1274 2674 1455 2727 delere
1492 2690 1677 2743 posse,
1733 2678 2044 2745 ruentisque

481 2771 536 2824 in
568 2777 841 2839 posterum
866 2764 1115 2821 stabilem
1153 2765 1468 2819 munditiem
1504 2765 1608 2819 sibi
1638 2781 1979 2835 comparare.

678 2946 925 3006 CCLVII.
945 2978 1014 2990 —
1036 2946 1335 3003 COMASIO
1365 2946 1845 3003 PRESBYTERO.

2137 487 2369 558 ρωμένῳ
2442 490 2647 552 ἀνοίας,
2688 491 2782 542 καὶ
2836 488 3123 552 ὐπνοῦντι,
3190 490 3552 560 ἐγρηγορότας
3610 498 3709 549 τοῦ

2137 578 2407 650 σώματος,
2435 582 2559 644 τοὺς
2588 581 2779 649 λόγους
2809 582 3124 635 ἀπόλλυσιν.

2350 674 2512 727 ΣΝΝ.
2537 703 2604 714 -—
2634 675 2915 727 APIKAEI
2953 676 3417 735 ΠΡΩΤΕΥΟΝἹΊ.

2208 766 2331 829 Τοῖς
2379 767 2693 836 ἠγαπηκόσι
2724 769 2823 835 τὴν
2858 767 3178 836 ἐπιφάνειαν
3232 768 3419 828 αὑτοῦ,
3445 768 3656 839 Ἰησοῦς
3684 772 3718 823 6

2136 858 2246 909 τῶν
2271 859 2405 910 ὅλων
2428 858 2560 920 Θεός
2593 875 2651 910 τε
2681 861 2773 912 καὶ
2811 859 3033 928 Κύριος,
3059 860 3322 928 στέφανον
3364 861 3717 931 δικαιοσύνης

2137 947 2486 1017 ἐπήγγελται.
2510 949 2604 1010 Τίς
2625 948 2669 1001 δ’
2707 949 2771 1001 ἂν
2802 950 3038 1020 ὑπάρχει
3062 952 3089 1002 6
3111 951 3396 1019 εἰρημένος
3422 953 3710 1019 στέφανος,

2138 1038 2170 1107 ἢ
2204 1039 2478 1109 πάντωςή
2514 1040 2694 1092 τελεία
2743 1039 3081 1109 δικαιοσύνη,
3120 1042 3211 1092 καὶ
3267 1041 3573 1111 ἁγιωσύνη,
3616 1044 3719 1095 καί

2139 1129 2432 1198 ἁφθαρσία,
2474 1131 2623 1200 καὶὴ
2654 1131 3013 1200 ἀτρεπτότης,
3034 1132 3128 1185 καὶ
3158 1134 3190 1201 ἡ
3233 1130 3518 1196 ἀθανασία,
3562 1135 3658 1186 καὶ
3678 1135 3717 1204 ἡ

2137 1220 2436 1288 τερπνότης
2464 1222 2496 1288 ἡ
2522 1220 2898 1284 διαιωνίζουσα
2920 1239 2933 1285 ;

2491 1311 2653 1363 me.
2670 1340 2737 1348 —
2766 1310 2999 1379 Λογιςᾼ
3023 1311 3339 1378 ΔΙΑΚΟΝῼ.

2209 1401 2306 1464 Τίς
2335 1402 2481 1453 ἐστιν
2501 1404 2529 1454 ὁ
2554 1402 2753 1471 σκόλοψ
2772 1405 2799 1455 ὁ
2826 1403 3106 1471 δεδομένος
3122 1406 3188 1474 τῇ
3225 1404 3390 1472 σαρκὶ
3417 1402 3512 1455 τοῦ
3546 1404 3711 1456 Ἀπο-

2142 1493 2349 1555 στόλου,
2399 1494 2471 1563 μή
2501 1510 2629 1545 ποτε
2653 1494 2936 1564 ύπεραρθῇ
2978 1494 3056 1563 τῷ
3090 1495 3307 1563 μεγέθει
3336 1494 3429 1547 καὶ
3454 1494 3531 1563 τῷ
3574 1494 3720 1563 πλή-

2139 1582 2219 1635 θει
2262 1583 2370 1635 τῶν
2420 1583 2843 1652 ἁποκαλύψεωνς
2875 1586 2939 1637 Αἱ
2972 1584 3089 1636 καθ’
3131 1585 3343 1654 ἡμέραν
3393 1584 3623 1652 θλίψεις,
3651 1584 3714 1635 at

2142 1676 2290 1743 παρὰ
2314 1674 2420 1726 τῶν
2447 1674 2748 1742 μισούντων
2780 1675 2941 1727 αὑτὸν
2981 1677 3366 1745 πονηροτάτων
3400 1674 3712 1743 ἀνθρώπων

2141 1766 2474 1833 ἐπαγόμεναι
2504 1766 2653 1835 αὐτῷ
2698 1766 2897 1835 σκόλοψ
2935 1766 3182 1834 λέγονται
3230 1763 3371 1819 εἶναι
3398 1784 3411 1797 ·
3449 1767 3719 1827 σκόλοπος

2141 1858 2249 1927 γὰρ
2275 1857 2431 1927 δίκην
2467 1858 2523 1909 αί
2554 1859 2923 1927 περιστάσεις,
2953 1858 3046 1910 καὶ
3069 1858 3485 1928 οἱκολαφισμοὶ,
3517 1859 3613 1909 καὶ
3647 1858 3715 1909 at

2143 1944 2333 1999 πολλαὶ
2370 1948 2606 2015 ἀνάγκαι
2661 1950 2951 2001 νύττουσαι
2976 1949 3065 2001 τὸν
3095 1950 3363 2020 μακάριον
3429 1948 3619 2018 ἄνδρα,
3649 1948 3718 2000 οὐ

2143 2039 2481 2111 συνεχώρουν
2520 2040 2896 2110 ὑπεραρθῆναί
2936 2058 3084 2093 ποτε.

2438 2130 2616 2196 ΣΝΕΤ.
2648 2158 2711 2169 —-
2742 2130 3031 2200 ΒΕΒΙΛΝῼ
3076 2129 3439 2199 ΕΠΙΣΚυΠῼ.

2213 2224 2286 2276 Τὸ
2312 2223 2605 2293 περικὰέιαι
2629 2223 2716 2277 διὰ
2753 2224 3144 2286 κακοπαθείας,
3206 2224 3300 2275 καὶ
3356 2223 3717 2294 καταργῆσαι

2142 2320 2231 2368 τὸν
2276 2310 2508 2385 οἶστρον,
2546 2315 2635 2367 καὶ
2674 2317 2770 2375 τὰς
2809 2316 2865 2366 ὲν
2896 2315 2972 2384 τῷ
3003 2314 3213 2382 σώματι
3276 2313 3718 2383 φλεγμαινούσας

2118 2406 2355 2476 ἡδονάς,
2403 2405 2560 2458 τοῦτό
2602 2424 2766 2475 φησιν
2795 2408 2823 2458 6
2851 2406 2993 2467 θεῖος
3030 2405 3346 2467 Ἀπόστολος
3388 2406 3719 2475 σωματικὴν

2143 2496 2469 2564 γυμνασίαν.
2509 2513 2526 2544 ι
2551 2496 2612 2547 'H
2642 2495 2697 2546 δέ
2729 2512 2789 2561 γε
2816 2495 3064 2547 εὐσέϐεια
3082 2494 3216 2564 πρὸς
3242 2495 3416 2547 πάντα
3436 2495 3719 2563 ὠφέλιμος

2143 2590 2317 2640 ἐστιν’
2348 2608 2364 2639 ι
2400 2586 2537 2657 αὕτη
2568 2586 2614 2640 δ’
2643 2588 2707 2639 ἂν
2745 2588 2852 2656 εἴη,
2882 2588 2943 2639 τὸ
2978 2587 3269 2657 δυνηθῆναι
3298 2586 3389 2639 τοῦ
3417 2586 3555 2638 Θεοῦ
3592 2603 3720 2639 συν-

2144 2678 2448 2747 εργοῦντος,
2480 2677 2578 2740 τὰς
2607 2675 2871 2745 ἐμπαθεῖς
2922 2674 3240 2745 ἐξαφανίσαι
3266 2676 3341 2737 είς
3368 2674 3428 2726 τὸ
3450 2673 3719 2735 παντελὲς

2147 2774 2386 2841 μνήμας,
2414 2770 2506 2822 καὶ
2540 2768 2763 2838 βεϐαίαν
2786 2768 2972 2821 λοιπὸν
3013 2767 3362 2837 καθαρότητα
3398 2764 3716 2835 κτήσασθαι

2143 2862 2383 2923 διανοίας

2371 2952 2535 3006 ΣΝΖ’.
2567 2981 2637 2993 --
2664 2950 2970 3020 ΚΩΜᾹΣΙῼ
3006 2948 3477 3017 ΠΡΕΣΒΥΤΕΡῼ.

553 3039 608 3096 Si
644 3044 727 3096 vel
758 3042 873 3104 irae,
915 3041 998 3095 vel
1038 3041 1213 3111 turpis
1242 3040 1524 3105 desiderii,
1556 3042 1639 3093 vel
1676 3040 1920 3094 avaritiae
1952 3055 2043 3094 co-

2217 3043 2280 3095 Εί
2299 3044 2327 3095 ὁ
2348 3044 2603 3112 λογισμὸς
2622 3043 2714 3095 τοῦ
2740 3041 2936 3111 θυμοῦ,
2963 3040 2995 3110 ἢ
3018 3041 3112 3110 τῆς
3138 3041 3364 3109 αἰσχρᾶς
3387 3037 3717 3106 ἐπιθυμίας,

479 3136 674 3206 gitatio
720 3148 921 3190 sensus
971 3133 1037 3188 ad
1092 3147 1152 3189 se
1204 3147 1395 3187 onmes
1458 3132 1625 3185 animi
1691 3133 2049 3201 corporisque

478 3230 750 3283 convertit
778 3248 791 3283 :
825 3236 1032 3298 quanto
1064 3227 1237 3296 magis
1285 3225 1338 3280 id
1387 3225 1556 3283 illius.
1594 3239 1713 3292 quae
1743 3222 2046 3277 secundum

479 3323 755 3377 Christum
788 3329 894 3385 est,
942 3318 1297 3390 phil050pbize
1340 3332 1494 3371 amor
1536 3316 1756 3375 eliiciet.
1792 3325 1849 3369 ut
1895 3328 2049 3368 mens

482 3430 590 3469 non
617 3412 967 3467 sensibilibus
992 3418 1227 3471 tantum,
1256 3408 1350 3462 sed
1393 3408 1647 3463 sensibus
1679 3408 1812 3474 ipsis
1844 3421 2050 3459 renun-

479 3506 601 3567 tiet,
626 3490 696 3558 ad
731 3502 983 3557 sublimia
1026 3490 1246 3569 rapiens
1298 3513 1442 3559 eam,
1474 3508 1530 3552 et
1574 3497 1881 3551 cmelestium
1917 3510 2050 3549 con-

481 3591 837 3662 templatione
860 3599 916 3644 et
944 3589 1211 3643 exercitio
1244 3587 1535 3642 detinens?

744 3765 1011 3823 CCLVIII.
1035 3796 1105 3806 —
1129 3764 1399 3821 BACCHO
1432 3763 1773 3820 EPARCIIO.

554 3860 747 3916 Nonne
780 3860 932 3913 vides
967 3873 1107 3913 rosae
1155 3858 1346 3927 spinas
1390 3857 1752 3925 coniunctas?
1775 3854 1853 3910 Ne
1885 3854 2053 3926 igitur

483 3955 711 4011 nimium
736 3954 995 4040 tu.rberis,
1042 3953 1296 4008 ediscens
1330 3952 1539 4017 limem,
1579 3960 1633 4007 et
1677 3951 2051 4021 splendorem,

478 4061 644 4114 quem
682 4045 802 4097 vitae
847 4042 1078 4109 hujusce
1117 4040 1515 4110 magniﬁcentia
1561 4042 1756 4110 gignit.
1804 4043 2053 4095 innume-

486 4150 580 4190 ras
605 4132 863 4201 subsequi
910 4130 1275 4195 calamitates,
1314 4138 1368 4184 et
1419 4131 1684 4199 pericula,
1727 4139 1782 4184 et
1812 4129 2049 4193 dolores,

484 4236 540 4280 et
578 4238 863 4288 maerores,
903 4233 955 4275 et
983 4225 1183 4285 varias,
1219 4221 1463 4273 internas
1494 4228 1884 4286 externasque,
1918 4218 2054 4272 iusi-

2149 3134 2182 3203 ἢ
2236 3134 2333 3204 τῆς
2382 3133 2743 3205 φιλαργυρίας
2795 3132 2930 3202 πρὸς
2982 3131 3171 3183 ἑαυτὸν
3217 3130 3395 3182 πάντα
3447 3128 3595 3205 νεύει
3652 3128 3722 3180 τὰ

2148 3225 2477 3295 αἰσθητήρια
2503 3226 2602 3295 τῆς
2633 3226 2810 3294 ψυχῆς
2841 3226 2932 3277 καὶ
2961 3224 3053 3277 τοῦ
3093 3223 3363 3293 σώματος,
3393 3225 3547 3290 πόσῳ
3583 3224 3720 3290 μᾶλ-

2150 3317 2237 3371 λον
2268 3318 2297 3368 6
2337 3317 2476 3386 ἔρως
2514 3318 2611 3384 τῆς
2656 3318 2796 3369 κατὰ
2824 3317 3058 3385 Χριστὸν
3093 3315 3407 3385 φιλοσοφίας
3437 3314 3720 3379 ἀποτάξας

2151 3410 2275 3462 σθαι
2302 3408 2709 3479 παρασκευάσει
2731 3409 2821 3459 τὸν
2843 3407 2988 3469 νοῦν,
3013 3407 3071 3458 οὐ
3104 3407 3261 3475 μόνον
3282 3408 3392 3467 τοῖς
3415 3404 3719 3475 αίσθητοίς,

2149 3500 2283 3554 ἀλλὰ
2339 3498 2433 3551 καὶ
2488 3499 2675 3561 αὐταῖς
2726 3501 2847 3561 ταῖς
2895 3499 3215 3566 αἰσθήσεσι,
3272 3498 3570 3567 μετάρσιον
3617 3498 3721 3566 ἀρ·

2151 3590 2339 3652 πάζων
2366 3588 2562 3654 αὐτὸν,
2604 3590 2699 3642 καὶ
2744 3592 2809 3659 τῇ
2854 3589 2963 3642 τῶν
3010 3588 3278 3654 οὐρανίων
3327 3588 3721 3659 προσασχολῶν

2150 3680 2378 3751 θεωρία.

2496 3771 2744 3824 2NH'.—
2774 3770 3006 3839 BAKxo
3065 3772 3359 3840 ΕΠΑΡΧῼ.

2221 3862 2297 3914 Οὐ
2330 3861 2548 3932 βλέπεις
2576 3863 2847 3932 παρεζευγ
2857 3863 3024 3931 μένην
3052 3863 3128 3932 τῷ
3152 3863 3289 3933 ῥόδῳ
3312 3862 3409 3932 τὴν
3434 3862 3721 3930 ἄκανθανς

2151 3953 2359 4006 Οὐκοῦν
2391 3954 2466 4023 μὴ
2494 3953 2633 4021 ἄγαν
2661 3954 2930 4025 τυρϐάξου
2964 3954 3392 4024 καταμανθάνων
3419 3955 3499 4024 τῷ
3539 3956 3720 4022 ἄνθει,

2152 4046 2246 4098 καὶ
2273 4047 2337 4115 τῇ
2369 4045 2710 4115 λαμπρότητι
2756 4046 2853 4116 τῆς
2898 4045 3039 4099 κατά
3070 4046 3163 4098 τὸν
3207 4045 3320 4115 βίον
3359 4048 3723 4116 περιφανείας

2155 4137 2351 4206 μυρίας
2402 4137 2685 4205 συμφορὰς
2734 4136 3242 4197 ἑπακολουθούσας,
3277 4137 3374 4189 καὶ
3414 4140 3719 4205 κινδύνους,

2154 4227 2246 4280 καὶ
2287 4227 2505 4291 ὀδύνας,
2556 4229 2649 4279 καὶ
2699 4227 2908 4290 λύπας,
2962 4227 3057 4280 καὶ
3110 4229 3357 4292 ποικίλας
3425 4230 3726 4295 ἐπιϐουλὰς

488 4316 642 4380 dias;
672 4322 726 4368 et
753 4328 863 4383 quo
907 4312 1070 4381 regiis
1114 4310 1368 4365 domibus
1422 4310 1718 4378 proximior
1758 4308 1946 4369 fueris,
1986 4322 2043 4363 eo

2156 4319 2351 4371 ἔσωθεν
2379 4336 2459 4381 τε,
2495 4319 2587 4371 καὶ
2623 4318 2841 4381 ἐξωθενδ
2876 4318 2968 4370 καὶ
2998 4319 3107 4388 ὅσῳ
3137 4319 3333 4387 μᾶλλον
3369 4320 3565 4391 ὲγγίζῃ
3608 4325 3726 4384 τοῖς

489 4417 544 4460 et
572 4406 934 4465 climacteras,
964 4410 1020 4455 et
1043 4400 1423 4456 discriminum
1453 4398 1677 4451 fulmina
1710 4399 2043 4468 suspectiora

2159 4408 2456 4479 βασιλικοῖς
2482 4409 2687 4478 δόμοις,
2719 4408 2954 4479 τοσούτῳ
3003 4409 3161 4462 πλέον
3193 4412 3378 4480 ύφορῶ
3411 4412 3725 4481 κλιμακτῆ-

491 4496 709 4550 habeto.
751 4493 854 4558 Qui
896 4492 1041 4547 enim
1085 4492 1225 4546 malo
1261 4504 1430 4559 prope
1473 4497 1581 4551 est,
1638 4489 1690 4542 in
1745 4491 2050 4559 prapinqno

492 4587 738 4642 fulminis
769 4592 873 4649 est,
908 4583 1155 4653 populari
1186 4582 1362 4635 fertur
1391 4580 1607 4650 adagio.

805 4770 1031 4828 CCLIX.
1054 4800 1123 4811 —
1138 4766 1402 4825 MARINO
1428 4766 1746 4822 DIACONO.

558 4867 701 4935 Quid
723 4867 847 4928 tibi,
880 4874 935 4919 et
967 4863 1129 4918 morti
1158 4861 1415 4916 obnoxiis
1442 4859 1779 4923 hominibus,
1813 4857 1904 4928 qui
1941 4857 2060 4911 nul-

491 4960 599 5013 lam
629 4957 789 5027 252
824 4971 924 5026 pro
953 4964 1101 5009 recte
1148 4956 1202 5007 in
1262 4953 1375 5006 vita
1410 4952 1579 5020 gestis
1626 4952 1931 5005 mercedem
1968 4967 2059 5004 re-

495 5057 725 5119 ponunt,
769 5064 946 5117 neque
997 5061 1186 5101 sanam
1227 5045 1394 5098 animi
1434 5044 1809 5098 aastimativam
1856 5044 2061 5097 habent

494 5141 819 5209 smpissime,
870 5146 927 5193 et
961 5137 1258 5193 invidentia
1300 5135 1520 5197 devicti,
1566 5150 1655 5188 res
1699 5135 1865 5203 probe
1906 5142 2058 5189 actas

494 5230 669 5299 magis
712 5230 989 5291 incusant,
1034 5242 1198 5295 quam
1250 5224 1516 5279 laudant?
1554 5224 1826 5279 Assuesce
1877 5226 2061 5292 itaque

496 5321 842 5390 temetipsum
870 5317 1227 5374 intellectuali
1252 5318 1413 5371 oculo
1441 5316 1507 5369 ad
1533 5330 1771 5385 superna
1799 5316 2055 5384 dirigere.

495 5412 801 5480 Supernum
858 5408 1128 5479 siquidem
1180 5410 1452 5462 theatrum
1489 5407 1736 5461 sinceros
1782 5422 1845 5461 ac
1891 5423 2058 5474 puros

494 5504 734 5558 calculos
782 5503 915 5565 edit,
967 5503 1118 5561 mllio
1157 5516 1512 5570 personarum
1546 5510 1798 5567 respectu
1847 5500 2054 5555 habito.

566 5682 585 5710 ⁸
614 5680 652 5733 ll
688 5678 830 5735 Tim.
854 5696 924 5746 iv,
957 5683 1009 5734 8.
1109 5681 1129 5711 ⁸
1160 5679 1202 5733 II
1232 5678 1355 5733 Cor.
1386 5694 1483 5745 xu,
1524 5679 1579 5732 7.

1690 5680 1710 5710 ⁶
1741 5678 1933 5747 [Τίιιι.
1961 5696 2034 5743 tv,
2062 5682 2115 5737 8.

2160 4516 2279 4569 ρας,
2324 4499 2418 4551 καὶ
2445 4500 2720 4567 σκηπτοίις
2747 4500 3143 4569 περιστάσεων.
3188 4501 3247 4554 Ὀ
3275 4502 3383 4571 γὰρ
3410 4502 3579 4568 ἐγγὺς
3621 4504 3729 4555 61:-

2158 4591 2341 4658 άρχων
2374 4589 2635 4657 ούρανοῦ,
2680 4592 2845 4657 ἐγγύς
2874 4593 2989 4643 ἐστι
3038 4593 3340 4663 κεραυνοῦ,
3387 4595 3421 4662 ἡ
3464 4594 3729 4664 δημώδης

2159 4682 2429 4751 κέκραγεν
2459 4682 2746 4749 παροιμία.

2473 4773 2639 4828 ΣΝΘἏ
2666 4802 2728 4813 -—
2762 4772 3028 4841 ΜΑΡΙΝῼ
3074 4773 3397 4842 ΔῘΑΚΟΝῼ.

2222 4865 2287 4917 Τί
2321 4882 2437 4926 σοι,
2484 4865 2578 4916 καὶ
2614 4866 2725 4925 τοῖς
2757 4864 3065 4932 ἀνθρώποις
3092 4868 3202 4928 τοῖς
3234 4864 3561 4934 θνήσκουσιν
3587 4905 3604 4926 ,
3643 4867 3727 4919 0?-

2154 4974 2296 5018 τινες
2364 4955 2475 5008 οὔτ’
2527 4955 2761 5026 ἀμοιϐάς
2813 4956 3112 5010 ἀποδοῦναι
3177 4957 3430 5010 δύνανται
3491 4959 3603 5011 τῶν
3666 4956 3727 5012 εὖ

2158 5030 2536 5117 βεϐιωμένων,
2570 5045 2683 5098 οὗθ’
2718 5047 3031 5114 ὑγιαίνοντα
3084 5048 3343 5111 πολλάκις
3386 5049 3573 5117 ἔχουσι
3625 5052 3729 5119 τῆς

2154 5137 2336 5207 ψυχῆς
2363 5138 2432 5189 τά
2461 5139 2714 5206 κριτήρια
2739 5179 2752 5199 ,
2788 5139 2881 5190 καὶ
2914 5138 3181 5209 βασκανίᾳ
3210 5138 3573 5209 κρατούμενοι
3610 5139 3734 5193 δια-

2158 5229 2410 5281 ϐάλλουσι
2435 5228 2651 5295 μᾶλλον,
2678 5228 2776 5279 οὐκ
2809 5228 3116 5297 εὐφημοῦσι
3157 5229 3228 5281 τα
3256 5228 3434 5291 καλῶς
3465 5247 3730 5297 πεπραγ-

2161 5320 2328 5389 μένα;
2375 5322 2519 5371 Ἀνω
2570 5318 2750 5370 τοίνυν
2778 5317 2995 5387 βλέπειν
3035 5319 3175 5382 ἔθιζε
3216 5322 3410 5371 σαυτὸν
3448 5318 3528 5389 τῷ
3555 5321 3734 5391 νοεριῖ)

2155 5412 2381 5480 ὄμματι.
2402 5410 2476 5463 Τὸ
2501 5410 2608 5478 γὰρ
2642 5410 2753 5463 ἄνω
2797 5410 3023 5479 θέατρον
3076 5410 3323 5479 καθαρὰς
3362 5410 3457 5463 καὶ
3501 5410 3729 5479 ἀληθεῖς

2154 5502 2375 5570 ἐκφέρει
2403 5499 2501 5563 τὰς
2529 5501 2763 5569 ψήφους,
2798 5503 2892 5553 καὶ
2922 5499 3478 5570 άπροσωπολήπτους.
3511 5502 3726 5555 Ἐκεῖνο
