3850 6218
181 294 288 357 333
1365 291 1898 353 EPISTOLARUM
1935 292 2078 352 LIB.
2120 293 2201 351 II.
3312 294 3419 360 33‘

180 397 469 471 τοιγαροῦν
496 397 721 469 τέρπειν
750 396 942 467 βούλου
973 397 1034 451 τὸ
1080 396 1308 468 θέατρον
1336 402 1404 470 τῇ
1440 399 1550 451 τῶν
1577 398 1756 470 ἔργων
1784 456 1785 459 η

1908 400 1995 453 Iud
2052 400 2217 469 igitur
2262 398 2538 453 theatrum
2591 400 2805 455 oblecta
2848 401 3143 472 proborum
3193 420 3416 475 operum

180 491 291 547 τῶν
322 489 580 562 χρηστῶν
604 490 952 560 τερπνότητι,
979 489 1232 543 κάκεῖθεν
1259 489 1386 542 ἕλκε
1418 491 1541 554 τοὺς
1573 507 1756 560 μακα-

1899 490 2221 557 tcuuditate,
2271 491 2503 560 indeque
2537 491 2726 547 beatas
2761 494 2882 559 tibi,
2914 495 3006 565 qui
3043 496 3228 551 virtuti
3267 497 3422 552 addi-

184 568 335 654 ρίους
375 582 653 645 ἐπαίνους,
693 580 971 652 φιλάρετε.

1899 581 2024 646 eris,
2058 581 2246 636 laudes
2279 584 2506 635 attrahe.

405 673 509 725 ΣΞ.
536 701 607 712 -
644 671 962 742 summa
996 672 1543 745 ΠΡΑΓΜΑΤΕΥἹᾘ.

2103 671 2303 727 CCLX.
2332 703 2401 721 -ι
2427 672 2693 727 BASILIO
2728 673 3149 731 MERCATORI.

259 781 282 816 ι
302 763 486 835 Σκεύη
500 763 721 834 ἀτιμίας
739 782 758 815 ι
787 763 1053 833 ὑπάρχειν
1073 764 1312 834 εἴρηται,
1328 765 1453 817 οἵτε
1474 762 1754 834 πορνεύον-

1934 782 1953 815 ι
1978 762 2119 819 Vasa
2139 766 2481 819 contumelia:
2506 784 2523 813 ι
2551 765 3037 838 dicuntur",etqni
3058 769 3422 834 fornicamur,

182 872 307 919 τες,
348 856 445 909 aut
477 857 528 908 οί
558 854 915 919 τελωνοῦντες
937 897 952 920 ,
984 856 1078 908 καὶ
1115 856 1164 907 oi
1217 858 1419 919 πᾶσαν,
1456 855 1759 926 συλλήϐδην

1899 862 1911 907 ι
1940 855 2031 923 qui
2062 855 2348 924 vectigalia
2379 854 2673 923 redimunt,
2708 867 2763 913 et
2796 859 3215 928 quitprol‘anutn
3244 863 3425 932 quod—

184 949 383 1011 simiv,
424 946 727 1018 βεδήλωσιν
761 946 1287 1018 μεταχειριζόμενοι.
1320 948 1458 1001 Ἀλλ’
1486 950 1633 1019 ὅμως
1666 948 1759 1001 δυ-

1905 948 2012 1009 bet,
2048 956 2107 999 ut
2131 950 2322 1016 paucis
2365 966 2475 1004 rem
2507 952 2816 1021 expediam,
2853 962 3135 1007 exercent.
3164 953 3429 1011 Poteruut

185 1040 440 1109 νήσονται
477 1038 877 1109 μεταὸαλόντες
903 1039 963 1091 τὸ
993 1038 1197 1106 φαῦλον
1234 1035 1364 1111 ῆθος
1408 1041 1502 1092 ἐπὶ
1528 1040 1590 1093 τὸ
1628 1057 1760 1111 χρη-

1902 1038 2239 1105 ihilontiuus,
2275 1041 2431 1094 malis
2466 1043 2709 1095 moribus
2736 1042 2790 1095 itt
2826 1043 3064 1112 optimos
3100 1043 3423 1106 immutatis,

189 1132 448 1185 στότατον
476 1171 493 1195 ,
527 1131 698 1201 σκεύη
728 1131 987 1199 γενέσθαι
1024 1133 1181 1203 τίμια
1205 1175 1221 1198 ,
1253 1133 1348 1186 καλ⁸
1376 1131 1653 1203 εὔχρηστα
1684 1131 1762 1203 τῷ

1899 1145 1989 1183 asa
2035 1129 2262 1185 honoris
2298 1131 2435 1197 tieri,
2470 1142 2522 1186 et
2561 1132 2721 1203 Regis
2754 1133 3082 1191 Saiculorum
3116 1134 3309 1188 usibus
3333 1150 3429 1189 ειε-

190 1224 412 1278 Βασιλεῖ
437 1224 547 1277 τῶν
572 1223 803 1277 αἰώνων.

1899 1221 2227 1277 ommodata.

563 1314 722 1368 ΣΞΑ⁸.
750 1344 821 1355 ——
850 1315 1137 1385 ΕΥΣΕΒΙῼ
1165 1317 1393 1370 ΔΟΥΚΙ.

2215 1312 2443 1368 CCLXI.
2466 1344 2533 1353 —-
2559 1310 2853 1369 EUSEBIO
2890 1312 3066 1369 DUCI.

259 1405 354 1475 Μὴ
394 1403 544 1472 γίνου
578 1406 770 1474 κριτὴς
799 1406 907 1458 τῶν
947 1406 1150 1476 κριτῶν
1178 1423 1193 1438 ο
1236 1406 1412 1459 ποδῶν
1449 1408 1559 1477 γὰρ
1597 1405 1763 1459 τόπον

1913 1402 2009 1457 -Ne
2053 1403 2151 1459 tias
2181 1403 2432 1473 judicum
2476 1404 2677 1473 judex;
2726 1406 2924 1475 pedum
2975 1407 3117 1461 enim
3164 1407 3345 1462 locum
3376 1408 3430 1463 in

193 1498 343 1567 παρά
377 1500 445 1567 τῇ
492 1496 821 1567 Ἐκκλησία,
869 1498 931 1549 οὐ
976 1498 1218 1569 κεφαλῆς
1271 1498 1508 1568 ἐπέχεις.
1552 1497 1644 1569 Μὴ
1672 1492 1766 1552 οὖν

1899 1496 2130 1559 chlesia,
2184 1513 2292 1551 non
2349 1499 2547 1568 capitis
2590 1498 2829 1554 obtines.
2865 1500 2944 1554 Ne
2993 1501 3177 1569 itaque
3222 1500 3435 1570 rejicito

192 1589 575 1658 ἀποδοκίμαζε
614 1590 741 1652 τοὺς
772 1590 957 1659 ἱερεῖς,
987 1589 1121 1642 διότι
1157 1589 1278 1659 οὐχῖ
1308 1590 1509 1651 πάντες
1536 1590 1766 1661 καθαροὶ

1900 1584 2209 1648 acerdmes,
2266 1587 2411 1656 quod
2464 1603 2573 1641 non
2633 1603 2824 1644 omnes
2896 1590 3084 1645 mundi
3140 1592 3433 1647 exsistant.

190 1683 574 1751 τυγχάνουσιν.
615 1682 690 1735 Οὐ
721 1682 830 1753 γὰρ
857 1682 923 1752 δὴ
950 1682 1041 1734 σὺν
1072 1684 1332 1752 τυγχάνει
1379 1682 1585 1754 κρίνειν
1608 1722 1624 1746 ,
1674 1684 1768 1737 καὶ

1899 1672 2054 1741 leque
2102 1675 2248 1728 enim
2295 1677 2371 1729 tui
2407 1678 2651 1733 muneris
2684 1690 2769 1732 est
2814 1679 3086 1748 judicare,
3115 1689 3169 1735 et
3207 1682 3438 1752 diligen-

192 1773 501 1845 διακρίνειν
557 1773 889 1836 ἐπισκόπους
952 1772 1181 1844 Κυρίου.
1233 1774 1379 1844 Πλὴν
1429 1774 1572 1827 κατὰ
1617 1774 1765 1827 θείαν

1899 1783 1949 1822 er
1979 1768 2259 1837 inquirere
2296 1772 2587 1840 episcopos
2637 1771 2875 1827 Domini.
2921 1773 2976 1828 Id
3004 1788 3223 1843 quoque
3252 1776 3437 1829 divina

194 1866 575 1937 προμήθειαν,
614 1864 793 1929 οὐδεὶς
838 1865 949 1918 τῶν
991 1867 1300 1937 ἀσωμάτων
1343 1866 1591 1935 ἀγγέλων
1640 1867 1769 1931 τοὺς

1899 1861 2217 1916 ’rovideutia
2258 1861 2459 1918 factum
2503 1872 2608 1927 est,
2649 1873 2709 1919 ut
2756 1865 2942 1921 nullus
2985 1881 3052 1921 ex
3097 1866 3437 1936 incorporeis

194 1956 294 2024 τῆς
322 1953 623 2025 ἱερωσύνης
654 1954 1021 2026 ἐγχειρίζεται
1050 1957 1268 2021 οἴακας,
1301 1957 1387 2010 ἵνα
1417 1958 1492 2027 μὴ
1527 1958 1770 2027 ἀναμάρ-

194 2064 352 2117 τητοι
390 2046 543 2109 ὄντες
566 2086 582 2111 ,
630 2047 914 2114 φωνεύωσι
953 2051 1294 2119 παραχρῆμα
1322 2050 1447 2112 τοὺς
1481 2050 1771 2113 πταίοντας

196 2135 562 2208 ἀνθρώπους,
617 2138 895 2207 ἀποτομία⁸
959 2138 1275 2209 χρώμενοι,
1333 2138 1447 2191 ἀλλ’
1497 2139 1773 2209 ἄνθρωποι

196 2225 556 2297 ὁμοιοπαθεῖς
580 2227 712 2297 ήμῖν
742 2229 836 2280 καὶ
866 2228 924 2293 ἐξ
948 2229 1176 2298 αἵματος
1202 2228 1569 2298 συγκείμενοι.
1603 2227 1775 2297 δέχονο

196 2335 293 2371 ται
321 2318 386 2371 τὸ
408 2318 510 2386 τῆς
537 2319 829 2389 προεδρίας
860 2320 1099 2391 ἀξίωμα,
1146 2320 1214 2373 ἵν’
1245 2322 1374 2373 ὅταν
1410 2319 1615 2373 λάϐωσί
1653 2336 1775 2374 τινα

199 2410 574 2481 περιπεσόντα
616 2411 978 2481 ἐγκλήμασιν,
1018 2416 1083 2465 ὲκ
1113 2412 1222 2466 τῶν
1266 2412 1484 2466 οἰκείων
1526 2412 1778 2481 πλημμε-

197 2501 467 2571 λημάτων
528 2503 879 2572 πεπιεσμένοι
904 2544 920 2569 ,
982 2504 1391 2577 φιλανθρωπίαν
1440 2504 1777 2569 ἐνδείξωνται

198 2595 342 2666 πρὸς
382 2594 444 2647 τὸ
489 2594 774 2665 ὁμόφυλον.
808 2597 918 2649 Καὶ
957 2597 1059 2667 ὅρα
1094 2614 1186 2667 μοι
1238 2597 1332 2651 τὸν
1369 2597 1585 2668 πρῶτον
1630 2596 1779 2649 λίθον

195 2687 305 2755 τῆς
352 2686 683 2756 Ἐκκλησίας
716 2688 961 2758 Πέτρον,
1010 2688 1109 2759 τὴν
1162 2689 1405 2760 κορυφὴν
1458 2688 1553 2742 τοῦ
1615 2687 1778 2760 χοροῦ

196 2779 313 2832 τῶν
344 2780 664 2833 ἀποστόλων
688 2821 703 2845 ,
744 2782 810 2833 ἐκ
852 2780 1135 2849 μετανοίας
1164 2780 1388 2834 τεθέντα
1415 2822 1430 2845 ,
1464 2782 1525 2833 οὐ
1572 2781 1679 2851 γὰρ
1712 2777 1781 2853 ἦν

196 2873 620 2940 ἀναμάρτητος.
650 2872 741 2939 Μὴ
784 2872 963 2925 τοίνυν
992 2872 1201 2935 πάντας
1239 2871 1642 2941 ἀνεπιλήπτους
1679 2872 1784 2925 ὐπ-

198 2959 398 3030 άρχειν
418 3000 434 3021 ,
490 2960 585 3012 καὶ
631 2961 837 3031 μηδένα
882 2960 1071 3031 μῶμον
1098 3003 1113 3026 ,
1164 2960 1299 3030 μηδέ
1347 2960 1534 3014 σπῖλον
1568 2961 1781 3032 ἀνθρώ-

1876 1954 2090 2023 angelis
2148 1956 2439 2009 sacerdotii
2486 1957 2725 2013 habenas
2770 1958 3035 2023 obtineat,
3088 1975 3157 2013 ne
3196 1974 3320 2013 cum
3360 1960 3437 2014 illi

1872 2043 2024 2096 nullo
2055 2043 2412 2113 inquinentur
2454 2058 2699 2115 peccato,
2736 2048 2980 2103 labentes
3010 2047 3282 2113 homines,
3316 2062 3442 2103 cru-

1872 2133 2097 2191 delitate
2151 2137 2255 2203 usi,
2314 2138 2591 2207 extemplo
2666 2142 2984 2208 perderent;
3036 2141 3131 2197 sed
3191 2140 3441 2197 homines

1873 2240 2028 2294 aeque
2060 2240 2123 2279 ac
2156 2241 2260 2281 nos
2294 2226 2579 2283 affectibus
2606 2228 2852 2291 obnoxii,
2875 2237 2930 2283 et
2956 2231 3147 2285 eodem
3172 2231 3442 2309 sanguine

1876 2316 2146 2386 prognati,
2203 2316 2407 2385 primas
2458 2317 2513 2371 in
2557 2318 2798 2372 sedendo
2848 2318 3009 2388 253
3042 2329 3228 2389 partes
3284 2314 3446 2375 assu-

1878 2414 2054 2471 ntunt,
2100 2415 2158 2460 ut
2203 2421 2326 2461 cum
2368 2410 2679 2477 quempiam
2716 2410 2770 2463 in
2820 2419 3046 2479 peccata
3094 2411 3309 2481 lapsunt
3348 2413 3447 2468 de-

1879 2496 2289 2566 prehenderint,
2337 2499 2577 2567 propriis
2627 2498 3012 2569 iniquitatibus
3061 2502 3339 2571 oppressi,
3389 2502 3445 2557 in

1878 2595 2173 2657 cognatum
2222 2587 2327 2641 sibi
2373 2604 2545 2659 genus
2601 2588 2913 2643 humaniter
2947 2606 3007 2646 se
3050 2592 3348 2661 prmbeant.
3380 2590 3448 2646 Et

1879 2679 2085 2734 videsis
2132 2678 2392 2733 Ecclesiae
2439 2680 2675 2749 primum
2718 2681 2950 2751 lapidem
3002 2681 3246 2747 Petrum,
3292 2685 3447 2740 chori

1881 2771 2172 2839 apostolici
2207 2771 2488 2835 verticem,
2520 2779 2645 2840 post
2671 2773 3045 2841 ptenitentiam
3079 2772 3317 2840 factum;
3350 2788 3450 2829 ne-

1880 2877 1989 2933 que
2026 2862 2170 2917 enim
2217 2862 2336 2916 sine
2386 2872 2615 2932 peccato
2664 2870 2803 2916 erat.
2836 2861 2915 2917 Ne
2954 2863 3120 2934 igitur
3162 2865 3451 2924 universos

1883 2953 2397 3025 lrreprehensibiles
2452 2968 2598 3016 esse,
2667 2955 2988 3025 nullumque
3042 2956 3303 3026 probrum
3356 2968 3452 3013 aut

196 3068 363 3106 πινον
393 3052 616 3123 ἔχοντας
652 3054 777 3118 τοὺς
816 3052 925 3107 τῶν
962 3053 1298 3123 Ἐκκλησιῶν
1336 3053 1783 3122 καθηγουμένους

1899 3046 2158 3100 maculam
2210 3046 2505 3099 humanam
2553 3043 2865 3111 admittere,
2899 3047 2992 3118 qui
3030 3045 3290 3105 Ecclesiae
3312 3065 3454 3121 pre-

197 3145 453 3200 ἀπαίτει.

457 3235 618 3288 ΣΞΒἍ
650 3265 719 3277 —-
753 3234 1090 3306 ΦΑΡΕἸῬΙῼ
1124 3233 1508 3305 ΜΗΧΑΝΙΚῼ

279 3346 301 3379 ι
348 3327 421 3380 Δί
453 3328 634 3396 χεῖρες
666 3325 762 3379 τοῦ
802 3325 1045 3398 Ἰσραὴλ,
1091 3328 1257 3396 φησιν
1292 3329 1321 3380 ό
1351 3324 1586 3396 ψαλμὸς,
1620 3324 1678 3379 ἐν
1708 3323 1785 3395 τῷ

198 3417 420 3487 κοφίνῳ
441 3417 784 3472 ἐδούλευσα-ι,
818 3436 836 3468 ι
868 3416 929 3470 Ei
956 3417 1137 3470 τοίνυν
1155 3418 1335 3488 ζητεῖς
1362 3416 1579 3485 μαθεῖν,
1606 3414 1681 3484 μὴ
1705 3416 1785 3478 είς

197 3510 304 3579 τὴν
343 3508 617 3578 αἰσθητὴν
643 3511 919 3577 Αἴγυπτον
956 3513 1024 3581 τῇ
1065 3509 1277 3580 διανοίᾳ
1314 3507 1615 3578 ἐκδράμῃς,
1650 3506 1786 3578 μηδέ

200 3603 408 3656 σκόπει
453 3601 523 3655 τά
572 3602 665 3654 ἐπὶ
717 3601 811 3655 τοῦ
861 3602 1141 3665 Μωῡσέως
1172 3600 1479 3670 γενόμενα,
1530 3599 1650 3653 ἀλλ’
1707 3599 1786 3661 είς

198 3693 408 3747 ἑαυτὸν
441 3691 577 3745 νόει.
606 3692 841 3761 Κόφινος
881 3694 989 3765 γὰρ
1016 3693 1116 3764 τὴν
1148 3692 1486 3746 πολύπλοκον
1515 3691 1788 3763 ἁμαρτίαν

204 3784 479 3856 σημαίνει
505 3822 521 3847 ,
553 3784 827 3853 Αἴγυπτος
875 3785 935 3837 δὲ
981 3785 1083 3855 τὴν
1136 3784 1345 3854 θλίψιν,
1396 3787 1576 3855 χεῖρες
1620 3783 1678 3836 δὲ
1721 3784 1790 3837 τά

202 3873 655 3945 ἐπιτηδεύματα.
717 3875 779 3927 Ei
842 3871 935 3930 οὖν
995 3876 1330 3944 κατείληφας
1385 3874 1612 3927 σεαυτὸν
1668 3876 1790 3936 ταῖς

203 3967 521 4040 ἁμαρτίαις
580 3965 900 4020 δουλεύοντα
926 4009 941 4031 ,
1005 3967 1258 4031 στέναξον
1292 3967 1430 4037 πρὸς
1467 3967 1674 4036 Κύριον
1727 3968 1792 4019 ἐκ

202 4060 491 4133 καρδίας,
547 4061 606 4127 ἐξ
656 4060 978 4132 ἀποκρύφου
1033 4059 1383 4127 καταιγίδος,
1422 4060 1515 4112 καὶ
1558 4057 1792 4127 συνοχῆς

204 4154 491 4224 πονηρᾶς,
521 4153 777 4224 καὶπρὸς
804 4153 904 4222 τὴν
943 4152 1043 4221 τῆς
1074 4147 1275 4220 ἀρετῆς
1301 4147 1614 4218 ἐλευθερίαν
1646 4147 1794 4199 ἐπεί-

248 4244 407 4304 θητι,

204 4264 322 4319 xm}
337 4264 407 4304 δι’
434 4336 592 4392 ΣΞΓν.
622 4365 693 4376 -
721 4334 1065 4402 ΣΥΜΜΑΧῼ
1113 4332 1580 4404 ΟΣΠΡΙΟΠΩΛῌ.

284 4518 380 4574 ’ΐά
414 4519 492 4590 μὴ
528 4516 817 4586 ἐσθιόμενα
855 4516 1007 4586 παρά
1041 4514 1122 4586 τῷ
1160 4514 1310 4585 νόμῳ
1362 4513 1541 4568 πάντα
1579 4512 1648 4567 τά
1676 4476 1799 4568 ποι-Σ

1885 3146 2033 3203 sunt,
2062 3138 2385 3194 contendas.

2058 3228 2304 3283 CCLXII.
2329 3260 2399 3271 —
2420 3228 2813 3286 PHARETRIO
2842 3230 3267 3290 MECHANICO.

1962 3337 1982 3371 ι
2016 3319 2209 3375 Manus
2241 3322 2430 3385 Israel,
2476 3322 2722 3391 psalmus
2746 3323 2844 3386 ait,
2879 3323 2935 3377 in
2976 3326 3217 3395 cophino
3251 3330 3453 3385 servie-

1886 3419 2016 3467 runt
2048 3412 2091 3464 ⁸.
2127 3430 2146 3463 ι
2178 3411 2234 3466 Si
2257 3413 2441 3483 itaque
2472 3414 2758 3470 addiscere
2788 3416 2886 3469 tibi
2926 3416 2982 3470 in
3028 3417 3215 3472 animo
3242 3427 3347 3483 est,
3386 3436 3457 3477 ne

1888 3502 1942 3557 in
1978 3503 2233 3559 sensibus
2268 3504 2558 3558 obnoxiam
2592 3505 2889 3577 AEgyptum
2936 3516 3186 3573 mentem
3227 3508 3456 3580 dirigas.

1889 3608 2070 3665 neque
2101 3595 2205 3647 sub
2254 3592 2440 3665 Moyse
2473 3603 2626 3666 gesta
2674 3598 2982 3666 speculare,
3021 3602 3114 3653 sed
3161 3600 3217 3657 itt
3268 3613 3457 3655 temet-

1894 3685 2073 3755 ipsum
2102 3685 2496 3754 cogitationem
2525 3687 3073 3759 admove.Cophinus
3101 3692 3244 3747 enim
3274 3694 3464 3747 multi-

1890 3772 2087 3841 plicem
2142 3771 2487 3840 iniquitatem
2543 3774 2840 3842 signiiicat,
2889 3775 3162 3847 Egyptus
3214 3778 3463 3836 aIIIictio-

1892 3878 2040 3927 nem,
2074 3879 2273 3917 manus
2319 3865 2522 3919 studia.
2563 3863 2619 3918 Si
2670 3866 2837 3937 igitur
2867 3875 2920 3922 te
2965 3870 3173 3938 peccati
3226 3872 3462 3925 servitu-

1892 3962 1999 4009 tem
2032 3956 2240 4010 servire
2284 3956 2666 4025 deprehendis,
2717 3960 2933 4027 suspira
2973 3959 3041 4013 ad
3074 3959 3364 4016 Dominum
3392 3978 3462 4018 ex

1892 4048 2077 4112 corde,
2130 4055 2185 4102 et
2231 4047 2301 4101 ab
2353 4048 2567 4102 occulta
2609 4051 2874 4116 procella,
2921 4059 2976 4106 et
3018 4067 3184 4121 prava
3229 4068 3462 4126 oppes-

1893 4140 2067 4206 sione,
2102 4150 2157 4195 et
2189 4140 2243 4194 in
2284 4141 2505 4195 virtutis
2537 4141 2842 4197 libertatem
2872 4150 2924 4199 te
2964 4144 3208 4202 vindica.

1947 4320 2219 4377 CCLXIII.
2236 4350 2307 4363 —-
2325 4320 3142 4447 δῖΜΜΑὲῑόἓΙΙΑΕΟΟΜΙΝῸΜ
3175 4330 3414 4391 νΕΝυι-

1970 4503 2101 4573 Quae
2128 4520 2193 4559 ex
2225 4504 2360 4575 legis
2395 4505 2713 4576 praescripto
2763 4522 2873 4563 non
2917 4509 3299 4579 comeduntur,
3349 4529 3468 4570 om-

204 4612 349 4667 κίλα
379 4648 396 4672 ,
447 4609 545 4663 καὶ
588 4607 824 4678 διάφορα
870 4607 984 4677 εἴδη
1037 4607 1134 4676 τῆς
1185 4605 1387 4666 κακίας
1433 4604 1654 4674 δηλοῦσι
1708 4603 1785 4658 διὰ

1901 4596 1995 4650 nia
2026 4597 2203 4650 varias
2246 4610 2311 4649 ac
2347 4596 2593 4652 diversas
2634 4598 2897 4653 vitiorum
2943 4602 3156 4670 species
3206 4604 3464 4669 innuunt,

202 4703 332 4756 τῶν
362 4700 635 4770 ἐνύδρων,
673 4701 766 4751 καὶ
798 4698 907 4751 τῶν
955 4697 1229 4769 χερσαίων
1251 4738 1267 4763 ,
1316 4698 1411 4750 καὶ
1446 4697 1663 4766 πτηνῶν
1692 4694 1798 4760 ζω-

207 4791 596 4865 γραφούμενα
620 4806 633 4819 ·
676 4790 744 4843 τά
771 4789 830 4842 δέ
856 4806 920 4857 γε
950 4788 1273 4860 τρωγόμενα
1313 4786 1411 4857 τὴν
1444 4784 1797 4856 πολύμορφον

207 4886 320 4940 καὶ
351 4881 611 4950 πολυειδῆ
636 4880 990 4950 σημαίνουσιν
1020 4878 1238 4949 ἀρετήν.

514 4989 669 5046 ΣΞΔ’.
721 5022 769 5031 -
799 4989 1149 5060 ΑΦΡΟΔΙΣΙῼ
1174 4988 1525 5056 ΦΙΛΟΣΟΦῼ.

296 5086 465 5138 Ποῖον
515 5080 624 5153 ἆρα
666 5083 967 5150 προσέσται
1008 5096 1089 5132 σοι
1138 5079 1332 5147 ὄφελος
1361 5076 1650 5145 ἀμελοῦντι
1704 5076 1804 5143 μὲν

211 5178 328 5247 τῆς
360 5175 674 5246 πρακτικῆς
704 5173 904 5241 ἀρετῆς
929 5211 943 5232 ,
977 5170 1202 5239 λογικὴν
1240 5170 1297 5223 δὲ
1321 5210 1337 5235 ,
1368 5169 1623 5238 καθάπερ
1654 5166 1803 5219 νενό-

1902 4703 1999 4758 per
2036 4688 2318 4757 aquatilia,
2358 4698 2409 4743 et
2455 4690 2756 4753 terrestria,
2795 4706 3011 4747 necnon
3066 4695 3326 4757 volatilia,
3375 4714 3469 4752 ve-

1908 4782 2009 4837 luti
2041 4783 2096 4835 in
2138 4781 2337 4837 tabella
2378 4782 2649 4851 depictas.
2689 4783 2821 4849 Quae
2850 4794 3034 4840 autem
3080 4789 3466 4855 comeduntur,

1906 4873 2300 4929 multiformem
2327 4888 2391 4928 ac
2421 4876 2777 4945 multiplicem
2808 4879 3045 4932 innuunt
3084 4882 3365 4936 virtutem.

1944 4989 2108 5060 2“
2136 4988 2407 5043 CCLXIV.
2430 5018 2500 5029 —-
2520 4988 2938 5046 APHRODISIO
2968 4992 3422 5049 PHILOSOPIIO.

1976 5082 2107 5148 Qua:
2154 5082 2250 5135 tibi
2286 5082 2494 5137 utilitas
2529 5082 2710 5146 fuerit,
2758 5084 2851 5153 qui
2886 5086 2938 5137 in
2987 5088 3204 5139 actione
3234 5088 3469 5155 positam

1908 5173 2165 5225 virtutem
2216 5171 2469 5241 negligis,
2519 5172 2840 5226 rationalem
2873 5190 3024 5240 vero,
3074 5184 3133 5229 ut
3166 5176 3469 5243 existimas,

218 5285 441 5341 μικας,
489 5265 807 5333 φιλοσοφίαν
855 5261 1421 5331 κατεπαγγελλομένῳ
1445 5298 1462 5322 ,
1513 5260 1670 5330 ἡλίου
1704 5258 1785 5328 μὲι

1909 5260 2312 5333 phiIOSOpbiant
2346 5262 2642 5329 protiteris,
2679 5271 2733 5315 et
2760 5263 2894 5317 solis
2927 5280 3231 5327 mensuras,
3258 5276 3310 5321 et
3344 5270 3470 5322 stel-

219 5360 442 5431 μέτρα,
481 5356 577 5409 καὶ
604 5354 822 5425 ἄστρων
850 5352 1152 5423 ἐνεργείας,
1190 5351 1285 5404 καὶ
1315 5349 1547 5420 οὐρανοῦ
1577 5346 1785 5419 μέγεθος

1914 5354 2088 5408 larum
2121 5352 2288 5415 vires,
2317 5360 2370 5403 ct
2405 5351 2528 5403 caeli
2563 5353 2758 5406 molem
2803 5360 2990 5408 tenere
3026 5362 3078 5408 te
3100 5355 3300 5424 jactas,
3331 5372 3477 5426 saepe

218 5451 440 5506 εὲδὲναι
491 5446 905 5517 ὑπισχνουμένῳ
930 5486 944 5508 ,
977 5442 1243 5505 πολλάκις
1278 5441 1337 5494 δὲ
1396 5441 1490 5494 καὶ
1537 5438 1785 5507 θεολογεῖε

1914 5444 2076 5500 etiam
2108 5452 2162 5497 et
2194 5457 2281 5496 res
2313 5440 2541 5497 .divinas
2582 5452 2914 5512 pertractare
2964 5444 3152 5508 audes,
3188 5447 3240 5499 in
3275 5448 3478 5517 quibus

218 5547 639 5618 ἀποτολμιῖιντι,
670 5545 804 5598 ὅπου
836 5542 929 5596 καὶ
960 5542 994 5612 ἡ
1024 5538 1254 5611 ἀλήθεια
1293 5537 1605 5608 ἀνέφικτος,
1651 5536 1745 5591 καὶ
1775 5554 1785 5588 t

1917 5542 1971 5591 et
2005 5533 2208 5589 veritas
2244 5529 2543 5598 inaccessa,
2574 5539 2628 5586 et
2653 5530 2921 5601 judicium
2968 5535 3337 5606 periculosum
3367 5544 3475 5604 est,

343 5712 365 5745 '
393 5706 557 5767 Rom.
594 5721 671 5770 is,
697 5702 786 5760 2!.
864 5700 887 5731 ⁸
919 5698 1064 5757 Psal.
1090 5713 1252 5764 un,
1300 5697 1352 5751 7.
