3850 6218
379 313 484 382 335

1887 303 1948 366 S.
1989 302 2155 362 NILI

3504 288 3614 350 336

378 430 627 496 vwisqne
657 424 898 487 interim,
944 423 998 476 in
1043 436 1204 477 caeno
1244 434 1366 475 sese
1403 415 1776 471 volutantibus
1813 427 1941 484 por-

2073 409 2356 482 ῖτοχασμδς
2403 404 2760 469 ἐπικίνδυνος,
2795 401 2962 467 ζῶντι
3007 401 3064 454 δὲ
3113 399 3222 454 τῶν
3255 400 3315 452 ἐν
3367 397 3615 469 βορϐόρῳ

380 521 461 573 cis
490 513 938 586 opprobriosins?
984 512 1040 565 Si
1093 514 1274 581 itaque
1316 507 1612 578 aliquando
1647 507 1744 559 tibi
1781 519 1812 558 a
1843 518 1942 557 no-

378 611 465 664 bis
498 607 832 675 reprehenso
868 606 922 657 in
955 603 1158 658 animo
1188 601 1352 656 fuerit
1380 599 1448 653 ad
1481 613 1662 652 rerum
1698 595 1943 649 laudata-

383 716 501 755 rum
533 698 851 753 exercitium
883 697 1111 766 gradum
1150 695 1364 757 facere;
1399 693 1497 744 hac
1531 691 1697 745 etiam
1729 688 1941 740 ratione

384 792 592 846 Illllilllll
635 805 699 843 ex
748 789 848 840 hac
879 803 936 840 re
993 785 1228 839 fructum
1259 783 1472 843 tuleris,
1512 780 1564 832 ni
1610 792 1794 832 rerum
1821 789 1941 830 om-

385 885 533 938 nimn
592 880 881 936 Dominum
937 876 1247 948 agnoveris,
1289 871 1766 943 reponendamque
1822 873 1944 937 post

383 983 612 1032 mortem
647 971 952 1028 mercedem
983 965 1416 1038 exspectaveris.

603 1061 853 1120 CCLXV.
875 1090 946 1102 -—
965 1057 1265 1114 ARCADIO
1296 1048 1740 1108 IMPERATORI.

451 1154 697 1222 Quanam
725 1154 841 1223 ipse
869 1150 1082 1205 ratione
1107 1143 1614 1216 al'requentissimis
1647 1149 1803 1194 terra:
1835 1151 1950 1190 mo-

385 1249 554 1312 tibus,
602 1245 931 1313 aethereique
998 1241 1139 1311 ignis
1185 1235 1532 1291 conﬂictibus
1577 1233 1804 1286 liberam
1886 1240 1950 1281 ac

388 1345 687 1397 immunem
745 1331 1272 1400 Constantinopolim
1322 1339 1548 1381 cernere
1593 1322 1772 1391 copis,
1824 1334 1950 1372 cum

390 1437 673 1488 innumera
705 1424 1095 1499 propemodum
1138 1419 1336 1474 ibidem
1370 1417 1577 1473 scelera
1636 1423 1952 1484 perpeti-en-

389 1535 503 1588 tur,
538 1531 593 1579 et
622 1520 885 1590 iniquitas
929 1530 1028 1586 pro
1065 1514 1202 1583 lege,
1241 1511 1409 1563 multa
1441 1522 1564 1560 cum
1613 1505 1864 1557 libertate
1897 1506 1951 1552 et

392 1615 616 1670 audacia
653 1609 1071 1682 praescribatur,
1109 1605 1332 1673 quando
1361 1601 1472 1668 jam
1519 1598 1636 1652 solo
1665 1594 1838 1663 ejecta
1869 1599 1953 1644 est

394 1705 649 1763 Ecclesiae
688 1703 965 1763 columna,
1009 1695 1257 1750 veritatis
1307 1693 1513 1752 lumen,
1552 1683 1756 1740 Christi
1798 1683 1952 1741 tuba,

392 1800 632 1854 Joannes
672 1791 1024 1850 beatissimus
1055 1781 1385 1856 episcopus?
1426 1775 1714 1845 Quomodo
1740 1788 1825 1826 me
1859 1771 1955 1823 ad-
1985 1747 2028 1803 Β

392 1890 652 1952 hortaris,
688 1894 747 1940 ut
780 1897 972 1955 preces
1002 1879 1236 1946 elargiar
1279 1871 1397 1927 urbi
1441 1866 1725 1923 iracundia
1771 1863 1956 1916 divina

391 1951 692 2040 concussae.
723 1951 1030 2030 et—I’ulmtna
1061 1965 1303 2038 quotidie
1329 1963 1563 2029 desuper
1593 1951 1955 2025 exspectanti,

392 2088 515 2130 cum
549 2071 664 2140 ipse
689 2069 800 2136 jam
837 2060 1092 2117 mutroris
1135 2059 1258 2125 igne
1288 2059 1518 2108 exustus
1564 2048 1688 2108 sim,
1723 2052 1780 2098 et
1809 2057 1959 2110 cogi-

393 2161 692 2218 tationibus
733 2166 1059 2215 concussus,
1093 2157 1147 2203 et
1176 2155 1355 2200 mente
1399 2141 1709 2207 discerptus
1749 2136 1818 2189 ob
1843 2147 1956 2188 sce-

393 2255 590 2314 lerum,
621 2251 886 2304 adversus
933 2243 1101 2312 leges,
1134 2235 1377 2309 Byzantii
1417 2241 1756 2302 patratorum
1808 2225 1959 2278 hisce

391 2343 749 2412 temporibus,
771 2331 1092 2392 excessum?

550 2519 710 2590 255
738 2511 1008 2572 CCLXVI.
1035 2539 1105 2550 --
1124 2503 1509 2563 DIOSCORIAS
1543 2499 1800 2555 VIDU/E.

468 2589 598 2676 Qui:
618 2589 803 2663 omnia
855 2600 1232 2669 circumspicit
1290 2596 1435 2650 Deus
1501 2593 1782 2666 propheta;
1835 2589 1964 2642 Elia:

401 2699 700 2756 necessarii
764 2692 1007 2749 alimenti
1063 2691 1250 2757 indigo
1305 2686 1567 2739 dicebat:
1637 2701 1656 2732 ι
1713 2677 1862 2733 Vade
1909 2679 1963 2732 in

405 2791 634 2861 Sarepta
697 2785 1074 2844 Sidoniorum,
1135 2779 1318 2848 ibique
1374 2773 1681 2845 praecipiam
1745 2767 1962 2822 cuidam

404 2883 600 2944 viduae,
633 2888 693 2934 ut
715 2887 769 2932 te
797 2883 983 2947 pascat
1003 2872 1081 2937 ",
1115 2888 1132 2920 ι
1167 2885 1276 2924 non
1301 2865 1444 2936 quod
1471 2863 1651 2926 labiis,
1678 2870 1731 2915 et
1754 2875 1851 2913 ore
1883 2873 1968 2928 pa-

400 2972 506 3026 lam
539 2967 712 3022 vidua».
760 2946 976 3018 locutus
1021 2957 1186 3012 fuerit
1234 2955 1517 3012 Dominus,
1547 2951 1641 3004 sed
1669 2948 1811 3017 quod
1850 2946 1966 3016 pias

2048 501 2474 572 κυλινδουμένων
2524 498 2721 568 χοίρων
2759 495 3132 564 ,ἀτιμότερονς
3172 493 3236 546 Et
3272 492 3329 545 δέ
3375 508 3438 558 γε
3479 494 3617 544 ποτε

2048 595 2178 664 γοῦν
2222 591 2535 664 βουληθείης
2581 589 2714 659 παρ’
2770 585 2928 656 ἡμῶν
2974 583 3422 651 ἐξονειδιζὸμενος
3474 582 3617 648 πρὸς

2046 684 2304 755 ἐργασίαν
2347 682 2456 735 τῶν
2497 677 2794 732 ἐπαινετῶν
2845 676 3057 738 ἐλθεῖν,
3112 674 3207 727 καὶ
3246 673 3416 733 οὕτως
3461 672 3619 724 οὐδὲν

2048 779 2280 846 πάμπαν
2328 771 2700 841 κεκέρδακας,
2737 768 2813 838 μὴ
2848 765 3273 834 καταδεχόμενος
3314 761 3620 830 ἐπιγνῶναι

2047 866 2140 921 τὸν
2176 866 2286 919 τῶν
2334 864 2471 918 ὅλων
2500 861 2808 928 Δεσπότην,
2849 857 2984 928 μηδὲ
3027 853 3342 925 προσδοκῶν
3383 852 3620 924 ἀμοιϐὰς

2051 961 2190 1028 μετὰ
2219 956 2469 1013 θάνατον.

2361 1045 2522 1098 sse.
2555 1071 2625 1083 -
2661 1039 2962 1108 ΑΡΚΑΔΙῼ
2998 1035 3289 1091 ΒΑΣΙΛΕῙ.

2126 1139 2250 1201 Πῶς
2297 1137 2582 1204 ἐπιθυμεῖς
2615 1135 2715 1202 τὴν
2747 1127 3316 1184 Κωνσταντινούπολιν
3368 1123 3479 1176 τῶν
3519 1139 3621 1176 πυ-

2051 1230 2322 1283 κνοτάτων
2350 1226 2612 1296 σεισμῶν,
2641 1222 2736 1276 καί⁵
2761 1221 2859 1291 τῆς
2886 1219 3222 1279 ἐπελεύσεως
3249 1214 3343 1268 τοῦ
3371 1212 3620 1282 αἰθερίου

2055 1320 2221 1391 πυρὸς
2275 1316 2703 1386 ἀπηλλαγμένην
2751 1313 2920 1378 ἰδεῖν,
2977 1310 3188 1381 μυρίων
3242 1306 3620 1376 ἀτοπημάτων

2055 1412 2240 1465 αὐτόθι
2289 1409 2618 1478 γινομένων,
2671 1405 2764 1458 καὶ
2808 1402 3265 1474 νομιστευομένης
3293 1401 3393 1468 τῆς
3420 1398 3623 1460 κακίας

2058 1505 2153 1554 σὺν
2184 1500 2468 1572 παρρησίᾳ⁹
2498 1499 2665 1568 πολλῇ
2698 1536 2713 1560 ,
2758 1493 3124 1566 ἐξορισθέντος
3162 1492 3256 1545 τοῦ
3297 1488 3488 1544 στύλον
3519 1490 3625 1558 τῆς

2069 1589 2396 1659 Ἐκκλ-ησίας
2416 1627 2432 1649 ,
2461 1587 2554 1640 τοῦ
2582 1587 2757 1656 φωτὸς
2789 1585 2888 1655 τῆς
2934 1583 3190 1654 ἀληθείας
3211 1624 3226 1646 ,
3261 1582 3361 1650 τῆς
3394 1579 3627 1648 σάλπιγ-

2057 1699 2152 1750 γος
2179 1680 2273 1733 τοῦ
2309 1677 2566 1750 Χριστοῦ,
2610 1677 2857 1730 Ἰωάννου
2903 1673 2996 1728 τοῦ
3039 1673 3461 1744 μακαριωτάτου
3494 1674 3625 1724 ἐπιο

2059 1772 2306 1838 σκόπου;
2374 1769 2497 1832 Πῶς
2557 1785 2624 1839 με
2681 1766 3014 1839 προτρέπεις
3068 1766 3234 1835 εὐχὴν
3295 1764 3630 1834 χαρίσασθαι

2059 1863 2392 1933 σαλευομένη
2425 1863 2492 1931 τῇ
2536 1860 2686 1912 πόλει
2733 1861 2800 1913 ἐκ
2841 1858 2938 1927 τῆς
2984 1857 3077 1910 τοῦ
3121 1856 3254 1910 Θεοῦ
3287 1856 3494 1926 ὀργῆς,
3530 1855 3634 1909 καὶ

2058 1958 2380 2026 πρηστῆρας
2431 1953 2552 2006 καθ’
2607 1953 2848 2022 ἑκάστην
2899 1950 2958 2016 ἐξ
3018 1950 3187 2018 ὕψους
3234 1945 3622 2019 προσδοκώσῃ,

2058 2045 2192 2115 ἐμοῦ
2243 2042 2722 2112 καταπρησθέντος
2765 2041 2842 2112 τῷ
2877 2042 3012 2110 πυρὶ
3054 2041 3153 2110 τῆς
3199 2039 3476 2108 ἀθυμίας,
3533 2039 3634 2092 καὶ

2056 2137 2182 2198 τοὺς
2233 2134 2532 2204 λογισμοὺς
2574 2132 3098 2202 διασεσαλευμένον,
3151 2132 3246 2185 καὶ
3290 2146 3635 2200 κατατεμνι»

2063 2227 2228 2296 μένου
2277 2225 2375 2296 τὴν
2411 2225 2620 2278 ἔννοιαν
2671 2225 2764 2278 ἐπὶ
2817 2227 2882 2295 τῇ
2944 2223 3218 2294 ὑπερϐολῇ
3266 2223 3374 2276 τῶν
3418 2224 3476 2274 ἐν
3513 2225 3634 2283 τοῖς

2061 2318 2295 2387 παροῦσι
2361 2317 2577 2386 χρόνοις
2630 2316 2962 2384 παρανόμως
3023 2313 3167 2367 κατά
3221 2313 3282 2367 τὸ
3334 2312 3635 2376 Βυζάντιον

2063 2407 2472 2478 πεπραγμένων
2498 2424 2513 2468 ς

2380 2498 2556 2565 ΣΞΕΓ.
2588 2525 2659 2538 -—
2692 2495 3056 2566 ΔΙΟΣΚΟΡΙᾼ
3100 2493 3310 2564 ΧΗΡᾼ.

2144 2592 2202 2646 '0
2252 2591 2590 2660 παντέφορος
2639 2589 2769 2652 Θεὸς
2825 2588 2976 2654 ἔλεγε
3015 2585 3091 2655 τῷ
3145 2585 3396 2656 προφήτῃ
3451 2581 3633 2654 Ἠλίᾳ,

2065 2683 2324 2754 χρῄζοντι
2383 2681 2485 2751 τῆς
2535 2679 2837 2747 ἀναγκαίας
2897 2677 3137 2746 τροφῆς·
3186 2693 3204 2727 ι
3257 2675 3496 2744 Πορεύου
3554 2672 3639 2736 εἰς

2065 2774 2328 2844 Σαραπτά
2360 2773 2462 2843 τῆς
2499 2772 2746 2834 Σιδῶνος,
2778 2771 2938 2822 κάκεῖ
2965 2766 3285 2836 ἐντελοῦμαι
3321 2769 3467 2837 χήρᾳ
3497 2767 3634 2827 τινὶ,

2066 2864 2206 2918 ὥστε
2234 2863 2548 2934 διατρέφειν
2596 2879 2655 2914 σε
2685 2877 2699 2890 ο
2735 2879 2752 2911 ι
2790 2861 2887 2929 οὐχ
2917 2861 2998 2912 ὅτι
3041 2857 3245 2928 χείλεσι
3275 2856 3368 2908 καὶ
3405 2856 3640 2924 στόματι

2068 2955 2317 3027 φανερῶς
2343 2953 2606 3021 λελάληκε
2645 2954 2712 3021 τῇ
2745 2951 2888 3020 χήρᾳ
2919 2951 2946 3002 ὁ
2971 2949 3280 3017 Δεσπότης,
3323 2946 3461 3000 ἀλλά
3489 2946 3644 3012 λογιο

400 3061 760 3132 cogitationes
786 3053 840 3110 ln
868 3060 1103 3106 mentem
1153 3047 1301 3100 illius
1349 3058 1414 3097 ac
1446 3043 1681 3095 liliorum
1725 3037 1966 3092 immisc-

1180 3138 1191 3146 ⁵
1465 3132 1474 3142 ⁸
1593 3137 1630 3146 κι
1691 3125 1876 3146 laud---
1904 3131 1961 3146 ο-.

2073 3047 2242 3116 σμοῦς
2269 3045 2511 3106 εὐσεϐεῖς
2557 3039 2791 3095 ὑπέϐαλε
2828 3043 2896 3110 τῇ
2942 3037 3152 3108 διανοίᾳ
3184 3035 3354 3104 αὐτῆς
3397 3035 3494 3088 καὶ
3526 3034 3640 3087 τῶν

2117 3138 2126 3146 .
2502 3133 2514 3146 ι
2735 3130 2760 3140 -
2907 3145 2912 3146 ,
2980 3130 3031 3146 μί
3168 3123 3376 3146 ΙιὶηΑῗῗ-.
3428 3124 3518 3146 --μὶ
3574 3124 3634 3146 ΑΒ.

403 3125 497 3218 rit,
535 3157 595 3204 ut
639 3146 916 3219 prophetae
958 3153 1146 3195 curam
1180 3138 1235 3189 in
1284 3149 1342 3188 se
1370 3132 1656 3200 reciperet.
1691 3125 1880 3195 Itaque
1904 3131 1964 3176 tu

401 3257 619 3314 quoque
644 3218 726 3292 ne
765 3233 1105 3304 despondeas
1149 3227 1414 3287 animum,
1468 3220 1567 3276 sed
1615 3232 1710 3273 ora
1759 3218 1969 3272 solum-

404 3335 588 3395 modo,
617 3341 742 3384 cum
774 3325 1070 3396 gratiarum
1121 3318 1337 3373 actione
1377 3312 1618 3380 inopiam
1658 3307 1965 3378 sustinens;

403 3431 457 3478 ct
485 3433 667 3476 rerum
696 3415 938 3470 omnium
981 3408 1243 3463 Dominus
1282 3403 1444 3458 bonis
1477 3397 1812 3452 alliuentium
1844 3406 1970 3446 cor-

322 3541 335 3551 -
403 3513 567 3568 dibus
599 3515 872 3578 suggeret,
913 3510 971 3557 ut
1003 3500 1101 3554 tibi
1145 3512 1254 3552 non
1286 3510 1382 3564 pro
1412 3490 1740 3546 necessitate
1783 3483 1966 3548 modo,

404 3607 500 3662 sed
532 3617 698 3674 supra
734 3602 921 3659 etiam,
951 3602 1006 3650 et
1033 3590 1340 3647 allluentius
1370 3583 1812 3641 subministrent.

631 3687 928 3747 CCLXVII.
952 3716 1024 3727 —-
1045 3679 1290 3738 CRISPO
1320 3669 1733 3731 EXCAP'I‘IVO.

470 3783 555 3838 Ex
587 3780 810 3836 immani
833 3778 1191 3831 barbarorum
1219 3767 1513 3840 tyrannide
1536 3763 1626 3817 Dei
1661 3759 1974 3814 misericor-

407 3877 494 3931 dia
520 3881 762 3942 ereptus,
799 3867 930 3938 quid
959 3873 1067 3917 tam
1097 3865 1209 3918 cito
1238 3857 1503 3930 depositis
1529 3853 1679 3909 curis
1719 3850 1972 3904 ronchis-

408 3981 519 4029 sas,
573 3978 673 4018 nec
719 3974 844 4016 eum
883 3953 1178 4028 prepitium
1226 3950 1326 4005 tibi
1373 3945 1582 4009 reddis,
1629 3942 1721 4012 qui
1779 3947 1975 4010 praeter

409 4053 891 4126 exspectationem,
938 4061 1005 4102 ex
1055 4057 1217 4099 manu
1264 4041 1565 4094 alienarum
1626 4032 1867 4104 gentium
1920 4040 1974 4084 et

412 4122 696 4217 impiorum
721 4151 776 4196 te
803 4139 1004 4208 eripuit
1031 4152 1045 4188 :
1080 4133 1332 4205 quinimo
1364 4128 1715 4196 temetipsum
1749 4125 1804 4178 in
1833 4122 1975 4177 mul-

411 4216 590 4294 tarum
627 4234 973 4301 iniquitatum
999 4225 1320 4282 servitutem
1347 4216 1664 4286 subjecisti?

634 4322 955 4382 CCLXVIII.
983 4350 1051 4361 —-
1075 4311 1397 4371 EUPITI‘IIO
1427 4307 1744 4366 LECTORI.

484 4421 887 4476 Submoventes
922 4413 1190 4481 longeque
1227 4406 1569 4465 amolientes,
1615 4414 1735 4469 quae
1776 4411 1974 4452 secnn-
2011 4411 2052 4466 ο

413 4516 542 4568 dum
586 4521 835 4565 naturam
890 4511 1040 4566 sunt,
1093 4500 1264 4554 bonas
1305 4494 1686 4565 cogitationes,
1740 4497 1793 4542 et
1826 4487 1979 4540 Scri-

416 4617 606 4678 ptores
640 4601 876 4659 divinas,
902 4604 956 4651 et
979 4595 1241 4655 virorum,
1268 4590 1360 4659 qui
1386 4586 1578 4639 virtuti
1617 4580 1975 4641 addicuntur,

415 4697 850 4752 adhortamenta,
921 4695 1314 4751 nonnunquam
1372 4677 1636 4730 Dominus
1689 4670 1978 4725 insomniis

415 4780 772 4841 horribililms
808 4770 1074 4829 Immissis
1118 4773 1170 4823 in
1219 4769 1496 4822 meliorem
1552 4764 1760 4830 frugem
1812 4767 1980 4810 attra-

417 4879 517 4941 hit,
567 4871 897 4943 quandoque
944 4863 1108 4934 256
1159 4861 1324 4914 etiam
1377 4855 1689 4911 morborum
1743 4849 1978 4912 salsura,

416 4981 581 5035 quam
628 4958 879 5017 nonnulli
935 4959 1039 5008 turi
1093 4951 1374 5006 mollitiem
1425 4952 1779 5013 nuncupant;
1843 4954 1984 5009 saepe

416 5058 582 5111 etiam
635 5062 690 5108 et
727 5049 854 5104 aliis
907 5045 1184 5112 variisque
1242 5036 1622 5108 punitimiibus
1674 5035 1740 5085 ad
1778 5036 1980 5088 bonum

419 5148 562 5200 I-leus
588 5143 862 5197 hominem
902 5132 1193 5190 convertit.
1230 5128 1399 5196 quue
1443 5125 1539 5180 tibi
1576 5123 1800 5178 suadeat
1835 5121 1984 5175 Elius

417 5242 472 5294 in
502 5238 640 5293 libro
665 5232 785 5287 Jobi
815 5230 1008 5284 dicens
1041 5244 1055 5280 :
1111 5242 1130 5275 ι
1186 5219 1367 5276 Semel
1413 5216 1657 5285 loquitur
1699 5213 1980 5278 Dominus,

417 5341 469 5385 cl
497 5326 739 5385 secundo
779 5338 872 5393 per
907 5321 1204 5378 somnium.
1248 5324 1343 5368 aut
1374 5313 1429 5365 in
1479 5309 1662 5364 studio
1690 5319 1984 5372 nocturno,

421 5431 481 5474 ut
517 5435 645 5476 cum
701 5416 864 5472 irruit
913 5410 1193 5468 horribilis
1243 5406 1411 5458 timor
1457 5403 1510 5454 in
1544 5400 1814 5462 homines,
1854 5399 1981 5452 dum

419 5512 715 5568 dormitant
742 5510 811 5579 lin
849 5505 1069 5567 lectulo,
1125 5513 1254 5557 tunc
1303 5496 1478 5566 aperit
1530 5503 1764 5548 mentem
1800 5493 1980 5547 homi-

489 5686 533 5720 "
561 5685 628 5740 III
659 5683 786 5753 Iicg.
821 5695 956 5743 xv”,
978 5679 1032 5733 9.

2069 3138 2276 3190 τέκνων
2323 3133 2601 3206 φροντίσει
2668 3130 2763 3184 τοῦ
2818 3130 3120 3200 προςήτου.
3168 3123 3376 3179 Οὐκοῦν
3427 3124 3523 3177 καὶ
3569 3124 3639 3178 σὺ

2075 3226 2150 3296 μὴ
2196 3224 2482 3294 ὀλιγώρει,
2527 3222 2643 3279 ἀλλ’
2677 3220 2838 3291 εὔχου
2878 3220 3037 3287 μόνον
3094 3219 3232 3288 μετὰ
3283 3219 3641 3289 εὐχαριστίας

2070 3320 2309 3390 φέρουσα
2337 3318 2433 3388 τὴν
2468 3317 2677 3378 πενίαν,
2708 3314 2803 3368 καὶ
2833 3316 2861 3368 ό
2885 3313 3087 3382 Κύριος
3111 3313 3221 3366 τῶν
3253 3314 3389 3367 ὅλων
3418 3300 3639 3385 ὑπαγὼ

2074 3407 2253 3478 ρεύσει
2279 3408 2399 3468 ταῖς
2428 3404 2680 3474 καρδίαις
2725 3403 2832 3456 τῶν
2867 3402 3114 3471 εὐπόρων
3160 3403 3464 3472 χορηγῆσαί
3532 3421 3641 3470 σοι,

2071 3500 2130 3552 οὐ
2181 3497 2339 3568 μόνον
2368 3496 2465 3567 τὴν
2500 3495 2710 3566 χρείαν,
2738 3494 2872 3549 ἀλλὰ
2904 3495 2997 3561 καί
3038 3493 3178 3565 ὑπὲρ
3209 3495 3418 3563 χρείαν.

2239 3678 2394 3733 ΣΞΖ’.
2435 3710 2503 3720 —
2533 3678 2788 3747 ΚΡῙΣΠῼ
2817 3677 2954 3729 ΑΠΟ
2984 3675 3468 3729 ΑΙΧΜΑΛΩΣΙΑΣ.

2155 3771 2249 3825 Ἐκ
2299 3771 2396 3840 τῆς
2427 3772 2628 3839 πικρᾶς
2681 3768 2966 3839 βαρϐάρων
2997 3767 3318 3830 δεσποτείας
3362 3767 3644 3835 εὐσπλαγ-

2074 3865 2198 3934 χνίᾳ
2248 3863 2340 3916 τοῦ
2375 3861 2508 3915 Θεοῦ
2558 3859 2950 3927 ἐκλυτρωθεὶς,
2992 3857 3111 3922 πῶς
3171 3858 3386 3928 ρέγχεις
3425 3859 3643 3928 ταχέως

2074 3955 2397 4027 ἀμεριμνῶν
2421 3994 2434 4017 ,
2482 3955 2577 4008 καὶ
2623 3954 2694 4024 μὴ
2737 3951 3151 4020 ἐξιλασκόμενος
3183 3951 3274 4004 τὸν
3314 3951 3645 4019 παραδόξως

2075 4046 2459 4118 ἐξαρπάσαντά
2489 4064 2546 4099 σε
2583 4049 2646 4098 ἐκ
2689 4045 2873 4115 χειρὸς
2913 4043 3208 4113 ἀλλοτρίων
3231 4081 3246 4107 ,
3278 4043 3372 4095 καὶ
3401 4043 3642 4106 ἀσεϐῶν,

2075 4140 2211 4193 ἀλλά
2267 4140 2467 4207 μᾶλλον
2522 4137 2719 4191 σαυτὸν
2777 4133 3188 4198 καταδουλώσας
3237 4138 3359 4198 ταῖς
3417 4133 3643 4197 πολλαῖς

2078 4227 2373 4298 ἁμαρτίαις
2401 4243 2414 4288 ;

2316 4317 2481 4370 Σειιν.
2517 4346 2585 4357 -
2614 4315 2936 4385 ΕΥΠΕΙΘΙῼ
2965 4313 3401 4384 ammenti.

2155 4409 2278 4460 ’Ότι
2307 4409 2430 4469 τοὺς
2463 4405 3077 4475 παραγκωνιξομένους,
3124 4405 3218 4456 καὶ
3259 4403 3646 4468 διαπτὺοντας,

2076 4497 2148 4550 τά.
2196 4514 2258 4548 τε
2306 4496 2448 4548 κατὰ
2496 4495 2658 4564 φύσιν
2707 4493 2888 4561 ἁγαθά
2936 4494 3224 4562 νοήματα,
3261 4493 3354 4544 καὶ
3402 4493 3472 4544 τὰ
3522 4493 3645 4546 θεῖα

2079 4587 2345 4658 Γραφεῖα.
2386 4588 2478 4639 καὶ
2511 4586 2634 4649 τοὺς
2666 4584 3058 4646 νουθετοῦντας
3097 4584 3387 4653 ἐναρέτους
3417 4583 3645 4652 ἄνδρας,

2082 4678 2211 4731 ποτε
2246 4678 2344 4748 μὲν
2368 4676 2434 4729 δι’
2459 4677 2753 4745 ὀνειράτων
2787 4674 3036 4744 φοϐερῶν
3062 4673 3384 4742 σωφρονίζει
3416 4673 3644 4742 Κύριος,

2079 4769 2211 4822 ποτὲ
2249 4769 2305 4821 δὲ
2345 4768 2433 4821 διὰ
2482 4767 2583 4836 τῆς
2638 4765 3005 4836 ταριχεύσεως
3055 4765 3163 4816 τῶν
3211 4765 3420 4825 νόσων,
3472 4764 3541 4833 ἦν
3588 4764 3646 4816 δὲ

2080 4858 2266 4927 κοίτην
2297 4857 2570 4926 μαλακίας
2599 4855 2743 4917 τινὲς
2773 4852 3138 4922 ὀνομάζουσι,
3192 4853 3325 4904 ποτέ
3357 4852 3413 4903 δὲ
3445 4853 3542 4905 καὶ
3572 4853 3642 4904 δι’

2079 4949 2281 5017 ἐτέρων
2312 4945 2471 4999 τινῶν
2518 4943 2778 4996 ποικίλων
2809 4942 3142 4996 παιδεύσεων
3171 4943 3305 5011 πρὸς
3336 4943 3396 4994 τὸ
3439 4941 3645 5009 ἀγαθὸν

2081 5041 2108 5088 ὁ
2131 5037 2264 5099 Θεὸς
2293 5035 2606 5106 ἐπιστρέφει
2627 5034 2718 5085 τὸν
2749 5031 3034 5100 ἄνθρωπον
3056 5047 3070 5060 °
3095 5032 3326 5085 πειθέτω
3348 5049 3407 5083 σε
3437 5031 3650 5094 Ἐλιοὺς

2080 5127 2257 5194 λέγων
2295 5127 2352 5178 ὲν
2397 5129 2464 5196 τῇ
2495 5123 2590 5176 τοῦ
2638 5121 2758 5175 Ἰὼϐ
2796 5121 2991 5192 βίϐλῳ·
3030 5141 3048 5172 ι
3096 5122 3183 5172 Ἐν
3229 5122 3336 5190 γὰρ
3372 5121 3449 5189 τῷ
3499 5122 3648 5186 ἅπαξ

2083 5219 2313 5288 λαλῆσαι
2343 5217 2544 5286 Κύριος
2566 5257 2580 5279 ,
2628 5218 2685 5268 ὲν
2731 5215 2787 5267 δέ
2820 5213 2896 5284 τῷ
2933 5214 3169 5284 δευτέρῳ
3199 5213 3479 5275 ἐνύπνιον,
3524 5213 3556 5282 ἦ
3592 5215 3651 5264 ἐν

2084 5310 2282 5380 μελέτῃ
2317 5310 2632 5378 νυκτερινῇ,
2678 5307 2752 5369 ὡς
2786 5307 2915 5359 ὅταν
2947 5305 3230 5356 ἐπιπίπτει
3269 5303 3444 5366 δεινὸς
3483 5303 3651 5371 φόϐος
3685 5315 3688 5317 ‘

2081 5403 2166 5453 ἐπ’
2199 5399 2519 5470 ἀνθρώπους
2567 5399 2658 5450 ἐπὶ
2685 5396 3086 5466 νυσταγμάτων
3117 5395 3325 5458 κοίτας,
3359 5395 3479 5446 τότε
3513 5395 3650 5447 ἀνα-

2091 5492 2353 5546 καλύπτει
2387 5490 2510 5544 νοῦν
2555 5489 2856 5558 ἀνθρώπων
2891 5490 2948 5542 ὲν
2983 5485 3147 5539 εἴδεσι
3193 5485 3356 5554 φόϐου
3388 5485 3653 5548 τοιούτοις
