3850 6218
272 306 378 377 337

1473 318 2006 379 EPISTOLABUM
2068 321 2213 380 LIB.
2253 320 2339 381 ΙΙ.

3412 311 3520 375 338

263 426 467 487 αὐτοὺς
503 422 867 491 ἐξεφόϐησεν,
920 425 1258 495 ἀποστρέψαι
1292 426 1579 494 ἄνθρωπον
1628 428 1686 491 ἐξ
1730 427 1843 479 ἀδι-

1962 444 2103 489 'Illm,
2142 430 2196 481 in
2246 427 2521 482 sintilibus
2555 437 2731 482 metus
2764 424 3056 496 speciebus
3078 438 3172 477 eos
3196 422 3522 493 perte-mle-

262 519 431 580 κίας,
480 517 546 569 τὸ
599 517 656 569 δὲ
709 515 870 585 σῶμα
925 517 1091 569 αὐτοῦ
1155 518 1263 570 ἀπὸ
1329 517 1623 589 πτώματος
1680 519 1842 591 eaps—

263 624 399 661 σατο
426 648 443 669 ,
497 606 661 660 πάλιν
707 606 766 659 δὲ
823 606 1050 677 ἦλεγξεν
1109 608 1272 662 αὐτὸν
1333 611 1391 662 ὲν
1448 609 1689 679 μαλακίᾳ
1747 608 1841 662 ἐπὶ

262 697 479 765 κοίτης.

482 785 641 840 ΣΞΘ¹.
676 818 745 830 -
768 787 1171 841 ΓΔΝΥΜΗΔΕῘ
1216 787 1627 844 ΕΞΚΕΠΤΟΡῙ.

348 878 575 946 Ἐπειδὴ
604 879 752 949 τρισὶ
794 880 1002 947 φωναῖς
1033 878 1317 949 ἀρνήσεως
1346 880 1375 931 ὁ
1402 880 1611 951 Πέτρος
1644 880 1842 950 ἐτραυ-

268 968 537 1037 ματίσθη,
571 968 656 1020 διὰ
687 967 845 1021 τοῦτο
880 970 1019 1037 μετά
1045 970 1144 1039 τὴν
1176 970 1473 1023 ἀνάστασιν
1516 968 1612 1021 τοῦ
1656 970 1842 1039 Σωτῆ-

268 1074 387 1126 ρος,
426 1057 583 1126 τρισὶ
627 1060 851 1125 φωναῖς,
881 1058 1206 1128 ὁμολογίας,
1253 1060 1347 1110 καὶ
1391 1057 1845 1123 συγκαταθέσεως

265 1148 695 1218 τεθεράπευται,
754 1168 773 1200 ε
824 1149 1001 1212 Φιλεῖς
1056 1167 1157 1218 με,
1213 1150 1385 1219 φησὶ,
1447 1149 1660 1219 Πέτρε;
1710 1150 1841 1211 Ναὶ,

265 1239 468 1310 Κύριε.
526 1257 545 1291 ι
595 1241 803 1293 Οὐκοῦν
848 1243 943 1294 καὶ
988 1242 1051 1294 σὺ
1085 1242 1237 1311 παρὰ
1293 1240 1400 1292 τῶν
1450 1239 1755 1293 πταιόντων
1786 1240 1846 1292 τὸ

264 1333 400 1401 περὶ
433 1333 535 1403 ἐμὲ
563 1332 785 1404 φίλτρον
818 1334 979 1403 μόνον
1011 1333 1252 1387 ἀπαίτει.
1293 1332 1351 1386 '0
1378 1332 1485 1403 γὰρ
1511 1330 1681 1401 φιλῶν
1714 1347 1845 1399 γνη-

265 1424 426 1488 σίως,
460 1425 564 1477 κᾶν
594 1441 728 1479 ποτε
756 1426 977 1498 πταίσῃ,
1003 1426 1140 1497 πρὸς
1166 1426 1261 1477 τὸν
1282 1424 1607 1495 φιλούμενον
1630 1424 1845 1495 ταχέως

264 1516 662 1588 ἐπανέρχεται.

550 1609 666 1661 Σο’.
694 1636 764 1649 -
789 1609 1236 1679 ΑΣΚΔΗΠΙΑΔῌ
1270 1608 1563 1665 ΚΟΜΙΠΊ.

338 1700 435 1769 Μὴ
464 1703 975 1771 καταφρονήσωμεν
1007 1702 1119 1753 τῶν
1145 1700 1413 1770 ἀληθινῶν
1440 1699 1627 1772 χηρῶν
1649 1716 1666 1733 ο
1702 1698 1845 1753 πάνυ

1946 520 2043 580 cit,
2104 530 2160 573 ut
2188 529 2403 573 avertat
2452 520 2729 574 hominem
2770 534 2836 573 ex
2890 517 3181 586 injustitia.
3216 525 3270 570 et
3319 530 3521 585 corpus

1947 611 2098 667 illius
2153 626 2182 663 a
2245 613 2404 666 ruina
2465 612 2754 675 liberavit;
2808 618 2973 664 noctu
3042 624 3171 663 vero
3224 607 3523 676 increpavit

1946 716 2071 757 eum
2100 702 2154 756 in
2188 704 2416 757 mollitie
2446 719 2612 773 super
2638 703 2836 757 lectum
2860 704 2903 753 '.
2945 719 2963 752 ι

2159 793 2429 849 CCLXIX.
2446 823 2514 834 —-
2534 792 2886 850 GANYMED]
2916 788 3322 845 EXCEPTORI.

2018 883 2221 940 Tribus
2276 887 2584 955 negationis
2660 887 2890 939 vocibus
2957 885 3149 937 Petrus
3204 882 3521 935 vulneratus

1948 985 2068 1043 est;
2104 986 2388 1047 pr0pterea
2422 986 2544 1046 post
2587 976 2890 1030 Salvatoris
2929 974 3384 1028 resurrectionem
3420 971 3521 1023 tri-

1951 1066 2055 1121 bus
2095 1068 2483 1131 confessionis,
2519 1076 2571 1120 et
2630 1063 2969 1119 assensionis
2998 1060 3520 1133 approbationisqne

1949 1157 2179 1212 vocibus
2209 1167 2437 1211 sanatus
2470 1166 2572 1211 est.
2629 1174 2647 1207 ι
2700 1157 2864 1209 Amas
2905 1169 3010 1218 me,
3070 1152 3265 1222 inquit,
3324 1148 3521 1204 Patre?

1952 1247 2171 1318 Utique,
2194 1248 2421 1302 Domine
2442 1249 2506 1301 '°.
2542 1268 2561 1301 ι
2584 1246 2873 1316 Propterea
2900 1255 2955 1299 tu
2981 1260 3196 1314 quoque
3220 1244 3287 1296 ab
3309 1243 3396 1307 iis,
3423 1240 3519 1308 qui

1952 1339 2235 1404 labuntur,
2268 1356 2395 1409 erga
2422 1356 2506 1395 me
2549 1348 2759 1392 tantmn
2813 1350 3054 1391 amorem
3105 1350 3361 1404 exposce.
3414 1331 3517 1397 Qui

1951 1432 2095 1487 enim
2148 1433 2393 1499 legitime
2446 1441 2613 1494 amat.
2647 1433 2774 1486 licet
2800 1429 3095 1499 aliquando
3127 1437 3292 1491 erret,
3322 1427 3520 1481 veloci.

1951 1530 2037 1578 ter
2069 1524 2134 1577 ad
2171 1523 2433 1576 dilectum
2466 1537 2623 1577 suum
2665 1522 3026 1575 convertitur.

2175 1612 2427 1668 CCLXX.
2456 1645 2526 1654 ——
2551 1612 3003 1669 ASCLEPIADAS
3034 1607 3289 1667 COMITI.

2023 1702 2103 1759 Ne
2131 1704 2345 1768 viduas,
2394 1721 2515 1773 quae
2559 1720 2687 1760 vere
2731 1705 2907 1759 viduae
2940 1711 3087 1761 sunt.
3112 1697 3392 1770 despectui
3422 1697 3523 1751 ba-

263 1790 379 1859 γάρ
417 1792 571 1860 μέλει
623 1792 701 1862 τῷ
759 1792 878 1862 Θεῷ
927 1793 1055 1859 περὶ
1101 1792 1283 1844 αὐτῶν
1312 1808 1325 1821 ·
1384 1793 1473 1843 τὸν
1512 1791 1622 1859 γὰρ
1676 1791 1846 1860 μέγαν

1962 1795 2179 1850 beamus
2208 1814 2220 1849 :
2253 1810 2443 1849 curam
2480 1797 2628 1849 enim
2668 1810 2855 1851 earum
2904 1795 3045 1848 Deus
3078 1795 3236 1863 gerit,
3269 1791 3359 1860 qui
3398 1804 3517 1843 ma-

280 1875 469 1931 Ἦλίαν
509 1880 646 1948 πρὸς
682 1882 857 1951 χήραν
904 1880 1268 1941 ἀπέσταλκεν,
1306 1881 1401 1932 καὶ
1448 1879 1547 1949 τῆς
1591 1881 1649 1932 ἐν
1696 1877 1849 1947 Ναῒμ

265 1973 483 2041 χήρας,
527 1973 687 2034 αὐτὸς
740 1973 807 2025 δι’
859 1972 1053 2025 ἑαυτοῦ
1107 1972 1316 2042 Ἰησοῦς
1358 1972 1388 2024 ὁ
1427 1971 1705 2042 Δεσπότης
1744 1970 1850 2022 τῶν

264 2062 410 2116 ὅλων
456 2065 741 2132 σφογγίζει
779 2064 840 2117 τὸ
893 2065 1149 2135 δάκρυον,
1201 2064 1412 2134 κράξας
1453 2064 1626 2133 αὑτῇ’
1683 2082 1702 2115 ι
1753 2062 1847 2133 Μὴ

268 2156 459 2208 κλαῖε·
504 2176 523 2209 ι
564 2159 658 2211 καὶ
716 2155 971 2219 Ἰάκωϐος
1016 2155 1228 2209 κελεύει
1279 2154 1714 2209 ἐπισκέπτεσθαι
1755 2154 1849 2225 ὀρ-

272 2248 508 2316 φανοὺς,
542 2251 634 2302 καὶ
660 2250 834 2320 χήρας
867 2250 925 2301 ὲν
948 2250 1016 2320 τῇ
1052 2247 1227 2317 θλίψει
1255 2248 1457 2303 αὐτῶν.

563 2445 726 2500 ΣοΑν.
751 2476 823 2486 -
852 2445 1205 2516 ΚΕΚΡΟΠΙῼ
1234 2445 1570 2517 ΤΑΞΕΩἸᾘ.

346 2624 525 2698 Εῖπερ
550 2625 823 2681 θάλασσαν
866 2623 1003 2680 εἷναι
1038 2627 1221 2696 λέγεις
1248 2628 1343 2680 τὸν
1383 2626 1622 2695 παρόντα
1655 2625 1848 2689 αἰῶνα,

270 2720 429 2769 ποῖον
487 2715 555 2770 ἂν
581 2717 767 2787 κέρδος
793 2717 1082 2780 ἐπιδείξαιο
1215 2720 1398 2787 κριτῇ,
1416 2717 1551 2783 ὅπερ
1580 2714 1851 2785 ἐμπορεῦο

275 2821 369 2858 σαι
394 2804 671 2874 διαπερῶν
699 2804 759 2856 τὸ
785 2804 1022 2870 πέλαγος
1049 2804 1149 2873 τῆς
1187 2804 1531 2875 ἀνθρωπίνης
1556 2802 1720 2872 ζωῆς,
1754 2819 1853 2855 πε-

272 2896 628 2967 φροντικέναι
654 2896 809 2965 ὀφέλε
819 2913 884 2958 ις.

516 2984 675 3040 208'.
699 3016 769 3025 —
799 2986 1102 3055 ΘΕΟΔΩΡῼ
1144 2980 1615 3056 ΠΡΕΣΒΥΤΕΡῼ.

341 3076 439 3148 Μὴ
488 3078 762 3151 ἀγνοήσῃς
819 3078 910 3131 τὸν
970 3078 1169 3147 δοτῆρα
1219 3078 1316 3147 τῆς
1359 3078 1601 3145 ἁγνείας,
1636 3077 1729 3130 καὶ
1751 3077 1849 3146 τῆς

1949 1901 2113 1954 gnum
2171 1886 2341 1939 Eliam
2395 1886 2463 1940 ad
2507 1888 2726 1939 viduam
2783 1885 3091 1939 transmisit
3129 1884 3194 1948 “,
3248 1889 3303 1935 et
3346 1880 3522 1932 viduae

1950 1991 2071 2046 quae
2104 1979 2157 2030 in
2190 1982 2322 2035 urbe
2365 1979 2523 2033 Naim
2562 1978 3030 2037 commorabatur,
3064 1973 3220 2028 Jesus
3256 1973 3372 2041 ipse
3404 1982 3521 2023 orr-

1952 2069 2102 2122 nium
2150 2068 2416 2125 Dominus
2468 2085 2563 2138 per
2612 2070 2965 2137 semetipsum
3018 2067 3291 2136 lacrymas
3319 2063 3522 2115 abster-

1952 2159 2048 2229 gil,
2102 2160 2407 2217 inclamans
2438 2162 2516 2215 illi
2548 2180 2561 2215 :
2600 2180 2617 2210 ι
2673 2159 2791 2214 Noli
2834 2159 2965 2213 ﬂere
3016 2159 3060 2190 “
3091 2178 3101 2211 :
3135 2177 3153 2208 ι
3197 2164 3251 2209 et
3283 2152 3519 2207 Jacobus

1952 2249 2003 2304 id
2034 2253 2310 2321 praecepit,
2340 2263 2400 2305 ut
2425 2252 2784 2321 pupillorum,
2815 2259 2868 2304 et
2913 2248 3205 2303 viduarum
3247 2246 3301 2299 in
3332 2259 3518 2299 carum

1952 2342 2246 2396 aﬂlictione
2277 2359 2465 2397 curam
2496 2344 2792 2397 habeamus
2824 2342 2888 2395 ".

2058 2428 2218 2500 257
2251 2429 2533 2485 CCLXXI.
2561 2460 2629 2500 Τ
2657 2425 2996 2500 censorio
3032 2420 3413 2479 enasswuu

2515 2496 2951 2553 APPABITORL

2025 2616 2309 2689 Siquidem
2348 2634 2499 2673 mare
2523 2634 2648 2673 esse
2677 2618 2819 2672 dicis
2849 2634 3093 2689 praesens
3127 2621 3412 2683 saemnlum,
3465 2617 3518 2671 id

1953 2708 2050 2762 tibi
2106 2723 2255 2763 curae
2306 2724 2429 2763 esse
2472 2708 2652 2770 debet,
2694 2722 2987 2776 quamnam
3028 2709 3314 2761 utilitatem
3346 2706 3517 2773 judici

1951 2799 2229 2864 ostendes,
2269 2814 2433 2869 quam
2466 2800 2567 2852 hac
2598 2806 2930 2861 mercatura,
2961 2799 3089 2852 dum
3122 2800 3376 2852 humanae
3398 2797 3527 2851 vita

1952 2893 2177 2961 pelagus
2205 2894 2431 2956 transis,
2469 2898 2755 2945 assecutus
2783 2892 2973 2946 i‘ueris.

2077 2982 2376 3037 CCLXX".
2402 3014 2473 3023 —
2497 2981 2868 3038 THEODORO
2915 2978 3388 3037 PRESBYTERO.

2022 3074 2100 3130 Ne
2133 3086 2182 3131 te
2233 3076 2396 3130 lateat
2438 3076 2798 3132 castimoniae.
2847 3084 2903 3128 et
2958 3076 3186 3127 laudatae
3230 3073 3516 3133 libertatis,

272 3169 678 3240 ὶπαινουμένης
709 3171 1040 3242 παρρησίας,
1070 3172 1163 3222 καὶ
1190 3170 1289 3238 τῆς
1318 3170 1641 3239 ἀπτοησίας.
1672 3172 1846 3239 Μέχρι

1962 3180 2165 3221 necnon
2199 3168 2499 3221 alacritatis
2536 3167 2712 3221 dator.
2750 3164 2884 3219 Dum
2922 3166 3065 3219 enim
3097 3166 3356 3218 Dominus
3386 3179 3519 3232 ope-

274 3261 385 3333 γὰρ
418 3263 485 3315 ἂν
517 3265 542 3315 ὁ
576 3262 781 3333 Κύριος
834 3264 1066 3332 ἐνεργεῖ,
1103 3261 1431 3329 πεφύλαξαι,
1477 3262 1571 3313 καὶ
1601 3261 1848 3330 διατετή-

276 3369 443 3423 ρησαι
478 3352 946 3419 ἀνεπιϐούλευτος,
980 3352 1329 3443 ἀχείμαστος,
1385 3349 1480 3404 καὶ⁵
1522 3353 1656 3403 πᾶσι
1688 3350 1852 3422 φαίνῃ

273 3444 531 3511 φοϐερὸς,
558 3444 651 3495 καὶ
683 3442 947 3507 ἐπίδοξος,
991 3442 1340 3514 μαρμαίρων,
1361 3444 1452 3495 καὶ
1472 3443 1852 3511 πεφραγμένος

269 3536 339 3604 τῇ
368 3534 556 3604 χάριτι
587 3533 678 3585 τοῦ
704 3532 860 3596 Θεοῦ,
879 3535 973 3587 καὶ
992 3533 1196 3603 μηδένα
1225 3532 1388 3600 ιροὸού
1398 3549 1573 3600 μενος,
1598 3534 1851 3601 πτοήσεις

272 3628 489 3688 πάντας
520 3624 780 3695 δαίμονάς
808 3642 889 3689 τε,
931 3626 1023 3678 κατ⁹
1051 3624 1319 3694 πονηροὺς
1340 3621 1679 3693 ἀνθρώπους.
1729 3624 1852 3676 Ἐὰν

270 3720 330 3774 δὲ
360 3718 504 3789 ἄρξῃ
535 3716 852 3781 κενοδοξεῖν,
881 3717 977 3770 καὶ
1008 3715 1537 3786 ὑπερηφανεύετθαι,
1570 3715 1854 3784 ἀναχωρή-

273 3826 359 3863 σει
386 3813 415 3861 ὁ
436 3808 643 3878 Κύριος
660 3809 767 3862 ἀπὸ
802 3808 918 3873 σοῦ,
944 3808 1017 3877 μὴ
1040 3807 1207 3858 θέλων
1234 3805 1446 3874 βοηθεῖν
1474 3822 1573 3866 σοι,
1606 3806 1698 3856 καὶ
1732 3805 1853 3856 τότε

274 3902 506 3972 μαθήσῃ
530 3901 626 3971 τὴν
655 3899 850 3953 σαυτοῦ
871 3898 1252 3966 ταπεινότητα,
1269 3897 1479 3951 δειλιῶν
1514 3913 1573 3948 τε
1603 3897 1697 3948 καὶ
1726 3896 1850 3967 τρέ-

275 4009 417 4063 μων,
437 3991 535 4044 καὶ
554 3992 652 4060 τὴν
680 3991 814 4043 ἰδίαν
834 3989 990 4042 σκιὰν
1016 3989 1115 4041 οὐκ
1137 3988 1475 4057 ἀνεχόμενος,
1495 3988 1587 4039 καὶ
1608 3990 1719 4051 τοῖς
1754 3988 1853 4056 τῆς

272 4082 486 4152 σαρκὸς
520 4082 745 4135 πάθεσιν
774 4081 1112 4142 ὑποπίπτων,
1134 4080 1226 4132 καὶ
1250 4076 1729 4148 ὲκτεθαμϐημένος
1758 4077 1853 4130 νύέ

268 4191 449 4245 κτωρ,
468 4173 565 4226 καὶ
599 4173 712 4243 μεθ’
738 4168 1143 4244 ἡμέραν.¹¹Εθου
1172 4170 1300 4240 γὰρ,
1332 4172 1491 4239 φησὶν
1527 4171 1554 4221 ὁ
1580 4169 1758 4230 Δαυῖδ,
1785 4168 1855 4223 τὰ

269 4265 613 4336 ὀχυρώματα
639 4265 803 4317 αὑτοῦ
841 4263 1063 4323 δειλίαν,
1104 4262 1300 4333 μηκέτι
1331 4262 1516 4314 λοιπὸν
1548 4260 1853 4332 τολμῶντος

268 4362 343 4431 τῇ
374 4358 563 4429 διδαχῇ
594 4356 690 4410 σὺν
719 4358 1000 4431 παρρησίᾳ
1022 4353 1332 4427 χρήσασθαι
1370 4353 1458 4406 διὰ
1489 4353 1587 4424 τὴν
1619 4352 1853 4421 ἐγκατά-

270 4450 331 4503 λε
342 4450 478 4520 ιψιν.

597 4538 755 4592 ΣΟΓ.
794 4568 863 4580 --
896 4538 1062 4606 ΗΛΙᾼ
1109 4536 1534 4606 ΙΛΛΟΥΣΤΡῙῼ.

347 4630 396 4682 Τ
398 4628 631 4693 οσαὺτας
660 4631 851 4700 πρώην
883 4631 1171 4701 ἀλλοτρίας
1210 4628 1511 4699 διαρπάξας
1529 4626 1736 4690 οὐσίας,
1759 4625 1854 4680 νῦν

270 4722 470 4792 ὀλίγην
520 4722 924 4793 διηρπαγμένος
965 4720 1156 4792 μοῖραν
1194 4720 1297 4772 ὑπὸ
1348 4718 1716 4787 δυνατωτέρου
1758 4719 1851 4772 ἀν-

270 4816 424 4886 δρὸς,
480 4814 625 4877 τίνος
663 4815 847 4868 ἕνεκεν
877 4812 1021 4884 ἄχθῃ
1063 4812 1157 4866 καὶ
1198 4812 1443 4883 διαπρίῃ,
1474 4811 1566 4863 καὶ
1616 4809 1854 4881 βρύχεις,

270 4904 321 4961 ὦ
350 4907 605 4977 ἄνθρωπε
627 4925 642 4974 ;

562 4998 719 5051 sor.
749 5028 817 5037 —
852 4994 1185 5065 ΣΩΦΡΟΝΙῼ
1211 4992 1573 5065 ΤΡΓΒΟΥΝῼ.

346 5091 423 5144 Τὸ
464 5088 839 5161 μεγαλόψυχός]
860 5105 951 5141 σου
984 5087 1317 5154 θεασάμενος
1360 5085 1583 5155 Κύριος,
1627 5084 1719 5136 καὶ
1756 5084 1852 5153 τὴν

272 5185 558 5245 πᾶσιντοῖς
595 5180 867 5249 δεομένοις
920 5177 1163 5245 ἀφθόνως
1205 5175 1533 5244 ήπλωμένην
1554 5177 1731 5243 χεῖρα,
1760 5177 1854 5226 καὶ

276 5274 524 5345 μεγάλας
551 5272 912 5342 κληρονομίας
960 5269 1155 5338 ἀθρόον
1203 5267 1426 5336 δραμεῖν
1461 5266 1594 5332 πρὸς
1627 5265 1685 5316 σὲ
1711 5282 1852 5334 παρ-

272 5365 578 5419 εσκεύασεν
600 5382 612 5395 ·
646 5364 738 5417 καί⁵
758 5364 853 5415 ἐπὶ
880 5360 1035 5415 τοῦτο
1062 5360 1119 5413 δὲ
1151 5355 1443 5429 δοξάζομεν
1473 5357 1561 5409 τὸν
1592 5356 1740 5412 Θεὸν.

351 5630 373 5660 ⁹
403 5626 505 5681 Job
555 5642 752 5688 sum.
786 5628 973 5683 14-19.

282 5698 331 5731 “
362 5698 508 5754 Psal.
535 5712 803 5759 Lxxxvltt.
832 5698 923 5758 41.

1086 5626 1128 5658 ¹⁶
1171 5624 1361 5679 Matth.
1404 5641 1551 5686 xn't,
1588 5623 1675 5677 75.

1787 5623 1824 5654 “
1897 5621 1961 5674 lll
1998 5621 2129 5692 Reg.
2157 5637 2285 5684 xvn,
2311 5622 2364 5676 9.

1952 3269 2132 3319 ratur,
2159 3275 2245 3313 res
2269 3269 2372 3312 tute
2403 3260 2457 3311 in
2508 3266 2625 3311 tuto
2670 3265 2817 3321 sunt,
2868 3270 3034 3326 tuque
3063 3260 3230 3312 nullis
3281 3256 3518 3320 insidiis,

1952 3348 2229 3403 nullisuue
2272 3348 2693 3416 tempestatibus
2747 3348 3021 3401 obnoxius
3065 3352 3435 3409 conservaris,
3466 3355 3523 3401 et

1952 3440 2208 3492 omnibus
2240 3440 2501 3493 terribilis
2534 3456 2617 3504 es,
2659 3447 2712 3493 et
2749 3440 3038 3509 gloriosus,
3072 3441 3309 3509 umlique
3339 3442 3521 3509 splen-

1953 3529 2111 3594 dens,
2144 3539 2197 3583 et
2232 3531 2414 3584 divina
2448 3532 2620 3600 gratia
2669 3529 3101 3599 circumseptus;
3137 3538 3190 3583 et
3228 3546 3352 3584 cum
3403 3532 3527 3601 ipse

1952 3622 2160 3676 nullum
2198 3624 2414 3684 timeas,
2463 3622 2644 3676 timori
2696 3621 3037 3677 daemonibus
3091 3622 3365 3675 universis
3396 3638 3532 3690 pra--

1952 3716 2146 3784 visque
2186 3715 2501 3769 hominibus
2528 3715 2659 3769 eris.
2708 3713 3118 3778 Verumtamen,
3153 3713 3196 3767 si
3226 3728 3375 3766 vanae
3400 3713 3529 3781 glo-

1952 3806 2049 3860 ria:
2078 3806 2455 3876 superbiaeque
2486 3806 2663 3858 locum
2694 3803 2932 3865 dederis,
2955 3804 3170 3857 secedet
3207 3818 3233 3854 a
3267 3815 3315 3854 Ic
3339 3802 3543 3855 Domi-AA

1954 3911 2083 3961 nus,
2135 3897 2337 3949 auxilia
2373 3895 2732 3960 subtrahens,
2780 3904 3021 3962 tuncque
3055 3901 3202 3947 tuam
3249 3893 3521 3959 abiectam

1954 3985 2325 4039 conditionem
2393 3998 2682 4053 agnosces,
2739 3983 2941 4037 timens
2988 3998 3053 4038 ac
3114 3991 3378 4043 tremens,
3419 3995 3521 4035 nec

1955 4077 2233 4145 propriam
2274 4076 2524 4129 umbram
2574 4075 2879 4135 sustinens,
2922 4084 2978 4127 et
3009 4074 3193 4128 carnis
3224 4072 3521 4127 affectioni-

1955 4171 2059 4227 bus
2086 4172 2308 4233 cedcns,
2339 4180 2392 4224 et
2420 4179 2610 4236 noctu,
2638 4170 2985 4238 interdiuqne
3007 4178 3252 4236 stupens.
3283 4165 3523 4221 Posuisti

1953 4263 2121 4326 enim,
2151 4263 2226 4315 ait
2250 4260 2439 4323 David,
2472 4261 2810 4314 munimenta
2861 4259 3010 4313 illius
3050 4259 3299 4312 timorem
3330 4258 3396 4323 “,
3426 4258 3523 4326 qui

1954 4353 2197 4407 nondum
2243 4352 2299 4406 in
2354 4360 2635 4421 posterum
2687 4351 2938 4405 libertate
2988 4349 3203 4405 dicendi
3239 4350 3342 4415 uti,
3373 4350 3539 4419 quod».

1956 4444 2249 4498 destitutus
2275 4452 2379 4506 est,
2415 4443 2576 4496 valet.
2860 4492 2863 4493 ,

2216 4529 2534 4585 CCLXXI“.
2559 4560 2630 4570 ——
2661 4528 2845 4583 ELIAB
2895 4526 3240 4584 ILLUSTB'I.

2024 4621 2163 4690 Quid
2199 4638 2322 4677 cum
2362 4631 2520 4674 antea
2565 4631 2646 4675 tot
2688 4624 2919 4676 aliorum
2960 4622 3245 4675 facultates
3274 4619 3519 4690 diripue-

1951 4717 2051 4779 ris,
2077 4725 2227 4770 ‘nuuc
2257 4716 2340 4768 vel
2380 4714 2593 4767 modica
2632 4716 2908 4789 spoliatus
2941 4729 2972 4767 a
3028 4713 3321 4784 potentiori
3355 4710 3535 4781 258;

1951 4810 2092 4875 viro,
2124 4810 2351 4863 moleste
2372 4806 2504 4872 lers,
2531 4816 2586 4863 et
2622 4808 3002 4870 discruciaris,
3037 4816 3093 4862 et
3119 4807 3317 4862 strides
3342 4808 3519 4861 denti-

1952 4898 2077 4963 bus,
2119 4914 2153 4949 ο
2186 4898 2324 4950 bone
2352 4898 2469 4950 vir?

2128 4985 2451 5041 CCLXXIV.
2480 5014 2548 5027 -—
2578 4982 2969 5040 SOPHROMO
3015 4980 3336 5037 TRIBUNOt

2022 5079 2447 5133 Muniiicentiam
2473 5088 2618 5131 luam
2640 5078 2902 5131 Dominus
2925 5078 3244 5144 inspiciens,
3273 5086 3329 5130 et
3348 5090 3515 5145 egem

1952 5172 2100 5225 tibus
2161 5172 2416 5225 omnibus
2469 5172 2531 5222 ad
2593 5171 2879 5223 afﬂuenter
2925 5171 3260 5237 erogandum
3321 5184 3514 5220 manus

1951 5277 2242 5332 expensas,
2273 5272 2331 5313 ttt
2361 5264 2414 5312 in
2457 5270 2507 5312 te
2550 5260 2797 5329 ingentes
2838 5261 3180 5313 ltmreditates
3203 5259 3361 5311 simul
3408 5274 3514 5310 una

1958 5367 2149 5405 omnes
2183 5363 2599 5417 concurrerent,
2653 5351 2830 5406 effecit
2863 5368 2876 5404 :
2913 5360 3135 5421 propter
3159 5353 3260 5404 hoc
3285 5350 3515 5421 gloriam

1956 5442 2067 5497 Deo
2094 5443 2346 5497 dicimus.

2476 5621 2519 5650 "
2588 5618 2717 5674 Luc.
2760 5636 2853 5684 vti,
2892 5619 2975 5673 ll.
3093 5621 3136 5653 ”
3195 5619 3310 5677 Jac.
3344 5637 3382 5685 ι,
3415 5620 3509 5676 27‘.
