3850 6218
367 257 474 325 339

545 372 840 432 CCLXXV.
879 408 947 417 —-
979 377 1182 436 ZOILO
1234 370 1750 439 CIIARTULARIU.

437 466 655 531 Bovem,
683 481 733 522 et
767 485 978 531 ursum,
1012 486 1224 525 necnon
1257 472 1490 535 leonem,
1513 484 1639 536 etc.,
1674 485 1731 530 ut
1766 473 1935 530 Isaias

365 558 464 620 ait,
504 559 764 612 strictiori
819 561 1077 615 amicitiae
1114 564 1338 616 vinculo
1385 566 1550 619 simul
1607 567 1828 636 depasci
1867 568 1935 634 η,

366 648 626 703 Ecclesiae
648 660 848 706 statqu
879 653 1148 724 designat,
1201 656 1546 724 popularium
1602 658 1934 728 principum,

366 748 422 793 et
449 742 816 805 subditorum,
854 745 947 813 qui
986 746 1206 814 pietatis
1240 747 1589 817 dogmatibus
1614 749 1684 803 ad
1731 758 1937 805 statuta

368 845 642 887 canonum
681 836 1054 905 pmniteutiam
1087 845 1256 906 agunt
1274 846 1329 892 et
1357 839 1704 893 nutriuntur.

505 990 825 1072 CCLxx’w.
857 1047 928 1057 —
970 1016 1323 1073 canasmo
1371 1019 1795 1077 IRENARCHO.

436 1106 632 1177 Legem
672 1107 941 1162 libertatis
969 1109 1155 1164 ﬁdeles
1193 1112 1530 1180 accepimus,
1561 1120 1620 1165 ut
1645 1112 1695 1165 vi
1730 1122 1936 1174 amota,

366 1207 627 1269 tanquam
660 1198 756 1253 lilii
808 1199 1044 1269 legitime
1084 1213 1138 1256 et
1168 1214 1362 1271 sponte
1389 1203 1634 1273 pluribus
1659 1205 1939 1259 laboribus

367 1307 729 1358 maceremur,
754 1308 914 1349 secus
939 1302 1099 1364 atque
1129 1296 1271 1350 servi
1315 1296 1415 1357 illi,
1453 1300 1542 1365 qui
1573 1306 1719 1352 metu
1746 1313 1811 1353 ac
1838 1299 1938 1352 lla-

366 1384 524 1453 gellis
550 1384 681 1454 legis
707 1382 961 1439 Mosaica:
1010 1387 1329 1456 praescripto
1372 1390 1746 1444 subserviunt.
1792 1388 1939 1444 Con-

374 1475 533 1531 tende
557 1477 723 1546 igitur
749 1478 880 1532 totis
915 1478 1147 1542 viribus,
1192 1487 1252 1533 ut
1292 1480 1510 1549 placeas
1538 1480 1671 1546 Deo,
1701 1489 1756 1536 et
1806 1497 1939 1552 pro-

375 1569 490 1637 prio
526 1568 728 1638 impetu
752 1579 1028 1625 certamen
1060 1571 1113 1623 in
1148 1569 1444 1641 Evangelio
1476 1572 1581 1636 ini;
1620 1573 1733 1627 haec
1770 1574 1941 1643 siqui-

376 1657 491 1713 dem
524 1658 610 1712 lex
653 1659 918 1713 libertatis
950 1668 1325 1729 nuncupatur,
1374 1670 1430 1715 ut
1473 1663 1665 1717 beatus
1715 1662 1937 1718 dicaris.

440 1750 605 1821 259
652 1750 997 1807 CCLXXVII.
1030 1784 1098 1796 --
1126 1751 1521 1810 EUSTATHIO
1576 1754 1868 1810 DECANO.

441 1842 558 1897 Non
591 1852 801 1897 tantum
836 1844 1058 1898 virtutis
1086 1860 1249 1913 opera
1289 1846 1536 1915 exsequi,
1572 1847 1782 1901 nobiles
1811 1862 1944 1901 cou-

376 1933 480 1989 fert
508 1948 760 1997 coronas,
798 1936 891 1989 sed
924 1949 1018 1989 eos
1047 1951 1265 2005 quoque
1291 1936 1534 2001 laudare,
1565 1938 1656 2005 qui
1691 1939 1942 1992 virtutem

376 2033 645 2087 exercent,
681 2023 986 2079 mercedem
1016 2041 1121 2079 non
1163 2027 1621 2081 contemnendam
1650 2029 1945 2097 consequi-

378 2124 504 2169 tur:
540 2115 788 2171 timentes
812 2116 956 2171 euim
992 2117 1284 2172 Dominum
1317 2119 1724 2190 gloriﬁcas,qui
1741 2120 1944 2175 Christi

377 2206 611 2275 diligens
632 2222 711 2261 es.

478 2296 850 2352 CCLXXVIII.
870 2326 943 2337 —
973 2297 1377 2355 HIERONYMO
1420 2298 1835 2355 DOMESTICO.

451 2403 471 2437 ι
508 2385 639 2457 Ego,
669 2388 867 2457 inquit,
904 2389 1048 2453 veni,
1084 2398 1144 2441 ut
1186 2404 1292 2443 non
1321 2390 1567 2445 videntes
1588 2390 1832 2453 videant,
1864 2391 1946 2444 vi-

377 2475 569 2533 dentes
600 2488 781 2534 autem
810 2480 937 2533 caeci
974 2478 1102 2532 ﬂant
1125 2480 1191 2535 ¹⁶.
1238 2498 1258 2531 ι
1299 2478 1512 2534 Domini
1547 2479 1818 2549 siquidem
1859 2496 1946 2536 se—

377 2569 616 2626 cundum
670 2584 889 2623 carnem
938 2568 1199 2633 adventu,
1240 2570 1332 2637 qui
1380 2584 1448 2622 ex
1479 2569 1733 2637 gentibus
1767 2580 1944 2633 erant,

380 2674 480 2713 nec
513 2666 670 2713 antea
711 2658 987 2724 videbant,
1026 2672 1203 2728 neque
1239 2658 1453 2713 divinas
1490 2656 1727 2714 Litteras
1754 2658 1946 2713 intelli-

378 2748 595 2821 gebaut,
654 2748 1001 2820 postmodum
1055 2765 1178 2803 cum
1231 2749 1615 2813 credidissent,
1667 2751 1947 2806 intellectu

380 2841 654 2903 viderunt,
678 2849 731 2896 et
760 2844 1036 2910 sapientes
1060 2841 1185 2895 facti
1208 2850 1355 2895 sunt.
1383 2840 1460 2894 Et
1486 2839 1727 2895 Hebrazis
1757 2855 1944 2910 porro,

378 2933 471 3002 qui
503 2946 691 2987 errore
739 2940 797 2987 et
847 2930 1088 2986 tenebris
1133 2931 1285 3001 digni
1340 2940 1518 2996 erant,
1566 2931 1734 2985 animi
1769 2932 1946 2987 oculis

379 3024 749 3089 obcaacantur,
782 3039 850 3077 ne
885 3023 1142 3095 mysteria
1175 3023 1228 3077 in
1260 3023 1434 3077 sacris
1469 3022 1680 3092 legibus
1713 3023 1944 3077 abscon-

380 3116 493 3170 dita
537 3116 861 3187 intelligant,
898 3116 1022 3169 licet
1072 3114 1149 3168 illi
1199 3114 1607 3184 proﬁterentur,
1637 3121 1694 3168 et
1720 3113 1948 3185 Moysis,

380 3216 435 3264 et
472 3208 861 3279 prophetarum
899 3206 1069 3262 libros
1103 3206 1349 3277 apprime
1375 3206 1597 3260 callere.

449 3387 773 3444 CCLXXIX.
799 3420 871 3428 —
900 3383 1342 3442 XENOPHONTI
1384 3385 1879 3443 SCHOLASTICO.

451 3479 988 3552 Justitia,quaeinter
1016 3495 1117 3535 nos
1145 3487 1517 3543 versatur,est
1538 3496 1688 3550 aequa
1714 3484 1951 3551 partium

384 3572 719 3629 distributio.
744 3572 810 3626 Et
828 3574 956 3628 licet
983 3575 1111 3630 illud
1134 3576 1407 3645 exquisite
1436 3591 1545 3631 non
1570 3592 1952 3647 assequamur,

384 3664 747 3721 nihilominus
781 3666 1089 3721 rectissima
1121 3676 1302 3723 mente
1353 3675 1668 3738 Operantes,
1706 3683 1737 3721 a
1783 3683 1954 3738 scopo

386 3771 497 3811 non
522 3757 865 3813 aberramus.
900 3758 1053 3813 Illius
1086 3773 1236 3823 vero,
1263 3774 1382 3829 qua:
1411 3760 1479 3814 de
1533 3759 1689 3814 caalis
1718 3758 1955 3814 infertur

388 3867 417 3901 ιι
440 3850 593 3921 justo
620 3848 836 3914 Judice,
888 3851 1006 3905 sive
1055 3865 1118 3904 ea
1169 3851 1430 3921 corrigat,
1489 3851 1609 3906 sive
1667 3849 1950 3919 rependat,

388 3942 690 4011 speculatiu
724 3941 1014 3996 admodum
1047 3941 1283 3997 diliicilis
1311 3950 1417 4007 est,
1470 3949 1693 4012 propter
1736 3941 1956 4011 dogma-

388 4042 527 4095 tum,
562 4050 681 4103 quae
712 4033 763 4087 in
792 4049 855 4088 ea
889 4040 1039 4097 sunt,
1075 4033 1489 4096 sublimitatem,
1527 4040 1586 4084 ut
1614 4029 1780 4084 David
1823 4030 1956 4083 insi-

388 4135 565 4181 nuat:
602 4126 765 4196 260
799 4143 818 4177 ι
857 4124 1077 4181 Justitia
1116 4134 1206 4181 tua
1239 4132 1299 4179 ut
1346 4131 1561 4179 montes
1591 4121 1722 4190 Dei;
1748 4120 1954 4192 judicia

390 4226 484 4273 tua
515 4218 746 4284 abyssus
769 4220 940 4270 multa
967 4218 1030 4271 ιτ.
1070 4236 1088 4268 ι

588 4307 891 4362 CCLXXX.
920 4338 990 4349 —
1016 4305 1250 4362 AENEAS
1303 4304 1759 4362 PHILOSOPIIO.

1874 268 1939 332 S.
1974 268 2141 329 NILI

1959 393 2006 448 A

3498 274 3606 339 340

2314 384 2475 437 20a.
2494 414 2563 424 —
2585 383 2779 454 ΖΩῘΛῼ
2815 367 3324 456 meror/taeta;

2105 474 2179 528 Τὸ
2230 475 2377 545 βοῦν,
2406 477 2502 528 καὶ
2547 476 2747 545 ἄρκτον
2783 476 2918 545 ἅμα,
2943 478 3038 529 καὶ
3084 476 3292 538 λέοντα,
3331 477 3425 529 καὶ
3450 475 3604 544 ἑξῆς,

2036 566 2391 635 φιλικώτερον
2444 564 2724 635 νέμεσθαι,
2777 565 2919 618 κατά
2964 565 3055 618 τὸν
3096 565 3346 628 Ἡσαΐαν,
3375 565 3472 635 τὴν
3501 566 3606 635 τῆς

2049 655 2374 725 Ἐκκλησίας
2424 655 2679 726 σημαίνει
2743 656 3111 721 κατάστασιν,
3185 656 3493 725 δημοτικῶν
3542 673 3607 710 τε

2035 748 2332 818 ἀρχόντων,
2368 747 2464 801 καὶ
2507 747 2616 801 τῶν
2663 748 3123 818 ὑποτεταγμένων
3171 750 3283 811 τοῖς
3343 748 3610 819 δόγμασιν

2035 837 2136 908 τῆς
2156 838 2458 903 εὐσεϐείας,
2485 838 2915 910 κανονιζομένων
2938 856 2999 892 τε
3028 838 3167 910 ἅμα,
3193 838 3290 891 καὶ
3315 839 3609 912 διατρεφο-

2038 929 2235 999 μένων.

2266 1019 2446 1084 Σοςν.
2470 1046 2539 1058 -
2563 1017 2913 1088 ΓΗΡΑΣιΜι)
2956 1017 3373 1088 ΕΙΡΗΝΑΡΧῼ.

2107 1107 2289 1176 Νόμον
2355 1106 2664 1177 ἐλευθερίας
2711 1106 2976 1177 ἐλάϐομεν
3026 1108 3076 1159 oi
3124 1109 3326 1171 πιστοὶ,
3358 1109 3425 1161 ἵν’
3450 1108 3617 1173 ἐκτὸς

2041 1196 2161 1267 βίας
2190 1198 2265 1260 ὡς
2289 1197 2397 1250 υἱοὶ
2432 1198 2689 1268 γνησίως,
2745 1197 2839 1251 καὶ
2872 1198 3131 1263 ἑκουσίως
3150 1194 3384 1252 πλείονα
3409 1200 3614 1254 κοπιά-

2041 1305 2224 1359 σωμεν
2264 1289 2510 1353 ἐκείνων,
2538 1288 2646 1342 τῶν
2688 1289 2825 1359 μετά
2865 1290 3053 1358 φόϐου,
3080 1292 3176 1344 καὶ¹
3208 1293 3487 1361 μαστίγων
3516 1292 3614 1358 ἐξ-

2040 1380 2497 1451 υπηρετουμένων
2552 1380 2752 1434 δούλων
2783 1381 2926 1434 κατά
2984 1383 3076 1434 τὸν
3106 1382 3271 1451 νόμον
3307 1384 3610 1447 Μωῦσέως.

2041 1472 2347 1525 Σπούδασον
2367 1472 2546 1525 τοίνυν
2583 1473 2896 1543 εὐαρεστεῖν
2929 1472 3006 1543 τῷ
3037 1472 3177 1542 Θεῷ,
3224 1473 3319 1526 καὶ
3341 1474 3617 1541 ἀγωνίζου

2043 1564 2215 1634 οἰκείᾳ
2240 1563 2518 1635 προθυμίᾳ
2538 1565 2595 1616 ἐν
2623 1563 2700 1633 τῷ
2720 1563 3033 1633 Εὑαγγελίῳ
3052 1581 3065 1594 ·
3093 1563 3253 1617 τοῦτο
3268 1565 3379 1633 γάρ
3398 1564 3620 1635 εἴρηται

2042 1656 2207 1723 νόμος
2235 1653 2566 1723 ἐλευθερίας,
2595 1655 2742 1716 ὅπως
2766 1651 2831 1705 ἂν
2861 1653 3225 1725 μακαρισθῇς.

2356 1744 2516 1797 ΣΟΖ’.
2540 1774 2609 1783 -
2639 1743 2973 1814 ΕΥΣΤΑΘΙῼ
3010 1744 3307 1814 ΔΕΚΑΝῼ.

2114 1835 2188 1888 Οὐ
2227 1834 2386 1905 μόνον
2412 1835 2473 1887 τὸ
2498 1834 2598 1905 τὴν
2626 1836 2827 1905 ἀρετὴν
2848 1835 3281 1907 κατεργάζεσθαι
3314 1833 3624 1903 στεφάνους

2042 1926 2330 1997 λαμπροὺς
2394 1925 2667 1997 προξενεῖ,
2724 1926 2860 1980 ἀλλὰ
2901 1926 2966 1997 δὴ
2998 1926 3093 1982 καὶ
3130 1926 3193 1979 τὸ
3225 1926 3465 1979 ἐπαινεῖν
3490 1927 3626 1991 τοὺς

2043 2017 2408 2084 ἐξασκοῦντας
2442 2019 2542 2087 τὴν
2592 2017 2814 2088 ἀρετὴν,
2859 2018 3047 2089 μισθὸν
3077 2018 3232 2087 φέρει
3258 2018 3357 2072 οὐκ
3380 2019 3626 2072 εὐκατα-

2044 2111 2329 2182 φρόνητον.
2362 2109 2500 2172 Τοὺς
2551 2108 2659 2180 γάρ
2700 2108 3065 2180 φοὸουμένους
3089 2109 3181 2163 τὸν
3211 2109 3418 2181 Κύριον
3464 2109 3626 2175 δοξά-

2042 2202 2178 2269 ζεις,
2208 2203 2540 2273 φιλόχριστε.

2268 2294 2437 2346 ΣοΗ’.
2458 2320 2532 2333 -
2560 2292 2917 2362 ΙΕΡΩΝΥΜῼ
2955 2290 3365 2362 ΔΟΜΕΣΤΙΚῼ.

2119 2403 2138 2436 ‹
2179 2383 2342 2451 Ἐγὼ,
2377 2383 2564 2453 φησὶν,
2592 2382 2849 2454 ἐλήλυθα,
2881 2384 2972 2436 ἵνα
3001 2384 3053 2436 oi
3084 2383 3158 2455 μὴ
3186 2384 3471 2454 βλέποντες
3500 2381 3631 2453 βλέο

2041 2473 2237 2543 ψωσιν,
2268 2475 2317 2526 οἱ
2349 2472 2404 2526 δὲ
2432 2470 2720 2541 βλέποντες
2754 2472 2947 2539 τυφλοὶ
2981 2471 3263 2537 γένωνται.
3305 2489 3325 2523 ι
3370 2470 3481 2539 Τῆς
3510 2468 3630 2541 γάρ

2040 2563 2136 2617 τοῦ
2162 2564 2432 2616 Δεσπότου
2468 2563 2610 2617 κατὰ
2664 2562 2848 2633 σάρκα
2902 2561 3194 2633 ἐπιδημίας
3220 2560 3543 2631 γενομένης,
3573 2560 3630 2614 οι

2046 2656 2145 2727 μὲν
2174 2655 2232 2721 ἐξ
2253 2653 2423 2708 ἐθνῶν
2474 2655 2547 2726 μὴ
2593 2652 2883 2725 βλέποντες
2934 2654 3148 2725 πρώην,
3193 2652 3328 2724 μηδέ
3371 2652 3630 2716 νοοῦντες

2040 2747 2141 2811 τὰς
2171 2747 2319 2811 θείας
2345 2747 2586 2817 Γραφάς,
2618 2745 2843 2816 ὕστερον
2887 2745 3275 2809 πιστεύσαντες
3320 2744 3629 2813 ἀνέϐλεψαν

2042 2837 2268 2907 νοητῶς,
2302 2838 2397 2891 καί
2430 2837 2811 2906 ἐσοφίσθησαν.
2846 2838 2908 2890 Oi
2932 2837 2988 2891 δέ
3016 2854 3081 2905 γε
3109 2838 3168 2901 ἐξ
3201 2837 3471 2907 Ἑῆραίων
3504 2836 3631 2889 ὅσοι

2043 2929 2182 2994 ἄξιοι
2206 2928 2414 2999 πλάνης
2441 2928 2536 2982 καὶ
2562 2928 2782 2991 σκοτίας
2838 2929 3105 3000 ὑπῆρχον,
3145 2929 3498 2998 πεπήρωνται
3527 2927 3632 2979 τὸν

2047 3020 2148 3090 τῆς
2176 3018 2355 3090 ψυχῆς
2380 3018 2677 3090 ὀφθαλμὸν,
2711 3018 2853 3072 ὥστε
2887 3020 2964 3090 μὴ
2983 3019 3175 3089 νοῆσαι
3212 3018 3282 3072 τὰ
3307 3019 3421 3082 τοῖς
3454 3017 3632 3080 θείοις

2052 3112 2236 3180 νόμοις
2288 3109 2711 3181 ἐγκεκρυμμένα
2761 3110 3057 3181 μυστήρια,
3119 3109 3295 3163 καίτοι
3332 3107 3633 3177 γινώσκειν

2052 3202 2514 3272 ἐπαγγελλόμενοι
2539 3204 2640 3268 τάς
2671 3219 2731 3255 τε
2769 3201 2864 3255 τοῦ
2904 3201 3203 3266 Μωῦσέως,
3236 3199 3456 3256 καὶτῶν
3493 3215 3635 3272 προ-

2052 3295 2238 3365 φητῶν
2266 3294 2502 3364 βίϐλους.
3442 3298 3449 3301 ’

2245 3386 2406 3439 ΣΟΘ¹.
2439 3416 2509 3426 --
2538 3384 2924 3438 ΞΕΝΟΦΩΝΤΙ
2958 3385 3408 3455 ΣΧΟΛΑΣΤΙΚῼ.

2124 3477 2449 3547 Δικαιοσύνη
2498 3478 2667 3540 ἐστὶν,
2699 3479 2732 3548 ὴ
2772 3477 2870 3548 μέν
2899 3495 2983 3541 τις
3014 3478 3071 3529 ἐν
3094 3479 3225 3549 ⁴ἡμῖν
3256 3478 3628 3549 στρεφομένη,

2053 3570 2086 3639 ἡ
2115 3567 2209 3621 τοῦ
2229 3568 2343 3621 ἴσου
2365 3568 2616 3637 διανομή.
2645 3567 2708 3621 Ei
2732 3568 2841 3636 γάρ
2869 3569 2964 3622 καὶ
2996 3568 3072 3641 μὴ
3092 3570 3427 3640 τυγχάνομεν
3455 3569 3630 3624 αὐτοῦ

2053 3658 2195 3712 κατά
2236 3657 2336 3728 τὴν
2387 3657 2693 3729 ἀκρίϐειαν,
2730 3658 2865 3711 ἀλλὰ
2899 3658 3032 3727 γοῦν
3075 3661 3269 3732 γνώμῃ
3304 3660 3631 3732 δικαιοτάτῃ

2053 3752 2330 3816 ποιοῦντες
2357 3753 2455 3806 οὐκ
2486 3753 2823 3821 ἐκπίπτομεν
2853 3752 2947 3806 τοῦ
2988 3752 3211 3807 σκοποῦ.
3246 3754 3311 3806 Ἦ
3333 3754 3389 3807 δέ
3418 3770 3501 3816 τις
3535 3754 3632 3806 ού-

2058 3845 2279 3916 ρανόθεν
2311 3844 2625 3914 ἐπαγομένη
2675 3844 2826 3915 παρὰ
2869 3842 2965 3897 τοῦ
3005 3843 3212 3897 δικαίου
3245 3842 3469 3916 Κριτοῦ,
3498 3845 3539 3916 ἦ
3566 3863 3627 3899 τε

2055 3936 2491 4008 ἐπανορθωτικὴ,
2522 3935 2616 3989 καὶ
2635 3930 3128 4006 ἀνταποδοτικὴ,ἦς
3145 3935 3276 3990 πολὺ
3298 3936 3359 3989 τὸ
3382 3935 3628 3990 δυσθεώο

2057 4047 2221 4101 ρητον
2248 4030 2335 4084 διὰ
2361 4030 2422 4083 τὸ
2452 4030 2583 4099 ὕψος
2627 4030 2738 4083 τῶν
2788 4029 3223 4099 ἐναποκειμένων
3254 4030 3392 4101 αὐτῇ
3414 4030 3628 4101 δογμά-

2053 4138 2181 4187 των,
2212 4120 2355 4175 καθά
2375 4136 2537 4190 φησιν
2573 4121 2602 4172 ὁ
2643 4119 2832 4173 Δαυΐδ’
2866 4136 2884 4170 ι
2935 4118 2999 4171 Ἠ
3044 4116 3356 4188 δικαιοσύνη
3406 4134 3502 4171 σου
3547 4118 3628 4183 ὡς

2054 4210 2154 4282 ὅρη
2183 4208 2341 4276 Θεοῦ,
2371 4210 2440 4262 τὰ
2467 4208 2714 4280 κρίματά
2742 4225 2835 4261 σου
2868 4207 3101 4270 ἄϐυσσος
3125 4206 3317 4277 πολλή.

2412 4300 2533 4354 ΣΠν.
2565 4332 2635 4341 -
2658 4298 2893 4371 ΑΙΝΕΙᾼ
2920 4298 3267 4368 «momen.

462 4398 723 4455 Exitiosis
750 4400 1091 4455 daemonibus
1124 4414 1330 4454 morem
1380 4412 1569 4468 gerere
1602 4398 1851 4466 cupiens,
1884 4394 1945 4448 li-

2125 4394 2251 4457 Τοῖς
2298 4392 2563 4462 ὀλεθρίοις
2627 4391 2877 4461 δαίμοσιν
2951 4390 3204 4460 ἀρέσκειν
3252 4388 3575 4459 βουλόμενος
3609 4431 3627 4458 ,

397 4490 716 4546 bentissime
755 4490 957 4545 vitulos
989 4488 1289 4551 sacrificas,
1317 4498 1373 4543 et
1411 4488 1464 4541 in
1498 4502 1590 4540 ara
1622 4483 1945 4542 exsecranda

2056 4486 2226 4554 ἡδέως
2254 4485 2350 4556 μὲν
2377 4484 2501 4547 τοὺς
2538 4484 2773 4554 μόσχους
2802 4481 3113 4547 καταθύεις,
3150 4482 3245 4535 καὶ
3275 4481 3447 4551 ἄρνας
3489 4482 3633 4536 ἀπο-

394 4596 569 4652 agnos
594 4589 800 4635 mactas
830 4598 847 4637 :
880 4592 1250 4651 verumtamen
1280 4583 1401 4637 sine
1430 4581 1536 4635 ulla
1572 4579 1782 4633 ratione
1808 4577 1945 4631 furo-

2058 4576 2313 4646 σφάττεις
2342 4576 2435 4629 ἐπὶ
2461 4575 2553 4628 τοῦ
2579 4574 2970 4644 ἐδδελυγμένου
2992 4572 3199 4645 βωμοῦ,
3222 4574 3314 4627 τὸν
3337 4573 3393 4626 δὲ
3424 4571 3632 4627 σαυτοῦ

394 4688 530 4735 rem,
562 4672 995 4743 immensamque
1018 4673 1378 4739 iracundiam,
1418 4672 1666 4741 aliosque
1689 4670 1945 4725 absurdo:

2058 4670 2250 4738 ἀλογον
2266 4666 2455 4737 θυμὸν,
2482 4667 2577 4720 καὶ
2600 4658 2698 4738 τὴν
2732 4667 2966 4738 ἄμετρον
2998 4666 3187 4737 ὀργὴν,
3217 4665 3313 4720 καὶ
3338 4665 3437 4730 τὰς
3462 4665 3635 4730 ἄλλας

395 4773 450 4819 et
484 4763 696 4835 exleges
723 4764 897 4820 animi
926 4765 1164 4836 impetus
1188 4780 1299 4820 non
1329 4765 1661 4819 internecas.

2057 4761 2291 4823 ἀτόπους
2322 4760 2415 4813 καὶ
2460 4758 2733 4830 ἀθέσμους
2767 4758 2866 4829 τῆς
2896 4757 3077 4828 ψυχῆς
3106 4756 3283 4829 ὁρμάς
3310 4756 3636 4811 ἀποκτεῖναι

2062 4852 2123 4906 ού
2146 4851 2342 4923 βούλει.

570 4956 895 5011 CCLXXXI.
925 4986 997 4997 -—
1025 4954 1339 5011 SECUNDO
1380 4951 1786 5009 CASTRENSI.

2272 4944 2439 4998 EHA'.
2465 4973 2532 4987 —-
2552 4941 2914 5012 ΣΕΚΟΥΝΔῼ
2940 4940 3402 5012 ΚᾹΣΤΡΗΝΣῙῼ.

468 5049 938 5117 Quemadmodum
960 5049 1088 5101 dum
1117 5047 1277 5101 nobis
1305 5045 1481 5100 odiosi
1519 5059 1730 5109 sumus,
1749 5051 1804 5098 et
1824 5044 1945 5097 intel

2058 5039 2065 5043 “
2130 5037 2342 5107 ’Ὥσπερ
2362 5033 2658 5105 μισούντων
2679 5032 2834 5102 ἡμῶν
2858 5031 3143 5111 ἀλλήλους,
3171 5033 3265 5085 καὶ
3282 5031 3635 5103 μαχομένων,

400 5158 503 5198 nos
529 5142 879 5207 altercamur,
907 5150 961 5194 et
993 5139 1310 5193 inimicitias
1338 5145 1501 5207 atque
1555 5136 1783 5192 insidias
1827 5136 1945 5190 alte]

2060 5128 2158 5181 καὶ
2230 5127 2324 5197 ἐχθ
2335 5125 2622 5198 ραινόντων
2675 5122 2943 5193 ἀλλήλοις,
2988 5123 3083 5177 καὶ
3130 5122 3597 5203 ἐπιϐουλευόντων
3616 5160 3635 5186 .

401 5235 561 5290 alteri
596 5234 881 5295 struimus,
913 5240 969 5287 et
994 5231 1258 5301 quietem,
1293 5237 1347 5284 et
1384 5230 1730 5284 tolerantiam
1773 5228 1945 5282 amoli

2062 5220 2157 5273 καὶ
2186 5217 2681 5289 ἀποστρεφομένων
2709 5216 2809 5285 τὴν
2857 5216 3119 5286 γαλήνην,
3162 5215 3258 5268 καὶ
3286 5214 3385 5285 τὴν
3416 5232 3639 5285 μακρο-

403 5338 545 5388 mur,
575 5323 776 5393 gaudio
813 5321 1056 5381 subsilit,
1094 5321 1416 5388 laetaturque
1461 5320 1651 5383 Satan,
1676 5318 1942 5387 ﬂoretque

2062 5311 2283 5383 θυμίαν,
2310 5311 2510 5382 χαίρει,
2544 5310 2639 5363 κα¹ι
2686 5308 2979 5377 ἀγάλλεται
3022 5309 3051 5360 ὁ
3088 5308 3352 5370 Σατανᾶς,
3398 5306 3633 5378 τέθηλεν

2058 5421 2141 5469 τε,
2167 5404 2263 5457 καὶ
2295 5404 2575 5473 τέρπεται,
2601 5402 2695 5455 καὶ
2722 5398 3174 5470 προπλατύνεται,
3205 5398 3639 5469 ἐπαναπαυόμεο

2065 5514 2155 5561 νος
2177 5498 2296 5561 ταῖς
2318 5494 2611 5567 ἡμετέραις
2633 5492 2958 5564 φαυλότησιν
2981 5507 2995 5522 ·
3019 5486 3189 5554 οὕτως
3218 5488 3637 5561 είρηνευόντων.

402 5418 457 5461 et
489 5409 634 5463 bono
658 5410 839 5463 animo
868 5417 972 5471 est,
999 5407 1403 5476 elfunditurque
1443 5422 1606 5475 super
1631 5406 1837 5461 nostris
1863 5407 1967 5460 im-

400 5499 767 5566 probitatibus
813 5501 1137 5568 quiescens;
1173 5501 1253 5554 sic
1294 5499 1421 5552 dum
1467 5497 1688 5567 paciﬁce
1716 5506 1770 5550 ct
1800 5508 1958 5550 tran-

475 5669 520 5705 "
544 5672 646 5727 lsa.
676 5689 750 5738 xu,
786 5674 838 5727 7.
916 5671 1132 5729 “Joan.
1161 5691 1234 5741 Ix,
1268 5676 1353 5730 39.
1434 5674 1471 5706 ¹⁷
1500 5671 1645 5727 Psal.
1681 5689 1843 5739 xxxv,
1875 5672 1917 5725 7.
