3850 6218
185 299 281 361 341

1419 306 1956 367 EPISTOLAIIUM
1994 308 2137 365 LIB.
2182 308 2260 365 II.

3335 307 3448 370 342

185 414 277 465 καὶ
309 412 686 482 ὁμονοούντων
718 413 897 481 ἡμῶν,
932 417 1021 466 καὶ
1045 414 1390 484 κρατιύντων
1424 417 1523 483 τῆς
1550 416 1759 482 λύττης1

1877 417 2044 488 quille
2100 418 2251 470 nullo
2306 417 2447 471 inter
2497 432 2597 472 nos
2639 415 2866 472 dissidio
2906 416 3070 471 vitam
3118 416 3351 487 aglmus,
3385 428 3440 475 et

185 505 599 565 συστέλλεσθαι,
651 505 748 558 καὶ
797 506 1185 562 ταπεινοῦσθαι
1233 507 1423 560 εἴωθεν
1453 510 1482 560 ὁ
1512 507 1764 577 πονηρὸς,

184 601 277 654 καὶ
296 600 497 670 ὲχθρδς
545 599 648 666 τῆς
692 601 916 669 εἰρήνης
943 601 1038 653 καὶ
1066 601 1163 669 τῆς
1208 601 1426 669 ἀγάπης
1458 600 1763 669 τυγχάνων,

180 691 445 759 πολέμιός
477 708 538 742 τε
568 692 667 761 τῆς
704 691 1007 761 ἀνθρώπων
1048 691 1321 760 ὁμονοίας,
1358 692 1453 744 καὶ
1497 690 1767 761 δυσμενὴς

182 780 475 842 ἄσπονδος.

496 870 663 923 ΣΠΒ’.
688 901 754 911 -
792 869 1147 938 ΜΑΡΤΥΡΙῼ
1175 869 1455 925 ΒΙΝΔΙΚΙ.

249 961 371 1013 Πᾶν
423 954 567 1022 εἶδος
619 960 979 1030 ἀκαθαρσίας,
1024 954 1135 1011 οἷον
1184 961 1431 1027 πορνεία,
1510 958 1762 1029 μοιχεία,

180 1053 469 1120 ἀσέλγεια,
499 1053 594 1105 καὶ
653 1052 1051 1121 ἀρσενοκοιτία,
1099 1052 1193 1103 καὶ
1232 1052 1301 1104 τὰ
1333 1052 1497 1119 ὅμοια
1531 1051 1765 1116 τούτοις,

180 1144 392 1214 χειμὼν
416 1144 911 1215 προσονομαζονται
927 1143 1076 1212 παρὰ
1101 1143 1177 1213 τῷ
1207 1142 1530 1209 Σολομῶντι.
1550 1142 1766 1213 Ἐπειδὴ

178 1232 270 1287 οὖν
293 1235 505 1295 πάντες
535 1237 583 1286 oi
617 1238 679 1286 ὲκ
737 1234 1102 1304 μεταμελείας
1148 1233 1227 1303 τῷ
1265 1232 1410 1302 ὀρθῷ
1433 1233 1765 1303 χρησάμενοι

178 1326 432 1397 λογισμῷ
490 1326 922 1379 ἀπαλλάττονται
951 1324 1057 1377 τῶν
1100 1323 1355 1399 τοιούτων
1382 1324 1763 1393 ἀμπλακημά-

180 1436 307 1479 των,
340 1419 442 1470 tta).
497 1418 634 1487 μετὰ
661 1416 818 1469 τοῦτο
848 1416 1125 1486 ὲρασμίως
1162 1416 1489 1485 προσέχουσι
1511 1417 1623 1477 τοῖς
1654 1432 1759 1466 σω-

181 1512 460 1578 φρο-ιικοίς
509 1509 704 1575 λόγοις,
735 1507 823 1560 διὰ
865 1506 1020 1559 τοῦτο
1056 1505 1387 1575 γέγραπται,
1420 1507 1609 1575 ὅτιπερ
1646 1525 1663 1555 ι
1706 1504 1764 1555 Ὀ

182 1599 395 1670 χειμὼν
427 1598 696 1670 παρῆλθε,
755 1597 907 1667 φωνὴ
940 1596 1200 1668 τρυγόνος
1237 1594 1479 1664 ἠκούσθη
1510 1596 1566 1647 ὲν
1595 1597 1662 1664 τῇ
1693 1595 1761 1663 γῇ

180 1693 342 1761 ἡμῶν
365 1710 379 1723 ·
412 1710 430 1743 ι
468 1693 568 1762 τὴν
613 1692 721 1763 γὰρ
770 1691 835 1759 δὴ
885 1687 1237 1760 σωφροσύνην
1265 1689 1300 1757 ἠ
1345 1686 1561 1756 τρυγὼν
1591 1705 1763 1741 κατα-

181 1786 465 1855 σηειαίνει.
1640 1792 1641 1795 “

499 1878 661 1929 XIII”.
698 1876 1109 1947 -ᾹΜΜΩΝΙῼ
1153 1875 1450 1931 KOMHTI.

151 2004 159 2011 .
251 1966 330 2016 Τὸ
351 1966 633 2035 ὀδυνηρὸν,
661 1965 721 2018 τὸ
746 1965 865 2018 κατ’
903 1965 1192 2034 ἐπιϐουλὴν
1224 1964 1317 2019 τοῦ
1338 1963 1580 2018 διαϐόλου
1605 1962 1764 2016 ἐπελ-

181 2054 276 2106 θὸν
310 2054 392 2123 τῷ
421 2055 633 2124 σώματί
665 2072 758 2107 σου
809 2056 950 2125 μετὰ
999 2056 1252 2110 κινδύνου
1289 2057 1520 2127 ἐσχάτου
1543 2096 1559 2119 ,
1590 2056 1652 2109 ού
1688 2055 1765 2109 δι-

183 2143 385 2196 έλαθεν
440 2146 609 2215 ἡμᾶς.
640 2144 788 2214 Πλὴν
814 2146 895 2199 ὅτι
930 2147 1287 2216 οἰκονομικῶς
1331 2147 1644 2217 συμϐέϐηκέ
1681 2164 1766 2199 σοι

181 2234 369 2298 τοῦτο,
402 2237 493 2288 ἵνα
519 2237 661 2307 γνῷς
705 2239 1018 2306 σαφέστατα
1042 2240 1139 2292 καὶ
1175 2239 1370 2310 ἐχθροῦ
1406 2239 1506 2310 τὴν
1544 2238 1760 2309 μανίαν,

182 2326 282 2376 καὶ
314 2325 409 2377 τοῦ
434 2328 475 2378 Χ
486 2344 671 2397 ριστου
712 2329 811 2397 τὴν
838 2329 1181 2399 κηδεμονίαν,
1212 2328 1406 2383 θᾶττον
1447 2328 1764 2400 περιοδυνή-

184 2414 383 2476 σαντός
410 2431 495 2479 σε,
532 2416 607 2477 ὡς
632 2416 989 2469 εὐνούστατον
1018 2417 1204 2470 δοῦλον

406 2508 572 2563 ΣΙΙΔἎ
610 2537 680 2549 -
702 2509 1055 2577 ΝΙΚΑΡΕΤῼ
1091 2507 1550 2578 ΣΙΛΕΝΤῘΑῙἾῼ.

263 2600 327 2653 ὐ
374 2599 676 2653 ἀναϐαίνων
732 2600 813 2662 είς
872 2599 1098 2668 θέατρα,
1128 2601 1223 2651 καὶ
1251 2599 1317 2651 δι’
1356 2598 1528 2663 ὤτων,
1570 2598 1663 2652 καὶ
1695 2598 1762 2650 δι’

178 2691 487 2761 ὀφθαλμῶν
512 2690 617 2743 ὑπὸ
642 2691 743 2761 τῆς
789 2693 1023 2762 αἰσχρᾶς
1070 2692 1632 2759 καταγοητευόμενος,
1668 2690 1764 2741 καὶ

179 2784 648 2854 πολιορκούμενος
700 2784 1035 2853 ἐπιθυμίας,
1100 2784 1508 2855 ἀπηρτισμένος
1578 2782 1763 2851 μοιχὸς

179 2878 424 2948 ὑπάρχει
456 2877 557 2929 κᾶν
583 2876 763 2947 θέλῃς,
793 2875 894 2929 κᾶν
929 2876 1004 2946 μὴ
1041 2875 1220 2947 θέλῃς.
1280 2872 1387 2927 Τοῦ
1426 2874 1483 2927 δὲ
1507 2873 1603 2940 τῆς
1645 2888 1764 2942 μοι·

178 2970 307 3040 χίας
333 2968 679 3039 ἐγκλήματος
708 2969 807 3021 οὐκ
836 2968 1273 3038 ἀπηλλαγμένος,
1310 2965 1426 3028 πῶς
1468 2964 1644 3031 λέγεις
1672 2982 1762 3032 μοι

180 3059 359 3129 μηδὲν
382 3058 869 3129 παραϐλάπτεσθαι
904 3057 1003 3127 τὴν
1037 3056 1231 3111 σαυτοῦ
1270 3055 1447 3126 ψυχὴν
1481 3052 1760 3125 αίχμαλω-

1871 507 2077 561 rabiem
2122 507 2423 573 l‘renamus,
2464 509 2713 564 contrahi
2766 508 3039 577 dejicique
3073 509 3211 564 solet
3236 509 3441 579 impro-

1866 598 1991 665 bus,
2035 613 2159 653 cum
2202 601 2273 654 sit
2308 602 2458 670 pacis
2485 612 2538 655 et
2567 600 2880 656 dilectionis
2924 599 3202 666 inimicus,
3249 612 3306 658 et
3340 604 3443 656 hn-

1868 706 2047 744 mana:
2108 692 2417 745 concordiae
2496 692 2893 755 adversarius,
2960 697 3015 745 ct
3079 690 3441 762 implacabilis

1867 778 2065 834 hostis.

2069 870 2419 926 CCLXXXII.
2459 901 2524 911 —
2561 868 2928 925 MARTVRIO
2960 868 3234 925 VINDICI.

1936 959 2302 1014 lmmunditiei
2339 974 2533 1014 omnes
2593 960 2831 1028 species,
2889 958 3183 1015 fornicatio
3221 976 3437 1031 nempe,

1866 1052 2219 1115 adulterium,
2263 1052 2688 1118 incontinentia,
2727 1068 2850 1106 cum
2894 1053 3156 1107 masculis
3186 1054 3443 1108 concubi-

1866 1153 1977 1209 tus,
2022 1153 2076 1199 et
2118 1145 2204 1198 his
2233 1144 2457 1207 similia,
2511 1143 2687 1197 hiems
2719 1158 2749 1197 a
2782 1142 3074 1197 Salomone
3118 1159 3440 1211 nuncupari-

1866 1246 1957 1291 tur
1990 1238 2053 1291 ³⁸.
2087 1236 2225 1290 Cum
2258 1237 2444 1303 itaque
2493 1250 2707 1299 omnes,
2754 1235 2847 1303 qni
2908 1236 3228 1303 pmnitentia
3262 1235 3435 1297 ducti,

1864 1338 2072 1383 rectam
2106 1328 2430 1380 adhibentes
2482 1326 2870 1395 cogitationem
2906 1326 3063 1396 261
3098 1326 3167 1379 ab
3199 1326 3285 1381 his
3316 1343 3437 1381 scc-

1867 1421 2081 1475 lcribus
2110 1419 2397 1484 recedunt,
2436 1418 2782 1487 postmodum
2832 1420 3072 1484 amabili,
3106 1420 3438 1473 continenti-

1865 1527 1971 1582 qne
2024 1512 2149 1564 vitm
2188 1510 2439 1565 instituto
2488 1511 2731 1563 animum
2761 1508 3083 1575 advertunt;
3144 1518 3434 1579 propterea

1866 1605 2133 1672 scriptum
2173 1609 2277 1665 est,
2315 1621 2333 1652 ι
2376 1601 2609 1653 hiemem
2640 1599 2949 1663 transiisse,
2978 1614 3167 1652 vocem
3204 1602 3437 1656 turturis

1866 1692 2113 1746 auditam
2168 1692 2223 1745 in
2273 1699 2419 1745 terra
2460 1700 2647 1745 nostra
2671 1690 2715 1722 “
2745 1706 2760 1748 :
2793 1706 2812 1739 ι
2846 1689 3238 1744 continentiam
3287 1691 3434 1745 enim

1793 1780 1838 1835 Β
1871 1788 2054 1833 turtur
2078 1778 2369 1847 signiﬁcat.

2079 1866 2458 1922 CCLXXXIII.
2491 1898 2561 1907 —
2600 1864 2916 1920 ΔΜΜΟΝΙΟ
2963 1864 3221 1924 COMITI.

1934 1960 2067 2026 Quae
2089 1960 2307 2026 corpori
2337 1968 2431 2013 tuo
2455 1974 2550 2029 per
2564 1959 2767 2013 diaboli
2796 1958 3025 2013 insidias
3047 1974 3171 2011 cmn
3188 1967 3433 2014 extremo

1866 2052 2113 2122 periculo
2158 2051 2465 2105 cruciantia
2522 2049 2826 2115 advenere,
2880 2065 2986 2102 non
3050 2048 3264 2117 fugiunt
3308 2066 3430 2104 nos.

1864 2143 2117 2195 Attamen
2164 2156 2227 2194 ea
2281 2140 2380 2195 tibi
2423 2156 2530 2194 non
2565 2140 2688 2195 sine
2730 2139 2826 2192 Dei
2866 2138 3224 2209 dispositione
3253 2138 3433 2193 conti-

1864 2248 2010 2303 gere,
2053 2240 2112 2285 ut
2136 2231 2441 2286 clarissime
2461 2246 2765 2300 cognoscas
2792 2238 2846 2285 et
2872 2230 3170 2285 adversarii
3202 2230 3432 2294 rabiem,

1864 2337 1918 2378 et
1970 2326 2176 2381 Christi
2233 2324 2662 2379 sollicitudinem
2692 2363 2708 2387 ,
2746 2326 2839 2391 qui
2902 2331 2955 2378 te
2988 2323 3434 2377 veluti-servum

1865 2416 2284 2471 dilectissimum
2325 2414 2656 2484 quantocius
2688 2413 2923 2466 curavit.

1964 2508 2339 2563 CCLXXXIV.
2372 2538 2440 2548 —
2465 2505 2816 2561 NICARETO
2864 2504 3323 2559 SILENTIARIO.

1937 2600 2041 2666 Qui
2071 2602 2124 2653 in
2158 2601 2367 2653 theatra
2407 2598 2675 2661 aScendit,
2707 2606 2762 2651 et
2798 2596 3027 2650 auribus
3064 2604 3120 2650 et
3147 2596 3323 2650 oculis
3364 2597 3434 2650 ab

1864 2692 2102 2746 obsceno
2124 2690 2403 2755 delinitur,
2420 2699 2473 2744 ct
2486 2688 2919 2743 circumsedetnr
2934 2688 3225 2752 desiderio,
3241 2702 3436 2757 appen-

1864 2801 1960 2838 sus
1983 2784 2231 2838 nto‘chus
2250 2790 2353 2843 est,
2383 2783 2497 2836 sive
2526 2782 2681 2844 velis,
2710 2781 2826 2835 sive
2858 2780 3019 2834 nolis.
3044 2778 3434 2834 Verumtamen

1865 2886 1921 2930 tu
1950 2891 1979 2928 a
2013 2874 2392 2927 fornicationis
2430 2874 2635 2927 scelere
2672 2872 2812 2925 haud
2866 2872 3147 2935 immunis,
3199 2885 3432 2940 quanam

1866 2964 1997 3017 mihi
2032 2964 2243 3017 ratione
2273 2964 2537 3025 inculcas,
2562 2963 2803 3015 animum
2832 2967 3011 3022 tuum,
3047 2962 3139 3031 qui
3165 2961 3277 3029 jatn
3314 2975 3432 3014 ser-

1865 3069 1967 3109 vus
2006 3054 2161 3119 vivit,
2201 3061 2253 3106 rt
2285 3071 2313 3107 a
2344 3054 2581 3116 diabolo,
2616 3055 2762 3107 nulla
2808 3054 2854 3106 vi
2897 3061 3143 3116 coactus,
3174 3054 3227 3107 in
3262 3052 3436 3122 capti-

177 3124 279 3221 σία
306 3124 581 3213 cum...
617 3151 713 3204 χαι
739 3151 843 3203 ὑπὸ
870 3124 970 3203 τοι
996 3150 1241 3203 διαϐόλου
1274 3124 1547 3212 eam...
1567 3147 1759 3218 ἀνδρα-

1877 3146 2089 3203 vitalem
2131 3146 2445 3213 adducitur,
2477 3146 2684 3201 nullum
2721 3146 3110 3202 detrimentum
3144 3144 3393 3216 accipere
3412 3144 3445 3197 ἲν

176 3243 571 3313 ποδιζομένην.

456 3326 624 3389 επεν.
655 3364 725 3377 -
746 3332 1101 3403 srmone
1132 3333 1496 3411 Εῐιιειιοιιῼ.

256 3428 378 3482 Κᾶν
406 3430 473 3480 τὸ
502 3426 697 3480 σαυτοῦ
723 3426 997 3495 αίδέσθητι
1026 3427 1196 3495 ὄνομα
1224 3440 1239 3454 ⁸
1270 3426 1345 3487 ὡς
1374 3427 1516 3480 ἔοικε
1550 3427 1679 3499 γὰρ,
1703 3428 1764 3479 τδ

171 3522 285 3589 τῆς
319 3519 621 3588 ἱερωσύνης
647 3520 863 3586 ἀξίωμα
903 3519 983 3580 είς
1029 3516 1316 3585 τυραννίδα
1365 3519 1763 3589 περιέστη,τύ-

175 3613 413 3675 moveo;
444 3628 537 3663 σου
572 3609 834 3680 μανικῶς,
891 3610 984 3661 καὶ
1032 3608 1418 3678 λεηλατοῦντος
1466 3611 1590 3673 τοὺς
1622 3610 1764 3663 ὲλευ-

176 3704 404 3774 θέρους,
445 3702 609 3772 μηδὲν
648 3702 998 3771 ἠδικηκότας.
1037 3702 1143 3753 Καὶ
1186 3701 1291 3753 ποῦ
1326 3702 1509 3770 θήσεις
1536 3705 1627 3757 τὸν
1663 3707 1760 3773 μὲ-

174 3814 287 3863 γαν
315 3795 531 3849 Παῦλον
559 3794 971 3865 νομοθετοῦντα,
1000 3792 1107 3845 δεῖν
1159 3794 1249 3846 τὸν
1300 3794 1594 3847 ἐπίσκοπον
1614 3834 1627 3855 ,
1689 3796 1764 3865 μὴ

176 3886 405 3956 ὀργίλον
464 3884 750 3955 ὑπάρχειν,
806 3884 881 3953 μὴ
932 3882 1200 3952 πλήκτην,
1249 3885 1322 3952 μὴ
1354 3883 1759 3953 αἰσχροκερδῆς

178 3974 428 4045 Αἰσχροῦ
457 3975 567 4045 γὰρ
628 3974 851 4044 κέρδους
888 3974 1075 4026 ἕνεκεν
1123 3973 1387 4043 ὑϐρίζεις,
1426 3974 1521 4026 καὶ
1549 3973 1765 4037 διώκεις

179 4067 461 4128 ἅπαντας.

473 4240 649 4306 Σηςν.
689 4267 756 4278 -
790 4238 1093 4309 ΘΕΟΔΩΡῼ
1118 4238 1479 4307 ΤΡΙΒΟΤΝῼ.

255 4326 425 4383 vim
480 4346 539 4381 σε
584 4332 678 4382 καὶ
708 4330 836 4380 ναὸν
854 4329 948 4380 τοῦ
995 4330 1152 4394 ἁγίου
1212 4327 1523 4395 Πνεύματος
1548 4326 1637 4380 διὰ
1665 4327 1764 4398 τὴν

2024 3328 2372 3384 CCLXXXV.
2404 3359 2473 3368 -——
2502 3327 2878 3382 THEODULO
2922 3325 3277 3382 EPISCOPO.

1936 3421 2033 3476 Vel
2078 3438 2274 3474 nomcn
2311 3432 2462 3474 tuum
2513 3421 2705 3475 saltem
2752 3435 3025 3473 reverere.
3075 3417 3193 3471 Jam
3233 3418 3446 3471 etenim.

1864 3514 1941 3568 nti
1985 3513 2329 3567 manifestum
2357 3520 2461 3573 est,
2489 3512 2775 3565 sacerdotii
2820 3511 3056 3579 dignitas
3096 3510 3150 3562 in
3184 3513 3428 3580 tyranni-

1863 3607 1986 3660 dem
2014 3606 2180 3666 abiit;
2211 3620 2334 3656 cum
2366 3611 2421 3655 ttt
2451 3603 2693 3656 furenter
2717 3601 2880 3654 nimis
2912 3600 3162 3654 verberes
3182 3638 3197 3661 .
3240 3614 3302 3651 ac
3334 3599 3432 3651 de-

1865 3696 2123 3766 praederis
2176 3695 2336 3764 262
2392 3693 2638 3747 homines
2688 3692 2964 3750 liberales,
3014 3688 3154 3742 nulli
3203 3688 3443 3741 facinori.

1864 3787 2155 3841 obnoxios.
2186 3784 2248 3837 Et
2273 3800 2508 3854 quonam
2553 3786 2676 3837 loco
2725 3783 2975 3853 posueris
3011 3796 3264 3851 magnum
3294 3778 3435 3832 Pau-

1864 3881 1995 3943 lum,
2035 3879 2109 3931 nti
2144 3880 2314 3947 legem
2344 3876 2807 3945 prwscribentem,
2838 3874 3159 3943 episcopum
3197 3888 3303 3926 non
3344 3873 3437 3925 de-

1864 3970 1995 4023 bere
2017 3984 2138 4023 essc
2163 3968 2510 4027 iracundum,
2540 3981 2940 4035 percussorem,
2959 3965 3179 4019 sordido
3206 3963 3437 4033 quaestui

1866 4058 2163 4112 inhiantem
2192 4057 2297 4109 "'?
2339 4056 2539 4127 Turpis
2569 4057 2837 4125 siquidem
2868 4056 3002 4109 lucri
3038 4070 3203 4109 causa
3236 4055 3437 4124 injuria

1864 4146 2034 4200 allicis
2065 4161 2127 4197 ac
2154 4147 2499 4213 persequeris
2527 4161 2737 4198 omnes.

2018 4235 2393 4291 CCLXXXVI.
2431 4268 2500 4276 ——
2526 4235 2901 4291 THEODORO
2957 4232 3283 4289 TRIBUNO.

1934 4329 2166 4383 Domum
2199 4340 2250 4384 te
2280 4339 2333 4383 et
2364 4331 2621 4399 templum
2652 4330 2893 4400 Spiritus
2922 4328 3096 4381 sancti
3129 4334 3348 4397 propter
3379 4326 3438 4379 li-

182 4426 374 4477 πίστιν
403 4422 671 4491 κέκληκεν
707 4424 734 4475 ὁ
764 4421 906 4483 θεῖος
968 4419 1308 4481 Ἀπόστολος.
1344 4419 1466 4480 Πῶς
1504 4420 1566 4470 ού
1600 4418 1759 4472 δέδοι-

1877 4420 1989 4475 dem
2021 4422 2369 4490 compellavit
2394 4422 2613 4476 divinus
2640 4422 2934 4490 Apostolus
2954 4422 3021 4474 ὀ.
3054 4420 3134 4473 Tu
3155 4434 3283 4473 vero
3306 4433 3441 4488 qua-

185 4534 293 4579 κας
325 4517 407 4577 είς
432 4514 525 4565 τὸν
564 4514 690 4565 ναὸν
730 4512 823 4564 τοῦ
870 4510 1007 4563 Θεοῦ
1048 4511 1253 4581 κόπρον
1279 4510 1552 4581 εἰσφέρειν
1575 4528 1763 4580 πορνι-

183 4608 300 4659 κῶν
330 4623 390 4659 τε
432 4606 711 4675 ᾀσμάτων,
748 4604 844 4657 καὶ
896 4602 1122 4671 γελοίων
1180 4602 1461 4672 ῥυπαρῶν,
1496 4603 1592 4656 καὶ
1636 4619 1767 4672 συρ-

182 4699 384 4768 φετίας
412 4697 637 4766 πολλῆς,
662 4697 755 4750 καὶ
779 4695 953 4762 λόγων
978 4694 1375 4765 ψυχοϐλαϐῶν;

467 4872 631 4923 ΣΠΖ’.
656 4898 721 4910 —-
750 4870 1053 4938 ΤΡΑΙΑΝῼ
1094 4867 1477 4920 ΑΔΙΟΥΤΟΡΙ.

255 4966 358 5015 Ἂν
419 4962 741 5032 προφθάσας
791 4961 853 5013 τὸ
921 4961 1178 5030 φρόνημα
1221 4960 1320 5029 τῆς
1362 4961 1609 5029 οἰήσεως,
1662 4961 1761 5031 ῥή-

183 5055 300 5119 ξεις
340 5053 596 5121 καθάπερ
654 5049 995 5119 πομφόλυγα.
1052 5052 1165 5120 Τῆν
1216 5051 1438 5103 σεαυτὸν
1478 5052 1573 5103 καὶ
1626 5070 1761 5105 σπο-

1868 4527 1994 4565 nam
2022 4512 2236 4566 ratione
2267 4513 2437 4567 audes
2468 4514 2520 4566 in
2547 4514 2806 4582 templum
2831 4511 2924 4567 Dei
2955 4522 3200 4567 stercora
3231 4511 3442 4564 cantio-

1862 4619 1993 4658 num
2019 4604 2476 4666 meretriciarum,
2501 4612 2554 4658 et
2577 4604 3061 4673 spurcissimornm
3081 4602 3443 4664 ludicrarum,

1862 4694 2270 4764 multarumque
2298 4695 2564 4759 sordium,
2596 4704 2651 4749 et
2676 4709 2991 4751 sermonum
3021 4694 3206 4748 animo
3248 4693 3440 4746 noxio-

1860 4802 1982 4841 rum
2018 4786 2266 4840 inferre?

2026 4876 2421 4931 CCLXXXVI].
2452 4909 2524 4917 —
2555 4876 2866 4933 TRAIANO
2907 4874 3260 4932 ADJUTORI.

1934 4966 1993 5023 Si
2050 4968 2290 5023 inﬂatam
2340 4971 2727 5040 cogitationem
2767 4986 2995 5039 praaeas,
3039 4970 3240 5023 bullam
3270 4968 3441 5023 veluti

1862 5060 2193 5130 disrumpes.
2222 5059 2448 5114 Terram
2470 5062 2670 5115 etenim
2703 5062 3068 5129 temetipsum,
3090 5067 3144 5113 et
3170 5058 3432 5118 cinerem,

184 5150 299 5205 δὸν,
349 5146 448 5197 καὶ
490 5143 715 5204 καπνὸν,
774 5143 867 5194 καὶ
911 5143 1121 5211 χόρτον,
1179 5144 1273 5195 καὶ
1325 5144 1580 5211 σκώληκα
1619 5144 1759 5211 λογι-

1877 5160 1916 5206 et
1945 5151 2176 5215 fumum,
2208 5158 2262 5204 et
2299 5151 2546 5211 herbam.
2591 5160 2646 5206 ct
2681 5166 2919 5205 vermem
2952 5158 3211 5220 reputans
3235 5150 3281 5180 ‘°
3307 5153 3345 5212 ',
3374 5159 3435 5201 ut

185 5239 439 5307 ζόμενος,
464 5237 541 5298 ὡς
569 5235 806 5288 ὃιδάσκει
840 5236 871 5303 ἡ
897 5234 1106 5303 Γραφὴ,
1143 5233 1267 5285 οὔτε
1295 5234 1432 5304 πρὸς
1460 5234 1585 5296 τοὺς
1609 5234 1759 5287 ἐπαί-

1877 5244 2025 5297 locet
2055 5240 2361 5311 Scriptura,
2392 5258 2568 5311 neque
2591 5244 2657 5296 ad
2681 5242 3243 5305 laudesintuutesces,
3265 5255 3444 5309 neque

183 5347 313 5390 We,-
342 5328 692 5398 χαυνωθήσῃ,
729 5325 850 5379 οὔτε
880 5328 1015 5397 πρὸς
1060 5327 1157 5388 τὰς
1185 5325 1369 5395 ὕϐρεις
1400 5326 1761 5398 ἀγριανοήση·

260 5420 439 5474 ΣΙΙΙΓ.
466 5448 537 5460 —
572 5418 973 5505 ΕΛΕΥΘΕξΙῼσ
993 5418 1261 5471 KOMHTI
1302 5418 1690 5471 ΑΝΑΤΟΛΗΣ.

257 5513 337 5563 Ου’·
388 5510 585 5580 μικρὸν
621 5509 683 5561 τὸ
716 5508 867 5578 παρὰ
925 5507 1120 5577 μικρόν
1140 5524 1153 5540 ο
1207 5508 1357 5577 παρὰ
1388 5508 1581 5580 μικρὸν
1612 5510 1721 5581 γὰρ
1741 5551 1756 5576 ,

265 5651 307 5679 ¹²
338 5649 498 5701 Cant.
532 5664 593 5704 tt.
625 5647 707 5701 ll.
785 5646 826 5677 "
851 5645 988 5700 Ibid.
1032 5646 1112 5700 l2.
1192 5646 1252 5679 "'
1279 5644 1387 5699 Tit.
1424 5663 1459 5710 I,
1482 5647 1536 5703 7.
1612 5650 1657 5680 '°
1686 5649 1759 5703 lC

1894 5665 1963 5715 v1,
1998 5649 2081 5702 I9.

190 5722 258 5785 6;
288 5718 393 5774 Job
427 5736 552 5784 xxv,
592 5723 645 5772 ti.

1866 5335 1933 5386 ad
1968 5334 2198 5397 injurias
2229 5332 2563 5389 cll‘et'alteris.

1864 5420 1995 5475 CCL
2009 5416 2813 5473 XXXVIll.—EI.EUTIIERIO
2835 5415 3068 5472 COMITI
3100 5414 3446 5473 ORIENTIS.

1935 5511 2052 5566 Non
2086 5512 2206 5567 leve
2260 5511 2733 5581 reputaudumcst
2783 5511 3111 5583 paululum:
3162 5509 3446 5581 paululum

2177 5649 2243 5680 ὀ·
2281 5647 2448 5703 Eccli.
2486 5667 2538 5714 tt,
2560 5652 2630 5717 9;
2661 5648 2804 5707 Psal.
2839 5664 2914 5718 CI,
2949 5650 3002 5718 ις
3042 5647 3187 5707 Psal.
3216 5642 3459 5721 tum"
