3850 6218
398 238 503 300 3ί3

1867 246 1927 303 S.
1969 244 2137 304 NILI

3536 240 3643 305 3“

395 354 540 409 enim
567 351 763 415 abfuit,
792 360 844 405 et
877 354 1053 409 noctis
1077 355 1236 410 unius
1263 356 1632 422 intervallum,
1661 358 1788 427 quin
1807 356 1972 411 Judas

2082 360 2175 437 καὶ
2210 358 2360 428 παρά
2394 358 2522 427 μίαν
2543 358 2712 412 νύκτα
2770 360 2799 412 6
2855 358 3055 419 Ἰούδας
3083 360 3163 422 είς
3215 357 3315 425 τὴν
3366 357 3641 427 βασιλείαν

396 446 451 498 in
483 459 709 514 regnum
759 443 851 498 Dei
892 444 1272 515 ingrederetur
1304 465 1316 501 :
1349 456 1403 502 et
1450 465 1673 518 parvum
1708 451 1971 519 temporis

395 536 633 604 spatium
665 534 929 606 impediit,
961 550 1028 591 ne
1064 537 1225 591 homo
1254 539 1363 602 ille,
1388 540 1479 608 qui
1510 540 1651 607 apud
1682 540 1969 595 Sebastem

395 627 691 693 defecerat,
716 644 839 682 cum
874 629 998 683 aliis
1039 631 1369 700 martyribus
1409 640 1789 687 coronaretur.
1825 633 1972 699 Qua-

398 730 618 788 propter
660 719 842 788 pravis
883 718 1424 789 interpretationibus
1467 722 1625 793 263
1683 724 1970 793 neglectis,

398 810 462 863 ad
494 810 791 879 quamlibet
828 809 1049 875 bonam,
1077 811 1433 881 stabilemque
1463 816 1733 869 actionem
1774 817 1971 872 animis

397 902 811 955 contendamus.

484 992 944 1047 CCLXXXIX.-—
989 993 1346 1051 METHODIO
1398 996 1882 1055 CUBICULARIO.

466 1084 630 1139 Nullo
659 1086 821 1139 modo
867 1086 1123 1141 Christus
1167 1090 1407 1141 omnium
1451 1089 1710 1143 Dominus
1742 1100 1970 1144 mortem

398 1178 610 1243 metuit,
636 1193 798 1245 qnam
828 1194 927 1247 pro
970 1178 1251 1232 hominum
1285 1181 1461 1235 salute
1492 1181 1775 1236 subiturus
1803 1182 1971 1236 adve-

400 1277 573 1324 nerat.
634 1270 768 1323 Cum
828 1271 1012 1340 itaque
1075 1271 1234 1324 audis
1315 1272 1566 1326 eumdem
1632 1274 1901 1327 dicentem
1953 1293 1966 1329 :

405 1383 423 1413 ι
466 1362 645 1428 Pater,
697 1362 743 1416 si
790 1361 904 1417 ﬁeri
937 1370 1131 1433 potest,
1180 1371 1422 1417 transeat
1450 1380 1481 1418 a
1514 1380 1600 1420 me
1642 1367 1781 1419 calix
1821 1381 1971 1419 mor-

400 1460 471 1510 tis
496 1458 539 1489 ¹¹
576 1475 589 1512 :
634 1476 653 1509 ι
690 1457 821 1511 illud
851 1457 1033 1510 animo
1051 1457 1300 1525 concipe,
1329 1472 1437 1510 non
1475 1472 1599 1511 eum
1628 1459 1845 1521 timore,
1876 1465 1972 1512 aut

404 1549 693 1604 formidine
724 1564 1077 1613 concussum,
1120 1549 1321 1603 similia
1364 1549 1585 1603 eﬁatnm
1632 1548 1837 1615 fuisse;
1873 1550 1969 1605 sed

399 1643 691 1697 verborum
746 1642 956 1696 vilitate
1004 1642 1423 1696 intellectualem
1474 1643 1767 1696 draconem
1810 1640 1972 1695 dece-

403 1736 567 1805 pisse,
595 1744 655 1790 ut
683 1735 987 1804 simplicem
1018 1750 1139 1788 eum
1182 1735 1457 1789 hominem
1482 1750 1605 1789 esse
1639 1733 1971 1803 suspicatus,

403 1838 628 1880 mortem
662 1834 989 1880 metuentem
1032 1835 1485 1895 trementemqnc,
1526 1841 1623 1896 per
1652 1826 1975 1878 ministran-

401 1922 483 1967 tes
516 1913 620 1967 sibi
654 1911 873 1967 Judteos
902 1912 1197 1968 conﬁceret
1246 1914 1393 1984 quod
1421 1916 1533 1982 jam
1567 1914 1668 1969 sibi
1700 1914 1755 1967 in
1792 1916 1976 1969 animo

403 2001 610 2063 literal,
636 2000 688 2054 in
719 2016 954 2070 eumque
1005 2008 1246 2069 patraret
1276 2002 1419 2071 quod
1461 2016 1557 2069 pro
1602 2000 1760 2055 nobis
1792 1998 1975 2054 Domi-

400 2109 503 2148 nus
526 2094 915 2149 destinaverat.
939 2092 1215 2162 lgnoravit
1234 2093 1437 2163 quippe
1470 2092 1821 2147 adversarius
1851 2107 1974 2145 crn-

396 2202 535 2249 cem,
570 2200 732 2255 quam
776 2186 829 2238 in
862 2186 1213 2255 semetipsum
1252 2192 1550 2249 struxerat,
1600 2192 1659 2238 ut
1708 2182 1974 2253 adimple-

398 2286 549 2332 retnr
576 2276 720 2347 quod
755 2281 807 2330 in
838 2276 1072 2332 Psalmis
1102 2277 1362 2345 scriptum
1396 2286 1481 2331 est
1518 2294 1531 2331 :
1568 2294 1587 2326 ι
1628 2276 1683 2329 In
1715 2275 1975 2345 operibus

396 2384 654 2422 manuum
712 2383 936 2421 suarum
985 2366 1358 2436 deprehensus
1412 2374 1498 2421 est
1550 2375 1805 2436 peccator
1832 2366 1913 2428 “;
1950 2382 1969 2415 ι

394 2469 450 2514 ει
486 2478 498 2513 :
545 2478 564 2509 ι
600 2456 919 2513 Revertetur
958 2458 1166 2511 malitia
1216 2457 1363 2511 illius
1408 2458 1462 2510 in
1496 2466 1661 2527 caput
1693 2457 1811 2525 ejus
1839 2457 1907 2520 ”,
1949 2474 1968 2507 ι

396 2550 565 2619 ﬁgura
595 2550 799 2614 servili,
830 2559 882 2604 et
914 2550 1213 2605 humilibus
1241 2549 1448 2603 Domini
1479 2549 1662 2605 verbis
1692 2550 1745 2603 in
1778 2548 1976 2617 perni-

399 2643 537 2698 ciem
576 2643 818 2697 adducti.
854 2641 954 2707 Qui
1005 2642 1149 2696 enim
1198 2657 1303 2697 nos
1340 2643 1643 2697 venabatur
1697 2641 1971 2703 diabolus,

396 2742 537 2798 cete,
573 2743 626 2788 et
666 2734 835 2787 draco
888 2742 1276 2803 nuncupatus,
1328 2741 1522 2803 captus
1564 2740 1669 2787 est.
1726 2731 1975 2800 Namque

396 2824 603 2878 dictum
627 2832 710 2878 est
744 2825 797 2877 in
825 2823 965 2877 libro
990 2821 1108 2877 lobi
1142 2823 1209 2878 de
1232 2825 1451 2880 Christo
1485 2842 1499 2879 :
1533 2842 1551 2875 ι
1589 2823 1708 2893 Ipse
1732 2831 1853 2876 cete
1890 2822 1977 2876 in-

396 2932 529 2986 gens
559 2914 895 2985 capturus",
930 2932 948 2967 ι
984 2923 1038 2970 et
1062 2923 1361 2969 venaturus
1378 2924 1461 2970 est
1481 2914 1775 2968 draconem
1811 2913 1974 2966 hamo

2071 450 2164 501 τοῦ
2192 449 2325 502 Θεοῦ
2366 450 2711 519 εἰσελήλυθε,
2753 451 2846 504 καὶ
2905 450 3034 519 παρ’
3095 451 3275 517 ὀλίγον
3300 450 3329 501 6
3358 449 3643 521 ἄνθρωπος

2070 541 2322 604 έκεῖνοςό
2361 544 2419 594 έν
2456 544 2522 614 τῇ
2557 543 2827 613 Σεϐαστία
2872 543 3327 611 λειποτακτήσας,
3386 543 3482 595 σὺν
3528 545 3642 606 τοῖς

2071 630 2250 694 ἄλλοις
2287 632 2552 703 μάρτυσιν
2582 631 2951 704 ἐστεφανώθη.
2981 634 3178 701 Διόπερ
3194 631 3300 685 τῶν
3329 631 3643 701 παρεξηγή-

2073 741 2209 776 σεων
2239 725 2521 794 ἀφέμενοι,
2581 724 2716 795 πρὸς
2765 727 2943 777 πᾶσαν
2995 723 3227 795 ἀγαθὴν,
3272 722 3366 776 καὶ
3420 722 3643 793 βεϐαίαν

2072 810 2270 882 πρᾶξιν
2298 813 2522 877 ἑαυτοὺς
2554 813 2985 884 κατεπείξωμεν.

2250 992 2416 1045 me.
2458 1021 2524 1033 —
2562 992 2858 1062 ΜΕΘΟΔῘῼ
2905 992 3461 1063 ΚΟΥΒΟΥΚΛΑΡΙῼ.

2142 1079 2408 1149 Οὐδαμῶς
2435 1080 2667 1151 Χριστὸς
2697 1082 2725 1133 6
2750 1081 2855 1133 τῶν
2885 1080 3018 1132 ὅλων
3036 1081 3309 1151 Δεσπότης
3335 1079 3646 1150 πεφόϐηται

2071 1172 2299 1226 θάνατον
2319 1190 2331 1202 ·
2360 1172 2500 1241 ὑπὲρ
2537 1173 2633 1239 τῆς
2666 1171 2772 1222 τῶν
2806 1170 3106 1242 ἀνθρώπων
3141 1171 3409 1241 σωτηρίας
3448 1169 3647 1224 παθεῖν

2070 1264 2434 1333 ἐπεδήμησεν.
2496 1264 2664 1315 Ὅταν
2722 1258 2814 1315 οῦν
2863 1263 3082 1325 ἀκούεις
3135 1262 3386 1331 λέγοντος
3430 1263 3598 1316 αὐτοῦ
3627 1278 3644 1292 ’

2077 1376 2095 1407 ι
2133 1356 2335 1424 Πάτερ,
2368 1356 2416 1407 εί
2446 1353 2687 1419 δυνατὸν,
2722 1354 3038 1423 παρελθέτω
3066 1356 3159 1407 ἀπ’
3196 1352 3329 1422 ἐμοῦ
3375 1353 3435 1407 τὸ
3467 1355 3648 1424 ποτή-

2072 1465 2185 1519 ριον
2206 1447 2299 1500 τοῦ
2330 1447 2582 1512 θανάτου,
2619 1466 2636 1497 ι
2673 1445 2865 1516 νόησον
2888 1447 2967 1498 ὅτι
2992 1446 3111 1515 οὐχὶ
3130 1445 3337 1498 δειλιῶν
3364 1446 3458 1498 καὶ
3481 1446 3649 1516 φρίτ-

2070 1557 2177 1592 των
2212 1539 2280 1591 τὰ
2317 1538 2544 1592 τοιαῦτα
2596 1537 2912 1608 φθέγγεται,
2956 1537 3093 1591 ἀλλὰ
3132 1540 3200 1608 τῇ
3244 1538 3487 1607 εὐτελείᾳ
3532 1536 3653 1590 τῶν

2074 1628 2336 1699 ῥημάτων
2367 1627 2634 1691 δελεάζων
2662 1629 2756 1682 τὸν
2803 1627 2990 1700 νοητὸν
3040 1628 3327 1698 δράκοντα,
3375 1629 3460 1681 ῖνα
3488 1628 3653 1697 ψιλὸν

2005 1700 2046 1757 Β
2073 1718 2261 1771 τοῦτον
2281 1717 2561 1789 ἄνθρωπον
2603 1713 2740 1771 εἶναι
2769 1718 3031 1779 τοπάσας,
3074 1716 3347 1769 δεδοικότα
3378 1715 3437 1769 τὸ
3472 1715 3656 1778 πάθος

2074 1808 2166 1862 καὶ
2196 1809 2484 1880 τρέμοντα,
2531 1808 2724 1880 τελέσῃ
2766 1807 2854 1862 διὰ
2882 1808 2991 1861 τῶν
3035 1806 3448 1877 ὑπουργούντων
3493 1804 3657 1875 αὐτῷ

2086 1899 2355 1953 Ἰουδαίων
2374 1940 2389 1963 ,
2420 1898 2555 1968 ὅπερ
2590 1897 2906 1960 ἐπεϐάλετο,
2939 1897 3032 1949 καὶ
3072 1898 3267 1966 δρᾶσαι
3297 1898 3417 1949 καθ’
3446 1894 3651 1949 ἑαυτοῦ

2072 1990 2101 2042 δ
2128 1991 2266 2061 ὑπὲρ
2326 1987 2484 2058 ἡμῶν
2532 1987 2936 2043 διεσπούδακεν.
2977 1987 3207 2041 Ἐλαθεν
3242 1987 3350 2057 γὰρ
3394 1988 3422 2040 6
3450 1986 3654 2057 ἐχθρὸς

2073 2083 2195 2136 καθ’
2220 2080 2410 2134 ἑαυτοῦ
2436 2081 2525 2133 τὸν
2552 2080 2783 2150 σταυρὸν
2815 2078 3186 2149 σοφιζόμενος,
3224 2079 3308 2132 ἵνα
3333 2079 3393 2132 τὸ
3421 2079 3657 2150 είρημὲρ

2073 2194 2161 2228 νον
2184 2177 2240 2227 ὲν
2268 2175 2379 2236 τοῖς
2412 2174 2663 2243 Ψαλμοῖς
2704 2172 2988 2242 πληρωθῇ,
3022 2173 3103 2225 ὅτι
3135 2192 3153 2224 ι
3199 2172 3287 2225 Ἐν
3315 2175 3428 2235 τοῖς
3461 2171 3656 2242 ἔργοις

2070 2271 2180 2323 τῶν
2219 2268 2417 2340 χειρῶν
2458 2266 2622 2320 αὑτοῦ
2666 2264 2970 2336 συνελήφθη
3000 2266 3028 2317 ό
3052 2264 3405 2334 ἁμαρτωλός·
3446 2283 3466 2315 ι
3513 2264 3651 2317 καί⁶

2079 2384 2098 2415 ι
2147 2361 2493 2432 Ἐπιστρέψει
2522 2362 2554 2428 ἡ
2589 2358 2818 2430 πονηρία
2847 2357 3012 2411 αὑτοῦ
3044 2360 3122 2420 είς
3157 2357 3253 2426 τὴν
3282 2356 3525 2423 κεφαλὴν
3548 2355 3653 2407 αῦ-

2071 2457 2187 2518 τοῦ,
2222 2475 2239 2506 ι
2269 2456 2508 2526 σχήματι
2536 2452 2764 2521 δουλικῷ
2794 2452 2887 2505 καὶ
2917 2452 3192 2511 ταπεινοῖς
3218 2450 3423 2520 ῥήμασι
3449 2448 3657 2500 Δεσπό-

2072 2566 2164 2602 του
2194 2545 2646 2615 σεσαγινευμένου
2688 2542 2824 2613 πρὸς
2872 2542 3111 2612 ὄλεθρον.
3153 2540 3211 2593 '0
3244 2541 3353 2609 γὰρ
3394 2536 3655 2608 ἀγρεύων

2074 2641 2219 2711 ἡμᾶς
2243 2636 2486 2709 ἡγρεύθη
2513 2635 2775 2697 διάϐολος.
2800 2633 2962 2702 κῆτος
3002 2633 3095 2685 καὶ
3135 2631 3350 2702 δράκων
3387 2645 3656 2698 προσονο-

2077 2732 2402 2803 μαζόμενος.
2430 2731 2658 2800 Εἴρηται
2697 2727 2806 2796 γὰρ
2838 2728 2894 2779 ἐν
2934 2728 3001 2795 τῇ
3033 2725 3199 2795 βίϐλῳ
3240 2724 3333 2777 τοῦ
3371 2722 3493 2777 Ἰὼϐ
3520 2720 3658 2791 περὶ

2073 2823 2331 2896 Χριστοῦ,
2362 2822 2443 2876 ὅτι
2473 2840 2490 2871 ι
2520 2820 2691 2882 Αὐτὸς
2717 2819 2899 2890 μέλλει
2927 2818 2988 2871 τὸ
3011 2820 3174 2887 κῆτος
3188 2816 3247 2869 τὸ
3271 2817 3414 2887 μέγα
3451 2814 3657 2885 χειρώ-

2076 2918 2292 2977 σασθαι,
2319 2935 2338 2967 ι
2373 2916 2466 2969 καὶ
2499 2916 2577 2967 ὅτι
2605 2914 2864 2985 ἀγρεύσει
2892 2912 2983 2964 τὸν
3011 2910 3278 2979 δράκοντα
3297 2912 3353 2961 ὲν
3366 2909 3656 2978 ἀγκίστρῳ

396 3008 772 3077 dispositionis
802 3022 917 3062 sure
955 3007 1257 3062 secundum
1286 3022 1506 3062 carnem
1532 3007 1598 3057 ’³.
1622 3006 1757 3059 Cum
1786 3005 1969 3073 itaque

2081 3010 2172 3079 τῆς
2201 3008 2341 3063 κατά
2365 3009 2541 3079 σάρκα
2563 3006 2892 3076 οἰκονομίας.
2922 3005 3092 3057 Ὅταν
3119 3004 3176 3058 δὲ
3208 3004 3369 3057 πάλιν
3392 3001 3657 3062 ἀκούσεις

398 3115 616 3154 rursum
666 3100 717 3152 in
760 3114 924 3154 cruce
980 3099 1219 3155 audieris
1267 3098 1554 3152 Domimnn
1589 3098 1914 3152 clamantem
1952 3116 1965 3151 :

404 3211 422 3243 ι
446 3191 585 3247 Deus
607 3208 784 3254 meus,
805 3191 946 3246 Deus
964 3207 1139 3257 meus,
1161 3192 1349 3260 utquid
1372 3190 1710 3258 dereliquisti
1736 3205 1820 3243 me
1840 3190 1922 3242 “'2
1947 3209 1964 3239 ι

399 3300 467 3338 ne
488 3296 539 3338 te
567 3283 758 3353 fugiat,
786 3298 908 3337 eum
936 3299 999 3338 ex
1027 3300 1261 3354 persona
1283 3283 1546 3342 omnium.
1565 3282 1657 3351 qui
1677 3281 1746 3335 ab
1764 3280 1972 3335 Adamn

398 3372 666 3440 originem
724 3372 969 3434 trahunt,
1008 3371 1290 3425 hominum
1325 3384 1386 3423 ea
1420 3368 1660 3433 dixisse;
1711 3367 1974 3437 quemad-

401 3460 621 3515 modum
679 3460 977 3515 advocatus
1034 3462 1180 3527 nulla
1234 3460 1434 3527 injuria
1489 3469 1747 3529 accepta,
1796 3476 1973 3526 neque

401 3557 547 3608 furto
576 3554 688 3608 suis
712 3555 997 3622 spoliatus,
1035 3569 1132 3623 pro
1162 3553 1359 3608 cliente
1382 3552 1447 3606 ad
1474 3551 1713 3620 judicent
1738 3552 1969 3606 clamat:

402 3646 662 3715 Iniuriam
689 3644 851 3716 264
885 3645 1129 3715 perpessi
1154 3660 1367 3710 sunms,
1402 3642 1548 3698 furto
1569 3651 1756 3697 nostra
1784 3642 1973 3695 amisi-

403 3753 548 3800 mus,
579 3737 757 3791 abacti
783 3752 996 3791 sumus.
1038 3735 1150 3790 Nisi
1182 3735 1326 3788 enim
1373 3734 1618 3788 derelicti
1663 3749 1912 3788 essemus
1946 3748 1972 3784 a

406 3825 515 3881 Deo
552 3841 765 3886 omnes.
816 3826 910 3894 qui
950 3825 1019 3879 ab
1066 3825 1278 3878 Adamo
1312 3824 1561 3894 prognati
1596 3838 1805 3886 sumus,
1842 3837 1977 3876 sane

404 3915 813 3970 innumerarum
833 3914 1183 3983 iniquitatum
1207 3914 1517 3984 opprobriis
1540 3930 1640 3968 nos
1657 3930 1765 3967 non
1793 3913 1976 3979 subje-

403 4008 675 4062 cissemus
706 4026 721 4061 :
755 4022 863 4060 non
908 4006 1204 4075 lapidibus,
1242 4016 1294 4060 et
1332 4006 1647 4069 arboribus.
1703 4015 1757 4079 et
1792 4006 1973 4075 aquis,

404 4109 458 4155 et
498 4099 816 4152 inanimatis
846 4098 1042 4160 stellis,
1070 4107 1123 4153 et
1143 4098 1341 4164 sitniis,
1364 4106 1418 4152 et
1448 4098 1700 4162 canibus,
1726 4106 1779 4150 et
1807 4098 1972 4166 lupis,

406 4195 462 4245 et
483 4188 797 4250 crocodilis,
838 4194 895 4241 et
933 4187 1186 4255 pessimis
1215 4187 1577 4248 daemonibus.
1618 4187 1831 4256 ipsique
1855 4189 1974 4241 dia-

405 4280 533 4336 bolo
558 4282 762 4334 cultum
797 4287 1120 4348 praestantes
1154 4279 1421 4333 sacriﬁcia
1454 4280 1867 4333 obtulissemus.

614 4370 815 4425 CCXC.
853 4399 921 4413 ——
961 4369 1442 4425 CONSTANTINO
1497 4370 1759 4425 COMI'I‘I.

476 4462 593 4517 Non
618 4472 701 4519 est
727 4463 893 4517 animi
924 4465 1209 4526 recreatio,
1249 4474 1307 4517 ut
1330 4472 1385 4516 tu
1413 4479 1720 4525 assem-ras,
1746 4465 1797 4517 in
1825 4464 1980 4516 thea-

409 4557 533 4620 tris,
564 4564 728 4625 atque
761 4554 1136 4625 hippodromis
1167 4567 1379 4625 tempus
1407 4555 1615 4620 fallere,
1647 4556 1738 4607 sed
1770 4571 1981 4609 summa

410 4649 680 4723 pernicies
716 4662 963 4717 noxaque
986 4646 1152 4700 animi
1176 4645 1316 4700 dira.
1335 4646 1488 4711 Quod
1522 4647 1565 4699 si
1603 4647 1693 4699 tibi
1718 4647 1774 4723 in
1801 4647 1983 4698 animo

407 4749 493 4795 est
513 4739 679 4809 probe
703 4739 944 4791 animum
973 4736 1163 4800 lenire,
1184 4737 1372 4791 sedulo
1398 4738 1449 4790 in
1486 4718 1984 4806 ecclesia‘ndcatlm—

408 4832 569 4886 licam
594 4829 966 4898 proﬁciscere,
1020 4828 1073 4881 in
1110 4828 1374 4882 asceteria
1417 4830 1810 4882 monachorum
1852 4849 1983 4887 con-

408 4920 553 4984 vola,
587 4926 641 4973 et
676 4934 803 4973 vere
833 4919 1023 4987 ingens
1079 4918 1347 4971 honorum
1410 4919 1653 4972 solamen
1709 4934 1758 4975 et
1809 4927 1984 4977 maxi-

412 5024 555 5063 mam
581 5009 768 5063 cordis
800 5007 1050 5060 dolorum
1081 5006 1404 5061 medicinam
1436 5008 1697 5065 ollendcs.
1727 5010 1861 5065 Tum
1899 5014 1989 5070 de-

413 5118 564 5155 mum
586 5110 638 5155 te
660 5102 834 5171 ipsum
860 5100 1151 5161 examina;
1197 5102 1449 5169 quisnam
1480 5118 1540 5155 es
1572 5102 1641 5156 ab
1668 5106 1899 5159 ecclesia
1932 5116 1985 5161 et

413 5192 765 5246 monasteriis
792 5192 1083 5256 recedens;
1116 5191 1369 5261 quisnam
1399 5192 1524 5246 item
1568 5210 1629 5249 es
1667 5212 1732 5249 ex
1763 5200 1977 5254 theatro

412 5291 465 5336 et
497 5284 857 5353 hippodromo
904 5299 1192 5351 egressus;
1228 5294 1282 5338 et
1312 5293 1573 5355 utrosque
1624 5286 1741 5340 dies
1792 5291 1978 5345 confe-

414 5391 563 5441 rens,
597 5391 703 5429 non
734 5391 871 5445 opus
922 5374 1018 5429 tibi
1060 5375 1222 5430 fuerit
1253 5377 1321 5433 ab
1352 5377 1459 5431 alio
1499 5377 1798 5435 admoneri.
1836 5382 1980 5441 Satis

412 5468 557 5521 eiiim
583 5466 745 5524 fuerit
776 5468 1065 5539 utriusque
1101 5468 1209 5525 diei
1235 5470 1573 5538 comparatio
1601 5470 1669 5524 ad
1697 5475 1985 5530 ostenden-

483 5603 523 5633 ἰ
559 5599 746 5676 Matth.
775 5618 923 5676 xxvi.
953 5601 1041 5656 59.
1116 5606 1160 5636 "
1193 5602 1338 5659 Psal.
1374 5618 1446 5669 Ix,
1477 5603 1561 5658 ΓΙ.
1640 5607 1683 5638 ¹¹
1716 5607 1881 5664 Eccli.
1914 5624 2025 5676 τιν,
2051 5610 2104 5668 6.

418 5672 613 5727 Matth.
643 5688 809 5733 xxvii,
846 5673 934 5725 ιίϋ.

2075 3102 2166 3153 ἐπὶ
2215 3098 2450 3169 σταυροῦ
2504 3097 2736 3167 βοῶντος
2774 3095 2867 3147 τοῦ
2902 3095 3141 3163 Κυρίου·
3192 3112 3210 3143 ι
3252 3093 3353 3145 Θεέ
3388 3109 3513 3162 μου,
3548 3092 3656 3144 Θεέ

2077 3209 2197 3262 μου,
2221 3191 2307 3243 ἵνα
2335 3190 2388 3242 τί
2411 3187 2875 3255 ὲγκαταλέλοιπάς
2897 3203 2961 3255 με
2989 3202 3003 3249 ;
3034 3205 3051 3236 ›
3077 3186 3151 3254 μὴ
3171 3185 3462 3254 ἀγνοήσῃς,
3480 3184 3564 3235 ὄντι
3587 3184 3656 3234 ὲκ

2074 3282 2367 3352 προσώπου
2395 3281 2611 3334 πάντων
2642 3279 2749 3333 τῶν
2785 3280 2848 3331 ἐκ
2878 3276 2972 3330 τοῦ
3016 3276 3186 3347 Ἀδὰμ
3226 3274 3532 3343 γενομένων
3557 3276 3654 3327 ἀν-

2075 3373 2309 3443 θρώπων
2339 3373 2513 3425 ταῦτα
2542 3371 2713 3438 λέγει,
2752 3369 2940 3439 ὥσπερ
2965 3370 2993 3421 6
3028 3368 3325 3437 συνήγορος
3368 3366 3446 3436 μὴ
3480 3365 3656 3418 καθυ-

2076 3465 2352 3532 ϐρισθεὶς,
2396 3463 2527 3533 μηδὲ
2573 3461 2977 3531 διηρπαγμένος
3001 3460 3141 3529 ὑπὲρ
3192 3456 3285 3511 τοῦ
3345 3458 3653 3527 συνηγόρου

2079 3558 2175 3627 βοᾷ
2221 3557 2356 3627 πρὸς
2405 3556 2493 3608 τὸν
2528 3555 2806 3621 δικαστὴν,
2850 3552 3203 3624 ’Υϐρισμεθα,
3234 3550 3651 3621 διηρπάγμεθα,

2076 3644 2537 3714 ὲλεηλατήθημεν.
2592 3644 2653 3695 Εἰ
2711 3644 2817 3713 γὰρ
2868 3642 2943 3712 μὴ
2991 3640 3490 3709 ὲγκατελείιρθημεν
3543 3639 3655 3689 ὑπὸ

2075 3734 2209 3788 Θεοῦ
2251 3736 2446 3797 πάντες
2474 3735 2522 3785 οί
2552 3732 2611 3796 ἐξ
2650 3732 2820 3801 Ἀδὰμ
2857 3731 3185 3801 γεννώμενοι
3216 3729 3515 3799 ἄνθρωποι,
3549 3729 3655 3781 οὐκ

2074 3825 2140 3879 ἂν
2172 3829 2236 3896 τῇ
2261 3824 2368 3877 τῶν
2399 3823 2604 3895 μυρίων
2631 3824 3041 3894 ἁμαρτημάτων
3087 3821 3242 3891 ῦϐρει
3270 3820 3650 3889 ὑπεπέσαμεν,

2075 3918 2174 3971 οὐκ
2196 3916 2261 3970 ἂν
2284 3916 2470 3980 λίθοις,
2506 3916 2600 3968 καὶ
2620 3915 2880 3984 δένδροις,
2912 3914 3005 3967 καὶ
3037 3913 3215 3975 ὕδασι,
3251 3914 3345 3966 καὶ
3370 3915 3483 3975 τοῖς
3508 3912 3655 3981 ἀψύ-

2076 4026 2190 4079 χοις
2228 4008 2450 4078 ἄστροις
2476 4048 2492 4071 ,
2528 4007 2622 4059 καὶ
2677 4006 2951 4076 πιθήκοις,
2987 4008 3082 4060 καὶ
3120 4005 3269 4070 κυσὶ,
3299 4004 3392 4058 καὶ
3437 4002 3650 4066 λύκοις.

2078 4102 2169 4152 καὶ
2203 4098 2588 4165 κροκοδείλοις,
2640 4097 2736 4149 καὶ
2766 4097 2987 4166 δαίμοσι
3032 4096 3333 4159 κακίστοις,
3358 4095 3452 4147 καὶ
3498 4093 3653 4162 αὐτῷ

2075 4192 2153 4261 τῷ
2187 4191 2421 4261 διαϐόλῳ
2468 4190 2974 4262 προσκυνήσαντες,
3016 4188 3206 4251 θυσίας
3244 4187 3653 4260 προσεκομίσα-

2082 4300 2199 4354 μεν.

2322 4372 2440 4441 PL].
2472 4403 2537 4413 ——
2568 4372 3060 4443 ΚΩΝΣΤΑΝΤΙΝῼ
3106 4373 3399 4426 ΚΟΜΗΤΙ.

2151 4467 2265 4520 Οὐκ
2288 4465 2403 4518 ἔστι
2429 4462 2779 4534 ψυχαγωγία,
2817 4462 3001 4527 καθὼς
3036 4465 3099 4517 σὺ
3130 4463 3329 4531 λέγεις,
3361 4464 3421 4515 τὺ
3446 4464 3504 4516 ὲν
3536 4465 3655 4526 τοῖς

2079 4556 2347 4626 Θεάτροις,
2378 4555 2471 4608 καὶ
2494 4556 2613 4616 ταῖς
2641 4553 3024 4623 ἱπποδρομίαις
3051 4552 3367 4622 διατρίϐειν,
3400 4552 3515 4605 ἀλλ’
3543 4552 3658 4604 ὄλε-

2080 4648 2205 4718 θρος
2236 4648 2481 4716 ἔσχατος,
2525 4645 2620 4697 καὶ
2656 4645 2828 4715 βλάϐη
2868 4646 3043 4715 ψυχῆς
3088 4645 3255 4715 δεινή.
3289 4646 3351 4697 Εἰ
3395 4646 3449 4697 δὲ
3482 4646 3656 4708 ὅντως

2081 4739 2256 4811 βούλει
2305 4737 2482 4800 καλῶς
2505 4736 2965 4806 ψυχαγωγεῖσθαι,
3013 4735 3209 4789 σπεῦδε
3250 4738 3329 4798 εἰς
3358 4736 3657 4805 ἐκκλησίαν

2081 4832 2396 4900 καθολικὴν.
2430 4829 2590 4900 τρέχε
2642 4830 2721 4891 είς
2762 4828 2829 4880 τά
2870 4829 3181 4898 ἀσκητήρια
3224 4829 3335 4882 τῶν
3378 4831 3653 4900 μοναχῶν,

2082 4925 2173 4977 καὶ
2203 4921 2416 4991 ἀληθῶς
2452 4920 2651 4989 πολλὴν
2678 4920 2896 4987 ἀγαθῶν
2928 4922 3135 4990 εὑρήσῃ
3172 4921 3536 4991 παρηγορίαν,
3558 4924 3657 4976 καὶ

2080 5016 2187 5067 τῶν
2240 5018 2334 5082 τῆς
2388 5014 2611 5084 καρδίας
2666 5012 2973 5081 ἀλγηδόνων
3008 5012 3303 5081 θεραπείαν
3363 5014 3652 5083 μεγίστην.

2081 5106 2194 5163 Εἴθ’
2222 5108 2343 5161 ῦστε
2355 5125 2445 5177 ρον
2466 5104 2686 5171 ἐξέταζε
2711 5105 2954 5167 σεαυτὸν,
2980 5106 3061 5168 τίς
3087 5106 3185 5175 μὲν
3207 5105 3330 5175 γίνῃ
3354 5107 3658 5176 ἀναχωρῶν

2083 5200 2191 5253 ἀπὸ
2224 5200 2326 5267 τῆς
2376 5198 2691 5264 ἐκκλησίας,
2731 5196 2824 5248 καὶ
2881 5194 2988 5249 τῶν
3045 5196 3441 5265 μοναστηρίων,
3474 5198 3557 5257 τίς
3599 5197 3659 5250 δὲ

2084 5291 2209 5362 γίνῃ
2260 5288 2415 5353 ἐξιὼν
2446 5292 2509 5341 ὲκ
2552 5287 2646 5341 τοῦ
2696 5288 2945 5357 θεάτρου,
2993 5288 3087 5341 καὶ
3142 5287 3240 5357 τῆς
3293 5288 3659 5357 ἱπποδρομίας

2087 5384 2180 5437 καὶ
2202 5381 2464 5450 ἑκατέρας
2508 5378 2835 5451 παραϐαλὼν
2876 5380 2979 5442 τὰς
3016 5381 3251 5450 ἡμέρας,
3297 5380 3396 5433 οὐκ
3434 5380 3502 5433 ἂν
3532 5380 3659 5450 δεη-

2087 5474 2237 5544 θείης
2261 5476 2386 5543 παρ’
2423 5473 2579 5527 ἄλλον
2614 5464 3000 5525 νουθετεῖσθαι.
3046 5473 3295 5544 Ἀρκέσει
3323 5473 3433 5542 γὰρ
3463 5474 3496 5542 ὴ
3523 5474 3658 5536 tu.

2206 5610 2252 5643 “
2282 5610 2387 5667 Job
2416 5627 2496 5675 nt,
2524 5611 2577 5666 8.
2689 5611 2732 5642 "
2758 5607 2860 5664 Job
2886 5625 2974 5677 χι,
2994 5611 3085 5666 ‘20.
3199 5614 3244 5644 "
3266 5612 3411 5670 Psal.
3446 5630 3561 5681 ur,
3590 5613 3652 5682 1;
