3850 6218
178 280 288 343 3έῆ

1386 273 1921 334 EPISTULARUM
1962 276 2107 335 LIB.
2155 277 2234 337 ΙΙ.

3330 277 3436 339 316

170 397 337 463 τέρας
371 390 585 461 ἡμέρας
637 388 948 460 σύγκρισις,
974 385 1141 451 δεῖξαί
1176 404 1259 440 σοι
1300 388 1360 439 τδ
1394 386 1623 455 μέγεθος
1652 386 1751 455 τῆς
1782 420 1791 446 Α

1897 406 1986 444 um
2021 390 2144 455 libi,
2196 388 2476 451 utilitatis,
2523 405 2687 460 quam
2732 405 2797 444 ex
2836 405 2988 444 mora
3021 390 3076 444 in
3120 392 3351 445 ecclesia
3381 394 3435 446 et

170 502 248 536 τε·
280 484 430 536 κατά
483 481 582 550 τὴν
648 478 947 548 ἐκκλησίαν
1009 479 1104 530 καὶ
1131 478 1198 530 τά
1247 478 1584 546 μοναστήρια
1611 476 1756 543 ὠφε-

172 576 346 639 λείας,
378 577 473 628 καὶ
490 574 593 643 τῆς
624 574 682 626 ὲν
704 574 819 636 τοῖς
845 571 1077 641 κίρκοις,
1101 570 1322 631 καὶτοῖς
1350 567 1601 637 θεάτροις
1630 565 1758 631 βλά-

174 668 295 734 6ης.

528 756 688 823 ριιΑν.
713 784 786 795 --
817 753 1118 823 woman
1147 750 1425 804 PHTOPl.

246 847 529 915 Βούλομαί
548 864 609 899 σε
641 845 719 915 τῷ
740 845 929 917 τρόπῳ
954 845 1050 897 καὶ
1071 845 1140 914 τῇ
1171 842 1373 913 πράξει
1398 838 1761 911 ὀρθολεκτεῖν.

176 942 249 995 Τδ
287 941 405 1010 γάρ
430 939 496 1009 δὴ
528 938 608 1007 τῷ
637 938 780 1006 λόγῳ
822 934 1083 1005 μηδαμῶς
1122 930 1459 996 σολοικίζειν,
1494 929 1527 999 ἢ
1565 928 1766 998 βαρϐα-

182 1034 379 1103 ρίζειν,
427 1030 668 1084 δύναιντ’
717 1030 784 1082 ἂν
832 1028 927 1081 καίΙ
958 1029 1007 1080 oi
1044 1024 1451 1094 διεφθαρμένοι.
1508 1024 1770 1074 Πέπαυσο

178 1127 359 1178 τοίνυν
390 1122 487 1176 τοῦ
510 1119 980 1190 ἐπιλαμϐάνεσθαι
1007 1118 1116 1171 τῶν
1146 1120 1202 1171 ἐν
1223 1115 1576 1187 ἁκεραιότητι
1602 1114 1767 1181 φθεγ-

181 1216 433 1285 γομένων
454 1255 470 1278 ,
496 1215 654 1284 εἴπερ
685 1207 778 1264 οῦν
805 1212 979 1273 δοκεῖς
1008 1226 1100 1280 μοι
1130 1204 1452 1277 Χριστιανὸς
1482 1203 1765 1271 ὑπάρχειν.

182 1309 256 1359 Οὐ
278 1305 397 1375 γὰρ
419 1306 640 1367 πάντως
671 1304 705 1373 ὴ
730 1303 932 1373 φράσις
958 1300 1218 1370 πρόξενος
1246 1298 1345 1368 τῆς
1377 1296 1649 1366 βασιλείας
1663 1293 1771 1345 τῶν

182 1398 455 1469 οὐρανῶν,
486 1396 624 1450 ἀλλὰ
659 1394 721 1448 τὸ
746 1393 981 1464 χρηστὸν
1018 1388 1152 1462 ἦθος
1171 1430 1187 1457 ,
1218 1389 1315 1443 καὶ
1354 1391 1389 1460 ἡ
1418 1386 1599 1458 ἀγαθὴ
1630 1386 1771 1457 πρᾶ-

184 1490 285 1557 ξις,
317 1487 419 1542 καὶ
447 1489 484 1559 ἡ
516 1486 705 1557 βεϐαία
730 1485 931 1547 πίστις.

498 1662 657 1731 2m.
688 1693 757 1704 —
788 1661 1046 1731 nzrxm
1074 1659 1469 1730 marum).

255 1759 375 1811 Οὑκ
405 1752 475 1828 ἦν
508 1720 694 1826 ἕτερος
730 1756 759 1808 ὁ
783 1754 873 1808 τὸν
909 1720 1159 1824 Δάέαρον
1191 1720 1434 1823 ἐγείρας,
1460 1750 1557 1804 καὶ
1586 1749 1773 1821 ἕτερος
1805 1720 1851 1777 θ

186 1852 215 1904 ὁ
240 1851 653 1918 πυνθανόμενος
684 1847 817 1917 περὶ
840 1846 1028 1908 αὑτοῦ,
1060 1843 1175 1898 ἀλλ’
1193 1848 1220 1899 ό
1238 1844 1401 1906 αὑτὸς
1430 1838 1499 1914 ἦν
1519 1881 1535 1907 ,
1566 1842 1773 1912 ἀνθρωο

189 1943 368 2005 πίνως
397 1941 501 2011 μὲν
524 1940 697 2007 λέγων
724 1957 736 1968 ·
776 1957 795 1991 ι
836 1937 946 1991 Ποῦ
991 1936 1237 2006 Λάζαρος
1266 1938 1477 2000 κεῖταις
1519 1954 1536 1986 ι
1580 1932 1775 1996 θεῖκῶς

190 2034 251 2088 δὲ
277 2033 469 2086 τοῦτον
497 2031 795 2101 ἁνεγείρων
814 2043 829 2058 ’
854 2028 1183 2099 σωματικῶς
1211 2028 1308 2097 μὲν
1334 2028 1364 2080 ὁ
1397 2027 1559 2089 αὑτὸς
1578 2026 1653 2089 ὼς
1680 2024 1773 2078 ἄν·

193 2125 418 2194 θρωπος
448 2124 656 2187 πτύων,
706 2120 907 2184 usus;
934 2120 992 2172 δὲ
1018 2119 1252 2187 ἀνοίγων
1293 2118 1419 2181 τοὺς
1465 2116 1777 2186 ὀφθαλμοὺς

191 2218 291 2272 τοῦ
313 2219 381 2270 ὲκ
404 2216 663 2286 γεννητοῦ
684 2214 910 2284 τυφλοῦ·
939 2213 1033 2266 καὶ
1057 2212 1219 2283 σαρκὶ
1249 2211 1346 2281 μὲν
1369 2209 1612 2279 πάσχων,
1637 2206 1781 2262 καθά

196 2327 367 2379 φησιν
392 2312 424 2362 ὁ
448 2308 677 2379 Πέτρος,
705 2304 902 2369 θεῖκῶς
932 2304 989 2357 δὲ
1020 2304 1250 2371 ἀνοίγων
1280 2301 1348 2354 τά
1378 2305 1636 2372 μνήματα
1684 2299 1781 2353 καλ⁵

194 2401 501 2471 άνεγείρων
524 2400 649 2463 τοὺς
674 2396 923 2468 νεκρούς.

522 2490 681 2557 xu".
710 2519 782 2530 -
807 2488 1164 2557 ΖΗΝΟΔΩΡῼ
1191 2486 1485 2556 ΔΕΚΑΝῼ.

271 2583 404 2646 Τοῖς
460 2582 644 2651 λόγοις
708 2580 961 2634 Ἰωάννου
1014 2578 1109 2631 τοῦ
1160 2574 1780 2638 Κωνσταντινουπόλεως

200 2672 511 2726 ἐπισκόπου
550 2671 721 2741 ἡδέως
763 2668 1145 2739 ὲντυγχάνειςο
1180 2667 1243 2731 ἐξ
1274 2666 1451 2719 αὐτῶν
1492 2665 1557 2735 δὴ
1587 2664 1783 2733 γράψω

205 2782 291 2819 σοι
320 2765 421 2818 νῦν
454 2766 592 2835 ὅπερ
614 2762 900 2833 ἐξῄτησας.
933 2779 951 2811 ι
990 2760 1166 2829 Ὠφθη
1194 2760 1372 2811 τοίνυν
1395 2758 1453 2811 τὸ
1481 2758 1701 2826 Πνεῦμα
1721 2757 1787 2808 τὸ

205 2860 370 2927 ἅγιον
415 2856 741 2910 καταϐαῖνον
772 2852 865 2905 ἐπὶ
899 2852 990 2905 τὸν
1046 2850 1254 2921 Ἰησοῦν
1283 2850 1360 2913 ὼς
1401 2849 1718 2919 περιστερά.
1757 2867 1775 2899 ι

220 2950 313 3003 Ἐν
342 2952 478 3019 ἡμῖν
512 2947 609 3019 μὲν
639 2946 748 3019 γὰρ
781 2945 867 2999 διὰ
895 2944 990 2998 τοῦ
1019 2944 1392 3015 βαπτίσματος
1423 2942 1666 3013 ἀπαρχὴ,
1691 2941 1784 2993 καὶ

1862 483 2209 538 monasteriis
2240 493 2525 537 assecutus
2546 499 2630 544 es,
2662 483 2879 549 molem,
2907 491 2962 537 et
2991 499 3113 552 qua:
3142 486 3322 537 circus
3352 492 3438 536 at-

1860 588 1967 643 que
2001 576 2209 629 theatra
2243 575 2619 644 subsequitur,
2659 591 2831 629 nom.

2116 747 2345 803 CCXCI.
2381 781 2445 791 -—
2480 748 2807 803 LEONIDA‘]
2862 747 3191 802 Riil‘lTORi.

1936 841 2073 896 Volo
2107 851 2157 896 te
2190 851 2243 896 et
2275 842 2539 903 moribus,
2566 852 2621 894 et
2649 842 2961 893 actionibus
2992 841 3260 893 directum
3293 855 3436 894 esse.

1867 932 2111 1002 Namque
2160 933 2276 1002 pari
2322 947 2387 986 ac
2419 932 2767 985 courcnicnti
2804 932 3174 1000 compositura
3229 946 3440 984 sermo-

1869 1039 1991 1079 nem
2039 1025 2295 1093 dirigere,
2321 1033 2376 1076 et
2411 1024 2716 1077 barbariem
2762 1020 2923 1092 265
2952 1023 3156 1075 evitare
3188 1028 3444 1088 poterunt

1867 1117 2033 1171 etiam
2071 1116 2166 1184 qui
2195 1115 2443 1170 moribus
2479 1113 2678 1185 perditi
2717 1125 2863 1167 sum.
2898 1113 3093 1165 Desine
3131 1114 3312 1180 itaque
3346 1126 3443 1165 eos

1871 1207 2309 1279 reprehendere,
2368 1207 2461 1276 qui
2526 1204 2971 1258 inconvenienter
3023 1213 3340 1272 loquuntur,
3397 1201 3446 1255 si

1870 1307 2055 1353 tamen
2110 1300 2229 1369 ipse
2274 1312 2383 1351 non
2440 1296 2621 1355 fallor,
2656 1294 2747 1363 qui
2786 1294 3157 1347 Christianum
3214 1302 3271 1345 to
3322 1308 3445 1347 esse.

1873 1391 2154 1446 existimo.
2200 1388 2390 1457 Neque
2420 1388 2567 1442 enim
2608 1394 2887 1439 structura
2921 1385 3186 1437 orationis
3218 1398 3443 1451 regnum

1877 1480 2186 1548 impartitur
2203 1478 2489 1543 calorum,
2512 1476 2606 1531 sed
2634 1475 2789 1545 probi
2821 1490 3020 1536 mores,
3039 1483 3091 1527 et
3119 1473 3258 1526 bona
3278 1471 3443 1533 actio,

1875 1582 1930 1629 et
1951 1572 2161 1627 stabilis
2198 1570 2349 1624 ﬁdas.

2051 1664 2305 1719 CCXCII.
2328 1690 2398 1703 --
2428 1657 2779 1714 HESYCHIO
2832 1653 3289 1711 PROCONSUIJ.

1944 1754 2063 1810 Non
2106 1763 2225 1809 erat
2252 1754 2411 1819 alius,
2456 1755 2549 1822 qui
2604 1751 2873 1804 Lazarum
2911 1744 3361 1805 exsuscitavit",
3392 1750 3451 1796 et

1877 1850 2039 1910 alius,
2072 1848 2166 1917 qui
2200 1846 2266 1899 de
2295 1846 2389 1899 illo
2426 1842 2820 1909 interrogabat,
2860 1839 2952 1894 sed
2990 1837 3154 1895 idem,
3206 1835 3447 1885 humano

1875 1941 2129 2012 equidem
2187 1942 2293 1993 ritu
2337 1938 2571 1990 dicens:
2618 1952 2636 1984 ι
2676 1930 2781 1986 Ubi
2834 1930 3078 1984 Lazarus
3129 1926 3275 1994 jaret
3304 1923 3386 1975 ⁸⁸2
3423 1939 3443 1972 ι

1877 2034 2069 2089 divino
2091 2046 2222 2085 vero
2256 2044 2379 2084 cum
2404 2027 2754 2080 exsuscitans
2780 2041 2793 2077 :
2824 2036 3051 2089 corpore
3080 2018 3299 2085 quidem
3334 2013 3452 2081 ipse

1876 2120 2045 2175 veluti
2081 2119 2244 2171 homo
2284 2130 2510 2185 spuens,
2554 2112 2759 2167 deitate
2812 2110 3063 2180 aperiens
3093 2106 3282 2159 oculos
3315 2101 3450 2156 caeci

1880 2228 1910 2265 a
1939 2209 2225 2264 nativitate
2249 2208 2326 2271 ’9;
2360 2215 2416 2260 et
2456 2220 2623 2259 carne
2666 2202 2889 2272 quidem
2921 2199 3136 2268 patiens
3159 2196 3225 2259 ³ο,
3251 2203 3308 2248 ut
3344 2191 3453 2247 Pe-

1880 2312 2002 2357 trus
2041 2303 2137 2365 ait,
2168 2300 2370 2354 deitate
2398 2313 2530 2352 vero
2568 2300 2923 2350 monumenta
2976 2289 3233 2361 aperiens
3273 2294 3328 2341 et
3354 2284 3448 2339 de-

1879 2397 2128 2445 mortuos
2157 2388 2527 2443 exsuscitans.

2092 2481 2367 2538 CCXCIII.
2409 2510 2480 2520 -—-
2522 2476 2893 2533 ZENODORO
2946 2470 3234 2527 DECANO.

1950 2578 2180 2634 Joannis
2226 2572 2821 2644 ConstantinOpolitani
2865 2569 3112 2640 episcopi
3167 2576 3456 2620 sermones

1881 2670 2072 2726 libenti
2116 2668 2305 2723 animo
2349 2679 2538 2720 versas
2565 2681 2581 2730 ;
2606 2678 2670 2718 ex
2708 2663 2777 2717 iis
2808 2662 2989 2728 itaque
3020 2658 3085 2711 ad
3119 2655 3458 2726 postulatum

1883 2772 2039 2819 tuum
2087 2761 2419 2831 respondeo.
2458 2776 2478 2809 ι
2511 2756 2773 2825 Apparuit
2822 2752 3058 2819 Spiritus
3097 2756 3319 2815 sanctus
3363 2744 3460 2799 de-

1885 2854 2160 2911 scendens
2189 2868 2353 2921 super
2368 2850 2555 2905 Jesmn
2584 2848 2749 2902 veluti
2773 2845 3026 2898 columba
3055 2844 3121 2895 ³¹.
3157 2861 3176 2893 ι
3211 2840 3271 2893 1n
3304 2836 3460 2891 nobis

1886 2946 2031 3001 enim
2059 2960 2154 3015 per
2183 2945 2511 3013 baptismum
2546 2939 2897 3009 principium,
2934 2944 2988 2991 et.
3017 2933 3251 2987 arrhabo
3284 2930 3461 2983 deita-

202 3039 475 3112 ἁρραϐὼν
513 3038 770 3104 θεότητος
814 3036 1077 3095 κατοικεῖ,
1130 3036 1186 3086 ὲν
1235 3032 1458 3104 Χριστῷ
1489 3032 1543 3085 δὲ
1586 3033 1693 3085 πᾶν
1725 3032 1787 3085 τὸ

1897 3039 1960 3095 tis
1989 3037 2291 3102 inhabitat;
2350 3036 2405 3089 in
2459 3035 2679 3088 Christo
2729 3040 2907 3084 autem
2950 3027 3151 3083 omnis
3181 3020 3464 3093 plenitudo

205 3136 493 3204 πλήρωμα
518 3131 619 3200 τῆς
658 3130 932 3198 θεότητος.
974 3128 1083 3181 Καὶ
1123 3127 1284 3198 μήτοι
1334 3125 1555 3194 νόμιζε,
1599 3125 1680 3178 ὅτι
1712 3126 1786 3195 μὴ

206 3229 353 3297 ἔχων
378 3223 611 3296 Χριστὸς
637 3220 909 3291 ἐλάμϐανε
935 3219 997 3273 τὸ
1028 3218 1250 3289 Πνεῦμα
1268 3234 1284 3250 ο
1316 3217 1479 3278 αὑτὸς
1507 3215 1614 3285 γὰρ
1636 3215 1793 3267 τοῦτο

208 3316 428 3373 ἄνωθεν
449 3314 776 3369 ἀπέστελλεν
798 3311 873 3374 ὡς
900 3311 1053 3373 Θεὸς,
1083 3311 1178 3363 καὶ
1200 3308 1360 3371 αὑτὸς
1400 3307 1647 3362 κάτωθεν
1666 3306 1794 3359 αὐτὸ

210 3410 290 3462 ὼε
312 3409 605 3478 ἄνθρωπος
619 3404 930 3474 ὑπεδέχετο.
966 3401 1059 3466 Ἐξ
1078 3401 1240 3454 αὑτοῦ
1264 3396 1355 3454 οὖν
1378 3402 1457 3464 εἰς
1484 3399 1644 3451 αὑτὸν
1665 3415 1797 3452 κατ-

212 3506 444 3571 ήρχετο,
475 3500 541 3552 ἐκ
562 3497 663 3568 τῆς
690 3496 943 3566 θεότητος
966 3494 1131 3550 αὑτοῦ
1163 3495 1246 3557 είς
1276 3492 1374 3564 τὴν
1402 3491 1797 3562 άνθρωπότητα

214 3591 413 3647 αὑτοῦ.

321 3672 481 3750 2w.
504 3682 775 3736 -ΠΡΟΣ
808 3677 1245 3734 ΑΝΑΣΤΑΣιοΝ
1275 3676 1696 3730 ΕΠΙΣΚΟΠΟΝ.

305 3774 371 3827 '0
396 3772 497 3841 τῆς
526 3772 587 3824 ὲν
615 3769 895 3839 Βυζαντίῳ
943 3766 1185 3838 μεγάλης
1225 3764 1573 3835 Ἐκκλησίας,
1602 3763 1800 3833 μᾶλλον

222 3866 280 3919 δὲ
312 3863 518 3927 παντὸς
541 3862 635 3916 τοῦ
660 3864 867 3931 κόσμου
894 3860 1119 3930 φωστὴρ
1155 3859 1408 3930 Ἰωάννης
1441 3859 1470 3910 ὸ
1489 3855 1801 3925 θαυμαστὸς

224 3957 433 4028 ζερεὺς,
462 3953 770 4025 διορατικὸς
799 3952 1083 4022 ὑπάρχων,
1122 3948 1383 4012 πολλάκις
1401 3947 1673 4006 τεθέαται.
1697 3947 1804 3999 πᾶ-

227 4066 331 4102 σαν
364 4047 465 4118 μὲν
494 4045 679 4117 σχεδὸν
718 4044 868 4116 ὥραν
903 4044 976 4115 μὴ
1004 4040 1367 4111 ὑστεροῦντα,
1401 4040 1432 4109 ἢ
1466 4038 1805 4107 διαλειπόμε-

226 4157 321 4196 νον
368 4140 464 4193 τὸν
487 4134 636 4193 οἷκον
691 4137 898 4208 Κυρίου
922 4136 1020 4206 τῆς
1049 4133 1158 4188 τῶν
1179 4133 1426 4202 ἀγγέλων
1462 4130 1802 4192 ἐπιστασίας,

231 4229 475 4300 μάλιστα
500 4227 557 4281 δὲ
595 4229 654 4280 ὲν
696 4226 777 4297 τῷ
805 4224 983 4295 καιρῷ
1017 4225 1113 4294 τῆς
1145 4222 1293 4285 θείας
1345 4220 1440 4275 καὶ
1466 4218 1805 4289 άναιμάκτου

230 4320 451 4384 θυσίας.
493 4318 836 4388 Ἐκπλήξεως
856 4311 951 4369 οὖν
986 4316 1079 4368 καὶ
1102 4312 1439 4385 εὐφροσύνης
1468 4311 1674 4379 γέμων,
1697 4310 1809 4371 τοῖς

1892 3132 2110 3188 deitatis
2134 3132 2198 3184 ³¹.
2252 3129 2439 3197 Neque
2489 3125 2541 3179 id
2581 3124 2811 3192 cogites,
2870 3120 3149 3174 Christum
3199 3112 3465 3183 Spiritum

1894 3227 2166 3295 accipere,
2186 3237 2346 3291 quem
2383 3234 2489 3273 non
2516 3217 2750 3271 habebat
2785 3232 2798 3268 :
2833 3214 2951 3280 ipse
2980 3211 3125 3263 enim
3159 3223 3281 3262 cum
3306 3206 3471 3256 desu-

1892 3334 1992 3389 per
2024 3317 2187 3371 veluti
2225 3314 2367 3368 Deus
2397 3311 2667 3373 mittebat,
2710 3309 2826 3375 ipse
2867 3303 3009 3357 infra
3033 3317 3158 3355 enm
3200 3301 3277 3353 uti
3308 3299 3471 3350 homo

1894 3410 2221 3478 excipiebat.
2264 3406 2337 3459 Ex
2386 3405 2506 3473 ipso
2546 3402 2728 3469 itaque
2765 3401 2817 3452 in
2863 3398 3040 3466 ipsum
3082 3392 3470 3456 descendebat,

1895 3514 1964 3555 ex
1993 3498 2196 3553 deitate
2216 3488 2392 3565 ips'ius
2417 3494 2471 3546 in
2498 3489 2895 3546 humanitatem
2929 3485 3122 3554 ipsius.

2003 3676 2170 3747 206
2199 3669 2471 3730 CCXCIV.
2495 3698 2565 3710 --
2586 3660 2979 3720 ANASTASlO
3010 3656 3364 3713 EPISCOPO.

1972 3743 2286 3835 Byzantinus
2321 3773 2533 3827 magna;
2576 3754 2856 3812 Ecclesiae,
2902 3754 3011 3804 imo
3046 3750 3195 3800 orbis
3236 3743 3476 3798 universi

1899 3858 2108 3919 lumen,
2133 3854 2375 3908 Joannes
2398 3847 2737 3905 admirabilis
2758 3843 3035 3903 sacerdos,
3065 3856 3188 3894 cum
3208 3840 3320 3891 acie
3342 3853 3478 3889 oru-

1902 3951 2085 4009 lorum
2134 3947 2362 4008 valeret,
2418 3952 2791 4011 saepenumero
2841 3933 3167 4002 conspexit,
3227 3928 3480 3983 omnibus

1903 4042 2019 4097 fere
2072 4039 2227 4093 horis
2280 4035 2627 4089 Dominicum
2661 4029 2977 4099 angelorum
3030 4023 3313 4078 curatione
3354 4035 3481 4089 pro-

1907 4142 2135 4192 tectum,
2157 4141 2437 4194 nunquam
2462 4126 2534 4179 ab
2558 4125 2665 4178 illis
2692 4122 3038 4180 destitutum,
3056 4127 3109 4171 et
3135 4115 3478 4183 potissimum

1907 4238 2153 4295 tempore
2202 4218 2544 4277 sacrosancti
2576 4213 2958 4279 incruentiqtte
3005 4206 3283 4263 sacriﬁcii.
3326 4203 3479 4270 Quod

1907 4317 2000 4371 ille
2029 4312 2392 4368 admiratione
2417 4318 2468 4363 et
2500 4306 2683 4361 lastitia
2717 4306 2909 4372 plenus
2940 4302 3237 4353 amicorum
3274 4297 3351 4349 illi
3371 4295 3483 4364 spi-

228 4414 481 4485 γνησίοις
494 4412 603 4466 τῶν
624 4406 1009 4480 πνευματικῶν
1029 4406 1199 4475 φίλων
1216 4404 1333 4457 κατ’
1358 4402 1489 4455 ἰδίαν
1514 4401 1791 4470 διηγήσατ‹

1913 4408 2021 4461 ritu
2052 4404 2469 4472 conjunctorum
2496 4396 2746 4468 genuinis
2767 4404 2916 4447 extra
2944 4393 3159 4446 turbam
3184 4388 3481 4443 enarravit.

232 4507 298 4559 τὸ
329 4506 584 4576 πρᾶγμα.
632 4499 965 4571 ’Δρχομένου
1002 4497 1133 4567 γὰρ,
1170 4494 1355 4563 φησὶν,
1380 4491 1477 4546 τοῦ
1502 4489 1688 4561 ἱερέως
1716 4488 1814 4559 τὴν

235 4597 400 4664 ἁγίαν
438 4592 707 4648 ποιεῖσθαι
738 4588 1131 4661 προσκομιδὴν,
1153 4586 1402 4638 πλεῖσται
1428 4584 1685 4652 ἐξαίφνης
1705 4580 1815 4634 τῶν

236 4688 527 4761 μακαρίων
554 4684 841 4754 δυνάμεων
876 4679 937 4745 ἐξ
968 4678 1196 4750 οὐρανοῦ
1230 4674 1606 4737 κατελθοῦσαι,
1644 4674 1814 4743 ὑπερ-

233 4783 525 4852 λάμπρους
566 4778 720 4841 τινὰς
760 4774 954 4837 στολάς
985 4769 1461 4844 περιϐεϐλημέναι,
1512 4765 1702 4836 γυμνῷ
1738 4764 1815 4834 τῷ

236 4874 365 4927 ποδὶ
394 4912 410 4935 ,
460 4870 698 4939 συντόνῳ
741 4868 823 4937 τῷ
849 4865 1141 4935 βλέμματι,
1198 4860 1350 4914 κάτω
1392 4858 1449 4911 δὲ
1482 4856 1688 4910 νεύοντι
1734 4855 1813 4924 τῷ

238 4962 522 5035 προσώπῳ
554 4958 1044 5030 περιστοιχήσασαι
1072 4955 1135 5007 τὸ
1162 4951 1547 5020 θυσιαστήριον
1580 4946 1695 5018 μετ’
1723 4947 1816 4999 εὑ-

238 5056 491 5118 λαϐείας,
515 5055 608 5108 καὶ
630 5052 835 5119 πολλῆς
861 5048 1110 5118 ἡσυχίας,
1135 5045 1233 5099 καὶ
1256 5046 1486 5111 σιωπῆς,
1519 5040 1817 5110 παρίστανο

238 5166 337 5202 ται
370 5147 533 5216 μέχρι
564 5147 664 5214 τῆς
716 5139 1048 5201 τελειώσεως
1073 5135 1168 5190 τοῦ
1207 5133 1436 5206 φρικτοῦ
1480 5131 1778 5202 μυστηρίου
1801 5145 1815 5162 ·

240 5238 365 5295 εἶτα
389 5238 731 5307 διαιρεθέντες
755 5235 877 5289 καθ’
909 5236 1027 5287 ὅλον
1060 5234 1149 5286 τὸν
1174 5231 1467 5298 σεϐάσμιον
1499 5221 1667 5288 οἷκον,
1692 5225 1819 5296 τῇδε

1913 4497 2106 4552 Aiebat
2134 4493 2335 4549 etenim
2366 4490 2478 4547 ille.
2517 4486 2698 4542 statim
2748 4493 2912 4552 atque
2961 4479 3216 4534 sacerdos
3270 4489 3482 4529 sacrant

1913 4588 2181 4657 inciperet
2208 4581 2566 4640 oblationem,
2598 4578 2884 4646 plerasque
2904 4573 2971 4626 de
2992 4580 3210 4639 repente
3227 4584 3290 4621 ex
3312 4565 3485 4619 beatis

1913 4677 2281 4752 potestatibus
2314 4674 2383 4729 de
2410 4670 2553 4726 coelo
2584 4666 3003 4725 descendentes,
3031 4670 3086 4715 et
3106 4656 3453 4729 splendidissi
3472 4686 3487 4695 ε

1914 4772 2019 4827 mis
2049 4767 2376 4840 quibusdam
2397 4763 2647 4819 vestibus
2671 4756 3135 4817 circumamictas,
3161 4751 3309 4804 nudo
3331 4746 3484 4817 pede,

1913 4861 2141 4917 intentis
2161 4858 2360 4920 oculis,
2400 4864 2454 4911 et.
2492 4854 2727 4909 demissa
2759 4850 2897 4903 facie
2937 4848 3108 4901 altare
3140 4843 3489 4899 circumeun-

1913 4964 2018 5019 tes,
2051 4968 2177 5007 cum
2226 4948 2596 5009 veneratione,
2628 4951 2680 4997 et
2723 4943 2890 4996 multa
2925 4939 3126 5008 quiete,
3163 4942 3219 4989 et
3240 4932 3486 4996 silentio,

1914 5060 2092 5114 usque
2130 5043 2195 5098 ad
2236 5040 2498 5095 terribilis
2531 5034 2776 5106 mysterii
2825 5026 3348 5086 consummationem
3395 5037 3488 5076 as-

1916 5138 2114 5193 sistere
2148 5152 2161 5187 :
2194 5142 2308 5185 tum
2343 5129 2560 5183 demum
2597 5140 2690 5195 per
2723 5120 3092 5178 venerandum
3146 5114 3487 5168 Dominicum

1917 5225 2161 5293 undique
2205 5221 2407 5277 effusas
2435 5259 2450 5283 ,
2494 5218 2597 5269 hac
2642 5223 2806 5283 atque
2856 5213 2982 5265 illac
3035 5208 3279 5278 singulas
3312 5204 3490 5259 obviis

243 5333 477 5386 κάκεῖσε
519 5330 746 5391 ἕκαστος
799 5326 978 5379 αὑτῶν
1006 5328 1118 5387 τοῖς
1154 5318 1561 5393 παρατυχοῦσιν
1602 5317 1791 5371 ὲπισκό

1920 5314 2219 5384 episcopis,
2243 5320 2299 5365 et
2322 5307 2725 5371 sacerdotibus,
2748 5314 2800 5359 et
2843 5303 3074 5373 singulis
3097 5296 3367 5359 diaconis,
3396 5294 3490 5364 qui

242 5440 397 5485 ποις,
427 5420 523 5474 καὶ
552 5418 965 5489 πρεσϐυτέροις,
1000 5418 1093 5470 καὶ
1123 5417 1258 5468 πᾶσι
1287 5414 1401 5473 τοῖς
1437 5410 1703 5472 διακόνοις
1722 5408 1789 5477 τὴ

1922 5422 2145 5474 corpus,
2165 5419 2229 5457 ac
2252 5400 2619 5455 venerandum
2645 5396 2962 5465 sanguinem
2991 5393 3113 5447 aliis
3139 5388 3488 5457 dispertiunt,

247 5509 518 5582 χορηγίαν
552 5508 895 5579 ποιουμένοις
921 5504 1013 5559 τοῦ
1066 5504 1316 5574 σώματος
1363 5500 1460 5554 καὶ
1506 5499 1600 5553 τοῦ
1634 5499 1819 5569 τιμίου

1922 5496 2272 5556 ministrare,
2321 5487 2617 5551 auxiliari,
2664 5486 2917 5555 viresque
2968 5484 3310 5538 conﬁrmare.
3364 5475 3492 5532 lianc

323 5689 367 5719 "
399 5686 560 5741 Juan.
589 5702 668 5747 λι.
699 5686 786 5740 lt.
861 5683 904 5715 ’⁸
939 5680 1070 5737 Ibid.
1099 5682 1187 5736 3L
1265 5681 1311 5713 ”
1333 5677 1493 5735 Joan.
1525 5693 1605 5741 IS,
1626 5675 1679 5731 θ.
1757 5674 1791 5706 ³⁴

1897 5672 2033 5727 Pctr.
2068 5688 2141 5737 ιν,
2172 5671 2221 5725 Ι.
2298 5667 2337 5701 ³⁸
2372 5664 2558 5721 Matth.
2601 5679 2678 5729 ιιι,
2707 5662 2790 5719 16.
2867 5661 2910 5692 ³¹
2940 5658 3153 5717 Coloss.
3189 5655 3323 5723 ",9.
