3850 6218
383 246 486 310 347

1880 243 1941 301 S.
1988 241 2151 301 NILI

3514 232 3634 295 348

384 376 517 416 vero
572 369 696 413 meo
753 357 959 420 ευτίῢυ,
1019 366 1074 411 ut
1129 363 1274 411 sacri
1318 353 1613 411 ministerii
1673 356 1953 410 tremenda

2085 355 2285 423 ;ίματος
2354 350 2712 423 συνεργοῦσαι
2764 348 3213 421 συμπράττωσι,
3270 347 3366 400 καὶ
3407 362 3636 401 συνεπι-

387 452 900 515 animadverteutes,
942 465 1010 503 nc
1053 445 1314 504 εοεαε-ιιβέ
1348 449 1490 512 sitis,
1532 447 1719 503 divino
1761 448 1963 501 timore

389 526 725 613 posthabito,
750 548 804 595 et
836 541 978 594 inter
1023 555 1120 593 vos
1147 539 1582 605 contendentes;
1634 554 1810 607 neque
1841 538 1965 592 aliis

386 634 717 705 permittatis
744 640 804 686 ut
832 632 1100 700 colloquia
1135 630 1447 696 conferant,
1488 641 1581 684 aut
1605 638 1965 686 susurrentur

387 726 682 781 oblationis
713 735 981 795 tempore,
1036 735 1092 778 et
1136 724 1401 778 audacter
1444 732 1657 788 nutent,
1694 730 1747 778 et
1773 738 1803 777 a
1829 737 1965 775 con-

389 816 558 870 stanti
612 815 847 870 statione
895 823 1301 880 removeantur,
1350 825 1406 868 et
1457 816 1559 868 hac
1616 821 1781 883 atque
1840 812 1965 866 illac

389 908 579 962 oculos
611 914 925 973 torqueant,
957 913 1011 959 et
1060 921 1154 974 per
1203 905 1479 967 inertiam,
1528 914 1602 967 et,
1651 906 1728 958 uti
1771 905 1966 972 vulgus

392 1001 550 1064 solet,
588 1000 834 1053 ordinem
881 999 1155 1052 deserant.
1213 996 1355 1049 Dicit
1406 1011 1639 1061 namque
1701 994 1965 1048 Dominus

394 1090 586 1161 Moysi,
616 1099 671 1143 et
716 1105 811 1158 per
860 1088 1015 1141 illum
1047 1087 1427 1143 sacerdotibus
1464 1087 1624 1156 267
1657 1086 1916 1140 omnibus
1948 1101 1963 1137 ε

399 1201 417 1235 ι
454 1182 579 1237 Pios
613 1181 773 1235 facite
802 1180 940 1235 filios
970 1180 1157 1247 Israel,
1183 1189 1237 1235 et
1274 1195 1382 1234 non
1415 1179 1763 1249 despectores
1794 1177 1861 1231 ³³.
1904 1196 1923 1228 ι

621 1361 873 1416 CCXCV.
908 1392 976 1402 —
1004 1358 1298 1416 FALCONI
1353 1357 1731 1415 CURATORI.

468 1448 525 1501 Si
567 1450 620 1501 in
652 1450 903 1519 angelum
936 1449 1074 1503 lucis
1102 1448 1355 1501 diabolus
1385 1455 1650 1516 permeat,
1681 1454 1738 1498 ut
1760 1444 1965 1508 eludat,

396 1548 452 1595 et
481 1538 670 1609 perdat
699 1554 815 1599 eos,
847 1539 941 1607 qui
992 1538 1061 1592 ab
1092 1553 1156 1592 eo
1202 1536 1528 1598 illuduntur,
1576 1536 1704 1604 quid
1750 1533 1968 1588 miraris

2066 442 2339 513 σχὺουσιν.
2372 440 2560 493 Ταῦτα
2580 439 2637 491 δὲ
2661 439 2875 509 γράφω,
2907 438 2994 489 ἵνα
3027 435 3287 506 μαθόντες
3313 432 3374 487 τὸ
3402 432 3643 503 φοϐερὸν

2062 535 2163 603 τῆς
2192 533 2342 596 θείας
2387 532 2747 603 λειτουργίας,
2798 533 2935 601 μήτε
2979 531 3133 583 αὑτοὶ
3181 528 3456 596 διατεθῆτε
3488 528 3640 597 ἀμε-

2064 625 2280 688 λοῦντες
2301 624 2395 677 τοῦ
2428 624 2572 677 θείου
2603 623 2766 691 φόϐου
2795 621 3155 692 διαχεόμενοι,
3186 623 3319 692 μήτε
3355 620 3410 672 δὲ
3436 619 3639 681 ἄλλους

2064 717 2214 779 τινὰς
2238 715 2558 786 συγχωρῆτε
2585 714 2814 783 ὁμιλεῖν,
2837 712 2870 783 ἢ
2901 711 3209 784 ψιθυρίξειν
3228 710 3318 763 ἐπὶ
3342 712 3439 778 τῆς
3464 725 3645 778 προσ-

2065 808 2313 877 κομιδῆς,
2352 806 2489 876 μήτε
2519 805 2695 857 νεύειν
2725 802 3056 875 θαρσαλέως,
3084 802 3118 872 ἢ
3156 798 3645 873 παρασαλεὺεσθαι

2064 900 2162 969 τῆς
2188 897 2480 969 ἐμϐριθοῦς
2508 896 2774 959 στάσεως,
2818 897 2953 965 μήτε
2977 888 3079 947 ὧδε
3113 894 3339 947 κάκεῖσε
3384 890 3645 962 περιὸλέ-

2066 991 2284 1052 πεσθαι,
2325 990 2358 1059 ἢ
2412 987 2710 1060 ῥέμϐεσθαι
2758 985 3017 1056 ῥᾳθύμως
3066 986 3161 1038 καὶ
3185 983 3435 1054 χυδαίως.
3471 981 3647 1047 Λέγει

2067 1084 2174 1152 γὰρ
2205 1084 2234 1135 6
2263 1081 2463 1151 Κύριος
2484 1079 2561 1149 τῷ
2582 1080 2809 1147 Μωῦσῇ,
2839 1078 2907 1130 δι’
2939 1076 3105 1131 αὑτοῦ
3132 1078 3294 1129 πᾶσιν
3326 1077 3438 1137 τοῖς
3460 1071 3648 1143 ἱερεῦ-

2069 1190 2151 1225 σιν
2171 1188 2186 1201 ·
2225 1191 2242 1222 ι
2284 1171 2543 1232 Εὑλαὸεἰς
2564 1170 2827 1237 ποιήσατε
2846 1167 2971 1231 τοὺς
2999 1168 3148 1230 υἱοὺς
3186 1165 3420 1239 Ἰσραὴλ,
3441 1164 3538 1216 καὶ
3563 1162 3649 1233 μὴ

2066 1262 2501 1335 καταφρονητάς.
2537 1280 2555 1312 θ

2336 1354 2489 1420 ΣιιΕι.
2510 1382 2581 1393 -
2610 1350 2914 1403 ΦΑΛΚΩΝΙ
2949 1348 3361 1402 ΚΟΥΡΛΤΟΡΙ.

2137 1448 2200 1499 El
2227 1447 2307 1509 είς
2330 1445 2562 1513 ἄγγελον
2580 1443 2755 1512 φωτὸς
2775 1445 2802 1496 6
2826 1442 3071 1504 διάϐολος
3103 1440 3651 1511 μετασχηματίζεται

2067 1540 2203 1611 πρὸς
2249 1538 2484 1608 ἀπάτην,
2540 1536 2637 1589 καὶ⁵
2689 1534 2908 1604 ὄλεθρον
2956 1532 3064 1586 τῶν
3094 1532 3552 1601 ὲξαπατωμένων,
3588 1531 3652 1583 τί

399 1631 628 1684 audiens
656 1629 904 1684 eumdem
934 1629 1235 1698 saepissime
1257 1628 1582 1691 belluarum,
1603 1636 1657 1681 et
1677 1625 1964 1696 pecudum,

2085 1628 2371 1698 )αυμάζεις
2427 1627 2666 1688 ἀκούσας
2719 1625 2924 1677 τούτων
2974 1622 3236 1685 πολλάκις
3268 1623 3513 1692 θηρίων,
3550 1624 3655 1677 καὶ

399 1729 455 1776 et
489 1722 670 1776 avium
704 1720 890 1789 figuris
915 1720 1360 1774 circumvestiri?

665 1810 933 1867 CCXCVI.
960 1838 1030 1849 —
1052 1808 1352 1865 LICINNIO
1399 1806 1707 1862 PRIMATI.

470 1899 615 1956 Cave
643 1902 792 1956 dicas
829 1916 843 1952 :
891 1900 1107 1970 Nequeo
1144 1900 1495 1954 reconciliare
1526 1899 1655 1951 mihi
1687 1896 1966 1950 inimicum

402 1991 700 2054 hominem,
735 2006 859 2045 cum
900 1992 1175 2060 pessimus
1224 1991 1318 2055 sit,
1367 2005 1469 2065 nec
1520 1989 1820 2043 remedium
1870 1986 1969 2039 ad-

405 2081 601 2135 mittat.
637 2081 798 2137 Potes
836 2082 982 2135 enim
1023 2082 1122 2135 tibi
1176 2082 1326 2135 illum
1358 2080 1739 2143 reconciliare,
1779 2086 1835 2133 et
1870 2077 1969 2131 tibi

406 2172 727 2228 benevolum
756 2172 1004 2236 reddere,
1052 2172 1099 2226 si
1150 2172 1310 2225 modo
1340 2171 1581 2225 volueris
1618 2179 1734 2224 toto
1764 2171 1967 2223 animo.

405 2264 547 2330 Quid
576 2265 722 2319 enim
758 2264 915 2319 leone
949 2264 1282 2318 immanius?
1314 2279 1438 2319 eum
1483 2246 1841 2317 nihilominus
1868 2262 1971 2315 ho-

406 2357 584 2411 mines
609 2358 860 2410 cicurant
885 2374 900 2420 ;
938 2363 989 2409 et
1018 2370 1108 2410 ars
1132 2365 1381 2410 naturam
1415 2364 1592 2424 urget.
1622 2364 1678 2409 et
1700 2371 1801 2409 ove
1836 2369 1973 2417 qua-

406 2447 537 2502 libet
576 2448 634 2500 fit
662 2447 745 2501 leo
778 2446 1141 2511 mansuetior,
1181 2454 1236 2501 et
1266 2461 1362 2515 per
1388 2445 1505 2500 fora
1534 2445 1740 2499 nullum
1776 2445 1973 2499 timens

407 2537 745 2592 obambulat.
785 2534 1088 2601 Quamnam
1138 2536 1304 2604 igitur
1334 2537 1547 2589 veniam
1595 2534 1971 2604 consequeris,

408 2645 571 2700 quam
607 2630 1016 2697 responsionem
1048 2628 1299 2695 objicies,
1336 2626 1490 2690 dum,
1526 2628 1722 2683 belluis
1757 2630 1978 2683 cicura-

409 2722 504 2784 tis,
561 2721 677 2789 ipse
717 2721 799 2773 ais
850 2735 958 2772 non
1016 2734 1178 2787 posse
1235 2719 1509 2773 hominem
1554 2736 1619 2773 ex
1668 2721 1879 2776 feritate
1908 2723 1974 2777 ad

409 2811 883 2867 mansuetudinem
919 2810 1245 2864 traducere?
1268 2811 1335 2865 Et
1365 2818 1545 2864 tamen
1568 2810 1757 2864 bellum
1783 2821 1978 2881 praeter

409 2913 661 2959 naturam
722 2903 976 2956 tractatio
1038 2911 1143 2966 est,
1210 2902 1416 2955 homini
1478 2910 1675 2970 prieter
1723 2912 1975 2956 naturam

2069 1720 2304 1790 κτηνῶν,
2327 1719 2419 1770 καὶ
2443 1716 2645 1787 ὀρνέων
2678 1714 2893 1784 μορφὰς
2922 1715 3328 1782 ἡμεριεσμένων.

2293 1808 2466 1875 Σιιςο.
2495 1836 2566 1846 —
2597 1804 2911 1876 ΛΙΚΙΝΝΙῼ
2943 1803 3399 1857 ΠΡΩΤΕΥΟΝΤΙ.

2136 1899 2227 1970 Μὴ
2254 1898 2403 1965 λέγε,
2430 1898 2512 1950 ὃτι
2536 1897 2610 1949 Οὐ
2630 1896 2865 1963 δύναμαι
2886 1893 3163 1958 διαλλάξαι
3195 1912 3283 1964 μοι
3304 1895 3394 1947 τὸν
3419 1893 3651 1965 ἐχθραί-

2067 2009 2224 2045 νοντα
2253 1990 2557 2057 ἄνθρωπον,
2590 2005 2723 2055 πονη
2734 1987 2825 2056 ρόν
2854 2004 2972 2039 τινα
2999 1987 3333 2056 ὑπάρχοντα,
3368 1985 3464 2039 καὶ
3489 1985 3653 2038 ἁνία-

2070 2100 2177 2136 τον.
2236 2079 2376 2150 Δὺνῃ
2414 2080 2521 2149 γὰρ
2572 2077 2903 2142 καταλλάξαι
2962 2094 3047 2129 σοι
3099 2077 3280 2141 αὑτὸν,
3315 2078 3408 2130 καὶ
3434 2077 3651 2145 εὐμενῆ

2068 2175 2311 2245 ποιῆσαι,
2343 2173 2438 2227 ἐὰν
2470 2175 2627 2243 μόνον
2658 2174 2888 2241 θελήσῃς
2917 2170 3012 2241 ὅλῃ
3033 2172 3199 2241 ψυχῇ.
3228 2170 3293 2222 Τί
3326 2170 3433 2239 γάρ
3460 2170 3527 2239 δὴ
3547 2168 3653 2222 τοῦ

2068 2268 2282 2329 λέοντος
2312 2264 2680 2338 ἀγριώτερον;
2734 2264 2842 2317 Καὶ
2891 2264 3042 2332 ὅμως
3090 2262 3281 2315 τοῦτον
3342 2260 3654 2331 ήμεροῦσιν

2070 2358 2367 2427 ἄνθρωποι,
2396 2357 2490 2410 καὶ⁵
2520 2358 2554 2426 ἠ
2582 2357 2746 2425 τέχνη
2776 2354 2873 2424 τὴν
2899 2354 3061 2423 φύσιν
3084 2354 3349 2423 βιάζεται,
3376 2353 3470 2405 καὶ
3496 2352 3653 2418 γίνε-

2071 2452 2213 2503 τα.ιὸ
2238 2448 2374 2501 λέων
2413 2447 2687 2517 προϐάτου
2716 2444 2915 2507 παντὸς
2943 2443 3381 2512 ἐπιεικέστερος.
3431 2444 3526 2495 καὶ
3558 2442 3656 2495 διὰ

2072 2539 2173 2609 τῆς
2226 2539 2434 2608 ἀγορᾶς
2472 2538 2762 2607 περιπατεί
2814 2535 3019 2606 μηδένα
3074 2535 3459 2603 δεδιττόμενος.
3508 2533 3655 2585 Τίνα

2073 2631 2253 2685 τοίνυν
2289 2630 2431 2694 ἕξεις
2464 2628 2816 2697 συγγνώμην,
2868 2630 3026 2679 ποίαν
3063 2627 3391 2693 ἀπολογίαν,
3437 2626 3655 2695 θηρίων

2075 2723 2465 2793 ἡμερουμένων
2489 2762 2505 2784 ,
2552 2720 2834 2789 ἄνθρωπον
2887 2719 3060 2787 λέγων
3112 2718 3185 2789 μὴ
3219 2719 3476 2771 δύνασθαι
3507 2721 3656 2789 ἤμει·

2078 2814 2238 2886 ροῦν;
2272 2815 2462 2867 Καίτοι
2496 2812 2573 2884 τῷ
2599 2812 2698 2882 μὲν
2731 2813 2907 2883 θηρίῳ
2931 2813 3081 2882 παρὰ
3122 2812 3280 2882 φύσιν
3313 2814 3376 2865 τὸ
3409 2814 3652 2883 ἥμερον,

2076 2905 2152 2976 τῷ
2183 2906 2227 2959 δ’
2258 2905 2527 2977 ἀνθρώπῳ
2558 2905 2707 2976 παρά
2737 2907 2899 2973 φύσιν
2926 2904 2987 2957 τὸ
3009 2905 3219 2976 ἄγριον.
3261 2904 3497 2974 Θὲλησον
3532 2906 3650 2957 τοί-

413 2995 625 3049 feritas.
652 2993 845 3059 Quare.
872 2993 957 3047 fac
981 2993 1114 3046 velis
1150 2992 1215 3045 ad
1247 2993 1429 3045 minus
1453 3004 1769 3060 prmseiiteui
1801 2996 1974 3048 emol-

2085 3019 2173 3053 vuv
2212 3000 2314 3052 κᾶν
2347 2998 2438 3051 ἐπὶ
2478 2997 2572 3051 τοῦ
2617 2999 2883 3068 παρόντος
2926 2995 3332 3067 καταπραῧναι,
3373 2997 3464 3049 καὶ
3493 2996 3655 3065 φίλον

410 3086 531 3153 lire,
568 3095 623 3142 et
662 3087 897 3139 amicum
941 3085 1038 3139 tibi
1070 3085 1308 3136 vicinum
1340 3084 1539 3137 facere.

622 3174 915 3231 CCXCVII.
941 3205 1010 3215 —
1037 3172 1293 3229 (ΞΛΜΝο
1342 3171 1747 3228 EPARCHICO.

489 3279 509 3313 ι
533 3261 668 3316 Cum
694 3263 767 3314 illi
786 3262 1032 3329 subjecta
1066 3261 1269 3314 fuerint
1296 3262 1499 3323 omnia,
1524 3263 1620 3325 ait,
1640 3268 1769 3315 tunc
1787 3271 1840 3315 et
1865 3262 1980 3331 ipse

413 3350 587 3406 Filius
646 3368 743 3422 pro
790 3353 947 3407 nobis
1006 3353 1329 3421 subjicietur
1392 3352 1537 3406 Patri
1592 3369 1691 3422 pro
1746 3355 1980 3423 prOpriis

417 3445 675 3500 membris
704 3444 767 3499 “.
807 3463 827 3495 ι
856 3473 927 3483 -
971 3464 989 3496 ι
1028 3444 1267 3498 Membra
1320 3445 1465 3498 eiiim
1512 3460 1704 3500 sumus
1753 3446 1978 3508 Christi,

416 3552 482 3592 ex
511 3552 676 3591 carne
703 3536 896 3606 ipsius,
936 3544 991 3590 et
1029 3536 1193 3606 268
1224 3552 1289 3591 ex
1331 3535 1551 3592 ossibus
1586 3537 1732 3593 illius
1764 3538 1832 3601 ³⁵,
1866 3556 1887 3589 ι
1923 3547 1983 3592 ιιι

419 3612 718 3699 Apostolus
750 3629 934 3682 tradit.
966 3626 1219 3682 Nostram
1256 3628 1420 3696 igitur
1450 3628 1868 3695 subjectionem,
1889 3630 1982 3697 qui

419 3722 572 3793 prius
606 3721 824 3790 subjici,
855 3728 908 3774 et
937 3721 1154 3773 suaderi
1196 3719 1609 3784 recusabamus,
1642 3734 1797 3774 suam
1830 3720 1987 3776 Chri-

420 3824 542 3870 stus
569 3813 715 3871 fecit.
746 3814 836 3883 qui
868 3812 1045 3865 nostri
1082 3812 1391 3877 lideijussor
1422 3819 1529 3866 est.

424 3923 748 3983 CCXCVIII.
796 3955 865 3965 -—
906 3921 1654 4047 PRISCSANRTFEIPUBLICE
1706 3922 1985 3980 OPERAM

498 4086 601 4155 Qui
632 4086 964 4157 pauperibus
993 4086 1253 4155 pecunias
1282 4084 1548 4142 exhibuit.
1571 4094 1626 4139 et
1653 4084 1745 4154 qui
1779 4087 1984 4155 rapaci,

423 4186 481 4234 et
528 4178 829 4231 alienorum
870 4175 1131 4234 invasori.
1171 4173 1252 4227 vel
1292 4173 1530 4243 pessimo
1562 4174 1766 4227 homini
1812 4190 1990 4243 neque

423 4268 735 4329 insidiatur,
767 4281 941 4335 neque
982 4264 1293 4327 maledicit;
1351 4263 1702 4317 manifestum
1768 4272 1853 4318 est
1895 4278 1988 4317 eos

2082 3109 2164 3145 σοι
2200 3089 2421 3160 ποιῆσαι
2455 3089 2546 3142 τὸν
2575 3091 2811 3158 γείτονα.

2386 3182 2539 3248 Σιῑν.
2566 3212 2633 3221 -.
2664 3181 2923 3251 ΚΔΡΙΝῼ
2951 3180 3325 3249 ΕΠΑΡΧΙΚῼ.

2154 3289 2176 3324 ι
2216 3272 2384 3323 ’Ὅταν
2405 3272 2459 3324 δὲ
2484 3272 2727 3341 ὑποταγῇ
2763 3270 2913 3341 αὑτῷ
2949 3271 3124 3322 πάντα
3147 3311 3163 3335 ,
3199 3270 3353 3340 φησὶ,
3389 3270 3510 3323 τότε
3560 3271 3653 3324 καὶ

2081 3360 2240 3423 αὑτὸς
2265 3361 2293 3413 6
2314 3360 2441 3423 Υἱὸς
2461 3362 2576 3413 ἀνθ’
2600 3363 2759 3431 ἡμῶν
2783 3361 3184 3430 ὑποταγήσεται
3212 3358 3289 3429 τῷ
3319 3360 3490 3431 Πατρὶ
3508 3361 3654 3431 ὑπὲρ

2085 3454 2197 3506 τῶν
2231 3453 2375 3505 ἰδίων
2411 3452 2607 3521 μελῶν.
2625 3472 2642 3505 ι
2665 3482 2732 3491 -
2754 3472 2772 3502 ι
2791 3452 2945 3521 Μέλη
2970 3452 3079 3521 γάρ
3107 3453 3273 3520 ἐσμεν
3289 3449 3382 3502 τοῦ
3412 3452 3651 3519 Χριστοῦ

2082 3547 2145 3597 ὲκ
2166 3544 2264 3614 τῆς
2304 3543 2504 3611 σαρκὸς
2534 3543 2721 3609 αὑτοῦ,
2745 3543 2839 3595 καὶ
2866 3545 2929 3595 ὲκ
2959 3542 3068 3596 τῶν
3092 3543 3291 3596 ὀστέων
3310 3543 3495 3605 αὑτοῦ,
3532 3562 3552 3595 ι
3578 3544 3654 3617 ὡς

2082 3636 2229 3691 λέγει
2262 3637 2290 3688 6
2333 3634 2671 3697 Ἀπόστολος.
2716 3634 2827 3704 Τὴν
2854 3634 3126 3704 ἡμετέραν
3159 3635 3333 3686 τοίνυν
3372 3636 3653 3706 ὑποταγὴν

2082 3726 2190 3779 τῶν
2216 3725 2407 3797 πρώην
2438 3725 2827 3779 ἀνυτιοτάκτων
2857 3726 2949 3779 καὶ
2982 3725 3245 3791 ἀπειθῶν,
3287 3726 3423 3779 ἰδίαν
3453 3729 3482 3780 6
3518 3728 3654 3798 Χρι-

2087 3820 2207 3883 στὸς
2238 3820 2548 3888 πεποίηται,
2576 3818 2651 3876 ὡς
2673 3818 2926 3887 ἀνάδοχος
2954 3817 3128 3887 ἡμῶν.

2297 3932 2455 3999 xm.
2486 3960 2557 3973 —
2586 3931 2837 4001 ΠΡΙΣΚῼ
2868 3930 3427 4004 ΠΟΛΙΤΕΥΟΜΕΝῼ.

2167 4088 2227 4140 Ὀ
2264 4087 2375 4148 τοῖς
2418 4085 2611 4155 πένησι
2645 4082 2912 4148 ἵδεδωκὼς
2943 4084 3014 4137 τὰ
3063 4085 3340 4156 χρήματα,
3376 4087 3470 4138 καὶ
3516 4088 3547 4140 6
3574 4087 3652 4158 τῷ

2089 4176 2540 4244 πλεονεκτήσαντι
2588 4175 2798 4245 ᾰρπαγι
2837 4173 2931 4227 καὶ
2983 4175 3243 4247 μοχθηρῷ
3276 4176 3547 4249 ἀνθρώπῳ
3578 4180 3650 4248 μὴ

2089 4267 2475 4329 ἐπιϐουλεύων,
2510 4267 2645 4336 μήτε
2685 4266 3072 4337 καταρώμενος
3092 4305 3109 4329 ,
3140 4267 3298 4337 δῆλον
3338 4269 3418 4321 ὅτι
3447 4268 3536 4322 διὰ
3563 4269 3653 4321 τὸν

422 4364 621 4415 timore
670 4360 760 4414 Dei
814 4374 876 4412 ea
934 4357 1309 4427 perlicientes,
1377 4355 1577 4409 similia
1640 4363 1694 4408 et
1741 4356 1975 4410 cuzleste:

2089 4360 2251 4429 φόϐον
2297 4357 2390 4411 τοῦ
2434 4357 2569 4410 Θεοῦ
2627 4358 2925 4428 ἀμφότεροι
2982 4358 3153 4412 ταῦτα
3200 4358 3500 4425 ποιοῦντες,
3547 4361 3653 4414 τῶν

425 4451 704 4507 mercedes
738 4463 995 4518 possessu
1005 4462 1113 4500 ros.

622 4539 893 4596 CCXCIX.
915 4569 983 4579 —
1011 4537 1258 4592 ZENDNI
1323 4535 1788 4591 DECEMPRIMO.

497 4632 832 4702 Sacrilegum
856 4629 1080 4684 omnino
1105 4638 1209 4692 est,
1235 4644 1299 4681 ac
1318 4628 1543 4697 impium
1565 4628 1769 4691 dicere,
1793 4635 1987 4682 natura

423 4726 692 4783 exsistere
727 4723 887 4785 mala,
925 4733 977 4775 et
1009 4736 1115 4774 non
1152 4720 1443 4774 electione.
1478 4718 1627 4773 Licet
1658 4720 1804 4773 enim
1833 4719 1989 4773 Scri-

425 4820 585 4883 ptura
608 4810 754 4865 dicat
792 4829 807 4864 :
850 4830 868 4862 ι
904 4809 1176 4879 Cogitatio
1203 4808 1440 4863 hominis
1489 4809 1543 4861 in
1583 4808 1783 4861 malum
1814 4824 1989 4878 prona

423 4911 510 4957 est
553 4903 622 4956 ab
665 4902 953 4972 juventute
981 4903 1099 4968 ejus
1123 4901 1203 4965 ³⁶;
1240 4920 1259 4951 ι
1296 4900 1555 4954 dictionis
1581 4909 1760 4955 tamen
1795 4900 1989 4955 modus

426 4996 787 5052 attendendus
833 4994 931 5049 tibi
965 5004 1086 5059 est;
1119 5009 1228 5047 non
1259 5004 1455 5046 natura
1486 4993 1669 5062 pravis
1710 4994 1983 5047 hominem

428 5098 665 5143 mentem
691 5087 982 5156 applicare,
1015 5100 1191 5152 neque
1219 5099 1282 5138 ex
1316 5083 1405 5149 iis,
1438 5099 1557 5151 quae
1580 5100 1608 5137 a
1644 5083 1751 5138 Deo
1776 5100 1804 5137 a
1833 5086 1987 5152 prin-

428 5178 574 5249 cipio
614 5188 813 5233 nostra:
848 5175 1168 5247 cogitationi
1220 5176 1481 5231 instillata
1523 5187 1672 5243 sunt,
1718 5179 1988 5232 naturalia

412 5269 721 5324 desideria.
767 5269 924 5323 Absit
967 5268 1094 5321 hoc!
1129 5266 1254 5332 Sed,
1281 5283 1349 5322 ex
1381 5267 1672 5336 juventute
1727 5269 1985 5333 hominis,

414 5360 696 5443 ‘seriptum
723 5368 828 5423 est,
852 5368 911 5412 ut
940 5360 1280 5421 ostendatur,
1305 5373 1368 5412 ex
1407 5360 1753 5427 suggestione
1782 5358 1984 5413 diaboli

416 5464 535 5518 mos
576 5465 741 5521 prava
770 5451 1078 5522 possidere,
1120 5448 1372 5519 facilique
1414 5449 1652 5519 negotio,
1705 5449 1888 5518 potius
1915 5450 1986 5504 ab

2086 4448 2283 4519 ὁμοίων
2308 4447 2677 4511 ὲπιτεύξονται
2706 4447 2970 4516 οὐρανίων
3001 4448 3264 4517 ἀμοιόῶν.

2351 4539 2601 4606 Σιιθνη-
2633 4538 2889 4591 ZHNONI
2922 4539 3395 4613 ΔΕΚΕΜΠΡΙΜῼ.

2160 4632 2351 4685 ¹Ἀθεον
2385 4629 2684 4693 παντελῶς,
2713 4630 2807 4682 καὶ
2832 4630 3025 4693 ἀσεϐὲς
3046 4630 3106 4684 τὸ
3132 4630 3334 4700 λέγειν,
3369 4632 3529 4701 φύσει
3555 4634 3652 4686 ὑπ-

2089 4722 2277 4794 άρχειν
2319 4722 2385 4775 τά
2437 4720 2603 4783 κακὰ,
2637 4720 2731 4774 καὶ
2778 4720 2898 4790 οὐχὶ
2932 4722 3266 4791 προαιρέσει.
3327 4723 3447 4775 Κᾶν
3479 4724 3588 4795 γὰρ
3620 4726 3651 4794 ἡ

2090 4815 2276 4887 Γραφὴ
2301 4814 2468 4883 λέγει,
2493 4815 2576 4866 ὅτι
2608 4832 2626 4864 ι
2651 4813 2933 4881 Ἐγκειται
2950 4814 2983 4882 ἡ
3010 4812 3218 4867 διάνοια
3242 4812 3336 4865 τοῦ
3365 4814 3651 4885 ἀνθρώπου

2089 4904 2365 4972 ἐπιμελῶς
2384 4905 2494 4965 τοῖς
2530 4905 2782 4973 πονηροῖς
2811 4904 2874 4955 ὲκ
2906 4902 3154 4973 νεότητος
3173 4902 3360 4966 αὑτοῦ,
3400 4923 3419 4956 ι
3454 4905 3651 4958 είδέναι

2086 4996 2321 5065 ὀφείλεις
2370 4996 2467 5064 τὴν
2514 4994 2810 5065 ἑρμηνείαν
2854 4996 2952 5065 τῆς
2982 4996 3254 5064 φράσεως,
3289 4996 3370 5047 ὃτι
3397 4996 3459 5048 οὑ
3513 4996 3651 5049 κατὰ

2088 5086 2249 5155 φύσιν
2277 5088 2386 5148 τοῖς
2418 5087 2636 5155 ψεκτοίς
2675 5086 2994 5156 πρόσκειται
3034 5086 3063 5137 6
3093 5084 3377 5154 ἄνθρωπος
3399 5128 3414 5151 ,
3451 5087 3561 5140 οὐδ’
3596 5087 3650 5154 ἐξ

2087 5176 2267 5230 αὐτῶν
2318 5175 2425 5228 τῶν
2474 5176 2625 5247 παρὰ
2659 5176 2792 5229 Θεοῦ
2825 5176 2886 5239 ἐξ
2929 5175 3104 5245 ἀρχῆς
3136 5178 3201 5245 τῇ
3239 5176 3450 5247 διανοίᾳ
3495 5178 3651 5248 ἡμῶν

2089 5268 2548 5337 κατασπαρέντων
2602 5267 2847 5336 φυσικῶν
2901 5267 3203 5337 ὲνθυμιῶν·
3261 5266 3337 5339 μὴ
3404 5269 3647 5336 γένοιτο·

2091 5360 2208 5412 ἀλλ’
2232 5361 2296 5411 ὲκ
2325 5360 2572 5428 νεότητος
2604 5359 2697 5413 τοῦ
2740 5358 3028 5431 ἀνθρώπου
3065 5359 3399 5431 γέγραπται,
3436 5360 3524 5413 ἵνα
3551 5359 3651 5413 δει-

2092 5450 2217 5521 χθῇ,
2238 5450 2319 5503 ὃτι
2341 5450 2402 5514 ἐξ
2422 5451 2725 5521 ὲπισπορᾶς
2749 5450 2843 5505 τοῦ
2872 5449 3121 5505 διαόόλου
3150 5450 3219 5505 τὰ
3246 5448 3427 5520 φαῦλα
3456 5452 3649 5521 κεκτή-

503 5626 551 5659 ⁸³
582 5621 756 5680 chit.
786 5642 876 5689 xv,
906 5624 990 5679 5|.
1071 5623 1113 5655 ³⁸
1145 5622 1163 5676 ι
1194 5622 1320 5678 Cor.
1363 5640 1449 5691 xv,
1471 5620 1562 5679 9.8.
1638 5624 1682 5656 ³⁸
1719 5622 1917 5694 Ephcs.
1947 5639 1975 5677 ν

2085 5623 2134 5679 θ.
2217 5623 2263 5657 ³⁸
2292 5623 2425 5680 Gen.
2458 5640 2579 5693 vni,
2609 5624 2700 5682 21.
