  <div class='ocr_page' id='page_1' title='image "/cluster/home/n/w/nwhite01/storage/ocr_20150623/79/nnc1.0038021404/192.png"; bbox 0 0 3850 6218; ppageno 0'>
   <div class='ocr_carea' id='block_1_1' title="bbox 188 254 285 318">
    <p class='ocr_par' dir='ltr' id='par_1_1' title="bbox 188 254 285 318">
     <span class='ocr_line' id='line_1_1' title="bbox 188 254 285 318; baseline 0 0"><span class='ocrx_word' id='word_1_1' title='bbox 188 254 285 318; x_wconf 69' lang='grc'><strong>349</strong></span> 
     </span>
    </p>
   </div>
   <div class='ocr_carea' id='block_1_2' title="bbox 1384 253 2235 318">
    <p class='ocr_par' dir='ltr' id='par_1_2' title="bbox 1384 253 2235 318">
     <span class='ocr_line' id='line_1_2' title="bbox 1384 253 2235 318; baseline 0.002 -5"><span class='ocrx_word' id='word_1_2' title='bbox 1384 253 1921 313; x_wconf 73' lang='lat' dir='ltr'><strong>EPISTULARUM</strong></span> <span class='ocrx_word' id='word_1_3' title='bbox 1961 254 2031 313; x_wconf 84' lang='lat' dir='ltr'><strong>Ll</strong></span> <span class='ocrx_word' id='word_1_4' title='bbox 2044 254 2110 318; x_wconf 83' lang='grc' dir='ltr'><strong>Β.</strong></span> <span class='ocrx_word' id='word_1_5' title='bbox 2150 254 2235 315; x_wconf 86' lang='lat' dir='ltr'><strong>II.</strong></span> 
     </span>
    </p>
   </div>
   <div class='ocr_carea' id='block_1_3' title="bbox 3320 256 3428 320">
    <p class='ocr_par' dir='ltr' id='par_1_3' title="bbox 3320 256 3428 320">
     <span class='ocr_line' id='line_1_3' title="bbox 3320 256 3428 320; baseline -0.019 0"><span class='ocrx_word' id='word_1_6' title='bbox 3320 256 3428 320; x_wconf 80' lang='grc'><strong>350</strong></span> 
     </span>
    </p>
   </div>
   <div class='ocr_carea' id='block_1_4' title="bbox 189 361 1744 433">
    <p class='ocr_par' dir='ltr' id='par_1_4' title="bbox 189 361 1744 433">
     <span class='ocr_line' id='line_1_4' title="bbox 189 361 1744 433; baseline -0.003 -16"><span class='ocrx_word' id='word_1_7' title='bbox 189 364 346 433; x_wconf 82' lang='grc' dir='ltr'>μεθα,</span> <span class='ocrx_word' id='word_1_8' title='bbox 376 362 476 416; x_wconf 76' lang='grc' dir='ltr'>καὶ</span> <span class='ocrx_word' id='word_1_9' title='bbox 494 361 691 433; x_wconf 67' lang='grc' dir='ltr'>ῥᾳδίως</span> <span class='ocrx_word' id='word_1_10' title='bbox 722 362 923 432; x_wconf 69' lang='grc' dir='ltr'>μᾶλλον</span> <span class='ocrx_word' id='word_1_11' title='bbox 945 363 1037 415; x_wconf 75' lang='grc' dir='ltr'><strong>ὑπ’</strong></span> <span class='ocrx_word' id='word_1_12' title='bbox 1054 362 1246 433; x_wconf 74' lang='grc' dir='ltr'>ῖχθροῦ</span> <span class='ocrx_word' id='word_1_13' title='bbox 1280 363 1594 431; x_wconf 78' lang='grc' dir='ltr'>θελγόμενοι</span> <span class='ocrx_word' id='word_1_14' title='bbox 1621 363 1744 431; x_wconf 69' lang='grc' dir='ltr'>πρὸς</span> 
     </span>
    </p>
   </div>
   <div class='ocr_carea' id='block_1_5' title="bbox 1863 361 3438 433">
    <p class='ocr_par' dir='ltr' id='par_1_5' title="bbox 1863 361 3438 432">
     <span class='ocr_line' id='line_1_5' title="bbox 1863 361 3438 432; baseline 0.003 -17"><span class='ocrx_word' id='word_1_15' title='bbox 1863 364 2017 418; x_wconf 83' lang='lat' dir='ltr'><strong>hoste</strong></span> <span class='ocrx_word' id='word_1_16' title='bbox 2050 364 2311 418; x_wconf 86' lang='lat' dir='ltr'><strong>delinitos</strong></span> <span class='ocrx_word' id='word_1_17' title='bbox 2357 361 2424 417; x_wconf 91' lang='lat' dir='ltr'><strong>ad</strong></span> <span class='ocrx_word' id='word_1_18' title='bbox 2467 361 2669 416; x_wconf 88' lang='lat' dir='ltr'><strong>malum</strong></span> <span class='ocrx_word' id='word_1_19' title='bbox 2711 361 3069 432; x_wconf 85' lang='lat' dir='ltr'><strong>propendere.</strong></span> <span class='ocrx_word' id='word_1_20' title='bbox 3118 382 3137 415; x_wconf 80' lang='grc' dir='ltr'><strong>ι</strong></span> <span class='ocrx_word' id='word_1_21' title='bbox 3172 363 3438 419; x_wconf 79' lang='lat' dir='ltr'><strong>Inimicus</strong></span> 
     </span>
    </p>
   </div>
   <div class='ocr_carea' id='block_1_6' title="bbox 185 453 1763 523">
    <p class='ocr_par' dir='ltr' id='par_1_6' title="bbox 185 453 1763 523">
     <span class='ocr_line' id='line_1_6' title="bbox 185 453 1763 523; baseline -0.001 -18"><span class='ocrx_word' id='word_1_22' title='bbox 185 455 240 506; x_wconf 73' lang='grc' dir='ltr'>τὸ</span> <span class='ocrx_word' id='word_1_23' title='bbox 287 454 463 507; x_wconf 63' lang='grc' dir='ltr'>κακὸν</span> <span class='ocrx_word' id='word_1_24' title='bbox 518 454 791 522; x_wconf 66' lang='grc' dir='ltr'>ρέπυμεψ</span> <span class='ocrx_word' id='word_1_25' title='bbox 852 472 870 503; x_wconf 79' lang='grc' dir='ltr'><strong>ι</strong></span> <span class='ocrx_word' id='word_1_26' title='bbox 916 453 1136 523; x_wconf 82' lang='grc' dir='ltr'><strong>Ἐχθρὸς</strong></span> <span class='ocrx_word' id='word_1_27' title='bbox 1180 453 1289 523; x_wconf 82' lang='grc' dir='ltr'><strong>γάρ</strong></span> <span class='ocrx_word' id='word_1_28' title='bbox 1327 453 1611 523; x_wconf 79' lang='grc' dir='ltr'>ἄνθρωπος</span> <span class='ocrx_word' id='word_1_29' title='bbox 1663 453 1763 504; x_wconf 80' lang='grc' dir='ltr'><strong>ὲπ-</strong></span> 
     </span>
    </p>
   </div>
   <div class='ocr_carea' id='block_1_7' title="bbox 185 541 1763 615">
    <p class='ocr_par' dir='ltr' id='par_1_7' title="bbox 185 541 1763 615">
     <span class='ocr_line' id='line_1_7' title="bbox 185 541 1763 615; baseline -0.001 -18"><span class='ocrx_word' id='word_1_30' title='bbox 185 546 407 613; x_wconf 82' lang='grc' dir='ltr'>έσπειρε</span> <span class='ocrx_word' id='word_1_31' title='bbox 436 543 511 598; x_wconf 85' lang='grc' dir='ltr'>τὰ</span> <span class='ocrx_word' id='word_1_32' title='bbox 545 544 781 609; x_wconf 74' lang='grc' dir='ltr'>ζιζάνια,</span> <span class='ocrx_word' id='word_1_33' title='bbox 823 564 841 595; x_wconf 72' lang='grc' dir='ltr'><strong>ι</strong></span> <span class='ocrx_word' id='word_1_34' title='bbox 872 545 1032 615; x_wconf 73' lang='grc' dir='ltr'>φησὶν</span> <span class='ocrx_word' id='word_1_35' title='bbox 1062 546 1119 598; x_wconf 79' lang='grc' dir='ltr'>ὲν</span> <span class='ocrx_word' id='word_1_36' title='bbox 1149 544 1227 615; x_wconf 84' lang='grc' dir='ltr'>τῷ</span> <span class='ocrx_word' id='word_1_37' title='bbox 1253 543 1568 615; x_wconf 78' lang='grc' dir='ltr'>Εὐαγγελίῳ</span> <span class='ocrx_word' id='word_1_38' title='bbox 1599 545 1627 597; x_wconf 84' lang='grc' dir='ltr'><strong>ὁ</strong></span> <span class='ocrx_word' id='word_1_39' title='bbox 1650 541 1763 595; x_wconf 80' lang='grc' dir='ltr'><strong>Κύ-</strong></span> 
     </span>
    </p>
   </div>
   <div class='ocr_carea' id='block_1_8' title="bbox 186 654 321 707">
    <p class='ocr_par' dir='ltr' id='par_1_8' title="bbox 186 654 321 707">
     <span class='ocr_line' id='line_1_8' title="bbox 186 654 321 707; baseline 0 -14"><span class='ocrx_word' id='word_1_40' title='bbox 186 654 321 707; x_wconf 78' lang='grc' dir='ltr'>ριος.</span> 
     </span>
    </p>
   </div>
   <div class='ocr_carea' id='block_1_9' title="bbox 539 726 1394 797">
    <p class='ocr_par' dir='ltr' id='par_1_9' title="bbox 539 726 1394 797">
     <span class='ocr_line' id='line_1_9' title="bbox 539 726 1394 797; baseline -0.004 -15"><span class='ocrx_word' id='word_1_41' title='bbox 539 728 621 782; x_wconf 77' lang='grc' dir='ltr'><strong>Το.</strong></span> <span class='ocrx_word' id='word_1_42' title='bbox 651 756 722 766; x_wconf 91' lang='grc'><strong><em>-</em></strong></span> <span class='ocrx_word' id='word_1_43' title='bbox 749 726 1047 796; x_wconf 70' lang='grc' dir='ltr'>κοΑΑΣιῃ</span> <span class='ocrx_word' id='word_1_44' title='bbox 1076 726 1394 797; x_wconf 77' lang='grc' dir='ltr'><strong>ΔΙΛΚΟΝῼ.</strong></span> 
     </span>
    </p>
   </div>
   <div class='ocr_carea' id='block_1_10' title="bbox 247 816 1765 889">
    <p class='ocr_par' dir='ltr' id='par_1_10' title="bbox 247 816 1765 889">
     <span class='ocr_line' id='line_1_10' title="bbox 247 816 1765 889; baseline -0.001 -18"><span class='ocrx_word' id='word_1_45' title='bbox 247 820 423 889; x_wconf 65' lang='grc' dir='ltr'>Φησὶν</span> <span class='ocrx_word' id='word_1_46' title='bbox 473 819 504 871; x_wconf 86' lang='grc' dir='ltr'>ὁ</span> <span class='ocrx_word' id='word_1_47' title='bbox 554 818 819 889; x_wconf 85' lang='grc' dir='ltr'>μακάριος</span> <span class='ocrx_word' id='word_1_48' title='bbox 869 818 1105 887; x_wconf 80' lang='grc' dir='ltr'><strong>Πέτρος,</strong></span> <span class='ocrx_word' id='word_1_49' title='bbox 1140 818 1222 869; x_wconf 86' lang='grc' dir='ltr'>ὅτι</span> <span class='ocrx_word' id='word_1_50' title='bbox 1273 818 1368 871; x_wconf 57' lang='grc' dir='ltr'><strong>καὶ¹</strong></span> <span class='ocrx_word' id='word_1_51' title='bbox 1412 816 1615 887; x_wconf 83' lang='grc' dir='ltr'><strong>Κύριον</strong></span> <span class='ocrx_word' id='word_1_52' title='bbox 1668 817 1765 870; x_wconf 77' lang='grc' dir='ltr'>καὶ</span> 
     </span>
    </p>
   </div>
   <div class='ocr_carea' id='block_1_11' title="bbox 184 908 1760 979">
    <p class='ocr_par' dir='ltr' id='par_1_11' title="bbox 184 908 1760 979">
     <span class='ocr_line' id='line_1_11' title="bbox 184 908 1760 979; baseline -0.001 -16"><span class='ocrx_word' id='word_1_53' title='bbox 184 910 420 979; x_wconf 74' lang='grc' dir='ltr'>Χριστὸν</span> <span class='ocrx_word' id='word_1_54' title='bbox 467 911 496 963; x_wconf 84' lang='grc' dir='ltr'><strong>ὁ</strong></span> <span class='ocrx_word' id='word_1_55' title='bbox 534 910 668 972; x_wconf 82' lang='grc' dir='ltr'><strong>Θεὸς</strong></span> <span class='ocrx_word' id='word_1_56' title='bbox 706 909 928 977; x_wconf 72' lang='grc' dir='ltr'>ἐποίησε</span> <span class='ocrx_word' id='word_1_57' title='bbox 970 908 1060 961; x_wconf 75' lang='grc' dir='ltr'>τὸν</span> <span class='ocrx_word' id='word_1_58' title='bbox 1107 908 1488 977; x_wconf 71' lang='grc' dir='ltr'><strong>σταυρωθέντα</strong></span> <span class='ocrx_word' id='word_1_59' title='bbox 1533 908 1760 977; x_wconf 88' lang='grc' dir='ltr'>Ἰησοῦν,</span> 
     </span>
    </p>
   </div>
   <div class='ocr_carea' id='block_1_12' title="bbox 181 995 1761 1068">
    <p class='ocr_par' dir='ltr' id='par_1_12' title="bbox 181 995 1761 1068">
     <span class='ocr_line' id='line_1_12' title="bbox 181 995 1761 1068; baseline 0.001 -19"><span class='ocrx_word' id='word_1_60' title='bbox 181 996 298 1067; x_wconf 72' lang='grc' dir='ltr'>οὐχὶ</span> <span class='ocrx_word' id='word_1_61' title='bbox 335 995 444 1067; x_wconf 81' lang='grc' dir='ltr'>τὴν</span> <span class='ocrx_word' id='word_1_62' title='bbox 475 997 672 1050; x_wconf 76' lang='grc' dir='ltr'>οὐσίαν</span> <span class='ocrx_word' id='word_1_63' title='bbox 697 996 791 1049; x_wconf 89' lang='grc' dir='ltr'><strong>τοῦ</strong></span> <span class='ocrx_word' id='word_1_64' title='bbox 825 996 997 1064; x_wconf 81' lang='grc' dir='ltr'>Λόγου</span> <span class='ocrx_word' id='word_1_65' title='bbox 1016 1037 1033 1061; x_wconf 85' lang='grc'><strong>,</strong></span> <span class='ocrx_word' id='word_1_66' title='bbox 1063 995 1199 1049; x_wconf 81' lang='grc' dir='ltr'>ἀλλὰ</span> <span class='ocrx_word' id='word_1_67' title='bbox 1229 998 1368 1051; x_wconf 70' lang='grc' dir='ltr'>κατὰ</span> <span class='ocrx_word' id='word_1_68' title='bbox 1402 997 1461 1049; x_wconf 78' lang='grc' dir='ltr'>τὸ</span> <span class='ocrx_word' id='word_1_69' title='bbox 1480 996 1761 1068; x_wconf 81' lang='grc' dir='ltr'>ἀνθρώπι-</span> 
     </span>
    </p>
   </div>
   <div class='ocr_carea' id='block_1_13' title="bbox 180 1085 1763 1160">
    <p class='ocr_par' dir='ltr' id='par_1_13' title="bbox 180 1085 1763 1160">
     <span class='ocr_line' id='line_1_13' title="bbox 180 1085 1763 1160; baseline -0.001 -18"><span class='ocrx_word' id='word_1_70' title='bbox 180 1108 264 1142; x_wconf 83' lang='grc' dir='ltr'><strong>νον</strong></span> <span class='ocrx_word' id='word_1_71' title='bbox 287 1089 634 1159; x_wconf 78' lang='grc' dir='ltr'><strong>πεποιῆσθαι</strong></span> <span class='ocrx_word' id='word_1_72' title='bbox 664 1090 825 1142; x_wconf 79' lang='grc' dir='ltr'>αὐτὸν</span> <span class='ocrx_word' id='word_1_73' title='bbox 864 1089 1056 1153; x_wconf 77' lang='grc' dir='ltr'>λέγων.</span> <span class='ocrx_word' id='word_1_74' title='bbox 1089 1090 1154 1141; x_wconf 82' lang='lat' dir='ltr'><strong>Ti</strong></span> <span class='ocrx_word' id='word_1_75' title='bbox 1184 1089 1294 1160; x_wconf 79' lang='grc' dir='ltr'><strong>γὰρ</strong></span> <span class='ocrx_word' id='word_1_76' title='bbox 1317 1085 1385 1159; x_wconf 82' lang='grc' dir='ltr'>ἦν</span> <span class='ocrx_word' id='word_1_77' title='bbox 1410 1089 1469 1141; x_wconf 82' lang='grc' dir='ltr'>τὸ</span> <span class='ocrx_word' id='word_1_78' title='bbox 1497 1089 1763 1159; x_wconf 86' lang='grc' dir='ltr'>σταυρού-</span> 
     </span>
    </p>
   </div>
   <div class='ocr_carea' id='block_1_14' title="bbox 183 1180 1762 1251">
    <p class='ocr_par' dir='ltr' id='par_1_14' title="bbox 183 1180 1762 1251">
     <span class='ocr_line' id='line_1_14' title="bbox 183 1180 1762 1251; baseline 0.002 -18"><span class='ocrx_word' id='word_1_79' title='bbox 183 1198 359 1250; x_wconf 69' lang='grc' dir='ltr'>μενον,</span> <span class='ocrx_word' id='word_1_80' title='bbox 390 1182 427 1251; x_wconf 81' lang='grc' dir='ltr'><strong>ἢ</strong></span> <span class='ocrx_word' id='word_1_81' title='bbox 468 1181 534 1233; x_wconf 83' lang='grc' dir='ltr'>τὸ</span> <span class='ocrx_word' id='word_1_82' title='bbox 563 1181 753 1250; x_wconf 83' lang='grc' dir='ltr'>σῶμα;</span> <span class='ocrx_word' id='word_1_83' title='bbox 780 1181 853 1234; x_wconf 82' lang='grc' dir='ltr'><strong>Τὸ</strong></span> <span class='ocrx_word' id='word_1_84' title='bbox 883 1181 937 1233; x_wconf 81' lang='grc' dir='ltr'>δὲ</span> <span class='ocrx_word' id='word_1_85' title='bbox 967 1181 1277 1250; x_wconf 75' lang='grc' dir='ltr'>σωματικὸν</span> <span class='ocrx_word' id='word_1_86' title='bbox 1321 1180 1414 1249; x_wconf 76' lang='grc' dir='ltr'><strong>τοῦ</strong></span> <span class='ocrx_word' id='word_1_87' title='bbox 1444 1181 1613 1249; x_wconf 78' lang='grc' dir='ltr'>Λόγου</span> <span class='ocrx_word' id='word_1_88' title='bbox 1646 1181 1762 1244; x_wconf 85' lang='grc' dir='ltr'>πῶς</span> 
     </span>
    </p>
   </div>
   <div class='ocr_carea' id='block_1_15' title="bbox 181 1268 1620 1343">
    <p class='ocr_par' dir='ltr' id='par_1_15' title="bbox 181 1268 1620 1343">
     <span class='ocr_line' id='line_1_15' title="bbox 181 1268 1620 1343; baseline 0.001 -20"><span class='ocrx_word' id='word_1_89' title='bbox 181 1268 287 1341; x_wconf 72' lang='grc' dir='ltr'>εἶχε</span> <span class='ocrx_word' id='word_1_90' title='bbox 317 1272 653 1343; x_wconf 82' lang='grc' dir='ltr'>σημᾶναι,ῆ</span> <span class='ocrx_word' id='word_1_91' title='bbox 683 1271 772 1323; x_wconf 77' lang='grc' dir='ltr'><strong>διὰ</strong></span> <span class='ocrx_word' id='word_1_92' title='bbox 812 1271 905 1323; x_wconf 89' lang='grc' dir='ltr'><strong>τοῦ</strong></span> <span class='ocrx_word' id='word_1_93' title='bbox 938 1274 1131 1332; x_wconf 82' lang='grc' dir='ltr'>εἰπεῖν,</span> <span class='ocrx_word' id='word_1_94' title='bbox 1173 1274 1255 1326; x_wconf 77' lang='grc' dir='ltr'>ὅτι</span> <span class='ocrx_word' id='word_1_95' title='bbox 1296 1273 1620 1341; x_wconf 80' lang='grc' dir='ltr'>Ἐποίησεν;</span> 
     </span>
    </p>
   </div>
   <div class='ocr_carea' id='block_1_16' title="bbox 480 1362 1455 1434">
    <p class='ocr_par' dir='ltr' id='par_1_16' title="bbox 480 1362 1455 1434">
     <span class='ocr_line' id='line_1_16' title="bbox 480 1362 1455 1434; baseline 0.003 -21"><span class='ocrx_word' id='word_1_96' title='bbox 480 1362 609 1416; x_wconf 82' lang='grc' dir='ltr'><strong>ΤΑ’.</strong></span> <span class='ocrx_word' id='word_1_97' title='bbox 643 1392 712 1401; x_wconf 91' lang='grc'><strong><em>-</em></strong></span> <span class='ocrx_word' id='word_1_98' title='bbox 740 1363 1070 1434; x_wconf 77' lang='grc' dir='ltr'><strong>ΘΕΣΣΑΛΙῼ</strong></span> <span class='ocrx_word' id='word_1_99' title='bbox 1103 1364 1455 1433; x_wconf 78' lang='grc' dir='ltr'><strong>ΣΥΜΠΟΝῼ.</strong></span> 
     </span>
    </p>
   </div>
   <div class='ocr_carea' id='block_1_17' title="bbox 242 1452 1760 1528">
    <p class='ocr_par' dir='ltr' id='par_1_17' title="bbox 242 1452 1760 1528">
     <span class='ocr_line' id='line_1_17' title="bbox 242 1452 1760 1528; baseline 0.003 -22"><span class='ocrx_word' id='word_1_100' title='bbox 242 1452 335 1522; x_wconf 75' lang='grc' dir='ltr'><strong>Μὴ</strong></span> <span class='ocrx_word' id='word_1_101' title='bbox 363 1453 453 1512; x_wconf 79' lang='grc' dir='ltr'>εἰς</span> <span class='ocrx_word' id='word_1_102' title='bbox 480 1452 548 1505; x_wconf 77' lang='grc' dir='ltr'>τὸ</span> <span class='ocrx_word' id='word_1_103' title='bbox 590 1452 887 1522; x_wconf 77' lang='grc' dir='ltr'>λαμϐάνειν</span> <span class='ocrx_word' id='word_1_104' title='bbox 928 1454 1067 1507; x_wconf 77' lang='grc' dir='ltr'>ἔστω</span> <span class='ocrx_word' id='word_1_105' title='bbox 1104 1456 1136 1524; x_wconf 85' lang='grc' dir='ltr'><strong>ἡ</strong></span> <span class='ocrx_word' id='word_1_106' title='bbox 1175 1455 1295 1526; x_wconf 79' lang='grc' dir='ltr'>χείρ</span> <span class='ocrx_word' id='word_1_107' title='bbox 1326 1472 1419 1509; x_wconf 85' lang='grc' dir='ltr'><strong>σου</strong></span> <span class='ocrx_word' id='word_1_108' title='bbox 1465 1455 1760 1528; x_wconf 81' lang='grc' dir='ltr'>προθύμως</span> 
     </span>
    </p>
   </div>
   <div class='ocr_carea' id='block_1_18' title="bbox 179 1545 1759 1616">
    <p class='ocr_par' dir='ltr' id='par_1_18' title="bbox 179 1545 1759 1616">
     <span class='ocr_line' id='line_1_18' title="bbox 179 1545 1759 1616; baseline 0.003 -19"><span class='ocrx_word' id='word_1_109' title='bbox 179 1545 550 1616; x_wconf 77' lang='grc' dir='ltr'>ἐκτεταμένη,</span> <span class='ocrx_word' id='word_1_110' title='bbox 585 1547 667 1609; x_wconf 83' lang='grc' dir='ltr'><strong>εἰς</strong></span> <span class='ocrx_word' id='word_1_111' title='bbox 708 1545 765 1598; x_wconf 83' lang='grc' dir='ltr'>δὲ</span> <span class='ocrx_word' id='word_1_112' title='bbox 796 1546 857 1599; x_wconf 86' lang='grc' dir='ltr'>τὸ</span> <span class='ocrx_word' id='word_1_113' title='bbox 890 1546 1205 1615; x_wconf 85' lang='grc' dir='ltr'>μεταδοῦναι</span> <span class='ocrx_word' id='word_1_114' title='bbox 1247 1550 1359 1610; x_wconf 86' lang='grc' dir='ltr'>τοῖς</span> <span class='ocrx_word' id='word_1_115' title='bbox 1396 1548 1599 1601; x_wconf 87' lang='grc' dir='ltr'>ὲνδεέσι</span> <span class='ocrx_word' id='word_1_116' title='bbox 1630 1566 1759 1602; x_wconf 82' lang='grc' dir='ltr'>συν-</span> 
     </span>
    </p>
   </div>
   <div class='ocr_carea' id='block_1_19' title="bbox 176 1638 1756 1712">
    <p class='ocr_par' dir='ltr' id='par_1_19' title="bbox 176 1638 1756 1712">
     <span class='ocr_line' id='line_1_19' title="bbox 176 1638 1756 1712; baseline 0.003 -22"><span class='ocrx_word' id='word_1_117' title='bbox 176 1639 513 1708; x_wconf 80' lang='grc' dir='ltr'>εσταλμένη,</span> <span class='ocrx_word' id='word_1_118' title='bbox 550 1638 666 1692; x_wconf 84' lang='grc' dir='ltr'>ἀλλ’</span> <span class='ocrx_word' id='word_1_119' title='bbox 694 1638 885 1710; x_wconf 83' lang='grc' dir='ltr'>ὥσπερ</span> <span class='ocrx_word' id='word_1_120' title='bbox 914 1639 1083 1709; x_wconf 73' lang='grc' dir='ltr'>ἡδέως</span> <span class='ocrx_word' id='word_1_121' title='bbox 1109 1640 1341 1711; x_wconf 76' lang='grc' dir='ltr'>ὑποδέχῃ</span> <span class='ocrx_word' id='word_1_122' title='bbox 1364 1641 1430 1693; x_wconf 78' lang='grc' dir='ltr'><strong>τά</strong></span> <span class='ocrx_word' id='word_1_123' title='bbox 1459 1641 1623 1712; x_wconf 83' lang='grc' dir='ltr'>κέρδη</span> <span class='ocrx_word' id='word_1_124' title='bbox 1662 1641 1756 1694; x_wconf 88' lang='grc' dir='ltr'><strong>τοῦ</strong></span> 
     </span>
    </p>
   </div>
   <div class='ocr_carea' id='block_1_20' title="bbox 180 1728 1755 1800">
    <p class='ocr_par' dir='ltr' id='par_1_20' title="bbox 180 1728 1755 1800">
     <span class='ocr_line' id='line_1_20' title="bbox 180 1728 1755 1800; baseline 0.001 -20"><span class='ocrx_word' id='word_1_125' title='bbox 180 1729 423 1796; x_wconf 76' lang='grc' dir='ltr'>μαμωνᾶ</span> <span class='ocrx_word' id='word_1_126' title='bbox 448 1770 465 1791; x_wconf 86' lang='grc'><strong>,</strong></span> <span class='ocrx_word' id='word_1_127' title='bbox 514 1728 691 1793; x_wconf 87' lang='grc' dir='ltr'>οῦτως</span> <span class='ocrx_word' id='word_1_128' title='bbox 737 1729 908 1800; x_wconf 75' lang='grc' dir='ltr'>ἡδέως</span> <span class='ocrx_word' id='word_1_129' title='bbox 957 1730 1181 1800; x_wconf 73' lang='grc' dir='ltr'>χορήγει</span> <span class='ocrx_word' id='word_1_130' title='bbox 1224 1730 1323 1793; x_wconf 77' lang='grc' dir='ltr'><strong>τὰς</strong></span> <span class='ocrx_word' id='word_1_131' title='bbox 1368 1729 1755 1794; x_wconf 86' lang='grc' dir='ltr'>δαπάναςτοίς</span> 
     </span>
    </p>
   </div>
   <div class='ocr_carea' id='block_1_21' title="bbox 175 1820 494 1890">
    <p class='ocr_par' dir='ltr' id='par_1_21' title="bbox 175 1820 494 1890">
     <span class='ocr_line' id='line_1_21' title="bbox 175 1820 494 1890; baseline 0.003 -19"><span class='ocrx_word' id='word_1_132' title='bbox 175 1820 494 1890; x_wconf 73' lang='grc' dir='ltr'><strong>χρῄζουσιν.</strong></span> 
     </span>
    </p>
   </div>
   <div class='ocr_carea' id='block_1_22' title="bbox 712 1909 1275 1977">
    <p class='ocr_par' dir='ltr' id='par_1_22' title="bbox 712 1909 1275 1977">
     <span class='ocr_line' id='line_1_22' title="bbox 712 1909 1275 1977; baseline 0.002 -14"><span class='ocrx_word' id='word_1_133' title='bbox 712 1910 833 1965; x_wconf 85' lang='lat' dir='ltr'><strong>TB’.</strong></span> <span class='ocrx_word' id='word_1_134' title='bbox 866 1939 935 1952; x_wconf 90' lang='lat'>-</span> <span class='ocrx_word' id='word_1_135' title='bbox 975 1911 1058 1977; x_wconf 83' lang='grc' dir='ltr'><strong>Τῷ</strong></span> <span class='ocrx_word' id='word_1_136' title='bbox 1094 1909 1275 1977; x_wconf 82' lang='grc' dir='ltr'>αὐτῷ.</span> 
     </span>
    </p>
   </div>
   <div class='ocr_carea' id='block_1_23' title="bbox 240 2003 1754 2073">
    <p class='ocr_par' dir='ltr' id='par_1_23' title="bbox 240 2003 1754 2073">
     <span class='ocr_line' id='line_1_23' title="bbox 240 2003 1754 2073; baseline 0.001 -17"><span class='ocrx_word' id='word_1_137' title='bbox 240 2003 306 2056; x_wconf 84' lang='grc' dir='ltr'><strong>Εἰ</strong></span> <span class='ocrx_word' id='word_1_138' title='bbox 334 2003 567 2073; x_wconf 78' lang='grc' dir='ltr'>ἐτέρους</span> <span class='ocrx_word' id='word_1_139' title='bbox 597 2003 955 2068; x_wconf 81' lang='grc' dir='ltr'><strong>πλεονεκτῶν,</strong></span> <span class='ocrx_word' id='word_1_140' title='bbox 1000 2006 1093 2059; x_wconf 64' lang='grc' dir='ltr'><strong>κα)⁵</strong></span> <span class='ocrx_word' id='word_1_141' title='bbox 1137 2004 1633 2068; x_wconf 85' lang='grc' dir='ltr'>καταδυναστεύων,</span> <span class='ocrx_word' id='word_1_142' title='bbox 1670 2004 1754 2058; x_wconf 76' lang='grc' dir='ltr'>δο-</span> 
     </span>
    </p>
   </div>
   <div class='ocr_carea' id='block_1_24' title="bbox 171 2099 1751 2171">
    <p class='ocr_par' dir='ltr' id='par_1_24' title="bbox 171 2099 1751 2171">
     <span class='ocr_line' id='line_1_24' title="bbox 171 2099 1751 2171; baseline -0.001 -21"><span class='ocrx_word' id='word_1_143' title='bbox 171 2099 291 2161; x_wconf 87' lang='grc' dir='ltr'>κεῖς</span> <span class='ocrx_word' id='word_1_144' title='bbox 322 2102 505 2151; x_wconf 79' lang='grc' dir='ltr'>ποιεῖν</span> <span class='ocrx_word' id='word_1_145' title='bbox 545 2100 760 2164; x_wconf 73' lang='grc' dir='ltr'>ἐντολὰς</span> <span class='ocrx_word' id='word_1_146' title='bbox 786 2100 990 2171; x_wconf 80' lang='grc' dir='ltr'>Κυρίου</span> <span class='ocrx_word' id='word_1_147' title='bbox 1019 2100 1114 2153; x_wconf 70' lang='grc' dir='ltr'><strong>καλ⁸</strong></span> <span class='ocrx_word' id='word_1_148' title='bbox 1134 2100 1521 2169; x_wconf 79' lang='grc' dir='ltr'>ἐλεημοσύνας,</span> <span class='ocrx_word' id='word_1_149' title='bbox 1552 2099 1751 2170; x_wconf 77' lang='grc' dir='ltr'>μᾶλλον</span> 
     </span>
    </p>
   </div>
   <div class='ocr_carea' id='block_1_25' title="bbox 171 2182 1751 2263">
    <p class='ocr_par' dir='ltr' id='par_1_25' title="bbox 171 2182 1751 2263">
     <span class='ocr_line' id='line_1_25' title="bbox 171 2182 1751 2263; baseline 0.001 -22"><span class='ocrx_word' id='word_1_150' title='bbox 171 2190 420 2252; x_wconf 65' lang='grc' dir='ltr'>ἐκείνους</span> <span class='ocrx_word' id='word_1_151' title='bbox 457 2190 716 2259; x_wconf 73' lang='grc' dir='ltr'>ἐλέησον,</span> <span class='ocrx_word' id='word_1_152' title='bbox 760 2191 889 2253; x_wconf 83' lang='grc' dir='ltr'>τοὺς</span> <span class='ocrx_word' id='word_1_153' title='bbox 930 2190 1036 2243; x_wconf 81' lang='grc' dir='ltr'><strong>ὑπὸ</strong></span> <span class='ocrx_word' id='word_1_154' title='bbox 1080 2191 1182 2260; x_wconf 77' lang='grc' dir='ltr'>τῆς</span> <span class='ocrx_word' id='word_1_155' title='bbox 1224 2190 1323 2261; x_wconf 84' lang='grc' dir='ltr'>σῆς</span> <span class='ocrx_word' id='word_1_156' title='bbox 1369 2182 1751 2263; x_wconf 81' lang='grc' dir='ltr'>λαμπρότητος</span> 
     </span>
    </p>
   </div>
   <div class='ocr_carea' id='block_1_26' title="bbox 169 2280 1015 2350">
    <p class='ocr_par' dir='ltr' id='par_1_26' title="bbox 169 2280 1015 2350">
     <span class='ocr_line' id='line_1_26' title="bbox 169 2280 1015 2350; baseline 0.001 -17"><span class='ocrx_word' id='word_1_157' title='bbox 169 2280 566 2350; x_wconf 79' lang='grc' dir='ltr'>ἀδικουμένους</span> <span class='ocrx_word' id='word_1_158' title='bbox 592 2281 688 2335; x_wconf 74' lang='grc' dir='ltr'>καὶ</span> <span class='ocrx_word' id='word_1_159' title='bbox 712 2281 1015 2344; x_wconf 79' lang='grc' dir='ltr'>στένοντας.</span> 
     </span>
    </p>
   </div>
   <div class='ocr_carea' id='block_1_27' title="bbox 695 2374 1236 2440">
    <p class='ocr_par' dir='ltr' id='par_1_27' title="bbox 695 2374 1236 2440">
     <span class='ocr_line' id='line_1_27' title="bbox 695 2374 1236 2440; baseline 0.002 -13"><span class='ocrx_word' id='word_1_160' title='bbox 695 2374 816 2428; x_wconf 72' lang='grc' dir='ltr'><strong>ΤΡ.</strong></span> <span class='ocrx_word' id='word_1_161' title='bbox 841 2404 914 2415; x_wconf 89' lang='lat'><strong><em>—</em></strong></span> <span class='ocrx_word' id='word_1_162' title='bbox 946 2374 1030 2440; x_wconf 80' lang='grc' dir='ltr'><strong>Τῷ</strong></span> <span class='ocrx_word' id='word_1_163' title='bbox 1060 2374 1236 2439; x_wconf 83' lang='grc' dir='ltr'>αὐτῷ.</span> 
     </span>
    </p>
   </div>
   <div class='ocr_carea' id='block_1_28' title="bbox 242 2463 1749 2537">
    <p class='ocr_par' dir='ltr' id='par_1_28' title="bbox 242 2463 1749 2537">
     <span class='ocr_line' id='line_1_28' title="bbox 242 2463 1749 2537; baseline 0.001 -21"><span class='ocrx_word' id='word_1_164' title='bbox 242 2463 425 2518; x_wconf 81' lang='grc' dir='ltr'>Γνῶθι</span> <span class='ocrx_word' id='word_1_165' title='bbox 452 2465 536 2519; x_wconf 85' lang='grc' dir='ltr'>ὅτι</span> <span class='ocrx_word' id='word_1_166' title='bbox 561 2465 830 2537; x_wconf 74' lang='grc' dir='ltr'>ἥμαρτες,</span> <span class='ocrx_word' id='word_1_167' title='bbox 857 2465 951 2519; x_wconf 71' lang='grc' dir='ltr'>καὶ</span> <span class='ocrx_word' id='word_1_168' title='bbox 982 2466 1305 2536; x_wconf 77' lang='grc' dir='ltr'>ἀπαλείψεις</span> <span class='ocrx_word' id='word_1_169' title='bbox 1343 2466 1445 2530; x_wconf 81' lang='grc' dir='ltr'><strong>τὰς</strong></span> <span class='ocrx_word' id='word_1_170' title='bbox 1473 2465 1749 2537; x_wconf 84' lang='grc' dir='ltr'>ἁμαρτίας</span> 
     </span>
    </p>
   </div>
   <div class='ocr_carea' id='block_1_29' title="bbox 174 2556 1750 2630">
    <p class='ocr_par' dir='ltr' id='par_1_29' title="bbox 174 2556 1750 2630">
     <span class='ocr_line' id='line_1_29' title="bbox 174 2556 1750 2630; baseline 0.001 -21"><span class='ocrx_word' id='word_1_171' title='bbox 174 2571 273 2609; x_wconf 80' lang='grc' dir='ltr'><strong>σου</strong></span> <span class='ocrx_word' id='word_1_172' title='bbox 297 2574 312 2587; x_wconf 90' lang='grc'><strong>·</strong></span> <span class='ocrx_word' id='word_1_173' title='bbox 367 2556 530 2625; x_wconf 83' lang='grc' dir='ltr'>γενοῦ</span> <span class='ocrx_word' id='word_1_174' title='bbox 585 2559 785 2611; x_wconf 82' lang='grc' dir='ltr'>σαυτοῦ</span> <span class='ocrx_word' id='word_1_175' title='bbox 851 2560 1178 2630; x_wconf 78' lang='grc' dir='ltr'>κατήγορος,</span> <span class='ocrx_word' id='word_1_176' title='bbox 1212 2559 1430 2612; x_wconf 79' lang='grc' dir='ltr'>τύπτων</span> <span class='ocrx_word' id='word_1_177' title='bbox 1461 2559 1523 2612; x_wconf 81' lang='grc' dir='ltr'><strong>τὸ</strong></span> <span class='ocrx_word' id='word_1_178' title='bbox 1557 2558 1750 2629; x_wconf 83' lang='grc' dir='ltr'>στῆθος</span> 
     </span>
    </p>
   </div>
   <div class='ocr_carea' id='block_1_30' title="bbox 171 2647 1741 2722">
    <p class='ocr_par' dir='ltr' id='par_1_30' title="bbox 171 2647 1741 2722">
     <span class='ocr_line' id='line_1_30' title="bbox 171 2647 1741 2722; baseline 0 -19"><span class='ocrx_word' id='word_1_179' title='bbox 171 2647 269 2703; x_wconf 75' lang='grc' dir='ltr'>καὶ</span> <span class='ocrx_word' id='word_1_180' title='bbox 300 2648 512 2717; x_wconf 81' lang='grc' dir='ltr'>λέγων·</span> <span class='ocrx_word' id='word_1_181' title='bbox 552 2668 571 2701; x_wconf 79' lang='grc' dir='ltr'><strong>ι</strong></span> <span class='ocrx_word' id='word_1_182' title='bbox 615 2650 673 2704; x_wconf 88' lang='lat'><strong>&#39;0</strong></span> <span class='ocrx_word' id='word_1_183' title='bbox 704 2650 859 2715; x_wconf 80' lang='grc' dir='ltr'>Θεδς,</span> <span class='ocrx_word' id='word_1_184' title='bbox 892 2650 1136 2722; x_wconf 81' lang='grc' dir='ltr'>ἱλάσθητί</span> <span class='ocrx_word' id='word_1_185' title='bbox 1161 2668 1250 2722; x_wconf 93' lang='grc' dir='ltr'><strong>μοι</strong></span> <span class='ocrx_word' id='word_1_186' title='bbox 1277 2651 1356 2721; x_wconf 82' lang='grc' dir='ltr'><strong>τῷ</strong></span> <span class='ocrx_word' id='word_1_187' title='bbox 1377 2650 1741 2722; x_wconf 77' lang='grc' dir='ltr'>άμαρτωλῷ,›</span> 
     </span>
    </p>
   </div>
   <div class='ocr_carea' id='block_1_31' title="bbox 170 2740 1747 2814">
    <p class='ocr_par' dir='ltr' id='par_1_31' title="bbox 170 2740 1747 2814">
     <span class='ocr_line' id='line_1_31' title="bbox 170 2740 1747 2814; baseline 0.001 -21"><span class='ocrx_word' id='word_1_188' title='bbox 170 2740 269 2793; x_wconf 70' lang='grc' dir='ltr'>καὶ</span> <span class='ocrx_word' id='word_1_189' title='bbox 303 2740 475 2811; x_wconf 77' lang='grc' dir='ltr'>τεύξῃ</span> <span class='ocrx_word' id='word_1_190' title='bbox 509 2740 802 2811; x_wconf 82' lang='grc' dir='ltr'>σωτηρίας.</span> <span class='ocrx_word' id='word_1_191' title='bbox 850 2742 1251 2812; x_wconf 80' lang='grc' dir='ltr'>Ἀπεδεξάμεθά</span> <span class='ocrx_word' id='word_1_192' title='bbox 1290 2760 1382 2796; x_wconf 90' lang='grc' dir='ltr'><strong>σου</strong></span> <span class='ocrx_word' id='word_1_193' title='bbox 1418 2743 1517 2814; x_wconf 84' lang='grc' dir='ltr'>τὴν</span> <span class='ocrx_word' id='word_1_194' title='bbox 1555 2741 1747 2814; x_wconf 66' lang='grc' dir='ltr'>ἐξομο-</span> 
     </span>
    </p>
   </div>
   <div class='ocr_carea' id='block_1_32' title="bbox 167 2832 1195 2905">
    <p class='ocr_par' dir='ltr' id='par_1_32' title="bbox 167 2832 1195 2905">
     <span class='ocr_line' id='line_1_32' title="bbox 167 2832 1195 2905; baseline 0.004 -20"><span class='ocrx_word' id='word_1_195' title='bbox 167 2832 397 2901; x_wconf 70' lang='grc' dir='ltr'>λόγησιν</span> <span class='ocrx_word' id='word_1_196' title='bbox 425 2834 522 2887; x_wconf 77' lang='grc' dir='ltr'>καὶ</span> <span class='ocrx_word' id='word_1_197' title='bbox 547 2833 645 2903; x_wconf 80' lang='grc' dir='ltr'>τὴν</span> <span class='ocrx_word' id='word_1_198' title='bbox 674 2835 1195 2905; x_wconf 72' lang='grc' dir='ltr'>ταπεινοφροσύνην.</span> 
     </span>
    </p>
   </div>
   <div class='ocr_carea' id='block_1_33' title="bbox 241 2933 1673 3015">
    <p class='ocr_par' dir='ltr' id='par_1_33' title="bbox 241 2933 1673 3015">
     <span class='ocr_line' id='line_1_33' title="bbox 241 2933 1673 3015; baseline 0.004 -21"><span class='ocrx_word' id='word_1_199' title='bbox 241 2941 364 2994; x_wconf 75' lang='lat' dir='ltr'><strong>TA&#39;.</strong></span> <span class='ocrx_word' id='word_1_200' title='bbox 406 2941 837 3015; x_wconf 80' lang='grc' dir='ltr'><strong>-ΕΥΣΤΟΧΙῼ</strong></span> <span class='ocrx_word' id='word_1_201' title='bbox 877 2944 1150 2997; x_wconf 81' lang='lat' dir='ltr'><strong>KOMHTI</strong></span> <span class='ocrx_word' id='word_1_202' title='bbox 1190 2933 1673 3001; x_wconf 77' lang='grc' dir='ltr'><strong>ΔΑΡΙἼΤΙΟΝΩΝ.</strong></span> 
     </span>
    </p>
   </div>
   <div class='ocr_carea' id='block_1_34' title="bbox 255 3099 1743 3174">
    <p class='ocr_par' dir='ltr' id='par_1_34' title="bbox 255 3099 1743 3174">
     <span class='ocr_line' id='line_1_34' title="bbox 255 3099 1743 3174; baseline 0.002 -21"><span class='ocrx_word' id='word_1_203' title='bbox 255 3099 385 3153; x_wconf 74' lang='grc' dir='ltr'>Ἐὰν</span> <span class='ocrx_word' id='word_1_204' title='bbox 419 3099 662 3169; x_wconf 84' lang='grc' dir='ltr'>συνεχῶς</span> <span class='ocrx_word' id='word_1_205' title='bbox 680 3100 757 3171; x_wconf 85' lang='grc' dir='ltr'>τῷ</span> <span class='ocrx_word' id='word_1_206' title='bbox 782 3102 993 3172; x_wconf 83' lang='grc' dir='ltr'>σημείῳ</span> <span class='ocrx_word' id='word_1_207' title='bbox 1014 3101 1108 3155; x_wconf 90' lang='grc' dir='ltr'><strong>τοῦ</strong></span> <span class='ocrx_word' id='word_1_208' title='bbox 1142 3102 1472 3156; x_wconf 84' lang='grc' dir='ltr'>Δεσποτικοῦ</span> <span class='ocrx_word' id='word_1_209' title='bbox 1509 3102 1743 3174; x_wconf 87' lang='grc' dir='ltr'>σταυροῦ</span> 
     </span>
    </p>
   </div>
   <div class='ocr_carea' id='block_1_35' title="bbox 164 3196 1744 3268">
    <p class='ocr_par' dir='ltr' id='par_1_35' title="bbox 164 3196 1744 3268">
     <span class='ocr_line' id='line_1_35' title="bbox 164 3196 1744 3268; baseline 0.001 -19"><span class='ocrx_word' id='word_1_210' title='bbox 164 3196 235 3250; x_wconf 82' lang='grc' dir='ltr'><strong>τό</strong></span> <span class='ocrx_word' id='word_1_211' title='bbox 268 3212 332 3250; x_wconf 82' lang='grc' dir='ltr'><strong>τε</strong></span> <span class='ocrx_word' id='word_1_212' title='bbox 373 3196 623 3266; x_wconf 75' lang='grc' dir='ltr'>μέτωπον</span> <span class='ocrx_word' id='word_1_213' title='bbox 656 3196 854 3250; x_wconf 77' lang='grc' dir='ltr'>σαυτοῦ</span> <span class='ocrx_word' id='word_1_214' title='bbox 882 3199 977 3251; x_wconf 73' lang='grc' dir='ltr'>καὶ</span> <span class='ocrx_word' id='word_1_215' title='bbox 1016 3197 1116 3268; x_wconf 82' lang='grc' dir='ltr'>τὴν</span> <span class='ocrx_word' id='word_1_216' title='bbox 1148 3197 1375 3268; x_wconf 87' lang='grc' dir='ltr'>καρδίαν</span> <span class='ocrx_word' id='word_1_217' title='bbox 1406 3196 1744 3268; x_wconf 80' lang='grc' dir='ltr'>σφραγίζεις,</span> 
     </span>
    </p>
   </div>
   <div class='ocr_carea' id='block_1_36' title="bbox 166 3288 1745 3360">
    <p class='ocr_par' dir='ltr' id='par_1_36' title="bbox 166 3288 1745 3360">
     <span class='ocr_line' id='line_1_36' title="bbox 166 3288 1745 3360; baseline 0.002 -19"><span class='ocrx_word' id='word_1_218' title='bbox 166 3288 635 3358; x_wconf 81' lang='grc' dir='ltr'>δραπετεύσουσιν</span> <span class='ocrx_word' id='word_1_219' title='bbox 660 3288 767 3341; x_wconf 81' lang='grc' dir='ltr'>άπὸ</span> <span class='ocrx_word' id='word_1_220' title='bbox 795 3288 889 3341; x_wconf 91' lang='grc' dir='ltr'><strong>σοῦ</strong></span> <span class='ocrx_word' id='word_1_221' title='bbox 908 3290 957 3341; x_wconf 93' lang='grc' dir='ltr'><strong>οί</strong></span> <span class='ocrx_word' id='word_1_222' title='bbox 984 3289 1240 3359; x_wconf 85' lang='grc' dir='ltr'>δαίμονες</span> <span class='ocrx_word' id='word_1_223' title='bbox 1280 3288 1595 3360; x_wconf 85' lang='grc' dir='ltr'>τρέμοντες.</span> <span class='ocrx_word' id='word_1_224' title='bbox 1613 3289 1745 3344; x_wconf 88' lang='grc' dir='ltr'>διότι</span> 
     </span>
    </p>
   </div>
   <div class='ocr_carea' id='block_1_37' title="bbox 166 3363 1672 3452">
    <p class='ocr_par' dir='ltr' id='par_1_37' title="bbox 166 3363 1672 3452">
     <span class='ocr_line' id='line_1_37' title="bbox 166 3363 1672 3452; baseline 0 -17"><span class='ocrx_word' id='word_1_225' title='bbox 166 3381 315 3450; x_wconf 79' lang='grc' dir='ltr'>ἄγαν</span> <span class='ocrx_word' id='word_1_226' title='bbox 343 3381 659 3452; x_wconf 73' lang='grc' dir='ltr'>φρίττουσιν</span> <span class='ocrx_word' id='word_1_227' title='bbox 685 3381 746 3434; x_wconf 81' lang='grc' dir='ltr'>τὸ</span> <span class='ocrx_word' id='word_1_228' title='bbox 763 3381 1002 3435; x_wconf 87' lang='grc' dir='ltr'>τοιοῦτον</span> <span class='ocrx_word' id='word_1_229' title='bbox 1036 3363 1305 3451; x_wconf 78' lang='grc' dir='ltr'>μακάριον</span> <span class='ocrx_word' id='word_1_230' title='bbox 1340 3383 1672 3452; x_wconf 84' lang='grc' dir='ltr'>σήμαντρον.</span> 
     </span>
    </p>
   </div>
   <div class='ocr_carea' id='block_1_38' title="bbox 490 3472 1427 3544">
    <p class='ocr_par' dir='ltr' id='par_1_38' title="bbox 490 3472 1427 3544">
     <span class='ocr_line' id='line_1_38' title="bbox 490 3472 1427 3544; baseline 0 -18"><span class='ocrx_word' id='word_1_231' title='bbox 490 3474 611 3526; x_wconf 81' lang='lat' dir='ltr'><strong>TE’.</strong></span> <span class='ocrx_word' id='word_1_232' title='bbox 636 3503 700 3513; x_wconf 91' lang='lat'><strong>——</strong></span> <span class='ocrx_word' id='word_1_233' title='bbox 730 3472 1041 3544; x_wconf 81' lang='grc' dir='ltr'><strong>ΟΛΥΜΠΙῼ</strong></span> <span class='ocrx_word' id='word_1_234' title='bbox 1070 3472 1427 3526; x_wconf 82' lang='grc' dir='ltr'><strong>ΚΥΕΣΤΟΡΙ.</strong></span> 
     </span>
    </p>
   </div>
   <div class='ocr_carea' id='block_1_39' title="bbox 238 3558 1741 3638">
    <p class='ocr_par' dir='ltr' id='par_1_39' title="bbox 238 3558 1741 3638">
     <span class='ocr_line' id='line_1_39' title="bbox 238 3558 1741 3638; baseline -0.001 -19"><span class='ocrx_word' id='word_1_235' title='bbox 238 3564 383 3619; x_wconf 83' lang='grc' dir='ltr'>Οῦτε</span> <span class='ocrx_word' id='word_1_236' title='bbox 416 3565 652 3634; x_wconf 79' lang='grc' dir='ltr'>ἀλόγως.</span> <span class='ocrx_word' id='word_1_237' title='bbox 682 3564 806 3619; x_wconf 77' lang='grc' dir='ltr'>οὔτε</span> <span class='ocrx_word' id='word_1_238' title='bbox 844 3566 1078 3634; x_wconf 78' lang='grc' dir='ltr'>εὐλόγως</span> <span class='ocrx_word' id='word_1_239' title='bbox 1119 3558 1430 3638; x_wconf 78' lang='grc' dir='ltr'>ὀργίζεσθαι</span> <span class='ocrx_word' id='word_1_240' title='bbox 1452 3566 1741 3636; x_wconf 76' lang='grc' dir='ltr'>χρήσιμονο</span> 
     </span>
    </p>
   </div>
   <div class='ocr_carea' id='block_1_40' title="bbox 164 3657 1742 3731">
    <p class='ocr_par' dir='ltr' id='par_1_40' title="bbox 164 3657 1742 3731">
     <span class='ocr_line' id='line_1_40' title="bbox 164 3657 1742 3731; baseline -0.001 -19"><span class='ocrx_word' id='word_1_241' title='bbox 164 3657 397 3721; x_wconf 80' lang='grc' dir='ltr'>δικαίως</span> <span class='ocrx_word' id='word_1_242' title='bbox 416 3658 525 3730; x_wconf 78' lang='grc' dir='ltr'><strong>γάρ</strong></span> <span class='ocrx_word' id='word_1_243' title='bbox 568 3659 674 3712; x_wconf 76' lang='grc' dir='ltr'><strong>ὑπὸ</strong></span> <span class='ocrx_word' id='word_1_244' title='bbox 714 3658 811 3711; x_wconf 91' lang='grc' dir='ltr'><strong>τοῦ</strong></span> <span class='ocrx_word' id='word_1_245' title='bbox 852 3658 1055 3731; x_wconf 87' lang='grc' dir='ltr'>Κυρίου</span> <span class='ocrx_word' id='word_1_246' title='bbox 1086 3658 1409 3713; x_wconf 84' lang='grc' dir='ltr'>κεκώλυται.</span> <span class='ocrx_word' id='word_1_247' title='bbox 1439 3660 1537 3711; x_wconf 85' lang='lat' dir='ltr'><strong>&quot;Av</strong></span> <span class='ocrx_word' id='word_1_248' title='bbox 1565 3658 1742 3711; x_wconf 84' lang='grc' dir='ltr'>τοίνυν</span> 
     </span>
    </p>
   </div>
   <div class='ocr_carea' id='block_1_41' title="bbox 166 3747 1741 3819">
    <p class='ocr_par' dir='ltr' id='par_1_41' title="bbox 166 3747 1741 3819">
     <span class='ocr_line' id='line_1_41' title="bbox 166 3747 1741 3819; baseline 0 -18"><span class='ocrx_word' id='word_1_249' title='bbox 166 3749 482 3817; x_wconf 78' lang='grc' dir='ltr'>φιλοσοφεῖν</span> <span class='ocrx_word' id='word_1_250' title='bbox 531 3749 723 3819; x_wconf 78' lang='grc' dir='ltr'>ἐθέλῃς</span> <span class='ocrx_word' id='word_1_251' title='bbox 769 3749 911 3802; x_wconf 72' lang='grc' dir='ltr'>κατὰ</span> <span class='ocrx_word' id='word_1_252' title='bbox 976 3748 1239 3818; x_wconf 83' lang='grc' dir='ltr'>Χριστὸν,</span> <span class='ocrx_word' id='word_1_253' title='bbox 1270 3747 1394 3801; x_wconf 77' lang='grc' dir='ltr'>οὕτε</span> <span class='ocrx_word' id='word_1_254' title='bbox 1438 3748 1638 3811; x_wconf 81' lang='grc' dir='ltr'>πάντες</span> <span class='ocrx_word' id='word_1_255' title='bbox 1694 3748 1741 3801; x_wconf 77' lang='lat' dir='ltr'><strong>oi</strong></span> 
     </span>
    </p>
   </div>
   <div class='ocr_carea' id='block_1_42' title="bbox 166 3839 1740 3910">
    <p class='ocr_par' dir='ltr' id='par_1_42' title="bbox 166 3839 1740 3910">
     <span class='ocr_line' id='line_1_42' title="bbox 166 3839 1740 3910; baseline -0.001 -18"><span class='ocrx_word' id='word_1_256' title='bbox 166 3840 401 3908; x_wconf 76' lang='grc' dir='ltr'>πονηροὶ</span> <span class='ocrx_word' id='word_1_257' title='bbox 423 3839 718 3910; x_wconf 76' lang='grc' dir='ltr'>ἄνθρωποι,</span> <span class='ocrx_word' id='word_1_258' title='bbox 750 3839 873 3893; x_wconf 74' lang='grc' dir='ltr'>οὔτε</span> <span class='ocrx_word' id='word_1_259' title='bbox 903 3842 951 3893; x_wconf 87' lang='grc' dir='ltr'><strong>οί</strong></span> <span class='ocrx_word' id='word_1_260' title='bbox 988 3840 1348 3909; x_wconf 85' lang='grc' dir='ltr'>παγχάλεποι,</span> <span class='ocrx_word' id='word_1_261' title='bbox 1383 3840 1478 3892; x_wconf 77' lang='grc' dir='ltr'>καὶ</span> <span class='ocrx_word' id='word_1_262' title='bbox 1522 3839 1740 3892; x_wconf 82' lang='grc' dir='ltr'>πάνδει-</span> 
     </span>
    </p>
   </div>
   <div class='ocr_carea' id='block_1_43' title="bbox 164 3930 1743 4004">
    <p class='ocr_par' dir='ltr' id='par_1_43' title="bbox 164 3930 1743 4004">
     <span class='ocr_line' id='line_1_43' title="bbox 164 3930 1743 4004; baseline -0.001 -19"><span class='ocrx_word' id='word_1_263' title='bbox 164 3950 248 3985; x_wconf 88' lang='grc' dir='ltr'><strong>νοι</strong></span> <span class='ocrx_word' id='word_1_264' title='bbox 290 3933 569 4002; x_wconf 88' lang='grc' dir='ltr'>δαίμονες,</span> <span class='ocrx_word' id='word_1_265' title='bbox 602 3930 728 3986; x_wconf 72' lang='grc' dir='ltr'>οὔτε</span> <span class='ocrx_word' id='word_1_266' title='bbox 753 3934 781 3986; x_wconf 85' lang='grc' dir='ltr'><strong>ὁ</strong></span> <span class='ocrx_word' id='word_1_267' title='bbox 828 3932 1009 4001; x_wconf 84' lang='grc' dir='ltr'>πάσης</span> <span class='ocrx_word' id='word_1_268' title='bbox 1039 3931 1233 3996; x_wconf 79' lang='grc' dir='ltr'>κακίας</span> <span class='ocrx_word' id='word_1_269' title='bbox 1275 3931 1603 4004; x_wconf 65' lang='grc' dir='ltr'>δημιουργρς</span> <span class='ocrx_word' id='word_1_270' title='bbox 1639 3931 1743 3983; x_wconf 85' lang='grc' dir='ltr'><strong>Σα-</strong></span> 
     </span>
    </p>
   </div>
   <div class='ocr_carea' id='block_1_44' title="bbox 165 4020 1740 4094">
    <p class='ocr_par' dir='ltr' id='par_1_44' title="bbox 165 4020 1740 4094">
     <span class='ocr_line' id='line_1_44' title="bbox 165 4020 1740 4094; baseline -0.003 -18"><span class='ocrx_word' id='word_1_271' title='bbox 165 4025 339 4087; x_wconf 82' lang='grc' dir='ltr'>τανᾶς</span> <span class='ocrx_word' id='word_1_272' title='bbox 363 4023 502 4092; x_wconf 85' lang='grc' dir='ltr'>πρὸς</span> <span class='ocrx_word' id='word_1_273' title='bbox 534 4022 703 4094; x_wconf 81' lang='grc' dir='ltr'>ὀργήν</span> <span class='ocrx_word' id='word_1_274' title='bbox 734 4039 815 4089; x_wconf 87' lang='grc' dir='ltr'><strong>σε,</strong></span> <span class='ocrx_word' id='word_1_275' title='bbox 848 4022 944 4075; x_wconf 73' lang='grc' dir='ltr'>καὶ</span> <span class='ocrx_word' id='word_1_276' title='bbox 974 4021 1173 4076; x_wconf 87' lang='grc' dir='ltr'>λύτταν</span> <span class='ocrx_word' id='word_1_277' title='bbox 1224 4020 1445 4091; x_wconf 79' lang='grc' dir='ltr'>κινῆσαι</span> <span class='ocrx_word' id='word_1_278' title='bbox 1485 4020 1740 4091; x_wconf 87' lang='grc' dir='ltr'>δυνήσον-</span> 
     </span>
    </p>
   </div>
   <div class='ocr_carea' id='block_1_45' title="bbox 165 4133 280 4170">
    <p class='ocr_par' dir='ltr' id='par_1_45' title="bbox 165 4133 280 4170">
     <span class='ocr_line' id='line_1_45' title="bbox 165 4133 280 4170; baseline 0.009 -1"><span class='ocrx_word' id='word_1_279' title='bbox 165 4133 280 4170; x_wconf 86' lang='grc' dir='ltr'>ται.</span> 
     </span>
    </p>
   </div>
   <div class='ocr_carea' id='block_1_46' title="bbox 669 4201 1238 4271">
    <p class='ocr_par' dir='ltr' id='par_1_46' title="bbox 669 4201 1238 4271">
     <span class='ocr_line' id='line_1_46' title="bbox 669 4201 1238 4271; baseline -0.002 -14"><span class='ocrx_word' id='word_1_280' title='bbox 669 4204 807 4271; x_wconf 69' lang='grc' dir='ltr'>Τιτ.</span> <span class='ocrx_word' id='word_1_281' title='bbox 833 4234 903 4245; x_wconf 92' lang='grc'><strong><em>-</em></strong></span> <span class='ocrx_word' id='word_1_282' title='bbox 940 4202 1024 4268; x_wconf 84' lang='grc' dir='ltr'><strong>Τῷ</strong></span> <span class='ocrx_word' id='word_1_283' title='bbox 1060 4201 1238 4269; x_wconf 80' lang='grc' dir='ltr'>αὐτῷ.</span> 
     </span>
    </p>
   </div>
   <div class='ocr_carea' id='block_1_47' title="bbox 242 4294 1739 4367">
    <p class='ocr_par' dir='ltr' id='par_1_47' title="bbox 242 4294 1739 4367">
     <span class='ocr_line' id='line_1_47' title="bbox 242 4294 1739 4367; baseline -0.002 -16"><span class='ocrx_word' id='word_1_284' title='bbox 242 4315 265 4350; x_wconf 69' lang='grc' dir='ltr'><strong>ε</strong></span> <span class='ocrx_word' id='word_1_285' title='bbox 307 4296 439 4351; x_wconf 70' lang='grc' dir='ltr'>Ἐὰν</span> <span class='ocrx_word' id='word_1_286' title='bbox 468 4296 632 4351; x_wconf 77' lang='grc' dir='ltr'>αὑτὸν</span> <span class='ocrx_word' id='word_1_287' title='bbox 660 4295 799 4348; x_wconf 89' lang='grc' dir='ltr'>θέλω</span> <span class='ocrx_word' id='word_1_288' title='bbox 844 4296 1061 4365; x_wconf 84' lang='grc' dir='ltr'>μένειν,</span> <span class='ocrx_word' id='word_1_289' title='bbox 1086 4294 1189 4357; x_wconf 74' lang='grc' dir='ltr'>ἕως</span> <span class='ocrx_word' id='word_1_290' title='bbox 1224 4294 1485 4365; x_wconf 76' lang='grc' dir='ltr'>ἔρχομαι,</span> <span class='ocrx_word' id='word_1_291' title='bbox 1514 4294 1567 4349; x_wconf 88' lang='grc' dir='ltr'><strong>τί</strong></span> <span class='ocrx_word' id='word_1_292' title='bbox 1601 4294 1739 4367; x_wconf 76' lang='grc' dir='ltr'>πρὸς</span> 
     </span>
    </p>
   </div>
   <div class='ocr_carea' id='block_1_48' title="bbox 1864 453 3434 523">
    <p class='ocr_par' dir='ltr' id='par_1_48' title="bbox 1864 453 3434 523">
     <span class='ocr_line' id='line_1_48' title="bbox 1864 453 3434 523; baseline 0.003 -18"><span class='ocrx_word' id='word_1_293' title='bbox 1864 454 2009 507; x_wconf 89' lang='lat' dir='ltr'><strong>enim</strong></span> <span class='ocrx_word' id='word_1_294' title='bbox 2071 456 2234 508; x_wconf 89' lang='lat' dir='ltr'><strong>homo</strong></span> <span class='ocrx_word' id='word_1_295' title='bbox 2289 454 2747 523; x_wconf 87' lang='lat' dir='ltr'><strong>supersemiuavit</strong></span> <span class='ocrx_word' id='word_1_296' title='bbox 2799 454 3009 508; x_wconf 85' lang='lat' dir='ltr'><strong>zizania</strong></span> <span class='ocrx_word' id='word_1_297' title='bbox 3047 453 3114 518; x_wconf 84' lang='grc'><strong>³⁷,</strong></span> <span class='ocrx_word' id='word_1_298' title='bbox 3157 472 3176 506; x_wconf 75' lang='grc' dir='ltr'><strong>ι</strong></span> <span class='ocrx_word' id='word_1_299' title='bbox 3241 455 3319 509; x_wconf 90' lang='lat' dir='ltr'><strong>ait</strong></span> <span class='ocrx_word' id='word_1_300' title='bbox 3380 457 3434 510; x_wconf 93' lang='lat' dir='ltr'><strong>in</strong></span> 
     </span>
    </p>
   </div>
   <div class='ocr_carea' id='block_1_49' title="bbox 1864 543 2478 616">
    <p class='ocr_par' dir='ltr' id='par_1_49' title="bbox 1864 543 2478 616">
     <span class='ocr_line' id='line_1_49' title="bbox 1864 543 2478 616; baseline 0.002 -18"><span class='ocrx_word' id='word_1_301' title='bbox 1864 543 2159 616; x_wconf 80' lang='lat' dir='ltr'><strong>Evangelio</strong></span> <span class='ocrx_word' id='word_1_302' title='bbox 2191 544 2478 601; x_wconf 84' lang='lat' dir='ltr'><strong>Dominus.</strong></span> 
     </span>
    </p>
   </div>
   <div class='ocr_carea' id='block_1_50' title="bbox 2073 720 3225 795">
    <p class='ocr_par' dir='ltr' id='par_1_50' title="bbox 2073 720 3225 795">
     <span class='ocr_line' id='line_1_50' title="bbox 2073 720 3225 795; baseline -0.003 -13"><span class='ocrx_word' id='word_1_303' title='bbox 2073 724 2238 795; x_wconf 80' lang='lat'><strong>269</strong></span> <span class='ocrx_word' id='word_1_304' title='bbox 2272 723 2423 780; x_wconf 89' lang='lat' dir='ltr'><strong>CCC.</strong></span> <span class='ocrx_word' id='word_1_305' title='bbox 2454 755 2523 763; x_wconf 97' lang='lat'><strong>—</strong></span> <span class='ocrx_word' id='word_1_306' title='bbox 2556 720 2849 779; x_wconf 85' lang='lat' dir='ltr'><strong>COLASIO</strong></span> <span class='ocrx_word' id='word_1_307' title='bbox 2902 721 3225 778; x_wconf 69' lang='lat' dir='ltr'><strong>DIACONO.</strong></span> 
     </span>
    </p>
   </div>
   <div class='ocr_carea' id='block_1_51' title="bbox 1932 814 3435 881">
    <p class='ocr_par' dir='ltr' id='par_1_51' title="bbox 1932 814 3435 881">
     <span class='ocr_line' id='line_1_51' title="bbox 1932 814 3435 881; baseline -0.001 -10"><span class='ocrx_word' id='word_1_308' title='bbox 1932 817 2128 872; x_wconf 83' lang='lat' dir='ltr'><strong>Beatus</strong></span> <span class='ocrx_word' id='word_1_309' title='bbox 2159 818 2352 873; x_wconf 84' lang='lat' dir='ltr'><strong>Petrus</strong></span> <span class='ocrx_word' id='word_1_310' title='bbox 2381 817 2460 871; x_wconf 85' lang='lat' dir='ltr'><strong>ait</strong></span> <span class='ocrx_word' id='word_1_311' title='bbox 2488 836 2501 872; x_wconf 89' lang='lat'><strong>:</strong></span> <span class='ocrx_word' id='word_1_312' title='bbox 2537 817 2849 881; x_wconf 87' lang='lat' dir='ltr'><strong>Dominum,</strong></span> <span class='ocrx_word' id='word_1_313' title='bbox 2880 825 2934 871; x_wconf 90' lang='lat' dir='ltr'><strong>et</strong></span> <span class='ocrx_word' id='word_1_314' title='bbox 2974 816 3251 871; x_wconf 74' lang='lat' dir='ltr'><strong>Christum</strong></span> <span class='ocrx_word' id='word_1_315' title='bbox 3290 814 3435 871; x_wconf 84' lang='lat' dir='ltr'><strong>Deus</strong></span> 
     </span>
    </p>
   </div>
   <div class='ocr_carea' id='block_1_52' title="bbox 1864 908 3431 979">
    <p class='ocr_par' dir='ltr' id='par_1_52' title="bbox 1864 908 3431 979">
     <span class='ocr_line' id='line_1_52' title="bbox 1864 908 3431 979; baseline 0 -17"><span class='ocrx_word' id='word_1_316' title='bbox 1864 908 2012 973; x_wconf 82' lang='lat' dir='ltr'><strong>fecit,</strong></span> <span class='ocrx_word' id='word_1_317' title='bbox 2043 911 2137 979; x_wconf 86' lang='lat' dir='ltr'><strong>qui</strong></span> <span class='ocrx_word' id='word_1_318' title='bbox 2172 925 2270 978; x_wconf 91' lang='lat' dir='ltr'><strong>pro</strong></span> <span class='ocrx_word' id='word_1_319' title='bbox 2302 910 2463 965; x_wconf 89' lang='lat' dir='ltr'><strong>nobis</strong></span> <span class='ocrx_word' id='word_1_320' title='bbox 2494 910 2795 965; x_wconf 76' lang='lat' dir='ltr'><strong>cruciﬁxus</strong></span> <span class='ocrx_word' id='word_1_321' title='bbox 2827 918 2945 965; x_wconf 88' lang='lat' dir='ltr'><strong>est.</strong></span> <span class='ocrx_word' id='word_1_322' title='bbox 2981 908 3166 965; x_wconf 85' lang='lat' dir='ltr'><strong>Jesum</strong></span> <span class='ocrx_word' id='word_1_323' title='bbox 3196 910 3241 942; x_wconf 80' lang='grc'><strong>⁸⁸</strong></span> <span class='ocrx_word' id='word_1_324' title='bbox 3277 927 3291 963; x_wconf 91' lang='lat'><strong>:</strong></span> <span class='ocrx_word' id='word_1_325' title='bbox 3323 926 3431 963; x_wconf 91' lang='lat' dir='ltr'><strong>non</strong></span> 
     </span>
    </p>
   </div>
   <div class='ocr_carea' id='block_1_53' title="bbox 1861 1001 3429 1083">
    <p class='ocr_par' dir='ltr' id='par_1_53' title="bbox 1861 1001 3429 1083">
     <span class='ocr_line' id='line_1_53' title="bbox 1861 1001 3429 1083; baseline -0.001 -26"><span class='ocrx_word' id='word_1_326' title='bbox 1861 1004 2157 1057; x_wconf 73' lang='lat' dir='ltr'><strong>essentiam</strong></span> <span class='ocrx_word' id='word_1_327' title='bbox 2186 1003 2372 1068; x_wconf 83' lang='lat' dir='ltr'><strong>Verbi,</strong></span> <span class='ocrx_word' id='word_1_328' title='bbox 2401 1002 2494 1058; x_wconf 89' lang='lat' dir='ltr'><strong>sed</strong></span> <span class='ocrx_word' id='word_1_329' title='bbox 2528 1003 2677 1073; x_wconf 88' lang='lat' dir='ltr'><strong>quod</strong></span> <span class='ocrx_word' id='word_1_330' title='bbox 2719 1004 3016 1083; x_wconf 74' lang='lat' dir='ltr'><strong>humanum</strong></span> <span class='ocrx_word' id='word_1_331' title='bbox 3048 1011 3188 1068; x_wconf 88' lang='lat' dir='ltr'><strong>erat,</strong></span> <span class='ocrx_word' id='word_1_332' title='bbox 3226 1001 3429 1056; x_wconf 77' lang='lat' dir='ltr'><strong>factiun</strong></span> 
     </span>
    </p>
   </div>
   <div class='ocr_carea' id='block_1_54' title="bbox 1861 1093 3431 1164">
    <p class='ocr_par' dir='ltr' id='par_1_54' title="bbox 1861 1093 3431 1164">
     <span class='ocr_line' id='line_1_54' title="bbox 1861 1093 3431 1164; baseline -0.001 -17"><span class='ocrx_word' id='word_1_333' title='bbox 1861 1109 1984 1147; x_wconf 91' lang='lat' dir='ltr'><strong>eum</strong></span> <span class='ocrx_word' id='word_1_334' title='bbox 2016 1095 2229 1149; x_wconf 87' lang='lat' dir='ltr'><strong>dicens.</strong></span> <span class='ocrx_word' id='word_1_335' title='bbox 2270 1094 2413 1159; x_wconf 87' lang='lat' dir='ltr'><strong>Quid</strong></span> <span class='ocrx_word' id='word_1_336' title='bbox 2458 1094 2603 1148; x_wconf 91' lang='lat' dir='ltr'><strong>enim</strong></span> <span class='ocrx_word' id='word_1_337' title='bbox 2638 1104 2777 1160; x_wconf 89' lang='lat' dir='ltr'><strong>erat,</strong></span> <span class='ocrx_word' id='word_1_338' title='bbox 2810 1093 2956 1164; x_wconf 90' lang='lat' dir='ltr'><strong>quod</strong></span> <span class='ocrx_word' id='word_1_339' title='bbox 2992 1094 3140 1147; x_wconf 86' lang='lat' dir='ltr'><strong>cruci</strong></span> <span class='ocrx_word' id='word_1_340' title='bbox 3166 1094 3431 1164; x_wconf 83' lang='lat' dir='ltr'><strong>alligeba-</strong></span> 
     </span>
    </p>
   </div>
   <div class='ocr_carea' id='block_1_55' title="bbox 1862 1182 3427 1253">
    <p class='ocr_par' dir='ltr' id='par_1_55' title="bbox 1862 1182 3427 1253">
     <span class='ocr_line' id='line_1_55' title="bbox 1862 1182 3427 1253; baseline 0 -18"><span class='ocrx_word' id='word_1_341' title='bbox 1862 1191 1973 1247; x_wconf 92' lang='lat' dir='ltr'><strong>tur,</strong></span> <span class='ocrx_word' id='word_1_342' title='bbox 2012 1182 2117 1238; x_wconf 91' lang='lat' dir='ltr'><strong>nisi</strong></span> <span class='ocrx_word' id='word_1_343' title='bbox 2160 1184 2392 1251; x_wconf 84' lang='lat' dir='ltr'><strong>corpus?</strong></span> <span class='ocrx_word' id='word_1_344' title='bbox 2420 1182 2488 1235; x_wconf 83' lang='lat' dir='ltr'><strong>At</strong></span> <span class='ocrx_word' id='word_1_345' title='bbox 2516 1182 2700 1246; x_wconf 74' lang='lat' dir='ltr'><strong>Verbi,</strong></span> <span class='ocrx_word' id='word_1_346' title='bbox 2745 1184 2889 1253; x_wconf 91' lang='lat' dir='ltr'><strong>quod</strong></span> <span class='ocrx_word' id='word_1_347' title='bbox 2926 1199 3246 1253; x_wconf 82' lang='lat' dir='ltr'><strong>corporeum</strong></span> <span class='ocrx_word' id='word_1_348' title='bbox 3286 1189 3427 1243; x_wconf 85' lang='lat' dir='ltr'><strong>erat.</strong></span> 
     </span>
    </p>
   </div>
   <div class='ocr_carea' id='block_1_56' title="bbox 1860 1272 3431 1346">
    <p class='ocr_par' dir='ltr' id='par_1_56' title="bbox 1860 1272 3431 1346">
     <span class='ocr_line' id='line_1_56' title="bbox 1860 1272 3431 1346; baseline -0.001 -17"><span class='ocrx_word' id='word_1_349' title='bbox 1860 1276 2136 1346; x_wconf 85' lang='lat' dir='ltr'><strong>quomodo</strong></span> <span class='ocrx_word' id='word_1_350' title='bbox 2160 1283 2349 1330; x_wconf 89' lang='lat' dir='ltr'><strong>notare</strong></span> <span class='ocrx_word' id='word_1_351' title='bbox 2379 1282 2610 1343; x_wconf 88' lang='lat' dir='ltr'><strong>poterat,</strong></span> <span class='ocrx_word' id='word_1_352' title='bbox 2640 1275 2742 1329; x_wconf 85' lang='lat' dir='ltr'><strong>nisi</strong></span> <span class='ocrx_word' id='word_1_353' title='bbox 2784 1275 3023 1328; x_wconf 84' lang='lat' dir='ltr'><strong>dictione.</strong></span> <span class='ocrx_word' id='word_1_354' title='bbox 3061 1275 3150 1328; x_wconf 89' lang='lat' dir='ltr'><strong>illa</strong></span> <span class='ocrx_word' id='word_1_355' title='bbox 3184 1291 3197 1327; x_wconf 89' lang='lat'><strong>:</strong></span> <span class='ocrx_word' id='word_1_356' title='bbox 3240 1272 3431 1328; x_wconf 72' lang='lat' dir='ltr'><strong>Fecit?</strong></span> 
     </span>
    </p>
   </div>
   <div class='ocr_carea' id='block_1_57' title="bbox 2000 1363 3284 1421">
    <p class='ocr_par' dir='ltr' id='par_1_57' title="bbox 2000 1363 3284 1421">
     <span class='ocr_line' id='line_1_57' title="bbox 2000 1363 3284 1421; baseline -0.002 0"><span class='ocrx_word' id='word_1_357' title='bbox 2000 1366 2173 1421; x_wconf 89' lang='lat' dir='ltr'><strong>CCCI.</strong></span> <span class='ocrx_word' id='word_1_358' title='bbox 2194 1397 2265 1406; x_wconf 95' lang='lat'><strong>—</strong></span> <span class='ocrx_word' id='word_1_359' title='bbox 2295 1365 2684 1419; x_wconf 82' lang='lat' dir='ltr'><strong>TIIESSALIO</strong></span> <span class='ocrx_word' id='word_1_360' title='bbox 2732 1363 3284 1420; x_wconf 73' lang='lat' dir='ltr'><strong>COLLABORANTI.</strong></span> 
     </span>
    </p>
   </div>
   <div class='ocr_carea' id='block_1_58' title="bbox 1929 1453 3427 1526">
    <p class='ocr_par' dir='ltr' id='par_1_58' title="bbox 1929 1453 3427 1526">
     <span class='ocr_line' id='line_1_58' title="bbox 1929 1453 3427 1526; baseline -0.001 -15"><span class='ocrx_word' id='word_1_361' title='bbox 1929 1456 2006 1512; x_wconf 89' lang='lat' dir='ltr'><strong>Ne</strong></span> <span class='ocrx_word' id='word_1_362' title='bbox 2039 1473 2233 1513; x_wconf 86' lang='lat' dir='ltr'><strong>manus</strong></span> <span class='ocrx_word' id='word_1_363' title='bbox 2266 1468 2356 1511; x_wconf 89' lang='lat' dir='ltr'><strong>tua</strong></span> <span class='ocrx_word' id='word_1_364' title='bbox 2386 1466 2494 1510; x_wconf 86' lang='lat' dir='ltr'><strong>tam</strong></span> <span class='ocrx_word' id='word_1_365' title='bbox 2527 1453 2681 1511; x_wconf 82' lang='lat' dir='ltr'><strong>av’ide</strong></span> <span class='ocrx_word' id='word_1_366' title='bbox 2707 1456 3031 1510; x_wconf 78' lang='lat' dir='ltr'><strong>extendatur</strong></span> <span class='ocrx_word' id='word_1_367' title='bbox 3063 1457 3126 1510; x_wconf 90' lang='lat' dir='ltr'><strong>ad</strong></span> <span class='ocrx_word' id='word_1_368' title='bbox 3153 1455 3427 1526; x_wconf 79' lang='lat' dir='ltr'><strong>accipien-</strong></span> 
     </span>
    </p>
   </div>
   <div class='ocr_carea' id='block_1_59' title="bbox 1859 1547 3421 1618">
    <p class='ocr_par' dir='ltr' id='par_1_59' title="bbox 1859 1547 3421 1618">
     <span class='ocr_line' id='line_1_59' title="bbox 1859 1547 3421 1618; baseline -0.001 -15"><span class='ocrx_word' id='word_1_369' title='bbox 1859 1550 2009 1611; x_wconf 86' lang='lat' dir='ltr'><strong>dum,</strong></span> <span class='ocrx_word' id='word_1_370' title='bbox 2030 1551 2095 1604; x_wconf 88' lang='lat' dir='ltr'><strong>ad</strong></span> <span class='ocrx_word' id='word_1_371' title='bbox 2126 1549 2494 1613; x_wconf 78' lang='lat' dir='ltr'><strong>exhibendum</strong></span> <span class='ocrx_word' id='word_1_372' title='bbox 2524 1564 2653 1602; x_wconf 84' lang='lat' dir='ltr'><strong>vero</strong></span> <span class='ocrx_word' id='word_1_373' title='bbox 2675 1549 2959 1618; x_wconf 75' lang='lat' dir='ltr'><strong>egentibus</strong></span> <span class='ocrx_word' id='word_1_374' title='bbox 2980 1548 3335 1601; x_wconf 78' lang='lat' dir='ltr'><strong>contrahatur</strong></span> <span class='ocrx_word' id='word_1_375' title='bbox 3356 1547 3421 1601; x_wconf 77' lang='grc'><strong>³⁸.</strong></span> 
     </span>
    </p>
   </div>
   <div class='ocr_carea' id='block_1_60' title="bbox 1859 1639 3426 1711">
    <p class='ocr_par' dir='ltr' id='par_1_60' title="bbox 1859 1639 3426 1711">
     <span class='ocr_line' id='line_1_60' title="bbox 1859 1639 3426 1711; baseline -0.003 -16"><span class='ocrx_word' id='word_1_376' title='bbox 1859 1640 1963 1695; x_wconf 85' lang='lat' dir='ltr'><strong>Sed</strong></span> <span class='ocrx_word' id='word_1_377' title='bbox 1992 1640 2456 1711; x_wconf 87' lang='lat' dir='ltr'><strong>quemadmodum</strong></span> <span class='ocrx_word' id='word_1_378' title='bbox 2492 1655 2817 1693; x_wconf 70' lang='lat' dir='ltr'><strong>mammona:</strong></span> <span class='ocrx_word' id='word_1_379' title='bbox 2847 1640 2996 1692; x_wconf 81' lang='lat' dir='ltr'><strong>lucra</strong></span> <span class='ocrx_word' id='word_1_380' title='bbox 3030 1639 3213 1693; x_wconf 88' lang='lat' dir='ltr'><strong>libenti</strong></span> <span class='ocrx_word' id='word_1_381' title='bbox 3243 1639 3426 1692; x_wconf 90' lang='lat' dir='ltr'><strong>animo</strong></span> 
     </span>
    </p>
   </div>
   <div class='ocr_carea' id='block_1_61' title="bbox 1856 1727 3424 1802">
    <p class='ocr_par' dir='ltr' id='par_1_61' title="bbox 1856 1727 3424 1802">
     <span class='ocr_line' id='line_1_61' title="bbox 1856 1727 3424 1802; baseline -0.001 -17"><span class='ocrx_word' id='word_1_382' title='bbox 1856 1732 2100 1802; x_wconf 84' lang='lat' dir='ltr'><strong>excipis,</strong></span> <span class='ocrx_word' id='word_1_383' title='bbox 2166 1730 2238 1783; x_wconf 89' lang='lat' dir='ltr'><strong>ita</strong></span> <span class='ocrx_word' id='word_1_384' title='bbox 2298 1729 2491 1784; x_wconf 79' lang='lat' dir='ltr'><strong>libenti</strong></span> <span class='ocrx_word' id='word_1_385' title='bbox 2562 1729 2726 1783; x_wconf 89' lang='lat' dir='ltr'><strong>etiam</strong></span> <span class='ocrx_word' id='word_1_386' title='bbox 2792 1729 2976 1784; x_wconf 86' lang='lat' dir='ltr'><strong>animo</strong></span> <span class='ocrx_word' id='word_1_387' title='bbox 3048 1727 3424 1798; x_wconf 77' lang='lat' dir='ltr'><strong>indigentibus</strong></span> 
     </span>
    </p>
   </div>
   <div class='ocr_carea' id='block_1_62' title="bbox 1855 1822 2455 1893">
    <p class='ocr_par' dir='ltr' id='par_1_62' title="bbox 1855 1822 2455 1893">
     <span class='ocr_line' id='line_1_62' title="bbox 1855 1822 2455 1893; baseline -0.005 -15"><span class='ocrx_word' id='word_1_388' title='bbox 1855 1833 2109 1893; x_wconf 88' lang='lat' dir='ltr'><strong>sumptus</strong></span> <span class='ocrx_word' id='word_1_389' title='bbox 2144 1822 2455 1892; x_wconf 90' lang='lat' dir='ltr'><strong>suppedita.</strong></span> 
     </span>
    </p>
   </div>
   <div class='ocr_carea' id='block_1_63' title="bbox 2377 1910 2905 1967">
    <p class='ocr_par' dir='ltr' id='par_1_63' title="bbox 2377 1910 2905 1967">
     <span class='ocr_line' id='line_1_63' title="bbox 2377 1910 2905 1967; baseline -0.004 -1"><span class='ocrx_word' id='word_1_390' title='bbox 2377 1911 2575 1967; x_wconf 90' lang='grc'>00011.</span> <span class='ocrx_word' id='word_1_391' title='bbox 2601 1943 2670 1957; x_wconf 87' lang='grc'><strong>--</strong></span> <span class='ocrx_word' id='word_1_392' title='bbox 2700 1910 2905 1965; x_wconf 81' lang='lat' dir='ltr'><strong>Eidem.</strong></span> 
     </span>
    </p>
   </div>
   <div class='ocr_carea' id='block_1_64' title="bbox 1926 2003 3419 2073">
    <p class='ocr_par' dir='ltr' id='par_1_64' title="bbox 1926 2003 3419 2073">
     <span class='ocr_line' id='line_1_64' title="bbox 1926 2003 3419 2073; baseline 0.001 -17"><span class='ocrx_word' id='word_1_393' title='bbox 1926 2004 1982 2057; x_wconf 80' lang='lat' dir='ltr'><strong>Si</strong></span> <span class='ocrx_word' id='word_1_394' title='bbox 2008 2019 2129 2058; x_wconf 89' lang='lat' dir='ltr'><strong>cum</strong></span> <span class='ocrx_word' id='word_1_395' title='bbox 2158 2003 2280 2059; x_wconf 90' lang='lat' dir='ltr'><strong>aliis</strong></span> <span class='ocrx_word' id='word_1_396' title='bbox 2310 2006 2564 2073; x_wconf 83' lang='lat' dir='ltr'><strong>superior</strong></span> <span class='ocrx_word' id='word_1_397' title='bbox 2592 2004 2691 2068; x_wconf 90' lang='lat' dir='ltr'><strong>sis,</strong></span> <span class='ocrx_word' id='word_1_398' title='bbox 2724 2019 2927 2073; x_wconf 79' lang='lat' dir='ltr'><strong>eosque</strong></span> <span class='ocrx_word' id='word_1_399' title='bbox 2952 2003 3249 2073; x_wconf 89' lang='lat' dir='ltr'><strong>opprimas,</strong></span> <span class='ocrx_word' id='word_1_400' title='bbox 3278 2018 3419 2073; x_wconf 56' lang='lat' dir='ltr'><strong>prae-</strong></span> 
     </span>
    </p>
   </div>
   <div class='ocr_carea' id='block_1_65' title="bbox 1851 2094 3420 2166">
    <p class='ocr_par' dir='ltr' id='par_1_65' title="bbox 1851 2094 3420 2166">
     <span class='ocr_line' id='line_1_65' title="bbox 1851 2094 3420 2166; baseline 0.001 -17"><span class='ocrx_word' id='word_1_401' title='bbox 1851 2107 2005 2164; x_wconf 88' lang='lat' dir='ltr'><strong>cepta</strong></span> <span class='ocrx_word' id='word_1_402' title='bbox 2035 2094 2248 2148; x_wconf 84' lang='lat' dir='ltr'><strong>Domini</strong></span> <span class='ocrx_word' id='word_1_403' title='bbox 2281 2096 2577 2165; x_wconf 82' lang='lat' dir='ltr'><strong>adimplere</strong></span> <span class='ocrx_word' id='word_1_404' title='bbox 2601 2096 2697 2149; x_wconf 84' lang='lat' dir='ltr'><strong>tibi</strong></span> <span class='ocrx_word' id='word_1_405' title='bbox 2722 2096 2945 2156; x_wconf 87' lang='lat' dir='ltr'><strong>videris.</strong></span> <span class='ocrx_word' id='word_1_406' title='bbox 2970 2104 3025 2149; x_wconf 89' lang='lat' dir='ltr'><strong>et</strong></span> <span class='ocrx_word' id='word_1_407' title='bbox 3050 2096 3420 2166; x_wconf 70' lang='lat' dir='ltr'><strong>eleemosynaz</strong></span> 
     </span>
    </p>
   </div>
   <div class='ocr_carea' id='block_1_66' title="bbox 1849 2188 3419 2258">
    <p class='ocr_par' dir='ltr' id='par_1_66' title="bbox 1849 2188 3419 2258">
     <span class='ocr_line' id='line_1_66' title="bbox 1849 2188 3419 2258; baseline 0.001 -19"><span class='ocrx_word' id='word_1_408' title='bbox 1849 2202 2116 2257; x_wconf 82' lang='lat' dir='ltr'><strong>erogare;</strong></span> <span class='ocrx_word' id='word_1_409' title='bbox 2151 2188 2335 2256; x_wconf 88' lang='lat' dir='ltr'><strong>potius</strong></span> <span class='ocrx_word' id='word_1_410' title='bbox 2367 2202 2560 2242; x_wconf 90' lang='lat' dir='ltr'><strong>eorum</strong></span> <span class='ocrx_word' id='word_1_411' title='bbox 2593 2196 2646 2242; x_wconf 90' lang='lat' dir='ltr'><strong>te</strong></span> <span class='ocrx_word' id='word_1_412' title='bbox 2670 2188 2948 2252; x_wconf 84' lang='lat' dir='ltr'><strong>misereat,</strong></span> <span class='ocrx_word' id='word_1_413' title='bbox 2978 2188 3069 2256; x_wconf 88' lang='lat' dir='ltr'><strong>qui</strong></span> <span class='ocrx_word' id='word_1_414' title='bbox 3109 2202 3137 2239; x_wconf 90' lang='lat' dir='ltr'><strong>a</strong></span> <span class='ocrx_word' id='word_1_415' title='bbox 3168 2188 3419 2258; x_wconf 82' lang='lat' dir='ltr'><strong>magniﬁ-</strong></span> 
     </span>
    </p>
   </div>
   <div class='ocr_carea' id='block_1_67' title="bbox 1850 2270 3309 2350">
    <p class='ocr_par' dir='ltr' id='par_1_67' title="bbox 1850 2270 3309 2350">
     <span class='ocr_line' id='line_1_67' title="bbox 1850 2270 3309 2350; baseline 0.001 -18"><span class='ocrx_word' id='word_1_416' title='bbox 1850 2278 2029 2332; x_wconf 88' lang='lat' dir='ltr'><strong>centia</strong></span> <span class='ocrx_word' id='word_1_417' title='bbox 2061 2286 2153 2331; x_wconf 90' lang='lat' dir='ltr'><strong>tua</strong></span> <span class='ocrx_word' id='word_1_418' title='bbox 2185 2278 2451 2347; x_wconf 86' lang='lat' dir='ltr'><strong>injuriose</strong></span> <span class='ocrx_word' id='word_1_419' title='bbox 2489 2270 2819 2342; x_wconf 89' lang='lat' dir='ltr'><strong>tractantur,</strong></span> <span class='ocrx_word' id='word_1_420' title='bbox 2845 2290 2896 2333; x_wconf 90' lang='lat' dir='ltr'><strong>et</strong></span> <span class='ocrx_word' id='word_1_421' title='bbox 2922 2280 3309 2350; x_wconf 84' lang='lat' dir='ltr'><strong>ingemiscuut.</strong></span> 
     </span>
    </p>
   </div>
   <div class='ocr_carea' id='block_1_68' title="bbox 2351 2369 2914 2425">
    <p class='ocr_par' dir='ltr' id='par_1_68' title="bbox 2351 2369 2914 2425">
     <span class='ocr_line' id='line_1_68' title="bbox 2351 2369 2914 2425; baseline 0 0"><span class='ocrx_word' id='word_1_422' title='bbox 2351 2369 2575 2425; x_wconf 89' lang='lat' dir='ltr'><strong>CCClll.</strong></span> <span class='ocrx_word' id='word_1_423' title='bbox 2604 2400 2675 2411; x_wconf 91' lang='grc'><strong>--</strong></span> <span class='ocrx_word' id='word_1_424' title='bbox 2704 2370 2914 2425; x_wconf 87' lang='lat' dir='ltr'><strong>Eidem.</strong></span> 
     </span>
    </p>
   </div>
   <div class='ocr_carea' id='block_1_69' title="bbox 1921 2459 3417 2533">
    <p class='ocr_par' dir='ltr' id='par_1_69' title="bbox 1921 2459 3417 2533">
     <span class='ocr_line' id='line_1_69' title="bbox 1921 2459 3417 2533; baseline 0.005 -18"><span class='ocrx_word' id='word_1_425' title='bbox 1921 2459 2157 2517; x_wconf 87' lang='lat' dir='ltr'><strong>Scitote</strong></span> <span class='ocrx_word' id='word_1_426' title='bbox 2206 2476 2485 2532; x_wconf 87' lang='lat' dir='ltr'><strong>peccasse.</strong></span> <span class='ocrx_word' id='word_1_427' title='bbox 2521 2470 2576 2517; x_wconf 90' lang='lat' dir='ltr'><strong>et</strong></span> <span class='ocrx_word' id='word_1_428' title='bbox 2636 2463 2845 2518; x_wconf 79' lang='lat' dir='ltr'><strong>delebis</strong></span> <span class='ocrx_word' id='word_1_429' title='bbox 2895 2464 3213 2533; x_wconf 82' lang='lat' dir='ltr'><strong>iniquitates</strong></span> <span class='ocrx_word' id='word_1_430' title='bbox 3269 2472 3417 2533; x_wconf 88' lang='lat' dir='ltr'><strong>tuas,</strong></span> 
     </span>
    </p>
   </div>
   <div class='ocr_carea' id='block_1_70' title="bbox 1847 2550 3416 2624">
    <p class='ocr_par' dir='ltr' id='par_1_70' title="bbox 1847 2550 3416 2624">
     <span class='ocr_line' id='line_1_70' title="bbox 1847 2550 3416 2624; baseline 0.006 -20"><span class='ocrx_word' id='word_1_431' title='bbox 1847 2550 2215 2620; x_wconf 86' lang='lat' dir='ltr'><strong>tuimetipsius</strong></span> <span class='ocrx_word' id='word_1_432' title='bbox 2272 2561 2562 2605; x_wconf 83' lang='lat' dir='ltr'><strong>accusator</strong></span> <span class='ocrx_word' id='word_1_433' title='bbox 2618 2551 2817 2619; x_wconf 82' lang='lat' dir='ltr'><strong>factus,</strong></span> <span class='ocrx_word' id='word_1_434' title='bbox 2870 2563 3059 2624; x_wconf 89' lang='lat' dir='ltr'><strong>pectus</strong></span> <span class='ocrx_word' id='word_1_435' title='bbox 3101 2556 3416 2623; x_wconf 83' lang='lat' dir='ltr'><strong>verberans,</strong></span> 
     </span>
    </p>
   </div>
   <div class='ocr_carea' id='block_1_71' title="bbox 1846 2641 3418 2714">
    <p class='ocr_par' dir='ltr' id='par_1_71' title="bbox 1846 2641 3418 2714">
     <span class='ocr_line' id='line_1_71' title="bbox 1846 2641 3418 2714; baseline 0.003 -17"><span class='ocrx_word' id='word_1_436' title='bbox 1846 2650 1901 2697; x_wconf 89' lang='lat' dir='ltr'><strong>et</strong></span> <span class='ocrx_word' id='word_1_437' title='bbox 1938 2641 2127 2697; x_wconf 90' lang='lat' dir='ltr'><strong>dicens</strong></span> <span class='ocrx_word' id='word_1_438' title='bbox 2159 2659 2173 2697; x_wconf 93' lang='lat'><strong>:</strong></span> <span class='ocrx_word' id='word_1_439' title='bbox 2226 2661 2244 2693; x_wconf 82' lang='grc' dir='ltr'><strong>ι</strong></span> <span class='ocrx_word' id='word_1_440' title='bbox 2290 2642 2541 2705; x_wconf 89' lang='lat' dir='ltr'><strong>Domine,</strong></span> <span class='ocrx_word' id='word_1_441' title='bbox 2588 2644 2861 2713; x_wconf 89' lang='lat' dir='ltr'><strong>propitius</strong></span> <span class='ocrx_word' id='word_1_442' title='bbox 2903 2654 3023 2699; x_wconf 90' lang='lat' dir='ltr'><strong>esto</strong></span> <span class='ocrx_word' id='word_1_443' title='bbox 3060 2645 3191 2699; x_wconf 90' lang='lat' dir='ltr'><strong>mihi</strong></span> <span class='ocrx_word' id='word_1_444' title='bbox 3226 2661 3418 2714; x_wconf 82' lang='lat' dir='ltr'><strong>pecca-</strong></span> 
     </span>
    </p>
   </div>
   <div class='ocr_carea' id='block_1_72' title="bbox 1845 2732 3415 2803">
    <p class='ocr_par' dir='ltr' id='par_1_72' title="bbox 1845 2732 3415 2803">
     <span class='ocr_line' id='line_1_72' title="bbox 1845 2732 3415 2803; baseline 0.003 -18"><span class='ocrx_word' id='word_1_445' title='bbox 1845 2732 1954 2785; x_wconf 89' lang='lat' dir='ltr'><strong>tori</strong></span> <span class='ocrx_word' id='word_1_446' title='bbox 1992 2732 2084 2793; x_wconf 76' lang='grc'><strong>⁸⁸⁸,</strong></span> <span class='ocrx_word' id='word_1_447' title='bbox 2112 2749 2132 2783; x_wconf 75' lang='grc' dir='ltr'><strong>ι</strong></span> <span class='ocrx_word' id='word_1_448' title='bbox 2188 2740 2243 2785; x_wconf 92' lang='lat' dir='ltr'><strong>et</strong></span> <span class='ocrx_word' id='word_1_449' title='bbox 2296 2732 2527 2788; x_wconf 86' lang='lat' dir='ltr'><strong>salutem</strong></span> <span class='ocrx_word' id='word_1_450' title='bbox 2575 2734 2953 2803; x_wconf 75' lang='lat' dir='ltr'><strong>consequeris.</strong></span> <span class='ocrx_word' id='word_1_451' title='bbox 3001 2733 3415 2791; x_wconf 76' lang='lat' dir='ltr'><strong>Confessionem</strong></span> 
     </span>
    </p>
   </div>
   <div class='ocr_carea' id='block_1_73' title="bbox 1846 2823 3093 2892">
    <p class='ocr_par' dir='ltr' id='par_1_73' title="bbox 1846 2823 3093 2892">
     <span class='ocr_line' id='line_1_73' title="bbox 1846 2823 3093 2892; baseline 0.002 -17"><span class='ocrx_word' id='word_1_452' title='bbox 1846 2828 1995 2876; x_wconf 89' lang='lat' dir='ltr'><strong>tuam</strong></span> <span class='ocrx_word' id='word_1_453' title='bbox 2026 2823 2359 2892; x_wconf 78' lang='lat' dir='ltr'><strong>accepimus,</strong></span> <span class='ocrx_word' id='word_1_454' title='bbox 2400 2831 2453 2877; x_wconf 90' lang='lat' dir='ltr'><strong>et</strong></span> <span class='ocrx_word' id='word_1_455' title='bbox 2482 2823 2651 2877; x_wconf 92' lang='lat' dir='ltr'><strong>animi</strong></span> <span class='ocrx_word' id='word_1_456' title='bbox 2682 2823 3093 2879; x_wconf 89' lang='lat' dir='ltr'><strong>demissionem.</strong></span> 
     </span>
    </p>
   </div>
   <div class='ocr_carea' id='block_1_74' title="bbox 2022 2932 3242 3003">
    <p class='ocr_par' dir='ltr' id='par_1_74' title="bbox 2022 2932 3242 3003">
     <span class='ocr_line' id='line_1_74' title="bbox 2022 2932 3242 3003; baseline 0.001 -13"><span class='ocrx_word' id='word_1_457' title='bbox 2022 2933 2186 3003; x_wconf 73' lang='lat'><strong>270</strong></span> <span class='ocrx_word' id='word_1_458' title='bbox 2217 2932 2439 2989; x_wconf 77' lang='lat' dir='ltr'><strong>CCCIV.</strong></span> <span class='ocrx_word' id='word_1_459' title='bbox 2460 2964 2530 2974; x_wconf 84' lang='lat'><strong>—-</strong></span> <span class='ocrx_word' id='word_1_460' title='bbox 2559 2932 2959 2991; x_wconf 80' lang='lat' dir='ltr'><strong>EUSTOCHIO</strong></span> <span class='ocrx_word' id='word_1_461' title='bbox 3003 2934 3242 2991; x_wconf 75' lang='lat' dir='ltr'><strong>COMITI</strong></span> 
     </span>
    </p>
   </div>
   <div class='ocr_carea' id='block_1_75' title="bbox 2381 3003 2879 3059">
    <p class='ocr_par' dir='ltr' id='par_1_75' title="bbox 2381 3003 2879 3059">
     <span class='ocr_line' id='line_1_75' title="bbox 2381 3003 2879 3059; baseline 0.002 -1"><span class='ocrx_word' id='word_1_462' title='bbox 2381 3003 2458 3058; x_wconf 84' lang='lat' dir='ltr'><strong>LA</strong></span> <span class='ocrx_word' id='word_1_463' title='bbox 2472 3003 2879 3059; x_wconf 69' lang='lat' dir='ltr'><strong>BGITIONUM.</strong></span> 
     </span>
    </p>
   </div>
   <div class='ocr_carea' id='block_1_76' title="bbox 1919 3093 3415 3168">
    <p class='ocr_par' dir='ltr' id='par_1_76' title="bbox 1919 3093 3415 3168">
     <span class='ocr_line' id='line_1_76' title="bbox 1919 3093 3415 3168; baseline 0.004 -19"><span class='ocrx_word' id='word_1_464' title='bbox 1919 3093 1976 3149; x_wconf 91' lang='lat' dir='ltr'><strong>Si</strong></span> <span class='ocrx_word' id='word_1_465' title='bbox 2010 3110 2383 3166; x_wconf 65' lang='lat' dir='ltr'><strong>saepenumero</strong></span> <span class='ocrx_word' id='word_1_466' title='bbox 2420 3097 2578 3165; x_wconf 86' lang='lat' dir='ltr'><strong>signo</strong></span> <span class='ocrx_word' id='word_1_467' title='bbox 2602 3095 2897 3152; x_wconf 73' lang='lat' dir='ltr'><strong>Dominica:</strong></span> <span class='ocrx_word' id='word_1_468' title='bbox 2921 3096 3104 3153; x_wconf 90' lang='lat' dir='ltr'><strong>crucis</strong></span> <span class='ocrx_word' id='word_1_469' title='bbox 3137 3097 3215 3152; x_wconf 93' lang='lat' dir='ltr'><strong>tui</strong></span> <span class='ocrx_word' id='word_1_470' title='bbox 3242 3097 3415 3168; x_wconf 75' lang='lat' dir='ltr'><strong>ipsius</strong></span> 
     </span>
    </p>
   </div>
   <div class='ocr_carea' id='block_1_77' title="bbox 1847 3182 3416 3255">
    <p class='ocr_par' dir='ltr' id='par_1_77' title="bbox 1847 3182 3416 3255">
     <span class='ocr_line' id='line_1_77' title="bbox 1847 3182 3416 3255; baseline 0.003 -18"><span class='ocrx_word' id='word_1_471' title='bbox 1847 3182 2081 3238; x_wconf 84' lang='lat' dir='ltr'><strong>frontem</strong></span> <span class='ocrx_word' id='word_1_472' title='bbox 2129 3192 2184 3238; x_wconf 91' lang='lat' dir='ltr'><strong>et</strong></span> <span class='ocrx_word' id='word_1_473' title='bbox 2234 3200 2331 3240; x_wconf 89' lang='lat' dir='ltr'><strong>cor</strong></span> <span class='ocrx_word' id='word_1_474' title='bbox 2361 3184 2691 3255; x_wconf 87' lang='lat' dir='ltr'><strong>signaveris,</strong></span> <span class='ocrx_word' id='word_1_475' title='bbox 2731 3184 3015 3255; x_wconf 76' lang='lat' dir='ltr'><strong>aufugient</strong></span> <span class='ocrx_word' id='word_1_476' title='bbox 3055 3199 3087 3239; x_wconf 89' lang='lat' dir='ltr'><strong>a</strong></span> <span class='ocrx_word' id='word_1_477' title='bbox 3126 3194 3179 3241; x_wconf 88' lang='lat' dir='ltr'><strong>te</strong></span> <span class='ocrx_word' id='word_1_478' title='bbox 3220 3186 3416 3241; x_wconf 86' lang='lat' dir='ltr'><strong>timore</strong></span> 
     </span>
    </p>
   </div>
   <div class='ocr_carea' id='block_1_78' title="bbox 1846 3273 3413 3343">
    <p class='ocr_par' dir='ltr' id='par_1_78' title="bbox 1846 3273 3413 3343">
     <span class='ocr_line' id='line_1_78' title="bbox 1846 3273 3413 3343; baseline 0.003 -17"><span class='ocrx_word' id='word_1_479' title='bbox 1846 3274 2038 3343; x_wconf 86' lang='lat' dir='ltr'><strong>perciti</strong></span> <span class='ocrx_word' id='word_1_480' title='bbox 2071 3274 2385 3329; x_wconf 80' lang='lat' dir='ltr'><strong>daemones:</strong></span> <span class='ocrx_word' id='word_1_481' title='bbox 2421 3273 2575 3328; x_wconf 81' lang='lat' dir='ltr'><strong>valde</strong></span> <span class='ocrx_word' id='word_1_482' title='bbox 2617 3274 2762 3329; x_wconf 89' lang='lat' dir='ltr'><strong>enim</strong></span> <span class='ocrx_word' id='word_1_483' title='bbox 2793 3275 3015 3330; x_wconf 88' lang='lat' dir='ltr'><strong>horrent</strong></span> <span class='ocrx_word' id='word_1_484' title='bbox 3063 3274 3166 3331; x_wconf 91' lang='lat' dir='ltr'><strong>hoc</strong></span> <span class='ocrx_word' id='word_1_485' title='bbox 3195 3275 3413 3333; x_wconf 88' lang='lat' dir='ltr'><strong>beatum</strong></span> 
     </span>
    </p>
   </div>
   <div class='ocr_carea' id='block_1_79' title="bbox 1846 3365 2211 3435">
    <p class='ocr_par' dir='ltr' id='par_1_79' title="bbox 1846 3365 2211 3435">
     <span class='ocr_line' id='line_1_79' title="bbox 1846 3365 2211 3435; baseline -0.005 -16"><span class='ocrx_word' id='word_1_486' title='bbox 1846 3365 2211 3435; x_wconf 78' lang='lat' dir='ltr'><strong>signaculum.</strong></span> 
     </span>
    </p>
   </div>
   <div class='ocr_carea' id='block_1_80' title="bbox 2094 3452 3168 3520">
    <p class='ocr_par' dir='ltr' id='par_1_80' title="bbox 2094 3452 3168 3520">
     <span class='ocr_line' id='line_1_80' title="bbox 2094 3452 3168 3520; baseline 0.002 -12"><span class='ocrx_word' id='word_1_487' title='bbox 2094 3453 2289 3510; x_wconf 79' lang='lat' dir='ltr'><strong>CCCV.</strong></span> <span class='ocrx_word' id='word_1_488' title='bbox 2322 3486 2390 3496; x_wconf 94' lang='lat'><strong>—</strong></span> <span class='ocrx_word' id='word_1_489' title='bbox 2424 3452 2732 3509; x_wconf 81' lang='lat' dir='ltr'><strong>ULYMPIO</strong></span> <span class='ocrx_word' id='word_1_490' title='bbox 2777 3452 3168 3520; x_wconf 69' lang='lat' dir='ltr'><strong>QUIESTORI.</strong></span> 
     </span>
    </p>
   </div>
   <div class='ocr_carea' id='block_1_81' title="bbox 1914 3546 3413 3619">
    <p class='ocr_par' dir='ltr' id='par_1_81' title="bbox 1914 3546 3413 3619">
     <span class='ocr_line' id='line_1_81' title="bbox 1914 3546 3413 3619; baseline -0.001 -16"><span class='ocrx_word' id='word_1_491' title='bbox 1914 3549 2099 3619; x_wconf 83' lang='lat' dir='ltr'><strong>Neque</strong></span> <span class='ocrx_word' id='word_1_492' title='bbox 2136 3550 2255 3603; x_wconf 88' lang='lat' dir='ltr'><strong>sine</strong></span> <span class='ocrx_word' id='word_1_493' title='bbox 2304 3548 2535 3608; x_wconf 87' lang='lat' dir='ltr'><strong>ratione,</strong></span> <span class='ocrx_word' id='word_1_494' title='bbox 2572 3562 2746 3615; x_wconf 90' lang='lat' dir='ltr'><strong>neque</strong></span> <span class='ocrx_word' id='word_1_495' title='bbox 2775 3561 2898 3600; x_wconf 91' lang='lat' dir='ltr'><strong>cum</strong></span> <span class='ocrx_word' id='word_1_496' title='bbox 2946 3548 3156 3602; x_wconf 88' lang='lat' dir='ltr'><strong>ratione</strong></span> <span class='ocrx_word' id='word_1_497' title='bbox 3195 3546 3290 3602; x_wconf 66' lang='lat' dir='ltr'><strong>ira:</strong></span> <span class='ocrx_word' id='word_1_498' title='bbox 3326 3546 3413 3601; x_wconf 87' lang='lat' dir='ltr'><strong>in-</strong></span> 
     </span>
    </p>
   </div>
   <div class='ocr_carea' id='block_1_82' title="bbox 1842 3638 3411 3711">
    <p class='ocr_par' dir='ltr' id='par_1_82' title="bbox 1842 3638 3411 3711">
     <span class='ocr_line' id='line_1_82' title="bbox 1842 3638 3411 3711; baseline -0.001 -15"><span class='ocrx_word' id='word_1_499' title='bbox 1842 3642 2063 3711; x_wconf 89' lang='lat' dir='ltr'><strong>dulgere</strong></span> <span class='ocrx_word' id='word_1_500' title='bbox 2085 3642 2215 3695; x_wconf 83' lang='lat' dir='ltr'><strong>utile</strong></span> <span class='ocrx_word' id='word_1_501' title='bbox 2230 3649 2345 3703; x_wconf 88' lang='lat' dir='ltr'><strong>est;</strong></span> <span class='ocrx_word' id='word_1_502' title='bbox 2376 3648 2429 3693; x_wconf 90' lang='lat' dir='ltr'><strong>et</strong></span> <span class='ocrx_word' id='word_1_503' title='bbox 2462 3642 2654 3694; x_wconf 89' lang='lat' dir='ltr'><strong>merito</strong></span> <span class='ocrx_word' id='word_1_504' title='bbox 2685 3654 2714 3692; x_wconf 87' lang='lat' dir='ltr'><strong>a</strong></span> <span class='ocrx_word' id='word_1_505' title='bbox 2747 3638 2977 3693; x_wconf 92' lang='lat' dir='ltr'><strong>Domino</strong></span> <span class='ocrx_word' id='word_1_506' title='bbox 3007 3639 3324 3709; x_wconf 89' lang='lat' dir='ltr'><strong>prohibetur</strong></span> <span class='ocrx_word' id='word_1_507' title='bbox 3343 3639 3411 3695; x_wconf 57' lang='grc' dir='ltr'><strong>ιθ.</strong></span> 
     </span>
    </p>
   </div>
   <div class='ocr_carea' id='block_1_83' title="bbox 1844 3731 3413 3802">
    <p class='ocr_par' dir='ltr' id='par_1_83' title="bbox 1844 3731 3413 3802">
     <span class='ocr_line' id='line_1_83' title="bbox 1844 3731 3413 3802; baseline -0.002 -12"><span class='ocrx_word' id='word_1_508' title='bbox 1844 3734 1899 3790; x_wconf 89' lang='lat' dir='ltr'><strong>Si</strong></span> <span class='ocrx_word' id='word_1_509' title='bbox 1928 3736 2108 3802; x_wconf 80' lang='lat' dir='ltr'><strong>itaque</strong></span> <span class='ocrx_word' id='word_1_510' title='bbox 2147 3731 2446 3788; x_wconf 86' lang='lat' dir='ltr'><strong>secundum</strong></span> <span class='ocrx_word' id='word_1_511' title='bbox 2472 3731 2751 3786; x_wconf 91' lang='lat' dir='ltr'><strong>Christum</strong></span> <span class='ocrx_word' id='word_1_512' title='bbox 2785 3731 3141 3801; x_wconf 66' lang='lat' dir='ltr'><strong>philosophiae</strong></span> <span class='ocrx_word' id='word_1_513' title='bbox 3168 3739 3220 3787; x_wconf 87' lang='lat' dir='ltr'><strong>te</strong></span> <span class='ocrx_word' id='word_1_514' title='bbox 3248 3731 3413 3787; x_wconf 81' lang='lat' dir='ltr'><strong>dede-</strong></span> 
     </span>
    </p>
   </div>
   <div class='ocr_carea' id='block_1_84' title="bbox 1842 3822 3413 3894">
    <p class='ocr_par' dir='ltr' id='par_1_84' title="bbox 1842 3822 3413 3894">
     <span class='ocr_line' id='line_1_84' title="bbox 1842 3822 3413 3894; baseline -0.003 -14"><span class='ocrx_word' id='word_1_515' title='bbox 1842 3827 1941 3890; x_wconf 90' lang='lat' dir='ltr'><strong>ris,</strong></span> <span class='ocrx_word' id='word_1_516' title='bbox 1977 3841 2151 3894; x_wconf 91' lang='lat' dir='ltr'><strong>neque</strong></span> <span class='ocrx_word' id='word_1_517' title='bbox 2173 3824 2387 3879; x_wconf 83' lang='lat' dir='ltr'><strong>scelesti</strong></span> <span class='ocrx_word' id='word_1_518' title='bbox 2424 3824 2670 3878; x_wconf 87' lang='lat' dir='ltr'><strong>homines</strong></span> <span class='ocrx_word' id='word_1_519' title='bbox 2703 3823 2963 3886; x_wconf 84' lang='lat' dir='ltr'><strong>universi,</strong></span> <span class='ocrx_word' id='word_1_520' title='bbox 2999 3837 3173 3892; x_wconf 89' lang='lat' dir='ltr'><strong>neque</strong></span> <span class='ocrx_word' id='word_1_521' title='bbox 3210 3822 3413 3877; x_wconf 79' lang='lat' dir='ltr'><strong>acerri~</strong></span> 
     </span>
    </p>
   </div>
   <div class='ocr_carea' id='block_1_85' title="bbox 1842 3913 3412 3983">
    <p class='ocr_par' dir='ltr' id='par_1_85' title="bbox 1842 3913 3412 3983">
     <span class='ocr_line' id='line_1_85' title="bbox 1842 3913 3412 3983; baseline -0.004 -10"><span class='ocrx_word' id='word_1_522' title='bbox 1842 3919 1913 3973; x_wconf 89' lang='lat' dir='ltr'><strong>mi</strong></span> <span class='ocrx_word' id='word_1_523' title='bbox 1944 3934 2006 3972; x_wconf 88' lang='lat' dir='ltr'><strong>ac</strong></span> <span class='ocrx_word' id='word_1_524' title='bbox 2047 3916 2309 3971; x_wconf 89' lang='lat' dir='ltr'><strong>dirissimi</strong></span> <span class='ocrx_word' id='word_1_525' title='bbox 2350 3915 2644 3979; x_wconf 68' lang='lat' dir='ltr'><strong>daemones,</strong></span> <span class='ocrx_word' id='word_1_526' title='bbox 2677 3928 2851 3983; x_wconf 86' lang='lat' dir='ltr'><strong>neque</strong></span> <span class='ocrx_word' id='word_1_527' title='bbox 2898 3913 3116 3967; x_wconf 69' lang='lat' dir='ltr'><strong>malitiae</strong></span> <span class='ocrx_word' id='word_1_528' title='bbox 3146 3914 3412 3967; x_wconf 68' lang='lat' dir='ltr'><strong>universa</strong></span> 
     </span>
    </p>
   </div>
   <div class='ocr_carea' id='block_1_86' title="bbox 1842 4007 3409 4077">
    <p class='ocr_par' dir='ltr' id='par_1_86' title="bbox 1842 4007 3409 4077">
     <span class='ocr_line' id='line_1_86' title="bbox 1842 4007 3409 4077; baseline -0.004 -10"><span class='ocrx_word' id='word_1_529' title='bbox 1842 4021 2033 4067; x_wconf 87' lang='lat' dir='ltr'><strong>auctor</strong></span> <span class='ocrx_word' id='word_1_530' title='bbox 2065 4010 2320 4075; x_wconf 86' lang='lat' dir='ltr'><strong>Satanas,</strong></span> <span class='ocrx_word' id='word_1_531' title='bbox 2351 4008 2417 4063; x_wconf 89' lang='lat' dir='ltr'><strong>ad</strong></span> <span class='ocrx_word' id='word_1_532' title='bbox 2447 4008 2786 4063; x_wconf 89' lang='lat' dir='ltr'><strong>iracundiam</strong></span> <span class='ocrx_word' id='word_1_533' title='bbox 2827 4016 2881 4063; x_wconf 92' lang='lat' dir='ltr'><strong>te</strong></span> <span class='ocrx_word' id='word_1_534' title='bbox 2919 4017 2972 4062; x_wconf 91' lang='lat' dir='ltr'><strong>et</strong></span> <span class='ocrx_word' id='word_1_535' title='bbox 3003 4007 3207 4062; x_wconf 89' lang='lat' dir='ltr'><strong>rabiem</strong></span> <span class='ocrx_word' id='word_1_536' title='bbox 3253 4014 3409 4077; x_wconf 87' lang='lat' dir='ltr'><strong>pote-</strong></span> 
     </span>
    </p>
   </div>
   <div class='ocr_carea' id='block_1_87' title="bbox 1840 4114 2371 4160">
    <p class='ocr_par' dir='ltr' id='par_1_87' title="bbox 1840 4114 2371 4160">
     <span class='ocr_line' id='line_1_87' title="bbox 1840 4114 2371 4160; baseline -0.013 0"><span class='ocrx_word' id='word_1_537' title='bbox 1840 4114 1970 4160; x_wconf 86' lang='lat' dir='ltr'><strong>runt</strong></span> <span class='ocrx_word' id='word_1_538' title='bbox 2010 4114 2371 4158; x_wconf 72' lang='lat' dir='ltr'><strong>commovere.</strong></span> 
     </span>
    </p>
   </div>
   <div class='ocr_carea' id='block_1_88' title="bbox 2336 4187 2915 4245">
    <p class='ocr_par' dir='ltr' id='par_1_88' title="bbox 2336 4187 2915 4245">
     <span class='ocr_line' id='line_1_88' title="bbox 2336 4187 2915 4245; baseline -0.003 0"><span class='ocrx_word' id='word_1_539' title='bbox 2336 4188 2556 4245; x_wconf 86' lang='lat' dir='ltr'><strong>CCCVI.</strong></span> <span class='ocrx_word' id='word_1_540' title='bbox 2596 4218 2666 4229; x_wconf 96' lang='lat'><strong>—</strong></span> <span class='ocrx_word' id='word_1_541' title='bbox 2709 4187 2915 4243; x_wconf 83' lang='lat' dir='ltr'><strong>Eidem.</strong></span> 
     </span>
    </p>
   </div>
   <div class='ocr_carea' id='block_1_89' title="bbox 1914 4277 3410 4348">
    <p class='ocr_par' dir='ltr' id='par_1_89' title="bbox 1914 4277 3410 4348">
     <span class='ocr_line' id='line_1_89' title="bbox 1914 4277 3410 4348; baseline -0.004 -10"><span class='ocrx_word' id='word_1_542' title='bbox 1914 4304 1933 4338; x_wconf 77' lang='grc' dir='ltr'><strong>ι</strong></span> <span class='ocrx_word' id='word_1_543' title='bbox 1974 4283 2031 4338; x_wconf 89' lang='lat' dir='ltr'><strong>Si</strong></span> <span class='ocrx_word' id='word_1_544' title='bbox 2056 4299 2180 4338; x_wconf 89' lang='lat' dir='ltr'><strong>eum</strong></span> <span class='ocrx_word' id='word_1_545' title='bbox 2203 4282 2326 4337; x_wconf 88' lang='lat' dir='ltr'><strong>volo</strong></span> <span class='ocrx_word' id='word_1_546' title='bbox 2349 4295 2588 4343; x_wconf 87' lang='lat' dir='ltr'><strong>manere,</strong></span> <span class='ocrx_word' id='word_1_547' title='bbox 2611 4280 2785 4333; x_wconf 84' lang='lat' dir='ltr'><strong>donec</strong></span> <span class='ocrx_word' id='word_1_548' title='bbox 2813 4280 3048 4343; x_wconf 82' lang='lat' dir='ltr'><strong>veniam,</strong></span> <span class='ocrx_word' id='word_1_549' title='bbox 3067 4277 3198 4348; x_wconf 90' lang='lat' dir='ltr'><strong>quid</strong></span> <span class='ocrx_word' id='word_1_550' title='bbox 3227 4278 3293 4333; x_wconf 86' lang='lat' dir='ltr'><strong>ad</strong></span> <span class='ocrx_word' id='word_1_551' title='bbox 3322 4277 3410 4332; x_wconf 75' lang='lat' dir='ltr'><strong>te?</strong></span> 
     </span>
    </p>
   </div>
   <div class='ocr_carea' id='block_1_90' title="bbox 166 4370 1744 4458">
    <p class='ocr_par' dir='ltr' id='par_1_90' title="bbox 166 4385 1737 4458">
     <span class='ocr_line' id='line_1_90' title="bbox 166 4385 1737 4458; baseline 0 -18"><span class='ocrx_word' id='word_1_552' title='bbox 166 4387 262 4454; x_wconf 81' lang='grc' dir='ltr'>σέ;</span> <span class='ocrx_word' id='word_1_553' title='bbox 307 4388 373 4441; x_wconf 87' lang='grc' dir='ltr'><strong>σῦ</strong></span> <span class='ocrx_word' id='word_1_554' title='bbox 434 4403 524 4458; x_wconf 91' lang='grc' dir='ltr'><strong>μοι</strong></span> <span class='ocrx_word' id='word_1_555' title='bbox 580 4385 883 4440; x_wconf 82' lang='grc' dir='ltr'>ἀκολούθει.</span> <span class='ocrx_word' id='word_1_556' title='bbox 921 4404 940 4437; x_wconf 70' lang='grc' dir='ltr'><strong>ι</strong></span> <span class='ocrx_word' id='word_1_557' title='bbox 978 4386 1303 4451; x_wconf 88' lang='grc' dir='ltr'>Τουτέστιν,</span> <span class='ocrx_word' id='word_1_558' title='bbox 1346 4386 1441 4439; x_wconf 72' lang='grc' dir='ltr'><strong>ἐὰν</strong></span> <span class='ocrx_word' id='word_1_559' title='bbox 1492 4386 1629 4440; x_wconf 88' lang='grc' dir='ltr'>θέλω</span> <span class='ocrx_word' id='word_1_560' title='bbox 1680 4388 1737 4441; x_wconf 84' lang='grc' dir='ltr'>ὲν</span> 
     </span>
    </p>
   </div>
   <div class='ocr_carea' id='block_1_91' title="bbox 1863 4370 3407 4458">
    <p class='ocr_par' dir='ltr' id='par_1_91' title="bbox 1868 4370 3407 4441">
     <span class='ocr_line' id='line_1_91' title="bbox 1868 4370 3407 4441; baseline -0.003 -12"><span class='ocrx_word' id='word_1_561' title='bbox 1868 4392 1898 4429; x_wconf 85' lang='grc' dir='ltr'><strong>ιι</strong></span> <span class='ocrx_word' id='word_1_562' title='bbox 1937 4390 2023 4428; x_wconf 91' lang='lat' dir='ltr'><strong>me</strong></span> <span class='ocrx_word' id='word_1_563' title='bbox 2046 4388 2275 4441; x_wconf 89' lang='lat' dir='ltr'><strong>sequere</strong></span> <span class='ocrx_word' id='word_1_564' title='bbox 2297 4371 2377 4436; x_wconf 79' lang='lat'><strong>&quot;;</strong></span> <span class='ocrx_word' id='word_1_565' title='bbox 2417 4390 2435 4423; x_wconf 75' lang='grc' dir='ltr'><strong>ι</strong></span> <span class='ocrx_word' id='word_1_566' title='bbox 2466 4371 2568 4424; x_wconf 92' lang='lat' dir='ltr'><strong>hoc</strong></span> <span class='ocrx_word' id='word_1_567' title='bbox 2586 4379 2707 4425; x_wconf 80' lang='lat' dir='ltr'><strong>est:</strong></span> <span class='ocrx_word' id='word_1_568' title='bbox 2744 4370 2799 4424; x_wconf 90' lang='lat' dir='ltr'><strong>Si</strong></span> <span class='ocrx_word' id='word_1_569' title='bbox 2827 4370 2949 4423; x_wconf 87' lang='lat' dir='ltr'><strong>volo</strong></span> <span class='ocrx_word' id='word_1_570' title='bbox 2974 4370 3026 4424; x_wconf 91' lang='lat' dir='ltr'><strong>in</strong></span> <span class='ocrx_word' id='word_1_571' title='bbox 3060 4384 3227 4424; x_wconf 90' lang='lat' dir='ltr'><strong>carne</strong></span> <span class='ocrx_word' id='word_1_572' title='bbox 3246 4370 3407 4424; x_wconf 89' lang='lat' dir='ltr'><strong>vitam</strong></span> 
     </span>
    </p>
   </div>
   <div class='ocr_carea' id='block_1_92' title="bbox 166 4475 1736 4547">
    <p class='ocr_par' dir='ltr' id='par_1_92' title="bbox 166 4475 1736 4547">
     <span class='ocr_line' id='line_1_92' title="bbox 166 4475 1736 4547; baseline 0.001 -18"><span class='ocrx_word' id='word_1_573' title='bbox 166 4476 335 4547; x_wconf 67' lang='grc' dir='ltr'>σαρκὶ</span> <span class='ocrx_word' id='word_1_574' title='bbox 363 4476 464 4547; x_wconf 75' lang='grc' dir='ltr'>ζῇν</span> <span class='ocrx_word' id='word_1_575' title='bbox 497 4477 590 4530; x_wconf 78' lang='grc' dir='ltr'>τὸν</span> <span class='ocrx_word' id='word_1_576' title='bbox 621 4477 894 4546; x_wconf 84' lang='grc' dir='ltr'>Ἰωάννην,</span> <span class='ocrx_word' id='word_1_577' title='bbox 917 4476 1021 4539; x_wconf 78' lang='grc' dir='ltr'>ἕως</span> <span class='ocrx_word' id='word_1_578' title='bbox 1047 4475 1184 4529; x_wconf 77' lang='grc' dir='ltr'>ἔλθω</span> <span class='ocrx_word' id='word_1_579' title='bbox 1204 4477 1540 4547; x_wconf 65' lang='grc' dir='ltr'>παραλαϐεῖν</span> <span class='ocrx_word' id='word_1_580' title='bbox 1572 4478 1736 4531; x_wconf 78' lang='grc' dir='ltr'>αὐτὸν</span> 
     </span>
    </p>
   </div>
   <div class='ocr_carea' id='block_1_93' title="bbox 164 4565 1737 4637">
    <p class='ocr_par' dir='ltr' id='par_1_93' title="bbox 164 4565 1737 4637">
     <span class='ocr_line' id='line_1_93' title="bbox 164 4565 1737 4637; baseline 0 -18"><span class='ocrx_word' id='word_1_581' title='bbox 164 4566 232 4619; x_wconf 75' lang='grc' dir='ltr'>ὲκ</span> <span class='ocrx_word' id='word_1_582' title='bbox 268 4566 363 4620; x_wconf 88' lang='grc' dir='ltr'><strong>τοῦ</strong></span> <span class='ocrx_word' id='word_1_583' title='bbox 393 4566 643 4635; x_wconf 86' lang='grc' dir='ltr'>σώματος</span> <span class='ocrx_word' id='word_1_584' title='bbox 662 4565 851 4627; x_wconf 83' lang='grc' dir='ltr'>αὐτοῦ,</span> <span class='ocrx_word' id='word_1_585' title='bbox 881 4566 933 4617; x_wconf 84' lang='grc' dir='ltr'><strong>τί</strong></span> <span class='ocrx_word' id='word_1_586' title='bbox 954 4582 1035 4619; x_wconf 85' lang='grc' dir='ltr'><strong>σοι</strong></span> <span class='ocrx_word' id='word_1_587' title='bbox 1073 4565 1251 4635; x_wconf 82' lang='grc' dir='ltr'>μέλλει</span> <span class='ocrx_word' id='word_1_588' title='bbox 1282 4566 1359 4635; x_wconf 82' lang='grc' dir='ltr'>τῷ</span> <span class='ocrx_word' id='word_1_589' title='bbox 1386 4567 1597 4635; x_wconf 84' lang='grc' dir='ltr'>Πέτρῳ,</span> <span class='ocrx_word' id='word_1_590' title='bbox 1629 4584 1737 4637; x_wconf 89' lang='grc' dir='ltr'>μα-</span> 
     </span>
    </p>
   </div>
   <div class='ocr_carea' id='block_1_94' title="bbox 164 4653 1735 4729">
    <p class='ocr_par' dir='ltr' id='par_1_94' title="bbox 164 4653 1735 4729">
     <span class='ocr_line' id='line_1_94' title="bbox 164 4653 1735 4729; baseline -0.001 -16"><span class='ocrx_word' id='word_1_591' title='bbox 164 4657 591 4729; x_wconf 83' lang='grc' dir='ltr'>κροχρονοῦντος</span> <span class='ocrx_word' id='word_1_592' title='bbox 628 4658 793 4711; x_wconf 76' lang='grc' dir='ltr'>αὐτοῦ</span> <span class='ocrx_word' id='word_1_593' title='bbox 832 4659 889 4710; x_wconf 82' lang='grc' dir='ltr'>ὲν</span> <span class='ocrx_word' id='word_1_594' title='bbox 935 4655 1014 4726; x_wconf 83' lang='grc' dir='ltr'>τῷ</span> <span class='ocrx_word' id='word_1_595' title='bbox 1048 4660 1276 4728; x_wconf 87' lang='grc' dir='ltr'>παρόντι</span> <span class='ocrx_word' id='word_1_596' title='bbox 1312 4657 1445 4729; x_wconf 74' lang='grc' dir='ltr'>βίῳς</span> <span class='ocrx_word' id='word_1_597' title='bbox 1480 4658 1551 4711; x_wconf 81' lang='grc' dir='ltr'><strong>Σὺ</strong></span> <span class='ocrx_word' id='word_1_598' title='bbox 1587 4658 1666 4722; x_wconf 86' lang='grc' dir='ltr'>δὲ,</span> <span class='ocrx_word' id='word_1_599' title='bbox 1690 4653 1735 4712; x_wconf 83' lang='grc' dir='ltr'><strong>ὧ</strong></span> 
     </span>
    </p>
   </div>
   <div class='ocr_carea' id='block_1_95' title="bbox 165 4746 1735 4820">
    <p class='ocr_par' dir='ltr' id='par_1_95' title="bbox 165 4746 1735 4820">
     <span class='ocr_line' id='line_1_95' title="bbox 165 4746 1735 4820; baseline -0.001 -17"><span class='ocrx_word' id='word_1_600' title='bbox 165 4751 367 4820; x_wconf 82' lang='grc' dir='ltr'>Πέτρε,</span> <span class='ocrx_word' id='word_1_601' title='bbox 403 4748 768 4819; x_wconf 80' lang='grc' dir='ltr'>ἀκολούθησόν</span> <span class='ocrx_word' id='word_1_602' title='bbox 814 4765 903 4814; x_wconf 94' lang='grc' dir='ltr'><strong>μοι</strong></span> <span class='ocrx_word' id='word_1_603' title='bbox 928 4788 944 4812; x_wconf 95' lang='grc'><strong>,</strong></span> <span class='ocrx_word' id='word_1_604' title='bbox 969 4746 1404 4819; x_wconf 83' lang='grc' dir='ltr'>τιμηθησόμενος</span> <span class='ocrx_word' id='word_1_605' title='bbox 1435 4752 1503 4820; x_wconf 77' lang='grc' dir='ltr'>τῇ</span> <span class='ocrx_word' id='word_1_606' title='bbox 1550 4753 1735 4818; x_wconf 87' lang='grc' dir='ltr'>ὁμοιο-</span> 
     </span>
    </p>
   </div>
   <div class='ocr_carea' id='block_1_96' title="bbox 161 4839 1735 4912">
    <p class='ocr_par' dir='ltr' id='par_1_96' title="bbox 161 4839 1735 4912">
     <span class='ocr_line' id='line_1_96' title="bbox 161 4839 1735 4912; baseline -0.001 -17"><span class='ocrx_word' id='word_1_607' title='bbox 161 4841 374 4912; x_wconf 68' lang='grc' dir='ltr'>παθείᾳ</span> <span class='ocrx_word' id='word_1_608' title='bbox 430 4840 575 4893; x_wconf 80' lang='grc' dir='ltr'>κατὰ</span> <span class='ocrx_word' id='word_1_609' title='bbox 635 4841 735 4910; x_wconf 81' lang='grc' dir='ltr'>τὴν</span> <span class='ocrx_word' id='word_1_610' title='bbox 805 4839 1191 4909; x_wconf 81' lang='grc' dir='ltr'>βασιλεύουσαν</span> <span class='ocrx_word' id='word_1_611' title='bbox 1253 4840 1511 4911; x_wconf 79' lang='grc' dir='ltr'>Ῥώμην,</span> <span class='ocrx_word' id='word_1_612' title='bbox 1546 4840 1735 4912; x_wconf 81' lang='grc' dir='ltr'>ὥσπερ</span> 
     </span>
    </p>
   </div>
   <div class='ocr_carea' id='block_1_97' title="bbox 162 4902 1731 5005">
    <p class='ocr_par' dir='ltr' id='par_1_97' title="bbox 162 4902 1731 5005">
     <span class='ocr_line' id='line_1_97' title="bbox 162 4902 1731 5005; baseline 0 -18"><span class='ocrx_word' id='word_1_613' title='bbox 162 4902 279 5003; x_wconf 54' lang='lat' dir='ltr'><strong>trib</strong></span> <span class='ocrx_word' id='word_1_614' title='bbox 308 4902 816 5003; x_wconf 35' lang='grc' dir='ltr'>ἑδταυρώθηνξκαὶ.</span> <span class='ocrx_word' id='word_1_615' title='bbox 861 4931 925 4983; x_wconf 77' lang='grc' dir='ltr'>σὺ</span> <span class='ocrx_word' id='word_1_616' title='bbox 959 4931 1175 4993; x_wconf 85' lang='grc' dir='ltr'>πάντως</span> <span class='ocrx_word' id='word_1_617' title='bbox 1208 4902 1731 5005; x_wconf 66' lang='grc' dir='ltr'>ἀνασκολοπισθήση.</span> 
     </span>
    </p>
   </div>
   <div class='ocr_carea' id='block_1_98' title="bbox 425 5104 1489 5178">
    <p class='ocr_par' dir='ltr' id='par_1_98' title="bbox 425 5104 1489 5178">
     <span class='ocr_line' id='line_1_98' title="bbox 425 5104 1489 5178; baseline 0 -17"><span class='ocrx_word' id='word_1_618' title='bbox 425 5106 548 5162; x_wconf 85' lang='grc' dir='ltr'><strong>ΤΖ¹.</strong></span> <span class='ocrx_word' id='word_1_619' title='bbox 577 5137 645 5147; x_wconf 90' lang='lat'><strong>—</strong></span> <span class='ocrx_word' id='word_1_620' title='bbox 676 5105 983 5177; x_wconf 77' lang='grc' dir='ltr'><strong>ΘΕΟΔΟΤῼ</strong></span> <span class='ocrx_word' id='word_1_621' title='bbox 1024 5104 1489 5178; x_wconf 83' lang='grc' dir='ltr'><strong>ΠΡΕΣΒΥΤΕΡῼ.</strong></span> 
     </span>
    </p>
   </div>
   <div class='ocr_carea' id='block_1_99' title="bbox 234 5198 1737 5273">
    <p class='ocr_par' dir='ltr' id='par_1_99' title="bbox 234 5198 1737 5273">
     <span class='ocr_line' id='line_1_99' title="bbox 234 5198 1737 5273; baseline 0.001 -19"><span class='ocrx_word' id='word_1_622' title='bbox 234 5201 318 5273; x_wconf 78' lang='grc' dir='ltr'>Τῇ</span> <span class='ocrx_word' id='word_1_623' title='bbox 345 5200 514 5271; x_wconf 76' lang='grc' dir='ltr'>ἔχθρᾳ</span> <span class='ocrx_word' id='word_1_624' title='bbox 530 5198 1027 5271; x_wconf 85' lang='grc' dir='ltr'>προκεκρατημένῳ</span> <span class='ocrx_word' id='word_1_625' title='bbox 1049 5216 1150 5260; x_wconf 90' lang='grc' dir='ltr'>σοι,</span> <span class='ocrx_word' id='word_1_626' title='bbox 1170 5198 1375 5271; x_wconf 85' lang='grc' dir='ltr'>χειμὼν</span> <span class='ocrx_word' id='word_1_627' title='bbox 1390 5202 1737 5255; x_wconf 82' lang='grc' dir='ltr'>ὲπιπέπτωκε</span> 
     </span>
    </p>
   </div>
   <div class='ocr_carea' id='block_1_100' title="bbox 164 5291 1735 5365">
    <p class='ocr_par' dir='ltr' id='par_1_100' title="bbox 164 5291 1735 5365">
     <span class='ocr_line' id='line_1_100' title="bbox 164 5291 1735 5365; baseline 0.001 -19"><span class='ocrx_word' id='word_1_628' title='bbox 164 5293 404 5365; x_wconf 80' lang='grc' dir='ltr'>χαλεπὸς</span> <span class='ocrx_word' id='word_1_629' title='bbox 428 5333 444 5354; x_wconf 87' lang='grc'><strong>.</strong></span> <span class='ocrx_word' id='word_1_630' title='bbox 476 5292 573 5346; x_wconf 82' lang='grc' dir='ltr'>καὶ</span> <span class='ocrx_word' id='word_1_631' title='bbox 622 5291 951 5360; x_wconf 79' lang='grc' dir='ltr'>συγχυθεῖσα</span> <span class='ocrx_word' id='word_1_632' title='bbox 983 5292 1017 5361; x_wconf 80' lang='grc' dir='ltr'>ἡ</span> <span class='ocrx_word' id='word_1_633' title='bbox 1048 5291 1287 5355; x_wconf 86' lang='grc' dir='ltr'>διάνοια,</span> <span class='ocrx_word' id='word_1_634' title='bbox 1319 5292 1471 5346; x_wconf 82' lang='grc' dir='ltr'>οὐδὲν</span> <span class='ocrx_word' id='word_1_635' title='bbox 1519 5294 1735 5363; x_wconf 83' lang='grc' dir='ltr'>βλέπειν</span> 
     </span>
    </p>
   </div>
   <div class='ocr_carea' id='block_1_101' title="bbox 162 5380 1736 5457">
    <p class='ocr_par' dir='ltr' id='par_1_101' title="bbox 162 5380 1736 5457">
     <span class='ocr_line' id='line_1_101' title="bbox 162 5380 1736 5457; baseline -0.001 -18"><span class='ocrx_word' id='word_1_636' title='bbox 162 5385 412 5443; x_wconf 85' lang='grc' dir='ltr'>δύναται,</span> <span class='ocrx_word' id='word_1_637' title='bbox 439 5381 550 5436; x_wconf 76' lang='grc' dir='ltr'>οὔτ’</span> <span class='ocrx_word' id='word_1_638' title='bbox 577 5381 809 5436; x_wconf 85' lang='grc' dir='ltr'>ἀκοῦσαι</span> <span class='ocrx_word' id='word_1_639' title='bbox 840 5380 988 5449; x_wconf 77' lang='grc' dir='ltr'>ὑγιές</span> <span class='ocrx_word' id='word_1_640' title='bbox 1012 5399 1025 5413; x_wconf 74' lang='grc' dir='ltr'>ο</span> <span class='ocrx_word' id='word_1_641' title='bbox 1052 5382 1118 5435; x_wconf 84' lang='grc' dir='ltr'>ἂν</span> <span class='ocrx_word' id='word_1_642' title='bbox 1144 5382 1199 5435; x_wconf 84' lang='grc' dir='ltr'>δὲ</span> <span class='ocrx_word' id='word_1_643' title='bbox 1232 5383 1557 5454; x_wconf 84' lang='grc' dir='ltr'>βιασάμενος</span> <span class='ocrx_word' id='word_1_644' title='bbox 1584 5385 1736 5457; x_wconf 77' lang='grc' dir='ltr'>διαρ-</span> 
     </span>
    </p>
   </div>
   <div class='ocr_carea' id='block_1_102' title="bbox 165 5470 1737 5547">
    <p class='ocr_par' dir='ltr' id='par_1_102' title="bbox 165 5470 1737 5547">
     <span class='ocr_line' id='line_1_102' title="bbox 165 5470 1737 5547; baseline 0.002 -21"><span class='ocrx_word' id='word_1_645' title='bbox 165 5473 345 5547; x_wconf 76' lang='grc' dir='ltr'><strong>ρήξῃς</strong></span> <span class='ocrx_word' id='word_1_646' title='bbox 370 5473 433 5526; x_wconf 78' lang='grc' dir='ltr'>τὸ</span> <span class='ocrx_word' id='word_1_647' title='bbox 462 5471 622 5540; x_wconf 70' lang='grc' dir='ltr'>νέφος</span> <span class='ocrx_word' id='word_1_648' title='bbox 650 5471 749 5541; x_wconf 83' lang='grc' dir='ltr'>τῆς</span> <span class='ocrx_word' id='word_1_649' title='bbox 788 5470 1128 5542; x_wconf 81' lang='grc' dir='ltr'>δυσμενείας,</span> <span class='ocrx_word' id='word_1_650' title='bbox 1157 5474 1281 5526; x_wconf 84' lang='grc' dir='ltr'>τότε</span> <span class='ocrx_word' id='word_1_651' title='bbox 1316 5472 1553 5543; x_wconf 76' lang='grc' dir='ltr'>ἰσχύσεις</span> <span class='ocrx_word' id='word_1_652' title='bbox 1588 5476 1737 5529; x_wconf 85' lang='grc' dir='ltr'>ἅντι-</span> 
     </span>
    </p>
   </div>
   <div class='ocr_carea' id='block_1_103' title="bbox 236 5602 1302 5672">
    <p class='ocr_par' dir='ltr' id='par_1_103' title="bbox 236 5602 1302 5672">
     <span class='ocr_line' id='line_1_103' title="bbox 236 5602 1302 5672; baseline 0.008 -18"><span class='ocrx_word' id='word_1_653' title='bbox 236 5603 282 5634; x_wconf 81' lang='grc'><strong>⁸¹</strong></span> <span class='ocrx_word' id='word_1_654' title='bbox 328 5602 517 5658; x_wconf 79' lang='lat' dir='ltr'><strong>Matth.</strong></span> <span class='ocrx_word' id='word_1_655' title='bbox 559 5620 684 5672; x_wconf 74' lang='lat' dir='ltr'><strong>xm,</strong></span> <span class='ocrx_word' id='word_1_656' title='bbox 712 5603 798 5659; x_wconf 78' lang='grc'><strong>15.</strong></span> <span class='ocrx_word' id='word_1_657' title='bbox 898 5603 1087 5661; x_wconf 69' lang='lat' dir='ltr'><strong>“Act.</strong></span> <span class='ocrx_word' id='word_1_658' title='bbox 1119 5621 1181 5671; x_wconf 89' lang='grc' dir='ltr'><strong>ιι,</strong></span> <span class='ocrx_word' id='word_1_659' title='bbox 1211 5606 1302 5663; x_wconf 81' lang='lat'><strong>36.</strong></span> 
     </span>
    </p>
   </div>
   <div class='ocr_carea' id='block_1_104' title="bbox 169 5673 409 5735">
    <p class='ocr_par' dir='ltr' id='par_1_104' title="bbox 169 5673 409 5735">
     <span class='ocr_line' id='line_1_104' title="bbox 169 5673 409 5735; baseline -0.013 -6"><span class='ocrx_word' id='word_1_660' title='bbox 169 5687 285 5735; x_wconf 73' lang='lat' dir='ltr'><strong>ut,</strong></span> <span class='ocrx_word' id='word_1_661' title='bbox 317 5673 409 5727; x_wconf 70' lang='lat'><strong>22.</strong></span> 
     </span>
    </p>
   </div>
   <div class='ocr_carea' id='block_1_105' title="bbox 1406 5604 2477 5677">
    <p class='ocr_par' dir='ltr' id='par_1_105' title="bbox 1406 5604 2477 5677">
     <span class='ocr_line' id='line_1_105' title="bbox 1406 5604 2477 5677; baseline 0.006 -15"><span class='ocrx_word' id='word_1_662' title='bbox 1406 5608 1450 5641; x_wconf 77' lang='grc'><strong>³*</strong></span> <span class='ocrx_word' id='word_1_663' title='bbox 1475 5606 1642 5665; x_wconf 87' lang='lat' dir='ltr'><strong>Eccli.</strong></span> <span class='ocrx_word' id='word_1_664' title='bbox 1676 5628 1750 5677; x_wconf 84' lang='lat' dir='ltr'><strong>IV,</strong></span> <span class='ocrx_word' id='word_1_665' title='bbox 1783 5613 1872 5669; x_wconf 81' lang='lat'><strong>56.</strong></span> <span class='ocrx_word' id='word_1_666' title='bbox 1948 5611 2012 5643; x_wconf 81' lang='lat'>&quot;&#39;</span> <span class='ocrx_word' id='word_1_667' title='bbox 2041 5607 2169 5662; x_wconf 82' lang='lat' dir='ltr'><strong>Luc.</strong></span> <span class='ocrx_word' id='word_1_668' title='bbox 2204 5621 2361 5671; x_wconf 71' lang='lat' dir='ltr'><strong>XVIII.</strong></span> <span class='ocrx_word' id='word_1_669' title='bbox 2390 5604 2477 5660; x_wconf 78' lang='lat' dir='ltr'><strong>l5.</strong></span> 
     </span>
    </p>
   </div>
   <div class='ocr_carea' id='block_1_106' title="bbox 1843 4461 3409 4539">
    <p class='ocr_par' dir='ltr' id='par_1_106' title="bbox 1843 4461 3409 4539">
     <span class='ocr_line' id='line_1_106' title="bbox 1843 4461 3409 4539; baseline -0.005 -19"><span class='ocrx_word' id='word_1_670' title='bbox 1843 4480 2144 4539; x_wconf 77' lang='lat' dir='ltr'><strong>propagare</strong></span> <span class='ocrx_word' id='word_1_671' title='bbox 2177 4462 2465 4523; x_wconf 79' lang='lat' dir='ltr'><strong>Joannem,</strong></span> <span class='ocrx_word' id='word_1_672' title='bbox 2505 4461 2678 4516; x_wconf 85' lang='lat' dir='ltr'><strong>donec</strong></span> <span class='ocrx_word' id='word_1_673' title='bbox 2714 4461 2925 4515; x_wconf 89' lang='lat' dir='ltr'><strong>veniam</strong></span> <span class='ocrx_word' id='word_1_674' title='bbox 2960 4473 3240 4515; x_wconf 84' lang='lat' dir='ltr'><strong>assumere</strong></span> <span class='ocrx_word' id='word_1_675' title='bbox 3281 4474 3409 4514; x_wconf 89' lang='lat' dir='ltr'><strong>eum</strong></span> 
     </span>
    </p>
   </div>
   <div class='ocr_carea' id='block_1_107' title="bbox 1842 4550 3407 4628">
    <p class='ocr_par' dir='ltr' id='par_1_107' title="bbox 1842 4550 3407 4628">
     <span class='ocr_line' id='line_1_107' title="bbox 1842 4550 3407 4628; baseline -0.005 -15"><span class='ocrx_word' id='word_1_676' title='bbox 1842 4574 1872 4614; x_wconf 90' lang='lat' dir='ltr'><strong>e</strong></span> <span class='ocrx_word' id='word_1_677' title='bbox 1904 4572 2130 4628; x_wconf 89' lang='lat' dir='ltr'><strong>corpore</strong></span> <span class='ocrx_word' id='word_1_678' title='bbox 2159 4571 2280 4620; x_wconf 92' lang='lat' dir='ltr'><strong>suo,</strong></span> <span class='ocrx_word' id='word_1_679' title='bbox 2327 4554 2454 4624; x_wconf 90' lang='lat' dir='ltr'><strong>quid</strong></span> <span class='ocrx_word' id='word_1_680' title='bbox 2480 4562 2571 4606; x_wconf 87' lang='lat' dir='ltr'><strong>tua</strong></span> <span class='ocrx_word' id='word_1_681' title='bbox 2607 4554 2854 4617; x_wconf 85' lang='lat' dir='ltr'><strong>interest,</strong></span> <span class='ocrx_word' id='word_1_682' title='bbox 2883 4551 3134 4616; x_wconf 75' lang='lat' dir='ltr'><strong>Petre,in</strong></span> <span class='ocrx_word' id='word_1_683' title='bbox 3164 4550 3407 4620; x_wconf 83' lang='lat' dir='ltr'><strong>longiora</strong></span> 
     </span>
    </p>
   </div>
   <div class='ocr_carea' id='block_1_108' title="bbox 1841 4640 3402 4720">
    <p class='ocr_par' dir='ltr' id='par_1_108' title="bbox 1841 4640 3402 4720">
     <span class='ocr_line' id='line_1_108' title="bbox 1841 4640 3402 4720; baseline -0.005 -15"><span class='ocrx_word' id='word_1_684' title='bbox 1841 4659 2083 4720; x_wconf 90' lang='lat' dir='ltr'><strong>tempora</strong></span> <span class='ocrx_word' id='word_1_685' title='bbox 2114 4649 2277 4701; x_wconf 91' lang='lat' dir='ltr'><strong>vitam</strong></span> <span class='ocrx_word' id='word_1_686' title='bbox 2304 4655 2623 4717; x_wconf 70' lang='lat' dir='ltr'><strong>praesentem</strong></span> <span class='ocrx_word' id='word_1_687' title='bbox 2645 4660 2709 4698; x_wconf 90' lang='lat' dir='ltr'><strong>co</strong></span> <span class='ocrx_word' id='word_1_688' title='bbox 2738 4643 3118 4713; x_wconf 79' lang='lat' dir='ltr'><strong>prolrahente?</strong></span> <span class='ocrx_word' id='word_1_689' title='bbox 3143 4640 3222 4696; x_wconf 89' lang='lat' dir='ltr'><strong>Tu</strong></span> <span class='ocrx_word' id='word_1_690' title='bbox 3253 4657 3402 4708; x_wconf 87' lang='lat' dir='ltr'><strong>vero,</strong></span> 
     </span>
    </p>
   </div>
   <div class='ocr_carea' id='block_1_109' title="bbox 1840 4731 3404 4805">
    <p class='ocr_par' dir='ltr' id='par_1_109' title="bbox 1840 4731 3404 4805">
     <span class='ocr_line' id='line_1_109' title="bbox 1840 4731 3404 4805; baseline -0.005 -11"><span class='ocrx_word' id='word_1_691' title='bbox 1840 4756 1873 4794; x_wconf 91' lang='grc' dir='ltr'>ο</span> <span class='ocrx_word' id='word_1_692' title='bbox 1895 4738 2072 4800; x_wconf 86' lang='lat' dir='ltr'><strong>Petre,</strong></span> <span class='ocrx_word' id='word_1_693' title='bbox 2111 4751 2340 4805; x_wconf 86' lang='lat' dir='ltr'><strong>sequere</strong></span> <span class='ocrx_word' id='word_1_694' title='bbox 2374 4750 2477 4799; x_wconf 91' lang='lat' dir='ltr'><strong>me,</strong></span> <span class='ocrx_word' id='word_1_695' title='bbox 2506 4733 2697 4789; x_wconf 85' lang='lat' dir='ltr'><strong>eodem</strong></span> <span class='ocrx_word' id='word_1_696' title='bbox 2720 4734 2909 4787; x_wconf 85' lang='lat' dir='ltr'><strong>mortis</strong></span> <span class='ocrx_word' id='word_1_697' title='bbox 2927 4748 3124 4804; x_wconf 89' lang='lat' dir='ltr'><strong>genere</strong></span> <span class='ocrx_word' id='word_1_698' title='bbox 3144 4732 3197 4785; x_wconf 92' lang='lat' dir='ltr'><strong>in</strong></span> <span class='ocrx_word' id='word_1_699' title='bbox 3217 4731 3404 4803; x_wconf 77' lang='lat' dir='ltr'><strong>regina</strong></span> 
     </span>
    </p>
   </div>
   <div class='ocr_carea' id='block_1_110' title="bbox 1840 4821 3407 4891">
    <p class='ocr_par' dir='ltr' id='par_1_110' title="bbox 1840 4821 3407 4891">
     <span class='ocr_line' id='line_1_110' title="bbox 1840 4821 3407 4891; baseline -0.006 -5"><span class='ocrx_word' id='word_1_700' title='bbox 1840 4832 2052 4886; x_wconf 88' lang='lat' dir='ltr'><strong>urbium</strong></span> <span class='ocrx_word' id='word_1_701' title='bbox 2102 4828 2269 4883; x_wconf 84' lang='lat' dir='ltr'><strong>Roma</strong></span> <span class='ocrx_word' id='word_1_702' title='bbox 2298 4828 2761 4881; x_wconf 88' lang='lat' dir='ltr'><strong>cohonestandus.</strong></span> <span class='ocrx_word' id='word_1_703' title='bbox 2804 4821 3268 4891; x_wconf 85' lang='lat' dir='ltr'><strong>Quemadmodum</strong></span> <span class='ocrx_word' id='word_1_704' title='bbox 3303 4837 3407 4891; x_wconf 87' lang='lat' dir='ltr'><strong>ego</strong></span> 
     </span>
    </p>
   </div>
   <div class='ocr_carea' id='block_1_111' title="bbox 1836 4914 3405 4986">
    <p class='ocr_par' dir='ltr' id='par_1_111' title="bbox 1836 4914 3405 4986">
     <span class='ocr_line' id='line_1_111' title="bbox 1836 4914 3405 4986; baseline -0.005 -9"><span class='ocrx_word' id='word_1_705' title='bbox 1836 4923 1985 4977; x_wconf 90' lang='lat' dir='ltr'><strong>cruci</strong></span> <span class='ocrx_word' id='word_1_706' title='bbox 2024 4921 2215 4976; x_wconf 80' lang='lat' dir='ltr'><strong>aﬂixus</strong></span> <span class='ocrx_word' id='word_1_707' title='bbox 2250 4935 2395 4984; x_wconf 74' lang='lat' dir='ltr'><strong>eum,</strong></span> <span class='ocrx_word' id='word_1_708' title='bbox 2429 4919 2502 4973; x_wconf 91' lang='lat' dir='ltr'><strong>ita</strong></span> <span class='ocrx_word' id='word_1_709' title='bbox 2539 4928 2593 4975; x_wconf 92' lang='lat' dir='ltr'><strong>et</strong></span> <span class='ocrx_word' id='word_1_710' title='bbox 2633 4928 2689 4973; x_wconf 93' lang='lat' dir='ltr'><strong>tu</strong></span> <span class='ocrx_word' id='word_1_711' title='bbox 2718 4918 2942 4971; x_wconf 89' lang='lat' dir='ltr'><strong>omnino</strong></span> <span class='ocrx_word' id='word_1_712' title='bbox 2979 4915 3227 4986; x_wconf 87' lang='lat' dir='ltr'><strong>patibqu</strong></span> <span class='ocrx_word' id='word_1_713' title='bbox 3252 4914 3405 4971; x_wconf 75' lang='lat' dir='ltr'><strong>sum-</strong></span> 
     </span>
    </p>
   </div>
   <div class='ocr_carea' id='block_1_112' title="bbox 1838 5016 3258 5157">
    <p class='ocr_par' dir='ltr' id='par_1_112' title="bbox 1838 5016 3258 5157">
     <span class='ocr_line' id='line_1_112' title="bbox 1838 5016 3258 5157; baseline -0.003 -2"><span class='ocrx_word' id='word_1_714' title='bbox 1838 5016 2220 5157; x_wconf 55' lang='grc' dir='ltr'><strong>Βεηᾶὲῗλδῗίιι.</strong></span> <span class='ocrx_word' id='word_1_715' title='bbox 2262 5128 2331 5141; x_wconf 70' lang='grc' dir='ltr'><strong>-ο</strong></span> <span class='ocrx_word' id='word_1_716' title='bbox 2364 5098 2735 5153; x_wconf 83' lang='lat' dir='ltr'><strong>THEODOTO</strong></span> <span class='ocrx_word' id='word_1_717' title='bbox 2785 5093 3258 5151; x_wconf 80' lang='lat' dir='ltr'><strong>PRESBYTERO.</strong></span> 
     </span>
    </p>
   </div>
   <div class='ocr_carea' id='block_1_113' title="bbox 1912 5191 3403 5263">
    <p class='ocr_par' dir='ltr' id='par_1_113' title="bbox 1912 5191 3403 5263">
     <span class='ocr_line' id='line_1_113' title="bbox 1912 5191 3403 5263; baseline -0.003 -13"><span class='ocrx_word' id='word_1_718' title='bbox 1912 5196 2211 5250; x_wconf 68' lang='lat' dir='ltr'><strong>Inimicitiae</strong></span> <span class='ocrx_word' id='word_1_719' title='bbox 2230 5196 2465 5248; x_wconf 78' lang='lat' dir='ltr'><strong>obnoxio</strong></span> <span class='ocrx_word' id='word_1_720' title='bbox 2487 5194 2581 5247; x_wconf 92' lang='lat' dir='ltr'><strong>tibi</strong></span> <span class='ocrx_word' id='word_1_721' title='bbox 2614 5202 2908 5263; x_wconf 88' lang='lat' dir='ltr'><strong>tempestas</strong></span> <span class='ocrx_word' id='word_1_722' title='bbox 2941 5193 3101 5246; x_wconf 91' lang='lat' dir='ltr'><strong>irruit</strong></span> <span class='ocrx_word' id='word_1_723' title='bbox 3126 5191 3403 5258; x_wconf 87' lang='lat' dir='ltr'><strong>immanis,</strong></span> 
     </span>
    </p>
   </div>
   <div class='ocr_carea' id='block_1_114' title="bbox 1839 5281 3399 5360">
    <p class='ocr_par' dir='ltr' id='par_1_114' title="bbox 1839 5281 3399 5360">
     <span class='ocr_line' id='line_1_114' title="bbox 1839 5281 3399 5360; baseline -0.006 -15"><span class='ocrx_word' id='word_1_724' title='bbox 1839 5300 1893 5345; x_wconf 88' lang='lat' dir='ltr'><strong>et</strong></span> <span class='ocrx_word' id='word_1_725' title='bbox 1924 5290 2181 5360; x_wconf 81' lang='lat' dir='ltr'><strong>cogitatio</strong></span> <span class='ocrx_word' id='word_1_726' title='bbox 2217 5289 2374 5357; x_wconf 75' lang='lat'><strong>271</strong></span> <span class='ocrx_word' id='word_1_727' title='bbox 2411 5286 2639 5342; x_wconf 84' lang='lat' dir='ltr'><strong>confusa</strong></span> <span class='ocrx_word' id='word_1_728' title='bbox 2677 5284 2812 5339; x_wconf 85' lang='lat' dir='ltr'><strong>nihil</strong></span> <span class='ocrx_word' id='word_1_729' title='bbox 2849 5298 3041 5339; x_wconf 84' lang='lat' dir='ltr'><strong>sanum</strong></span> <span class='ocrx_word' id='word_1_730' title='bbox 3075 5282 3158 5336; x_wconf 89' lang='lat' dir='ltr'><strong>vel</strong></span> <span class='ocrx_word' id='word_1_731' title='bbox 3192 5281 3399 5346; x_wconf 89' lang='lat' dir='ltr'><strong>videre,</strong></span> 
     </span>
    </p>
   </div>
   <div class='ocr_carea' id='block_1_115' title="bbox 1840 5373 3398 5449">
    <p class='ocr_par' dir='ltr' id='par_1_115' title="bbox 1840 5373 3398 5449">
     <span class='ocr_line' id='line_1_115' title="bbox 1840 5373 3398 5449; baseline -0.006 -12"><span class='ocrx_word' id='word_1_732' title='bbox 1840 5385 1922 5437; x_wconf 86' lang='lat' dir='ltr'><strong>vel</strong></span> <span class='ocrx_word' id='word_1_733' title='bbox 1948 5383 2137 5435; x_wconf 88' lang='lat' dir='ltr'><strong>audire</strong></span> <span class='ocrx_word' id='word_1_734' title='bbox 2177 5389 2383 5449; x_wconf 87' lang='lat' dir='ltr'><strong>potest;</strong></span> <span class='ocrx_word' id='word_1_735' title='bbox 2424 5379 2471 5433; x_wconf 89' lang='lat' dir='ltr'><strong>si</strong></span> <span class='ocrx_word' id='word_1_736' title='bbox 2511 5388 2691 5431; x_wconf 89' lang='lat' dir='ltr'><strong>autem</strong></span> <span class='ocrx_word' id='word_1_737' title='bbox 2731 5377 2781 5430; x_wconf 89' lang='lat' dir='ltr'><strong>vi</strong></span> <span class='ocrx_word' id='word_1_738' title='bbox 2812 5375 2974 5439; x_wconf 80' lang='lat' dir='ltr'><strong>facla,</strong></span> <span class='ocrx_word' id='word_1_739' title='bbox 3004 5374 3256 5428; x_wconf 88' lang='lat' dir='ltr'><strong>nebulam</strong></span> <span class='ocrx_word' id='word_1_740' title='bbox 3290 5373 3398 5428; x_wconf 91' lang='lat' dir='ltr'><strong>odii</strong></span> 
     </span>
    </p>
   </div>
   <div class='ocr_carea' id='block_1_116' title="bbox 1842 5464 3400 5543">
    <p class='ocr_par' dir='ltr' id='par_1_116' title="bbox 1842 5464 3400 5543">
     <span class='ocr_line' id='line_1_116' title="bbox 1842 5464 3400 5543; baseline -0.006 -13"><span class='ocrx_word' id='word_1_741' title='bbox 1842 5474 2166 5543; x_wconf 84' lang='lat' dir='ltr'><strong>disruperis,</strong></span> <span class='ocrx_word' id='word_1_742' title='bbox 2198 5480 2329 5526; x_wconf 90' lang='lat' dir='ltr'><strong>tunc</strong></span> <span class='ocrx_word' id='word_1_743' title='bbox 2361 5470 2566 5540; x_wconf 89' lang='lat' dir='ltr'><strong>poteris</strong></span> <span class='ocrx_word' id='word_1_744' title='bbox 2598 5482 2849 5539; x_wconf 73' lang='lat' dir='ltr'><strong>supernae</strong></span> <span class='ocrx_word' id='word_1_745' title='bbox 2901 5465 3099 5521; x_wconf 69' lang='lat' dir='ltr'><strong>laetitia:</strong></span> <span class='ocrx_word' id='word_1_746' title='bbox 3132 5464 3400 5536; x_wconf 80' lang='lat' dir='ltr'><strong>particeps</strong></span> 
     </span>
    </p>
   </div>
   <div class='ocr_carea' id='block_1_117' title="bbox 2595 5596 3394 5671">
    <p class='ocr_par' dir='ltr' id='par_1_117' title="bbox 2595 5596 3394 5671">
     <span class='ocr_line' id='line_1_117' title="bbox 2595 5596 3394 5671; baseline 0 -14"><span class='ocrx_word' id='word_1_747' title='bbox 2595 5603 2639 5635; x_wconf 75' lang='grc' dir='ltr'>⁸ο</span> <span class='ocrx_word' id='word_1_748' title='bbox 2670 5602 2861 5658; x_wconf 86' lang='lat' dir='ltr'><strong>Matth.</strong></span> <span class='ocrx_word' id='word_1_749' title='bbox 2892 5617 2946 5671; x_wconf 93' lang='lat' dir='ltr'><strong>v,</strong></span> <span class='ocrx_word' id='word_1_750' title='bbox 2968 5600 3060 5656; x_wconf 77' lang='lat'><strong>22.</strong></span> <span class='ocrx_word' id='word_1_751' title='bbox 3170 5597 3213 5632; x_wconf 80' lang='lat'><strong>&quot;</strong></span> <span class='ocrx_word' id='word_1_752' title='bbox 3233 5596 3394 5657; x_wconf 79' lang='lat' dir='ltr'><strong>Joan.</strong></span> 
     </span>
    </p>
   </div>
  </div>
