3836 6224
416 257 524 323 351

1922 262 1981 321 S.
2028 258 2189 319 NILI

3556 250 3690 315 35.9.

418 374 553 427 ﬂeri.
595 370 836 441 Namque
870 388 996 442 erga
1035 373 1338 442 proximum
1392 374 1520 428 odio
1569 374 1772 443 rejecto
1800 413 1815 435 ,
1855 372 1994 426 dile-

2124 369 2355 423 αὸέσθαι
2405 366 2505 436 τῆς
2564 367 2674 420 ἄνω
2721 365 3092 437 φαιδρότητος.
3136 366 3211 420 Τὸ
3254 364 3362 438 γὰρ
3407 367 3543 438 πρὸς
3574 369 3690 419 τὸν

418 463 600 517 ctione
636 463 969 531 itupleberis,
1011 480 1130 532 qua:
1167 464 1388 519 Christo
1432 468 1734 535 complacet
1772 483 1785 519 ι
1820 472 1871 517 et
1899 463 1992 532 qui

420 558 573 624 prius
604 559 887 617 adVersu-s,
918 557 1361 626 injucundusquc
1395 566 1616 626 propter
1648 556 1991 610 inimicitiam

420 654 673 714 aspectus
728 644 1036 711 videbatur,
1079 661 1222 699 nunc
1265 646 1641 701 desiderabilis
1697 652 1751 698 et
1808 644 1994 699 suavis

422 735 710 798 videbitur,
745 734 965 805 quando
1002 751 1156 791 meus
1190 746 1280 790 tua
1313 737 1617 789 illuminata
1644 736 1755 805 jam
1782 744 1885 790 est.

632 902 900 959 CCCVI".
938 936 1009 948 —-
1041 905 1415 963 PASCIIASIO
1458 907 1778 964 DIACONO.

491 992 683 1065 Magna
739 997 982 1052 subsidia
1049 1001 1351 1054 orationem
1405 1001 1755 1070 suppeditare
1805 1001 1996 1055 beatus

421 1086 613 1142 edocet
669 1085 857 1150 David,
911 1090 1003 1159 qui
1046 1100 1173 1146 ante
1234 1091 1468 1160 lapidem
1535 1092 1788 1147 oratione
1836 1109 1992 1157 usus,

425 1182 717 1233 animatam
763 1183 958 1235 turrim
998 1180 1216 1237 Goliath
1262 1183 1479 1254 disjecit
1507 1186 1575 1249 δ’,
1618 1184 1861 1239 divinam
1900 1184 1994 1239 Dei

426 1273 721 1339 potentiam
751 1273 970 1342 culpare
1017 1290 1235 1330 ausum.
1271 1275 1457 1330 Oratio
1510 1278 1695 1346 itaque
1760 1278 1992 1347 lapidem

427 1361 594 1415 veluti
632 1377 825 1415 manus
859 1363 1184 1433 deportavit.
1218 1375 1272 1421 et
1301 1367 1556 1421 timorem
1590 1370 1821 1423 incussit
1868 1369 1995 1421 bar-

429 1448 583 1511 baro,
611 1457 665 1504 et
687 1452 982 1506 adversarii
1028 1454 1316 1510 audaciam
1358 1457 1660 1523 enervavit,
1696 1465 1751 1513 et
1795 1466 1997 1528 tropaea

429 1539 695 1596 adversus
724 1542 907 1599 hostes
938 1546 1132 1599 erexit.

709 1637 933 1693 CCCIX.
957 1668 1025 1680 —
1052 1638 1409 1695 AUXENTIO
1450 1638 1710 1697 ECDICO.

2094 462 2322 531 πλήσιον
2350 458 2685 527 ἀποθέμενος
2721 460 2893 527 μῖσος,
2924 458 3144 527 ἀγάπης
3176 458 3539 530 ἐμπλησθήσῃ
3564 456 3689 527 τῆς

2093 550 2433 621 ἀρεσκούσης
2475 547 2715 619 Χριστῷ,
2768 550 2860 600 καὶ
2910 550 2943 618 ἡ
3008 549 3203 619 πρώην
3256 551 3528 621 πολεμία,
3570 552 3689 604 καὶ

2092 642 2261 713 ἀηδὴς
2314 641 2609 710 φαινομένη
2644 657 2725 692 σοι
2750 639 2872 707 ὄψις
2918 639 3005 693 διὰ
3040 641 3138 711 τὴν
3180 642 3535 710 δυσμένειαν,
3569 640 3688 695 νῦν

2094 733 2315 802 ποθεινή
2355 749 2458 793 σοι,
2501 731 2594 784 καὶ
2625 731 2879 801 ἐπίχαρις
2928 735 3172 801 φανεῖται
3202 772 3217 796 ,
3252 734 3688 805 πεφωτισμένου

2102 822 2187 876 τοῦ
2219 822 2502 893 λογισμοῦ.
2588 816 2589 819 “

2421 913 2548 966 ΊῊ’.
2580 943 2647 954 -
2682 910 3020 983 ΠΑΣΧΑΣῘῼ
3050 913 3371 984 ΔΙΑΚΟΝῼ.

2166 1003 2289 1056 Ὀτι
2322 1004 2464 1072 μέγα
2515 1004 2630 1056 ἐστὶ
2666 1003 2917 1073 βοήθημα
2962 1007 2995 1075 ἡ
3036 1005 3184 1075 εὐχὴ,
3216 1004 3455 1058 διδάσκει
3492 1008 3522 1058 6
3573 1019 3694 1076 μα-

2096 1098 2285 1166 κάριος
2344 1094 2524 1148 Δαυῖδ.
2582 1094 2693 1164 Πρὸ
2725 1094 2833 1163 γὰρ
2869 1094 2962 1147 τοῦ
3013 1094 3159 1148 λίθου
3188 1098 3253 1167 τῇ
3295 1097 3429 1169 εὐχῇ
3466 1097 3694 1167 χρησὰ-

2099 1203 2258 1258 μενος
2280 1226 2295 1250 ,
2326 1187 2416 1239 τδν
2449 1186 2691 1256 ἔμψυχον
2738 1185 2948 1257 πύργον
2995 1185 3185 1239 Γολιάθ
3217 1188 3547 1257 κατήνεγκε,
3576 1186 3688 1240 τὸν

2096 1277 2367 1346 ὁνειδῆσαι
2398 1275 2741 1346 τολμήσαντα
2774 1260 2872 1346 τήν
2897 1274 2992 1327 τοῦ
3018 1275 3153 1327 Θεοῦ
3195 1275 3441 1345 δύναμιν.
3483 1277 3551 1329 Ἦ
3583 1272 3697 1329 οὖν

2097 1366 2375 1437 προσευχὴ
2410 1366 2501 1418 τὸν
2525 1366 2673 1419 λίθον
2711 1364 3172 1436 ἐχειραγὼγησεν,
3205 1368 3298 1419 καὶ
3328 1367 3571 1435 ἀγωνίαν
3600 1367 3696 1436 τῷ

2099 1457 2358 1528 βαρόἀρῳ
2381 1457 2649 1521 ἐνέϐαλεν,
2676 1457 2770 1511 καὶ
2804 1457 2865 1511 τὸ
2906 1457 3104 1529 θράσος
3133 1457 3351 1527 ἐξέκοψε
3379 1458 3473 1511 τοῦ
3515 1460 3696 1512 πολε-

2102 1550 2247 1621 μίου,
2272 1550 2368 1604 καὶ
2395 1550 2628 1620 τρόπαια
2651 1549 2843 1619 ἔστησε
2869 1550 3009 1602 κατὰ
3038 1549 3146 1602 τῶν
3170 1550 3460 1621 πολεμίων.

2414 1640 2537 1695 ΤΘ’.
2575 1670 2646 1680 —-
2687 1640 3032 1712 ΑΥΞΕΝΤΙῼ
3081 1642 3358 1713 ΕΚΔΙΚῼ.

509 1745 528 1779 ι
568 1726 769 1782 Eduxit
803 1730 854 1781 iu
889 1732 1069 1784 lumen
1097 1733 1343 1784 umbram
1401 1733 1595 1786 tnortis
1620 1732 1686 1795 “,
1716 1750 1734 1784 ι
1780 1732 1884 1786 hoc
1915 1741 1999 1788 est

2176 1748 2196 1782 ι
2236 1730 2500 1802 Ἐξήγαγε
2528 1732 2583 1785 δὲ
2603 1733 2679 1794 είς
2703 1733 2817 1801 φῶς
2848 1709 3015 1785 σκιὰν-
3038 1733 3288 1795 θανάτου,
3310 1709 3346 1785 -ι
3377 1734 3696 1798 τουτέστιν,

433 1821 488 1875 in
523 1834 768 1891 apertum
804 1824 1047 1886 adduxit,
1094 1832 1149 1878 et
1203 1824 1503 1892 publicavit
1552 1824 1696 1879 Deus
1748 1833 2029 1879 naturam.

435 1913 642 1981 peccati
677 1913 903 1966 multum
937 1914 1141 1968 abhinc
1180 1923 1397 1983 tempus
1442 1915 1726 1970 latentem.
1767 1915 2003 1969 Verum-

435 2011 620 2057 tamen
653 2014 908 2059 naturam
946 2006 1197 2069 audiens,
1247 2019 1380 2061 cave
1428 2006 1733 2072 existimes,
1767 2016 1828 2060 ιιι
1863 2022 2005 2061 non-

435 2097 567 2150 nttlli
601 2098 861 2167 suspicati
898 2105 1027 2151 sunt
1062 2113 1075 2149 :
1116 2098 1403 2151 Peccatum
1433 2113 1555 2151 esse
1597 2098 1801 2151 animal
1833 2099 2008 2167 quod-

436 2187 559 2240 dam
588 2188 818 2242 rationis
842 2204 1089 2258 compos.
1113 2186 1360 2257 Namque
1393 2188 1446 2241 in
1474 2188 1711 2242 hominis
1738 2188 2009 2244 e!ectione

437 2279 711 2343 nascitur,
745 2287 800 2334 et
831 2295 1026 2335 rursus
1073 2279 1392 2336 denascitur
1438 2289 1637 2333 natura
1682 2295 1781 2336 sua
1812 2295 2007 2350 pecca-

438 2379 575 2423 tam.

543 2462 703 2531 272
743 2460 942 2516 CCCX.
971 2460 1498 2518 ——ARISTARCHO
1542 2462 1864 2520 TBIBUNO.

508 2550 587 2605 Ne
625 2554 949 2607 commercia
983 2562 1296 2607 sanctorum
1330 2555 1611 2609 hominum
1636 2571 1879 2625 spernas.
1917 2554 2010 2609 Et-

440 2642 584 2696 enim
626 2641 707 2695 νιιι
738 2644 885 2697 solus
915 2659 1102 2698 eorum
1144 2653 1397 2713 aspectus
1432 2648 1672 2700 animum
1715 2658 1867 2701 tuum
1900 2648 2011 2701 ini-

443 2735 749 2805 quitatibus
775 2736 887 2803 jam
920 2738 1259 2791 emarcidum
1306 2754 1504 2794 curare
1560 2743 1779 2810 poterit,
1830 2752 1884 2797 et
1931 2744 2013 2797 lo-

443 2827 602 2894 quela
642 2841 834 2879 eorum
867 2843 1026 2896 quam
1065 2830 1303 2884 maxima
1347 2830 1489 2885 dona
1538 2834 1779 2887 credenti
1818 2835 2012 2903 elargi-

446 2927 551 2970 tur.
582 2915 696 2971 Vox
721 2920 919 2989 quippe
942 2928 1257 2973 sanctorum
1290 2922 1427 2977 bella
1442 2922 1716 2991 dissolvit,
1741 2924 2012 2980 daemones

2102 1824 2182 1884 είς
2210 1822 2515 1889 τούμφανὲς
2552 1822 2744 1892 ἤγαγε,
2790 1823 2884 1875 καὶ
2927 1822 3339 1891 δεδημοσὶευκεν
3366 1825 3394 1876 ὁ
3416 1823 3551 1886 Θεὸς
3582 1824 3701 1894 τὴν

2105 1912 2274 1966 πάλαι
2306 1911 2700 1983 ἐνδομυχοῢσαν
2730 1913 2891 1983 φύσιν
2907 1914 3001 1981 τῆς
3020 1914 3309 1985 ἁμαρτίας.
3338 1914 3499 1968 Ἀλλά
3521 1914 3699 1983 φύσιν

2104 2003 2364 2067 ἀκούσας,
2402 2003 2476 2075 μὴ
2516 2004 2723 2074 νόμιζε,
2762 2004 2944 2067 καθώς
2969 2022 3112 2067 τινες
3142 2006 3514 2073 ὑπετόπησαν,
3547 2005 3698 2067 ζῶόν

2106 2109 2157 2144 τι
2202 2092 2418 2161 λογικὸν
2460 2094 2559 2165 τὴν
2604 2095 2880 2163 ἁμαρτίαν
2912 2094 3179 2163 ὑπάρχειν
3209 2109 3226 2127 ⁶
3257 2094 3315 2147 ἐν
3344 2099 3451 2165 γὰρ
3483 2099 3553 2165 τῇ
3588 2095 3696 2148 τοῦ

2106 2183 2395 2254 ἀνθρώπου
2439 2187 2749 2256 προαιρέσει
2791 2186 3036 2253 γίνεσθαί
3076 2204 3171 2250 τε,
3210 2188 3304 2241 καὶ
3348 2188 3510 2242 πάλιν
3550 2189 3699 2241 ἀπο-

2106 2276 2353 2345 γίνεσθαι
2380 2277 2620 2345 πέφυκεν
2654 2279 2686 2348 ή
2720 2278 2985 2347 ἁμαρτία.

2390 2456 2492 2512 Tl'.
2528 2486 2599 2497 -
2628 2456 3012 2527 ΑΡιΣτΑΡΧᾳ
3057 2456 3423 2527 TPtBorNo.

2180 2546 2271 2617 Μὴ
2302 2548 2632 2617 καταφρόνει
2678 2548 2776 2613 τῆς
2825 2547 3111 2617 συντυχίας
3137 2548 3249 2600 τῶν
3280 2548 3450 2614 ἁγίων
3476 2545 3699 2617 ἀνθρώ-

2110 2652 2249 2690 πων.
2282 2638 2389 2690 Καὶ
2439 2639 2548 2707 γὰρ
2591 2637 2651 2690 τὸ
2699 2636 2916 2707 βλέμμα
2970 2636 3149 2690 αὐτῶν
3214 2639 3371 2707 μόνον
3428 2638 3698 2692 ἰάσασθαι

2110 2728 2331 2783 δύναται
2355 2730 2453 2800 τὴν
2480 2729 2658 2801 ψυχήν
2705 2746 2799 2783 σου
2846 2730 3217 2800 σαθρωθεῖσαν
3250 2733 3309 2785 ἐν
3347 2733 3459 2794 τοῖς
3507 2747 3699 2800 παρα-

2115 2819 2393 2889 πτώμασι,
2424 2822 2517 2874 καὶ
2565 2823 2593 2874 ὁ
2640 2821 2875 2891 φθόγγος
2923 2822 3129 2875 τούτων
3180 2823 3439 2892 μεγίστας
3467 2823 3700 2893 χαρίζε-

2112 2928 2203 2964 ται
2237 2912 2442 2982 δωρεὰς
2462 2913 2541 2982 τῷ
2575 2912 2903 2968 πιστεύοντι.
2947 2915 3013 2968 Ἦ
3051 2914 3161 2984 γὰρ
3190 2914 3342 2985 φωνὴ
3373 2914 3481 2967 τῶν
3515 2914 3699 2982 ἀγίων

444 3010 643 3074 eiecit,
696 3012 962 3067 elementa
1022 3012 1277 3074 ﬁrmavit,
1336 3016 1795 3082 quemadmodum
1853 3015 2009 3070 Jesns

2124 3003 2386 3072 πολέμους
2436 3004 2721 3067 κατέλυσε,
2755 3004 3014 3074 δαίμονας
3052 3006 3302 3075 ἐξήλασε,
3334 3006 3402 3058 τὰ
3450 3009 3698 3075 στοιχεῖα

445 3102 592 3157 Nave
617 3120 736 3157 cum
758 3106 1079 3159 clamasset:
1107 3125 1124 3156 ι
1156 3105 1265 3159 Stet
1299 3108 1401 3170 sol,
1420 3116 1473 3160 et
1496 3108 1623 3161 luna
1646 3126 1660 3168 ;
1681 3118 1733 3161 et
1752 3108 2015 3161 continuo

449 3200 717 3248 steterunt
746 3193 789 3226 “
826 3214 838 3249 :
880 3214 897 3245 ι
924 3196 1001 3248 sic
1025 3211 1241 3265 quoque
1274 3196 1487 3267 Moyses
1515 3199 1650 3251 mari
1683 3200 1897 3254 vincula
1928 3200 2014 3253 in-

452 3283 613 3347 didit,
671 3293 724 3339 et
782 3287 1140 3354 relaxavit“;
1203 3290 1282 3344 sic
1334 3296 1445 3343 tres
1486 3291 1635 3358 pueri
1696 3290 1913 3361 hymnis
1963 3300 2016 3346 et

450 3375 683 3432 canticis
718 3375 963 3434 ﬂammas
1004 3379 1056 3433 itt
1086 3395 1264 3434 rorem
1294 3389 1683 3436 converterunt
1713 3382 1777 3434 “.
1814 3381 2014 3435 Eadem

453 3468 666 3523 ratione
704 3485 849 3524 nunc
874 3487 1093 3541 quoque
1123 3472 1215 3542 qui
1248 3488 1343 3528 eos
1368 3474 1717 3535 mandantur,
1746 3474 1873 3529 dum
1918 3474 2018 3528 hac

456 3558 577 3614 luce
624 3559 904 3625 fruuntur,
958 3562 1303 3617 invalescunt
1348 3563 1429 3617 vel
1483 3564 1599 3616 sola
1633 3578 1767 3618 voce
1809 3565 2015 3634 peccati

456 3652 704 3706 ardorem
739 3654 1104 3724 exstinguere,
1137 3654 1317 3708 fontes
1346 3656 1682 3723 voluptatum
1712 3658 2015 3715 exsiccare.

454 3742 793 3797 iracundiam
829 3746 1094 3809 emollitae,
1125 3745 1393 3800 desideria
1422 3746 1629 3816 fugare,
1663 3747 1878 3801 inanem
1900 3748 2021 3817 glo-

453 3834 591 3889 riam
632 3852 915 3902 enervare,
950 3839 1195 3892 avaritia:
1233 3838 1547 3894 incendium
1580 3827 1954 3909 compescere;
1987 3856 2018 3895 τι

456 3928 681 3985 tristitia
707 3937 761 3983 et
789 3944 1025 3985 mmrorc
1060 3931 1302 3996 liberari,
1345 3939 1398 3983 et
1434 3940 1757 4001 tempestate
1796 3931 2019 3999 jactatis

457 4020 654 4076 animis
692 4021 1133 4091 tranquillitatem
1163 4023 1437 4077 inaetttem
1469 4024 1846 4078 reconciliare.

627 4266 849 4322 CCCXL
880 4298 951 4310 —
977 4268 1316 4325 CLEONICO
1352 4269 1840 4328 SCHOLASTICO.

2121 3094 2365 3163 ἔστησεν,
2396 3094 2585 3165 ὥσπερ
2616 3095 2822 3165 Ἰησοῦς
2854 3098 2882 3149 6
2911 3096 3003 3149 τοῦ
3021 3094 3175 3166 Ναυὴ
3204 3097 3404 3167 βοήσας
3422 3111 3437 3126 ο
3464 3117 3481 3147 ι
3501 3094 3699 3167 Στήτω

2119 3188 2147 3240 6
2177 3187 2349 3256 ἥλιος,
2370 3188 2465 3241 καὶ
2484 3190 2517 3256 ή
2544 3188 2741 3259 σελήνη
2761 3205 2773 3218 °
2809 3189 2905 3242 καὶ
2928 3190 3263 3258 παραχρῆμα
3295 3188 3606 3259 ἐστάθησαν
3630 3207 3647 3221 ·
3672 3209 3693 3240 ι

2119 3275 2262 3328 οὕτω
2295 3277 2388 3329 καὶ
2430 3277 2669 3348 Μωῠσῆς
2715 3277 2991 3332 θάλασσαν
3029 3279 3258 3348 ἐπέδησε
3309 3277 3403 3331 καὶ
3450 3278 3698 3347 ἀνῆκενο

2120 3369 2263 3425 οὕτω
2309 3372 2401 3424 καὶ
2449 3373 2497 3425 οἱ
2549 3373 2739 3435 παῖδες
2786 3373 2834 3426 οἱ
2864 3375 3012 3443 τρεῖς
3059 3375 3173 3435 τοῖς
3221 3371 3409 3441 ὕμνοις
3450 3372 3546 3424 καὶ
3571 3372 3699 3431 ταῖς

2121 3459 2284 3531 ᾠδαῖς
2312 3462 2410 3533 τὴν
2456 3461 2627 3530 φλόγα
2660 3464 2739 3526 εἰς
2774 3463 2963 3535 δρόσον
3008 3463 3344 3533 μετέϐαλονο
3368 3464 3572 3533 ὁμοίως
3600 3466 3699 3517 καὶ

2122 3550 2217 3606 νῦν
2249 3553 2297 3605 οἱ
2328 3554 2551 3607 ἐκείνων
2602 3555 2835 3625 μιμηταὶ
2883 3556 3023 3608 κατά
3062 3556 3152 3608 τὸν
3201 3555 3312 3626 βίον
3354 3555 3700 3624 ὑπάρχοντες

2127 3643 2420 3713 ἰσχύουσιν,
2464 3645 2559 3698 καὶ
2608 3644 2766 3715 μόνον
2801 3645 3185 3716 φθεγξάμενοι,
3227 3647 3564 3701 κατασϐέσαι
3590 3647 3696 3715 τῆς

2121 3737 2393 3806 ἁμαρτίας
2428 3737 2527 3808 τήν
2568 3739 2830 3808 πύρωσιν.
2860 3741 2953 3793 καὶ
2992 3740 3223 3811 ξηρᾶναι
3242 3740 3339 3803 τὰς
3368 3740 3554 3809 πηγὰς
3583 3741 3699 3792 τῶν

2122 3824 2346 3893 ήδονῶν,
2381 3826 2474 3880 καὶ
2521 3826 2613 3879 τὸν
2650 3827 2820 3896 θυμὸν
2855 3828 3109 3897 μαλάξαι,
3136 3830 3231 3882 καὶ
3272 3830 3370 3900 τήν
3396 3830 3699 3899 ἐπιθυμίαν

2124 3916 2411 3982 ἐκδιῶξαι,
2443 3918 2536 3970 καὶ
2561 3917 2657 3986 τὴν
2689 3918 2994 3983 κενοδοξίαν
3022 3919 3352 3989 ἐκνευρίσαι,
3386 3920 3481 3973 καὶ
3515 3922 3696 3990 μαρᾶ-

2124 4023 2212 4059 ναι
2240 4007 2335 4059 τὸν
2375 4008 2615 4078 φλογμὸν
2665 4009 2763 4077 τῆς
2810 4010 3277 4080 φιλοχρηματίας,
3308 4010 3403 4063 καὶ
3453 4010 3695 4081 ἀθυμίας

2125 4101 2219 4152 καὶ
2245 4100 2419 4170 λύπης
2450 4100 2849 4172 λυτρώσασθαι,
2879 4105 2969 4156 καὶ
2992 4106 3109 4167 ταῖς
3137 4102 3567 4175 χειμαζομέναις
3594 4104 3697 4174 ψυ-

2129 4195 2250 4264 χαῖς
2288 4194 2528 4263 γαλήνην
2565 4194 2785 4263 βαθεῖαν
2809 4196 3124 4265 ἐμποιῆσαι.

2335 4285 2484 4338 TIA'.
2513 4314 2581 4324 —
2622 4286 2975 4357 ΚΛΕΩΝΙΚῼ
3026 4284 3480 4356 ΣΧΟΛᾹΣἸἸΚῼ.

513 4357 759 4417 Tradunt
788 4361 1033 4415 nonnulli
1080 4371 1201 4418 oost
1244 4379 1510 4433 aquarum
1561 4364 1839 4428 alluviem,
1894 4380 2009 4419 cum

2194 4376 2330 4427 Φασί
2389 4393 2553 4440 τινες,
2610 4377 2746 4445 μετά
2778 4377 2868 4428 τὸν
2900 4376 3280 4447 κατακλυσμὸν
3316 4376 3704 4447 ἐξευρεθέντος

463 4450 648 4505 vinum
687 4452 1038 4508 adiuventum
1067 4467 1232 4519 esset,
1262 4459 1555 4527 plerosque
1603 4460 1703 4526 qui
1739 4459 1873 4512 illud
1923 4459 2021 4512 im-

464 4542 675 4597 modice
720 4558 1027 4615 purumque
1077 4549 1383 4616 ebiberant,
1418 4558 1646 4605 mortem
1666 4552 2022 4620 ‘Oppetiisse;

464 4640 579 4687 tum
611 4632 825 4688 demum
875 4636 1012 4691 alios
1055 4640 1395 4707 experientia
1451 4640 1698 4695 saniores
1748 4641 2023 4704 redditos,

465 4724 638 4794 magis
690 4732 877 4793 potum
940 4740 1422 4783 commensurasse
1481 4745 1632 4799 aquae
1687 4729 2025 4793 admistum,

463 4830 576 4884 quo
614 4831 741 4872 usos
775 4826 1020 4871 servatos
1064 4818 1261 4872 fuisse.
1292 4819 1393 4884 Qui
1447 4835 1578 4875 vero
1634 4823 1825 4875 mortis
1884 4830 2029 4876 metu

465 4907 594 4962 vitis
618 4922 791 4961 rorem
819 4908 1059 4961 nondum
1076 4907 1351 4970 biberant.
1369 4925 1483 4973 eos,
1512 4911 1603 4979 qui
1624 4911 1733 4979 jam
1759 4911 2027 4974 biberant,

466 4999 894 5069 interrogarunt.
937 5006 1120 5053 utrum
1163 4999 1274 5067 jam
1320 5001 1556 5054 vivunt?
1602 5000 1706 5065 Qui
1759 5017 1883 5056 cum
1942 5017 2027 5057 rc-

468 5091 822 5160 spondisscnt
856 5110 869 5144 :
898 5090 977 5144 ita
1000 5101 1108 5152 est,
1138 5091 1397 5155 vivimus,
1433 5093 1829 5162 applaudehant
1848 5094 2031 5165 singu-

470 5182 610 5253 gulis
628 5182 962 5243 hominibus,
985 5182 1146 5250 273
1161 5190 1214 5235 et
1236 5183 1498 5250 proximis
1524 5184 1616 5251 qui
1636 5185 1832 5237 servati
1852 5193 2027 5247 erant,

471 5274 891 5340 gratulabantur
951 5273 1200 5327 dicentes
1260 5290 1273 5326 :
1321 5271 1520 5335 Vivas,
1555 5273 1730 5328 vivas.
1779 5272 2027 5338 Quapro-

471 5374 593 5436 pter
620 5382 683 5419 ex
708 5382 773 5421 eo
811 5366 878 5419 ad
912 5365 1026 5419 haec
1055 5380 1227 5434 usque
1257 5373 1498 5431 tempora
1516 5380 1634 5419 mos
1657 5366 1882 5418 invaluit
1901 5405 1915 5424 .
1945 5366 2027 5419 bi-

473 5454 727 5511 bentibus
764 5455 915 5510 eﬂ‘ari
946 5472 959 5505 :
999 5455 1185 5509 Vivas.
1218 5454 1282 5507 Et
1311 5455 1424 5509 hac
1454 5455 1583 5509 mihi
1619 5454 1765 5509 dicta
1802 5463 1934 5510 sunt
1962 5454 2027 5507 ad

477 5556 622 5601 tuam
659 5547 1163 5616 interrogationem.

550 5662 593 5694 δ’
625 5661 638 5716 Ι
665 5661 799 5734 Reg.
832 5679 963 5727 χιιι,
996 5664 1082 5719 37.
1164 5665 1206 5697 “
1237 5663 1337 5719 Job
1368 5678 1465 5729 xu,
1498 5663 1584 5719 9.2.

1695 5662 1927 5720 “Josue
1949 5680 2002 5730 ι,
2052 5663 2133 5729 12,
2170 5664 2251 5718 l3.

2124 4468 2217 4521 τοῦ
2241 4469 2403 4531 οἴνου,
2438 4469 2691 4540 ἀμέτρως
2748 4467 2985 4539 ἄκρατόν
3041 4486 3194 4532 τινας
3254 4469 3513 4531 πίνοντας
3567 4472 3705 4522 ἀπο-

2126 4561 2411 4632 θνήσκεινο
2443 4556 2564 4614 εἶτα
2595 4561 2997 4631 δοκιμάσαντας
3022 4563 3240 4632 ἐτέρους
3273 4562 3477 4631 μᾶλλον
3500 4562 3707 4631 μετρῆο

2128 4671 2216 4706 σαι
2267 4654 2366 4720 τὴν
2417 4654 2572 4707 πόσιν
2618 4653 2770 4706 ὕδατι
2802 4654 3182 4723 κεκραμένην,
3235 4653 3329 4706 καὶ
3356 4652 3536 4722 τούτῳ
3564 4671 3705 4723 χρη-

2128 4744 2391 4812 σαμένους
2422 4743 2499 4814 τῷ
2520 4746 2667 4815 πότῳ
2691 4744 3073 4806 διασωθέντας.
3099 4746 3161 4798 Οἱ
3197 4744 3252 4798 δὲ
3289 4745 3454 4815 μήπω
3487 4745 3706 4807 πιόντες

2130 4838 2277 4907 φόϐῳ
2309 4837 2539 4890 θανάτου
2584 4837 2686 4907 τῆς
2717 4837 2964 4907 ἀμπέλου
3003 4838 3063 4891 τὸ
3092 4840 3269 4905 νᾶμα,
3300 4835 3567 4889 ἐπύθοντο
3597 4837 3706 4890 τῶν

2127 4929 2226 4999 ήδη
2257 4928 2611 4993 πεπωκότων,
2660 4927 2775 4996 εἴγε
2818 4927 2984 4992 ζῶσιν
3018 4945 3031 4960 ·
3065 4928 3334 4982 κάκείνων
3374 4928 3706 4997 ἀποκριθέν-

2126 5036 2234 5071 των
2271 5036 2284 5049 '
2321 5020 2428 5071 Ναὶ
2472 5019 2557 5090 δὴ,
2599 5018 2818 5089 ζῶμεν,
2859 5019 3252 5087 ἐπεφθέγγοντο
3316 5019 3708 5088 συγχαίροντες

2128 5110 2339 5177 ἑκάστῳ
2371 5109 2480 5162 τῶν
2520 5110 2875 5179 σεσωσμένων
2903 5109 3250 5179 ἀνθρώπῳ,ἢ
3286 5109 3529 5179 πλησίων
3550 5127 3564 5140 ·
3604 5112 3708 5179 Ζή-

2130 5218 2298 5263 σειας,
2326 5200 2566 5269 ζήσειας.
2606 5200 2802 5270 Διόπερ
2846 5200 2906 5264 ἐξ
2932 5201 3139 5253 ἐκείνου
3178 5201 3338 5271 μέχρι
3365 5201 3464 5253 νῦν
3492 5202 3555 5252 τδ
3588 5201 3709 5263 ἔθος

2134 5291 2480 5361 κεκράτηκε,
2524 5294 2638 5355 τοῖς
2683 5292 2963 5345 ἐκπιοῦσιν
3035 5292 3304 5359 ἐπιλέγειν
3346 5294 3408 5345 τό
3454 5311 3462 5320 ·
3501 5295 3703 5364 Ζήσῃς.

2134 5382 2317 5435 Ταῦτά
2345 5400 2433 5453 μοι
2465 5382 2675 5453 εἴρηται
2699 5381 2832 5453 πρὸς
2852 5381 2948 5452 τὴν
2974 5381 3070 5453 σήν
3093 5381 3456 5451 ἐπερώτησιν.

2351 5663 2397 5695 ⁵⁸
2431 5662 2601 5718 Exod.
2630 5678 2742 5726 xw.
2778 5661 2870 5727 21,
2899 5659 2988 5716 27.
3083 5657 3129 5691 “
3157 5655 3292 5712 Dan.
3325 5671 3413 5721 ιιι,
3439 5655 3529 5710 50.
