3788 6224
157 307 291 370 1101

1232 333 1674 405 TBACTATUS
1708 350 1810 409 AD
1843 349 2264 420 EULOGIUM.

3282 378 3420 446 1102

150 421 249 473 τὸν
283 422 685 496 θρασυκάρδιον
728 428 1012 499 βαστάζων
1044 436 1235 495 ἕνεκεν
1283 448 1530 516 εἰρήνης,
1579 443 1699 502 οὖτο

150 512 472 557 ἐκϐιάζεται
502 518 752 557 venia-Ann
794 524 894 557 ηερ
936 530 1156 557 οἰκίη.--
1197 553 1207 557 -
1235 535 1339 557 υ--
1377 539 1483 557 1.“.
1553 541 1567 557 ο
1650 543 1663 557 .

3284 421 3417 446 ιιυύ

1850 468 2079 526 namque
2108 461 2343 519 debellat
2390 468 2686 529 iracundize
2740 477 2827 533 ille
2881 483 2973 552 qui
3015 497 3170 554 pacat
3214 491 3417 557 iratos;

149 512 473 579 ἐκϐιάζεται
502 518 755 586 γενέσθαι
794 524 894 594 τῆς
935 530 1156 604 εἰρήνης
1197 535 1311 599 υἱός
1327 512 1348 568 ί
1368 512 1483 591 ἀλλ’
1514 541 1615 594 ούκ
1647 541 1734 595 ἐπ’

151 604 464 675 ἀνθρώπων
495 611 658 681 μόνον
684 613 947 688 ζητητέος
972 623 1001 673 6
1027 626 1127 695 τῆς
1151 627 1375 697 εἰρήνης
1402 628 1697 702 σύνδεσμος
1718 672 1733 694 ,

148 696 290 751 ἀλλά
319 702 414 753 κα)⁸
442 702 501 755 ἐν
524 703 603 775 τῷ
630 704 842 776 σώματί
866 728 981 780 σου,
1016 716 1109 768 καὶ
1134 696 1297 789 ὲντῷ
1328 696 1734 791 πνεύματίυσου,

151 790 253 842 και
269 792 329 844 ἐν
358 797 424 865 τῇ
441 796 610 870 ψυχῇ.

1838 542 2109 601 irascetur
2159 563 2340 609 autem
2397 558 2508 626 isti,
2559 577 2913 632 cognatorum
2970 573 3308 634 iracundiam
3364 584 3416 635 iu

1838 635 1989 691 illum
2022 643 2281 700 audacem
2313 649 2709 725 reddens,quia
2744 644 2909 735 414
2936 668 3306 735 proximorum
3333 689 3397 741 pn

1835 818 1884 870 ci
1908 823 2186 886 prmditum
2222 831 2403 897 corde,
2428 836 2652 891 enititur
2680 856 2802 897 esse
2824 845 2968 902 Illius
3001 851 3185 918 pacis;
3230 869 3412 908 verum

2391 888 2401 897 ,
2547 888 2639 891 Mr-
2684 888 2802 897 -..νυ
2824 888 2968 902 ..παρ
3002 888 3185 918 γαυισ,
3234 888 3407 908 uuqu

151 897 263 936 non
300 888 440 954 apud
463 888 714 946 homines
741 902 948 951 tantum
967 903 1317 969 quaerendum
1349 907 1500 975 pacis
1527 906 1827 975 vinculum,
1855 912 2016 967 sedet
2047 914 2101 969 in
2131 932 2359 991 corpore
2376 935 2490 991 tuo,
2516 940 2569 983 et
2594 930 2646 984 in
2671 942 2765 989 tuo
2795 938 3013 1007 spiritu,
3046 949 3101 997 et
3134 944 3186 997 in
3207 949 3407 1014 anima,

737 988 906 1014 una”
934 993 953 1014 Δ
1034 992 1102 1014 1-0

734 988 988 1045 ΚΕΦΑΛ.
1034 992 1123 1060 ετ.

222 1093 391 1147 ὀταν
420 1095 529 1167 γὰρ
556 1099 655 1169 τῆς
687 1102 785 1171 σῆς
818 1105 1024 1178 ταύτης
1052 1110 1269 1179 τριάδος
1306 1112 1398 1166 τὸν
1429 1113 1725 1187 σύνδεσμον

139 1182 355 1257 δνὼσῃς
387 1190 451 1259 τῇ
484 1191 696 1263 είρήνῃ,
723 1194 843 1248 τότε
874 1197 949 1262 ὼς
976 1200 1076 1269 τῆς
1100 1200 1251 1267 θείας
1277 1204 1509 1276 Τριάδος
1537 1182 1722 1280 ἐντολῇ

140 1274 369 1339 ἐνωθεὶς
388 1278 626 1344 ἀκούεις·
665 1303 682 1334 ι
702 1285 976 1359 Μακάριοι
1003 1292 1049 1343 oi
1079 1274 1430 1365 εἰρηνοποιοὶ,
1461 1298 1543 1351 ὅτι
1569 1274 1723 1353 αὐτοί

138 1367 249 1419 uio!
278 1368 416 1424 Θεοῦ
443 1370 825 1444 κληθήσονται.
859 1397 878 1429 ι
931 1381 1040 1434 Καὶ
1071 1385 1179 1455 γάρ
1209 1383 1275 1438 ἂν
1304 1385 1402 1457 τὴν
1428 1386 1721 1441 ἀντεπίθυυ

137 1474 243 1526 μον
272 1460 368 1512 τοῦ
410 1464 723 1534 πνεύματος
756 1470 935 1539 σάρκα
981 1474 1306 1547 εἰρηνεύσης
1354 1481 1469 1541 τοῖς
1516 1479 1718 1545 πόνοις,

132 1549 297 1613 κλέος
328 1551 470 1617 ἕξεις
498 1555 611 1610 τῶν
635 1563 1000 1632 μακαρισμῶν
1034 1566 1291 1621 ἐπέκεινα
1322 1568 1537 1635 αἰῶνος,
1569 1572 1719 1643 νική-

133 1658 237 1705 σας
272 1644 510 1715 πόλεμον
552 1649 645 1701 τὸν
675 1652 735 1703 ὲν
767 1653 844 1724 τῷ
891 1654 1107 1726 σώματί
1151 1676 1247 1713 σου
1293 1662 1386 1715 τὸν
1426 1663 1717 1735 ἀντιστρα-

128 1737 429 1806 τευόμενον
472 1739 548 1811 τῷ
594 1743 745 1814 νόμῳ
786 1746 881 1800 τοῦ
914 1749 1033 1811 νοός
1084 1768 1198 1816 σου,
1255 1753 1351 1806 καὶ
1385 1756 1715 1825 αἰχμαλωτί-

2445 1018 2674 1076 CAPUT
2716 1024 2805 1080 Vl.

1899 1117 2130 1186 Quando
2179 1142 2415 1200 namque
2455 1133 2685 1204 hujusce
2715 1142 2975 1200 ternionis
3009 1149 3088 1203 tui
3129 1150 3406 1211 vinculum

1825 1223 1959 1278 pace
1982 1217 2331 1287 coadunaris,
2366 1234 2516 1291 tunc,
2547 1238 2732 1300 utpote
2768 1250 3035 1308 praecepto
3061 1244 3253 1301 divina:
3284 1248 3400 1302 Trl-

1822 1303 2011 1360 nitatis
2039 1310 2244 1377 unitus,
2274 1317 2462 1373 audies
2488 1339 2500 1373 :
2534 1339 2552 1372 ι
2572 1322 2732 1379 Beati
2762 1330 2994 1400 pacifici,
3023 1340 3279 1403 quoniam
3305 1343 3406 1413 ipsi

1828 1392 1921 1413 ηιμ
1954 1396 1993 1413 π.
2033 1400 2044 1411 .
2218 1404 2231 1413 .
2452 1410 2489 1413 -μ

1828 1392 1921 1447 filii
1954 1396 2046 1453 Dei
2080 1404 2421 1462 vocabuntur
2449 1410 2494 1442 ⁸³
2520 1433 2568 1470 ,ι
2614 1414 2829 1473 Etenim
2865 1422 2912 1477 si
2959 1441 3175 1484 carnem
3215 1392 3403 1491 conira

1825 1488 2078 1555 spiritum
2109 1499 2585 1566 concupiscentem
2614 1506 2895 1567 laboribus
2924 1516 2990 1569 ad
3027 1532 3214 1586 pacem
3248 1527 3403 1580 rede-

1823 1576 1984 1644 geris,
2030 1580 2259 1651 gloriam
2303 1586 2697 1649 beatitudinum
2752 1598 2891 1655 ultra
2940 1606 3198 1662 saeculum
3251 1628 3400 1667 388c-

1821 1667 2038 1733 queris,
2069 1686 2137 1726 co
2165 1676 2309 1744 quod
2343 1678 2543 1736 viceris
2586 1685 2782 1740 bellum
2812 1688 2867 1742 in
2903 1700 2995 1746 tuo
3025 1709 3253 1766 corpore
3276 1717 3399 1755 mo-

1822 1764 1953 1820 tum,
1984 1760 2195 1844 legique
2225 1769 2421 1824 mentis
2448 1782 2553 1828 tuae
2578 1790 2918 1848 repugnans,
2960 1800 3024 1840 ac
3046 1796 3095 1840 te
3118 1760 3391 1859 captivum

128 1827 299 1891 ζοντα
347 1847 405 1883 σε
452 1831 530 1902 τῷ
563 1833 713 1906 νόμῳ
743 1837 841 1907 τῆς
875 1841 1151 1914 ἁμαρτίας
1179 1844 1257 1915 τῷ
1288 1847 1345 1897 ὲν
1379 1850 1493 1910 τοῖς
1527 1847 1693 1917 μέλεσ

2038 1827 2059 1831 ν
2106 1827 2121 1831 _
2175 1832 2187 1844 ο
2536 1827 2545 1828 κ
2616 1827 2918 1848 Ἴρην-...πυτ
2960 1827 3024 1840 -ν
3046 1827 3390 1859 υυιιαγιινΙΙΙΙΙ

1850 1846 2116 1915 ubjiciens
2139 1852 2243 1925 legi
2279 1860 2511 1925 peccati,
2548 1878 2670 1932 quae
2699 1877 2783 1923 est
2821 1870 2872 1923 in
2907 1878 3168 1933 membris
3201 1884 3305 1937 tuis
3331 1883 3393 1941 ⁸³.

131 1936 253 1972 σου.
286 1922 477 1990 Μέγας
502 1925 531 1976 6
558 1929 657 1995 τῆς
681 1928 905 2000 εἰρήνης
930 1934 1223 2005 σύνδεσμος
1253 1938 1309 1990 ἐν
1332 1930 1486 2010 ᾧπερ
1511 1940 1714 2010 ἥνωται

129 2013 232 2065 καὶ
260 2015 293 2083 ή
328 2017 476 2087 χαρά
505 2020 815 2086 φωτίζουσα
843 2023 903 2076 τὸ
932 2024 1086 2094 ὄμμα
1114 2027 1212 2098 τῆς
1240 2027 1477 2093 διανοίας
1508 2032 1589 2095 είς
1617 2032 1715 2103 τὴν

123 2104 241 2156 τῶν
275 2109 600 2175 κρειττόνων
648 2110 901 2182 Θεωρίαν,
948 2116 1106 2187 εἴπερ
1152 2119 1245 2172 οὖν
1286 2123 1713 2193 ὲπικτησώμεθα

126 2195 229 2265 τὴν
256 2198 539 2271 εἰρηνικὴν
575 2202 634 2255 ἐν
664 2205 779 2267 τοῖς
814 2205 997 2269 πόνοις
1024 2209 1222 2278 χαρὰν,
1266 2210 1334 2263 τὰ
1363 2212 1585 2266 ἐπιόντα
1612 2232 1711 2283 χα-

124 2288 269 2342 λεπά
300 2292 635 2363 εὐχαρίστως
667 2296 734 2349 δι’
767 2298 938 2369 αὐτῆς
975 2303 1453 2373 ἀποκρουσόμεθα,
1494 2309 1588 2360 καὶ
1618 2308 1710 2361 τὸν

119 2383 227 2454 τῆς
274 2382 454 2455 λύπης
499 2386 727 2459 δαίμονα
796 2390 1118 2462 μυκώμενον
1189 2396 1289 2449 οὐκ
1335 2398 1705 2470 είσδεξόμεθα,

119 2476 300 2540 ὅστις,
354 2478 787 2551 ἀκρωτηριάζων
838 2483 896 2535 ὲν
924 2485 1040 2547 ταῖς
1088 2486 1299 2555 θλίψεσι
1342 2490 1597 2559 μάλιστα,
1637 2494 1706 2564 τῇ

116 2567 268 2638 ψυχῇ
297 2568 604 2636 ὲφάλλεται,
637 2574 731 2625 καὶ
750 2572 827 2643 τῷ
857 2575 1127 2646 πνεύματι
1153 2578 1252 2648 τῆς
1273 2580 1500 2647 ἀκηδίας
1522 2581 1707 2652 χώραν

117 2661 478 2731 ἑτοιμάζεται
528 2663 677 2726 ὃπως
723 2664 821 2736 τὴν
870 2666 1046 2739 ψυχὴν
1088 2670 1400 2736 σκοτίσωσι,
1449 2674 1545 2725 καὶ
1588 2675 1705 2745 ἅμα

114 2754 250 2814 τοὺς
281 2752 479 2816 πόνους
526 2754 879 2820 ἀναλέξωσιν.
934 2760 1112 2813 Ἔστω
1138 2762 1318 2815 τοίνυν
1350 2765 1513 2835 νόμος
1546 2767 1704 2836 ἡμῶν

111 2844 221 2912 τῆς
247 2845 476 2916 καρδίας
503 2846 778 2918 ἔγγραφος
812 2851 844 2921 ἡ
874 2851 971 2921 τῆς
1009 2853 1233 2925 εἰρήνης
1265 2857 1431 2927 χαρά,
1467 2858 1561 2911 καὶ
1605 2858 1702 2930 τὴν

111 2934 300 3007 λύπην
351 2940 825 3004 καταποντίζουσα
866 2944 959 2995 καὶ
1000 2943 1061 2996 τὸ
1092 2947 1247 3014 μῖσος
1299 2947 1699 3015 ἀπελαύνουσα,

110 3028 213 3081 καὶ
257 3029 358 3100 τὴν
409 3032 571 3103 μῆνιν
604 3032 961 3103 ἀφανίζουσα,
1010 3038 1105 3090 καὶ
1130 3037 1228 3109 τὴν
1258 3040 1486 3112 ἀκηδίαν
1528 3060 1698 3098 κατα-

106 3119 341 3186 λύουσα,
386 3124 475 3176 nati
522 3124 620 3195 τὴν
653 3124 830 3196 λύπην
874 3127 1199 3196 ἀμείϐουσα.
1244 3132 1332 3185 Ἐν
1373 3133 1482 3205 γάρ
1511 3138 1576 3206 τῇ
1621 3138 1698 3189 εί-
1724 3164 1767 3222 C

110 3213 315 3283 ρηνικῇ
365 3212 719 3286 μακροθυμίᾳ
768 3217 1177 3286 ἐμφωλεύουσα.
1228 3224 1323 3276 καὶ
1363 3228 1427 3295 τῇ
1471 3228 1694 3300 εὐχαρι-

105 3304 263 3376 στίᾳ,
296 3306 390 3357 καὶ
420 3309 488 3376 τῇ
537 3307 783 3379 ὑπομονῇ
815 3311 1229 3382 ἐλλιμνάζουσα,
1270 3317 1508 3385 πέλαγός
1549 3321 1694 3375 ἐστιν

102 3396 330 3467 ἀρετῶν
359 3398 460 3469 τὴν
499 3402 929 3473 ἀντιπαράταξιν
958 3405 1050 3457 τοῦ
1078 3406 1327 3462 διαϐόλου
1368 3410 1443 3481 τῷ
1472 3414 1693 3485 σταυρῷ

101 3489 604 3553 καταποντίζουσα.
632 3492 761 3546 Νόει
794 3494 851 3546 δέ
885 3513 975 3566 μοι
1000 3496 1100 3569 τὴν
1133 3498 1384 3554 ἐναντίαν
1407 3505 1581 3575 χαράν
1606 3523 1693 3558 τε-

97 3580 467 3652 ταραγμένην
498 3584 841 3651 ἐφίστασθαι,
894 3590 968 3661 μή
1016 3609 1134 3655 πως
1165 3592 1332 3665 ἄλλην
1376 3598 1492 3650 ἀντ’
1525 3598 1690 3669 ἄλλης

99 3667 392 3733 σκιασθεὶς
420 3672 707 3744 ἀπατηθῇς
744 3677 1016 3748 κατέχειν.
1051 3680 1553 3752 Συσχηματίξονται
1580 3667 1689 3758 γάρ

96 3755 207 3809 καὶ
234 3758 346 3820 τοῖς
373 3766 763 3829 πνευματικοῖς
793 3765 1130 3837 χαρίσμασιν
1155 3770 1203 3821 oi
1229 3771 1482 3846 δαίμονες
1504 3755 1687 3847 ἵνατῷ

96 3852 562 3922 ωρασκιὰσματι
594 3856 685 3908 τὸν
714 3856 837 3910 νοῦν
874 3859 1378 3932 ἀποπλανήσαντες,
1414 3868 1522 3920 τῶν
1549 3887 1684 3941 φρει

93 3940 215 3993 νῶν
238 3941 617 4015 ἀποστήσωσιν
641 3963 654 3975 ·
691 3948 976 4017 ἐφίσταται
1019 3953 1127 4025 γὰρ
1158 3956 1302 4026 χαρά
1337 3960 1684 4031 πνευματικὴ

92 4034 305 4107 καρδίᾳ
344 4036 556 4101 οὐδενὸς
601 4043 985 4112 προκειμένου,
1034 4046 1116 4098 ὃτι
1158 4048 1250 4100 τὸν
1292 4051 1540 4121 ήγεμόνα
1583 4056 1684 4125 τῆς

90 4124 246 4178 κα.τά
272 4124 403 4179 Θεὸν
434 4126 611 4199 λύπης
643 4133 915 4203 μετέωρον
951 4136 1216 4206 εὑρίσκει,
1248 4138 1441 4195 ἔπειτα
1471 4142 1548 4209 δὲ,
1585 4124 1682 4197 καὶ

86 4215 181 4286 τῷ
232 4217 511 4290 Πνεύματι
556 4224 655 4292 τῆς
705 4222 880 4295 λύπης
928 4226 1028 4297 τὴν
1069 4227 1247 4300 ψυχὴν
1290 4234 1679 4305 παραδίδωσιν,

84 4309 185 4363 ὅτι
246 4308 347 4379 τῆς
408 4314 790 4387 πνευματικῆς
856 4318 1030 4391 αὐτὴν
1092 4324 1269 4393 χαρᾶς
1332 4326 1679 4396 αἰχμάλωτον

83 4401 259 4473 ὲποίη
268 4419 349 4458 σε.

699 4705 949 4761 ΚΕΦΑΛ.
992 4707 1067 4762 Ζ’.

167 4790 320 4861 Φημὶ
347 4791 404 4845 δὲ
437 4794 532 4846 καὶ
561 4794 742 4859 τοῦτο,
771 4798 845 4862 ὼς
881 4800 1223 4873 ὑπηγόρευσέ
1252 4821 1356 4859 τινι
1385 4807 1495 4861 τῶν
1521 4809 1674 4863 ἀδελ-

82 4880 216 4953 φῶν
236 4884 270 4952 ἡ
299 4886 463 4955 πεῖρα
496 4886 606 4939 τῶν
637 4887 1005 4960 ζητουμένων,
1032 4894 1113 4947 ὅτι
1142 4896 1265 4949 ἀντὶ
1297 4898 1398 4968 μὲν
1424 4898 1519 4953 τοῦ
1554 4903 1675 4972 χαί-

81 4993 149 5047 ρε
162 4993 211 5028 ιν
237 4978 296 5028 ἐν
324 4978 531 5050 Κυρίῳ,
555 4982 729 5053 χαράν
760 4983 966 5038 οἰκείαν
998 4987 1026 5038 6
1058 4985 1309 5060 ἀλάστωρ
1337 4992 1668 5063 ἀντεισάγει.

92 5068 251 5120 Ἀντὶ
282 5068 335 5121 δὲ
362 5071 459 5140 τῆς
487 5075 629 5125 κατὰ
655 5074 789 5139 Θεὸν
821 5076 1017 5149 λύπης,
1062 5081 1163 5151 τὴν
1195 5083 1444 5139 ἐναντίαν
1484 5087 1559 5157 τῷ
1592 5089 1670 5159 νῷ

71 5163 516 5232 παραπειράζει,
547 5166 634 5218 ἵνα
660 5170 782 5231 ταῖς
816 5170 1194 5242 ἀντιστρόφοις
1225 5177 1548 5244 μεταϐολαῖς
1569 5181 1668 5252 τῆς

66 5252 197 5304 τῶν
228 5256 551 5323 κρειττόνων
581 5260 798 5325 ἀκτῖνος
829 5264 1124 5334 μερίμναις
1149 5267 1250 5337 τὴν
1282 5268 1459 5341 ψυχὴν
1487 5273 1668 5341 ἀμαυ-

310 5349 495 5401 Διτταὶ
543 5354 640 5421 τῆς
672 5353 868 5415 κακίας
908 5356 965 5408 αἱ
988 5356 1160 5411 λύπαι
1200 5363 1559 5432 τυγχάνουσιν
1605 5369 1663 5419 ἐν

63 5437 291 5519 ἑκάστῃ
336 5442 567 5514 ἐργασίᾳ
605 5444 1017 5516 ἐπιζευγμέναι.
1048 5451 1143 5504 καὶ
1176 5454 1209 5524 ἡ
1242 5455 1343 5524 μὲν
1369 5457 1659 5525 ἐφίσταται

61 5529 281 5600 καρδίᾳ
312 5530 563 5602 λυπηρᾶς
602 5536 783 5600 αίτίας
820 5538 879 5591 οὐ
916 5539 1289 5614 βλεπομένης,
1327 5547 1445 5617 ήδὲ
1476 5550 1657 5605 τίκτε-

60 5639 167 5675 ται
201 5621 262 5687 ἐξ
292 5623 597 5680 ἀλλοκότων
643 5628 834 5681 αἰτιῶν
880 5630 1200 5705 ὡθουμένη,
1252 5638 1284 5708 ἡ
1335 5640 1474 5692 κατά
1524 5641 1656 5695 Θεὸν

146 5759 197 5791 ⁸⁸
225 5760 414 5817 Matth.
453 5780 503 5827 v,
532 5765 583 5820 9.
662 5766 707 5798 “
737 5765 896 5822 Rom.
927 5785 1023 5836 vn,
1058 5772 1151 5828 εδ.

1816 1935 2070 2006 Magnum
2128 1954 2213 1999 est
2264 1949 2418 2017 pacis
2450 1953 2750 2025 vinculum,
2794 1960 2848 2014 in
2894 1980 3005 2032 quo
3039 1967 3203 2023 simul
3233 1975 3394 2029 etiam

1818 2031 2002 2084 unitur
2055 2037 2311 2103 gaudium
2363 2042 2680 2103 illutninans
2723 2052 2940 2106 oculum
2990 2056 3296 2120 intellectus
3328 2070 3391 2122 ad

1815 2135 2000 2177 rerum
2035 2128 2321 2185 meliorum
2350 2139 2863 2208 contemplationem
2892 2162 2906 2197 :
2937 2147 2981 2200 si
3013 2149 3174 2219 igitur
3207 2161 3394 2227 nequi-

1813 2232 1995 2274 ramus
2020 2223 2302 2290 pacificum
2332 2220 2598 2300 fgandiufu
2649 2236 2703 2290 in
2732 2237 3031 2308 laboribus,
3074 2247 3391 2310 insultantia

1811 2324 2036 2378 quaeque
2069 2314 2319 2383 molesta,
2353 2323 2556 2389 gratias
2595 2330 2805 2396 agendo
2835 2346 2927 2399 per
2962 2334 3132 2403 ipsam
3166 2347 3389 2411 pmpul-

1809 2400 2070 2469 sabimus,
2099 2410 2440 2467 etmmstitiae
2465 2415 2763 2474 dzemonem
2805 2425 3132 2495 mugientem
3167 2450 3274 2490 non
3304 2439 3389 2493 in-

1807 2493 2193 2565 tromittemus,
2223 2502 2316 2570 qul
2337 2504 2591 2563 minuens
2621 2510 2753 2577 vim,
2784 2521 3023 2574 maxime
3053 2522 3106 2575 in
3137 2526 3387 2585 amfclio-

1808 2584 1988 2653 nibus,
2023 2588 2078 2642 in
2121 2592 2357 2649 animam
2392 2597 2572 2669 irruit,
2604 2614 2659 2658 et
2702 2606 2914 2676 spiritui
2949 2613 3175 2684 pigritiae
3206 2621 3383 2679 locmn

1805 2689 2090 2747 praparat,
2149 2694 2209 2739 ut
2255 2687 2490 2753 (scilicet
2528 2697 2693 2751 ambo
2737 2702 2963 2770 spiritus
3007 2712 3300 2781 maestitiae,
3333 2729 3386 2773 et

1804 2767 2056 2841 pigritia)
2088 2777 2326 2833 animam
2376 2781 2689 2853 obscurent,
2735 2790 3065 2867 laboresque
3099 2801 3260 2858 simul
3288 2823 3384 2861 ex-

1802 2874 2048 2931 cerpant.
2080 2863 2163 2922 Sit
2203 2868 2369 2939 igitur
2398 2874 2482 2930 lex
2533 2877 2588 2932 in
2628 2894 2875 2941 boatrum
2906 2863 3069 2947 corde
3100 2893 3380 2968 inscripta,

1801 2954 1953 3021 pacis
1991 2959 2272 3025 gaudium,
2326 2969 2470 3035 quod
2506 2978 2618 3024 tum
2674 2978 3003 3036 exterminat
3062 2954 3380 3045 mmstitiam

1801 3057 1856 3100 et
1881 3047 2215 3107 iracundiam
2253 3055 2306 3109 in
2340 3073 2490 3114 mare
2536 3063 2820 3138 demergit,
2852 3080 2963 3127 tum
2996 3076 3180 3132 odium
3209 3084 3382 3152 repel-

1802 3132 1882 3199 lit,
1919 3144 2033 3191 tum
2081 3139 2508 3214 indignationem
2560 3132 2763 3221 abolet,
2806 3132 2925 3214 tum
2976 3163 3249 3233 pigritiam
3272 3132 3380 3226 ‘de-

1796 3224 1987 3289 struit,
2046 3234 2161 3281 tum
2228 3229 2467 3303 denique
2520 3253 2812 3298 maerorem
2874 3224 3119 3308 demutat
3153 3273 3166 3308 :
3200 3258 3376 3327 ipsum

1796 3325 2029 3381 namque
2091 3315 2145 3369 in
2196 3320 2426 3387 pacifica
2464 3324 2790 3387 delitescens
2843 3315 3274 3412 longanimitate,
3325 3362 3377 3404 et

1790 3402 1952 3475 415
1976 3408 2272 3477 gratiarum
2293 3417 2527 3485 actione,
2556 3427 2720 3491 atque
2743 3402 3003 3493 patientia
3019 3443 3373 3508 restagnans;

1792 3511 1941 3550 mare
1975 3498 2236 3558 virtutum
2267 3512 2369 3571 est,
2398 3518 2586 3565 contra
2619 3527 2678 3567 se
2709 3514 3034 3577 instructam
3064 3498 3236 3583 acie'm
3264 3532 3377 3587 dia-

1790 3588 1919 3656 boli,
1973 3605 2134 3648 cruce
2162 3595 2535 3667 submergens.
2563 3602 2806 3677 lntellige
2852 3624 3002 3677 vero,
3059 3618 3204 3686 quod
3244 3637 3375 3678 con-

1789 3679 2018 3733 trarium
2048 3683 2303 3752 gaudium
2332 3692 2646 3758 supervenit
2677 3696 2971 3767 turbatum,
3018 3679 3091 3759 ne
3111 3705 3255 3763 forte
3284 3712 3369 3767 iu-

1786 3771 2074 3828 umbratus
2116 3775 2424 3847 decipiaris,
2466 3781 2543 3837 ita
2586 3793 2646 3840 ut
2679 3794 2864 3846 teneas
2906 3794 3053 3850 aliud
3093 3811 3191 3865 pro
3222 3802 3365 3858 alio:

1784 3864 2202 3934 configurantur
2233 3873 2378 3925 enim
2426 3874 2796 3944 spiritualibus
2847 3885 3038 3952 gratiis
3070 3864 3361 3959 dzemones,

1786 3966 1872 4022 ut,
1926 3972 2049 4012 cum
2098 3959 2406 4018 inumbrata
2467 3967 2703 4036 caligine
2756 3982 2989 4029 mentem
3052 3978 3360 4051 fefellerint,

1782 4063 1902 4102 eam
1934 4064 1966 4103 a
1993 4052 2245 4119 prudenti
2272 4055 2546 4111 abducant
2573 4059 2783 4129 judicio
2812 4081 2825 4118 :
2866 4072 3177 4136 supervenit
3204 4089 3363 4128 nam-

1782 4156 1887 4211 que
1928 4143 2078 4197 cordi
2136 4145 2416 4214 spirituale
2452 4151 2706 4217 gaudium
2764 4154 2912 4211 nulla
2969 4175 3029 4215 re
3064 4167 3359 4234 proposita,

1781 4234 1906 4301 quia
1939 4234 2130 4290 ducem
2160 4238 2411 4305 tristitiae,
2437 4257 2556 4311 qme
2580 4247 2877 4303 secundum
2906 4249 3074 4307 Deum
3108 4269 3210 4324 εει,
3237 4275 3359 4315 ονε-

1780 4333 1944 4391 ctum,
2008 4342 2102 4382 seu
2137 4344 2463 4399 suspensum
2517 4335 2702 4391 animo
2757 4338 2997 4411 invenit,
3049 4361 3114 4402 ac
3168 4351 3360 4407 deinde

1780 4419 1991 4489 spiritui
2041 4437 2259 4493 quoque
2313 4426 2590 4483 maestitiae
2620 4429 2766 4500 (quae
2808 4436 3015 4504 pariter
3059 4446 3355 4501 secundum

1702 4512 1953 4587 DDeum
2007 4520 2113 4577 est)
2152 4520 2389 4576 animam
2444 4525 2637 4590 tradit,
2689 4529 2814 4597 quia
2865 4533 3131 4602 captivam
3180 4540 3357 4597 effecit

1778 4609 1949 4679 ipsam
1980 4612 2281 4681 Spiritualis
2313 4615 2533 4671 Iaztitize.

2374 4731 2603 4789 CAPUT
2643 4735 2757 4792 VII.

1844 4818 1977 4875 Dico
2014 4830 2195 4876 autem
2223 4835 2275 4878 et
2307 4825 2429 4891 hoc,
2459 4835 2517 4880 ut
2546 4828 2762 4884 cuidam
2812 4830 2966 4888 fratri
2999 4838 3351 4906 quaesitarum

1773 4927 1953 4968 rerum
2016 4916 2347 4985 experientia
2398 4920 2652 4986 dictavit,
2700 4927 2845 4994 quod
2901 4928 3180 4996 nimirum,
3232 4933 3353 4989 loco

1771 5000 2038 5068 gaudendi
2063 5001 2115 5054 in
2145 5001 2398 5071 Domino,
2421 5006 2636 5062 daemon
2670 5008 2921 5077 infestus,
2947 5013 3039 5082 qui
3074 5017 3212 5071 mala
3240 5034 3347 5073 non

1769 5088 2138 5144 obliviscenda
2186 5103 2478 5161 perpetrat,
2527 5105 2747 5152 econtra
2811 5101 3086 5170 prapriam
3143 5105 3351 5162 inducit

1769 5179 2045 5248 laetitiam;
2076 5198 2175 5253 pro
2217 5187 2437 5241 tristitia
2477 5203 2623 5252 vero,
2660 5206 2781 5258 quae
2830 5194 3131 5250 secundum
3176 5196 3346 5255 Deum

1766 5283 1869 5340 est,
1901 5285 2137 5330 mentem
2169 5276 2236 5331 ad
2273 5280 2609 5335 contrariam
2643 5290 2833 5350 tentat,
2875 5285 3218 5345 sollicitando
3267 5301 3346 5355 ut,

1769 5367 2033 5436 oppositis
2087 5371 2504 5437 mutationibus,
2550 5373 2788 5429 animam
2816 5392 2913 5447 per
2957 5379 3349 5442 sollicitudines

1767 5460 2133 5527 obscurando,
2161 5478 2341 5517 rerum
2372 5466 2528 5520 orbet
2555 5466 2709 5522 radio
2748 5470 3056 5525 meliorum.
3094 5472 3346 5542 Duplices

1767 5553 2133 5624 improbitatis
2173 5564 2305 5610 sunt
2348 5557 2623 5614 maestitia:
2662 5559 2714 5614 in
2752 5562 2995 5631 qualibet
3039 5564 3347 5633 conjunctae

1766 5646 2122 5713 operatione;
2155 5662 2262 5703 una
2294 5647 2515 5719 quidem
2562 5655 2876 5722 supervenit
2907 5655 3081 5720 cordi,
3116 5657 3343 5713 molesta
