3788 6224
420 383 554 446 1103
1895 385 1953 443 S.
1990 383 2153 443 NILI
3532 380 3678 444 1101

416 514 581 553 causa
628 494 839 563 invisa;
868 495 974 550 alia
1020 511 1168 559 vero,
1192 510 1312 565 qua
1364 495 1539 558 irruit,
1582 504 1635 548 et
1674 511 1830 562 quaet
1870 511 1984 550 sese

2093 495 2235 564 λύπη
2274 497 2386 557 τοῖς
2411 495 2639 565 δάκρυσι
2668 512 2763 565 την
2792 493 2970 566 ψυχὴν
3024 492 3397 559 ἀνακαλεῖται,
3437 496 3541 567 τὴν
3576 498 3684 549 ἀπ-

416 590 662 653 intrudit,
718 589 955 660 gignitur
1000 587 1273 642 inusitatis
1303 602 1332 641 e
1358 588 1577 651 causis,
1624 605 1746 658 qua
1788 604 1984 643 secun-

2093 586 2337 649 εναντίας
2374 586 2547 655 χαράν
2578 602 2637 637 τε
2668 585 2762 638 καὶ
2790 583 2968 653 λύπην
3002 582 3076 653 μὴ
3106 582 3552 654 παραδεχομένη,
3590 585 3681 636 τὸν

415 679 541 733 dum
583 676 747 731 Deum
790 686 875 731 est
900 676 1175 741 mastitia,
1208 675 1462 745 lacrymis
1481 678 1714 730 animam
1746 690 1982 743 revocat,

2093 678 2142 729 δὲ
2171 678 2393 730 ἐπιόντα
2424 676 2653 730 θάνατον
2684 677 2947 747 μεριμνᾷ,
2980 674 3077 728 καὶ
3114 674 3296 746 κρίσιν
3320 691 3334 703 ’
3386 676 3483 727 καὶ
3516 676 3682 728 τοῦτο

415 785 520 822 non
569 769 862 822 admittens
922 766 1161 820 latitiam
1218 780 1283 820 ac
1330 764 1601 819 tristitiam
1641 782 1703 820 ex
1757 768 1984 822 adverso

2093 771 2209 823 κατ’
2257 770 2436 837 ὀλίγον
2468 770 2666 840 κέχηνε
2705 768 3134 839 προσδεχομένη.
3180 766 3508 836 Ἐπιθυμίαι
3547 770 3685 821 ἀπο-

413 862 760 927 exsistentes,
806 859 1178 914 imminentem
1220 868 1399 911 autem
1456 870 1681 913 mortem
1745 876 1807 914 ac
1843 862 1984 929 judi-

2093 860 2349 931 τυχοῦσαι
2392 860 2683 928 φυτεύουσι
2720 857 2898 920 λύπας
2929 874 2941 885 ·
2998 856 3153 927 εύχαὶ
3183 856 3259 919 δὲ,
3308 857 3407 908 καὶ
3457 856 3684 926 εὐχαρι-

412 955 557 1010 cium
611 955 773 1009 anxie
825 953 1145 1017 meditatur,
1186 961 1240 1005 et
1283 952 1473 1015 inhiat,
1530 954 1787 1023 paulatim
1823 954 1984 1027 416

2093 952 2233 1005 στίαι
2263 952 2587 1021 μαραίνουσι
2614 950 2819 1011 ταύτας
2838 964 2851 978 ·
2903 947 3102 1018 μεταξὺ
3132 944 3510 1016 ὀργιζομένων
3543 949 3683 1017 μέση

414 1047 519 1101 hoc
550 1055 893 1115 exspectans.
943 1044 1302 1115 Cupiditates,
1341 1046 1386 1100 si
1424 1048 1678 1114 quapiam
1710 1045 1984 1102 frustrata

2093 1042 2231 1113 λύπη
2268 1043 2519 1096 δονεῖται.
2557 1042 2615 1095 Ὀ
2654 1040 2747 1094 οὖν
2773 1039 2986 1109 πρῶτος
3026 1038 3288 1109 ἐκνήψας,
3330 1039 3430 1091 ἐὰν
3454 1038 3554 1092 τοῦ
3588 1042 3685 1093 παρ

413 1139 615 1194 fuerint
644 1154 721 1203 re,
757 1153 1020 1193 marores
1043 1138 1271 1209 gignunt
1324 1154 1388 1193 ac
1419 1146 1745 1206 procreant;
1798 1155 1984 1210 preces

2093 1135 2217 1198 θους
2248 1136 2477 1205 ἀναστῇ,
2527 1135 2622 1187 καὶ
2650 1131 2727 1203 τῷ
2772 1132 2943 1201 ἑτέρῳ
2974 1130 3118 1201 δώση
3162 1133 3341 1201 χεῖρα,
3380 1130 3681 1201 ἀπολογία,

414 1244 594 1287 autem
635 1228 689 1286 et
729 1231 1026 1301 gratiarum
1074 1232 1316 1285 actiones
1365 1234 1529 1286 hasce
1579 1229 1837 1287 ﬂaccidas
1868 1232 1984 1287 red-

2093 1229 2187 1299 τὴν
2234 1227 2439 1298 πικράν
2475 1226 2652 1292 λύπην
2680 1223 2999 1279 ἀπελαύνει.
3061 1224 3245 1295 Λύπη,
3294 1224 3481 1294 ψυχῆς
3535 1225 3689 1287 νόσος

411 1325 577 1389 dunt;
611 1322 751 1375 inter
781 1321 1075 1376 irast'entes
1116 1320 1408 1376 mediocris
1447 1322 1682 1391 agitatur
1705 1323 1984 1379 mastitia.

2093 1322 2185 1373 καὶ
2210 1321 2411 1391 σαρκὸς
2431 1319 2714 1390 τυγχάνει,
2738 1317 2833 1371 καὶ
2857 1316 2956 1389 τὴν
2985 1316 3085 1386 μὲν
3105 1316 3490 1387 αἰχμαλώτιδα
3517 1319 3684 1389 αἴρει,

414 1415 519 1481 Qui
548 1426 674 1482 ergo
710 1413 917 1481 primus
948 1410 1236 1481 evigilarit,
1282 1412 1327 1465 si
1368 1428 1398 1465 e
1429 1412 1685 1481 passione
1718 1423 1984 1485 resurgat,

2093 1414 2187 1485 τὴν
2218 1414 2274 1468 δέ
2316 1414 2409 1466 ἐπὶ
2436 1415 2589 1483 τόπῳ
2627 1411 2905 1483 μαραίνει.
2945 1408 3037 1473 Ἐξ
3081 1410 3342 1462 ἐναντίων
3374 1410 3527 1479 λύπη
3560 1428 3683 1477 γεν-

413 1516 467 1560 et
499 1505 656 1559 alteri
690 1518 909 1558 mamun
949 1503 1305 1558 excusatione
1334 1502 1593 1572 porrigat,
1627 1518 1869 1559 amaram
1908 1521 1984 1563 re-

2093 1510 2272 1570 νᾶται,
2322 1508 2385 1559 ἐκ
2431 1506 2487 1558 δὲ
2538 1506 2714 1575 λύπης
2748 1506 2928 1576 μῆνις,
2970 1504 3209 1556 τίκτεται
3254 1503 3312 1556 δὲ
3366 1504 3433 1555 ἐκ
3475 1504 3687 1556 τούτων

414 1598 563 1667 pellit
609 1594 940 1650 maestitiam.
1012 1593 1257 1649 Tristitia
1312 1594 1370 1647 lit
1424 1593 1621 1648 anima
1666 1595 1892 1651 morbus
1938 1607 1984 1652 el

2093 1602 2357 1671 φρενῖτις,
2387 1596 2624 1669 λοιδορία
2647 1611 2661 1625 ·
2704 1594 2882 1666 λύπην
2940 1594 3034 1647 καὶ
3070 1594 3228 1664 μῆνιν
3258 1596 3306 1647 εί
3338 1593 3524 1658 θέλεις
3554 1612 3685 1663 συμ-

411 1689 613 1754 carnis,
644 1698 698 1743 et
727 1704 847 1743 eam
889 1685 1109 1757 quidem
1158 1686 1305 1756 capit
1351 1687 1644 1756 captivam,
1679 1687 1821 1744 hanc
1856 1704 1984 1744 vero

2093 1694 2358 1761 πατῆσαι,
2380 1689 2477 1760 τὴν
2511 1687 2895 1759 μακροθυμίαν
2919 1688 3015 1757 τῆς
3042 1686 3266 1754 ἀγάπης
3289 1687 3679 1755 ἐναγκαλίξου,

413 1782 559 1837 illico
591 1780 846 1850 languere
881 1776 1029 1832 facit.
1064 1774 1141 1829 Ex
1169 1776 1498 1831 adversariis
1540 1778 1801 1832 maestitia
1828 1794 1984 1849 gene-

2094 1786 2190 1838 καὶ
2231 1785 2330 1853 τὴν
2362 1781 2539 1853 χαράν
2566 1781 2667 1851 τῆς
2706 1780 2944 1842 άκακίας
2977 1777 3332 1849 περιὸάλλου,
3366 1780 3402 1848 ἡ
3442 1780 3513 1850 σὴ
3539 1780 3683 1849 χαρὰ

413 1884 585 1935 ratur,
624 1888 654 1926 e
688 1869 943 1924 mastitia
988 1883 1119 1924 vero
1167 1867 1490 1937 indignatio,
1541 1882 1609 1923 ex
1644 1868 1765 1925 istis
1802 1882 1984 1926 autem

2093 1877 2264 1948 ἑτέρῳ
2292 1875 2438 1945 λύπη
2486 1874 2559 1944 μὴ
2590 1872 2731 1925 ἔστω
2758 1888 2771 1903 ·
2815 1872 2902 1924 ἐπ’
2927 1869 3108 1942 ἀδικίᾳ
3137 1871 3165 1923 ὁ
3192 1871 3413 1941 χαίρων
3444 1874 3506 1925 ἐν
3540 1873 3682 1925 εὐδο-

419 1963 721 2034 parturitur
762 1968 941 2014 mente
974 1957 1213 2013 delirans
1239 1957 1545 2012 convicium
1576 1975 1589 2011 :
1620 1958 1667 2013 si
1697 1960 1831 2015 velis
1860 1976 1984 2017 ma-

2093 1971 2189 2040 κίᾳ
2220 1969 2503 2039 θρηνήσει,
2558 1964 2653 2019 καὶ
2682 1966 2710 2017 ὁ
2752 1962 3041 2033 ὑποφέρων
3080 1961 3259 2026 λύπας
3292 1964 3532 2033 πάσχων
3564 1964 3677 2017 ἀδὲο

416 2054 620 2109 stitiam
668 2062 722 2108 et
748 2050 1174 2121 indignationem
1200 2049 1540 2117 conculcare,
1562 2049 1842 2108 charitatis
1871 2070 1984 2108 am-

2093 2077 2224 2125 κως,
2264 2059 2534 2129 λαμπρῶς
2570 2056 2964 2125 ἀγαλλιάσεται
2989 2071 3004 2085 ·
3046 2054 3116 2108 τὰ
3139 2053 3249 2126 γάρ
3280 2054 3558 2126 μέλλοντα
3579 2060 3683 2118 τοῖς

418 2147 651 2216 plectere
699 2142 1191 2213 longanimitatem,
1236 2152 1289 2195 et
1333 2140 1702 2212 simplicitatis
1752 2146 1991 2201 circum-

2095 2152 2370 2225 παροῦσιν
2403 2149 2645 2204 ἐναντία.

412 2237 576 2293 indue
603 2237 841 2291 laetitiam
884 2253 897 2288 :
933 2242 1085 2288 tuum
1110 2233 1370 2303 gaudium
1399 2251 1463 2289 ne
1498 2235 1569 2290 sit
1589 2236 1745 2293 alteri
1770 2252 2019 2299 mceror:
2056 2247 2151 2317 qui
2208 2262 2375 2318 super
2413 2244 2679 2315 injustitia
2707 2241 2923 2314 gaudet,
2949 2240 3153 2312 lugebit
3187 2244 3243 2296 in
3266 2240 3680 2303 benevolentia;

411 2339 467 2386 et
490 2330 605 2400 qui,
638 2326 841 2397 injuste
869 2325 1111 2396 patiens,
1138 2323 1327 2378 sull‘ert
1349 2324 1591 2394 dolores,
1617 2330 1898 2389 exsultans
1934 2334 2202 2393 latabitur
2274 2336 2587 2409 splendide;
2652 2349 2779 2390 nam
2846 2348 2969 2404 qua
3004 2332 3185 2388 futura
3212 2340 3367 2401 sunt,
3403 2333 3685 2404 prasenti-

410 2422 518 2479 bus
548 2420 821 2477 exsistunt
851 2417 1147 2473 contraria.

1002 2603 1235 2663 CAPUT
1272 2606 1402 2663 Vlll.

481 2746 540 2801 In
564 2742 1006 2799 tribulationibus
1060 2760 1156 2815 ago
1200 2744 1429 2813 gratias,
1464 2759 1530 2799 co
1580 2747 1819 2803 maxime
1861 2748 1991 2818 quia

412 2853 508 2909 per
534 2838 682 2906 ipsas
715 2835 1093 2905 opitulationis
1140 2836 1377 2906 (divinae)
1405 2837 1632 2906 gratiam
1660 2838 1990 2896 luculentius

412 2928 701 3000 persentis.
762 2926 853 2981 Sic
918 2925 1063 2981 enim
1130 2928 1260 2981 dum
1332 2926 1647 2998 ingruentes
1715 2945 1990 2986 arumnas

412 3019 622 3089 agendo
659 3016 867 3088 gratias
917 3017 1182 3080 excuties,
1217 3031 1328 3072 non
1369 3018 1693 3075 obscurabis
1746 3021 1986 3091 splendi-

411 3112 695 3166 tlissimam
753 3108 1222 3180 pulchritudinem
1256 3114 1576 3165 constantia
1616 3130 1629 3165 :
1676 3112 1722 3167 si
1765 3115 1986 3182 quando

415 3204 511 3258 tibi
552 3203 814 3257 adversus
860 3215 1082 3256 carnem
1132 3200 1344 3255 daemon
1391 3200 1662 3272 ﬂagellum
1704 3203 1980 3269 inﬂixerit,

2690 2608 2945 2663 ΚΕΦΔΛ.
2984 2607 3068 2660 Η’.

2175 2750 2265 2804 Ἐν
2299 2751 2421 2812 ταῖς
2450 2746 2697 2817 θλίψεσιν
2727 2744 3051 2816 εὐχάριστός
3083 2744 3177 2797 ἐσο
3206 2743 3473 2814 μάλιστα,
3508 2744 3592 2799 ὅτι
3619 2745 3681 2798 δι’

2087 2842 2273 2895 αὐτῶν
2319 2842 2421 2904 τῆς
2471 2839 2806 2911 ἀντιλήψεως
2852 2838 2949 2909 τὴν
3001 2836 3163 2907 χάριν
3207 2836 3555 2908 σαφέστερον
3603 2840 3681 2890 αἱ·

2093 2935 2283 3004 σθάνῃ.
2331 2932 2488 2987 Οὕτω
2527 2932 2637 3003 γάρ
2678 2932 2777 2993 τάς
2807 2929 3068 2993 ἐπιούσας
3095 2928 3306 2998 θλίψεις
3341 2930 3679 3000 εὐχαρίστως

2093 3025 2427 3079 ἐκτινάσσων
2453 3024 2555 3076 ούκ
2582 3021 2934 3093 ἀμαυρώσεις
2954 3022 3053 3091 τῆς
3088 3020 3392 3091 καρτερίας
3437 3020 3503 3073 τὸ
3542 3020 3677 3089 λαμ-

2092 3117 2362 3188 πρότατον
2412 3114 2630 3177 κάλλος,
2684 3113 2822 3166 ἐπάν
2879 3128 2961 3164 σοι
3009 3112 3249 3182 μάστιγα
3286 3111 3440 3165 κατά
3482 3112 3679 3181 σαρκὸς

2088 3208 2301 3277 δαίμων
2350 3205 2693 3276 καταρράξῃ,
2738 3204 2997 3272 μεγίστου
3048 3220 3130 3256 σοι
3178 3202 3378 3271 μισθοῦ
3420 3204 3675 3274 πράξω

413 3295 664 3349 maxima
691 3294 957 3349 mercedis
979 3294 1077 3347 tibi
1100 3293 1418 3348 conciliator
1434 3295 1815 3364 comperietur,
1834 3297 1901 3363 si,
1924 3306 1984 3352 ut

2093 3297 2313 3367 εὑρέθη,
2347 3296 2441 3349 ἐὰν
2466 3296 2722 3348 ὑπόθεσιν
2758 3293 3109 3363 εὐχαριστίας
3133 3292 3235 3358 τὴν
3260 3292 3486 3361 πληγὴν
3514 3309 3673 3344 κατα-

414 3386 691 3441 materiem
713 3386 1011 3456 gratiarum
1038 3385 1290 3451 actionis,
1315 3386 1528 3455 plagam
1557 3388 1880 3457 susceperis.
1909 3387 1984 3445 Ita

414 3492 647 3548 namque
662 3478 842 3549 ipsum
864 3493 895 3531 a
914 3486 964 3532 te
979 3478 1280 3533 damonem
1306 3475 1553 3547 fugabis;
1581 3486 1641 3532 ut
1656 3486 1835 3533 autem
1854 3495 1989 3535 mer-

412 3581 503 3620 ces
524 3575 611 3621 tua
633 3580 727 3635 per
738 3566 1054 3635 patientiam
1072 3565 1268 3636 majori
1287 3564 1544 3636 irrigetur
1564 3566 1758 3633 imbre,
1776 3568 1991 3624 univer-

414 3672 599 3712 sorum
627 3658 867 3712 virilium
902 3658 1148 3713 laborum
1178 3658 1293 3727 ipsa
1324 3665 1414 3711 tua
1450 3667 1501 3712 te
1528 3658 1721 3715 ducem
1752 3661 1988 3729 praebeat

416 3747 704 3817 patientia,
748 3747 876 3818 quia
930 3756 985 3803 et
1012 3748 1229 3817 pigritia
1284 3763 1381 3816 per
1419 3762 1633 3802 omnem
1684 3750 1987 3819 nequitiam

417 3840 511 3894 tibi
544 3838 711 3911 417
760 3840 962 3894 bellum
1014 3838 1197 3905 infert,
1226 3854 1528 3909 omnesque
1571 3845 1698 3895 tuos
1729 3841 1985 3897 conside-

418 3947 544 3987 rans
577 3931 816 3998 labores,
846 3932 1059 4002 probat,
1130 3940 1186 3986 et
1216 3946 1379 4001 quem
1411 3947 1520 3986 non
1575 3930 1842 3988 invenerit
1888 3949 1988 4004 pa-

415 4023 615 4077 tientia:
665 4022 890 4079 lirmiter
925 4023 1245 4089 harentem,
1289 4022 1436 4078 hunc
1482 4022 1754 4092 deprimit,
1807 4033 1862 4080 et
1898 4024 1987 4080 in-

412 4114 579 4170 clinat
606 4112 672 4168 ad
706 4114 978 4185 seipsam;
1014 4115 1061 4170 si
1087 4129 1214 4169 vero
1252 4114 1481 4185 pigritia
1512 4115 1724 4170 damon
1748 4115 1816 4170 ad
1845 4117 1984 4172 tole-

414 4204 648 4258 rantiam
719 4203 965 4260 laborum
1028 4204 1275 4269 deﬁciat,
1336 4219 1527 4261 rursus
1580 4206 1719 4261 bene
1770 4215 1984 4277 gestum

413 4296 627 4351 facinus
701 4295 875 4352 bestia
937 4297 1183 4353 emordet
1241 4298 1541 4365 vecordia;
1617 4298 1663 4353 si
1730 4298 1985 4369 prudenti

414 4389 591 4458 ipsum
643 4389 831 4459 abigas
887 4390 1214 4456 securitate,
1270 4389 1524 4460 spiritum
1571 4404 1790 4460 quoque
1833 4406 1985 4446 vana

410 4480 597 4548 gloria
626 4479 683 4534 in
736 4480 856 4549 ipso
896 4481 1122 4550 repelles
1154 4482 1209 4535 in
1253 4489 1497 4551 tempore
1548 4482 1984 4552 congregationis

412 4569 645 4639 (scilicet
691 4570 905 4641 sacra).
953 4569 1181 4635 Quando
1230 4568 1326 4623 tibi
1362 4569 1699 4641 negligentia
1732 4572 1983 4641 superin-

2089 3382 2236 3456 δέξῃ.
2266 3383 2422 3437 Οὕτω
2452 3384 2562 3455 γὰρ
2595 3384 2687 3435 καὶ
2716 3382 2879 3435 αὐτὸν
2907 3383 2972 3433 ἐκ
3019 3380 3111 3433 σοῦ
3144 3380 3539 3449 φυγαδεύσεις.
3566 3382 3671 3433 Ἵνα

2087 3477 2143 3529 δὲ
2166 3477 2346 3530 πλεῖον
2372 3479 2400 3529 ὁ
2426 3476 2615 3547 μισθός
2642 3492 2735 3527 σου
2764 3475 2853 3527 διά
2878 3472 2980 3543 τῆς
3000 3472 3278 3541 ὑπομονῆς
3319 3472 3670 3544 ἐπμόρήσῃ.

2087 3570 2280 3623 διόλων
2312 3568 2423 3622 τῶν
2459 3567 2722 3639 ἀνδρείων
2764 3565 2940 3618 πόνων
2967 3566 3000 3634 ὴ
3029 3565 3274 3633 ὑπομονή
3322 3579 3420 3616 σου
3484 3579 3672 3632 στρατ-

2087 3663 2312 3731 ηγείτω,
2359 3662 2442 3714 ὅτι
2474 3660 2564 3713 διὰ
2612 3660 2793 3728 πάσης
2824 3657 3043 3719 κακίας,
3072 3655 3169 3709 καὶ
3213 3656 3247 3725 ή
3266 3710 3277 3715 _
3296 3655 3505 3726 ἀκηδία
3533 3656 3672 3708 ἀντι-

2090 3752 2387 3819 στρατηγεῖ
2419 3768 2523 3813 σοι,
2558 3749 2654 3801 καὶ
2701 3745 3133 3801 κατασκοποῠσά
3172 3762 3264 3798 σου
3299 3746 3431 3809 τοὺς
3480 3746 3671 3809 πόνους

2087 3844 2332 3908 ἅπαντας
2363 3841 2637 3913 πειράζει,
2667 3842 2726 3895 δν
2750 3841 2808 3893 δὲ
2844 3842 2917 3911 μὴ
2944 3838 3081 3911 εὕρῃ
3108 3841 3175 3908 τῇ
3204 3839 3456 3908 ὑπομονῇ
3481 3839 3670 3909 ἐνηλωι

2090 3935 2270 4004 μένον,
2316 3932 2505 3986 τοῦτον
2548 3929 2918 4001 καταδαρύνει
2958 3929 3047 3996 ὑφ’
3082 3928 3303 3998 ἑαυτὴν,
3357 3929 3459 3981 καὶ
3508 3945 3669 3981 κατα-

2088 4028 2354 4098 κάμπτει,
2381 4026 2476 4080 ἐὰν
2514 4025 2573 4079 δὲ
2600 4024 2808 4094 δαίμων
2839 4024 2937 4094 τῆς
2966 4022 3194 4093 άκηδίας
3226 4023 3364 4092 πρὸς
3397 4024 3507 4093 τὴν
3540 4024 3665 4076 ὐπο-

2091 4120 2261 4188 μονὴν
2291 4116 2401 4171 τῶν
2425 4116 2602 4170 πόνων
2636 4116 2897 4185 ἀτονήσῃ,
2933 4112 3193 4175 ἀπονοίας
3224 4113 3392 4166 πάλιν
3423 4116 3455 4166 ὁ
3479 4113 3584 4184 θὴρ
3612 4114 3665 4165 τὸ

2087 4209 2424 4279 κατόρθωμα
2466 4208 2686 4261 δάκνει’
2724 4207 2773 4259 εί
2820 4201 2913 4259 οὖν
2963 4204 3175 4257 συνέσει
3222 4205 3323 4275 τῆς
3366 4205 3663 4274 ἀσφαλείας

2084 4299 2241 4353 τοῦτο
2262 4299 2497 4365 ἐλάσεις,
2519 4298 2615 4352 καὶ
2644 4297 2919 4363 κενόδοξον
2949 4296 3168 4368 πνεῦμα
3192 4299 3250 4350 ἐν
3281 4296 3439 4365 αὐτῷ
3460 4297 3657 4359 ἐλάσεις

2086 4392 2144 4443 ἐν
2178 4390 2357 4461 καιρῷ
2389 4390 2679 4454 συνάξεως.
2725 4389 2891 4442 Ἐπάν
2939 4404 3019 4440 σοι
3048 4389 3111 4441 τὸ
3144 4388 3243 4458 τῆς
3282 4388 3522 4459 ἀκηδίας
3547 4393 3656 4442 ἐπι-

2086 4483 2229 4554 πέσῃ
2258 4482 2496 4553 πνεῦμα,
2527 4482 2602 4544 ὡς
2630 4480 2891 4551 φορτικὴν
2923 4480 3244 4551 ἐπιψηφίζει
3288 4484 3355 4552 τῇ
3391 4483 3541 4553 ψυχῇ
3568 4485 3651 4552 τὴν

2084 4574 2421 4645 ψαλμῳδίαν,
2443 4574 2533 4627 τὸν
2555 4573 2733 4635 ὄκνον,
2758 4574 2832 4637 ὡς
2862 4574 3155 4628 ἀντίπαλον
3176 4578 3243 4645 τῇ
3272 4576 3481 4647 σπουδῇ
3503 4592 3654 4645 παραυ

410 4660 559 4714 cidat
596 4659 843 4729 spiritus,
876 4659 1035 4728 quasi
1066 4674 1355 4714 onerosam
1410 4674 1476 4715 ac
1516 4660 1793 4715 tadiosam
1840 4662 1981 4732 psal-

2093 4665 2294 4731 ϐάλλει,
2335 4666 2422 4719 ἴνα
2462 4664 2678 4735 ψαύσας
2714 4665 2793 4734 τῷ
2835 4665 2989 4735 τάχει
3031 4665 3129 4736 τὴν
3180 4666 3363 4737 σάρκα
3408 4667 3650 4736 ἀνακλίνῃ

414 4766 628 4805 morum
657 4749 1096 4805 decantationem
1130 4750 1329 4805 anima
1358 4750 1700 4820 comprobat,
1734 4760 1789 4807 et
1815 4752 1985 4823 pigri-

412 4846 540 4897 tiam
581 4852 839 4912 tanquam
888 4841 1070 4897 studio
1103 4842 1464 4897 adversariam
1510 4842 1716 4912 objicit,
1762 4852 1819 4897 ut
1844 4844 1983 4899 cele-

411 4940 571 4989 ritate
610 4933 959 5003 perveniens,
1001 4946 1221 4989 carnem
1268 4934 1538 5004 expandat
1578 4933 1875 5000 memoria,
1907 4935 1981 4989 uti

411 5023 619 5077 Scilicet
668 5021 946 5093 fatigatam
995 5038 1062 5077 ex
1107 5022 1285 5091 aliqua
1324 5037 1511 5079 causa.
1556 5015 1785 5089 Quando
1820 5025 1982 5094 igitur

412 5113 602 5182 vigiles
652 5123 811 5168 nocte
848 5114 1045 5180 simus,
1078 5129 1146 5168 ne
1186 5113 1241 5167 in
1282 5113 1497 5184 pigritia
1527 5115 1871 5170 discumbere
1904 5116 1987 5169 fa-

409 5207 621 5260 ciamus
647 5206 1123 5276 congregationem
1147 5218 1380 5271 sacram,
1409 5221 1475 5259 ne
1500 5205 1772 5262 daemones
1795 5206 1991 5262 adven-

412 5310 590 5355 tantes
630 5285 1026 5369 cogitationum
1077 5307 1377 5370 congerant
1426 5299 1659 5363 zizania,
1714 5299 1988 5369 simulque

409 5393 558 5449 cordi
598 5393 1066 5463 supersemineut;
1109 5404 1235 5446 nam
1266 5391 1486 5460 quando
1536 5390 1860 5459 hymnorum
1889 5406 1984 5444 ca-

411 5482 712 5539 nendorum
745 5484 1067 5539 societatem
1101 5483 1425 5547 omittimus,
1456 5493 1588 5536 tunc
1622 5482 1674 5536 in
1706 5482 1863 5537 nobis
1890 5497 1984 5537 co-

408 5575 729 5647 gitationum
781 5590 1176 5646 congregamus
1221 5574 1641 5629 collectionem:
1676 5582 1801 5628 ante
1847 5588 1983 5629 con-

2091 4759 2155 4826 τῇ
2192 4757 2413 4827 μνήμῃ,
2460 4755 2536 4818 ὡς
2582 4754 2920 4807 κοπωθεῖσαν
2976 4754 3134 4824 δῆθεν
3185 4755 3249 4808 ἐκ
3290 4774 3442 4821 τινος
3475 4758 3645 4819 αἰτίας.

2104 4846 2271 4899 Ἐπάν
2304 4844 2397 4899 οὖν
2424 4845 2787 4917 ἐγρηγορότες
2812 4841 2963 4915 ὦμεν
2991 4846 3180 4909 νυκτὸς
3213 4848 3288 4916 μὴ
3324 4847 3431 4919 τὴν
3457 4848 3645 4912 σύναξιν

2089 4941 2155 5009 τῇ
2190 4938 2389 5010 ἀκηδίᾳ
2435 4937 2842 5006 ἀνακλίνωμεν,
2889 4938 2978 4992 ἵνα
3027 4938 3101 5008 μὴ
3156 4941 3206 4991 οί
3256 4939 3519 5010 δαίμονες
3552 4943 3645 4992 ἐτι-

2091 5028 2315 5091 στάντες
2360 5029 2429 5082 τὰ
2479 5027 2695 5091 ζιζάνια
2743 5027 2853 5081 τῶν
2903 5027 3180 5096 λογισμῶν
3229 5029 3531 5095 συνάξωσι,
3572 5028 3645 5082 καὶ

2086 5120 2202 5190 ἅμα
2224 5122 2289 5191 τῇ
2321 5120 2517 5191 καρδίᾳ.
2539 5119 2999 5191 κατασπείρωσιν·
3026 5120 3153 5172 ὃταν
3178 5120 3291 5189 γὰρ
3322 5121 3426 5192 τὴν
3458 5121 3645 5175 σύνοδοι

2083 5212 2192 5265 τῶν
2220 5211 2405 5282 ὓμνων
2445 5211 2820 5283 ἀπολέσωμεν,
2867 5212 2988 5265 τότε
3017 5212 3110 5264 τὸν
3141 5212 3410 5281 σύλλογον
3447 5215 3554 5267 τῶν
3585 5213 3651 5264 λο-

2083 5304 2299 5375 γισμῶν
2321 5304 2723 5375 ἐπισυνάγομεν
2748 5322 2762 5336 ο
2802 5304 2908 5375 πρὸ
2940 5303 3212 5368 συνάξεως
3235 5304 3648 5366 διυπνισθέντες.

2081 5396 2377 5466 λογισμοὺς
2411 5395 2587 5464 φωτὸς
2618 5398 2677 5448 ἐν
2707 5397 2774 5466 τῇ
2818 5396 3015 5467 καρδία
3043 5396 3550 5467 προγυμνάζωμεν,
3578 5399 3645 5448 ἵνα

2081 5485 2531 5555 εὐτρεπισθέντες
2590 5484 2825 5555 ἔχωμεν,
2872 5485 3225 5559 γρηγορούσῃ
3289 5486 3541 5559 διανοίᾳ,
3591 5487 3640 5553 τῇ

2082 5575 2373 5647 ψαλμωδίᾳ
2403 5576 2795 5647 παρίστασθαι.

410 5671 775 5740 gregationem
807 5684 1021 5726 sacram
1061 5683 1093 5724 e
1134 5683 1331 5725 somno
1373 5668 1595 5724 excitati
1634 5668 1773 5723 lucis
1818 5668 2267 5724 ratiocinationes
2308 5670 2460 5738 prius
2501 5670 2555 5722 in
2619 5668 2785 5724 corde
2849 5682 3221 5733 exerceamus,
3261 5677 3321 5723 ut
3389 5667 3633 5724 intellectu

409 5762 655 5831 pervigili
698 5764 832 5819 bene
881 5763 1168 5834 praparati
1214 5763 1484 5833 possimus
1518 5764 1805 5822 concentui
1835 5766 2173 5834 psalmorum
2200 5773 2397 5820 astare.
