3788 6224
180 257 325 321 1105

787 368 1041 422 ΚΕΦΑΛ.
1084 369 1160 424 Θ’.

250 479 338 551 Ill)
366 480 465 551 μὲν
488 480 651 552 ῥοίζῳ
681 483 772 535 τὸν
801 482 1015 553 ψαλμὸν
1041 484 1101 536 ἐν
1134 486 1200 554 τῇ
1229 485 1393 556 νήψει
1421 486 1663 548 λεκτέον,
1686 487 1765 557 τεὴ

170 572 239 626 δὲ
257 572 565 642 ἀδολεσχεῖν
587 575 645 626 ὲν
672 576 739 644 τῇ
773 574 1063 645 ψαλμῳδίᾳ
1085 576 1460 647 δοκιμαστέον·
1493 578 1636 633 κατά
1660 579 1767 651 γὰρ

173 663 281 731 τὴν
317 663 537 735 ἐνεδραν
564 664 659 718 τοῦ
690 666 933 720 ἐναντίου
962 667 1174 739 ἀνάγκη
1201 669 1294 722 καὶ
1314 670 1462 740 ἡμᾶς
1491 688 1766 742 μεταμορο

175 754 439 821 φοῦσθαι,
468 756 604 810 διότι
647 760 778 813 ποτὲ
812 759 911 830 μὲν
943 759 1187 814 ἐλαύνειν
1217 761 1316 831 τὴν
1351 762 1595 830 γλῶτταν
1638 764 1768 817 ὑπο-

172 844 444 910 τίθενται,
479 847 580 916 τῆς
613 848 839 917 ἀκηδίας
870 851 970 921 τὴν
1010 850 1189 924 ψυχὴν
1224 852 1605 924 περιεχούσης,
1637 856 1767 908 ποτὲ

178 936 549 1006 μελῳδεῖσθαι
582 940 679 1003 τὰς
706 941 879 1005 λέξεις
905 942 1226 1011 ἐρεθίζουσι,
1263 945 1356 998 τοῦ
1378 947 1565 1017 νοεροῦ
1588 947 1769 1018 ὄμμα-

175 1042 275 1088 τος
304 1028 558 1098 καθάπερ
588 1030 741 1101 ἰσχὺν
776 1032 872 1101 τὴν
895 1034 1101 1106 τροφὴν
1123 1035 1188 1088 ὲκ
1212 1034 1305 1088 τοῦ
1342 1036 1519 1104 φωτὸς
1553 1036 1769 1108 λαμϐά-

176 1135 389 1182 νοντος.
435 1120 492 1173 Ὀ
522 1120 633 1191 γάρ
677 1126 743 1193 τῇ
775 1125 1009 1196 ὀπτασίᾳ
1039 1126 1156 1179 τῶν
1198 1127 1419 1198 ὑψηλῶν
1466 1130 1773 1183 ἐπεκτεινό-

179 1228 352 1280 μενος
379 1211 834 1286 ὀξυδερκέστερον
866 1216 1020 1287 ὄμμα
1060 1218 1310 1289 λήψεται,
1344 1220 1485 1274 κατά
1532 1220 1594 1275 τὸ
1638 1222 1771 1275 ὑπό-

175 1305 387 1373 δειγμα
428 1305 721 1361 Ἐλισσαιέ.
747 1308 919 1362 Ὅταν
951 1308 1211 1380 λογισμός
1243 1330 1335 1365 σου
1357 1315 1552 1384 ἐπιστῇ
1574 1315 1771 1386 καρδίᾳ

180 1395 471 1464 πολέμιος,
512 1397 587 1467 μὴ
639 1398 773 1452 ἄλλα
821 1401 938 1453 ἀντ’
962 1400 1136 1456 ἄλλων
1178 1402 1244 1456 δι’
1291 1405 1454 1475 εὐχῆς
1500 1405 1769 1478 ἐπιζήτει,

180 1488 332 1541 κατά
362 1488 418 1541 δὲ
441 1489 536 1542 τοῦ
566 1490 826 1562 πολεμίου
856 1493 917 1547 τὸ
946 1494 1098 1564 ξίφος
1132 1496 1240 1551 τῶν
1291 1497 1540 1569 δακρύων
1580 1500 1768 1553 ἀκόνα·

178 1577 336 1631 οὓτω
364 1579 472 1651 γὰρ
502 1582 881 1653 σφοδροτάτως
930 1585 995 1639 ἂν
1043 1589 1110 1657 τῇ
1150 1588 1298 1659 μάχῃ
1347 1589 1770 1662 προσρήξωμεν,

180 1670 384 1725 θᾶττον
411 1674 573 1727 αὑτὸν
606 1676 699 1745 ἀφ’
728 1677 885 1747 ἡμῶν
916 1679 1221 1749 ἀποστῆναι
1256 1683 1575 1754 ποιήσομεν.
1618 1683 1773 1738 Φιλο-

182 1762 348 1815 κάλει
384 1765 482 1818 σὺν
502 1766 578 1836 τῷ
612 1766 758 1838 ἔργῳ
785 1768 893 1822 τῶν
926 1770 1147 1841 χειρῶν,
1181 1773 1277 1826 καὶ
1314 1773 1456 1843 μάλα
1481 1775 1580 1845 τῆς
1610 1774 1776 1846 εὐχῆς

180 1854 290 1927 τὴν
324 1859 543 1929 μνήμην
570 1877 582 1888 ·
618 1860 680 1912 τὸ
716 1861 816 1931 μὲν
844 1862 954 1933 γάρ
983 1863 1044 1916 οὐ
1084 1865 1336 1929 πάντοτε,
1367 1865 1428 1918 τὸ
1460 1868 1516 1919 δὲ
1540 1867 1775 1921 ἀδιάλει-

181 1964 327 2002 πτον
370 1951 483 2021 εχει
538 1954 639 2023 τῆς
670 1953 933 2024 ἐργασίας
970 1957 1059 2009 τὸν
1103 1959 1286 2027 πόρον.
1333 1960 1423 2028 Μὴ
1473 1960 1773 2017 ἀναϐάλλου

178 2039 375 2093 δοῦναι
428 2042 526 2111 τῆς
579 2044 743 2115 εὐχῆς
801 2046 861 2098 τὸ
918 2046 1099 2116 χρέος,
1140 2047 1405 2118 λογισμοῦ
1449 2050 1661 2106 ἀκούων
1688 2051 1776 2105 διὰ

184 2133 496 2204 πρόσϐασιν
530 2135 727 2205 ἔργων,
764 2140 859 2191 καὶ
892 2139 966 2210 μὴ
998 2139 1227 2212 θορυϐοὖ
1266 2143 1322 2195 ἐν
1366 2142 1445 2212 τῷ
1490 2143 1635 2213 ἔργῳ
1682 2162 1778 2199 τα-

185 2226 406 2295 ράττων
430 2226 491 2279 τὸ
521 2227 700 2297 σῶμα,
739 2229 827 2283 ἴνα
869 2230 945 2299 μὴ
978 2230 1321 2305 συνταράξῃς
1359 2233 1454 2287 καὶ
1492 2236 1657 2306 εὐχῆς
1678 2237 1777 2307 τὴν

186 2316 446 2385 καρδίαν.
482 2317 695 2392 ’Ὠσπερ
723 2323 750 2374 ὁ
782 2322 938 2387 ἐκτὸς
972 2322 1129 2394 ήμῶν
1149 2324 1439 2396 ἄνθρωπος
1464 2327 1651 2398 χερσὶν
1679 2328 1775 2400 ἐρ-

185 2408 423 2473 γάζεται
484 2411 619 2481 πρὸς
663 2412 725 2464 τὸ
761 2413 837 2484 μὴ
875 2414 1204 2487 ἐπιϐαρῆσαί
1251 2435 1394 2479 τινα,
1427 2416 1601 2481 οὕτως
1652 2420 1680 2471 ό
1720 2420 1778 2471 ὲν

185 2501 316 2565 ταῖς
357 2506 549 2573 φρεσὶν
590 2503 925 2577 ὲργαζέσθω,
966 2506 1101 2577 πρὸς
1149 2507 1210 2560 τὸ
1263 2508 1342 2579 μὴ
1373 2508 1778 2583 ἐπιϐαρηθῆναι

184 2593 288 2646 τὸν
321 2592 464 2647 νοῦν.
492 2592 624 2646 Τότε
648 2594 756 2666 γὰρ
778 2596 825 2649 οἱ
860 2596 1113 2669 λογισμοὶ
1147 2601 1243 2669 τὴν
1270 2602 1478 2655 οἰκείαν
1508 2604 1775 2673 ἐργασίαν

185 2686 258 2755 τῇ
306 2684 449 2756 ψυχῇ
496 2688 917 2757 προσφέρουσιν,
956 2692 1084 2745 ὅταν
1118 2692 1288 2765 αὐτὴν
1320 2698 1443 2758 ταῖς
1470 2696 1613 2749 κατά
1644 2696 1778 2750 Θεὸν

190 2784 425 2848 ἐννοίαις
457 2784 632 2856 ἀργὴν
665 2786 1065 2843 καταλάϐωσιν.
1102 2790 1377 2862 Ἀροτρία,
1410 2790 1481 2843 τὰ
1505 2792 1603 2863 μὲν
1636 2793 1775 2863 ἔργα

190 2876 307 2930 τῶν
330 2879 525 2949 χειρῶν
548 2880 629 2940 είς
656 2880 716 2933 τὸ
743 2881 1147 2954 φιλάνθρωπον,
1173 2883 1273 2955 τὴν
1300 2884 1357 2936 δὲ
1384 2884 1559 2954 φρένα
1578 2884 1670 2937 τοῦ
1691 2884 1777 2935 λο·

190 2968 445 3036 γιστικοῦ
479 2972 558 3033 εἰς
590 2970 650 3023 τὸ
679 2973 987 3042 φιλόσοφον,
1022 2974 1109 3026 ἵνα
1127 2975 1188 3027 τὸ
1216 2970 1372 3049 μὲνῇ
1402 2974 1566 3040 ξένων
1600 2975 1773 3041 ξενία,

1323 260 1761 327 TRACTATUS
1800 266 1899 327 AD
1938 267 2361 330 EULOGIUM.

3307 259 3440 324 1106

2441 370 2669 429 CAPUT
2703 371 2793 426 lX.

1937 487 2146 542 Alicubt
2177 487 2399 558 quidem
2429 486 2663 542 stridore
2692 486 2937 557 psalmus
2961 487 3014 541 in
3036 488 3215 558 vigilia
3254 487 3442 543 dicen-

1868 581 2004 644 dus;
2044 577 2241 632 alicubi
2286 591 2416 631 vero
2450 576 2581 631 utile
2619 575 2976 643 censendum,
3030 575 3253 631 assidue
3284 573 3443 631 Psal-

1871 685 2080 725 morum
2112 684 2267 725 orare
2283 676 2584 736 concentu;
2609 668 2809 724 etenim
2827 667 3122 723 secundum
3152 667 3443 723 adversarii

1872 763 2119 829 insidias,
2144 776 2429 816 necessum
2451 769 2555 825 est,
2588 769 2645 816 et
2667 776 2768 816 nos
2801 768 3015 817 mutare
3047 758 3254 815 formas
3279 776 3299 815 τ
3319 760 3445 830 quia

1872 866 2263 921 nonnunquam
2286 851 2526 919 linguam
2551 848 2830 919 impellere
2870 855 3170 919 suggerunt
3202 845 3263 917 (ii
3296 846 3445 901 scili—

1871 955 1958 1001 cet
1991 945 2210 1015 psalmi)
2241 943 2456 1014 pigritia
2488 940 2862 997 circumdante
2888 940 3149 1005 animam,
3172 937 3444 993 interdum

1869 1038 2140 1109 proritant
2170 1037 2237 1091 ad
2269 1035 2437 1107 418
2465 1035 2705 1091 suaviter
2755 1033 3120 1089 concinendas
3157 1031 3444 1091 dictiones,

1871 1131 2031 1189 oculo
2069 1126 2421 1184 intellectuali
2468 1125 2634 1181 veluti
2680 1123 2870 1188 robur,
2917 1132 2973 1178 et
3025 1137 3057 1177 e
3103 1122 3309 1176 lumine
3352 1122 3449 1176 ali-

1874 1228 2116 1274 mentum
2156 1216 2477 1285 accipiente.
2514 1213 2649 1268 Nam
2679 1213 2771 1284 qui
2798 1212 3009 1268 visione
3054 1226 3240 1265 rerum
3268 1210 3448 1265 excel-

1874 1327 2061 1367 sarum
2104 1308 2465 1380 protenditur,
2498 1308 2717 1362 oculum
2760 1304 2974 1360 acutius
3003 1302 3443 1374 prospicientem.

1873 1404 1941 1459 ad
1971 1403 2150 1458 Elisaai
2190 1402 2519 1473 exemplum,
2553 1407 2893 1470 assequetur.
2932 1395 3160 1462 Quando
3193 1394 3450 1466 cogitatio

1874 1496 2092 1552 hostilis
2130 1506 2284 1550 tuum
2327 1493 2673 1565 aggrediatur
2712 1505 2828 1557 cor,
2869 1503 2939 1545 ne
2969 1489 3076 1543 alia
3110 1502 3207 1558 pro
3234 1486 3356 1541 aliis
3395 1486 3445 1540 in

1874 1592 2120 1647 oratione
2140 1590 2406 1660 inquiras,
2432 1596 2488 1642 at
2508 1594 2699 1642 contra
2718 1582 3058 1648 bellatorem,
3083 1580 3445 1651 lacrymarntn

1876 1681 2114 1755 gladium
2162 1694 2433 1740 exacuas;
2468 1676 2515 1732 si
2558 1674 2704 1731 enim
2747 1673 2823 1729 ita
2854 1669 3190 1726 validissime
3232 1666 3300 1723 ad
3350 1682 3448 1738 pu—

1878 1790 2039 1846 gnam
2074 1786 2454 1844 erumpamus,
2500 1769 2764 1825 faciemus
2796 1775 2856 1821 ut
2884 1766 2999 1835 ipse
3024 1761 3251 1829 celerius
3286 1775 3318 1814 a
3348 1775 3449 1815 no-

1877 1867 1959 1923 bis
1991 1867 2237 1923 absistat.
2269 1864 2614 1920 Honestatem
2656 1862 2793 1924 cole,
2844 1858 2938 1913 sed
2986 1870 3111 1911 cum
3144 1869 3307 1925 opere
3333 1868 3446 1907 ma-

1878 1976 2045 2015 nuum
2100 1958 2335 2013 maxime
2392 1955 2659 2011 orationis
2711 1950 3067 2017 memoriam;
3118 1946 3249 2009 illud
3304 1944 3448 2003 enirn

1878 2070 1983 2107 non
2017 2068 2251 2122 semper,
2276 2050 2420 2106 istud
2442 2057 2620 2105 autem
2641 2047 2807 2101 habet
2845 2042 3161 2103 indeﬁciens
3187 2038 3453 2108 operatio-

1878 2147 1964 2199 nis
2019 2144 2471 2200 emolumentum.
2519 2141 2597 2196 Ne
2646 2138 2864 2194 differas
2899 2133 3165 2191 orationis
3211 2130 3451 2187 debitum

1878 2238 2109 2303 solvere,
2144 2234 2440 2292 intellectui
2476 2234 2859 2302 obtemperans
2889 2244 2986 2300 per
3006 2239 3235 2297 operum
3267 2237 3458 2283 acces-

1878 2346 2024 2397 sum,
2053 2338 2107 2384 et
2145 2344 2212 2384 ne
2237 2326 2573 2399 perturberis
2601 2325 2654 2379 in
2687 2338 2849 2395 opere
2874 2336 3071 2391 corpus
3098 2317 3474 2375 conturbatis;

1880 2438 1948 2478 ne
1977 2421 2144 2483 simul
2191 2437 2285 2476 cor
2336 2419 2588 2474 deturbes
2642 2416 2925 2472 orationis.
2986 2408 3468 2482 Quemadmodum

1880 2524 2063 2572 noster
2090 2515 2331 2570 exterior
2363 2514 2526 2568 homo
2546 2510 2799 2571 manibus
2818 2515 3073 2579 operatur
3094 2545 3108 2568 ,
3140 2512 3201 2557 ut
3234 2499 3467 2557 minium

1879 2617 2179 2681 praegravet
2209 2607 2467 2676 aliquem,
2502 2606 2577 2659 ita
2609 2601 2808 2657 mentis
2854 2599 3081 2655 interior
3107 2600 3461 2666 operetur,ut

1880 2700 2214 2755 intellectum
2249 2711 2355 2749 non
2407 2704 2703 2765 aggravet;
2748 2699 2878 2746 tunc
2918 2689 3061 2749 enim
3101 2683 3455 2756 cogitationes

1878 2789 2161 2862 propriam
2220 2786 2596 2857 operationem
2660 2783 2857 2841 animae
2914 2779 3185 2842 offerunt,
3239 2775 3456 2848 quando

1882 2885 2056 2959 ipsam
2091 2877 2573 2942 intellecnonibus,
2598 2891 2721 2946 quae
2760 2872 3060 2933 secundum
3100 2869 3270 2929 Deum
3307 2879 3454 2933 sunt.

1879 2975 2113 3028 otiosam
2160 2968 2691 3041 comprehenderint.
2729 2965 2839 3020 Ara
2886 2978 3050 3039 opera
3094 2960 3312 3033 quidem
3339 2972 3458 3015 mtt-

186 3061 291 3115 καὶ
318 3061 577 3131 ὀκνηρίας
598 3063 947 3134 ἐμπρησμὸς,
981 3066 1041 3119 τὸ
1072 3067 1147 3133 δὲ,
1174 3066 1406 3137 θεωρίας
1441 3068 1768 3137 στρατηγὸς,

1893 3067 2054 3122 tualia
2104 3065 2170 3119 ad
2222 3060 2578 3118 humanitatis
2626 3057 2903 3120 studium,
2944 3061 3178 3111 mentem
3220 3064 3349 3113 vero
3369 3064 3459 3101 ra-

191 3151 291 3207 διαὶ
324 3152 597 3225 λογισμῶν
627 3155 1005 3227 ἀποϐρασμόςο
1036 3158 1143 3213 τῶν
1189 3158 1465 3229 λογισμῶν
1503 3162 1621 3222 ταῖς
1654 3160 1778 3230 ἡδο-

190 3247 318 3309 ναῖς
353 3247 491 3316 μετά
524 3246 757 3318 θάρσους
783 3250 1193 3321 ὲπιπλήξωμεν,
1226 3250 1446 3307 ἃπασαν
1475 3253 1553 3316 είς
1580 3253 1778 3316 αὐτοὺς

186 3337 294 3407 τὴν
317 3337 487 3410 ὀργὴν
515 3341 959 3411 περιτρέποντες,
988 3343 1075 3396 ἵνα
1110 3344 1208 3415 μὴ,
1238 3344 1398 3415 ἡδονῇ
1431 3345 1498 3399 τά
1523 3344 1652 3415 παρ’
1683 3344 1780 3397 αὑ-

184 3429 304 3482 τῶν
333 3430 634 3501 δεχόμενοι,
668 3435 834 3505 πρᾶοι
858 3434 996 3505 πρὸς
1024 3436 1224 3499 αὐτοὺς
1266 3437 1644 3508 ἀντιστρόφως
1684 3453 1779 3501 γε-

188 3519 438 3591 νώμεθα.

1886 3158 2102 3219 tionalis
2129 3153 2400 3210 facultatis
2432 3153 2498 3207 ad
2539 3150 2819 3222 sapientiae
2850 3144 3179 3211 desiderium
3211 3161 3223 3197 :
3255 3150 3313 3196 ut
3345 3140 3460 3209 pri-

1886 3262 2036 3307 mum
2087 3244 2304 3316 quidem
2347 3242 2759 3319 peregrinorum
2811 3238 2883 3293 sit
2928 3236 3264 3306 hospitium.
3305 3231 3459 3303 lgna.—

1885 3340 2095 3408 viaeque
2117 3352 2212 3393 seu
2241 3334 2471 3406 pigritiae
2500 3333 2739 3398 exustio,
2772 3329 2919 3389 istud
2958 3342 3088 3385 vero
3121 3323 3461 3393 contempla-

1887 3432 2055 3488 tionis
2080 3430 2210 3494 dux,
2238 3438 2293 3483 et
2323 3425 2571 3483 ebullitio
2598 3422 2988 3495 cogitationum
3018 3439 3033 3488 ;
3065 3416 3459 3476 consideratiu-

1887 3540 2020 3580 num
2063 3522 2367 3591 voluptates
2420 3517 2677 3574 audacter
2734 3516 3102 3586 increpemus,
3142 3525 3359 3573 omnem
3406 3506 3459 3560 in

190 3629 290 3669 eas
323 3614 661 3669 iracundiam
689 3625 1089 3683 convertentes,
1119 3634 1188 3675 ne
1222 3619 1516 3690 voluptate,
1549 3638 1612 3676 ea
1660 3635 1781 3691 qua:
1818 3617 1885 3671 ab
1948 3612 2083 3685 ipsis
2122 3610 2472 3683 proveniunt.
2515 3606 2869 3677 θκοίρίθηῑεεν
2938 3602 3099 3661 miles
3137 3616 3266 3671 erga
3313 3601 3475 3671 ipsaS

190 3707 475 3762 contrario
506 3707 668 3763 modo
704 3708 1026 3764 evadamus.

805 3804 1059 3860 ΚΕΦΑΛ.
1093 3808 1151 3859 l'.

277 3890 563 3962 Ἑτοίμαζε
585 3896 811 3947 σεαυτὸν
846 3898 1020 3968 πρᾶον
1055 3892 1213 3964 εἶναι,
1270 3900 1364 3952 καὶ
1413 3900 1687 3970 μαχητὴν,
1717 3899 1779 3953 τὸ

193 3985 302 4053 μὲν
330 3984 408 4055 τῷ
437 3986 714 4057 ὁμοφύλῳ,
746 3987 807 4041 τὸ
836 3989 893 4041 δὲ
913 3988 992 4060 τῷ
1021 3990 1286 4062 πολέμίῳσ
1325 3993 1383 4045 ὲν
1406 3992 1583 4063 τούτῳ
1606 3992 1715 4063 γάρ
1743 3994 1776 4062 ὴ

189 4081 396 4152 χρῆσις
421 4082 513 4135 τοῦ
537 4082 732 4153 θυμοῦ,
759 4084 818 4136 ὲν
840 4084 917 4154 τῷ
949 4086 1094 4139 κατὰ
1120 4086 1220 4157 τὴν
1253 4087 1454 4159 ἔχθραν
1485 4086 1783 4159 ἀντιμάχε-

192 4174 325 4228 σθαι
348 4174 426 4246 τῷ
448 4175 588 4241 ὄφει·
610 4176 669 4230 ὲν
693 4176 750 4230 δὲ
782 4176 958 4248 τούτῳ
985 4178 1079 4231 κα)⁸
1104 4179 1199 4232 τοῦ
1224 4179 1400 4250 πράου
1430 4180 1491 4234 τὸ
1513 4181 1774 4244 ἐπιεικὲς,

190 4269 255 4321 ὲν
311 4266 389 4336 τῷ
444 4267 584 4322 κατά
641 4268 743 4339 τὴν
797 4269 1019 4340 ἀγάπην
1082 4271 1457 4342 μακροθυμεῖν
1510 4272 1588 4343 τῷ
1626 4252 1780 4327 ἀδελ-

192 4357 307 4427 φῷ,
336 4358 428 4412 καὶ
460 4361 719 4430 πολεμεῖν
755 4363 832 4434 τῷ
871 4364 1140 4436 λογισμῷ.
1180 4366 1238 4419 Ὁ
1285 4370 1459 4438 πρᾶος
1501 4363 1593 4421 οὖν
1641 4367 1780 4421 ἔστω

194 4452 450 4523 μαχητὴς
489 4453 875 4529 διαιρουμένης
906 4457 1010 4527 τῆς
1049 4459 1355 4530 πραότητος
1396 4461 1463 4513 ὲκ
1494 4459 1602 4514 τῶν
1629 4460 1779 4514 δολο-

2415 3793 2582 3867 419
2602 3789 2834 3851 CAPUT
2865 3789 2930 3851 χ.

1952 3902 2089 3956 Para
2120 3898 2378 3968 teipsum,
2432 3902 2493 3950 ut
2531 3900 2852 3950 mansuetus
2899 3890 3008 3955 sis,
3055 3886 3331 3958 simulque
3361 3903 3462 3959 pu-

1879 4002 2074 4063 gnator
2098 4004 2113 4043 :
2137 3990 2265 4044 hinc
2300 3986 2517 4058 quidem
2554 3982 2873 4048 contribuli;
2898 3981 3026 4043 inde
3051 3993 3181 4036 vero
3200 3978 3339 4045 hosti
3367 3996 3381 4034 :
3408 3979 3458 4033 in

1879 4082 1985 4136 hoc
2004 4078 2150 4139 enim
2177 4092 2311 4133 usus
2334 4074 2503 4135 animi
2524 4082 2604 4129 est
2630 4070 2910 4137 concitati,
2935 4069 3192 4135 nimirum
3213 4070 3267 4127 in
3290 4084 3461 4141 oppu-

1883 4172 2101 4246 gnando
2136 4177 2441 4241 serpentem
2470 4165 2780 4231 homiliter;
2812 4163 2866 4219 in
2891 4179 2958 4218 eo
2997 4176 3127 4221 vero
3183 4161 3379 4219 lenitas
3411 4172 3465 4215 ct

1886 4264 2154 4322 modestia
2188 4260 2460 4319 mansueti
2494 4257 2762 4320 consistit,
2783 4271 2979 4329 nempe
3000 4256 3053 4311 in
3082 4254 3466 4325 longanimiter

1886 4357 2175 4414 tolerando
2220 4354 2441 4409 fratrem
2475 4350 2813 4417 charitative,
2852 4358 2908 4405 et
2939 4350 2993 4404 in
3026 4348 3341 4407 debellanda
3373 4364 3465 4415 co-

1888 4447 2165 4520 gitatione.
2210 4445 2527 4499 Mansuetus
2552 4455 2686 4511 ergo
2716 4439 2795 4499 sis
2820 4447 3112 4511 pugnator,
3143 4445 3462 4494 mansuetu-

190 4547 412 4617 φρόνων
443 4525 737 4620 λογισμῶν,
774 4525 1028 4624 καθάπερ
1073 4525 1166 4608 καὶ
1198 4525 1301 4623 της
1346 4555 1526 4626 μάχης
1575 4556 1640 4609 ὲκ
1671 4555 1772 4609 τῶν

1893 4545 2016 4599 dine
2044 4541 2221 4597 divisa
2258 4556 2289 4595 e
2341 4536 2768 4610 COgitationibus
2795 4534 2987 4589 dolosa
3019 4540 3199 4588 mente
3249 4530 3465 4601 pervol-

187 4640 301 4709 τῆς
331 4641 545 4710 φύσεως
590 4644 891 4713 ὁμογενῶνο
930 4646 1007 4715 μὴ
1056 4648 1424 4720 ἀντιστρέψῃς
1478 4647 1572 4701 τοῦ
1609 4647 1783 4719 θυμοῦ

188 4732 303 4803 οξὴν
323 4733 515 4804 χρῆσιν
539 4737 619 4798 είς
650 4734 750 4806 τὴν
776 4735 930 4808 παρά
960 4736 1141 4806 φύσιν,
1166 4738 1305 4792 ὥστε
1338 4738 1645 4810 θυμοῦσθαι
1685 4740 1786 4810 μὲν

187 4824 278 4896 τῷ
298 4825 529 4897 ἀδελφῷ,
558 4830 701 4883 κατά
723 4830 822 4901 τὴν
843 4831 1107 4901 ὁμοίωσιν
1134 4829 1232 4884 τοῦ
1254 4830 1453 4899 ὄφεως,
1478 4830 1785 4899 φιλιοῦσθαι

186 4916 256 4969 δὲ
289 4915 365 4985 τῷ
396 4917 517 4983 ὄφει
560 4918 705 4973 κατὰ
760 4921 860 4991 τὴν
903 4922 1307 4989 συγκατάθεσιν
1348 4922 1455 4974 τῶν
1487 4920 1783 4992 λογισμῶν.

203 5010 271 5063 '0
304 5009 501 5079 πραῢς,
537 5012 639 5066 κᾶν
667 5014 854 5085 πάσχῃ
885 5014 952 5068 τά
980 5014 1149 5083 δεινὰ,
1176 5016 1275 5086 τῆς
1305 5015 1527 5084 ἀγάπης
1564 5015 1663 5067 οὐκ
1697 5014 1785 5078 ἐξ.

193 5106 439 5156 ἔσταται*
470 5105 678 5159 εἵνεκεν
707 5106 817 5178 γὰρ
841 5106 1045 5177 ταύτης
1074 5107 1421 5178 μακροθυμεῖ
1453 5108 1549 5159 καὶ
1580 5106 1782 5175 στέγει,

189 5194 559 5265 χρηστεύεται
583 5198 676 5250 καὶ
699 5198 979 5267 ὑπομένει.
1018 5199 1081 5252 El
1103 5198 1212 5269 γὰρ
1238 5199 1336 5270 τῆς
1356 5197 1576 5267 ἀγάπης
1598 5196 1661 5249 τδ
1684 5215 1785 5267 μα’

191 5290 518 5359 κροθυμεῖν,
540 5294 598 5345 ού
625 5294 725 5362 τῆς
753 5294 976 5366 ἀγάπης
1001 5294 1061 5349 τὸ
1084 5294 1445 5365 θυμομαχεῖν*
1485 5293 1656 5364 θυμὸς
1676 5293 1783 5363 γὰρ

188 5381 377 5449 λύπην
402 5382 679 5454 διεγείρει,
712 5384 805 5438 καὶ
840 5386 1024 5455 μῆνιν,
1055 5384 1243 5454 ἀγάπη
1272 5382 1330 5436 δὲ
1359 5383 1430 5438 τά
1455 5383 1581 5455 τρία
1613 5386 1777 5453 μειοῖ.

192 5471 264 5524 ἰεΣί
318 5474 521 5541 παγίσιν
577 5474 720 5543 ἔχεις
775 5476 833 5527 ὲν
879 5478 944 5547 τῇ
993 5476 1182 5547 ἀγάπῃ
1218 5475 1317 5544 τὴν
1358 5473 1535 5544 βάσιν,
1581 5473 1782 5542 μᾶλλον

194 5564 438 5635 πρόσεχε
476 5566 670 5638 ταύτῃ,
719 5569 862 5639 ἥπερ
909 5568 987 5639 τῷ
1034 5567 1280 5623 πταίοντί
1332 5582 1425 5620 σε’
1470 5566 1643 5637 φόϐῳ,
1690 5566 1783 5619 καὶ

196 5658 391 5727 ἀγάπῃ
418 5658 633 5711 δούλευε
668 5660 743 5725 τῶ
768 5658 886 5712 Θεῶ
912 5660 972 5714 τὸ
1013 5659 1110 5725 μὲν
1142 5660 1216 5725 ὡς
1244 5658 1489 5724 Δεσπότη
1517 5659 1610 5712 καὶ
1657 5675 1780 5712 κοι-

1883 4636 2158 4697 vcntibus,
2194 4643 2253 4689 ut
2279 4633 2442 4687 etiam
2477 4629 2650 4686 divisa
2677 4644 2858 4700 pugna
2886 4627 2955 4683 ab
3000 4627 3107 4689 his,
3135 4624 3227 4695 qui
3269 4631 3485 4678 natura~

1883 4738 2016 4785 sunt
2073 4726 2487 4797 conjunctizne
2531 4722 2786 4779 obvertas
2838 4735 2997 4776 nsum
3048 4717 3343 4773 iracundia:
3397 4720 3503 4769 ad'
3580 4716 3585 4725 ‘

1882 4836 2013 4876 eum
2046 4821 2140 4891 qui
2174 4828 2370 4889 praeter
2398 4826 2652 4872 naturam
2699 4821 2824 4879 est;
2856 4812 2932 4868 ita
2966 4821 3026 4867 ut
3054 4810 3310 4865 irascaris
3342 4810 3466 4879 qui-

1886 4918 2007 4973 dem
2066 4918 2331 4972 adversus
2384 4913 2609 4968 fratrem
2661 4909 2964 4968 secundum
3014 4904 3489 4964 assimilationenr.

1880 5011 2173 5080 serpentis,
2214 5009 2367 5063 ineas
2398 5020 2529 5062 vero
2557 5020 2680 5061 cum
2717 5010 2967 5072 serpente
2990 4998 3285 5054 amicitiam
3312 4998 3477 5068 juxta-

1882 5102 2273 5174 cogitationum
2310 5113 2617 5154 assensum.
2662 5095 3000 5158 Mansuetus,
3034 5093 3149 5149 etsi
3167 5090 3354 5163 gravia
3382 5108 3483 5161 pa--

1884 5196 2069 5261 tiatur,
2116 5210 2146 5248 a
2194 5193 2459 5249 charitate
2503 5206 2612 5245 non
2661 5188 2897 5256 excedit,
2933 5186 3080 5242 illius
3117 5185 3264 5240 enim
3297 5199 3487 5240 causav

1882 5287 2262 5358 longanimiter
2275 5285 2559 5350 tolerat,~et
2583 5281 2832 5345 sustinet,
2855 5289 2910 5334 et
2924 5279 3218 5334 clementer
3233 5292 3292 5358 se
3306 5276 3438 5346 gerit
3452 5320 3482 5335 ..

1886 5389 1943 5435 et
1970 5353 2200 5434 suffert:
2233 5376 2280 5432 si
2320 5389 2555 5445 namque
2600 5371 2885 5429 charitatis
2922 5378 3009 5425 est
3036 5353 3317 5440 proprium
3345 5382 3467 5424 ess:-

1888 5473 2279 5543 longanimcm,
2306 5484 2413 5523 non
2448 5475 2532 5522 est
2558 5463 2841 5522 charitatis
2868 5463 3053 5518 animo
3078 5470 3355 5518 commoto
3379 5476 3481 5531 pne

1891 5583 2103 5637 gnarc.:
2134 5567 2213 5620 ira
2264 5566 2462 5634 quippe
2514 5562 2742 5618 suscitat
2798 5572 3088 5614 mmrorem
3139 5566 3195 5614 et
3241 5556 3482 5620 odium-r

1892 5656 2133 5712 charitas
2174 5662 2353 5709 autem
2392 5654 2506 5708 Innc
2554 5651 2655 5706 tria
2711 5648 2926 5705 minuit.
2961 5647 3016 5703 Si
3051 5649 3267 5703 firmum
3301 5645 3467 5703 habes
