3788 6224
312 261 446 326 1107

1806 282 1868 343 S.
1913 281 2076 341 N11,!

3427 280 3574 347 1108

309 370 360 425 in
388 375 654 434 charitate
691 398 962 453 gressum,
1017 388 1191 458 magis
1221 389 1296 444 illi
1334 392 1569 455 attende,
1619 408 1781 462 quam
1832 406 1883 447 te

2049 437 2074 461 _.
2098 395 2158 447 τὸ
2178 395 2234 448 δέ
2261 396 2335 458 ὡς
2361 395 2747 466 φιλανθρώπῳ,
2786 396 2877 449 καὶ
2910 398 3119 467 τροφεῖ·
3153 397 3180 447 ό
3213 397 3309 464 τῆς
3340 395 3575 462 ἀγάπης

307 469 599 529 ol'l‘endenti
633 496 645 530 :
682 479 878 535 timore
921 492 975 537 et
995 484 1262 540 cbaritate
1292 484 1558 542 famulare
1589 487 1699 542 Deo
1724 507 1737 555 ;
1766 490 1880 559 pri-

310 577 456 617 mum
481 566 725 635 quidem,
768 571 844 626 uti
887 572 1117 629 Domino
1185 586 1237 631 et
1268 577 1461 646 judici,
1491 580 1720 634 alterum
1755 596 1884 635 vero

310 655 385 707 uti
418 656 655 730 benigno
684 679 811 733 erga
851 665 1122 733 homines,
1153 679 1205 723 et
1238 672 1396 725 altori
1432 689 1444 726 :
1474 674 1566 742 qui
1598 674 1884 729 eharitatis

311 746 538 843 virtutes
581 755 895 824 acquisivit,
933 775 1131 829 pravas
1173 761 1225 815 in
1277 764 1645 833 captivitatem
1686 767 1883 837 redigit

309 847 623 904 passuones;
657 851 709 895 et
749 845 897 913 quia
932 854 1120 902 sancta
1153 848 1415 905 Trinitate
1456 853 1556 907 tria
1603 854 1705 909 ista
1750 857 1886 910 obti-

309 929 419 1016 net,
471 923 652 992 tidem,
685 944 834 999 spem
892 943 946 988 et
983 935 1337 1003 cbaritatem,
1374 943 1478 997 erit
1508 944 1638 998 urbs
1688 946 1883 1016 triplici

308 1012 642 1073 circumdata
669 1038 844 1091 muro,
872 1034 926 1081 et
958 1028 1271 1094 virtutibus,
1308 1033 1382 1086 uti
1418 1037 1662 1092 turribus
1699 1012 1883 1093 muni-

311 1110 383 1195 ta.
428 1105 545 1195 Non
576 1112 753 1167 solum
790 1115 844 1169 in
881 1133 966 1183 eo,
997 1120 1143 1188 quod
1172 1136 1280 1177 non
1313 1126 1549 1195 accipias
1585 1128 1654 1182 ab
1682 1129 1874 1195 altero,

308 1190 570 1252 cltaritate
620 1203 877 1269 praeditus
922 1190 1449 1280 dctuonstraberis;
1473 1231 1659 1271 verum
1714 1228 1769 1273 et
1826 1190 1881 1273 in

308 1281 487 1376 dando
515 1291 736 1357 profuse
764 1298 1103 1354 renuntiatur
1134 1304 1323 1358 mundi
1354 1305 1691 1376 dignosceris
1717 1327 1730 1362 :
1755 1309 1885 1368 dum

306 1374 472 1446 420
510 1384 791 1439 materiam
848 1390 1114 1458 praebeas,
1159 1374 1431 1451 contende
1457 1413 1587 1467 pura
1615 1401 1885 1471 projicere

1983 487 2186 554 ἀρετὰς
2208 486 2570 557 κτησάμενος,
2604 488 2670 540 τά
2702 486 2848 557 πάθη
2879 486 2987 539 τῶν
3024 486 3241 556 φαύλων
3279 486 3571 555 αἰχμαλωο

1983 579 2142 643 τίζει,
2170 578 2262 632 καὶ
2294 580 2322 630 6
2359 579 2509 649 παρά
2540 580 2636 648 τῆς
2667 578 2826 646 ἁγίας
2857 577 3089 647 Τριάδος
3119 576 3255 646 ἔχων
3289 576 3471 630 ταῦτα
3503 580 3578 629 τά

1984 669 2133 739 τρία,
2166 668 2368 731 πίστιν,
2396 668 2605 732 ἐλπίδα,
2648 669 2894 738 ἀγάπην,
2926 667 3192 737 τρίτειχος
3228 668 3381 719 ἔσται
3406 665 3578 727 πόλις

1984 761 2104 823 ταῖς
2139 760 2362 830 ἀρεταῖς
2390 759 2768 829 πυργωθεῖσα.
2796 760 2909 811 Οὑκ
2948 760 3006 810 ὲν
3041 758 3119 827 τῷ
3158 758 3233 828 μὴ
3262 757 3579 825 λαμϐάνειν

1989 849 2148 919 μόνον
2184 851 2313 919 παρ’
2352 850 2539 920 ἐτέρου
2568 849 2912 919 ἀγαπητικδς
2940 848 3326 919 ἀναδειχθήσῃ,
3356 846 3482 898 ἀλλ’
3513 847 3577 897 ἐν

1985 940 2064 1011 τῷ
2094 941 2291 995 διδόναι
2315 941 2553 1009 ἀφειδῶς
2578 943 2944 1005 ἀπυτακτικὸς
2974 940 3381 1013 ἐπιγνωσθήσῃ,
3404 942 3469 991 ἐν
3495 938 3580 1009 τῷ

1984 1032 2188 1086 διδόναι
2220 1049 2279 1086 σε
2314 1034 2415 1104 τὴν
2452 1033 2585 1105 ὕλην
2622 1034 2893 1104 ἀγωνίζου
2924 1035 2994 1089 τά
3024 1034 3317 1105 σπέρματα
3347 1033 3584 1102 καθαρὰ.

1991 1124 2229 1195 βάλλειν,
2253 1126 2353 1180 ’ἵνα
2391 1129 2466 1199 μὴ
2496 1128 2617 1181 ἀντὶ⁸
2651 1127 2847 1199 πυροῦ,
2882 1128 3072 1200 ἐξέλθῃ
3111 1145 3193 1181 σοι
3224 1127 3395 1198 κνίδη.
3423 1126 3580 1179 Θεοῦ

1992 1221 2049 1272 ἐν
2079 1214 2160 1283 οἷς
2194 1221 2454 1291 παρέχεις
2488 1222 2814 1292 μνημόνευε,
2837 1224 2930 1276 καὶ
2952 1223 3129 1283 δότου.
3159 1224 3251 1275 καὶ
3276 1222 3585 1293 λήπτορος,

1994 1312 2144 1375 ὅπως
2185 1328 2267 1364 σοι
2305 1312 2422 1378 μετ’
2451 1311 2747 1381 ἐγκωμίων
2776 1312 3055 1384 λογίσηται
3088 1312 3218 1377 τοὺς
3237 1313 3335 1383 τῆς
3360 1313 3588 1365 ἀποτά-

1990 1404 2128 1470 ξεως
2159 1403 2404 1474 μισθούς.

309 1470 535 1535 sentina,
588 1491 655 1530 ne
689 1478 784 1533 tibi
826 1496 923 1551 pro
956 1483 1233 1543 frumento
1276 1503 1534 1562 exsurgat
1584 1496 1778 1550 urtica.
1828 1496 1882 1551 In
1916 1498 2002 1554 bis
2039 1515 2162 1570 quae
2226 1500 2457 1569 praebes,
2516 1514 2725 1555 memor
2752 1510 2872 1555 esto
2909 1499 3020 1563 Dei,
3057 1502 3151 1571 qui
3182 1501 3339 1555 dator
3367 1508 3492 1561 est,
3526 1503 3589 1550 et

307 1571 578 1632 acceptor,
612 1578 671 1623 ut
698 1572 792 1626 tibi
826 1579 1248 1637 renuntiationis
1270 1584 1755 1645 mundimereedes
1813 1591 2044 1662 imputet
2107 1608 2232 1647 cum
2295 1591 2567 1647 laudibus.

897 1689 1128 1748 CAPUT
1170 1693 1263 1748 XI.

376 1787 478 1854 Qui
511 1791 643 1846 nihil
681 1798 940 1867 possidet,
980 1819 1111 1857 cura
1135 1821 1361 1861 vacuam
1390 1810 1513 1864 vitae
1542 1813 1769 1883 percipit
1799 1831 1889 1869 vo-

310 1879 569 1950 luptatem
596 1903 611 1952 ;
637 1897 693 1942 at
724 1892 817 1959 qui
861 1896 1240 1963 possessiones
1285 1879 1887 1966 adamatasollieitudi-

310 1990 429 2029 nem
476 1977 640 2033 habet
689 1985 991 2041 cruciatum
1028 1989 1344 2047 divitiarum
1387 1998 1668 2052 assiduum
1705 2019 1719 2054 :
1756 2008 1889 2056 tunc

306 2080 509 2161 coetum
540 2075 928 2144 cogitationum
961 2085 1235 2152 captivum
1279 2088 1485 2160 abiges,
1523 2095 1744 2161 quando
1790 2111 1889 2149 cu-

307 2159 383 2214 ris
407 2165 803 2222 mundanarutn
853 2174 1097 2228 sordium
1148 2159 1386 2233 minime
1420 2159 1719 2250 praebueris
1757 2201 1884 2253 cor;

309 2260 549 2324 tuncque
600 2274 815 2314 crucem
866 2265 985 2319 sine
1041 2268 1148 2321 ulla
1198 2272 1445 2339 portabis
1493 2275 1885 2344 distractiOne,

307 2348 527 2439 quando
561 2352 869 2419 possidendi
902 2362 1175 2416 recusaris
1216 2365 1602 2435 cupiditatem;
1635 2370 1886 2439 quinimo

310 2438 711 2497 mundanarum
745 2449 987 2503 sordium
1025 2454 1281 2523 cogitatio
1309 2438 1887 2518 senectutemitibiva-

308 2528 584 2597 ticinatur,
622 2552 685 2589 ac
727 2540 974 2607 morbos,
1020 2545 1093 2598 ita
1136 2556 1192 2600 ut
1227 2557 1374 2603 tuam
1418 2551 1471 2605 in
1523 2552 1690 2608 Deum
1734 2571 1885 2625 spem

307 2637 430 2674 cum
487 2626 685 2693 opibus
718 2632 999 2697 partiatur.
1038 2635 1140 2701 Qui
1195 2641 1380 2694 mundi
1430 2646 1887 2702 renuntiationem

303 2730 561 2773 exercere
589 2719 691 2775 sibi
722 2725 1022 2794 proposuit,
1056 2729 1162 2783 ﬁde
1187 2740 1441 2802 tanquam
1467 2753 1624 2792 muro
1651 2740 1889 2794 circum-

304 2804 565 2872 valletur,
596 2818 650 2863 et
671 2811 937 2867 charitate
958 2818 1369 2885 corroboretur,
1399 2833 1453 2878 et
1474 2841 1568 2892 Spe
1595 2828 1888 2884 conlirme-

306 2904 434 2953 tur:
470 2908 556 2955 est
587 2918 826 2973 namque
868 2906 1023 2971 ﬁdes,
1058 2926 1165 2964 non
1201 2913 1429 2977 relietio,
1464 2918 1557 2971 sed
1598 2920 1884 2976 meliorum

2584 1703 2836 1759 ΚΕΦΑΛ.
2871 1707 2975 1762 1Α¹.

2074 1818 2131 1871 Ὀ
2159 1818 2423 1889 ἀκτήμων
2448 1818 2754 1889 ἀμέριμνον
2786 1819 2899 1889 ἔχει
2928 1817 3023 1871 τοῦ
3052 1817 3168 1889 βίου
3216 1816 3316 1888 τὴν
3348 1816 3586 1888 ἡδονὴν,

1987 1909 2017 1961 6
2067 1910 2125 1962 δέ
2175 1909 2529 1979 φιλοκτήμων
2585 1911 2858 1982 μέριμναν
2910 1911 3023 1981 ἔχει
3074 1910 3175 1979 τὴν
3224 1909 3413 1978 ὀδύνην
3480 1909 3589 1962 τοῦ

1988 2002 2219 2057 πλούτου
2247 2003 2337 2057 διά
2365 2005 2584 2067 παντός’
2622 2004 2744 2057 τότε
2776 2004 2947 2075 δῆμον
2972 2003 3248 2073 λογισμῶν
3288 2003 3595 2072 αἰχμάλω-

1987 2114 2081 2149 τον
2112 2096 2344 2161 ἐλάσεις,
2382 2098 2513 2151 ὅταν
2545 2100 2665 2160 ταῖς
2703 2098 2953 2168 φροντίσι
2987 2096 3097 2148 τῶν
3128 2095 3271 2149 ὑλῶν
3302 2096 3402 2164 τὴν
3435 2112 3595 2163 καρο

1986 2186 2104 2240 δίαν
2134 2187 2208 2257 μὴ
2229 2188 2357 2256 δῷςο
2377 2189 2498 2241 τότε
2526 2190 2619 2242 καὶ
2647 2188 2737 2241 τὸν
2766 2186 2998 2258 σταυρὸν
3022 2187 3446 2256 ἀπερισπάστως
3479 2186 3595 2254 βα-

1990 2278 2233 2343 στάσεις,
2261 2280 2391 2332 ὅταν
2439 2278 2533 2333 τοῦ
2589 2280 2822 2334 κτᾶσθαι
2869 2280 2967 2350 τὴν
2998 2279 3296 2348 ἐπιθυμίαν
3327 2279 3593 2351 ἀρνήσῃ,

1987 2372 2103 2425 ἀλλ’
2129 2374 2157 2424 6
2178 2373 2277 2441 τῆς
2314 2371 2446 2443 ὕλης
2471 2372 2731 2443 λογισμὸς
2761 2374 2938 2443 γῆράς
2970 2390 3053 2425 σοι
3090 2370 3432 2442 μαντεύεται·
3478 2369 3598 2424 καὶ

1987 2466 2195 2527 νόσους,
2220 2465 2304 2517 ἵνα
2328 2482 2422 2517 σου
2450 2464 2550 2535 τὴν
2583 2466 2663 2527 εἰς
2693 2465 2826 2518 Θεὸν
2846 2464 3035 2516 ἐλπίδα
3058 2466 3170 2525 τοῖς
3191 2463 3433 2532 χρήμασι
3476 2478 3596 2531 με-

1992 2556 2138 2627 ρίσῃ.
2179 2556 2237 2608 Ὀ
2264 2556 2362 2621 τὴν
2408 2557 2689 2627 ἀποταγὴν
2719 2557 2908 2608 ἀσκεῖν
2948 2554 3353 2626 προῃρημένος,
3383 2554 3595 2607 πίστει

1988 2647 2331 2717 τειχιζέσθω,
2356 2648 2451 2699 καὶ
2472 2647 2660 2718 ἀγάπῃ
2698 2645 3100 2718 κραταιούσθω,
3138 2645 3235 2697 καὶ
3268 2644 3445 2696 ἐλπίδι
3487 2644 3597 2707 βε-

1990 2740 2284 2795 ϐαιοῦσθω.
2316 2740 2470 2792 Ἔστι
2517 2739 2628 2808 γὰρ
2681 2740 2714 2808 ή
2765 2739 2970 2800 πίστις,
3012 2737 3114 2789 οὐκ
3156 2735 3592 2804 ἐγκατάλειψις,

1990 2826 2127 2879 ἀλλά
2160 2826 2267 2879 τῶν
2307 2824 2633 2895 κρειττόνων
2677 2823 2976 2886 ὑπόστασις
3015 2824 3074 2874 ἐν
3111 2821 3285 2874 ἐλπίδι
3313 2822 3597 2889 τῆςὺπο-

1994 2919 2183 2987 μονῆς,
2216 2917 2311 2968 καὶ
2332 2918 2398 2985 τῇ
2432 2914 2625 2988 ἀγάπῃ
2651 2915 2750 2983 τῆς
2771 2915 2937 2982 ζωῆς.
2979 2913 3149 2966 Ὅταν
3180 2911 3424 2982 ἀποτάξῃ
3451 2914 3595 2976 ταῖς

307 3004 487 3044 rerum
517 2993 874 3051 subsistentia
918 2997 971 3051 in
1024 3014 1121 3069 spe
1158 3004 1452 3071 patientiae,
1506 3017 1559 3061 et
1593 3010 1714 3063 vitae
1753 3010 1886 3066 cha-

2049 3008 2192 3069 ,mOsv
2233 3007 2385 3070 ὑλαις
2408 3008 2669 3070 ἀπάσαις,
2705 3008 2937 3076 πρόσεχε
2970 3008 3094 3068 τοὺς
3137 3002 3396 3073 ζοφεροὺς
3428 3003 3599 3072 λογι-

308 3082 489 3138 ritate.
516 3083 746 3150 Quando
774 3092 1029 3147 erunibus
1057 3096 1299 3150 externis
1331 3101 1665 3156 renuntiaris
1706 3103 1882 3157 sordi-

307 3171 432 3240 bus,
466 3177 684 3231 attende
707 3194 736 3232 a
777 3181 1202 3251 cogitationibus
1236 3188 1563 3256 tenebrosis,
1602 3203 1888 3262 pauperta-

308 3275 415 3320 tem
449 3269 907 3338 exprobrantibus
968 3276 1081 3337 tibi,
1133 3286 1188 3332 et
1233 3290 1550 3347 egestatem,
1617 3294 1671 3339 et
1706 3286 1886 3341 vilita-

307 3366 435 3419 tem,
477 3367 530 3411 et
567 3359 804 3416 dedecus
844 3364 939 3418 tibi
974 3366 1400 3437 proferentibus,
1430 3381 1487 3424 ut
1524 3373 1740 3428 virtutis
1782 3376 1885 3430 hu-

306 3448 637 3517 iusillustris
670 3453 721 3508 in
745 3463 796 3508 te
818 3455 1192 3524 pcenitentiam
1216 3460 1403 3516 dolosa
1429 3463 1713 3519 homicidae
1738 3483 1887 3521 men-

309 3552 361 3596 te
385 3553 715 3612 operentur:
748 3546 793 3600 si
842 3563 973 3617 ergo
1017 3551 1319 3619 prndentize
1350 3557 1601 3611 attendas
1634 3561 1888 3614 certami-

310 3636 419 3699 nis,
455 3635 585 3690 illud
618 3630 1154 3711 potiuseomperies,
1183 3644 1465 3712 nimirum,
1497 3650 1640 3717 quod
1689 3666 1786 3720 per
1823 3665 1889 3704 ea

310 3741 512 3780 corona
543 3728 798 3794 plectitur
835 3731 952 3795 tibi,
996 3748 1094 3802 per
1128 3751 1250 3804 qua:
1290 3745 1343 3791 te
1386 3738 1485 3807 ipsi
1542 3741 1887 3811 vituperant;

312 3818 635 3874 renuntians
660 3821 829 3888 enim,
867 3832 1090 3893 prepter
1139 3842 1202 3879 ea
1238 3831 1517 3886 renuntias
1566 3835 1891 3899 certamina,

312 3922 533 3981 propter
575 3929 697 3982 quae
750 3914 982 3970 aﬂiceris
1031 3919 1357 3986 opprobriis.
1412 3919 1489 3976 Ne
1535 3922 1698 3991 igitur
1734 3929 1894 3981 luctae

317 4003 637 4059 interiorum
670 4008 1064 4076 cogitationum
1091 4010 1272 4077 cedas,
1306 4011 1431 4081 quia
1464 4028 1572 4067 non
1604 4014 1656 4067 in
1689 4015 1893 4085 princi-

316 4093 405 4162 pio
430 4092 592 4165 42],
642 4100 1066 4155 renuntiationis
1099 4103 1515 4158 commendatur
1559 4105 1703 4173 ﬁnis,
1746 4118 1802 4163 at
1839 4109 1892 4164 in

316 4186 421 4241 (ine
458 4188 730 4255 patientia:
766 4192 1033 4261 principia
1072 4205 1425 4261 coronantur,
1479 4213 1581 4253 nec
1616 4199 1672 4253 in
1700 4215 1895 4270 corpoo

1989 3104 2160 3171 σμοὺς
2215 3098 2313 3170 τὴν
2359 3098 2551 3151 πενίαν
2585 3097 3014 3161 ἐπονειδίζοντάς
3060 3114 3161 3160 σοι,
3198 3096 3293 3149 καὶ
3335 3095 3595 3161 ἔνδειαν,

1987 3194 2083 3246 καὶ
2127 3192 2426 3255 εὑτέλειαν,
2468 3190 2563 3243 καὶ
2607 3190 2823 3253 ἀδοξίαν
2869 3206 2951 3242 σοι
3006 3188 3440 3260 προσφέροντας,
3494 3188 3596 3241 ἵνα

1988 3284 2089 3353 τῆς
2113 3283 2371 3353 τοιαύτης
2404 3283 2667 3353 λαμπρᾶς
2706 3282 2905 3351 ἀρετῆς
2943 3280 3284 3352 μετάγνωσιν
3317 3281 3367 3331 οἱ
3399 3280 3600 3347 φόνιοι

1986 3376 2323 3446 δολοφρόνως
2381 3376 2747 3445 ἐργάσωνται.
2795 3373 2922 3427 Ἐὰν
2953 3368 3049 3426 οὖν
3089 3376 3155 3443 τῇ
3211 3371 3427 3424 συνέσει
3481 3372 3601 3446 τῆς

1988 3445 2271 3538 ἀθλήσεως
2314 3467 2584 3537 πρόσχῃς,
2620 3465 2820 3536 μᾶλλον
2852 3466 3029 3518 ἐκεῖνο
3072 3465 3345 3536 εὑρήσεις,
3384 3464 3473 3516 ὅτι
3519 3445 3600 3515 δι’

1989 3552 2066 3612 ὧν
2115 3576 2175 3611 σε
2214 3558 2559 3622 ὀνειδίζουσι,
2592 3557 2658 3610 δι’
2690 3557 2871 3611 αὑτῶν
2911 3558 2939 3609 6
2963 3556 3227 3624 στέφανός
3264 3571 3345 3607 σοι
3380 3554 3600 3606 πλέκε-

1989 3669 2101 3704 ταιο
2142 3652 2237 3705 καὶ
2275 3650 2384 3723 γάρ
2412 3651 2880 3721 ἀποτασσόμενος,
2915 3650 2984 3703 δι’
3010 3650 3249 3711 ἐκείνους
3289 3648 3599 3720 ἀποτάσσῃ

1990 3744 2056 3796 δι’
2086 3736 2161 3797 ὧν
2186 3742 2364 3797 ἄθλων
2389 3744 2646 3814 ὀνειδίζῃ.
2676 3743 2766 3813 Μὴ
2791 3740 2883 3796 οὖν
2904 3746 2970 3814 τῇ
3006 3743 3148 3813 πάλῃ
3173 3742 3281 3795 τῶν
3312 3740 3467 3803 ἐντὸς
3499 3740 3601 3792 λο-

1994 3836 2211 3905 γισμῶν
2233 3836 2495 3909 ἐνδὼσῃς,
2522 3838 2605 3891 ὅτι
2636 3838 2737 3890 οὑκ
2766 3839 2826 3889 ἐν
2865 3838 3008 3908 ἀρχῇ
3048 3836 3149 3904 τῆς
3196 3834 3487 3901 ἀποταγῆς
3525 3836 3598 3885 τὸ

1994 3928 2146 3991 τέλος
2172 3928 2526 3998 εὑφημεῖται,
2555 3928 2670 3981 ἀλλ’
2709 3930 2767 3981 ἐν
2797 3928 2877 3998 τῷ
2902 3927 3050 3980 τέλει
3088 3927 3185 3995 τῆς
3214 3926 3500 3994 ὑπομονῆς
3533 3924 3597 3978 αἱ

1995 4020 2164 4090 ἀρχαὶ
2207 4019 2624 4089 στεφανοῦνται,
2670 4019 2793 4072 οὐδὲ
2828 4020 2886 4070 ἐν
2926 4020 2991 4088 τῇ
3038 4019 3320 4086 σωματικῇ
3364 4033 3599 4084 γυμνα-

1998 4110 2091 4182 σίᾳ
2145 4112 2306 4181 μόνον
2351 4114 2399 4164 οἱ
2444 4112 2658 4179 ἀγῶνες
2713 4109 3161 4180 συγκροτοῦνται,
3205 4107 3339 4161 ἀλλά
3378 4106 3474 4158 καὶ
3534 4109 3600 4159 ἐν

2003 4206 2070 4274 τῇ
2100 4202 2209 4255 τῶν
2232 4202 2511 4271 λογισμῶν
2536 4202 2678 4273 πάλῃ
2702 4203 2764 4255 τὸ
2790 4202 2920 4273 περὶ
2949 4200 3213 4269 στεφάνου
3238 4198 3515 4269 ζητεῖται.

316 4294 408 4334 reo
436 4278 615 4333 solum
656 4282 918 4338 exercitio
941 4284 1225 4355 plausibus
1250 4287 1601 4344 dilaudantur
1634 4294 1959 4356 certamina.
1994 4296 2087 4350 sed
2124 4295 2179 4348 in
2217 4295 2360 4349 lucta
2393 4294 2810 4363 cogitationum,
2843 4293 2989 4364 quod
3027 4292 3092 4346 ad
3116 4307 3375 4347 coronam
3408 4292 3599 4360 perti-

314 4377 424 4433 net,
458 4370 768 4439 requiritur.

914 4487 1144 4544 CAPUT
1178 4489 1291 4545 Xll.

385 4596 577 4653 Judica
613 4598 974 4668 cogitationes
994 4603 1046 4657 in
1081 4605 1340 4660 tribunali
1380 4608 1585 4671 cordis,
1617 4616 1700 4672 ut,
1730 4608 1897 4661 latro-

317 4694 481 4750 nibus
525 4695 848 4759 interl'ectis,
884 4697 1156 4753 latronum
1207 4700 1895 4770 princeps‘pertimescat;

316 4788 516 4843 etenim
548 4788 641 4859 qui
664 4799 956 4843 accuratus
986 4798 1072 4845 est
1105 4791 1494 4859 cogitationum
1532 4792 1895 4857 examinator,

319 4887 716 4950 praeceptorum
749 4880 916 4938 etiam
947 4890 1032 4937 est
1059 4897 1228 4938 verus
1258 4894 1469 4939 amator
1497 4903 1511 4939 :
1544 4883 1764 4955 quando
1796 4883 1899 4953 igi-

319 4982 407 5027 tur
429 4970 686 5042 cogitatio
730 4971 954 5027 inventu
1004 4971 1237 5027 difﬁcilis
1282 4988 1379 5029 cor
1407 4981 1561 5027 tuum
1614 4972 1897 5039 invaserit,

322 5074 451 5120 tunc
474 5065 649 5136 magis
666 5066 944 5135 magisque
966 5080 1130 5135 super
1173 5065 1349 5135 ipsam
1383 5066 1734 5122 vehementes
1769 5080 1900 5121 suc-

318 5158 489 5213 cende
524 5158 779 5223 labores;
825 5167 921 5212 aut
955 5158 1102 5213 enim
1146 5158 1407 5222 calidum,
1448 5160 1522 5213 uti
1564 5160 1897 5214 contrarium

321 5251 545 5306 minime
579 5250 781 5316 ferens,
812 5250 1073 5323 aufugiet,
1120 5260 1215 5306 aut
1245 5251 1422 5320 ipsum
1458 5249 1728 5315 tolerabit,
1756 5250 1899 5303 velut

317 5360 381 5398 ea
408 5359 532 5412 quae
557 5343 681 5397 talis
716 5353 801 5398 est
824 5353 971 5398 recte
1003 5344 1105 5398 viae
1139 5343 1447 5397 familiaris.
1479 5341 1619 5409 Quin
1646 5352 1701 5397 et
1729 5358 1903 5412 quan-

320 5437 499 5505 doque
552 5436 754 5491 aceidit
793 5444 852 5489 ut
882 5436 1181 5501 daamones,
1223 5435 1421 5489 bonam
1467 5435 1719 5490 videlicet
1746 5434 1898 5502 cogi-

323 5529 581 5583 tationem
617 5537 710 5583 tuo
749 5540 1101 5598 suggerentes
1133 5527 1304 5593 cordi,
1359 5529 1653 5598 statimque
1681 5528 1902 5581 tranin--

322 5621 523 5690 gurati,
572 5620 675 5690 ipsi
707 5621 969 5677 simulent
1015 5621 1333 5690 cogitationi
1373 5621 1676 5685 adversari,
1728 5629 1789 5673 ut
1835 5635 1901 5673 ex

328 5712 710 5766 contrarietate
755 5722 910 5781 putes
938 5755 952 5777 ,
994 5729 1088 5768 eos
1136 5713 1298 5768 etiam
1336 5714 1497 5776 scire,
1552 5728 1689 5781 quas
1740 5713 1901 5767 corde

2590 4495 2843 4549 ΚΕΦΔΛ.
2881 4492 2979 4547 iB'.

2070 4611 2268 4673 Δίκαζε
2296 4610 2422 4673 τοὺς
2448 4608 2743 4679 λογισμοὺς
2774 4609 2831 4659 ἐν
2860 4606 2936 4676 τῷ
2972 4605 3175 4675 βήματι
3202 4606 3299 4673 τῆς
3328 4604 3597 4675 καρδίας,

2001 4706 2088 4757 ἵνα
2112 4703 2219 4757 τῶν
2254 4701 2469 4772 λῃστῶν
2494 4698 2925 4771 ἀναιρουμένων,
2976 4700 3003 4750 6
3040 4696 3375 4769 ἀρχιλῃστὴς
3411 4697 3598 4767 c9661;-

2001 4795 2088 4866 θῇ·
2121 4794 2215 4848 καὶ
2249 4794 2357 4863 γὰρ
2386 4794 2414 4844 6
2439 4792 2515 4844 ὢν
2545 4790 2780 4861 ἀκριϐὴς
2810 4790 2919 4842 τῶν
2954 4787 3230 4857 λογισμῶν
3261 4786 3596 4856 ἐξεταστὴς,

2000 4886 2116 4939 ἔστι
2170 4885 2266 4939 καὶ
2299 4882 2502 4953 ἀληθὴς
2556 4882 2663 4935 τῶν
2696 4881 2926 4934 ἐντολῶν
2959 4880 3217 4949 ἐραστής.
3271 4877 3442 4929 Ἐπάν
3490 4875 3598 4932 οὖν

2000 4977 2261 5048 λογισμὸς
2294 4978 2491 5044 ἐπιστῇ
2526 4991 2618 5027 σου
2651 4974 2719 5043 τῇ
2754 4972 2953 5044 καρδία
2970 4970 3312 5041 δυσεύρετος,
3342 4970 3463 5021 τότε
3493 4971 3601 5025 ἐπὶ

2002 5071 2187 5123 πλεῖον
2244 5067 2533 5129 συντόνους
2590 5064 2787 5126 πόνους
2840 5064 2929 5117 ἐπ’
2968 5064 3130 5117 αὑτὸν
3161 5062 3521 5130 ἐκπύρωσον·
3563 5064 3597 5132 ἢ

2001 5162 2107 5233 γὰρ
2140 5161 2239 5231 τὴν
2270 5160 2480 5230 θέρμην
2529 5157 2604 5221 ὡς
2648 5156 2901 5210 ἐναντίαν
2944 5155 3004 5209 οὑ
3044 5156 3225 5225 φέρων
3269 5152 3506 5223 ἀποδρᾷ,
3562 5156 3598 5223 ῆ

2001 5254 2208 5321 ταύτην
2255 5250 2516 5320 ὑπομένει
2563 5248 2639 5311 ὡς
2674 5248 2877 5309 οἰκεῖος
2919 5244 2996 5298 ῶν
3029 5245 3129 5314 τῆς
3179 5242 3393 5303 εὐθείας
3434 5241 3596 5296 ὀδοῦ.

2006 5348 2162 5398 Ἔστι
2192 5344 2236 5398 δ’
2270 5345 2399 5397 ὃταν
2428 5343 2477 5395 οἱ
2496 5342 2749 5411 δαίμονες
2772 5338 3032 5408 λογισμὸν
3062 5336 3223 5404 δῆθεν
3256 5334 3422 5388 καλὸν
3451 5335 3603 5388 ὑπο-

2004 5437 2290 5499 ϐάλλοντες
2322 5439 2389 5507 τῇ
2422 5434 2642 5504 καρδίᾳ,
2672 5432 2769 5485 καὶ
2793 5430 3039 5499 παρευθὺ
3069 5425 3602 5497 μεταμορφούμενοι

2003 5525 2379 5581 ἐναντιοῦσθαι
2413 5524 2587 5593 τούτῳ
2618 5520 3068 5593 προσποιοῦνται,
3104 5517 3192 5569 ἵνα
3226 5520 3286 5567 ἐκ
3306 5514 3408 5584 τῆς
3434 5517 3603 5569 ἐναν-

2003 5618 2266 5683 τιώσεως,
2298 5618 2526 5690 νομίσῃς
2575 5616 2771 5677 αὑτοὺς
2830 5613 2923 5665 καὶ
2976 5610 3073 5672 τάς
3116 5609 3442 5677 ἐνθυμήσεις
3490 5610 3601 5679 τῆς

2006 5713 2232 5777 καρδίας
2256 5730 2347 5767 σου
2378 5712 2592 5767 εἰδέναι·
2624 5710 2683 5762 οὑ
2722 5706 2884 5778 μόνον
2907 5703 2982 5770 δὲ,
3003 5702 3117 5756 ἀλλ’
3146 5702 3230 5754 ἵνα
3260 5699 3602 5764 δικάζωνται
