3788 6224
115 226 276 293 1109

1252 233 1694 297 TRACTATUS
1732 232 1832 293 AD
1870 226 2297 291 EULOGIUM.

3272 229 3409 295 ill’i

108 336 232 405 τὴν
293 338 613 408 συνείδησίν
662 355 757 392 σου
814 338 1042 410 κρίνειν,
1074 340 1151 404 ὡς
1179 343 1246 412 τῇ
1289 342 1600 393 ὲναντιώσει
1631 339 1726 392 τοῦ

1883 340 2102 394 3rvnlt‘is
2152 338 2542 409 cogitationes;
2583 354 2759 408 neque
2805 354 2933 395 vero
2982 340 3037 395 id
3064 342 3276 409 solum,
3313 346 3408 399 sed

108 427 313 480 κακοῦ
349 430 682 499 ἡττηθέντος
714 429 794 500 τῷ
825 430 993 501 καλῴο
1029 430 1144 485 ἐστι
1191 431 1247 485 δὲ
1293 433 1456 485 πάλιν
1499 432 1588 485 ὅτε
1625 432 1724 502 τὴν

108 521 349 573 οἰκείαν
379 522 690 594 σκευωρίαν
723 522 1129 594 ὐπεμφαίνουσί
1164 542 1244 577 σοι
1270 525 1357 578 ἵνα
1392 525 1546 596 παρὰ
1566 541 1726 577 σεαυ-

107 610 201 681 τῷ
236 613 412 685 δόξῃς
442 614 705 685 φρόνιμος
739 610 902 669 εἶναι.
940 615 1109 668 ὐταν
1157 615 1411 686 λογισμοὶ
1459 616 1728 686 μεταστή-

112 701 273 753 σωσῖ
338 718 403 754 σε
468 705 549 766 εἰς
595 703 654 755 ὃν
716 703 984 758 ὑπέϐαλον
1040 706 1172 775 ὲρᾷν
1209 708 1357 776 ἡμᾶς
1391 705 1576 768 τόπον,
1604 703 1727 756 τότε

113 794 576 865 μεταμελεὴθαι
620 795 786 849 πάλιν
846 796 1092 851 ποιοῦσιν
1147 798 1235 850 ἵνα
1277 797 1543 860 ἁστάτους
1581 798 1728 867 ἡμᾶς

110 890 417 958 ποιήσωσι
454 888 815 957 πανταχόθεν,
857 890 953 942 καὶ
983 891 1286 961 ἀκάρπους.
1322 890 1413 942 Διὸ
1447 889 1523 960 μὴ
1557 891 1728 943 πετά-

112 978 323 1046 ζωμεν
359 981 590 1043 ἑαυτοὺς
613 980 720 1033 ἀπὸ
744 981 923 1035 τόπων
949 984 1028 1045 εἰς
1052 982 1271 1045 τόπους,
1302 981 1437 1035 ἀλλὰ
1467 980 1732 1052 καμπτῶ-

116 1072 283 1139 μεθα
339 1072 544 1142 μᾶλλον
576 1073 656 1135 εἰς
687 1072 942 1143 ἡσυχίαν,
981 1074 1074 1127 καὶ
1123 1072 1347 1136 κόπους,
1399 1074 1481 1125 ὅτι
1526 1077 1590 1126 ἐκ
1631 1073 1730 1143 τῆς

113 1158 425 1227 ἡμετέρας
454 1159 726 1230 ῥᾳθυμίας
754 1160 1123 1228 λαμϐάνουσιν
1153 1160 1275 1214 καθ’
1304 1160 1461 1231 ήμῶν
1498 1163 1546 1213 οῖ
1578 1161 1729 1229 λογι-

116 1254 267 1321 σμοὶ
308 1254 411 1325 τὴν
439 1254 685 1326 δύναμιν.
724 1257 785 1308 Ὀ
809 1256 867 1308 δὲ
889 1254 1043 1319 εἰδὼς
1073 1255 1334 1326 λογισμοῦ
1366 1258 1558 1325 πεῖραν
1594 1256 1654 1308 ὲν
1686 1248 1731 1322 ᾧ

114 1344 292 1414 τόπῳ
320 1345 551 1417 ἐκλήθη,
586 1348 643 1400 ὲν
672 1346 848 1417 τούτῳ
878 1346 1087 1417 μενέτω
1132 1348 1283 1418 παρὰ
1316 1346 1455 1416 Θεῷ,
1494 1348 1522 1399 ὁ
1561 1346 1618 1399 δὲ
1655 1345 1730 1416 μὴ

1830 441 1887 484 ut
1935 432 2163 498 litigent,
2207 430 2275 485 ad
2310 428 2560 484 eil‘ectum
2604 441 2752 486 tuam
2797 431 3081 503 judicandi
3119 436 3407 490 conscien-

1829 524 1981 588 tiam,
2022 523 2177 592 quasi
2203 521 2345 575 malo
2369 520 2583 576 devicto
2605 537 2673 577 ex
2711 523 3098 580 contrarietate
3130 524 3273 581 facta
3309 527 3407 580 bo-

1829 630 1901 670 no
1946 630 2292 684 :rursusque
2318 613 2602 682 contingit.
2642 614 2786 683 quod
2831 630 3227 684 nonnunquam
3279 633 3401 686 pro-

1838 706 2009 777 priam
2042 706 2139 761 tibi
2173 715 2321 760 tuam
2356 706 2611 761 solertem
2648 707 2718 760 ob
2749 707 2939 762 oculos
2974 721 3178 778 ponant
3216 710 3410 766 obser-

1833 800 2125 863 vationem,
2182 799 2405 867 utapud
2451 799 2681 869 teipsum
2712 799 2947 855 videaris
2981 801 3217 869 prudens
3265 815 3407 857 esse.

1832 888 2062 955 Quando
2099 898 2152 944 te
2203 890 2558 959 cogitationes
2592 888 2931 945 transferunt
2967 905 3091 945 eum
3123 893 3176 947 in
3207 894 3410 958 locum,

1830 992 1996 1047 quem
2030 992 2129 1032 nos
2156 992 2342 1032 amare
2369 993 2709 1050 suggessere,
2758 990 2889 1034 tunc
2918 980 3099 1036 denuo
3150 986 3414 1051 poenitere

1833 1067 2058 1134 faciunt,
2106 1078 2164 1122 ut
2220 1069 2465 1139 undique
2498 1086 2600 1125 nos
2647 1069 2928 1125 instabiles
2968 1072 3196 1128 reddant
3233 1091 3297 1129 ac
3333 1077 3402 1130 in-

1834 1157 2171 1214 fructuosos.
2222 1157 2348 1214 Ideo
2384 1175 2489 1215 non
2548 1161 2909 1216 extendamus
2950 1166 3317 1234 nosmetipsos
3348 1168 3416 1221 de

1834 1248 1967 1305 locis
2007 1250 2061 1304 in
2112 1250 2254 1317 loca,
2305 1252 2399 1307 sed
2447 1252 2631 1323 potius
2698 1254 2766 1308 ad
2813 1254 3050 1323 quietem
3087 1257 3412 1312 tacitur-nam

1835 1354 2126 1408 vergamus
2178 1349 2232 1396 et
2259 1344 2325 1396 ad
2374 1343 2614 1409 labores,
2661 1345 2790 1414 quia
2817 1361 2848 1402 e
2878 1356 3068 1401 nostra
3096 1348 3216 1418 ipsa
3248 1349 3414 1419 pigri-

115 1436 322 1502 εἰδὼς,
358 1438 420 1490 ὲν
466 1438 634 1507 ἀγῶνι
670 1439 750 1491 ἔτι
777 1439 1003 1509 βαδίζει.
1044 1440 1107 1491 Ἡ
1142 1438 1251 1491 τῶν
1285 1438 1464 1491 τόπων
1498 1438 1731 1508 μετάθε-

1883 1448 1906 1487 a
1935 1434 2199 1489 adversus
2222 1434 2385 1506 422
2406 1451 2507 1491 nos
2536 1435 2703 1492 robur
2726 1442 3414 1511 assumuntcogitationes.

118 1544 240 1592 σις,
304 1529 424 1597 ﬁrm
470 1531 551 1591 είς
597 1528 666 1581 τὰ
717 1526 1234 1598 πνευματικώτερα,
1286 1528 1381 1581 καὶ
1433 1527 1507 1597 μὴ
1544 1526 1623 1589 εἰς
1663 1524 1732 1580 τὰ

1888 1534 1900 1578 1
1939 1525 2049 1586 ille,
2088 1526 2182 1596 qui
2234 1527 2372 1583 bene
2402 1528 2552 1584 novit
2594 1531 2944 1601 cogitationis
2985 1534 3375 1603 experientiam
3400 1577 3417 1602 ,

116 1619 700 1690 ἀναπαυστικώτερα·
741 1620 988 1691 ὑπομονὴ
1032 1618 1160 1691 γὰρ,
1210 1619 1307 1674 καὶ
1355 1618 1730 1689 μακροθυμία,

1883 1634 2023 1687 ique
2051 1628 2277 1675 vocatus
2304 1619 2407 1676 fuit
2429 1622 2575 1689 loco,
2606 1622 2660 1676 in
2692 1624 2811 1694 ipso
2831 1625 2971 1693 apud
3008 1625 3177 1680 Deum
3198 1641 3408 1697 perma-

117 1711 229 1763 καὶ
261 1711 479 1782 ἀγάπη,
521 1713 583 1767 ὲν
608 1678 737 1777 ’ταῖς
764 1678 1010 1781 θλίιύεσιν
1042 1678 1375 1783 εὐχαριστεῖ-ο
1419 1678 1622 1781 ἀκηδία
1654 1678 1732 1777 δὲ,

1883 1720 1992 1780 eat;
2023 1715 2116 1784 qui
2162 1730 2292 1768 vero
2325 1716 2530 1780 nescit,
2561 1716 2739 1773 adhuc
2782 1718 2837 1772 in
2876 1720 3174 1775 certamine
3204 1736 3400 1791 progn-

118 1803 229 1855 καὶ
267 1803 529 1875 ἐλαφρία,
556 1805 651 1857 καὶ
676 1804 953 1874 φιλαυτία,
986 1807 1043 1857 ἓν
1076 1808 1196 1867 ταῖς
1238 1803 1579 1857 ἀναπαύσεσι
1613 1803 1732 1873 χαί-

1883 1805 2006 1860 itur.
2036 1805 2307 1860 Locorum
2340 1807 2626 1862 translatio
2651 1806 2806 1863 sitad
2837 1823 2922 1876 ea,
2956 1826 3078 1880 quae
3123 1811 3295 1882 magis
3328 1812 3415 1866 ha-

122 1910 246 1963 ρει.
292 1894 591 1965 Ἀνήσυχος
634 1895 725 1950 διὰ
772 1896 883 1949 τῶν
944 1896 1074 1969 περὶ
1107 1897 1207 1960 τὰς
1232 1896 1381 1965 ὄψεις
1426 1895 1732 1964 αίσθήσεων

1883 1903 2039 1950 cntur
2069 1898 2395 1966 spiritualia,
2432 1908 2485 1954 et
2522 1914 2631 1953 non
2674 1900 2736 1954 ad
2767 1915 2853 1967 ea,
2902 1917 3024 1972 quae
3069 1903 3135 1957 ad
3181 1904 3420 1971 requiem

119 1982 238 2051 τὴν
263 1982 447 2054 ψυχὴν
476 1985 817 2055 πολεμεῖται,
847 1988 876 2039 ό
902 1986 959 2039 δὲ
991 1985 1307 2057 φιλήσυχος,
1336 1987 1436 2048 τὰς
1461 1986 1732 2056 αἰσθήσεις

1883 2001 1971 2042 unt
2014 1991 2227 2061 aptiora
2262 2010 2274 2044 :
2305 1991 2567 2061 patientia
2599 2008 2852 2063 namque,
2887 2003 2942 2049 et
2992 1995 3377 2067 longanimitas
3399 2037 3417 2063 ,

122 2075 460 2145 φυλάσσων,
485 2080 613 2151 τούς
651 2079 949 2151 λογισμοὺς
978 2081 1223 2153 πολεμεῖ.
1287 2118 1295 2128 -

1883 2092 1900 2137 t
1931 2085 2172 2142 charitas
2213 2087 2264 2140 in
2301 2086 2562 2143 aerumnis
2591 2088 2796 2158 gratias
2835 2090 2991 2160 agit;
3019 2088 3231 2159 pigritia
3270 2105 3421 2151 vero,

120 2176 182 2220 et
229 2168 449 2233 levitas,
484 2176 538 2222 et
582 2171 785 2224 nimius
827 2171 913 2224 sui
979 2170 1151 2240 ipsius
1212 2186 1366 2225 amor
1430 2169 1630 2239 gaudet
1690 2169 1741 2221 in
1782 2174 2231 2231 recreationibus.
2277 2175 2379 2242 Qui
2431 2191 2537 2231 non
2586 2177 2829 2233 modeste
2880 2180 3138 2250 quiescit,
3171 2196 3267 2250 per
3300 2195 3420 2234 sen-

123 2274 307 2313 suum
336 2259 576 2314 visiones
603 2271 948 2331 oppugnatur
1001 2262 1056 2316 in
1090 2262 1309 2328 anima;
1365 2272 1421 2316 at
1445 2262 1537 2331 qui
1576 2259 1879 2317 modestam
1935 2266 2153 2322 adamat
2210 2268 2472 2338 quietem,
2496 2284 2694 2324 sensus
2721 2270 3056 2335 custodiens,
3080 2271 3195 2341 ipse
3223 2269 3418 2340 pugna-'

122 2353 411 2408 adversus
447 2355 825 2424 cogitationes.

747 2467 1000 2520 ΚΕΦΑΛ,
1046 2464 1119 2519 ΙΓ’

209 2579 311 2649 Τῷ
337 2574 430 2633 οὖν
457 2579 787 2650 διατάγματι
820 2580 913 2634 τοῦ
953 2580 1119 2651 νόμου
1157 2580 1266 2635 τῶν
1295 2581 1601 2651 αἰσθήσεων
1625 2581 1739 2654 ζτὴν

124 2672 298 2736 τάξιν
343 2673 373 2723 ό
415 2672 639 2743 ἡγεμών
668 2690 760 2725 σου
790 2674 1164 2743 συναγαγέτω,
1195 2674 1285 2727 ἵνα
1326 2672 1401 2745 μὴ
1443 2674 1735 2746 βλέμματι,

128 2765 238 2818 καὶ
269 2766 433 2834 ἀκοῇ,
472 2764 741 2834 μάστιγας
770 2766 955 2820 κακῶν
990 2768 1056 2837 τῇ
1083 2765 1228 2837 ψυχῇ
1262 2782 1355 2818 σου
1385 2766 1647 2839 ταράξῃς
1678 2768 1736 2819 ὲν

2440 2465 2673 2523 CAPUT
2702 2466 2840 2521 XIII.

1908 2581 2271 2652 lgitur,ju.\ta
2312 2581 2445 2652 legis
2488 2582 2851 2646 sanctionem,
2900 2579 3011 2633 dux
3044 2578 3122 2632 tui
3155 2592 3423 2633 sensuum

1835 2677 2051 2747 colligat
2079 2675 2350 2736 ordinem,
2375 2683 2437 2730 ut
2466 2690 2563 2729 nec
2585 2675 2800 2738 obtutu,
2827 2689 2927 2729 nec
2948 2672 3161 2737 auditu,
3186 2672 3426 2726 animam

1833 2777 1981 2821 tuam
2011 2766 2263 2820 vitiorum
2282 2765 2542 2821 obturbes
2570 2764 2796 2835 ﬂagellis
2829 2785 2840 2818 :
2874 2779 2999 2818 cum
3033 2763 3086 2817 in
3114 2761 3327 2817 duabus
3350 2772 3422 2817 es‘

127 2857 297 2910 δυσὶν
325 2857 536 2921 οὐσίαις
572 2858 856 2929 ὑπάρχων,
887 2859 1094 2930 ἑκάστῃ
1126 2859 1398 2930 διανέμειν
1451 2860 1549 2931 τὴν
1577 2860 1729 2927 τάξιν

1883 2859 2023 2912 :ntiis
2039 2859 2331 2924 subsistas,
2352 2858 2587 2914 observa
2643 2867 2702 2912 ut
2734 2856 3031 2926 unicuique
3065 2870 3226 2911 suum
3252 2854 3414 2909 distri

132 2949 446 3019 φυλάττου,
485 2950 572 3003 ἵνα
604 2952 637 3022 ἡ
677 2950 777 3021 μὲν
801 2951 1087 3023 ἀριστεύῃ,
1122 2953 1154 3022 ή
1186 2952 1243 3005 δὲ
1275 2951 1350 3023 μὴ
1380 2952 1602 3023 ἀντερῇ,
1637 2952 1733 3006 καὶ

125 3042 220 3112 τῷ
251 3042 504 3113 τυράννῳ
551 3044 619 3097 τά
667 3045 1017 3114 ἐπιτάγματα
1054 3044 1128 3115 μὴ
1151 3044 1315 3106 δίδου,
1348 3044 1430 3098 ὅτι
1483 3045 1562 3115 τῷ
1599 3045 1735 3117 πυρὶ

128 3132 335 3185 τούτου
379 3132 643 3199 δυθέντος,
676 3135 772 3202 καὶ
811 3134 903 3187 τὸν
944 3134 1170 3204 ἔσχατον
1205 3134 1477 3207 κοδράτην
1517 3134 1734 3188 ἀποδώ-

131 3240 281 3287 σεις.
318 3224 489 3277 Ὅταν
516 3226 585 3278 τά
616 3225 766 3279 αἴτια
807 3226 917 3279 τῶν
962 3225 1150 3279 παθῶν
1187 3226 1568 3297 ἁντιπολεμῶν
1611 3243 1736 3297 τρο-

131 3315 371 3378 τυῦσαι,
431 3317 504 3387 μή
551 3333 611 3369 σε
651 3316 908 3387 λογισμὸς
946 3317 1295 3387 μεγαλυνέτω
1345 3318 1605 3389 πονηρὸς,
1660 3316 1734 3387 μή

132 3425 265 3471 πως
299 3407 573 3477 πνεύματι
621 3408 831 3479 πλάνης
876 3408 1194 3474 πιστεύσας,
1254 3409 1490 3463 καὶτῶν
1524 3408 1737 3479 φρενῶν

134 3500 454 3570 ἐκπλαγῇς’
488 3498 738 3571 ἐπιζήτει
760 3501 817 3555 δὲ
836 3499 1171 3569 λογιστεύειν
1201 3499 1300 3564 τὰς
1330 3500 1415 3569 ἐφ’
1447 3494 1528 3563 οἷς
1555 3501 1739 3561 πονεῖς

136 3590 482 3661 ὑπερϐολάς,
515 3592 663 3655 ὅπως
713 3592 781 3646 τὰ
832 3592 961 3663 τέλη
1011 3593 1122 3645 τῶν
1171 3593 1612 3664 κατορθωμάτων
1652 3593 1741 3645 διὰ

132 3686 256 3739 τῶν
285 3685 436 3739 ἔνδον
467 3685 543 3757 μὴ
570 3687 805 3759 κλαπῇς.
851 3687 1006 3751 Τινὲς
1040 3688 1135 3742 ἐπὶ
1172 3687 1597 3758 κατορθώμασιν
1647 3688 1741 3740 εὐ-

138 3776 543 3847 φημισθέντες,
572 3776 651 3848 τῷ
680 3779 859 3849 χρόνῳ
889 3779 1016 3843 τοὺς
1045 3779 1241 3843 πόνους
1283 3778 1609 3849 ὴκηδίασαν,
1646 3779 1742 3832 καὶ

136 3871 175 3939 ἠ
213 3869 315 3938 μὲν
349 3869 598 3941 εὐφημία
628 3869 938 3934 διώδευσεν,
970 3871 1017 3923 οἱ
1047 3871 1104 3922 δὲ
1138 3871 1288 3923 πόνοι
1316 3869 1608 3940 ἐλύθησαν.
1650 3871 1742 3924 Τι-

140 3960 241 4025 νὲς
269 3960 338 4014 δι’
359 3960 523 4030 ὄγκον
554 3960 737 4016 καλῶν
757 3961 1094 4032 σκληρουχού
1104 3978 1277 4031 μενοι,
1301 3962 1525 4032 μεγάλοι
1556 3964 1741 4033 ἐνομί-

141 4050 364 4123 σθησαν
392 4051 486 4106 καὶ
514 4053 614 4123 τῆς
641 4052 741 4122 μὲν
777 4053 958 4124 ψυχῆς
989 4053 1051 4107 τὸ
1080 4053 1317 4116 συνειδὸς
1358 4051 1612 4124 ἡλκοῦτο,
1643 4054 1743 4124 τῆς

139 4143 207 4198 δὲ
231 4144 509 4214 εὐφημίας
539 4146 572 4214 ἡ
606 4144 761 4209 νόσος
793 4144 1130 4216 ὲνευρύνετο,
1165 4146 1215 4198 οἱ
1253 4145 1310 4198 δὲ
1355 4144 1604 4215 λογισμοὶ
1632 4146 1743 4199 τῶν

140 4238 485 4311 τραυμάτων
512 4240 612 4310 τὴν
639 4237 820 4309 ψυχὴν
852 4237 1272 4301 ἀποπλανῶντες
1313 4238 1371 4290 ὲν
1404 4239 1526 4295 ταῖς
1572 4237 1743 4308 εὐφη-

147 4332 307 4403 μίαις
355 4332 483 4394 τούς
529 4332 727 4397 πόνους
776 4332 1071 4403 ἀπέφερον.
1110 4330 1382 4401 Ὄπηνίκα
1430 4332 1549 4393 ταῖς
1589 4330 1745 4402 παρὰ

142 4424 458 4496 ἀνθρώπων
505 4427 693 4495 τιμαῖς
746 4425 797 4478 οἱ
846 4422 1208 4478 πονικιὶνιατοι
1252 4423 1639 4495 πλουτήσουσι,
1682 4424 1744 4478 τὸ

137 4518 455 4590 τηνικαῦτα
484 4519 577 4573 καὶ
616 4520 715 4583 τὰς
741 4518 966 4588 ἀτιμίας
999 4520 1048 4571 οἱ
1078 4518 1332 4586 δαίμονες
1375 4518 1742 4581 σκευάσαντες

139 4614 466 4679 ἐπάγουσιν,
498 4612 607 4675 ἴνα,
644 4611 753 4666 ἀπὸ
788 4610 898 4665 τῶν
946 4610 1126 4681 τιμῶν
1167 4610 1339 4673 ὄντες,
1365 4609 1464 4675 τὰς
1516 4608 1741 4680 ὁιτιμίας

146 4704 225 4775 μὴ
275 4703 505 4774 φέρωσι,
545 4703 641 4757 καὶ
684 4704 785 4767 τὰς
827 4702 1014 4774 ὕϐρεις
1051 4702 1124 4772 μὴ
1162 4701 1524 4772 βαστάσωσιν.
1570 4701 1739 4755 Ὅταν

140 4796 235 4862 ἐφ’
256 4794 553 4866 ἁμαρτίαις
583 4794 828 4865 μεγάλην
854 4794 1141 4865 μετάνοιαν
1160 4792 1339 4863 διδῷς,
1366 4792 1487 4846 τότε
1507 4792 1561 4845 οἱ
1592 4792 1741 4862 λογι-

144 4889 276 4958 σμοὶ
305 4889 432 4951 τοὺς
452 4888 670 4957 ἀγῶνας
692 4886 801 4940 τῶν
830 4887 1009 4941 τόνων
1043 4886 1435 4956 μεγαλύνοντες
1455 4886 1734 4957 ἁμαρτίας

144 4975 558 5048 σμικρύνουσιν,
588 4976 685 5031 καὶ
711 4976 972 5040 πολλάκις
994 4979 1060 5047 τῇ
1092 4976 1231 5047 λήθῃ
1274 4975 1665 5041 καλύπτουσιν,
1697 4975 1735 5047 ἢ

143 5070 241 5122 καὶ
286 5068 740 5139 συγκεχωρῆσθαι
780 5068 983 5132 ταύτας
1026 5068 1405 5139 σημαίνουσιν,
1449 5069 1735 5123 ἵναύπεν-

144 5160 273 5221 δοὺς
299 5161 413 5222 τοῖς
437 5160 643 5223 πόνοις,
677 5159 751 5231 μὴ
784 5160 1079 5231 ἀναλογίζῃ
1102 5160 1209 5212 τῶν
1233 5162 1589 5232 πταισμάτων
1612 5162 1738 5226 τοὺς

145 5250 383 5321 θρήνους
406 5252 533 5315 τοὺς
560 5253 682 5305 κατ’
704 5251 885 5305 αὐτῶν
908 5251 1183 5324 ὠρύεαθαι
1214 5252 1495 5317 πλειόνως.

1835 2954 1972 3009 buas
1999 2952 2266 3016 ordinem,
2301 2953 2375 3005 ita
2405 2962 2589 3006 utuna
2608 2950 2828 3021 quidem
2852 2949 3154 3005 fortissime
3182 2948 3426 3011 dimicet,

1834 3045 2003 3098 altera
2051 3058 2179 3099 vero
2215 3059 2324 3098 non
2359 3043 2719 3109 contradicat,
2760 3052 2816 3097 et
2856 3057 2925 3098 ne
2972 3042 3161 3113 iniquo
3194 3042 3427 3111 principi

1839 3134 2091 3189 mandata
2122 3133 2415 3200 concedas,
2456 3135 2607 3203 quia,
2650 3148 2717 3189 eo
2767 3135 2880 3206 igni
2914 3134 3137 3200 tradito,
3176 3135 3429 3189 ultimum

1838 3225 2002 3280 etiam
2033 3225 2226 3279 reddes
2254 3223 2637 3294 quadrantem.
2666 3223 2897 3290 Quando
2930 3223 3193 3279 adversus
3221 3224 3422 3295 passio-

1839 3331 1971 3370 num
2002 3330 2198 3371 causas
2223 3315 2567 3386 belligerans,
2599 3330 2694 3371 eas
2724 3316 2778 3369 in
2807 3315 2990 3386 fugam
3017 3326 3199 3370 vertas
3228 3332 3290 3371 ac
3312 3316 3421 3370 vin-

1841 3423 1956 3471 cas,
1983 3421 2048 3461 ne
2070 3418 2120 3461 te
2140 3407 2376 3477 maligna
2393 3406 2459 3461 ad
2484 3406 2913 3478 magnitudinem
2936 3408 3126 3463 evehat
3145 3408 3427 3479 cogitatio,

1840 3516 1910 3555 ne
1936 3499 2096 3565 forte,
2121 3499 2337 3569 spiritui
2367 3499 2572 3554 erroris
2597 3498 2756 3553 [idem
2778 3498 3064 3566 adhibens,
3090 3509 3271 3555 mente
3294 3515 3423 3569 quo-

1842 3607 1949 3662 que
1983 3592 2345 3661 obstupescas
2368 3609 2383 3657 ;
2409 3606 2612 3646 conare
2639 3599 2844 3655 autem,
2866 3606 2961 3645 eas
2985 3582 3191 3652 rerum,
3222 3592 3273 3645 in
3306 3592 3427 3660 qui-

1844 3684 1947 3738 bus
1980 3682 2219 3749 laboras,
2264 3682 2676 3753 exsuperautias
2706 3697 3046 3752 computare,
3091 3694 3181 3747 ue,‘
3225 3698 3316 3753 per
3347 3684 3429 3737 inr-

1847 3777 2071 3840 teriora,
2104 3775 2409 3831 facinorum
2448 3785 2596 3832 recte
2618 3785 2895 3846 gestorum
2928 3775 3035 3830 fine
3062 3774 3429 3830 defraud'eris.

1844 3868 2077 3936 Quidam
2110 3870 2182 3923 ob
2212 3883 2302 3924 res
2326 3870 2465 3925 bene
2493 3877 2736 3938 patratas
2760 3868 3014 3924 laudibus
3043 3869 3427 3931 concelebrati,

1845 3962 2176 4032 procedente
2197 3969 2458 4030 tempore,
2493 3961 2709 4017 labores
2727 3961 3112 4032 neglexerunt;
3138 3968 3190 4016 et
3214 3959 3429 4029 applau~

1845 4069 1940 4108 sus
1975 4052 2194 4122 quidem
2228 4052 2447 4106 laudum
2480 4068 2604 4107 cum
2638 4052 2831 4107 sonitu
2863 4052 3018 4115 abiit,
3057 4052 3273 4107 labores
3302 4068 3431 4105 vero

1847 4143 2100 4199 dissoluti
2141 4144 2443 4213 perierunt.
2481 4144 2666 4213 Aliqui
2719 4144 2792 4199 ob
2843 4154 3117 4199 tumorem
3167 4144 3427 4199 vitiorum

1849 4229 2124 4293 obdurati,
2155 4228 2317 4302 523
2349 4232 2530 4301 magni
2563 4232 2781 4288 fuerunt
2800 4233 3124 4300 existimati,
3151 4244 3206 4289 et
3234 4234 3435 4290 animae

1846 4322 2069 4393 quidem
2108 4324 2424 4378 exulcerata
2475 4332 2595 4379 erat
2625 4324 2983 4391 conscientia,
3032 4326 3258 4382 morbus
3301 4343 3432 4382 vero

1846 4416 2043 4471 faustae
2092 4414 2507 4471 acclamationis
2550 4414 2923 4481 dilatabatur;
2964 4416 3097 4487 quin
3142 4427 3194 4472 et
3227 4418 3440 4489 cogita-

1846 4509 2024 4563 tiones
2064 4508 2308 4562 animam
2354 4522 2385 4563 e
2430 4507 2753 4565 vulneribus
2791 4508 3048 4564 aberrare
3084 4508 3343 4565 facientes
3374 4509 3426 4564 in

1848 4600 2047 4656 faustis
2067 4600 2349 4656 ominibus
2372 4600 2720 4672 diripuerunt
2738 4601 2971 4657 labores.
3005 4601 3128 4668 Ubi,
3158 4603 3251 4673 qui
3278 4603 3429 4656 laboo

1846 4693 2136 4750 riosissimi
2160 4703 2309 4757 sunt,
2337 4692 2637 4749 honoribus
2658 4694 2728 4748 ab
2758 4694 3073 4750 hominibus
3103 4695 3430 4765 provenien-

1842 4786 1989 4840 tibus
2013 4784 2168 4840 ditati
2200 4783 2422 4846 fuerint,
2452 4792 2582 4838 tunc
2610 4794 2664 4838 et
2690 4784 2965 4840 daemones
2995 4794 3319 4855 apparentes
3348 4784 3430 4836 in-

1844 4876 2359 4947 feruntoppmbria,
2376 4885 2456 4941 ut,
2476 4877 2777 4931 honoribus
2790 4876 3010 4947 deiecti,
3032 4877 3297 4930 dedecora
3319 4892 3426 4928 non

1841 4968 2124 5032 suﬂerant,
2155 4976 2209 5023 et
2237 4968 2597 5021 contumelias
2628 4983 2738 5020 non
2770 4973 3147 5035 comportent.
3192 4964 3429 5030 Quando

1844 5069 2063 5130 propter
2103 5068 2330 5130 peccata
2375 5074 2631 5129 magnam
2681 5059 2798 5130 agis
2844 5059 3220 5128 pmnitentiam
3246 5099 3261 5123 ,
3297 5066 3434 5111 tune

1847 5153 2208 5224 cogitationes
2259 5151 2442 5220 magni
2484 5150 2747 5205 facientes
2797 5153 3101 5205 certamina
3143 5150 3426 5215 laborum,

1845 5253 2067 5317 peccata
2092 5252 2435 5309 extenuant,
2472 5260 2537 5299 ac
2571 5245 2771 5313 saepius
2814 5244 3090 5299 oblivione
3141 5246 3426 5317 obtegunt,

144 5355 239 5399 aut
293 5346 457 5401 etiam
503 5347 604 5402 ista
665 5347 835 5403 fuisse
866 5349 1091 5404 dimissa
1144 5350 1476 5421 signiﬁcant,
1543 5362 1620 5415 ut,
1675 5328 1935 5421 paulatim
1988 5340 2188 5398 cedens
2220 5341 2499 5397 laboribus
2540 5357 2647 5396 non
2686 5342 2957 5408 aestimes,
2998 5341 3144 5413 quod
3189 5342 3426 5397 lamenta

145 5435 627 5508 debeantamplius
652 5438 706 5493 in
735 5439 971 5509 ejulatus
994 5456 1281 5511 erumpere
1328 5442 1727 5514 adversusipsa
1768 5438 1989 5496 delicta.

746 5555 997 5609 ΚΕΦΑΛ.
1030 5556 1127 5608 ΙΔ’.

224 5657 289 5718 ὀ
315 5661 375 5718 δὲ
417 5663 487 5719 τὰ
526 5665 905 5736 προσπεσόντα
951 5666 1096 5735 πάθη
1139 5666 1427 5721 πυκτεύων
1473 5663 1725 5735 ἐκκόψαι,

2429 5544 2659 5601 CAPUT
2698 5543 2835 5601 XIV.

1910 5661 2015 5729 Qui
2046 5676 2198 5728 vero,
2222 5669 2280 5718 ut
2307 5661 2594 5733 passiones
2625 5659 2969 5717 incursantes
3003 5658 3439 5726 exet-indurue-
