3788 6224
411 269 540 335 1111

1890 281 1950 339 S.
2007 278 2170 338 NILI

3524 273 3660 341 1112

408 386 486 439 lut
515 391 643 440 acer
671 387 812 458 pugil
855 371 1117 453 decertat,
1161 389 1345 460 plures
1373 398 1637 451 armatos,
1662 405 1825 459 quam
1861 390 1972 443 sint

2101 389 2325 453 ιλείονας
2372 390 2557 444 παθῶν
2591 391 2814 453 ὁπλίτας
2862 391 3328 462 ἐπιστρατηγήσει
3370 393 3442 461 τῇ
3486 391 3658 460 μάχῃ.

409 479 708 544 pas~iones,
748 477 824 531 ad'
844 485 1078 549 pugnam
1109 481 1256 534 velut
1320 481 1432 535 (lux
1484 480 1752 535 exercitus
1787 495 1976 550 prove-

409 570 505 624 hit.
546 565 624 624 Ne
651 561 993 627 obliviscaris
1025 573 1170 643 quod
1195 574 1525 644 peccaveris.
1558 574 1682 628 licet
1708 574 1976 643 poeniten—

412 661 539 715 tiam
578 663 775 732 egeris,
804 665 896 718 sed
927 667 1127 719 luctmn
1165 666 1368 734 peccati
1403 665 1478 719 tui
1504 666 1702 720 habeas
1735 682 1833 735 pro
1862 683 1976 721 me—

409 751 578 806 moria
608 753 672 806 ad
730 754 804 806 tui
856 755 1306 820 humiliationem,
1343 765 1402 810 ut
1435 756 1752 812 humiliatus
1789 773 1980 825 super~

410 841 552 895 biam
593 845 904 899 necessario
934 845 1239 899 exscindas.
1284 844 1340 900 Si
1371 846 1497 916 quis
1527 861 1739 912 eorum,
1765 847 1856 917 qui
1887 862 1978 910 pa-

407 942 619 988 trarunt
643 936 863 1003 injust’a,
897 937 1062 991 vitam
1087 937 1318 992 voluerit
1360 937 1426 992 ad
1463 939 1720 1008 optimam
1753 953 1980 992 conver—

407 1034 518 1079 tere
556 1025 798 1096 frugem,
846 1042 909 1081 ex
961 1025 1192 1083 adVerso
1221 1045 1443 1083 suorum
1476 1045 1535 1084 se
1573 1031 1728 1084 sistat
1762 1041 1979 1084 actuum

409 1124 531 1169 cum
559 1117 841 1171 meliorum
869 1119 1198 1184 mutatione;
1229 1120 1425 1173 etenim
1456 1120 1548 1188 qui
1574 1129 1752 1174 actum
1781 1135 1810 1173 e
1844 1135 1975 1174 con-

411 1217 488 1261 tra
546 1210 841 1280 unicuique
883 1211 1106 1279 opponit
1159 1213 1410 1276 mnlitim,
1453 1213 1710 1266 virtutum
1761 1213 1981 1282 provida

412 1303 665 1366 pharetra
715 1304 925 1374 sagittis
987 1303 1207 1373 conligit
1250 1299 1576 1371 draconem;
1617 1307 1800 1360 bestiae
1855 1322 1983 1360 vero

411 1392 567 1446 istius
598 1395 912 1447 acutissima
949 1405 1225 1449 armatura
1255 1403 1340 1449 est
1371 1411 1507 1448 vana
1537 1396 1727 1463 gloria,
1761 1412 1882 1466 quae
1915 1397 1984 1448 la-

411 1485 566 1538 bores
617 1475 782 1556 424
835 1483 1103 1556 transﬁgit
1143 1485 1366 1554 jaculis,
1410 1499 1573 1555 quam
1621 1487 1712 1556 qui
1757 1487 1984 1541 occultis

408 1588 631 1644 operum
657 1577 810 1644 quasi
845 1575 1077 1631 militum
1099 1576 1445 1646 imperatoris
1474 1575 1679 1632 artibus
1711 1594 1985 1647 praeoccu-

412 1673 520 1734 pat,
550 1667 967 1737 approximavit,
1010 1678 1070 1724 ut
1116 1671 1336 1740 dejici‘at
1364 1685 1524 1724 omne
1551 1679 1713 1739 caput
1745 1671 1980 1735 diaboli;

2082 479 2172 551 Μὴ
2194 481 2498 550 ἀμνημόνει
2534 480 2789 544 πταίσας,
2820 481 2922 534 κᾶν
2956 483 3316 554 μετανοήσῃς,
3349 480 3494 535 ἀλλὰ
3532 486 3664 553 μνή-

2086 589 2193 642 μην
2213 571 2302 642 ἔχε
2324 573 2422 642 τῆς
2449 573 2543 641 σῆς
2569 574 2843 643 ἁμαρτίας
2862 573 2923 627 τὸ
2950 573 3143 638 πένθος
3171 574 3306 644 πρὸς
3329 572 3664 628 ταπείνωσίν

2086 683 2202 729 σου,
2233 665 2400 728 ὅπως,
2439 666 2813 730 ταπεινωθεὶς,
2860 665 2959 736 τὴν
3013 665 3395 735 ὑπερηφανίαν
3447 665 3667 735 ἀνάγκῃ

2085 755 2344 828 ἐκκόψῃς.
2380 756 2448 809 Εἴ
2494 774 2576 820 τις
2633 755 2742 809 τῶν
2786 757 3000 827 ἄθεσμα
3046 757 3361 826 δρασάντων
3416 754 3669 826 βούλοιτο

2089 838 2427 919 μεταϐιῶσαί
2472 849 2728 919 ἁρίστως,
2777 851 2898 902 κατ’
2947 849 3204 918 ἄντικρυς
3253 847 3363 901 τῶν
3409 849 3667 920 πράξεων

2089 944 2266 1012 στήτω
2292 940 2559 1010 ὲναλλαγῇ
2583 939 2690 992 τῶν
2724 939 3068 1010 κρειττόνων·
3092 943 3186 993 καὶ
3209 939 3318 1010 γὰρ
3341 941 3370 992 ό
3388 941 3498 1008 τὴν
3527 940 3670 992 ἀντι-

2088 1052 2223 1106 κρυς
2246 1033 2444 1104 πρᾶξιν
2466 1035 2531 1101 τῇ
2561 1033 2764 1102 ἑκάστῃ
2793 1032 3029 1100 πονηρία
3056 1030 3345 1092 ἁνθιστῶν,
3369 1034 3438 1102 τῇ
3476 1034 3674 1100 συνετῇ

2095 1127 2204 1178 τῶν
2235 1123 2445 1195 ἀρετῶν
2478 1123 2742 1194 βελοθήκῃ
2779 1122 2987 1186 τοξεύει
3023 1122 3114 1176 τὸν
3161 1121 3458 1192 δράκοντα,
3486 1123 3582 1175 τοῦ
3621 1124 3676 1175 δὲ

2090 1216 2252 1287 θηρὸς
2283 1215 2537 1281 ὀξύτατον
2562 1215 2724 1268 ὅπλον
2753 1215 2903 1268 ἐστὶν
2928 1216 2962 1286 ἠ
2991 1215 3286 1280 κενοδοξία,
3314 1215 3448 1278 τοὺς
3478 1216 3675 1278 πόνους

2089 1308 2549 1373 κατατοξεύουσα,
2594 1307 2770 1378 ἤνπερ
2812 1308 2841 1359 ό
2873 1309 2994 1368 ταῖς
3039 1309 3310 1376 κρυπταῖς
3341 1307 3455 1360 τῶν
3499 1307 3675 1378 ἔργων

2092 1401 2446 1472 στρατηγίαις
2470 1399 2918 1471 προκαταλαϐὼν,
2951 1399 3177 1468 ἦγγισεν
3205 1398 3426 1452 ἃπασαν
3456 1400 3559 1470 τὴν
3585 1401 3674 1453 τοῦ

2089 1501 2339 1554 διαϐόλου
2369 1500 2695 1567 κατενέγκαι
2723 1497 2984 1570 κεφαλήν.
3024 1497 3106 1550 Τὰ
3137 1495 3411 1567 ἀρώματά
3440 1515 3539 1550 σου
3570 1499 3675 1550 τῶν

2092 1593 2271 1645 πόνων
2305 1591 2608 1662 σφράγισον
2635 1593 2703 1662 τῇ
2740 1592 2890 1660 σιγῇ,
2942 1587 3030 1642 ἵνα
3071 1587 3147 1660 μὴ
3188 1589 3408 1662 γλώττῃ
3445 1591 3679 1644 λυθέντα

2091 1684 2196 1738 ὑπὸ
2220 1683 2377 1752 δόξης
2412 1681 2682 1735 κλαπῶσι·
2720 1681 2930 1751 κρύπτε
2969 1699 3063 1735 σου
3090 1681 3189 1753 τὴν
3217 1681 3474 1750 γλῶτταν
3518 1685 3574 1735 ὲν
3602 1683 3678 1750 τῷ

411 1770 629 1811 tuorum
674 1758 920 1812 laborum
961 1769 1207 1816 aromata
1252 1761 1479 1830 obsigna
1525 1762 1772 1820 silentio,
1801 1777 1865 1814 ne
1895 1776 1978 1830 per

2101 1774 2380 1847 πρακτικῷ
2428 1774 2528 1842 τῆς
2571 1773 2859 1842 ἀσκήσεως
2916 1772 3142 1843 τρόπῳο
3191 1773 3289 1826 καὶ
3337 1773 3450 1844 γὰρ
3488 1775 3678 1842 σιγῶν,

411 1843 650 1918 linguam
693 1849 870 1904 soluta
904 1859 934 1905 a'
963 1851 1129 1921 gloria
1160 1852 1516 1921 diripiantur;
1561 1853 1798 1922 linguam
1841 1861 1984 1906 tuam

411 1940 632 1994 occulta"
663 1940 824 1994 modo
848 1937 1254 1996 exercitationis
1279 1943 1538 2012 practice,
1571 1959 1666 1996 seu
1698 1942 1749 1994 ’m
1781 1945 1989 2012 agendo

406 2030 625 2098 pdsito;
657 2031 827 2087 silens
855 2033 1054 2086 etenim
1094 2045 1256 2089 testes
1300 2034 1547 2089 sortieris
1596 2033 1813 2088 labores
1866 2033 1988 2086 vita:

407 2127 513 2174 mae
547 2120 649 2174 ﬁde
677 2116 872 2190 dignos
902 2122 1259 2178 convictores.
1301 2123 1403 2190 Qui
1445 2140 1550 2178 non
1597 2123 1758 2177 habet
1789 2123 1987 2192 quibus

409 2232 438 2265 η
465 2213 820 2282 praesentibus
849 2213 1130 2268 laboribus
1157 2215 1528 2270 testimonium
1565 2226 1804 2283 u'nquam
1838 2217 1903 2267 de
1931 2231 1988 2267 se

411 2303 636 2367 feratur,
669 2318 738 2357 ne
776 2304 1148 2358 testimonium
1187 2305 1288 2359 sibi
1321 2301 1423 2374 ipsi
1457 2305 1638 2374 lingua
1667 2305 1940 2374 perhibent
1973 2323 1985 2358 :

409 2394 628 2462 quidam
646 2394 792 2446 enim
824 2409 946 2448 cum
973 2394 1174 2448 duritia
1201 2395 1445 2448 laborum
1467 2395 1678 2464 seipsos
1717 2395 1986 2456 exuerint,

363 2495 378 2512 θ
409 2485 574 2539 veluti
635 2493 1016 2554 tegumentum
1065 2485 1286 2540 desidia:
1319 2486 1620 2553 praebentes
1669 2485 1990 2538 instabilitcr

408 2593 514 2630 non
542 2577 902 2646 prwsentibus
932 2577 1188 2645 Operibus
1211 2577 1530 2633 manifestos
1553 2586 1739 2642 testes,
1767 2589 1986 2647 praetcr-

406 2670 602 2723 itorum
645 2678 948 2737 temporum
991 2669 1260 2738 objiciunt.
1314 2672 1577 2726 actiones.
1617 2671 1986 2736 Quemadmo-

404 2762 534 2814 dum
585 2761 653 2814 ab
683 2760 996 2816 hominibus
1031 2770 1122 2816 tua
1171 2762 1413 2817 occultas
1445 2772 1684 2832 peccata,
1734 2763 1805 2816 ita
1835 2773 1889 2816 et.
1919 2763 1989 2816 ab

406 2852 540 2922 ipsis
577 2853 790 2907 labores
835 2863 958 2909 tuos
997 2853 1283 2908 absconde
1313 2855 1614 2924 :quidquid
1647 2856 1790 2909 enim
1817 2870 1987 2909 temu-

407 2944 516 2999 lum
543 2953 626 2999 est
656 2954 994 3000 secretorum
1026 2947 1229 3012 cordis,
1258 2954 1310 3000 et
1341 2947 1831 3016 supplantatioues,
1866 2963 1988 3016 quae

2093 1867 2375 1936 μάρτυρας
2414 1862 2600 1933 σχοίης
2623 1863 2718 1916 τοῦ
2750 1863 2865 1932 βίου
2887 1863 3014 1926 τοὺς
3045 1863 3400 1929 ἀξιοπίστους
3427 1866 3677 1935 συμϐιῶο

2089 1975 2187 2020 τας
2219 1973 2312 2008 σου
2337 1956 2551 2018 πόνους.
2595 1955 2653 2006 Ὁ
2687 1955 3081 2026 μαρτυρεῖσθαι
3112 1956 3219 2009 ἀπὸ
3244 1955 3357 2009 τῶν
3387 1959 3678 2027 παρόντων

2093 2047 2271 2100 πόνων
2302 2047 2402 2100 οὐκ
2436 2047 2573 2116 ἔχων
2596 2047 2706 2099 τίσι
2731 2047 2886 2113 ποτὲ,
2907 2047 3087 2117 ἑαυτῷ
3117 2049 3190 2119 μὴ
3219 2049 3441 2120 γλώττῃ
3472 2067 3677 2120 μαρτυ-

2092 2138 2271 2209 ρείτω·
2299 2137 2442 2201 τινὲς
2477 2140 2584 2209 γὰρ
2630 2138 2738 2190 τῶν
2781 2138 2957 2192 πόνων
2998 2139 3099 2210 τῆς
3138 2140 3519 2211 σκληρουχίας
3557 2144 3677 2196 ὲαυ-

2087 2231 2212 2291 τοὺς
2246 2229 2575 2294 ἐκδύσαντες
2611 2232 2687 2296 ῶς
2726 2237 3095 2307 προκάλυμμα
3127 2240 3226 2309 τῆς
3259 2240 3546 2310 ῥᾳθυμίας
3573 2242 3679 2294 τῶν

2087 2321 2429 2374 ἀπελθόντων
2458 2323 2668 2392 χρόνων
2695 2325 2794 2390 τὰς
2829 2331 3055 2401 πράξεις
3087 2333 3507 2403 παραϐάλλουσι
3539 2336 3676 2404 μάρ-

2086 2429 2258 2482 τυρας
2300 2413 2559 2482 ἐκδήλους
2598 2415 2782 2484 ἔργοις
2823 2422 2882 2472 οὐ
2920 2423 3182 2491 παροῦσιν
3214 2422 3497 2486 ἁϐεϐαίως
3537 2440 3674 2493 παρ⁸

2088 2503 2321 2572 ἔχοντες.
2349 2506 2558 2577 Ὥσπερ
2599 2509 2662 2560 ὲκ
2690 2508 2800 2562 τῶν
2822 2509 3125 2582 ἀνθρώπων
3159 2513 3428 2584 κρύπτεις
3462 2531 3558 2566 σου
3584 2515 3676 2576 τὰς

2089 2597 2381 2666 ἁμαρτίας.
2413 2598 2556 2651 οὕτω
2587 2601 2681 2653 καὶ
2713 2605 2839 2666 τοὺς
2881 2606 3076 2668 πόνους
3105 2605 3163 2671 ἐξ
3194 2607 3378 2659 αὐτῶν
3428 2607 3676 2676 ἀπόκρυ-

2088 2697 2209 2738 πτε⁶
2246 2689 2343 2739 καϊ
2389 2688 2499 2756 γὰρ
2542 2689 2602 2742 τὸ
2637 2691 2944 2764 ἀντίτεχνον
2975 2695 3084 2748 τῶν
3113 2697 3365 2767 κρυφίων
3393 2699 3500 2767 τῆς
3546 2715 3670 2767 καρ-

2087 2776 2226 2842 δίας,
2252 2779 2632 2850 σκελισμάτων
2661 2784 2728 2836 τὰ
2770 2787 2975 2856 κρυφῆ.
3016 2789 3110 2840 καὶ
3155 2787 3221 2841 τὰ
3261 2789 3675 2859 ἁναπαλαίσμασ

2085 2883 2179 2927 τα,
2202 2869 2323 2919 κατ’
2348 2870 2528 2923 αὐτῶν
2556 2873 3020 2944 ἁντιστηρίζουσι”
3050 2879 3098 2929 εί
3125 2877 3180 2930 δὲ
3203 2877 3272 2931 τὰ
3297 2879 3400 2948 μὲν
3426 2880 3676 2949 πλημμε-

2086 2957 2308 3024 λήματα
2341 2963 2481 3029 μετὰ
2521 2963 2820 3032 ἀσφαλείας
2859 2968 3306 3038 ἀποκρύπτομεν,
3353 2971 3429 3024 τὰ
3462 2971 3524 3024 δὲ
3568 2974 3677 3025 κατ’

404 3039 544 3090 clam
569 3035 725 3100 ﬁunt,
752 3037 1019 3106 laetaeque
1061 3040 1418 3092 certaminum
1451 3041 1842 3107 reparationes,
1890 3039 1979 3092 ad-

2101 3047 2268 3101 ιὺτῶν
2291 3051 2584 3121 πονήματα
2617 3056 2900 3127 σφαλερῶς
2927 3059 3409 3132 ἁνακαλύπτομεν,
3447 3063 3546 3116 καὶ
3575 3067 3678 3126 τοῖς

411 3142 605 3182 versus
633 3144 726 3182 eas
761 3129 906 3196 ipsas
933 3138 1155 3183 econtra
1209 3138 1260 3184 te
1292 3129 1564 3194 lulciunt;
1608 3130 1651 3183 si
1690 3146 1820 3184 vero
1845 3131 1982 3184 deli-

405 3227 492 3272 cta
532 3234 656 3273 cum
709 3219 998 3274 securitate
1045 3220 1473 3286 abscondimus,
1502 3230 1556 3275 et
1587 3223 1839 3284 labores,
1889 3222 1984 3290 qui

408 3311 672 3364 adversus
700 3325 762 3363 ea
794 3309 948 3376 ﬁunt,
978 3325 1277 3366 econverso
1307 3311 1637 3381 delegimus,
1690 3327 1880 3380 parum
1907 3321 1986 3366 tu-

405 3409 464 3453 to
490 3398 738 3468 utrisque
753 3401 1028 3454 contraria
1047 3415 1359 3471 Operamur.
1384 3403 1454 3456 At
1474 3403 1854 3457 verecundaris
1881 3411 1989 3455 tur-

409 3490 554 3558 pium
602 3499 880 3560 gestorum
911 3492 1358 3560 publicationem,
1395 3509 1462 3548 ne
1502 3492 1646 3547 forte
1685 3492 1876 3558 facias,
1931 3501 1989 3548 ut

405 3582 517 3637 sint
547 3582 796 3639 dedecori
829 3592 883 3639 et
922 3584 1278 3654 contemptui,
1322 3600 1444 3654 quae
1499 3594 1628 3639 sunt
1657 3585 1852 3639 animai
1885 3594 1992 3640 tua:

408 3675 580 3732 utilia.
609 3678 822 3734 Timeto
843 3679 1004 3734 etiam
1026 3681 1448 3735 ostentationem
1478 3679 1750 3744 laborum,
1784 3695 1852 3734 ne
1876 3679 1991 3733 for-

406 3774 458 3819 te
492 3768 720 3834 crimen,
761 3768 907 3839 quod
935 3770 994 3824 tit
1014 3769 1332 3824 hominibus
1361 3770 1773 3840 complacendo,
1799 3769 1990 3824 all‘erat

408 3857 606 3913 anima!
624 3861 846 3915 exitium
883 3880 897 3916 :
927 3861 972 3916 si
1007 3876 1138 3916 vero
1164 3871 1220 3915 et.
1247 3862 1344 3915 soli
1379 3861 1487 3915 Deo
1523 3863 1840 3918 n‘tanifestas
1868 3872 1988 3916 tura

2089 3136 2422 3209 ἀμφοτέροις
2467 3141 2535 3195 τὰ
2580 3145 2796 3199 ἐναντία
2839 3150 3320 3220 ἀναπραττόμεθα.
3392 3154 3546 3206 Ἀλλ’
3587 3156 3678 3208 ἐπ-

2089 3229 2320 3304 αισχύνῃ
2355 3232 2462 3284 τῶν
2493 3236 2736 3306 αἰσχρῶν
2767 3239 2866 3309 τὴν
2894 3239 2956 3310 δη
2967 3242 3267 3311 μοσίευσιν,
3302 3243 3517 3314 μήπως
3548 3247 3678 3300 ὄνει-

2090 3317 2199 3382 δος,
2231 3322 2324 3373 καὶ
2354 3322 2705 3386 ἐξουδένωσιν
2743 3331 2946 3402 ποιήσῃ
2973 3331 3044 3384 τὰ
3069 3333 3170 3401 τῆς
3199 3333 3384 3404 ψυχῆς
3413 3353 3517 3389 σου
3553 3337 3681 3407 σύμ-

2093 3428 2256 3481 φορα.
2291 3412 2461 3466 Φοϐοὗ
2503 3417 2595 3469 καὶ
2624 3417 2736 3471 τῶν
2769 3419 2947 3473 πόνων
2989 3423 3090 3493 τὴν
3119 3423 3406 3490 ἐπίδειξιν,
3459 3428 3539 3496 μή
3575 3445 3681 3490 πως

2093 3501 2345 3572 ἔγκλημα
2371 3504 2831 3578 ἀνθρωπάρεσκον
2862 3511 3068 3583 κομίσῃ
3096 3511 3187 3564 τδν
3222 3513 3326 3583 τῆς
3347 3514 3540 3586 ψυχῆς
3577 3516 3681 3569 ὄλε-

2096 3591 2246 3662 θρον·
2280 3596 2328 3646 εἰ
2353 3594 2410 3648 δὲ
2440 3597 2536 3650 καὶ
2567 3599 2713 3668 μόνῳ
2734 3599 2854 3668 Θεῷ
2878 3602 3160 3670 ἐκφαίνεις
3186 3603 3255 3656 τὰ
3284 3605 3392 3675 τῆς
3420 3607 3682 3677 αἰσχύνης

2097 3683 2541 3756 παραπτώματα,
2574 3689 2650 3760 μὴ
2673 3690 2982 3762 ἀνθρώποις
3013 3693 3238 3765 ἕκφαινε
3259 3695 3331 3750 τὰ
3355 3699 3488 3750 κατ’
3512 3699 3682 3750 αὐτῶν

2097 3775 2556 3848 ἀνταγωνίσματα
2588 3781 2673 3834 ἶνα
2716 3783 2791 3854 μὴ
2831 3783 3155 3854 νομισθῶσι,
3194 3787 3356 3858 νίκης
3389 3785 3536 3842 εἶναι
3568 3805 3680 3843 στε-

2096 3865 2423 3937 φανώματα.

409 3947 668 4034 pitudinis
696 3960 800 4006 tuze
823 3959 1063 4022 peccata,
1089 3967 1156 4005 ne
1194 3953 1505 4008 hominibus
1530 3953 1847 4022 patefacias,
1875 3969 1995 4024 quae
2031 3954 2295 4012 adversus
2329 3975 2393 4015 ea
2459 3964 2748 4034 suscepisti
2787 3967 3110 4035 certamina,
3151 3977 3209 4024 ut
3267 3985 3379 4025 non
3431 3981 3680 4028 censean-

409 4051 497 4097 tur
525 4059 646 4100 esse
664 4043 779 4114 jam
819 4045 1063 4099 victoria:
1100 4055 1512 4098 coronamenta.

892 4173 1054 4252 4-25
1092 4177 1322 4237 CAPUT
1370 4178 1486 4236 xv.

477 4294 580 4360 Qui
603 4293 712 4348 vim
738 4295 804 4348 ad
826 4294 1040 4350 labores
1069 4311 1099 4348 a
1125 4296 1297 4366 gratia
1321 4295 1649 4367 suscipiunt,
1697 4313 1762 4350 ne
1791 4298 1936 4354 velut
1958 4314 1988 4352 e

2681 4187 2928 4242 ΚΕΦΑΛ.
2960 4183 3061 4242 lE'.

2156 4300 2219 4352 Οἱ
2253 4299 2356 4367 τὴν
2393 4297 2623 4368 δύναμιν
2655 4299 2763 4352 τῶν
2807 4300 2986 4354 πόνων
3017 4302 3123 4354 ἀπὸ
3154 4301 3256 4371 τῆς
3295 4303 3528 4373 χάριτος
3558 4296 3672 4376 λαμ-

409 4387 627 4457 proprio
650 4388 862 4450 robore,
890 4385 1035 4440 illam
1068 4387 1266 4443 habere
1286 4404 1406 4443 sese
1429 4389 1755 4458 opinentur;
1800 4399 1978 4445 auctor

2101 4390 2344 4454 ὗάνοντες
2377 4389 2451 4459 μὴ
2473 4389 2548 4452 ὡς
2577 4387 2638 4455 ἐξ
2673 4391 2878 4454 οἰκείας
2915 4391 3096 4462 ἰσχύος
3125 4392 3269 4464 ἔχειν
3293 4395 3513 4467 ταύτην
3533 4416 3669 4467 νομι-

407 4479 550 4534 enim
583 4481 849 4533 bonorum
887 4479 1133 4534 omnium
1178 4479 1334 4534 nobis
1377 4488 1462 4535 est
1490 4496 1671 4535 sermo
1703 4482 1984 4537 mandato-

407 4586 552 4636 rum,
584 4569 728 4625 sicut
765 4580 820 4624 et
865 4569 1154 4635 malorum,
1179 4569 1273 4639 qui
1300 4569 1677 4627 fraudulentus
1708 4582 1792 4627 est
1826 4575 1984 4629 dece-

406 4670 528 4730 ptor
549 4678 564 4728 ;
590 4677 776 4717 eorum
803 4662 986 4731 igitur,
1005 4677 1125 4731 qua:
1146 4661 1282 4716 bene
1309 4660 1621 4732 perfeceris,
1642 4663 1750 4718 Deo
1774 4667 1981 4721 auctori

410 4755 677 4810 bonorum
705 4755 1004 4824 gratiarum
1037 4753 1304 4808 actionem
1333 4753 1468 4808 oller
1491 4771 1506 4820 ;
1533 4772 1654 4825 qua:
1683 4771 1810 4812 vero
1843 4759 1983 4814 mala

410 4847 504 4902 tibi
531 4847 989 4917 perturbationem
1021 4847 1274 4910 aﬂ‘erunt,
1325 4846 1376 4899 in
1413 4862 1537 4900 eum
1571 4849 1849 4918 projicias,
1889 4851 1984 4921 qui

407 4956 576 4997 causa
619 4940 723 4996 fuit
763 4939 1099 5010 principalis.
1145 4938 1202 4992 In
1263 4939 1367 4992 line
1407 4939 1675 5009 cujusque
1712 4943 1873 4995 studii
1911 4943 1983 5003 ei,

408 5033 501 5102 qui
529 5042 582 5088 te
611 5033 804 5087 melior
825 5039 927 5096 est,
950 5031 1083 5087 oll‘er
1109 5031 1402 5101 gratiarum
1429 5033 1716 5098 actionem,
1753 5044 1808 5087 ut
1834 5035 1985 5088 obla-

407 5127 555 5182 tione
597 5135 688 5180 tua
734 5123 973 5194 legitime
1008 5124 1240 5193 prolata,
1294 5123 1498 5176 malitia
1539 5124 1743 5192 pudore
1776 5125 1984 5180 suffun-

408 5215 566 5269 datur
613 5231 627 5268 :
679 5228 807 5268 nam
857 5211 950 5282 qui
1007 5211 1306 5281 operationi
1363 5212 1660 5280 gratiarum
1711 5215 1980 5268 actionem

409 5306 773 5376 coniunxerit,
821 5304 1142 5360 thesaurum
1187 5303 1370 5357 cordis
1409 5301 1650 5365 habebit,
1691 5306 1784 5374 qui
1823 5305 1981 5375 diripi

410 5414 752 5469 nequaquam
807 5397 1025 5466 poterit,
1070 5405 1259 5465 utpote
1300 5395 1393 5464 qui
1441 5397 1713 5465 duplicem
1766 5414 1982 5452 murum

411 5491 674 5544 adversus
705 5488 967 5543 malitiam
1003 5487 1056 5541 in
1104 5488 1272 5541 turris
1303 5487 1642 5542 altitudinem
1682 5489 1982 5557 ampliﬁca—

414 5582 507 5635 vit.
537 5581 852 5636 Laudabilis
878 5580 925 5635 is
950 5580 1055 5643 vir,
1078 5580 1169 5648 qui
1194 5579 1381 5633 activze
1411 5581 1533 5634 vita:
1559 5582 1981 5649 cognoscitivam

413 5673 707 5736 connectit,
746 5681 804 5726 ut
824 5685 888 5728 ex
921 5671 1185 5726 ambobus
1220 5671 1461 5725 fontibus
1502 5673 1694 5726 anima:
1724 5674 1981 5740 prmlinm

2091 4480 2354 4546 ζὲτωσανο
2384 4480 2553 4546 αἴτιος
2579 4483 2688 4554 γὰρ
2713 4483 2968 4536 ἁπάντων
3004 4483 3112 4536 τῶν
3145 4485 3328 4538 καλῶν
3363 4489 3503 4557 ἡμῖν
3537 4491 3667 4542 ἐστιν

2088 4575 2116 4627 ό
2141 4575 2250 4627 τῶν
2273 4575 2500 4629 ἐντολῶν
2527 4574 2707 4643 λόγος,
2740 4575 2930 4646 ῶσπερ
2958 4579 3050 4630 καὶ
3079 4577 3186 4629 τῶν
3210 4579 3402 4631 κακῶν
3423 4581 3454 4633 ό
3488 4582 3645 4634 ἀποὸο

2089 4669 2198 4721 λῶν
2226 4668 2521 4738 ἁπατηλός.
2559 4669 2738 4737 "Art-ep
2789 4661 2881 4720 οὗν
2909 4669 3216 4739 διαπράττῃ
3249 4669 3415 4730 καλὰ,
3455 4673 3553 4740 τὴν
3588 4673 3663 4724 sti-

2088 4760 2371 4830 χαριστίαν
2403 4759 2482 4828 τῷ
2521 4760 2676 4830 αἰτίῳ
2695 4759 2804 4811 τῶν
2837 4759 3015 4812 καλῶν
3049 4759 3327 4831 πρόσφερε
3353 4777 3368 4791 ο
3397 4760 3436 4814 ἃ
3479 4761 3536 4815 δὲ
3570 4763 3662 4815 διο-

2090 4851 2207 4920 χλεῖ
2272 4868 2353 4903 σοι
2414 4851 2583 4909 κακὰ.
2635 4850 2714 4920 τῷ
2754 4851 3039 4923 ἀρχηγέτῃ
3089 4850 3294 4904 τούτων
3347 4853 3658 4922 πρόσριπτε.

2090 4941 2278 5009 [Ida-qr;
2306 4940 2690 5011 πραγματείας
2729 4941 2790 4993 τὸ
2820 4941 2973 5003 τέλος
3007 4940 3284 5010 πρόσνεμε
3325 4940 3662 5012 εὐχαριστίαν

2088 5033 2164 5103 τῷ
2194 5033 2478 5102 κρείττονι,
2510 5033 2596 5085 ἵνα
2634 5033 2728 5102 τῆς
2769 5035 3087 5102 προσφορᾶς
3115 5050 3208 5087 σου
3230 5034 3475 5103 νομικῶς
3512 5050 3660 5103 προσ-

2089 5123 2396 5193 ενεχθείσης
2451 5123 2484 5191 ἡ
2537 5122 2706 5174 κακία
2732 5121 3183 5191 καταισχύνηται.
3220 5121 3279 5174 Ὀ
3303 5122 3414 5191 γὰρ
3439 5126 3505 5192 τῇ
3539 5124 3663 5191 πρά-

2091 5213 2171 5278 ξει
2215 5205 2314 5283 τὴν
2365 5212 2714 5282 εὐχαριστίαν
2756 5213 3038 5281 συνάψας,
3071 5213 3382 5285 ἀπόρθητον
3430 5213 3544 5279 ’ἕξει
3583 5215 3664 5267 τὸν

2091 5305 2361 5376 θησαυρὸν
2411 5304 2510 5374 τῆς
2550 5302 2794 5374 καρδίας,
2861 5303 3081 5357 διπλοῦν
3132 5304 3274 5356 κατὰ
3321 5305 3424 5373 τῆς
3480 5304 3661 5365 auxi-1;

2092 5395 2386 5468 πυργώσας
2420 5395 2480 5448 τὸ
2529 5397 2727 5464 τεῖχος.
2774 5395 3087 5458 Ἐπαινετός
3127 5390 3279 5457 οὗτος
3324 5397 3489 5465 ἀνὴρ,
3540 5397 3568 5447 ό
3604 5398 3664 5464 τῇ

2092 5490 2366 5559 πρακτικῇ
2400 5488 2496 5557 τὴν
2525 5486 2832 5555 γνωστικὴν
2867 5482 3126 5552 συζεύξας
3152 5528 3167 5549 ,
3201 5487 3287 5539 ἵνα
3331 5486 3390 5551 ἐξ
3431 5487 3660 5554 ἀμεροτέ-

2094 5599 2201 5651 ρων
2246 5579 2439 5648 πηγῶν
2481 5578 2542 5630 τὸ
2587 5581 2687 5646 -ἦς
2733 5578 2916 5640 "rvit:
2959 5577 3158 5648 χωρίον
3204 5578 3486 5647 ἀρδεύοιτο
3541 5578 3662 5645 πρὸς

2096 5675 2313 5740 ἀρετην·
2354 5673 2386 5740 ἡ
2426 5669 2534 5739 γὰρ
2578 5668 2852 5739 γνωστικὴ
2886 5673 3078 5740 πτεροῑ
3107 5671 3205 5739 τὴν
3255 5668 3452 5740 νοερὰν
3489 5670 3658 5723 οὐσίαν
