  <div class='ocr_page' id='page_1' title='image "/cluster/home/n/w/nwhite01/storage/ocr_20150623/79/nnc1.0038021404/626.png"; bbox 0 0 3788 6224; ppageno 0'>
   <div class='ocr_carea' id='block_1_1' title="bbox 180 260 327 323">
    <p class='ocr_par' dir='ltr' id='par_1_1' title="bbox 180 260 327 323">
     <span class='ocr_line' id='line_1_1' title="bbox 180 260 327 323; baseline 0.014 -2"><span class='ocrx_word' id='word_1_1' title='bbox 180 260 327 323; x_wconf 81' lang='grc'><strong>1113</strong></span> 
     </span>
    </p>
   </div>
   <div class='ocr_carea' id='block_1_2' title="bbox 176 462 1767 543">
    <p class='ocr_par' dir='ltr' id='par_1_2' title="bbox 176 462 1767 543">
     <span class='ocr_line' id='line_1_2' title="bbox 176 462 1767 543; baseline 0.008 -29"><span class='ocrx_word' id='word_1_2' title='bbox 176 462 323 532; x_wconf 79' lang='grc' dir='ltr'>μέλη</span> <span class='ocrx_word' id='word_1_3' title='bbox 353 463 423 515; x_wconf 80' lang='grc' dir='ltr'>τὰ</span> <span class='ocrx_word' id='word_1_4' title='bbox 445 466 540 518; x_wconf 73' lang='grc' dir='ltr'>ἐπὶ</span> <span class='ocrx_word' id='word_1_5' title='bbox 566 466 665 537; x_wconf 86' lang='grc' dir='ltr'><strong>τῆς</strong></span> <span class='ocrx_word' id='word_1_6' title='bbox 693 467 798 537; x_wconf 85' lang='grc' dir='ltr'><strong>γῆς</strong></span> <span class='ocrx_word' id='word_1_7' title='bbox 817 508 832 533; x_wconf 93' lang='grc'><strong>,</strong></span> <span class='ocrx_word' id='word_1_8' title='bbox 856 470 1133 539; x_wconf 80' lang='grc' dir='ltr'><strong>πορνείαν,</strong></span> <span class='ocrx_word' id='word_1_9' title='bbox 1167 470 1541 543; x_wconf 89' lang='grc' dir='ltr'>ἀκαθαρσίαν,</span> <span class='ocrx_word' id='word_1_10' title='bbox 1577 474 1767 537; x_wconf 76' lang='grc' dir='ltr'>πάθος,</span> 
     </span>
    </p>
   </div>
   <div class='ocr_carea' id='block_1_3' title="bbox 174 556 1771 636">
    <p class='ocr_par' dir='ltr' id='par_1_3' title="bbox 174 556 1771 636">
     <span class='ocr_line' id='line_1_3' title="bbox 174 556 1771 636; baseline 0.007 -28"><span class='ocrx_word' id='word_1_11' title='bbox 174 557 405 619; x_wconf 77' lang='grc' dir='ltr'>κακίαν,</span> <span class='ocrx_word' id='word_1_12' title='bbox 431 556 726 628; x_wconf 73' lang='grc' dir='ltr'><strong>ἐπιθυμίαν</strong></span> <span class='ocrx_word' id='word_1_13' title='bbox 751 563 945 631; x_wconf 77' lang='grc' dir='ltr'>κακήν·</span> <span class='ocrx_word' id='word_1_14' title='bbox 978 564 1029 614; x_wconf 82' lang='grc' dir='ltr'>οἱ</span> <span class='ocrx_word' id='word_1_15' title='bbox 1065 562 1158 615; x_wconf 80' lang='grc' dir='ltr'>οὖν</span> <span class='ocrx_word' id='word_1_16' title='bbox 1181 562 1268 616; x_wconf 83' lang='grc' dir='ltr'><strong>διὰ</strong></span> <span class='ocrx_word' id='word_1_17' title='bbox 1294 564 1404 617; x_wconf 90' lang='grc' dir='ltr'><strong>τῶν</strong></span> <span class='ocrx_word' id='word_1_18' title='bbox 1444 566 1771 636; x_wconf 78' lang='grc' dir='ltr'><strong>ἀμφοτέρων</strong></span> 
     </span>
    </p>
   </div>
   <div class='ocr_carea' id='block_1_4' title="bbox 172 646 1769 725">
    <p class='ocr_par' dir='ltr' id='par_1_4' title="bbox 172 646 1769 725">
     <span class='ocr_line' id='line_1_4' title="bbox 172 646 1769 725; baseline 0.009 -27"><span class='ocrx_word' id='word_1_19' title='bbox 172 646 389 699; x_wconf 77' lang='grc' dir='ltr'>τούτων</span> <span class='ocrx_word' id='word_1_20' title='bbox 421 651 490 719; x_wconf 80' lang='grc' dir='ltr'>τῇ</span> <span class='ocrx_word' id='word_1_21' title='bbox 524 652 791 722; x_wconf 77' lang='grc' dir='ltr'><strong>πανοπλίᾳ</strong></span> <span class='ocrx_word' id='word_1_22' title='bbox 806 655 1334 725; x_wconf 79' lang='grc' dir='ltr'><strong>περιπεφραγμένοι,</strong></span> <span class='ocrx_word' id='word_1_23' title='bbox 1372 657 1605 721; x_wconf 81' lang='grc' dir='ltr'><strong>εὐκόλως</strong></span> <span class='ocrx_word' id='word_1_24' title='bbox 1634 676 1769 713; x_wconf 84' lang='grc' dir='ltr'>κατ-</span> 
     </span>
    </p>
   </div>
   <div class='ocr_carea' id='block_1_5' title="bbox 174 738 1762 820">
    <p class='ocr_par' dir='ltr' id='par_1_5' title="bbox 174 738 1762 820">
     <span class='ocr_line' id='line_1_5' title="bbox 174 738 1762 820; baseline 0.008 -30"><span class='ocrx_word' id='word_1_25' title='bbox 174 738 540 809; x_wconf 78' lang='grc' dir='ltr'>επιὸήσονται</span> <span class='ocrx_word' id='word_1_26' title='bbox 596 742 784 796; x_wconf 76' lang='grc' dir='ltr'>λοιπὸν</span> <span class='ocrx_word' id='word_1_27' title='bbox 824 747 921 815; x_wconf 86' lang='grc' dir='ltr'><strong>τῆς</strong></span> <span class='ocrx_word' id='word_1_28' title='bbox 964 746 1073 798; x_wconf 88' lang='grc' dir='ltr'><strong>τῶν</strong></span> <span class='ocrx_word' id='word_1_29' title='bbox 1140 748 1410 817; x_wconf 86' lang='grc' dir='ltr'><strong>δαιμόνων</strong></span> <span class='ocrx_word' id='word_1_30' title='bbox 1470 752 1762 820; x_wconf 82' lang='grc' dir='ltr'>πονηρίας.</span> 
     </span>
    </p>
   </div>
   <div class='ocr_carea' id='block_1_6' title="bbox 173 830 1766 911">
    <p class='ocr_par' dir='ltr' id='par_1_6' title="bbox 173 830 1766 911">
     <span class='ocr_line' id='line_1_6' title="bbox 173 830 1766 911; baseline 0.008 -29"><span class='ocrx_word' id='word_1_31' title='bbox 173 830 246 882; x_wconf 79' lang='lat' dir='ltr'><strong>Ol</strong></span> <span class='ocrx_word' id='word_1_32' title='bbox 280 830 540 901; x_wconf 84' lang='grc' dir='ltr'>δαίμονες</span> <span class='ocrx_word' id='word_1_33' title='bbox 575 834 663 887; x_wconf 78' lang='grc' dir='ltr'><strong>διὰ</strong></span> <span class='ocrx_word' id='word_1_34' title='bbox 706 836 819 889; x_wconf 89' lang='grc' dir='ltr'><strong>τῶν</strong></span> <span class='ocrx_word' id='word_1_35' title='bbox 848 838 1123 907; x_wconf 82' lang='grc' dir='ltr'><strong>λογισμῶν</strong></span> <span class='ocrx_word' id='word_1_36' title='bbox 1158 843 1225 910; x_wconf 79' lang='grc' dir='ltr'>τῇ</span> <span class='ocrx_word' id='word_1_37' title='bbox 1268 839 1411 911; x_wconf 81' lang='grc' dir='ltr'>ψυχῇ</span> <span class='ocrx_word' id='word_1_38' title='bbox 1450 841 1766 911; x_wconf 87' lang='grc' dir='ltr'>πολεμοῦσι,</span> 
     </span>
    </p>
   </div>
   <div class='ocr_carea' id='block_1_7' title="bbox 173 925 1769 1002">
    <p class='ocr_par' dir='ltr' id='par_1_7' title="bbox 173 925 1769 1002">
     <span class='ocr_line' id='line_1_7' title="bbox 173 925 1769 1002; baseline 0.009 -30"><span class='ocrx_word' id='word_1_39' title='bbox 173 925 432 976; x_wconf 72' lang='grc' dir='ltr'>κακεῖνος</span> <span class='ocrx_word' id='word_1_40' title='bbox 470 926 869 998; x_wconf 79' lang='grc' dir='ltr'>χαλεπωτέρως</span> <span class='ocrx_word' id='word_1_41' title='bbox 914 928 1009 982; x_wconf 75' lang='grc' dir='ltr'>διὰ</span> <span class='ocrx_word' id='word_1_42' title='bbox 1035 929 1138 998; x_wconf 82' lang='grc' dir='ltr'><strong>τῆς</strong></span> <span class='ocrx_word' id='word_1_43' title='bbox 1172 932 1451 1002; x_wconf 80' lang='grc' dir='ltr'>ὑπομονῆς</span> <span class='ocrx_word' id='word_1_44' title='bbox 1482 934 1769 986; x_wconf 83' lang='grc' dir='ltr'>ἀντιπολε-</span> 
     </span>
    </p>
   </div>
   <div class='ocr_carea' id='block_1_8' title="bbox 174 1013 1766 1095">
    <p class='ocr_par' dir='ltr' id='par_1_8' title="bbox 174 1013 1766 1095">
     <span class='ocr_line' id='line_1_8' title="bbox 174 1013 1766 1095; baseline 0.01 -31"><span class='ocrx_word' id='word_1_45' title='bbox 174 1013 437 1081; x_wconf 76' lang='grc' dir='ltr'>μοῦνται,</span> <span class='ocrx_word' id='word_1_46' title='bbox 478 1018 574 1070; x_wconf 77' lang='grc' dir='ltr'>καὶ</span> <span class='ocrx_word' id='word_1_47' title='bbox 607 1018 941 1084; x_wconf 80' lang='grc' dir='ltr'>δειλειῶντες</span> <span class='ocrx_word' id='word_1_48' title='bbox 993 1023 1249 1093; x_wconf 79' lang='grc' dir='ltr'>προσίασι</span> <span class='ocrx_word' id='word_1_49' title='bbox 1286 1024 1472 1077; x_wconf 81' lang='grc' dir='ltr'>λοιπὸν</span> <span class='ocrx_word' id='word_1_50' title='bbox 1502 1028 1568 1095; x_wconf 81' lang='grc' dir='ltr'>τῇ</span> <span class='ocrx_word' id='word_1_51' title='bbox 1621 1026 1766 1095; x_wconf 84' lang='grc' dir='ltr'>μάχῃ</span> 
     </span>
    </p>
   </div>
   <div class='ocr_carea' id='block_1_9' title="bbox 171 1108 1767 1188">
    <p class='ocr_par' dir='ltr' id='par_1_9' title="bbox 171 1108 1767 1188">
     <span class='ocr_line' id='line_1_9' title="bbox 171 1108 1767 1188; baseline 0.009 -33"><span class='ocrx_word' id='word_1_52' title='bbox 171 1108 450 1173; x_wconf 74' lang='grc' dir='ltr'>κραταιὸν</span> <span class='ocrx_word' id='word_1_53' title='bbox 476 1111 567 1161; x_wconf 83' lang='grc' dir='ltr'><strong>τὸν</strong></span> <span class='ocrx_word' id='word_1_54' title='bbox 605 1113 911 1182; x_wconf 77' lang='grc' dir='ltr'>στρατηγὸν</span> <span class='ocrx_word' id='word_1_55' title='bbox 938 1113 1037 1183; x_wconf 87' lang='grc' dir='ltr'><strong>τῆς</strong></span> <span class='ocrx_word' id='word_1_56' title='bbox 1086 1116 1310 1185; x_wconf 79' lang='grc' dir='ltr'>πυγμῆς</span> <span class='ocrx_word' id='word_1_57' title='bbox 1344 1118 1673 1188; x_wconf 81' lang='grc' dir='ltr'>ὑφορῶντες.</span> <span class='ocrx_word' id='word_1_58' title='bbox 1706 1120 1767 1170; x_wconf 83' lang='grc' dir='ltr'><strong>Εἰ</strong></span> 
     </span>
    </p>
   </div>
   <div class='ocr_carea' id='block_1_10' title="bbox 173 1196 1767 1276">
    <p class='ocr_par' dir='ltr' id='par_1_10' title="bbox 173 1196 1767 1276">
     <span class='ocr_line' id='line_1_10' title="bbox 173 1196 1767 1276; baseline 0.008 -29"><span class='ocrx_word' id='word_1_59' title='bbox 173 1196 367 1264; x_wconf 69' lang='grc' dir='ltr'>βούλει</span> <span class='ocrx_word' id='word_1_60' title='bbox 400 1202 781 1271; x_wconf 72' lang='grc' dir='ltr'>στρατηγῆσαι</span> <span class='ocrx_word' id='word_1_61' title='bbox 828 1204 971 1257; x_wconf 82' lang='grc' dir='ltr'>κατὰ</span> <span class='ocrx_word' id='word_1_62' title='bbox 1011 1206 1111 1273; x_wconf 89' lang='grc' dir='ltr'><strong>τῆς</strong></span> <span class='ocrx_word' id='word_1_63' title='bbox 1136 1207 1417 1274; x_wconf 80' lang='grc' dir='ltr'><strong>φάλαγγος</strong></span> <span class='ocrx_word' id='word_1_64' title='bbox 1438 1206 1545 1258; x_wconf 88' lang='grc' dir='ltr'><strong>τῶν</strong></span> <span class='ocrx_word' id='word_1_65' title='bbox 1577 1207 1767 1276; x_wconf 87' lang='grc' dir='ltr'>δαιμό-</span> 
     </span>
    </p>
   </div>
   <div class='ocr_carea' id='block_1_11' title="bbox 176 1294 1767 1369">
    <p class='ocr_par' dir='ltr' id='par_1_11' title="bbox 176 1294 1767 1369">
     <span class='ocr_line' id='line_1_11' title="bbox 176 1294 1767 1369; baseline 0.007 -26"><span class='ocrx_word' id='word_1_66' title='bbox 176 1307 309 1354; x_wconf 78' lang='grc' dir='ltr'>νων,</span> <span class='ocrx_word' id='word_1_67' title='bbox 345 1294 549 1366; x_wconf 79' lang='grc' dir='ltr'>ἡσυχίᾳ</span> <span class='ocrx_word' id='word_1_68' title='bbox 580 1298 783 1367; x_wconf 72' lang='grc' dir='ltr'>φράττε</span> <span class='ocrx_word' id='word_1_69' title='bbox 812 1299 911 1362; x_wconf 78' lang='grc' dir='ltr'>τὰς</span> <span class='ocrx_word' id='word_1_70' title='bbox 943 1299 1044 1369; x_wconf 89' lang='grc' dir='ltr'><strong>τῆς</strong></span> <span class='ocrx_word' id='word_1_71' title='bbox 1070 1300 1247 1369; x_wconf 71' lang='grc' dir='ltr'>ψυχῆς</span> <span class='ocrx_word' id='word_1_72' title='bbox 1284 1315 1376 1353; x_wconf 88' lang='grc' dir='ltr'><strong>σου</strong></span> <span class='ocrx_word' id='word_1_73' title='bbox 1406 1300 1597 1363; x_wconf 79' lang='grc' dir='ltr'>πύλας,</span> <span class='ocrx_word' id='word_1_74' title='bbox 1649 1302 1767 1369; x_wconf 86' lang='grc' dir='ltr'>θίγε</span> 
     </span>
    </p>
   </div>
   <div class='ocr_carea' id='block_1_12' title="bbox 168 1384 1767 1466">
    <p class='ocr_par' dir='ltr' id='par_1_12' title="bbox 168 1384 1767 1466">
     <span class='ocr_line' id='line_1_12' title="bbox 168 1384 1767 1466; baseline 0.006 -26"><span class='ocrx_word' id='word_1_75' title='bbox 168 1386 235 1440; x_wconf 74' lang='grc' dir='ltr'>δὲ</span> <span class='ocrx_word' id='word_1_76' title='bbox 274 1388 374 1441; x_wconf 77' lang='grc' dir='ltr'>καὶ</span> <span class='ocrx_word' id='word_1_77' title='bbox 411 1388 474 1441; x_wconf 81' lang='grc' dir='ltr'><strong>τὸ</strong></span> <span class='ocrx_word' id='word_1_78' title='bbox 502 1384 595 1452; x_wconf 81' lang='grc' dir='ltr'><strong>οῦς</strong></span> <span class='ocrx_word' id='word_1_79' title='bbox 635 1404 731 1442; x_wconf 87' lang='grc' dir='ltr'><strong>σου</strong></span> <span class='ocrx_word' id='word_1_80' title='bbox 770 1393 881 1455; x_wconf 79' lang='grc' dir='ltr'>τοῖς</span> <span class='ocrx_word' id='word_1_81' title='bbox 917 1393 1016 1462; x_wconf 88' lang='grc' dir='ltr'><strong>τῆς</strong></span> <span class='ocrx_word' id='word_1_82' title='bbox 1051 1395 1400 1466; x_wconf 87' lang='grc' dir='ltr'>πατροσύνης</span> <span class='ocrx_word' id='word_1_83' title='bbox 1439 1396 1638 1465; x_wconf 84' lang='grc' dir='ltr'>λόγοις,</span> <span class='ocrx_word' id='word_1_84' title='bbox 1680 1398 1767 1449; x_wconf 79' lang='grc' dir='ltr'><strong>ἴνα</strong></span> 
     </span>
    </p>
   </div>
   <div class='ocr_carea' id='block_1_13' title="bbox 168 1477 1763 1560">
    <p class='ocr_par' dir='ltr' id='par_1_13' title="bbox 168 1477 1763 1560">
     <span class='ocr_line' id='line_1_13' title="bbox 168 1477 1763 1560; baseline 0.008 -29"><span class='ocrx_word' id='word_1_85' title='bbox 168 1477 301 1532; x_wconf 82' lang='grc' dir='ltr'>τότε</span> <span class='ocrx_word' id='word_1_86' title='bbox 358 1479 561 1550; x_wconf 74' lang='grc' dir='ltr'>μᾶλλον</span> <span class='ocrx_word' id='word_1_87' title='bbox 598 1481 876 1553; x_wconf 78' lang='grc' dir='ltr'>λογισμῶν</span> <span class='ocrx_word' id='word_1_88' title='bbox 919 1485 1159 1549; x_wconf 80' lang='grc' dir='ltr'>ἀκάνθας</span> <span class='ocrx_word' id='word_1_89' title='bbox 1206 1487 1393 1556; x_wconf 86' lang='grc' dir='ltr'>μαθὼν</span> <span class='ocrx_word' id='word_1_90' title='bbox 1437 1491 1726 1560; x_wconf 76' lang='grc' dir='ltr'>ἐμπρήσῃς</span> <span class='ocrx_word' id='word_1_91' title='bbox 1748 1529 1763 1551; x_wconf 89' lang='grc'><strong>,</strong></span> 
     </span>
    </p>
   </div>
   <div class='ocr_carea' id='block_1_14' title="bbox 168 1570 1767 1653">
    <p class='ocr_par' dir='ltr' id='par_1_14' title="bbox 168 1570 1767 1653">
     <span class='ocr_line' id='line_1_14' title="bbox 168 1570 1767 1653; baseline 0.008 -31"><span class='ocrx_word' id='word_1_92' title='bbox 168 1570 318 1623; x_wconf 71' lang='grc' dir='ltr'>ἐπὰν</span> <span class='ocrx_word' id='word_1_93' title='bbox 347 1573 625 1644; x_wconf 80' lang='grc' dir='ltr'>πατρικῆς</span> <span class='ocrx_word' id='word_1_94' title='bbox 665 1575 943 1639; x_wconf 72' lang='grc' dir='ltr'>νουθεσίας</span> <span class='ocrx_word' id='word_1_95' title='bbox 984 1578 1273 1648; x_wconf 76' lang='grc' dir='ltr'>ἁκροᾶσαι.</span> <span class='ocrx_word' id='word_1_96' title='bbox 1306 1580 1396 1649; x_wconf 82' lang='grc' dir='ltr'><strong>Μὴ</strong></span> <span class='ocrx_word' id='word_1_97' title='bbox 1439 1579 1548 1633; x_wconf 85' lang='grc' dir='ltr'><strong>τῶν</strong></span> <span class='ocrx_word' id='word_1_98' title='bbox 1589 1581 1767 1653; x_wconf 79' lang='grc' dir='ltr'>ἔργων</span> 
     </span>
    </p>
   </div>
   <div class='ocr_carea' id='block_1_15' title="bbox 172 1662 1483 1740">
    <p class='ocr_par' dir='ltr' id='par_1_15' title="bbox 172 1662 1483 1740">
     <span class='ocr_line' id='line_1_15' title="bbox 172 1662 1483 1740; baseline 0.007 -26"><span class='ocrx_word' id='word_1_99' title='bbox 172 1662 275 1715; x_wconf 68' lang='grc' dir='ltr'>ἔσο</span> <span class='ocrx_word' id='word_1_100' title='bbox 306 1664 589 1735; x_wconf 80' lang='grc' dir='ltr'>δικαστὴς,</span> <span class='ocrx_word' id='word_1_101' title='bbox 625 1666 761 1720; x_wconf 80' lang='grc' dir='ltr'>ἀλλὰ</span> <span class='ocrx_word' id='word_1_102' title='bbox 787 1668 896 1721; x_wconf 87' lang='grc' dir='ltr'><strong>τῶν</strong></span> <span class='ocrx_word' id='word_1_103' title='bbox 921 1671 1134 1740; x_wconf 81' lang='grc' dir='ltr'>ῥήσεων</span> <span class='ocrx_word' id='word_1_104' title='bbox 1167 1670 1483 1740; x_wconf 79' lang='grc' dir='ltr'>ἐξεταστής.</span> 
     </span>
    </p>
   </div>
   <div class='ocr_carea' id='block_1_16' title="bbox 760 1964 1182 2035">
    <p class='ocr_par' dir='ltr' id='par_1_16' title="bbox 760 1964 1182 2035">
     <span class='ocr_line' id='line_1_16' title="bbox 760 1964 1182 2035; baseline 0.014 -18"><span class='ocrx_word' id='word_1_105' title='bbox 760 1964 1009 2021; x_wconf 82' lang='grc' dir='ltr'><strong>ΚΕΦΑΛ.</strong></span> <span class='ocrx_word' id='word_1_106' title='bbox 1065 1968 1182 2035; x_wconf 71' lang='grc' dir='ltr'><strong>ις’.</strong></span> 
     </span>
    </p>
   </div>
   <div class='ocr_carea' id='block_1_17' title="bbox 254 2053 1765 2133">
    <p class='ocr_par' dir='ltr' id='par_1_17' title="bbox 254 2053 1765 2133">
     <span class='ocr_line' id='line_1_17' title="bbox 254 2053 1765 2133; baseline 0.007 -27"><span class='ocrx_word' id='word_1_107' title='bbox 254 2053 421 2118; x_wconf 79' lang='grc' dir='ltr'>Ἐθος</span> <span class='ocrx_word' id='word_1_108' title='bbox 446 2055 556 2126; x_wconf 73' lang='grc' dir='ltr'><strong>γὰρ</strong></span> <span class='ocrx_word' id='word_1_109' title='bbox 578 2057 690 2120; x_wconf 81' lang='grc' dir='ltr'>τοῖς</span> <span class='ocrx_word' id='word_1_110' title='bbox 721 2058 985 2122; x_wconf 80' lang='grc' dir='ltr'>τοιούτοις</span> <span class='ocrx_word' id='word_1_111' title='bbox 1024 2061 1307 2130; x_wconf 79' lang='grc' dir='ltr'>λογισμοῖς</span> <span class='ocrx_word' id='word_1_112' title='bbox 1333 2062 1413 2124; x_wconf 87' lang='grc' dir='ltr'><strong>είς</strong></span> <span class='ocrx_word' id='word_1_113' title='bbox 1444 2063 1503 2115; x_wconf 80' lang='grc' dir='ltr'><strong>τὸ</strong></span> <span class='ocrx_word' id='word_1_114' title='bbox 1531 2081 1765 2133; x_wconf 84' lang='grc' dir='ltr'>πρακτι-</span> 
     </span>
    </p>
   </div>
   <div class='ocr_carea' id='block_1_18' title="bbox 172 2143 1764 2219">
    <p class='ocr_par' dir='ltr' id='par_1_18' title="bbox 172 2143 1764 2219">
     <span class='ocr_line' id='line_1_18' title="bbox 172 2143 1764 2219; baseline 0.008 -25"><span class='ocrx_word' id='word_1_115' title='bbox 172 2143 277 2195; x_wconf 81' lang='grc' dir='ltr'><strong>κὸν</strong></span> <span class='ocrx_word' id='word_1_116' title='bbox 301 2144 397 2197; x_wconf 87' lang='grc' dir='ltr'><strong>τοῦ</strong></span> <span class='ocrx_word' id='word_1_117' title='bbox 424 2146 799 2211; x_wconf 85' lang='grc' dir='ltr'>νουθετοῦντός</span> <span class='ocrx_word' id='word_1_118' title='bbox 822 2166 881 2201; x_wconf 92' lang='grc' dir='ltr'><strong>σε</strong></span> <span class='ocrx_word' id='word_1_119' title='bbox 906 2150 1160 2219; x_wconf 83' lang='grc' dir='ltr'>ἁπάγειν,</span> <span class='ocrx_word' id='word_1_120' title='bbox 1188 2152 1274 2205; x_wconf 84' lang='grc' dir='ltr'>ἵνα</span> <span class='ocrx_word' id='word_1_121' title='bbox 1300 2152 1470 2207; x_wconf 88' lang='grc' dir='ltr'>δεινόν</span> <span class='ocrx_word' id='word_1_122' title='bbox 1493 2171 1551 2206; x_wconf 88' lang='grc' dir='ltr'><strong>σε</strong></span> <span class='ocrx_word' id='word_1_123' title='bbox 1575 2155 1764 2209; x_wconf 85' lang='grc' dir='ltr'>τούτου</span> 
     </span>
    </p>
   </div>
   <div class='ocr_carea' id='block_1_19' title="bbox 170 2239 1765 2313">
    <p class='ocr_par' dir='ltr' id='par_1_19' title="bbox 170 2239 1765 2313">
     <span class='ocr_line' id='line_1_19' title="bbox 170 2239 1765 2313; baseline 0.008 -27"><span class='ocrx_word' id='word_1_124' title='bbox 170 2239 626 2307; x_wconf 73' lang='grc' dir='ltr'>καταστήσαντες</span> <span class='ocrx_word' id='word_1_125' title='bbox 680 2240 906 2310; x_wconf 84' lang='grc' dir='ltr'>κριτὴν,</span> <span class='ocrx_word' id='word_1_126' title='bbox 960 2242 1061 2313; x_wconf 89' lang='grc' dir='ltr'><strong>τῆς</strong></span> <span class='ocrx_word' id='word_1_127' title='bbox 1114 2242 1429 2311; x_wconf 85' lang='grc' dir='ltr'>ἐπωφελοῦς</span> <span class='ocrx_word' id='word_1_128' title='bbox 1485 2245 1765 2310; x_wconf 77' lang='grc' dir='ltr'>νουθεσίας</span> 
     </span>
    </p>
   </div>
   <div class='ocr_carea' id='block_1_20' title="bbox 173 2329 1762 2406">
    <p class='ocr_par' dir='ltr' id='par_1_20' title="bbox 173 2329 1762 2406">
     <span class='ocr_line' id='line_1_20' title="bbox 173 2329 1762 2406; baseline 0.006 -25"><span class='ocrx_word' id='word_1_129' title='bbox 173 2329 557 2399; x_wconf 78' lang='grc' dir='ltr'>ἀποστήσωσι.</span> <span class='ocrx_word' id='word_1_130' title='bbox 582 2332 673 2405; x_wconf 85' lang='grc' dir='ltr'><strong>Μὴ</strong></span> <span class='ocrx_word' id='word_1_131' title='bbox 697 2334 997 2387; x_wconf 83' lang='grc' dir='ltr'>ἀπαναίνου</span> <span class='ocrx_word' id='word_1_132' title='bbox 1029 2334 1469 2406; x_wconf 79' lang='grc' dir='ltr'>νουθετούμενος,</span> <span class='ocrx_word' id='word_1_133' title='bbox 1500 2338 1606 2390; x_wconf 77' lang='grc' dir='ltr'><strong>κᾶν</strong></span> <span class='ocrx_word' id='word_1_134' title='bbox 1628 2355 1762 2405; x_wconf 74' lang='grc' dir='ltr'>γνωο</span> 
     </span>
    </p>
   </div>
   <div class='ocr_carea' id='block_1_21' title="bbox 174 2424 1768 2499">
    <p class='ocr_par' dir='ltr' id='par_1_21' title="bbox 174 2424 1768 2499">
     <span class='ocr_line' id='line_1_21' title="bbox 174 2424 1768 2499; baseline 0.004 -24"><span class='ocrx_word' id='word_1_135' title='bbox 174 2424 370 2487; x_wconf 70' lang='grc' dir='ltr'>στικδς</span> <span class='ocrx_word' id='word_1_136' title='bbox 400 2425 670 2499; x_wconf 79' lang='grc' dir='ltr'>ὑπάρχῃς·</span> <span class='ocrx_word' id='word_1_137' title='bbox 710 2428 805 2480; x_wconf 83' lang='grc' dir='ltr'>ἐὰν</span> <span class='ocrx_word' id='word_1_138' title='bbox 833 2429 942 2497; x_wconf 71' lang='grc' dir='ltr'><strong>γάρ</strong></span> <span class='ocrx_word' id='word_1_139' title='bbox 971 2428 1035 2480; x_wconf 82' lang='grc' dir='ltr'>τὸ</span> <span class='ocrx_word' id='word_1_140' title='bbox 1073 2430 1374 2499; x_wconf 74' lang='grc' dir='ltr'>πρακτικὸν</span> <span class='ocrx_word' id='word_1_141' title='bbox 1402 2429 1503 2499; x_wconf 86' lang='grc' dir='ltr'><strong>τῆς</strong></span> <span class='ocrx_word' id='word_1_142' title='bbox 1537 2446 1768 2495; x_wconf 86' lang='grc' dir='ltr'>γνωστι-</span> 
     </span>
    </p>
   </div>
   <div class='ocr_carea' id='block_1_22' title="bbox 172 2513 1767 2587">
    <p class='ocr_par' dir='ltr' id='par_1_22' title="bbox 172 2513 1767 2587">
     <span class='ocr_line' id='line_1_22' title="bbox 172 2513 1767 2587; baseline 0.003 -22"><span class='ocrx_word' id='word_1_143' title='bbox 172 2513 290 2582; x_wconf 78' lang='grc' dir='ltr'><strong>κῆς</strong></span> <span class='ocrx_word' id='word_1_144' title='bbox 316 2514 650 2587; x_wconf 78' lang='grc' dir='ltr'>ἀποζευχθῇ,</span> <span class='ocrx_word' id='word_1_145' title='bbox 699 2518 860 2587; x_wconf 83' lang='grc' dir='ltr'>χρεία</span> <span class='ocrx_word' id='word_1_146' title='bbox 884 2518 977 2570; x_wconf 91' lang='grc' dir='ltr'><strong>τοῦ</strong></span> <span class='ocrx_word' id='word_1_147' title='bbox 1012 2516 1331 2585; x_wconf 78' lang='grc' dir='ltr'>ζευγνύντος</span> <span class='ocrx_word' id='word_1_148' title='bbox 1354 2518 1453 2586; x_wconf 83' lang='grc' dir='ltr'>τὴν</span> <span class='ocrx_word' id='word_1_149' title='bbox 1490 2518 1767 2587; x_wconf 75' lang='grc' dir='ltr'>ὁποτέρων</span> 
     </span>
    </p>
   </div>
   <div class='ocr_carea' id='block_1_23' title="bbox 172 2603 1766 2680">
    <p class='ocr_par' dir='ltr' id='par_1_23' title="bbox 172 2603 1766 2680">
     <span class='ocr_line' id='line_1_23' title="bbox 172 2603 1766 2680; baseline 0.003 -23"><span class='ocrx_word' id='word_1_150' title='bbox 172 2603 293 2657; x_wconf 83' lang='grc' dir='ltr'><strong>τῶν</strong></span> <span class='ocrx_word' id='word_1_151' title='bbox 323 2606 532 2677; x_wconf 83' lang='grc' dir='ltr'>ἀρετῶν</span> <span class='ocrx_word' id='word_1_152' title='bbox 581 2608 842 2679; x_wconf 84' lang='grc' dir='ltr'>ἁρμονίαν</span> <span class='ocrx_word' id='word_1_153' title='bbox 868 2611 933 2680; x_wconf 81' lang='grc' dir='ltr'>τῇ</span> <span class='ocrx_word' id='word_1_154' title='bbox 976 2611 1175 2679; x_wconf 82' lang='grc' dir='ltr'>φρικτῇ</span> <span class='ocrx_word' id='word_1_155' title='bbox 1212 2609 1311 2679; x_wconf 86' lang='grc' dir='ltr'><strong>τῆς</strong></span> <span class='ocrx_word' id='word_1_156' title='bbox 1343 2608 1579 2679; x_wconf 87' lang='grc' dir='ltr'>κρίσεως</span> <span class='ocrx_word' id='word_1_157' title='bbox 1621 2609 1766 2679; x_wconf 85' lang='grc' dir='ltr'>δίκῃ.</span> 
     </span>
    </p>
   </div>
   <div class='ocr_carea' id='block_1_24' title="bbox 186 2693 1767 2772">
    <p class='ocr_par' dir='ltr' id='par_1_24' title="bbox 186 2693 1767 2772">
     <span class='ocr_line' id='line_1_24' title="bbox 186 2693 1767 2772; baseline 0.003 -24"><span class='ocrx_word' id='word_1_158' title='bbox 186 2693 255 2747; x_wconf 87' lang='grc'><strong>⁸0</strong></span> <span class='ocrx_word' id='word_1_159' title='bbox 280 2698 380 2768; x_wconf 77' lang='grc' dir='ltr'>τὴν</span> <span class='ocrx_word' id='word_1_160' title='bbox 411 2699 666 2769; x_wconf 78' lang='grc' dir='ltr'>πατρῴαν</span> <span class='ocrx_word' id='word_1_161' title='bbox 708 2701 927 2772; x_wconf 83' lang='grc' dir='ltr'>ἐντολὴν</span> <span class='ocrx_word' id='word_1_162' title='bbox 963 2704 1027 2755; x_wconf 85' lang='grc' dir='ltr'><strong>ἐκ</strong></span> <span class='ocrx_word' id='word_1_163' title='bbox 1066 2700 1160 2754; x_wconf 84' lang='grc' dir='ltr'><strong>τοῦ</strong></span> <span class='ocrx_word' id='word_1_164' title='bbox 1212 2701 1351 2764; x_wconf 84' lang='grc' dir='ltr'>ὠτὸς</span> <span class='ocrx_word' id='word_1_165' title='bbox 1409 2700 1767 2763; x_wconf 84' lang='grc' dir='ltr'>ἐκτινάσσων,</span> 
     </span>
    </p>
   </div>
   <div class='ocr_carea' id='block_1_25' title="bbox 173 2788 1771 2860">
    <p class='ocr_par' dir='ltr' id='par_1_25' title="bbox 173 2788 1771 2860">
     <span class='ocr_line' id='line_1_25' title="bbox 173 2788 1771 2860; baseline 0.001 -19"><span class='ocrx_word' id='word_1_166' title='bbox 173 2788 280 2841; x_wconf 72' lang='grc' dir='ltr'>καὶ</span> <span class='ocrx_word' id='word_1_167' title='bbox 311 2789 537 2859; x_wconf 84' lang='grc' dir='ltr'>νομικῆς</span> <span class='ocrx_word' id='word_1_168' title='bbox 571 2788 793 2857; x_wconf 77' lang='grc' dir='ltr'>ἐντολῆς</span> <span class='ocrx_word' id='word_1_169' title='bbox 838 2792 1116 2859; x_wconf 85' lang='grc' dir='ltr'>παρήκοος</span> <span class='ocrx_word' id='word_1_170' title='bbox 1145 2791 1318 2854; x_wconf 71' lang='grc' dir='ltr'>ἔσται,</span> <span class='ocrx_word' id='word_1_171' title='bbox 1359 2788 1432 2860; x_wconf 83' lang='grc' dir='ltr'>μὴ</span> <span class='ocrx_word' id='word_1_172' title='bbox 1458 2790 1616 2860; x_wconf 84' lang='grc' dir='ltr'>μόνον</span> <span class='ocrx_word' id='word_1_173' title='bbox 1643 2807 1771 2843; x_wconf 89' lang='grc' dir='ltr'>κατ-</span> 
     </span>
    </p>
   </div>
   <div class='ocr_carea' id='block_1_26' title="bbox 172 2864 1767 2953">
    <p class='ocr_par' dir='ltr' id='par_1_26' title="bbox 172 2864 1767 2953">
     <span class='ocr_line' id='line_1_26' title="bbox 172 2864 1767 2953; baseline 0 -20"><span class='ocrx_word' id='word_1_174' title='bbox 172 2878 483 2950; x_wconf 83' lang='grc' dir='ltr'>ορθώματα</span> <span class='ocrx_word' id='word_1_175' title='bbox 546 2882 805 2953; x_wconf 84' lang='grc' dir='ltr'>Πατέρων</span> <span class='ocrx_word' id='word_1_176' title='bbox 847 2884 1183 2952; x_wconf 81' lang='grc' dir='ltr'>τερπόμενος</span> <span class='ocrx_word' id='word_1_177' title='bbox 1234 2881 1411 2945; x_wconf 82' lang='grc' dir='ltr'>λάλει,</span> <span class='ocrx_word' id='word_1_178' title='bbox 1480 2864 1625 2934; x_wconf 71' lang='grc' dir='ltr'>ἀλλα</span> <span class='ocrx_word' id='word_1_179' title='bbox 1672 2883 1767 2935; x_wconf 73' lang='grc' dir='ltr'><strong>καὶ</strong></span> 
     </span>
    </p>
   </div>
   <div class='ocr_carea' id='block_1_27' title="bbox 178 2970 1771 3043">
    <p class='ocr_par' dir='ltr' id='par_1_27' title="bbox 178 2970 1771 3043">
     <span class='ocr_line' id='line_1_27' title="bbox 178 2970 1771 3043; baseline 0.003 -21"><span class='ocrx_word' id='word_1_180' title='bbox 178 2970 416 3023; x_wconf 81' lang='grc' dir='ltr'>σεαυτὸν</span> <span class='ocrx_word' id='word_1_181' title='bbox 456 2972 693 3043; x_wconf 80' lang='grc' dir='ltr'>ἐργάτην</span> <span class='ocrx_word' id='word_1_182' title='bbox 746 2971 951 3039; x_wconf 75' lang='grc' dir='ltr'>τούτων</span> <span class='ocrx_word' id='word_1_183' title='bbox 997 2972 1364 3027; x_wconf 87' lang='grc' dir='ltr'>πονικώτατον</span> <span class='ocrx_word' id='word_1_184' title='bbox 1410 2973 1649 3028; x_wconf 81' lang='grc' dir='ltr'>ἀπαίτει.</span> <span class='ocrx_word' id='word_1_185' title='bbox 1711 2974 1771 3027; x_wconf 85' lang='lat'><strong>&#39;0</strong></span> 
     </span>
    </p>
   </div>
   <div class='ocr_carea' id='block_1_28' title="bbox 1295 272 2341 344">
    <p class='ocr_par' dir='ltr' id='par_1_28' title="bbox 1295 272 2341 344">
     <span class='ocr_line' id='line_1_28' title="bbox 1295 272 2341 344; baseline 0.009 -11"><span class='ocrx_word' id='word_1_186' title='bbox 1295 272 1745 339; x_wconf 77' lang='lat' dir='ltr'><strong>TRACTATUS</strong></span> <span class='ocrx_word' id='word_1_187' title='bbox 1776 282 1875 342; x_wconf 78' lang='lat' dir='ltr'><strong>AD</strong></span> <span class='ocrx_word' id='word_1_188' title='bbox 1914 282 2341 344; x_wconf 85' lang='lat' dir='ltr'><strong>EULOGIUM.</strong></span> 
     </span>
    </p>
   </div>
   <div class='ocr_carea' id='block_1_29' title="bbox 171 370 1778 464">
    <p class='ocr_par' dir='ltr' id='par_1_29' title="bbox 171 370 1772 464">
     <span class='ocr_line' id='line_1_29' title="bbox 171 370 1772 464; baseline 0.009 -43"><span class='ocrx_word' id='word_1_189' title='bbox 171 373 252 464; x_wconf 63' lang='grc' dir='ltr'>τῇ</span> <span class='ocrx_word' id='word_1_190' title='bbox 272 370 383 422; x_wconf 82' lang='grc' dir='ltr'><strong>τῶν</strong></span> <span class='ocrx_word' id='word_1_191' title='bbox 400 387 732 464; x_wconf 13' lang='grc' dir='ltr'>νκρειττονων</span> <span class='ocrx_word' id='word_1_192' title='bbox 760 375 963 447; x_wconf 74' lang='grc' dir='ltr'>θεωρίᾳ</span> <span class='ocrx_word' id='word_1_193' title='bbox 987 416 1002 441; x_wconf 95' lang='grc'><strong>,</strong></span> <span class='ocrx_word' id='word_1_194' title='bbox 1027 378 1069 448; x_wconf 66' lang='grc' dir='ltr'><strong><em>ὴ</em></strong></span> <span class='ocrx_word' id='word_1_195' title='bbox 1090 375 1149 430; x_wconf 72' lang='grc' dir='ltr'><strong>δέ</strong></span> <span class='ocrx_word' id='word_1_196' title='bbox 1179 383 1453 450; x_wconf 73' lang='grc' dir='ltr'>πρακτικὴ</span> <span class='ocrx_word' id='word_1_197' title='bbox 1486 384 1671 451; x_wconf 80' lang='grc' dir='ltr'>νεκροί</span> <span class='ocrx_word' id='word_1_198' title='bbox 1705 383 1772 435; x_wconf 80' lang='grc' dir='ltr'>τὰ</span> 
     </span>
    </p>
   </div>
   <div class='ocr_carea' id='block_1_30' title="bbox 1896 370 3445 464">
    <p class='ocr_par' dir='ltr' id='par_1_30' title="bbox 1897 386 3445 464">
     <span class='ocr_line' id='line_1_30' title="bbox 1897 386 3445 464; baseline 0.006 -27"><span class='ocrx_word' id='word_1_199' title='bbox 1897 386 2130 456; x_wconf 79' lang='lat' dir='ltr'><strong>rrigetur</strong></span> <span class='ocrx_word' id='word_1_200' title='bbox 2155 388 2221 443; x_wconf 89' lang='lat' dir='ltr'><strong>ad</strong></span> <span class='ocrx_word' id='word_1_201' title='bbox 2251 390 2538 456; x_wconf 76' lang='lat' dir='ltr'><strong>virtutem;</strong></span> <span class='ocrx_word' id='word_1_202' title='bbox 2574 392 2943 461; x_wconf 80' lang='lat' dir='ltr'><strong>cognoscitiva</strong></span> <span class='ocrx_word' id='word_1_203' title='bbox 2971 408 3163 462; x_wconf 85' lang='lat' dir='ltr'><strong>nempe</strong></span> <span class='ocrx_word' id='word_1_204' title='bbox 3192 392 3295 449; x_wconf 85' lang='lat' dir='ltr'><strong>alis</strong></span> <span class='ocrx_word' id='word_1_205' title='bbox 3317 411 3445 464; x_wconf 77' lang='lat' dir='ltr'><strong>pru-</strong></span> 
     </span>
    </p>
   </div>
   <div class='ocr_carea' id='block_1_31' title="bbox 3314 280 3446 345">
    <p class='ocr_par' dir='ltr' id='par_1_31' title="bbox 3314 280 3446 345">
     <span class='ocr_line' id='line_1_31' title="bbox 3314 280 3446 345; baseline 0.008 -1"><span class='ocrx_word' id='word_1_206' title='bbox 3314 280 3446 345; x_wconf 70' lang='grc' dir='ltr'><strong>11Ῑέ</strong></span> 
     </span>
    </p>
   </div>
   <div class='ocr_carea' id='block_1_32' title="bbox 1870 477 3443 539">
    <p class='ocr_par' dir='ltr' id='par_1_32' title="bbox 1870 477 3443 539">
     <span class='ocr_line' id='line_1_32' title="bbox 1870 477 3443 539; baseline 0.006 -11"><span class='ocrx_word' id='word_1_207' title='bbox 1870 477 2016 531; x_wconf 87' lang='lat' dir='ltr'><strong>vehit</strong></span> <span class='ocrx_word' id='word_1_208' title='bbox 2049 479 2464 536; x_wconf 78' lang='lat' dir='ltr'><strong>intellectualem</strong></span> <span class='ocrx_word' id='word_1_209' title='bbox 2507 485 2799 537; x_wconf 85' lang='lat' dir='ltr'><strong>essentiam</strong></span> <span class='ocrx_word' id='word_1_210' title='bbox 2839 483 2905 538; x_wconf 91' lang='lat' dir='ltr'><strong>ad</strong></span> <span class='ocrx_word' id='word_1_211' title='bbox 2936 484 3219 538; x_wconf 78' lang='lat' dir='ltr'><strong>meliorum</strong></span> <span class='ocrx_word' id='word_1_212' title='bbox 3261 499 3443 539; x_wconf 88' lang='lat' dir='ltr'><strong>rerum</strong></span> 
     </span>
    </p>
   </div>
   <div class='ocr_carea' id='block_1_33' title="bbox 1870 573 3443 640">
    <p class='ocr_par' dir='ltr' id='par_1_33' title="bbox 1870 573 3443 640">
     <span class='ocr_line' id='line_1_33' title="bbox 1870 573 3443 640; baseline 0.004 -17"><span class='ocrx_word' id='word_1_213' title='bbox 1870 573 2427 640; x_wconf 87' lang='lat' dir='ltr'><strong>contemplationem;</strong></span> <span class='ocrx_word' id='word_1_214' title='bbox 2469 574 2645 628; x_wconf 80' lang='lat' dir='ltr'><strong>activa</strong></span> <span class='ocrx_word' id='word_1_215' title='bbox 2688 589 2816 628; x_wconf 89' lang='lat' dir='ltr'><strong>vero</strong></span> <span class='ocrx_word' id='word_1_216' title='bbox 2856 575 3145 630; x_wconf 80' lang='lat' dir='ltr'><strong>mortificat</strong></span> <span class='ocrx_word' id='word_1_217' title='bbox 3178 576 3443 639; x_wconf 87' lang='lat' dir='ltr'><strong>membra,</strong></span> 
     </span>
    </p>
   </div>
   <div class='ocr_carea' id='block_1_34' title="bbox 1871 662 3442 736">
    <p class='ocr_par' dir='ltr' id='par_1_34' title="bbox 1871 662 3442 736">
     <span class='ocr_line' id='line_1_34' title="bbox 1871 662 3442 736; baseline 0.005 -24"><span class='ocrx_word' id='word_1_218' title='bbox 1871 676 1992 729; x_wconf 72' lang='lat' dir='ltr'><strong>quae</strong></span> <span class='ocrx_word' id='word_1_219' title='bbox 2020 672 2147 717; x_wconf 90' lang='lat' dir='ltr'><strong>sunt</strong></span> <span class='ocrx_word' id='word_1_220' title='bbox 2176 679 2339 733; x_wconf 82' lang='lat' dir='ltr'><strong>super</strong></span> <span class='ocrx_word' id='word_1_221' title='bbox 2370 672 2590 729; x_wconf 90' lang='lat' dir='ltr'><strong>terram,</strong></span> <span class='ocrx_word' id='word_1_222' title='bbox 2620 667 3028 731; x_wconf 85' lang='lat' dir='ltr'><strong>scortationem,</strong></span> <span class='ocrx_word' id='word_1_223' title='bbox 3052 662 3442 736; x_wconf 58' lang='lat' dir='ltr'><strong>impu‘ritatem,</strong></span> 
     </span>
    </p>
   </div>
   <div class='ocr_carea' id='block_1_35' title="bbox 1870 754 3439 828">
    <p class='ocr_par' dir='ltr' id='par_1_35' title="bbox 1870 754 3439 828">
     <span class='ocr_line' id='line_1_35' title="bbox 1870 754 3439 828; baseline 0.004 -24"><span class='ocrx_word' id='word_1_224' title='bbox 1870 754 2201 821; x_wconf 78' lang='lat' dir='ltr'><strong>passionem,</strong></span> <span class='ocrx_word' id='word_1_225' title='bbox 2229 756 2424 809; x_wconf 90' lang='lat' dir='ltr'><strong>malam</strong></span> <span class='ocrx_word' id='word_1_226' title='bbox 2452 758 2947 824; x_wconf 78' lang='lat' dir='ltr'><strong>concupiscentiam</strong></span> <span class='ocrx_word' id='word_1_227' title='bbox 2971 776 2985 823; x_wconf 92' lang='lat'><strong>;</strong></span> <span class='ocrx_word' id='word_1_228' title='bbox 3020 758 3119 827; x_wconf 83' lang='lat' dir='ltr'><strong>qui</strong></span> <span class='ocrx_word' id='word_1_229' title='bbox 3139 773 3267 828; x_wconf 81' lang='lat' dir='ltr'><strong>ergo</strong></span> <span class='ocrx_word' id='word_1_230' title='bbox 3293 761 3439 811; x_wconf 94' lang='lat' dir='ltr'><strong>omni</strong></span> 
     </span>
    </p>
   </div>
   <div class='ocr_carea' id='block_1_36' title="bbox 1871 845 3444 917">
    <p class='ocr_par' dir='ltr' id='par_1_36' title="bbox 1871 845 3444 917">
     <span class='ocr_line' id='line_1_36' title="bbox 1871 845 3444 917; baseline 0.003 -21"><span class='ocrx_word' id='word_1_231' title='bbox 1871 845 2063 898; x_wconf 85' lang='lat' dir='ltr'><strong>harum</strong></span> <span class='ocrx_word' id='word_1_232' title='bbox 2100 848 2383 901; x_wconf 88' lang='lat' dir='ltr'><strong>ambarum</strong></span> <span class='ocrx_word' id='word_1_233' title='bbox 2409 849 2757 917; x_wconf 83' lang='lat' dir='ltr'><strong>circumsepti</strong></span> <span class='ocrx_word' id='word_1_234' title='bbox 2792 859 2920 903; x_wconf 87' lang='lat' dir='ltr'><strong>sunt</strong></span> <span class='ocrx_word' id='word_1_235' title='bbox 2946 859 3246 911; x_wconf 81' lang='lat' dir='ltr'><strong>armatura,</strong></span> <span class='ocrx_word' id='word_1_236' title='bbox 3288 848 3444 903; x_wconf 82' lang='lat' dir='ltr'><strong>facile</strong></span> 
     </span>
    </p>
   </div>
   <div class='ocr_carea' id='block_1_37' title="bbox 1870 929 3444 1006">
    <p class='ocr_par' dir='ltr' id='par_1_37' title="bbox 1870 929 3444 1006">
     <span class='ocr_line' id='line_1_37' title="bbox 1870 929 3444 1006; baseline 0.004 -23"><span class='ocrx_word' id='word_1_237' title='bbox 1870 929 2124 999; x_wconf 81' lang='lat' dir='ltr'><strong>deinceps</strong></span> <span class='ocrx_word' id='word_1_238' title='bbox 2168 933 2432 987; x_wconf 85' lang='lat' dir='ltr'><strong>adversus</strong></span> <span class='ocrx_word' id='word_1_239' title='bbox 2482 936 2792 989; x_wconf 66' lang='lat' dir='ltr'><strong>daemomttn</strong></span> <span class='ocrx_word' id='word_1_240' title='bbox 2842 939 3162 1006; x_wconf 81' lang='lat' dir='ltr'><strong>pravitatem</strong></span> <span class='ocrx_word' id='word_1_241' title='bbox 3216 953 3444 992; x_wconf 89' lang='lat' dir='ltr'><strong>consur-</strong></span> 
     </span>
    </p>
   </div>
   <div class='ocr_carea' id='block_1_38' title="bbox 1870 1020 3444 1096">
    <p class='ocr_par' dir='ltr' id='par_1_38' title="bbox 1870 1020 3444 1096">
     <span class='ocr_line' id='line_1_38' title="bbox 1870 1020 3444 1096; baseline 0.006 -25"><span class='ocrx_word' id='word_1_242' title='bbox 1870 1028 1997 1088; x_wconf 93' lang='lat' dir='ltr'><strong>gent</strong></span> <span class='ocrx_word' id='word_1_243' title='bbox 2030 1038 2042 1073; x_wconf 88' lang='lat'><strong>:</strong></span> <span class='ocrx_word' id='word_1_244' title='bbox 2074 1020 2349 1078; x_wconf 65' lang='lat' dir='ltr'><strong>daamones</strong></span> <span class='ocrx_word' id='word_1_245' title='bbox 2389 1025 2584 1079; x_wconf 62' lang='lat' dir='ltr'><strong>animae</strong></span> <span class='ocrx_word' id='word_1_246' title='bbox 2612 1028 2809 1081; x_wconf 85' lang='lat' dir='ltr'><strong>bellum</strong></span> <span class='ocrx_word' id='word_1_247' title='bbox 2843 1027 3080 1080; x_wconf 89' lang='lat' dir='ltr'><strong>inferunt</strong></span> <span class='ocrx_word' id='word_1_248' title='bbox 3109 1042 3204 1095; x_wconf 90' lang='lat' dir='ltr'><strong>per</strong></span> <span class='ocrx_word' id='word_1_249' title='bbox 3236 1028 3444 1096; x_wconf 87' lang='lat' dir='ltr'><strong>cogita-</strong></span> 
     </span>
    </p>
   </div>
   <div class='ocr_carea' id='block_1_39' title="bbox 1870 1111 3442 1188">
    <p class='ocr_par' dir='ltr' id='par_1_39' title="bbox 1870 1111 3442 1188">
     <span class='ocr_line' id='line_1_39' title="bbox 1870 1111 3442 1188; baseline 0.004 -23"><span class='ocrx_word' id='word_1_250' title='bbox 1870 1111 2066 1178; x_wconf 83' lang='lat' dir='ltr'><strong>tiones,</strong></span> <span class='ocrx_word' id='word_1_251' title='bbox 2125 1122 2179 1168; x_wconf 91' lang='lat' dir='ltr'><strong>et</strong></span> <span class='ocrx_word' id='word_1_252' title='bbox 2213 1115 2286 1168; x_wconf 89' lang='lat' dir='ltr'><strong>illi</strong></span> <span class='ocrx_word' id='word_1_253' title='bbox 2319 1117 2598 1172; x_wconf 85' lang='lat' dir='ltr'><strong>molestius</strong></span> <span class='ocrx_word' id='word_1_254' title='bbox 2627 1129 2847 1173; x_wconf 80' lang='lat' dir='ltr'><strong>econtra</strong></span> <span class='ocrx_word' id='word_1_255' title='bbox 2874 1135 2972 1188; x_wconf 87' lang='lat' dir='ltr'><strong>per</strong></span> <span class='ocrx_word' id='word_1_256' title='bbox 3004 1119 3317 1188; x_wconf 83' lang='lat' dir='ltr'><strong>patientiam</strong></span> <span class='ocrx_word' id='word_1_257' title='bbox 3345 1134 3442 1187; x_wconf 82' lang='lat' dir='ltr'><strong>op-</strong></span> 
     </span>
    </p>
   </div>
   <div class='ocr_carea' id='block_1_40' title="bbox 1868 1207 3441 1278">
    <p class='ocr_par' dir='ltr' id='par_1_40' title="bbox 1868 1207 3441 1278">
     <span class='ocr_line' id='line_1_40' title="bbox 1868 1207 3441 1278; baseline 0.001 -22"><span class='ocrx_word' id='word_1_258' title='bbox 1868 1213 2212 1271; x_wconf 70' lang='lat' dir='ltr'><strong>pugnantur;</strong></span> <span class='ocrx_word' id='word_1_259' title='bbox 2284 1207 2427 1261; x_wconf 88' lang='lat' dir='ltr'><strong>unde</strong></span> <span class='ocrx_word' id='word_1_260' title='bbox 2506 1209 2698 1262; x_wconf 83' lang='lat' dir='ltr'><strong>timido</strong></span> <span class='ocrx_word' id='word_1_261' title='bbox 2767 1209 3071 1278; x_wconf 85' lang='lat' dir='ltr'><strong>procedunt</strong></span> <span class='ocrx_word' id='word_1_262' title='bbox 3131 1208 3316 1262; x_wconf 90' lang='lat' dir='ltr'><strong>animo</strong></span> <span class='ocrx_word' id='word_1_263' title='bbox 3375 1207 3441 1260; x_wconf 90' lang='lat' dir='ltr'><strong>ad</strong></span> 
     </span>
    </p>
   </div>
   <div class='ocr_carea' id='block_1_41' title="bbox 1869 1298 3441 1370">
    <p class='ocr_par' dir='ltr' id='par_1_41' title="bbox 1869 1298 3441 1370">
     <span class='ocr_line' id='line_1_41' title="bbox 1869 1298 3441 1370; baseline 0 -19"><span class='ocrx_word' id='word_1_264' title='bbox 1869 1298 2134 1365; x_wconf 79' lang='lat' dir='ltr'><strong>praelium,</strong></span> <span class='ocrx_word' id='word_1_265' title='bbox 2189 1315 2383 1368; x_wconf 74' lang='lat' dir='ltr'><strong>pugna:</strong></span> <span class='ocrx_word' id='word_1_266' title='bbox 2432 1300 2625 1355; x_wconf 90' lang='lat' dir='ltr'><strong>ducem</strong></span> <span class='ocrx_word' id='word_1_267' title='bbox 2664 1301 3005 1370; x_wconf 74' lang='lat' dir='ltr'><strong>suspicantes</strong></span> <span class='ocrx_word' id='word_1_268' title='bbox 3047 1308 3341 1370; x_wconf 89' lang='lat' dir='ltr'><strong>potentem.</strong></span> <span class='ocrx_word' id='word_1_269' title='bbox 3383 1298 3441 1352; x_wconf 89' lang='lat' dir='ltr'><strong>Si</strong></span> 
     </span>
    </p>
   </div>
   <div class='ocr_carea' id='block_1_42' title="bbox 1866 1387 3441 1461">
    <p class='ocr_par' dir='ltr' id='par_1_42' title="bbox 1866 1387 3441 1461">
     <span class='ocr_line' id='line_1_42' title="bbox 1866 1387 3441 1461; baseline 0.003 -23"><span class='ocrx_word' id='word_1_270' title='bbox 1866 1387 2105 1443; x_wconf 84' lang='lat' dir='ltr'><strong>volueris</strong></span> <span class='ocrx_word' id='word_1_271' title='bbox 2130 1389 2388 1445; x_wconf 86' lang='lat' dir='ltr'><strong>adversus</strong></span> <span class='ocrx_word' id='word_1_272' title='bbox 2413 1390 2721 1445; x_wconf 65' lang='lat' dir='ltr'><strong>dmmonum</strong></span> <span class='ocrx_word' id='word_1_273' title='bbox 2748 1400 2979 1445; x_wconf 88' lang='lat' dir='ltr'><strong>turmam</strong></span> <span class='ocrx_word' id='word_1_274' title='bbox 3011 1392 3208 1445; x_wconf 89' lang='lat' dir='ltr'><strong>bellum</strong></span> <span class='ocrx_word' id='word_1_275' title='bbox 3235 1406 3441 1461; x_wconf 87' lang='lat' dir='ltr'><strong>gerere.</strong></span> 
     </span>
    </p>
   </div>
   <div class='ocr_carea' id='block_1_43' title="bbox 1867 1479 3443 1551">
    <p class='ocr_par' dir='ltr' id='par_1_43' title="bbox 1867 1479 3443 1551">
     <span class='ocr_line' id='line_1_43' title="bbox 1867 1479 3443 1551; baseline 0.002 -19"><span class='ocrx_word' id='word_1_276' title='bbox 1867 1479 2048 1548; x_wconf 66' lang='lat' dir='ltr'><strong>quiete</strong></span> <span class='ocrx_word' id='word_1_277' title='bbox 2076 1481 2319 1535; x_wconf 80' lang='lat' dir='ltr'><strong>modesta</strong></span> <span class='ocrx_word' id='word_1_278' title='bbox 2347 1483 2524 1550; x_wconf 86' lang='lat' dir='ltr'><strong>sopito</strong></span> <span class='ocrx_word' id='word_1_279' title='bbox 2552 1493 2735 1551; x_wconf 83' lang='lat' dir='ltr'><strong>portas</strong></span> <span class='ocrx_word' id='word_1_280' title='bbox 2768 1485 2964 1538; x_wconf 64' lang='lat' dir='ltr'><strong>animae</strong></span> <span class='ocrx_word' id='word_1_281' title='bbox 2988 1492 3113 1546; x_wconf 77' lang='lat' dir='ltr'><strong>tuae,</strong></span> <span class='ocrx_word' id='word_1_282' title='bbox 3145 1497 3443 1551; x_wconf 87' lang='lat' dir='ltr'><strong>auremque</strong></span> 
     </span>
    </p>
   </div>
   <div class='ocr_carea' id='block_1_44' title="bbox 1868 1572 3438 1641">
    <p class='ocr_par' dir='ltr' id='par_1_44' title="bbox 1868 1572 3438 1641">
     <span class='ocr_line' id='line_1_44' title="bbox 1868 1572 3438 1641; baseline 0.003 -20"><span class='ocrx_word' id='word_1_283' title='bbox 1868 1578 2015 1622; x_wconf 88' lang='lat' dir='ltr'><strong>tuam</strong></span> <span class='ocrx_word' id='word_1_284' title='bbox 2062 1572 2404 1626; x_wconf 84' lang='lat' dir='ltr'><strong>sermonibus</strong></span> <span class='ocrx_word' id='word_1_285' title='bbox 2448 1581 2607 1641; x_wconf 81' lang='lat' dir='ltr'><strong>tange</strong></span> <span class='ocrx_word' id='word_1_286' title='bbox 2650 1572 3031 1636; x_wconf 80' lang='lat' dir='ltr'><strong>fraternitatis,</strong></span> <span class='ocrx_word' id='word_1_287' title='bbox 3084 1581 3144 1627; x_wconf 90' lang='lat' dir='ltr'><strong>ut</strong></span> <span class='ocrx_word' id='word_1_288' title='bbox 3178 1572 3438 1626; x_wconf 89' lang='lat' dir='ltr'><strong>nimirum</strong></span> 
     </span>
    </p>
   </div>
   <div class='ocr_carea' id='block_1_45' title="bbox 1866 1659 3442 1734">
    <p class='ocr_par' dir='ltr' id='par_1_45' title="bbox 1866 1659 3442 1734">
     <span class='ocr_line' id='line_1_45' title="bbox 1866 1659 3442 1734; baseline 0.001 -19"><span class='ocrx_word' id='word_1_289' title='bbox 1866 1659 2032 1731; x_wconf 57' lang='lat'><strong>526</strong></span> <span class='ocrx_word' id='word_1_290' title='bbox 2081 1671 2211 1716; x_wconf 83' lang='lat' dir='ltr'><strong>tunc</strong></span> <span class='ocrx_word' id='word_1_291' title='bbox 2256 1664 2430 1731; x_wconf 78' lang='lat' dir='ltr'><strong>magis</strong></span> <span class='ocrx_word' id='word_1_292' title='bbox 2486 1664 2773 1719; x_wconf 88' lang='lat' dir='ltr'><strong>addiscens</strong></span> <span class='ocrx_word' id='word_1_293' title='bbox 2814 1666 3199 1734; x_wconf 77' lang='lat' dir='ltr'><strong>cogitationum</strong></span> <span class='ocrx_word' id='word_1_294' title='bbox 3257 1664 3442 1734; x_wconf 87' lang='lat' dir='ltr'><strong>spinas</strong></span> 
     </span>
    </p>
   </div>
   <div class='ocr_carea' id='block_1_46' title="bbox 1799 1732 3436 1823">
    <p class='ocr_par' dir='ltr' id='par_1_46' title="bbox 1799 1732 3436 1823">
     <span class='ocr_line' id='line_1_46' title="bbox 1799 1732 3436 1823; baseline 0.004 -18"><span class='ocrx_word' id='word_1_295' title='bbox 1799 1732 1839 1785; x_wconf 76' lang='grc' dir='ltr'><strong><em>Β</em></strong></span> <span class='ocrx_word' id='word_1_296' title='bbox 1868 1753 2194 1819; x_wconf 78' lang='lat' dir='ltr'><strong>succendas,</strong></span> <span class='ocrx_word' id='word_1_297' title='bbox 2221 1755 2441 1823; x_wconf 85' lang='lat' dir='ltr'><strong>quando</strong></span> <span class='ocrx_word' id='word_1_298' title='bbox 2464 1765 2715 1823; x_wconf 86' lang='lat' dir='ltr'><strong>paternas</strong></span> <span class='ocrx_word' id='word_1_299' title='bbox 2739 1756 2977 1810; x_wconf 90' lang='lat' dir='ltr'><strong>audieris</strong></span> <span class='ocrx_word' id='word_1_300' title='bbox 3006 1756 3436 1811; x_wconf 81' lang='lat' dir='ltr'><strong>admonitiones:</strong></span> 
     </span>
    </p>
   </div>
   <div class='ocr_carea' id='block_1_47' title="bbox 1868 1845 3369 1915">
    <p class='ocr_par' dir='ltr' id='par_1_47' title="bbox 1868 1845 3369 1915">
     <span class='ocr_line' id='line_1_47' title="bbox 1868 1845 3369 1915; baseline 0.002 -18"><span class='ocrx_word' id='word_1_301' title='bbox 1868 1858 1979 1899; x_wconf 82' lang='lat' dir='ltr'><strong>non</strong></span> <span class='ocrx_word' id='word_1_302' title='bbox 2010 1858 2237 1914; x_wconf 80' lang='lat' dir='ltr'><strong>operum</strong></span> <span class='ocrx_word' id='word_1_303' title='bbox 2267 1846 2342 1901; x_wconf 89' lang='lat' dir='ltr'><strong>sis</strong></span> <span class='ocrx_word' id='word_1_304' title='bbox 2358 1845 2545 1915; x_wconf 78' lang='lat' dir='ltr'><strong>judex,</strong></span> <span class='ocrx_word' id='word_1_305' title='bbox 2572 1848 2667 1901; x_wconf 88' lang='lat' dir='ltr'><strong>sed</strong></span> <span class='ocrx_word' id='word_1_306' title='bbox 2698 1847 2987 1902; x_wconf 83' lang='lat' dir='ltr'><strong>verborum</strong></span> <span class='ocrx_word' id='word_1_307' title='bbox 3011 1848 3369 1902; x_wconf 80' lang='lat' dir='ltr'><strong>examinator.</strong></span> 
     </span>
    </p>
   </div>
   <div class='ocr_carea' id='block_1_48' title="bbox 2448 1960 2855 2015">
    <p class='ocr_par' dir='ltr' id='par_1_48' title="bbox 2448 1960 2855 2015">
     <span class='ocr_line' id='line_1_48' title="bbox 2448 1960 2855 2015; baseline -0.002 0"><span class='ocrx_word' id='word_1_308' title='bbox 2448 1960 2678 2015; x_wconf 67' lang='lat' dir='ltr'><strong>CAPUT</strong></span> <span class='ocrx_word' id='word_1_309' title='bbox 2718 1961 2855 2014; x_wconf 79' lang='lat' dir='ltr'><strong>XVl.</strong></span> 
     </span>
    </p>
   </div>
   <div class='ocr_carea' id='block_1_49' title="bbox 1939 2074 3439 2145">
    <p class='ocr_par' dir='ltr' id='par_1_49' title="bbox 1939 2074 3439 2145">
     <span class='ocr_line' id='line_1_49' title="bbox 1939 2074 3439 2145; baseline -0.001 -16"><span class='ocrx_word' id='word_1_310' title='bbox 1939 2074 2123 2129; x_wconf 88' lang='lat' dir='ltr'><strong>Solent</strong></span> <span class='ocrx_word' id='word_1_311' title='bbox 2186 2091 2375 2145; x_wconf 85' lang='lat' dir='ltr'><strong>nempe</strong></span> <span class='ocrx_word' id='word_1_312' title='bbox 2434 2076 2811 2143; x_wconf 76' lang='lat' dir='ltr'><strong>hujuscemodi</strong></span> <span class='ocrx_word' id='word_1_313' title='bbox 2868 2076 3231 2144; x_wconf 70' lang='lat' dir='ltr'><strong>cegitationcs</strong></span> <span class='ocrx_word' id='word_1_314' title='bbox 3273 2084 3325 2127; x_wconf 90' lang='lat' dir='ltr'><strong>te</strong></span> <span class='ocrx_word' id='word_1_315' title='bbox 3373 2074 3439 2127; x_wconf 88' lang='lat' dir='ltr'><strong>ad</strong></span> 
     </span>
    </p>
   </div>
   <div class='ocr_carea' id='block_1_50' title="bbox 1866 2165 3443 2237">
    <p class='ocr_par' dir='ltr' id='par_1_50' title="bbox 1866 2165 3443 2237">
     <span class='ocr_line' id='line_1_50' title="bbox 1866 2165 3443 2237; baseline -0.001 -16"><span class='ocrx_word' id='word_1_316' title='bbox 1866 2168 2222 2237; x_wconf 89' lang='lat' dir='ltr'><strong>aptitudinem</strong></span> <span class='ocrx_word' id='word_1_317' title='bbox 2250 2178 2497 2237; x_wconf 83' lang='lat' dir='ltr'><strong>gestuum</strong></span> <span class='ocrx_word' id='word_1_318' title='bbox 2518 2168 2861 2221; x_wconf 81' lang='lat' dir='ltr'><strong>admonentis</strong></span> <span class='ocrx_word' id='word_1_319' title='bbox 2884 2168 3171 2230; x_wconf 87' lang='lat' dir='ltr'><strong>abducere,</strong></span> <span class='ocrx_word' id='word_1_320' title='bbox 3197 2176 3255 2219; x_wconf 92' lang='lat' dir='ltr'><strong>ut</strong></span> <span class='ocrx_word' id='word_1_321' title='bbox 3279 2165 3443 2233; x_wconf 83' lang='lat' dir='ltr'><strong>hujus</strong></span> 
     </span>
    </p>
   </div>
   <div class='ocr_carea' id='block_1_51' title="bbox 1867 2258 3439 2329">
    <p class='ocr_par' dir='ltr' id='par_1_51' title="bbox 1867 2258 3439 2329">
     <span class='ocr_line' id='line_1_51' title="bbox 1867 2258 3439 2329; baseline -0.003 -16"><span class='ocrx_word' id='word_1_322' title='bbox 1867 2269 1919 2313; x_wconf 87' lang='lat' dir='ltr'><strong>te</strong></span> <span class='ocrx_word' id='word_1_323' title='bbox 1950 2260 2182 2327; x_wconf 84' lang='lat' dir='ltr'><strong>peritum</strong></span> <span class='ocrx_word' id='word_1_324' title='bbox 2210 2260 2602 2315; x_wconf 85' lang='lat' dir='ltr'><strong>constituentes</strong></span> <span class='ocrx_word' id='word_1_325' title='bbox 2628 2260 2862 2329; x_wconf 84' lang='lat' dir='ltr'><strong>judicem</strong></span> <span class='ocrx_word' id='word_1_326' title='bbox 2889 2275 2918 2311; x_wconf 88' lang='lat' dir='ltr'><strong>a</strong></span> <span class='ocrx_word' id='word_1_327' title='bbox 2947 2258 3159 2327; x_wconf 88' lang='lat' dir='ltr'><strong>perutili</strong></span> <span class='ocrx_word' id='word_1_328' title='bbox 3195 2266 3439 2311; x_wconf 83' lang='lat' dir='ltr'><strong>avertant</strong></span> 
     </span>
    </p>
   </div>
   <div class='ocr_carea' id='block_1_52' title="bbox 1866 2348 3443 2419">
    <p class='ocr_par' dir='ltr' id='par_1_52' title="bbox 1866 2348 3443 2419">
     <span class='ocr_line' id='line_1_52' title="bbox 1866 2348 3443 2419; baseline -0.003 -14"><span class='ocrx_word' id='word_1_329' title='bbox 1866 2352 2253 2405; x_wconf 84' lang='lat' dir='ltr'><strong>admonitione.</strong></span> <span class='ocrx_word' id='word_1_330' title='bbox 2296 2350 2415 2405; x_wconf 86' lang='lat' dir='ltr'><strong>Non</strong></span> <span class='ocrx_word' id='word_1_331' title='bbox 2440 2367 2661 2406; x_wconf 88' lang='lat' dir='ltr'><strong>recuses</strong></span> <span class='ocrx_word' id='word_1_332' title='bbox 2686 2352 3019 2415; x_wconf 87' lang='lat' dir='ltr'><strong>admonitus,</strong></span> <span class='ocrx_word' id='word_1_333' title='bbox 3044 2352 3294 2419; x_wconf 67' lang='lat' dir='ltr'><strong>quamvis</strong></span> <span class='ocrx_word' id='word_1_334' title='bbox 3327 2348 3443 2402; x_wconf 88' lang='lat' dir='ltr'><strong>fue-</strong></span> 
     </span>
    </p>
   </div>
   <div class='ocr_carea' id='block_1_53' title="bbox 1869 2442 3445 2513">
    <p class='ocr_par' dir='ltr' id='par_1_53' title="bbox 1869 2442 3445 2513">
     <span class='ocr_line' id='line_1_53' title="bbox 1869 2442 3445 2513; baseline -0.001 -16"><span class='ocrx_word' id='word_1_335' title='bbox 1869 2444 1945 2497; x_wconf 89' lang='lat' dir='ltr'><strong>ris</strong></span> <span class='ocrx_word' id='word_1_336' title='bbox 1978 2444 2341 2513; x_wconf 88' lang='lat' dir='ltr'><strong>cognoscendi</strong></span> <span class='ocrx_word' id='word_1_337' title='bbox 2381 2443 2636 2498; x_wconf 74' lang='lat' dir='ltr'><strong>facultate</strong></span> <span class='ocrx_word' id='word_1_338' title='bbox 2671 2445 2963 2511; x_wconf 69' lang='lat' dir='ltr'><strong>prmditus;</strong></span> <span class='ocrx_word' id='word_1_339' title='bbox 3010 2444 3053 2495; x_wconf 89' lang='lat' dir='ltr'><strong>si</strong></span> <span class='ocrx_word' id='word_1_340' title='bbox 3092 2442 3290 2496; x_wconf 90' lang='lat' dir='ltr'><strong>etenim</strong></span> <span class='ocrx_word' id='word_1_341' title='bbox 3322 2457 3445 2511; x_wconf 75' lang='lat' dir='ltr'><strong>qua:</strong></span> 
     </span>
    </p>
   </div>
   <div class='ocr_carea' id='block_1_54' title="bbox 1870 2535 3442 2605">
    <p class='ocr_par' dir='ltr' id='par_1_54' title="bbox 1870 2535 3442 2605">
     <span class='ocr_line' id='line_1_54' title="bbox 1870 2535 3442 2605; baseline -0.001 -17"><span class='ocrx_word' id='word_1_342' title='bbox 1870 2540 2105 2605; x_wconf 87' lang='lat' dir='ltr'><strong>practica</strong></span> <span class='ocrx_word' id='word_1_343' title='bbox 2160 2544 2243 2590; x_wconf 90' lang='lat' dir='ltr'><strong>est</strong></span> <span class='ocrx_word' id='word_1_344' title='bbox 2285 2535 2516 2591; x_wconf 83' lang='lat' dir='ltr'><strong>facultas</strong></span> <span class='ocrx_word' id='word_1_345' title='bbox 2571 2552 2600 2590; x_wconf 91' lang='lat' dir='ltr'><strong>a</strong></span> <span class='ocrx_word' id='word_1_346' title='bbox 2658 2537 3025 2603; x_wconf 72' lang='lat' dir='ltr'><strong>cognoscitiva</strong></span> <span class='ocrx_word' id='word_1_347' title='bbox 3076 2535 3442 2603; x_wconf 82' lang='lat' dir='ltr'><strong>disjungatur,</strong></span> 
     </span>
    </p>
   </div>
   <div class='ocr_carea' id='block_1_55' title="bbox 1869 2628 3445 2697">
    <p class='ocr_par' dir='ltr' id='par_1_55' title="bbox 1869 2628 3445 2697">
     <span class='ocr_line' id='line_1_55' title="bbox 1869 2628 3445 2697; baseline 0 -18"><span class='ocrx_word' id='word_1_348' title='bbox 1869 2643 2007 2697; x_wconf 93' lang='lat' dir='ltr'><strong>opus</strong></span> <span class='ocrx_word' id='word_1_349' title='bbox 2039 2636 2123 2682; x_wconf 89' lang='lat' dir='ltr'><strong>est</strong></span> <span class='ocrx_word' id='word_1_350' title='bbox 2150 2642 2236 2691; x_wconf 90' lang='lat' dir='ltr'><strong>eo,</strong></span> <span class='ocrx_word' id='word_1_351' title='bbox 2266 2628 2361 2697; x_wconf 85' lang='lat' dir='ltr'><strong>qui</strong></span> <span class='ocrx_word' id='word_1_352' title='bbox 2395 2628 2689 2696; x_wconf 71' lang='lat' dir='ltr'><strong>coniungat</strong></span> <span class='ocrx_word' id='word_1_353' title='bbox 2711 2628 2993 2681; x_wconf 86' lang='lat' dir='ltr'><strong>ambarum</strong></span> <span class='ocrx_word' id='word_1_354' title='bbox 3020 2628 3282 2680; x_wconf 80' lang='lat' dir='ltr'><strong>virtutum</strong></span> <span class='ocrx_word' id='word_1_355' title='bbox 3307 2639 3445 2679; x_wconf 87' lang='lat' dir='ltr'><strong>con-</strong></span> 
     </span>
    </p>
   </div>
   <div class='ocr_carea' id='block_1_56' title="bbox 1870 2717 3447 2789">
    <p class='ocr_par' dir='ltr' id='par_1_56' title="bbox 1870 2717 3447 2789">
     <span class='ocr_line' id='line_1_56' title="bbox 1870 2717 3447 2789; baseline -0.002 -16"><span class='ocrx_word' id='word_1_356' title='bbox 1870 2719 2111 2773; x_wconf 88' lang='lat' dir='ltr'><strong>cordiam</strong></span> <span class='ocrx_word' id='word_1_357' title='bbox 2163 2720 2439 2773; x_wconf 86' lang='lat' dir='ltr'><strong>tremenda</strong></span> <span class='ocrx_word' id='word_1_358' title='bbox 2482 2720 2675 2789; x_wconf 82' lang='lat' dir='ltr'><strong>judicii</strong></span> <span class='ocrx_word' id='word_1_359' title='bbox 2726 2720 2961 2787; x_wconf 86' lang='lat' dir='ltr'><strong>justitia.</strong></span> <span class='ocrx_word' id='word_1_360' title='bbox 3006 2717 3107 2784; x_wconf 83' lang='lat' dir='ltr'><strong>Qui</strong></span> <span class='ocrx_word' id='word_1_361' title='bbox 3158 2729 3447 2787; x_wconf 88' lang='lat' dir='ltr'><strong>paternum</strong></span> 
     </span>
    </p>
   </div>
   <div class='ocr_carea' id='block_1_57' title="bbox 1872 2810 3448 2881">
    <p class='ocr_par' dir='ltr' id='par_1_57' title="bbox 1872 2810 3448 2881">
     <span class='ocr_line' id='line_1_57' title="bbox 1872 2810 3448 2881; baseline -0.002 -15"><span class='ocrx_word' id='word_1_362' title='bbox 1872 2813 2186 2866; x_wconf 89' lang='lat' dir='ltr'><strong>mandatum</strong></span> <span class='ocrx_word' id='word_1_363' title='bbox 2215 2812 2423 2866; x_wconf 87' lang='lat' dir='ltr'><strong>excutit</strong></span> <span class='ocrx_word' id='word_1_364' title='bbox 2451 2827 2514 2867; x_wconf 84' lang='lat' dir='ltr'><strong>ex</strong></span> <span class='ocrx_word' id='word_1_365' title='bbox 2546 2827 2699 2873; x_wconf 85' lang='lat' dir='ltr'><strong>aure,</strong></span> <span class='ocrx_word' id='word_1_366' title='bbox 2738 2821 3003 2881; x_wconf 82' lang='lat' dir='ltr'><strong>praecepto</strong></span> <span class='ocrx_word' id='word_1_367' title='bbox 3044 2826 3262 2879; x_wconf 87' lang='lat' dir='ltr'><strong>quoque</strong></span> <span class='ocrx_word' id='word_1_368' title='bbox 3293 2810 3448 2880; x_wconf 80' lang='lat' dir='ltr'><strong>legali</strong></span> 
     </span>
    </p>
   </div>
   <div class='ocr_carea' id='block_1_58' title="bbox 1871 2902 3451 2970">
    <p class='ocr_par' dir='ltr' id='par_1_58' title="bbox 1871 2902 3451 2970">
     <span class='ocr_line' id='line_1_58' title="bbox 1871 2902 3451 2970; baseline -0.002 -12"><span class='ocrx_word' id='word_1_369' title='bbox 1871 2904 1976 2959; x_wconf 89' lang='lat' dir='ltr'><strong>erit</strong></span> <span class='ocrx_word' id='word_1_370' title='bbox 2005 2904 2323 2957; x_wconf 87' lang='lat' dir='ltr'><strong>inobediens</strong></span> <span class='ocrx_word' id='word_1_371' title='bbox 2356 2920 2372 2958; x_wconf 78' lang='lat'><strong>2</strong></span> <span class='ocrx_word' id='word_1_372' title='bbox 2408 2919 2515 2957; x_wconf 91' lang='lat' dir='ltr'><strong>non</strong></span> <span class='ocrx_word' id='word_1_373' title='bbox 2550 2903 2726 2956; x_wconf 87' lang='lat' dir='ltr'><strong>solum</strong></span> <span class='ocrx_word' id='word_1_374' title='bbox 2760 2902 3014 2970; x_wconf 81' lang='lat' dir='ltr'><strong>eloquere</strong></span> <span class='ocrx_word' id='word_1_375' title='bbox 3046 2917 3169 2956; x_wconf 92' lang='lat' dir='ltr'><strong>cum</strong></span> <span class='ocrx_word' id='word_1_376' title='bbox 3210 2902 3451 2956; x_wconf 88' lang='lat' dir='ltr'><strong>delecta-</strong></span> 
     </span>
    </p>
   </div>
   <div class='ocr_carea' id='block_1_59' title="bbox 1873 2994 3453 3064">
    <p class='ocr_par' dir='ltr' id='par_1_59' title="bbox 1873 2994 3453 3064">
     <span class='ocr_line' id='line_1_59' title="bbox 1873 2994 3453 3064; baseline -0.004 -14"><span class='ocrx_word' id='word_1_377' title='bbox 1873 2997 2020 3051; x_wconf 86' lang='lat' dir='ltr'><strong>tione</strong></span> <span class='ocrx_word' id='word_1_378' title='bbox 2053 2995 2279 3050; x_wconf 75' lang='lat' dir='ltr'><strong>fratrum</strong></span> <span class='ocrx_word' id='word_1_379' title='bbox 2308 3012 2396 3049; x_wconf 72' lang='lat' dir='ltr'><strong>res</strong></span> <span class='ocrx_word' id='word_1_380' title='bbox 2428 2997 2562 3048; x_wconf 84' lang='lat' dir='ltr'><strong>bene</strong></span> <span class='ocrx_word' id='word_1_381' title='bbox 2586 3004 2787 3064; x_wconf 82' lang='lat' dir='ltr'><strong>gestas,</strong></span> <span class='ocrx_word' id='word_1_382' title='bbox 2819 2995 2910 3049; x_wconf 93' lang='lat' dir='ltr'><strong>sed</strong></span> <span class='ocrx_word' id='word_1_383' title='bbox 2940 3006 2993 3049; x_wconf 92' lang='lat' dir='ltr'><strong>et</strong></span> <span class='ocrx_word' id='word_1_384' title='bbox 3021 2998 3254 3064; x_wconf 83' lang='lat' dir='ltr'><strong>teipsum</strong></span> <span class='ocrx_word' id='word_1_385' title='bbox 3283 2994 3453 3049; x_wconf 77' lang='lat' dir='ltr'><strong>factu-</strong></span> 
     </span>
    </p>
   </div>
   <div class='ocr_carea' id='block_1_60' title="bbox 177 3061 1778 3154">
    <p class='ocr_par' dir='ltr' id='par_1_60' title="bbox 177 3061 1771 3137">
     <span class='ocr_line' id='line_1_60' title="bbox 177 3061 1771 3137; baseline 0.001 -22"><span class='ocrx_word' id='word_1_386' title='bbox 177 3062 556 3135; x_wconf 80' lang='grc' dir='ltr'>πονικώτερον</span> <span class='ocrx_word' id='word_1_387' title='bbox 609 3065 886 3134; x_wconf 79' lang='grc' dir='ltr'>ἐπιζητῶν</span> <span class='ocrx_word' id='word_1_388' title='bbox 932 3061 1044 3129; x_wconf 77' lang='grc' dir='ltr'>οἷός</span> <span class='ocrx_word' id='word_1_389' title='bbox 1081 3083 1141 3119; x_wconf 90' lang='grc' dir='ltr'><strong>τε</strong></span> <span class='ocrx_word' id='word_1_390' title='bbox 1184 3065 1279 3136; x_wconf 79' lang='grc' dir='ltr'><strong>οἴῳ</strong></span> <span class='ocrx_word' id='word_1_391' title='bbox 1318 3065 1467 3137; x_wconf 82' lang='grc' dir='ltr'>πόνῳ</span> <span class='ocrx_word' id='word_1_392' title='bbox 1514 3066 1771 3137; x_wconf 69' lang='grc' dir='ltr'>λογισμὸς</span> 
     </span>
    </p>
   </div>
   <div class='ocr_carea' id='block_1_61' title="bbox 1896 3061 3453 3154">
    <p class='ocr_par' dir='ltr' id='par_1_61' title="bbox 1896 3084 3453 3154">
     <span class='ocr_line' id='line_1_61' title="bbox 1896 3084 3453 3154; baseline 0 -15"><span class='ocrx_word' id='word_1_393' title='bbox 1896 3102 1987 3139; x_wconf 77' lang='grc' dir='ltr'><strong>ἘΠΙ</strong></span> <span class='ocrx_word' id='word_1_394' title='bbox 2018 3101 2204 3140; x_wconf 83' lang='lat' dir='ltr'><strong>carum</strong></span> <span class='ocrx_word' id='word_1_395' title='bbox 2247 3084 2737 3139; x_wconf 81' lang='lat' dir='ltr'><strong>laboriosissimum</strong></span> <span class='ocrx_word' id='word_1_396' title='bbox 2773 3100 2997 3154; x_wconf 89' lang='lat' dir='ltr'><strong>reposce</strong></span> <span class='ocrx_word' id='word_1_397' title='bbox 3029 3100 3045 3139; x_wconf 91' lang='lat'><strong>:</strong></span> <span class='ocrx_word' id='word_1_398' title='bbox 3081 3085 3174 3154; x_wconf 88' lang='lat' dir='ltr'><strong>qui</strong></span> <span class='ocrx_word' id='word_1_399' title='bbox 3214 3085 3453 3139; x_wconf 85' lang='lat' dir='ltr'><strong>laborio-</strong></span> 
     </span>
    </p>
   </div>
   <div class='ocr_carea' id='block_1_62' title="bbox 177 3156 1771 3230">
    <p class='ocr_par' dir='ltr' id='par_1_62' title="bbox 177 3156 1771 3230">
     <span class='ocr_line' id='line_1_62' title="bbox 177 3156 1771 3230; baseline 0.003 -22"><span class='ocrx_word' id='word_1_400' title='bbox 177 3156 509 3223; x_wconf 85' lang='grc' dir='ltr'>ἀντίκειται,</span> <span class='ocrx_word' id='word_1_401' title='bbox 537 3157 787 3229; x_wconf 82' lang='grc' dir='ltr'>τεχνίτης</span> <span class='ocrx_word' id='word_1_402' title='bbox 815 3160 874 3210; x_wconf 89' lang='grc' dir='ltr'><strong>ἐν</strong></span> <span class='ocrx_word' id='word_1_403' title='bbox 900 3159 1043 3229; x_wconf 85' lang='grc' dir='ltr'>πάλῃ</span> <span class='ocrx_word' id='word_1_404' title='bbox 1073 3159 1215 3212; x_wconf 71' lang='grc' dir='ltr'>κατὰ</span> <span class='ocrx_word' id='word_1_405' title='bbox 1244 3160 1341 3229; x_wconf 90' lang='grc' dir='ltr'><strong>τῆς</strong></span> <span class='ocrx_word' id='word_1_406' title='bbox 1375 3160 1581 3230; x_wconf 83' lang='grc' dir='ltr'>πλάνης</span> <span class='ocrx_word' id='word_1_407' title='bbox 1621 3160 1771 3230; x_wconf 82' lang='grc' dir='ltr'>εὑρί-</span> 
     </span>
    </p>
   </div>
   <div class='ocr_carea' id='block_1_63' title="bbox 182 3245 1773 3320">
    <p class='ocr_par' dir='ltr' id='par_1_63' title="bbox 182 3245 1773 3320">
     <span class='ocr_line' id='line_1_63' title="bbox 182 3245 1773 3320; baseline 0.001 -19"><span class='ocrx_word' id='word_1_408' title='bbox 182 3265 401 3313; x_wconf 83' lang='grc' dir='ltr'>σκεται,</span> <span class='ocrx_word' id='word_1_409' title='bbox 430 3252 487 3301; x_wconf 88' lang='grc' dir='ltr'><strong>ἐν</strong></span> <span class='ocrx_word' id='word_1_410' title='bbox 516 3249 657 3312; x_wconf 84' lang='grc' dir='ltr'>ὅλοις</span> <span class='ocrx_word' id='word_1_411' title='bbox 690 3249 747 3303; x_wconf 88' lang='grc' dir='ltr'><strong>δέ</strong></span> <span class='ocrx_word' id='word_1_412' title='bbox 782 3251 897 3312; x_wconf 78' lang='grc' dir='ltr'>τοῖς</span> <span class='ocrx_word' id='word_1_413' title='bbox 946 3252 1154 3320; x_wconf 89' lang='grc' dir='ltr'>νοεροίς</span> <span class='ocrx_word' id='word_1_414' title='bbox 1185 3267 1278 3302; x_wconf 88' lang='grc' dir='ltr'><strong>σου</strong></span> <span class='ocrx_word' id='word_1_415' title='bbox 1314 3251 1519 3314; x_wconf 80' lang='grc' dir='ltr'>πόνοις,</span> <span class='ocrx_word' id='word_1_416' title='bbox 1567 3245 1647 3314; x_wconf 73' lang='grc' dir='ltr'>οἷς</span> <span class='ocrx_word' id='word_1_417' title='bbox 1680 3250 1773 3302; x_wconf 81' lang='grc' dir='ltr'>ἐὰν</span> 
     </span>
    </p>
   </div>
   <div class='ocr_carea' id='block_1_64' title="bbox 182 3338 1775 3412">
    <p class='ocr_par' dir='ltr' id='par_1_64' title="bbox 182 3338 1775 3412">
     <span class='ocr_line' id='line_1_64' title="bbox 182 3338 1775 3412; baseline -0.001 -19"><span class='ocrx_word' id='word_1_418' title='bbox 182 3338 400 3411; x_wconf 63' lang='grc' dir='ltr'>ὲλλίψῃ,</span> <span class='ocrx_word' id='word_1_419' title='bbox 422 3342 449 3393; x_wconf 96' lang='lat'><strong>6</strong></span> <span class='ocrx_word' id='word_1_420' title='bbox 470 3339 658 3392; x_wconf 90' lang='grc' dir='ltr'>τοῦτον</span> <span class='ocrx_word' id='word_1_421' title='bbox 682 3338 923 3409; x_wconf 89' lang='grc' dir='ltr'>συλήσας</span> <span class='ocrx_word' id='word_1_422' title='bbox 947 3341 1060 3394; x_wconf 85' lang='grc' dir='ltr'>ἀντ’</span> <span class='ocrx_word' id='word_1_423' title='bbox 1089 3339 1255 3393; x_wconf 80' lang='grc' dir='ltr'>αὑτοῦ</span> <span class='ocrx_word' id='word_1_424' title='bbox 1279 3340 1775 3412; x_wconf 87' lang='grc' dir='ltr'>παρεισδύει.Μνη-</span> 
     </span>
    </p>
   </div>
   <div class='ocr_carea' id='block_1_65' title="bbox 194 3432 1771 3505">
    <p class='ocr_par' dir='ltr' id='par_1_65' title="bbox 194 3432 1771 3505">
     <span class='ocr_line' id='line_1_65' title="bbox 194 3432 1771 3505; baseline -0.001 -20"><span class='ocrx_word' id='word_1_425' title='bbox 194 3433 389 3503; x_wconf 89' lang='grc' dir='ltr'>μόνευε</span> <span class='ocrx_word' id='word_1_426' title='bbox 424 3435 490 3503; x_wconf 80' lang='grc' dir='ltr'>τῇ</span> <span class='ocrx_word' id='word_1_427' title='bbox 514 3432 726 3485; x_wconf 82' lang='grc' dir='ltr'>συνέσει</span> <span class='ocrx_word' id='word_1_428' title='bbox 751 3432 860 3486; x_wconf 82' lang='grc' dir='ltr'><strong>τῶν</strong></span> <span class='ocrx_word' id='word_1_429' title='bbox 886 3434 1062 3486; x_wconf 87' lang='grc' dir='ltr'>πόνων</span> <span class='ocrx_word' id='word_1_430' title='bbox 1086 3436 1372 3504; x_wconf 85' lang='grc' dir='ltr'>συντηρεῖν</span> <span class='ocrx_word' id='word_1_431' title='bbox 1394 3432 1491 3505; x_wconf 83' lang='grc' dir='ltr'>τὴν</span> <span class='ocrx_word' id='word_1_432' title='bbox 1510 3433 1733 3505; x_wconf 83' lang='grc' dir='ltr'>καρδίαν</span> <span class='ocrx_word' id='word_1_433' title='bbox 1756 3474 1771 3499; x_wconf 88' lang='grc'><strong>,</strong></span> 
     </span>
    </p>
   </div>
   <div class='ocr_carea' id='block_1_66' title="bbox 193 3521 1775 3595">
    <p class='ocr_par' dir='ltr' id='par_1_66' title="bbox 193 3521 1775 3595">
     <span class='ocr_line' id='line_1_66' title="bbox 193 3521 1775 3595; baseline 0.001 -20"><span class='ocrx_word' id='word_1_434' title='bbox 193 3524 394 3593; x_wconf 85' lang='grc' dir='ltr'>μήπως</span> <span class='ocrx_word' id='word_1_435' title='bbox 428 3524 463 3594; x_wconf 78' lang='grc' dir='ltr'><strong>ἡ</strong></span> <span class='ocrx_word' id='word_1_436' title='bbox 502 3521 640 3595; x_wconf 86' lang='grc' dir='ltr'>λήθη</span> <span class='ocrx_word' id='word_1_437' title='bbox 668 3523 768 3593; x_wconf 86' lang='grc' dir='ltr'><strong>τῆς</strong></span> <span class='ocrx_word' id='word_1_438' title='bbox 784 3523 891 3577; x_wconf 88' lang='grc' dir='ltr'><strong>τῶν</strong></span> <span class='ocrx_word' id='word_1_439' title='bbox 912 3523 1238 3595; x_wconf 86' lang='grc' dir='ltr'>κρειττόνων</span> <span class='ocrx_word' id='word_1_440' title='bbox 1267 3524 1537 3595; x_wconf 86' lang='grc' dir='ltr'>μερίμνης</span> <span class='ocrx_word' id='word_1_441' title='bbox 1572 3524 1775 3593; x_wconf 79' lang='grc' dir='ltr'>ταύτην</span> 
     </span>
    </p>
   </div>
   <div class='ocr_carea' id='block_1_67' title="bbox 190 3614 1777 3687">
    <p class='ocr_par' dir='ltr' id='par_1_67' title="bbox 190 3614 1777 3687">
     <span class='ocr_line' id='line_1_67' title="bbox 190 3614 1777 3687; baseline -0.001 -18"><span class='ocrx_word' id='word_1_442' title='bbox 190 3614 474 3687; x_wconf 85' lang='grc' dir='ltr'>συλήσασα</span> <span class='ocrx_word' id='word_1_443' title='bbox 504 3618 571 3685; x_wconf 78' lang='grc' dir='ltr'>τῇ</span> <span class='ocrx_word' id='word_1_444' title='bbox 599 3615 710 3667; x_wconf 85' lang='grc' dir='ltr'><strong>τῶν</strong></span> <span class='ocrx_word' id='word_1_445' title='bbox 754 3614 1029 3685; x_wconf 87' lang='grc' dir='ltr'>λογισμῶν</span> <span class='ocrx_word' id='word_1_446' title='bbox 1057 3615 1406 3687; x_wconf 81' lang='grc' dir='ltr'>αἰχμαλωσίᾳ</span> <span class='ocrx_word' id='word_1_447' title='bbox 1442 3614 1670 3687; x_wconf 84' lang='grc' dir='ltr'>παραδῷ</span> <span class='ocrx_word' id='word_1_448' title='bbox 1695 3632 1710 3647; x_wconf 90' lang='grc'><strong>·</strong></span> <span class='ocrx_word' id='word_1_449' title='bbox 1742 3619 1777 3686; x_wconf 78' lang='grc' dir='ltr'><strong>ἡ</strong></span> 
     </span>
    </p>
   </div>
   <div class='ocr_carea' id='block_1_68' title="bbox 186 3706 1780 3780">
    <p class='ocr_par' dir='ltr' id='par_1_68' title="bbox 186 3706 1780 3780">
     <span class='ocr_line' id='line_1_68' title="bbox 186 3706 1780 3780; baseline -0.001 -20"><span class='ocrx_word' id='word_1_450' title='bbox 186 3708 304 3779; x_wconf 81' lang='grc' dir='ltr'><strong>γάρ</strong></span> <span class='ocrx_word' id='word_1_451' title='bbox 348 3706 487 3778; x_wconf 86' lang='grc' dir='ltr'>λήθη</span> <span class='ocrx_word' id='word_1_452' title='bbox 509 3709 607 3778; x_wconf 89' lang='grc' dir='ltr'><strong>τῆς</strong></span> <span class='ocrx_word' id='word_1_453' title='bbox 651 3706 1028 3777; x_wconf 76' lang='grc' dir='ltr'>αἰχμαλωσίας</span> <span class='ocrx_word' id='word_1_454' title='bbox 1056 3707 1429 3780; x_wconf 84' lang='grc' dir='ltr'>προσπηδᾷτῇ</span> <span class='ocrx_word' id='word_1_455' title='bbox 1467 3708 1660 3779; x_wconf 81' lang='grc' dir='ltr'>κακίᾳ,</span> <span class='ocrx_word' id='word_1_456' title='bbox 1690 3706 1780 3759; x_wconf 82' lang='grc' dir='ltr'><strong>ἴνα</strong></span> 
     </span>
    </p>
   </div>
   <div class='ocr_carea' id='block_1_69' title="bbox 189 3797 1780 3871">
    <p class='ocr_par' dir='ltr' id='par_1_69' title="bbox 189 3797 1780 3871">
     <span class='ocr_line' id='line_1_69' title="bbox 189 3797 1780 3871; baseline -0.001 -18"><span class='ocrx_word' id='word_1_457' title='bbox 189 3798 290 3854; x_wconf 74' lang='grc' dir='ltr'>ὑπ’</span> <span class='ocrx_word' id='word_1_458' title='bbox 309 3800 522 3867; x_wconf 79' lang='grc' dir='ltr'>ἐκείνης</span> <span class='ocrx_word' id='word_1_459' title='bbox 544 3799 638 3853; x_wconf 90' lang='grc' dir='ltr'><strong>τοῦ</strong></span> <span class='ocrx_word' id='word_1_460' title='bbox 663 3800 754 3853; x_wconf 87' lang='grc' dir='ltr'><strong>νοῦ</strong></span> <span class='ocrx_word' id='word_1_461' title='bbox 785 3800 1105 3863; x_wconf 83' lang='grc' dir='ltr'>κλαπέντος,</span> <span class='ocrx_word' id='word_1_462' title='bbox 1133 3798 1364 3870; x_wconf 78' lang='grc' dir='ltr'>ἑτοίμως</span> <span class='ocrx_word' id='word_1_463' title='bbox 1385 3797 1523 3870; x_wconf 76' lang='grc' dir='ltr'>αὕτη</span> <span class='ocrx_word' id='word_1_464' title='bbox 1548 3814 1780 3871; x_wconf 82' lang='grc' dir='ltr'>παρεισ-</span> 
     </span>
    </p>
   </div>
   <div class='ocr_carea' id='block_1_70' title="bbox 190 3891 1781 3963">
    <p class='ocr_par' dir='ltr' id='par_1_70' title="bbox 190 3891 1781 3963">
     <span class='ocr_line' id='line_1_70' title="bbox 190 3891 1781 3963; baseline -0.003 -17"><span class='ocrx_word' id='word_1_465' title='bbox 190 3892 366 3956; x_wconf 74' lang='grc' dir='ltr'>έλθοι,</span> <span class='ocrx_word' id='word_1_466' title='bbox 432 3891 555 3956; x_wconf 84' lang='grc' dir='ltr'>νοῦς</span> <span class='ocrx_word' id='word_1_467' title='bbox 592 3891 1099 3963; x_wconf 76' lang='grc' dir='ltr'>κλεπτόμενος·ἁπδ</span> <span class='ocrx_word' id='word_1_468' title='bbox 1121 3891 1282 3955; x_wconf 87' lang='grc' dir='ltr'>Θεοῦ,</span> <span class='ocrx_word' id='word_1_469' title='bbox 1311 3893 1407 3946; x_wconf 76' lang='grc' dir='ltr'><strong>καὶ</strong></span> <span class='ocrx_word' id='word_1_470' title='bbox 1434 3894 1652 3962; x_wconf 85' lang='grc' dir='ltr'>μνήμης</span> <span class='ocrx_word' id='word_1_471' title='bbox 1677 3907 1781 3961; x_wconf 81' lang='grc' dir='ltr'>μα-</span> 
     </span>
    </p>
   </div>
   <div class='ocr_carea' id='block_1_71' title="bbox 190 3981 1780 4055">
    <p class='ocr_par' dir='ltr' id='par_1_71' title="bbox 190 3981 1780 4055">
     <span class='ocr_line' id='line_1_71' title="bbox 190 3981 1780 4055; baseline -0.001 -18"><span class='ocrx_word' id='word_1_472' title='bbox 190 3984 550 4055; x_wconf 84' lang='grc' dir='ltr'>κρυνόμενος,</span> <span class='ocrx_word' id='word_1_473' title='bbox 579 3984 670 4037; x_wconf 81' lang='grc' dir='ltr'><strong>καὶ</strong></span> <span class='ocrx_word' id='word_1_474' title='bbox 696 3983 785 4037; x_wconf 76' lang='grc' dir='ltr'>διὸ.</span> <span class='ocrx_word' id='word_1_475' title='bbox 812 3982 921 4036; x_wconf 92' lang='grc' dir='ltr'><strong>τῶν</strong></span> <span class='ocrx_word' id='word_1_476' title='bbox 950 3981 1106 4046; x_wconf 81' lang='grc' dir='ltr'>ἐκτὸς</span> <span class='ocrx_word' id='word_1_477' title='bbox 1133 3982 1437 4053; x_wconf 86' lang='grc' dir='ltr'>αἰσθήσεων</span> <span class='ocrx_word' id='word_1_478' title='bbox 1464 3982 1780 4052; x_wconf 77' lang='grc' dir='ltr'>ἀδιαφόρως</span> 
     </span>
    </p>
   </div>
   <div class='ocr_carea' id='block_1_72' title="bbox 192 4072 1781 4145">
    <p class='ocr_par' dir='ltr' id='par_1_72' title="bbox 192 4072 1781 4145">
     <span class='ocr_line' id='line_1_72' title="bbox 192 4072 1781 4145; baseline -0.003 -16"><span class='ocrx_word' id='word_1_479' title='bbox 192 4076 503 4144; x_wconf 82' lang='grc' dir='ltr'>ἁμαρτάνει</span> <span class='ocrx_word' id='word_1_480' title='bbox 529 4090 544 4104; x_wconf 84' lang='grc'>⁶</span> <span class='ocrx_word' id='word_1_481' title='bbox 578 4074 747 4145; x_wconf 75' lang='grc' dir='ltr'>ἀκοὴν</span> <span class='ocrx_word' id='word_1_482' title='bbox 770 4074 880 4145; x_wconf 85' lang='grc' dir='ltr'>γὰρ</span> <span class='ocrx_word' id='word_1_483' title='bbox 917 4074 1012 4127; x_wconf 63' lang='grc' dir='ltr'><strong>κα)⁸</strong></span> <span class='ocrx_word' id='word_1_484' title='bbox 1049 4074 1293 4143; x_wconf 87' lang='grc' dir='ltr'>γλῶτταν</span> <span class='ocrx_word' id='word_1_485' title='bbox 1324 4074 1353 4126; x_wconf 97' lang='lat'><strong>6</strong></span> <span class='ocrx_word' id='word_1_486' title='bbox 1378 4073 1618 4137; x_wconf 87' lang='grc' dir='ltr'>τοιοῦτος</span> <span class='ocrx_word' id='word_1_487' title='bbox 1653 4072 1781 4126; x_wconf 84' lang='grc' dir='ltr'>ἁδυ-</span> 
     </span>
    </p>
   </div>
   <div class='ocr_carea' id='block_1_73' title="bbox 190 4165 1781 4237">
    <p class='ocr_par' dir='ltr' id='par_1_73' title="bbox 190 4165 1781 4237">
     <span class='ocr_line' id='line_1_73' title="bbox 190 4165 1781 4237; baseline -0.002 -17"><span class='ocrx_word' id='word_1_488' title='bbox 190 4169 352 4220; x_wconf 85' lang='grc' dir='ltr'>νατεῖ</span> <span class='ocrx_word' id='word_1_489' title='bbox 388 4166 826 4237; x_wconf 86' lang='grc' dir='ltr'>παιδαγωγῆσαι,</span> <span class='ocrx_word' id='word_1_490' title='bbox 868 4166 951 4219; x_wconf 87' lang='grc' dir='ltr'>ὅτι</span> <span class='ocrx_word' id='word_1_491' title='bbox 995 4165 1056 4220; x_wconf 82' lang='grc' dir='ltr'><strong>τὸ</strong></span> <span class='ocrx_word' id='word_1_492' title='bbox 1085 4165 1308 4236; x_wconf 81' lang='grc' dir='ltr'>φίλτρον</span> <span class='ocrx_word' id='word_1_493' title='bbox 1353 4166 1462 4219; x_wconf 83' lang='grc' dir='ltr'><strong>τῶν</strong></span> <span class='ocrx_word' id='word_1_494' title='bbox 1511 4166 1688 4219; x_wconf 88' lang='grc' dir='ltr'>πόνων</span> <span class='ocrx_word' id='word_1_495' title='bbox 1719 4166 1781 4218; x_wconf 86' lang='grc' dir='ltr'><strong>ἐκ</strong></span> 
     </span>
    </p>
   </div>
   <div class='ocr_carea' id='block_1_74' title="bbox 190 4256 1783 4329">
    <p class='ocr_par' dir='ltr' id='par_1_74' title="bbox 190 4256 1783 4329">
     <span class='ocr_line' id='line_1_74' title="bbox 190 4256 1783 4329; baseline -0.001 -18"><span class='ocrx_word' id='word_1_496' title='bbox 190 4258 309 4312; x_wconf 86' lang='grc' dir='ltr'><strong>τῶν</strong></span> <span class='ocrx_word' id='word_1_497' title='bbox 341 4258 496 4322; x_wconf 78' lang='grc' dir='ltr'>ἐκτὸς</span> <span class='ocrx_word' id='word_1_498' title='bbox 527 4258 823 4329; x_wconf 79' lang='grc' dir='ltr'>ἐξαφῆκεν.</span> <span class='ocrx_word' id='word_1_499' title='bbox 866 4259 928 4314; x_wconf 86' lang='grc'><strong>’0</strong></span> <span class='ocrx_word' id='word_1_500' title='bbox 960 4257 1130 4328; x_wconf 83' lang='grc' dir='ltr'>φιλῶν</span> <span class='ocrx_word' id='word_1_501' title='bbox 1155 4256 1436 4322; x_wconf 79' lang='grc' dir='ltr'>ἐξακούειν</span> <span class='ocrx_word' id='word_1_502' title='bbox 1464 4257 1554 4310; x_wconf 88' lang='grc' dir='ltr'><strong>τοῦ</strong></span> <span class='ocrx_word' id='word_1_503' title='bbox 1585 4256 1783 4326; x_wconf 78' lang='grc' dir='ltr'>ψέγον-</span> 
     </span>
    </p>
   </div>
   <div class='ocr_carea' id='block_1_75' title="bbox 192 4347 1780 4421">
    <p class='ocr_par' dir='ltr' id='par_1_75' title="bbox 192 4347 1780 4421">
     <span class='ocr_line' id='line_1_75' title="bbox 192 4347 1780 4421; baseline -0.001 -19"><span class='ocrx_word' id='word_1_504' title='bbox 192 4366 291 4412; x_wconf 85' lang='grc' dir='ltr'><strong>τος</strong></span> <span class='ocrx_word' id='word_1_505' title='bbox 319 4348 409 4402; x_wconf 79' lang='grc' dir='ltr'><strong>τδν</strong></span> <span class='ocrx_word' id='word_1_506' title='bbox 434 4349 581 4403; x_wconf 82' lang='grc' dir='ltr'>δεῖνα</span> <span class='ocrx_word' id='word_1_507' title='bbox 604 4391 619 4413; x_wconf 88' lang='grc'><strong>,</strong></span> <span class='ocrx_word' id='word_1_508' title='bbox 659 4349 783 4403; x_wconf 66' lang='grc' dir='ltr'><strong>δυσὶ¹</strong></span> <span class='ocrx_word' id='word_1_509' title='bbox 806 4351 1087 4421; x_wconf 79' lang='grc' dir='ltr'>συνεργοῖς</span> <span class='ocrx_word' id='word_1_510' title='bbox 1126 4348 1402 4420; x_wconf 84' lang='grc' dir='ltr'>πνεύμασι</span> <span class='ocrx_word' id='word_1_511' title='bbox 1429 4347 1780 4419; x_wconf 77' lang='grc' dir='ltr'>συνεργοῦσιν</span> 
     </span>
    </p>
   </div>
   <div class='ocr_carea' id='block_1_76' title="bbox 194 4433 1856 4513">
    <p class='ocr_par' dir='ltr' id='par_1_76' title="bbox 194 4433 1856 4513">
     <span class='ocr_line' id='line_1_76' title="bbox 194 4433 1856 4513; baseline -0.004 -19"><span class='ocrx_word' id='word_1_512' title='bbox 194 4443 253 4494; x_wconf 70' lang='lat' dir='ltr'><strong>ot</strong></span> <span class='ocrx_word' id='word_1_513' title='bbox 291 4441 386 4494; x_wconf 82' lang='grc' dir='ltr'><strong>δύο</strong></span> <span class='ocrx_word' id='word_1_514' title='bbox 412 4458 427 4472; x_wconf 74' lang='grc' dir='ltr'><strong>ο</strong></span> <span class='ocrx_word' id='word_1_515' title='bbox 469 4444 503 4513; x_wconf 83' lang='grc' dir='ltr'><strong>ή</strong></span> <span class='ocrx_word' id='word_1_516' title='bbox 546 4441 653 4513; x_wconf 84' lang='grc' dir='ltr'><strong>γὰρ</strong></span> <span class='ocrx_word' id='word_1_517' title='bbox 687 4442 960 4512; x_wconf 81' lang='grc' dir='ltr'>κακηκοῒα</span> <span class='ocrx_word' id='word_1_518' title='bbox 1004 4441 1104 4511; x_wconf 89' lang='grc' dir='ltr'><strong>τῆς</strong></span> <span class='ocrx_word' id='word_1_519' title='bbox 1134 4440 1470 4513; x_wconf 85' lang='grc' dir='ltr'>κατηγορίας</span> <span class='ocrx_word' id='word_1_520' title='bbox 1519 4439 1777 4511; x_wconf 83' lang='grc' dir='ltr'>συνεργὸς</span> <span class='ocrx_word' id='word_1_521' title='bbox 1814 4433 1856 4488; x_wconf 90' lang='lat' dir='ltr'><strong>D</strong></span> 
     </span>
    </p>
   </div>
   <div class='ocr_carea' id='block_1_77' title="bbox 200 4530 1783 4605">
    <p class='ocr_par' dir='ltr' id='par_1_77' title="bbox 200 4530 1783 4605">
     <span class='ocr_line' id='line_1_77' title="bbox 200 4530 1783 4605; baseline -0.001 -19"><span class='ocrx_word' id='word_1_522' title='bbox 200 4532 499 4602; x_wconf 85' lang='grc' dir='ltr'>τύγχανει,</span> <span class='ocrx_word' id='word_1_523' title='bbox 554 4534 649 4587; x_wconf 70' lang='grc' dir='ltr'><strong>καὶ</strong></span> <span class='ocrx_word' id='word_1_524' title='bbox 693 4532 893 4605; x_wconf 88' lang='grc' dir='ltr'>ἐρῶσιν</span> <span class='ocrx_word' id='word_1_525' title='bbox 939 4532 1191 4603; x_wconf 81' lang='grc' dir='ltr'>ἀλλήλων</span> <span class='ocrx_word' id='word_1_526' title='bbox 1267 4533 1351 4596; x_wconf 87' lang='grc' dir='ltr'><strong>είς</strong></span> <span class='ocrx_word' id='word_1_527' title='bbox 1403 4530 1584 4602; x_wconf 87' lang='grc' dir='ltr'>λύμην</span> <span class='ocrx_word' id='word_1_528' title='bbox 1644 4547 1783 4599; x_wconf 85' lang='grc' dir='ltr'>καρ-</span> 
     </span>
    </p>
   </div>
   <div class='ocr_carea' id='block_1_78' title="bbox 197 4624 342 4689">
    <p class='ocr_par' dir='ltr' id='par_1_78' title="bbox 197 4624 342 4689">
     <span class='ocr_line' id='line_1_78' title="bbox 197 4624 342 4689; baseline 0 -11"><span class='ocrx_word' id='word_1_529' title='bbox 197 4624 342 4689; x_wconf 82' lang='grc' dir='ltr'>δίας.</span> 
     </span>
    </p>
   </div>
   <div class='ocr_carea' id='block_1_79' title="bbox 815 4942 1188 4998">
    <p class='ocr_par' dir='ltr' id='par_1_79' title="bbox 815 4942 1188 4998">
     <span class='ocr_line' id='line_1_79' title="bbox 815 4942 1188 4998; baseline 0 -1"><span class='ocrx_word' id='word_1_530' title='bbox 815 4942 1063 4998; x_wconf 82' lang='grc' dir='ltr'><strong>ΚΕΦΑΛ.</strong></span> <span class='ocrx_word' id='word_1_531' title='bbox 1092 4943 1188 4998; x_wconf 83' lang='grc' dir='ltr'><strong>1Ζ¹.</strong></span> 
     </span>
    </p>
   </div>
   <div class='ocr_carea' id='block_1_80' title="bbox 291 5054 1791 5131">
    <p class='ocr_par' dir='ltr' id='par_1_80' title="bbox 291 5054 1791 5131">
     <span class='ocr_line' id='line_1_80' title="bbox 291 5054 1791 5131; baseline -0.002 -17"><span class='ocrx_word' id='word_1_532' title='bbox 291 5061 387 5114; x_wconf 83' lang='grc' dir='ltr'>Ἐκ</span> <span class='ocrx_word' id='word_1_533' title='bbox 413 5061 521 5115; x_wconf 88' lang='grc' dir='ltr'><strong>τῶν</strong></span> <span class='ocrx_word' id='word_1_534' title='bbox 559 5061 901 5115; x_wconf 85' lang='grc' dir='ltr'>καταλαλιῶν</span> <span class='ocrx_word' id='word_1_535' title='bbox 941 5062 1011 5115; x_wconf 81' lang='grc' dir='ltr'><strong>τά</strong></span> <span class='ocrx_word' id='word_1_536' title='bbox 1052 5054 1167 5114; x_wconf 80' lang='grc' dir='ltr'>ὦτά</span> <span class='ocrx_word' id='word_1_537' title='bbox 1206 5077 1301 5113; x_wconf 89' lang='grc' dir='ltr'><strong>σου</strong></span> <span class='ocrx_word' id='word_1_538' title='bbox 1332 5059 1558 5131; x_wconf 81' lang='grc' dir='ltr'>φράξον,</span> <span class='ocrx_word' id='word_1_539' title='bbox 1591 5058 1679 5112; x_wconf 80' lang='grc' dir='ltr'><strong>ἴνα</strong></span> <span class='ocrx_word' id='word_1_540' title='bbox 1714 5056 1791 5128; x_wconf 82' lang='grc' dir='ltr'>μὴ</span> 
     </span>
    </p>
   </div>
   <div class='ocr_carea' id='block_1_81' title="bbox 206 5150 1791 5224">
    <p class='ocr_par' dir='ltr' id='par_1_81' title="bbox 206 5150 1791 5224">
     <span class='ocr_line' id='line_1_81' title="bbox 206 5150 1791 5224; baseline -0.002 -19"><span class='ocrx_word' id='word_1_541' title='bbox 206 5150 401 5216; x_wconf 84' lang='grc' dir='ltr'>διττῶς</span> <span class='ocrx_word' id='word_1_542' title='bbox 428 5153 524 5206; x_wconf 81' lang='grc' dir='ltr'>σὺν</span> <span class='ocrx_word' id='word_1_543' title='bbox 556 5150 740 5215; x_wconf 83' lang='grc' dir='ltr'>αὐτοῖς</span> <span class='ocrx_word' id='word_1_544' title='bbox 761 5153 1067 5224; x_wconf 81' lang='grc' dir='ltr'>ἁνομήσῃς,</span> <span class='ocrx_word' id='word_1_545' title='bbox 1097 5152 1290 5205; x_wconf 83' lang='grc' dir='ltr'>σαυτὸν</span> <span class='ocrx_word' id='word_1_546' title='bbox 1317 5152 1416 5222; x_wconf 85' lang='grc' dir='ltr'><strong>μὲν</strong></span> <span class='ocrx_word' id='word_1_547' title='bbox 1446 5151 1604 5220; x_wconf 81' lang='grc' dir='ltr'>δεινῷ</span> <span class='ocrx_word' id='word_1_548' title='bbox 1628 5150 1791 5204; x_wconf 83' lang='grc' dir='ltr'>πάθει</span> 
     </span>
    </p>
   </div>
   <div class='ocr_carea' id='block_1_82' title="bbox 209 5242 1788 5315">
    <p class='ocr_par' dir='ltr' id='par_1_82' title="bbox 209 5242 1788 5315">
     <span class='ocr_line' id='line_1_82' title="bbox 209 5242 1788 5315; baseline -0.003 -17"><span class='ocrx_word' id='word_1_549' title='bbox 209 5246 427 5310; x_wconf 75' lang='grc' dir='ltr'>ἐθίζων,</span> <span class='ocrx_word' id='word_1_550' title='bbox 476 5246 850 5315; x_wconf 81' lang='grc' dir='ltr'>γλωσσαλγείν</span> <span class='ocrx_word' id='word_1_551' title='bbox 894 5245 950 5297; x_wconf 79' lang='grc' dir='ltr'>δὲ</span> <span class='ocrx_word' id='word_1_552' title='bbox 1002 5245 1245 5308; x_wconf 86' lang='grc' dir='ltr'>ἐκείνους</span> <span class='ocrx_word' id='word_1_553' title='bbox 1299 5245 1398 5297; x_wconf 87' lang='grc' dir='ltr'><strong>ούκ</strong></span> <span class='ocrx_word' id='word_1_554' title='bbox 1447 5242 1788 5296; x_wconf 77' lang='grc' dir='ltr'>ἀνακόπτων.</span> 
     </span>
    </p>
   </div>
   <div class='ocr_carea' id='block_1_83' title="bbox 211 5335 1794 5409">
    <p class='ocr_par' dir='ltr' id='par_1_83' title="bbox 211 5335 1794 5409">
     <span class='ocr_line' id='line_1_83' title="bbox 211 5335 1794 5409; baseline -0.003 -18"><span class='ocrx_word' id='word_1_555' title='bbox 211 5338 402 5409; x_wconf 74' lang='grc' dir='ltr'>Ψυχὴν</span> <span class='ocrx_word' id='word_1_556' title='bbox 428 5338 536 5391; x_wconf 89' lang='grc' dir='ltr'><strong>τῶν</strong></span> <span class='ocrx_word' id='word_1_557' title='bbox 564 5339 890 5409; x_wconf 84' lang='grc' dir='ltr'>κρειττόνων</span> <span class='ocrx_word' id='word_1_558' title='bbox 929 5338 957 5388; x_wconf 85' lang='lat'><strong>6</strong></span> <span class='ocrx_word' id='word_1_559' title='bbox 980 5335 1365 5405; x_wconf 80' lang='grc' dir='ltr'>φιλοσκώπτης</span> <span class='ocrx_word' id='word_1_560' title='bbox 1400 5335 1671 5407; x_wconf 79' lang='grc' dir='ltr'>λῃστεύει,</span> <span class='ocrx_word' id='word_1_561' title='bbox 1700 5350 1794 5387; x_wconf 89' lang='grc' dir='ltr'>σα-</span> 
     </span>
    </p>
   </div>
   <div class='ocr_carea' id='block_1_84' title="bbox 214 5427 1795 5502">
    <p class='ocr_par' dir='ltr' id='par_1_84' title="bbox 214 5427 1795 5502">
     <span class='ocr_line' id='line_1_84' title="bbox 214 5427 1795 5502; baseline -0.003 -18"><span class='ocrx_word' id='word_1_562' title='bbox 214 5433 350 5498; x_wconf 73' lang='grc' dir='ltr'>θρὰν</span> <span class='ocrx_word' id='word_1_563' title='bbox 387 5431 560 5501; x_wconf 82' lang='grc' dir='ltr'>ἀκοὴν</span> <span class='ocrx_word' id='word_1_564' title='bbox 607 5431 880 5493; x_wconf 70' lang='grc' dir='ltr'>διαϐολαῖς</span> <span class='ocrx_word' id='word_1_565' title='bbox 904 5430 1200 5501; x_wconf 88' lang='grc' dir='ltr'>διορύττων</span> <span class='ocrx_word' id='word_1_566' title='bbox 1222 5448 1234 5459; x_wconf 66' lang='grc' dir='ltr'><strong><em>ν</em></strong></span> <span class='ocrx_word' id='word_1_567' title='bbox 1266 5432 1294 5482; x_wconf 92' lang='lat'><strong>6</strong></span> <span class='ocrx_word' id='word_1_568' title='bbox 1334 5429 1390 5481; x_wconf 84' lang='grc' dir='ltr'>δὲ</span> <span class='ocrx_word' id='word_1_569' title='bbox 1423 5428 1653 5502; x_wconf 89' lang='grc' dir='ltr'>διαδρῶν</span> <span class='ocrx_word' id='word_1_570' title='bbox 1697 5427 1795 5498; x_wconf 82' lang='grc' dir='ltr'>τὴν</span> 
     </span>
    </p>
   </div>
   <div class='ocr_carea' id='block_1_85' title="bbox 1874 3178 3453 3249">
    <p class='ocr_par' dir='ltr' id='par_1_85' title="bbox 1874 3178 3453 3249">
     <span class='ocr_line' id='line_1_85' title="bbox 1874 3178 3453 3249; baseline -0.003 -18"><span class='ocrx_word' id='word_1_571' title='bbox 1874 3181 1989 3232; x_wconf 86' lang='lat' dir='ltr'><strong>sius</strong></span> <span class='ocrx_word' id='word_1_572' title='bbox 2018 3179 2244 3249; x_wconf 84' lang='lat' dir='ltr'><strong>inquirit</strong></span> <span class='ocrx_word' id='word_1_573' title='bbox 2274 3178 2450 3247; x_wconf 91' lang='lat' dir='ltr'><strong>qualis</strong></span> <span class='ocrx_word' id='word_1_574' title='bbox 2478 3180 2624 3247; x_wconf 90' lang='lat' dir='ltr'><strong>quali</strong></span> <span class='ocrx_word' id='word_1_575' title='bbox 2648 3179 2820 3232; x_wconf 88' lang='lat' dir='ltr'><strong>labori</strong></span> <span class='ocrx_word' id='word_1_576' title='bbox 2844 3178 3101 3248; x_wconf 88' lang='lat' dir='ltr'><strong>cogitatio</strong></span> <span class='ocrx_word' id='word_1_577' title='bbox 3127 3194 3192 3233; x_wconf 82' lang='lat' dir='ltr'><strong>ex</strong></span> <span class='ocrx_word' id='word_1_578' title='bbox 3221 3178 3453 3232; x_wconf 74' lang='lat' dir='ltr'><strong>adverso</strong></span> 
     </span>
    </p>
   </div>
   <div class='ocr_carea' id='block_1_86' title="bbox 1874 3268 3453 3339">
    <p class='ocr_par' dir='ltr' id='par_1_86' title="bbox 1874 3268 3453 3339">
     <span class='ocr_line' id='line_1_86' title="bbox 1874 3268 3453 3339; baseline -0.004 -14"><span class='ocrx_word' id='word_1_579' title='bbox 1874 3280 2203 3339; x_wconf 77' lang='lat' dir='ltr'><strong>opponatur,</strong></span> <span class='ocrx_word' id='word_1_580' title='bbox 2247 3270 2422 3324; x_wconf 87' lang='lat' dir='ltr'><strong>solers</strong></span> <span class='ocrx_word' id='word_1_581' title='bbox 2456 3268 2652 3323; x_wconf 80' lang='lat' dir='ltr'><strong>artifex</strong></span> <span class='ocrx_word' id='word_1_582' title='bbox 2683 3270 2736 3323; x_wconf 92' lang='lat' dir='ltr'><strong>in</strong></span> <span class='ocrx_word' id='word_1_583' title='bbox 2775 3270 2916 3323; x_wconf 91' lang='lat' dir='ltr'><strong>lucta</strong></span> <span class='ocrx_word' id='word_1_584' title='bbox 2953 3280 3143 3325; x_wconf 89' lang='lat' dir='ltr'><strong>contra</strong></span> <span class='ocrx_word' id='word_1_585' title='bbox 3178 3270 3453 3339; x_wconf 76' lang='lat' dir='ltr'><strong>deceptio-</strong></span> 
     </span>
    </p>
   </div>
   <div class='ocr_carea' id='block_1_87' title="bbox 1876 3362 3453 3431">
    <p class='ocr_par' dir='ltr' id='par_1_87' title="bbox 1876 3362 3453 3431">
     <span class='ocr_line' id='line_1_87' title="bbox 1876 3362 3453 3431; baseline -0.003 -16"><span class='ocrx_word' id='word_1_586' title='bbox 1876 3378 1997 3416; x_wconf 90' lang='lat' dir='ltr'><strong>nem</strong></span> <span class='ocrx_word' id='word_1_587' title='bbox 2025 3363 2329 3431; x_wconf 87' lang='lat' dir='ltr'><strong>reperitur:</strong></span> <span class='ocrx_word' id='word_1_588' title='bbox 2372 3362 2514 3415; x_wconf 85' lang='lat' dir='ltr'><strong>inter</strong></span> <span class='ocrx_word' id='word_1_589' title='bbox 2551 3362 2832 3416; x_wconf 84' lang='lat' dir='ltr'><strong>universos</strong></span> <span class='ocrx_word' id='word_1_590' title='bbox 2859 3371 3045 3416; x_wconf 92' lang='lat' dir='ltr'><strong>autem</strong></span> <span class='ocrx_word' id='word_1_591' title='bbox 3085 3372 3209 3416; x_wconf 90' lang='lat' dir='ltr'><strong>tuos</strong></span> <span class='ocrx_word' id='word_1_592' title='bbox 3246 3362 3453 3416; x_wconf 77' lang='lat' dir='ltr'><strong>intelle-</strong></span> 
     </span>
    </p>
   </div>
   <div class='ocr_carea' id='block_1_88' title="bbox 1876 3454 3456 3526">
    <p class='ocr_par' dir='ltr' id='par_1_88' title="bbox 1876 3454 3456 3526">
     <span class='ocr_line' id='line_1_88' title="bbox 1876 3454 3456 3526; baseline 0.001 -18"><span class='ocrx_word' id='word_1_593' title='bbox 1876 3456 2080 3509; x_wconf 89' lang='lat' dir='ltr'><strong>ctuales</strong></span> <span class='ocrx_word' id='word_1_594' title='bbox 2111 3454 2343 3518; x_wconf 85' lang='lat' dir='ltr'><strong>labores,</strong></span> <span class='ocrx_word' id='word_1_595' title='bbox 2376 3469 2472 3523; x_wconf 94' lang='lat' dir='ltr'><strong>pro</strong></span> <span class='ocrx_word' id='word_1_596' title='bbox 2502 3470 2587 3517; x_wconf 94' lang='lat' dir='ltr'><strong>eo,</strong></span> <span class='ocrx_word' id='word_1_597' title='bbox 2624 3455 2674 3507; x_wconf 91' lang='lat' dir='ltr'><strong>in</strong></span> <span class='ocrx_word' id='word_1_598' title='bbox 2708 3470 2817 3522; x_wconf 92' lang='lat' dir='ltr'><strong>quo</strong></span> <span class='ocrx_word' id='word_1_599' title='bbox 2852 3454 3135 3519; x_wconf 78' lang='lat' dir='ltr'><strong>defeceris,</strong></span> <span class='ocrx_word' id='word_1_600' title='bbox 3169 3455 3456 3526; x_wconf 83' lang='lat' dir='ltr'><strong>subinng-</strong></span> 
     </span>
    </p>
   </div>
   <div class='ocr_carea' id='block_1_89' title="bbox 1876 3545 3456 3616">
    <p class='ocr_par' dir='ltr' id='par_1_89' title="bbox 1876 3545 3456 3616">
     <span class='ocr_line' id='line_1_89' title="bbox 1876 3545 3456 3616; baseline -0.001 -16"><span class='ocrx_word' id='word_1_601' title='bbox 1876 3549 2041 3606; x_wconf 86' lang='lat' dir='ltr'><strong>ditur.</strong></span> <span class='ocrx_word' id='word_1_602' title='bbox 2072 3548 2165 3616; x_wconf 89' lang='lat' dir='ltr'><strong>qui</strong></span> <span class='ocrx_word' id='word_1_603' title='bbox 2204 3548 2379 3616; x_wconf 90' lang='lat' dir='ltr'><strong>ipsum</strong></span> <span class='ocrx_word' id='word_1_604' title='bbox 2405 3547 2663 3614; x_wconf 90' lang='lat' dir='ltr'><strong>rapuerit.</strong></span> <span class='ocrx_word' id='word_1_605' title='bbox 2696 3545 2804 3600; x_wconf 91' lang='lat' dir='ltr'><strong>Cor</strong></span> <span class='ocrx_word' id='word_1_606' title='bbox 2828 3557 3098 3601; x_wconf 91' lang='lat' dir='ltr'><strong>memento</strong></span> <span class='ocrx_word' id='word_1_607' title='bbox 3125 3562 3456 3601; x_wconf 82' lang='lat' dir='ltr'><strong>conservare</strong></span> 
     </span>
    </p>
   </div>
   <div class='ocr_carea' id='block_1_90' title="bbox 1877 3638 3457 3709">
    <p class='ocr_par' dir='ltr' id='par_1_90' title="bbox 1877 3638 3457 3709">
     <span class='ocr_line' id='line_1_90' title="bbox 1877 3638 3457 3709; baseline -0.002 -16"><span class='ocrx_word' id='word_1_608' title='bbox 1877 3640 2125 3694; x_wconf 89' lang='lat' dir='ltr'><strong>laborum</strong></span> <span class='ocrx_word' id='word_1_609' title='bbox 2167 3639 2477 3709; x_wconf 86' lang='lat' dir='ltr'><strong>prudentia,</strong></span> <span class='ocrx_word' id='word_1_610' title='bbox 2514 3654 2581 3691; x_wconf 89' lang='lat' dir='ltr'><strong>ne</strong></span> <span class='ocrx_word' id='word_1_611' title='bbox 2612 3638 2749 3692; x_wconf 89' lang='lat' dir='ltr'><strong>forte</strong></span> <span class='ocrx_word' id='word_1_612' title='bbox 2780 3640 3067 3692; x_wconf 85' lang='lat' dir='ltr'><strong>meliorum</strong></span> <span class='ocrx_word' id='word_1_613' title='bbox 3107 3654 3287 3692; x_wconf 89' lang='lat' dir='ltr'><strong>rerum</strong></span> <span class='ocrx_word' id='word_1_614' title='bbox 3318 3638 3457 3691; x_wconf 91' lang='lat' dir='ltr'><strong>obli-</strong></span> 
     </span>
    </p>
   </div>
   <div class='ocr_carea' id='block_1_91' title="bbox 1880 3730 3457 3815">
    <p class='ocr_par' dir='ltr' id='par_1_91' title="bbox 1880 3730 3457 3815">
     <span class='ocr_line' id='line_1_91' title="bbox 1880 3730 3457 3815; baseline 0 -32"><span class='ocrx_word' id='word_1_615' title='bbox 1880 3733 2117 3815; x_wconf 52' lang='lat' dir='ltr'><strong>vio.eam</strong></span> <span class='ocrx_word' id='word_1_616' title='bbox 2146 3731 2386 3799; x_wconf 90' lang='lat' dir='ltr'><strong>rapiens,</strong></span> <span class='ocrx_word' id='word_1_617' title='bbox 2432 3730 2488 3783; x_wconf 89' lang='lat' dir='ltr'><strong>in</strong></span> <span class='ocrx_word' id='word_1_618' title='bbox 2535 3730 2927 3799; x_wconf 82' lang='lat' dir='ltr'><strong>cogitationum</strong></span> <span class='ocrx_word' id='word_1_619' title='bbox 2973 3730 3143 3783; x_wconf 84' lang='lat' dir='ltr'><strong>tradat</strong></span> <span class='ocrx_word' id='word_1_620' title='bbox 3172 3730 3457 3798; x_wconf 86' lang='lat' dir='ltr'><strong>captivita-</strong></span> 
     </span>
    </p>
   </div>
   <div class='ocr_carea' id='block_1_92' title="bbox 1879 3821 3457 3891">
    <p class='ocr_par' dir='ltr' id='par_1_92' title="bbox 1879 3821 3457 3891">
     <span class='ocr_line' id='line_1_92' title="bbox 1879 3821 3457 3891; baseline -0.003 -14"><span class='ocrx_word' id='word_1_621' title='bbox 1879 3833 1987 3877; x_wconf 88' lang='lat' dir='ltr'><strong>tem</strong></span> <span class='ocrx_word' id='word_1_622' title='bbox 2013 3840 2027 3888; x_wconf 93' lang='lat'><strong>;</strong></span> <span class='ocrx_word' id='word_1_623' title='bbox 2064 3823 2265 3877; x_wconf 89' lang='lat' dir='ltr'><strong>oblivio</strong></span> <span class='ocrx_word' id='word_1_624' title='bbox 2294 3837 2528 3891; x_wconf 90' lang='lat' dir='ltr'><strong>namque</strong></span> <span class='ocrx_word' id='word_1_625' title='bbox 2555 3822 2884 3890; x_wconf 80' lang='lat' dir='ltr'><strong>captivitatis</strong></span> <span class='ocrx_word' id='word_1_626' title='bbox 2916 3821 3091 3876; x_wconf 89' lang='lat' dir='ltr'><strong>assilit</strong></span> <span class='ocrx_word' id='word_1_627' title='bbox 3122 3822 3366 3886; x_wconf 66' lang='lat' dir='ltr'><strong>malitiae,</strong></span> <span class='ocrx_word' id='word_1_628' title='bbox 3397 3834 3457 3876; x_wconf 93' lang='lat' dir='ltr'><strong>ut</strong></span> 
     </span>
    </p>
   </div>
   <div class='ocr_carea' id='block_1_93' title="bbox 1880 3913 3460 3988">
    <p class='ocr_par' dir='ltr' id='par_1_93' title="bbox 1880 3913 3460 3988">
     <span class='ocr_line' id='line_1_93' title="bbox 1880 3913 3460 3988; baseline -0.001 -18"><span class='ocrx_word' id='word_1_629' title='bbox 1880 3915 1949 3970; x_wconf 89' lang='lat' dir='ltr'><strong>ab</strong></span> <span class='ocrx_word' id='word_1_630' title='bbox 1977 3915 2065 3968; x_wconf 91' lang='lat' dir='ltr'><strong>illa</strong></span> <span class='ocrx_word' id='word_1_631' title='bbox 2104 3913 2249 3969; x_wconf 91' lang='lat' dir='ltr'><strong>furto</strong></span> <span class='ocrx_word' id='word_1_632' title='bbox 2277 3915 2433 3982; x_wconf 90' lang='lat' dir='ltr'><strong>quasi</strong></span> <span class='ocrx_word' id='word_1_633' title='bbox 2476 3914 2757 3969; x_wconf 85' lang='lat' dir='ltr'><strong>subtracta</strong></span> <span class='ocrx_word' id='word_1_634' title='bbox 2804 3925 3007 3980; x_wconf 83' lang='lat' dir='ltr'><strong>mente,</strong></span> <span class='ocrx_word' id='word_1_635' title='bbox 3058 3916 3171 3983; x_wconf 89' lang='lat' dir='ltr'><strong>ipsa</strong></span> <span class='ocrx_word' id='word_1_636' title='bbox 3210 3926 3460 3988; x_wconf 77' lang='lat' dir='ltr'><strong>prompte</strong></span> 
     </span>
    </p>
   </div>
   <div class='ocr_carea' id='block_1_94' title="bbox 1882 4004 3458 4072">
    <p class='ocr_par' dir='ltr' id='par_1_94' title="bbox 1882 4004 3458 4072">
     <span class='ocr_line' id='line_1_94' title="bbox 1882 4004 3458 4072; baseline -0.001 -10"><span class='ocrx_word' id='word_1_637' title='bbox 1882 4006 2190 4072; x_wconf 87' lang='lat' dir='ltr'><strong>subintrct;</strong></span> <span class='ocrx_word' id='word_1_638' title='bbox 2241 4021 2394 4060; x_wconf 89' lang='lat' dir='ltr'><strong>mens</strong></span> <span class='ocrx_word' id='word_1_639' title='bbox 2434 4020 2554 4059; x_wconf 89' lang='lat' dir='ltr'><strong>cum</strong></span> <span class='ocrx_word' id='word_1_640' title='bbox 2604 4021 2633 4059; x_wconf 91' lang='lat' dir='ltr'><strong>a</strong></span> <span class='ocrx_word' id='word_1_641' title='bbox 2679 4004 2789 4059; x_wconf 88' lang='lat' dir='ltr'><strong>Deo</strong></span> <span class='ocrx_word' id='word_1_642' title='bbox 2836 4007 3050 4061; x_wconf 90' lang='lat' dir='ltr'><strong>sublata</strong></span> <span class='ocrx_word' id='word_1_643' title='bbox 3096 4005 3278 4070; x_wconf 89' lang='lat' dir='ltr'><strong>fuerit,</strong></span> <span class='ocrx_word' id='word_1_644' title='bbox 3328 4016 3383 4061; x_wconf 89' lang='lat' dir='ltr'><strong>et</strong></span> <span class='ocrx_word' id='word_1_645' title='bbox 3428 4024 3458 4061; x_wconf 86' lang='lat' dir='ltr'><strong>a</strong></span> 
     </span>
    </p>
   </div>
   <div class='ocr_carea' id='block_1_95' title="bbox 1882 4101 3461 4171">
    <p class='ocr_par' dir='ltr' id='par_1_95' title="bbox 1882 4101 3461 4171">
     <span class='ocr_line' id='line_1_95' title="bbox 1882 4101 3461 4171; baseline 0 -15"><span class='ocrx_word' id='word_1_646' title='bbox 1882 4102 2143 4156; x_wconf 87' lang='lat' dir='ltr'><strong>memoria</strong></span> <span class='ocrx_word' id='word_1_647' title='bbox 2196 4102 2385 4171; x_wconf 80' lang='lat' dir='ltr'><strong>procul</strong></span> <span class='ocrx_word' id='word_1_648' title='bbox 2428 4101 2705 4165; x_wconf 85' lang='lat' dir='ltr'><strong>submota,</strong></span> <span class='ocrx_word' id='word_1_649' title='bbox 2769 4117 2866 4169; x_wconf 90' lang='lat' dir='ltr'><strong>per</strong></span> <span class='ocrx_word' id='word_1_650' title='bbox 2918 4103 3218 4157; x_wconf 80' lang='lat' dir='ltr'><strong>exteriores</strong></span> <span class='ocrx_word' id='word_1_651' title='bbox 3266 4119 3461 4157; x_wconf 72' lang='lat' dir='ltr'><strong>sensus</strong></span> 
     </span>
    </p>
   </div>
   <div class='ocr_carea' id='block_1_96' title="bbox 1883 4192 3463 4263">
    <p class='ocr_par' dir='ltr' id='par_1_96' title="bbox 1883 4192 3463 4263">
     <span class='ocr_line' id='line_1_96' title="bbox 1883 4192 3463 4263; baseline 0.001 -16"><span class='ocrx_word' id='word_1_652' title='bbox 1883 4202 2070 4263; x_wconf 87' lang='lat' dir='ltr'><strong>peccat</strong></span> <span class='ocrx_word' id='word_1_653' title='bbox 2091 4193 2252 4247; x_wconf 84' lang='lat' dir='ltr'><strong>etiam</strong></span> <span class='ocrx_word' id='word_1_654' title='bbox 2290 4192 2657 4246; x_wconf 78' lang='lat' dir='ltr'><strong>indifferenter</strong></span> <span class='ocrx_word' id='word_1_655' title='bbox 2693 4212 2705 4247; x_wconf 93' lang='lat'>:</span> <span class='ocrx_word' id='word_1_656' title='bbox 2744 4193 3125 4261; x_wconf 84' lang='lat' dir='ltr'><strong>hujuscemodi</strong></span> <span class='ocrx_word' id='word_1_657' title='bbox 3155 4210 3348 4263; x_wconf 84' lang='lat' dir='ltr'><strong>nempe</strong></span> <span class='ocrx_word' id='word_1_658' title='bbox 3381 4196 3463 4248; x_wconf 76' lang='lat' dir='ltr'><strong>rir</strong></span> 
     </span>
    </p>
   </div>
   <div class='ocr_carea' id='block_1_97' title="bbox 1882 4281 3463 4353">
    <p class='ocr_par' dir='ltr' id='par_1_97' title="bbox 1882 4281 3463 4353">
     <span class='ocr_line' id='line_1_97' title="bbox 1882 4281 3463 4353; baseline 0 -17"><span class='ocrx_word' id='word_1_659' title='bbox 1882 4284 2125 4337; x_wconf 89' lang='lat' dir='ltr'><strong>auditum</strong></span> <span class='ocrx_word' id='word_1_660' title='bbox 2174 4291 2336 4348; x_wconf 86' lang='lat' dir='ltr'><strong>atque</strong></span> <span class='ocrx_word' id='word_1_661' title='bbox 2356 4281 2595 4349; x_wconf 85' lang='lat' dir='ltr'><strong>linguam</strong></span> <span class='ocrx_word' id='word_1_662' title='bbox 2628 4282 2853 4336; x_wconf 90' lang='lat' dir='ltr'><strong>minime</strong></span> <span class='ocrx_word' id='word_1_663' title='bbox 2882 4293 3055 4352; x_wconf 91' lang='lat' dir='ltr'><strong>potest</strong></span> <span class='ocrx_word' id='word_1_664' title='bbox 3091 4298 3297 4353; x_wconf 84' lang='lat' dir='ltr'><strong>regere,</strong></span> <span class='ocrx_word' id='word_1_665' title='bbox 3335 4285 3463 4352; x_wconf 87' lang='lat' dir='ltr'><strong>quia</strong></span> 
     </span>
    </p>
   </div>
   <div class='ocr_carea' id='block_1_98' title="bbox 1885 4373 3462 4445">
    <p class='ocr_par' dir='ltr' id='par_1_98' title="bbox 1885 4373 3462 4445">
     <span class='ocr_line' id='line_1_98' title="bbox 1885 4373 3462 4445; baseline 0.002 -18"><span class='ocrx_word' id='word_1_666' title='bbox 1885 4374 2129 4429; x_wconf 89' lang='lat' dir='ltr'><strong>laborum</strong></span> <span class='ocrx_word' id='word_1_667' title='bbox 2177 4373 2340 4445; x_wconf 65' lang='grc'><strong>427</strong></span> <span class='ocrx_word' id='word_1_668' title='bbox 2389 4376 2719 4443; x_wconf 79' lang='lat' dir='ltr'><strong>voluptatem</strong></span> <span class='ocrx_word' id='word_1_669' title='bbox 2772 4376 2841 4429; x_wconf 90' lang='lat' dir='ltr'><strong>ab</strong></span> <span class='ocrx_word' id='word_1_670' title='bbox 2892 4375 3260 4430; x_wconf 83' lang='lat' dir='ltr'><strong>exterioribus</strong></span> <span class='ocrx_word' id='word_1_671' title='bbox 3306 4378 3462 4444; x_wconf 73' lang='lat' dir='ltr'><strong>quasi</strong></span> 
     </span>
    </p>
   </div>
   <div class='ocr_carea' id='block_1_99' title="bbox 1885 4468 3463 4539">
    <p class='ocr_par' dir='ltr' id='par_1_99' title="bbox 1885 4468 3463 4539">
     <span class='ocr_line' id='line_1_99' title="bbox 1885 4468 3463 4539; baseline -0.001 -17"><span class='ocrx_word' id='word_1_672' title='bbox 1885 4468 2174 4539; x_wconf 83' lang='lat' dir='ltr'><strong>iustigatus</strong></span> <span class='ocrx_word' id='word_1_673' title='bbox 2197 4468 2407 4522; x_wconf 87' lang='lat' dir='ltr'><strong>dimisit</strong></span> <span class='ocrx_word' id='word_1_674' title='bbox 2435 4486 2447 4522; x_wconf 93' lang='lat'>:</span> <span class='ocrx_word' id='word_1_675' title='bbox 2480 4469 2571 4537; x_wconf 92' lang='lat' dir='ltr'><strong>qui</strong></span> <span class='ocrx_word' id='word_1_676' title='bbox 2603 4480 2747 4522; x_wconf 89' lang='lat' dir='ltr'><strong>amat</strong></span> <span class='ocrx_word' id='word_1_677' title='bbox 2777 4468 2969 4523; x_wconf 91' lang='lat' dir='ltr'><strong>audire</strong></span> <span class='ocrx_word' id='word_1_678' title='bbox 2995 4484 3144 4533; x_wconf 90' lang='lat' dir='ltr'><strong>cum,</strong></span> <span class='ocrx_word' id='word_1_679' title='bbox 3173 4470 3266 4537; x_wconf 92' lang='lat' dir='ltr'><strong>qui</strong></span> <span class='ocrx_word' id='word_1_680' title='bbox 3294 4484 3463 4521; x_wconf 90' lang='lat' dir='ltr'><strong>unum</strong></span> 
     </span>
    </p>
   </div>
   <div class='ocr_carea' id='block_1_100' title="bbox 1886 4560 3465 4632">
    <p class='ocr_par' dir='ltr' id='par_1_100' title="bbox 1886 4560 3465 4632">
     <span class='ocr_line' id='line_1_100' title="bbox 1886 4560 3465 4632; baseline -0.002 -16"><span class='ocrx_word' id='word_1_681' title='bbox 1886 4560 2046 4616; x_wconf 88' lang='lat' dir='ltr'><strong>talem</strong></span> <span class='ocrx_word' id='word_1_682' title='bbox 2074 4561 2363 4629; x_wconf 83' lang='lat' dir='ltr'><strong>vituperat,</strong></span> <span class='ocrx_word' id='word_1_683' title='bbox 2406 4561 2569 4615; x_wconf 91' lang='lat' dir='ltr'><strong>ambo</strong></span> <span class='ocrx_word' id='word_1_684' title='bbox 2602 4562 3028 4632; x_wconf 89' lang='lat' dir='ltr'><strong>cooperantibus</strong></span> <span class='ocrx_word' id='word_1_685' title='bbox 3055 4562 3270 4616; x_wconf 87' lang='lat' dir='ltr'><strong>duobus</strong></span> <span class='ocrx_word' id='word_1_686' title='bbox 3305 4561 3465 4629; x_wconf 85' lang='lat' dir='ltr'><strong>spiri-</strong></span> 
     </span>
    </p>
   </div>
   <div class='ocr_carea' id='block_1_101' title="bbox 1891 4653 3460 4721">
    <p class='ocr_par' dir='ltr' id='par_1_101' title="bbox 1891 4653 3460 4721">
     <span class='ocr_line' id='line_1_101' title="bbox 1891 4653 3460 4721; baseline -0.002 -13"><span class='ocrx_word' id='word_1_687' title='bbox 1891 4653 2034 4708; x_wconf 87' lang='lat' dir='ltr'><strong>tibus</strong></span> <span class='ocrx_word' id='word_1_688' title='bbox 2072 4662 2469 4721; x_wconf 89' lang='lat' dir='ltr'><strong>cooperantur;</strong></span> <span class='ocrx_word' id='word_1_689' title='bbox 2523 4669 2645 4707; x_wconf 92' lang='lat' dir='ltr'><strong>nam</strong></span> <span class='ocrx_word' id='word_1_690' title='bbox 2700 4654 2906 4708; x_wconf 74' lang='lat' dir='ltr'><strong>auditio</strong></span> <span class='ocrx_word' id='word_1_691' title='bbox 2954 4654 3081 4707; x_wconf 92' lang='lat' dir='ltr'><strong>mali</strong></span> <span class='ocrx_word' id='word_1_692' title='bbox 3125 4654 3460 4721; x_wconf 54' lang='lat' dir='ltr'><strong>cooperutrix</strong></span> 
     </span>
    </p>
   </div>
   <div class='ocr_carea' id='block_1_102' title="bbox 1888 4746 3467 4816">
    <p class='ocr_par' dir='ltr' id='par_1_102' title="bbox 1888 4746 3467 4816">
     <span class='ocr_line' id='line_1_102' title="bbox 1888 4746 3467 4816; baseline -0.003 -13"><span class='ocrx_word' id='word_1_693' title='bbox 1888 4754 1972 4803; x_wconf 88' lang='lat' dir='ltr'><strong>est</strong></span> <span class='ocrx_word' id='word_1_694' title='bbox 2008 4746 2425 4807; x_wconf 57' lang='lat' dir='ltr'><strong>maledicentia,</strong></span> <span class='ocrx_word' id='word_1_695' title='bbox 2460 4756 2513 4800; x_wconf 90' lang='lat' dir='ltr'><strong>et</strong></span> <span class='ocrx_word' id='word_1_696' title='bbox 2546 4747 2613 4801; x_wconf 92' lang='lat' dir='ltr'><strong>ad</strong></span> <span class='ocrx_word' id='word_1_697' title='bbox 2643 4746 2825 4801; x_wconf 89' lang='lat' dir='ltr'><strong>cordis</strong></span> <span class='ocrx_word' id='word_1_698' title='bbox 2856 4747 3149 4816; x_wconf 88' lang='lat' dir='ltr'><strong>perniciem</strong></span> <span class='ocrx_word' id='word_1_699' title='bbox 3191 4760 3380 4799; x_wconf 89' lang='lat' dir='ltr'><strong>amore</strong></span> <span class='ocrx_word' id='word_1_700' title='bbox 3408 4760 3467 4799; x_wconf 79' lang='lat' dir='ltr'><strong>se</strong></span> 
     </span>
    </p>
   </div>
   <div class='ocr_carea' id='block_1_103' title="bbox 1890 4840 2587 4910">
    <p class='ocr_par' dir='ltr' id='par_1_103' title="bbox 1890 4840 2587 4910">
     <span class='ocr_line' id='line_1_103' title="bbox 1890 4840 2587 4910; baseline -0.003 -15"><span class='ocrx_word' id='word_1_701' title='bbox 1890 4840 2123 4895; x_wconf 88' lang='lat' dir='ltr'><strong>invicem</strong></span> <span class='ocrx_word' id='word_1_702' title='bbox 2154 4848 2587 4910; x_wconf 85' lang='lat' dir='ltr'><strong>prosequuntur.</strong></span> 
     </span>
    </p>
   </div>
   <div class='ocr_carea' id='block_1_104' title="bbox 2462 4946 2891 5005">
    <p class='ocr_par' dir='ltr' id='par_1_104' title="bbox 2462 4946 2891 5005">
     <span class='ocr_line' id='line_1_104' title="bbox 2462 4946 2891 5005; baseline 0 0"><span class='ocrx_word' id='word_1_703' title='bbox 2462 4947 2692 5005; x_wconf 83' lang='lat' dir='ltr'><strong>CAPUT</strong></span> <span class='ocrx_word' id='word_1_704' title='bbox 2727 4946 2891 5005; x_wconf 79' lang='lat' dir='ltr'><strong>XVII.</strong></span> 
     </span>
    </p>
   </div>
   <div class='ocr_carea' id='block_1_105' title="bbox 1962 5052 3469 5130">
    <p class='ocr_par' dir='ltr' id='par_1_105' title="bbox 1962 5052 3469 5130">
     <span class='ocr_line' id='line_1_105' title="bbox 1962 5052 3469 5130; baseline -0.005 -12"><span class='ocrx_word' id='word_1_705' title='bbox 1962 5064 2037 5118; x_wconf 78' lang='lat' dir='ltr'><strong>Ex</strong></span> <span class='ocrx_word' id='word_1_706' title='bbox 2069 5063 2507 5119; x_wconf 81' lang='lat' dir='ltr'><strong>oblocutionibus</strong></span> <span class='ocrx_word' id='word_1_707' title='bbox 2549 5071 2669 5115; x_wconf 86' lang='lat' dir='ltr'><strong>tuas</strong></span> <span class='ocrx_word' id='word_1_708' title='bbox 2700 5060 2888 5130; x_wconf 90' lang='lat' dir='ltr'><strong>obsepi</strong></span> <span class='ocrx_word' id='word_1_709' title='bbox 2914 5075 3095 5121; x_wconf 88' lang='lat' dir='ltr'><strong>aures,</strong></span> <span class='ocrx_word' id='word_1_710' title='bbox 3121 5074 3189 5113; x_wconf 89' lang='lat' dir='ltr'><strong>ne</strong></span> <span class='ocrx_word' id='word_1_711' title='bbox 3221 5052 3469 5113; x_wconf 76' lang='lat' dir='ltr'><strong>bifariam</strong></span> 
     </span>
    </p>
   </div>
   <div class='ocr_carea' id='block_1_106' title="bbox 1894 5151 3471 5224">
    <p class='ocr_par' dir='ltr' id='par_1_106' title="bbox 1894 5151 3471 5224">
     <span class='ocr_line' id='line_1_106' title="bbox 1894 5151 3471 5224; baseline -0.006 -12"><span class='ocrx_word' id='word_1_712' title='bbox 1894 5172 2017 5212; x_wconf 88' lang='lat' dir='ltr'><strong>cum</strong></span> <span class='ocrx_word' id='word_1_713' title='bbox 2055 5155 2185 5224; x_wconf 91' lang='lat' dir='ltr'><strong>ipsis</strong></span> <span class='ocrx_word' id='word_1_714' title='bbox 2231 5164 2507 5224; x_wconf 83' lang='lat' dir='ltr'><strong>perpetres</strong></span> <span class='ocrx_word' id='word_1_715' title='bbox 2556 5153 2926 5222; x_wconf 89' lang='lat' dir='ltr'><strong>iniquitatem,</strong></span> <span class='ocrx_word' id='word_1_716' title='bbox 2974 5152 3206 5220; x_wconf 88' lang='lat' dir='ltr'><strong>teipsum</strong></span> <span class='ocrx_word' id='word_1_717' title='bbox 3247 5151 3471 5221; x_wconf 84' lang='lat' dir='ltr'><strong>quidem</strong></span> 
     </span>
    </p>
   </div>
   <div class='ocr_carea' id='block_1_107' title="bbox 1896 5245 3471 5316">
    <p class='ocr_par' dir='ltr' id='par_1_107' title="bbox 1896 5245 3471 5316">
     <span class='ocr_line' id='line_1_107' title="bbox 1896 5245 3471 5316; baseline -0.001 -17"><span class='ocrx_word' id='word_1_718' title='bbox 1896 5246 2128 5316; x_wconf 90' lang='lat' dir='ltr'><strong>passioni</strong></span> <span class='ocrx_word' id='word_1_719' title='bbox 2163 5245 2556 5309; x_wconf 87' lang='lat' dir='ltr'><strong>assuefaciens,</strong></span> <span class='ocrx_word' id='word_1_720' title='bbox 2583 5246 2707 5300; x_wconf 91' lang='lat' dir='ltr'><strong>illos</strong></span> <span class='ocrx_word' id='word_1_721' title='bbox 2734 5261 2885 5310; x_wconf 88' lang='lat' dir='ltr'><strong>vero,</strong></span> <span class='ocrx_word' id='word_1_722' title='bbox 2911 5262 2979 5300; x_wconf 90' lang='lat' dir='ltr'><strong>ne</strong></span> <span class='ocrx_word' id='word_1_723' title='bbox 3011 5246 3189 5315; x_wconf 80' lang='lat' dir='ltr'><strong>lingua</strong></span> <span class='ocrx_word' id='word_1_724' title='bbox 3220 5254 3471 5314; x_wconf 83' lang='lat' dir='ltr'><strong>premant</strong></span> 
     </span>
    </p>
   </div>
   <div class='ocr_carea' id='block_1_108' title="bbox 1897 5335 3473 5406">
    <p class='ocr_par' dir='ltr' id='par_1_108' title="bbox 1897 5335 3473 5406">
     <span class='ocr_line' id='line_1_108' title="bbox 1897 5335 3473 5406; baseline -0.003 -15"><span class='ocrx_word' id='word_1_725' title='bbox 1897 5353 2183 5403; x_wconf 83' lang='lat' dir='ltr'><strong>venenum,</strong></span> <span class='ocrx_word' id='word_1_726' title='bbox 2220 5338 2446 5391; x_wconf 87' lang='lat' dir='ltr'><strong>minime</strong></span> <span class='ocrx_word' id='word_1_727' title='bbox 2481 5338 2803 5406; x_wconf 89' lang='lat' dir='ltr'><strong>reprimens.</strong></span> <span class='ocrx_word' id='word_1_728' title='bbox 2842 5338 2945 5402; x_wconf 86' lang='lat' dir='ltr'><strong>Qui</strong></span> <span class='ocrx_word' id='word_1_729' title='bbox 2981 5336 3182 5406; x_wconf 83' lang='lat' dir='ltr'><strong>gaudet</strong></span> <span class='ocrx_word' id='word_1_730' title='bbox 3205 5335 3473 5399; x_wconf 80' lang='lat' dir='ltr'><strong>dicteriis,</strong></span> 
     </span>
    </p>
   </div>
   <div class='ocr_carea' id='block_1_109' title="bbox 1895 5428 3465 5497">
    <p class='ocr_par' dir='ltr' id='par_1_109' title="bbox 1895 5428 3465 5497">
     <span class='ocr_line' id='line_1_109' title="bbox 1895 5428 3465 5497; baseline -0.004 -11"><span class='ocrx_word' id='word_1_731' title='bbox 1895 5440 1949 5485; x_wconf 88' lang='lat' dir='ltr'><strong>et</strong></span> <span class='ocrx_word' id='word_1_732' title='bbox 1979 5430 2314 5496; x_wconf 86' lang='lat' dir='ltr'><strong>scommatis,</strong></span> <span class='ocrx_word' id='word_1_733' title='bbox 2347 5429 2688 5497; x_wconf 65' lang='lat' dir='ltr'><strong>depra‘datur</strong></span> <span class='ocrx_word' id='word_1_734' title='bbox 2720 5430 2957 5483; x_wconf 87' lang='lat' dir='ltr'><strong>animam</strong></span> <span class='ocrx_word' id='word_1_735' title='bbox 2988 5445 3200 5491; x_wconf 89' lang='lat' dir='ltr'><strong>eorum,</strong></span> <span class='ocrx_word' id='word_1_736' title='bbox 3232 5428 3323 5497; x_wconf 89' lang='lat' dir='ltr'><strong>qui</strong></span> <span class='ocrx_word' id='word_1_737' title='bbox 3362 5444 3465 5481; x_wconf 84' lang='lat' dir='ltr'><strong>me-</strong></span> 
     </span>
    </p>
   </div>
   <div class='ocr_carea' id='block_1_110' title="bbox 213 5520 1795 5592">
    <p class='ocr_par' dir='ltr' id='par_1_110' title="bbox 213 5520 1795 5592">
     <span class='ocr_line' id='line_1_110' title="bbox 213 5520 1795 5592; baseline -0.003 -17"><span class='ocrx_word' id='word_1_738' title='bbox 213 5521 307 5575; x_wconf 83' lang='grc' dir='ltr'><strong>τοῦ</strong></span> <span class='ocrx_word' id='word_1_739' title='bbox 333 5521 503 5586; x_wconf 81' lang='grc' dir='ltr'>πέλας</span> <span class='ocrx_word' id='word_1_740' title='bbox 521 5522 759 5592; x_wconf 79' lang='grc' dir='ltr'>λοίδορον</span> <span class='ocrx_word' id='word_1_741' title='bbox 781 5522 1050 5589; x_wconf 86' lang='grc' dir='ltr'>γλῶσσαν,</span> <span class='ocrx_word' id='word_1_742' title='bbox 1077 5522 1170 5574; x_wconf 82' lang='grc' dir='ltr'>καὶ</span> <span class='ocrx_word' id='word_1_743' title='bbox 1190 5520 1286 5591; x_wconf 83' lang='grc' dir='ltr'>τὴν</span> <span class='ocrx_word' id='word_1_744' title='bbox 1308 5520 1511 5575; x_wconf 77' lang='grc' dir='ltr'>οἰκείαν</span> <span class='ocrx_word' id='word_1_745' title='bbox 1531 5520 1795 5590; x_wconf 80' lang='grc' dir='ltr'>λοιδορίαν</span> 
     </span>
    </p>
   </div>
   <div class='ocr_carea' id='block_1_111' title="bbox 218 5614 1796 5687">
    <p class='ocr_par' dir='ltr' id='par_1_111' title="bbox 218 5614 1796 5687">
     <span class='ocr_line' id='line_1_111' title="bbox 218 5614 1796 5687; baseline -0.002 -20"><span class='ocrx_word' id='word_1_746' title='bbox 218 5615 532 5683; x_wconf 81' lang='grc' dir='ltr'>φυγαδεύει·</span> <span class='ocrx_word' id='word_1_747' title='bbox 565 5614 708 5686; x_wconf 83' lang='grc' dir='ltr'>ήδείς</span> <span class='ocrx_word' id='word_1_748' title='bbox 744 5615 912 5679; x_wconf 82' lang='grc' dir='ltr'>ἀκοὰς</span> <span class='ocrx_word' id='word_1_749' title='bbox 938 5616 967 5667; x_wconf 94' lang='lat'><strong>6</strong></span> <span class='ocrx_word' id='word_1_750' title='bbox 994 5614 1073 5684; x_wconf 80' lang='grc' dir='ltr'><strong>τῷ</strong></span> <span class='ocrx_word' id='word_1_751' title='bbox 1116 5615 1339 5687; x_wconf 82' lang='grc' dir='ltr'>λοιδόρῳ</span> <span class='ocrx_word' id='word_1_752' title='bbox 1387 5614 1644 5683; x_wconf 79' lang='grc' dir='ltr'>παρέχων</span> <span class='ocrx_word' id='word_1_753' title='bbox 1670 5654 1684 5677; x_wconf 90' lang='grc'><strong>,</strong></span> <span class='ocrx_word' id='word_1_754' title='bbox 1720 5614 1796 5665; x_wconf 76' lang='grc' dir='ltr'><strong>ίὸν</strong></span> 
     </span>
    </p>
   </div>
   <div class='ocr_carea' id='block_1_112' title="bbox 221 5706 1797 5777">
    <p class='ocr_par' dir='ltr' id='par_1_112' title="bbox 221 5706 1797 5777">
     <span class='ocr_line' id='line_1_112' title="bbox 221 5706 1797 5777; baseline -0.001 -17"><span class='ocrx_word' id='word_1_755' title='bbox 221 5706 387 5776; x_wconf 75' lang='grc' dir='ltr'>θηρὸς</span> <span class='ocrx_word' id='word_1_756' title='bbox 412 5710 521 5770; x_wconf 79' lang='grc' dir='ltr'>τοῖς</span> <span class='ocrx_word' id='word_1_757' title='bbox 544 5708 675 5761; x_wconf 75' lang='grc' dir='ltr'>ὠσὶν</span> <span class='ocrx_word' id='word_1_758' title='bbox 704 5708 952 5777; x_wconf 75' lang='grc' dir='ltr'>ἀμέλγει.</span> <span class='ocrx_word' id='word_1_759' title='bbox 996 5708 1085 5771; x_wconf 80' lang='grc' dir='ltr'>Μὴ</span> <span class='ocrx_word' id='word_1_760' title='bbox 1109 5708 1347 5773; x_wconf 85' lang='grc' dir='ltr'>γευέσθω</span> <span class='ocrx_word' id='word_1_761' title='bbox 1380 5708 1440 5761; x_wconf 77' lang='grc' dir='ltr'>τὸ</span> <span class='ocrx_word' id='word_1_762' title='bbox 1466 5708 1555 5771; x_wconf 81' lang='grc' dir='ltr'><strong>οὓς</strong></span> <span class='ocrx_word' id='word_1_763' title='bbox 1582 5724 1673 5760; x_wconf 90' lang='grc' dir='ltr'><strong>σου</strong></span> <span class='ocrx_word' id='word_1_764' title='bbox 1698 5707 1797 5773; x_wconf 74' lang='grc' dir='ltr'><strong>τῆς</strong></span> 
     </span>
    </p>
   </div>
   <div class='ocr_carea' id='block_1_113' title="bbox 1900 5519 3473 5586">
    <p class='ocr_par' dir='ltr' id='par_1_113' title="bbox 1900 5519 3473 5586">
     <span class='ocr_line' id='line_1_113' title="bbox 1900 5519 3473 5586; baseline -0.003 -9"><span class='ocrx_word' id='word_1_765' title='bbox 1900 5524 2064 5578; x_wconf 86' lang='lat' dir='ltr'><strong>liores</strong></span> <span class='ocrx_word' id='word_1_766' title='bbox 2115 5532 2274 5586; x_wconf 92' lang='lat' dir='ltr'><strong>sunt,</strong></span> <span class='ocrx_word' id='word_1_767' title='bbox 2327 5521 2620 5577; x_wconf 83' lang='lat' dir='ltr'><strong>calumniis</strong></span> <span class='ocrx_word' id='word_1_768' title='bbox 2664 5522 2967 5576; x_wconf 88' lang='lat' dir='ltr'><strong>marcidum</strong></span> <span class='ocrx_word' id='word_1_769' title='bbox 3010 5521 3275 5576; x_wconf 78' lang='lat' dir='ltr'><strong>effodiens</strong></span> <span class='ocrx_word' id='word_1_770' title='bbox 3319 5519 3473 5573; x_wconf 86' lang='lat' dir='ltr'><strong>andi-</strong></span> 
     </span>
    </p>
   </div>
   <div class='ocr_carea' id='block_1_114' title="bbox 1901 5610 3473 5683">
    <p class='ocr_par' dir='ltr' id='par_1_114' title="bbox 1901 5610 3473 5683">
     <span class='ocr_line' id='line_1_114' title="bbox 1901 5610 3473 5683; baseline -0.003 -15"><span class='ocrx_word' id='word_1_771' title='bbox 1901 5626 2012 5668; x_wconf 89' lang='lat' dir='ltr'><strong>tum</strong></span> <span class='ocrx_word' id='word_1_772' title='bbox 2039 5630 2055 5677; x_wconf 83' lang='lat'><strong>;</strong></span> <span class='ocrx_word' id='word_1_773' title='bbox 2078 5612 2170 5683; x_wconf 90' lang='lat' dir='ltr'><strong>qui</strong></span> <span class='ocrx_word' id='word_1_774' title='bbox 2205 5619 2384 5666; x_wconf 88' lang='lat' dir='ltr'><strong>autem</strong></span> <span class='ocrx_word' id='word_1_775' title='bbox 2410 5610 2597 5681; x_wconf 62' lang='lat' dir='ltr'><strong>effugit</strong></span> <span class='ocrx_word' id='word_1_776' title='bbox 2637 5611 2875 5683; x_wconf 86' lang='lat' dir='ltr'><strong>linguam</strong></span> <span class='ocrx_word' id='word_1_777' title='bbox 2914 5612 3145 5680; x_wconf 79' lang='lat' dir='ltr'><strong>proximi</strong></span> <span class='ocrx_word' id='word_1_778' title='bbox 3180 5610 3473 5665; x_wconf 80' lang='lat' dir='ltr'><strong>convicia-</strong></span> 
     </span>
    </p>
   </div>
   <div class='ocr_carea' id='block_1_115' title="bbox 1902 5704 3471 5774">
    <p class='ocr_par' dir='ltr' id='par_1_115' title="bbox 1902 5704 3471 5774">
     <span class='ocr_line' id='line_1_115' title="bbox 1902 5704 3471 5774; baseline -0.003 -15"><span class='ocrx_word' id='word_1_779' title='bbox 1902 5709 2111 5768; x_wconf 73' lang='lat' dir='ltr'><strong>tricem,</strong></span> <span class='ocrx_word' id='word_1_780' title='bbox 2141 5706 2414 5774; x_wconf 82' lang='lat' dir='ltr'><strong>proprium</strong></span> <span class='ocrx_word' id='word_1_781' title='bbox 2456 5706 2615 5759; x_wconf 80' lang='lat' dir='ltr'><strong>etiam</strong></span> <span class='ocrx_word' id='word_1_782' title='bbox 2646 5704 2792 5773; x_wconf 82' lang='lat' dir='ltr'><strong>fugat</strong></span> <span class='ocrx_word' id='word_1_783' title='bbox 2826 5704 3131 5758; x_wconf 78' lang='lat' dir='ltr'><strong>romicinm</strong></span> <span class='ocrx_word' id='word_1_784' title='bbox 3170 5724 3181 5758; x_wconf 87' lang='lat'>:</span> <span class='ocrx_word' id='word_1_785' title='bbox 3214 5704 3305 5772; x_wconf 87' lang='lat' dir='ltr'><strong>qui</strong></span> <span class='ocrx_word' id='word_1_786' title='bbox 3338 5719 3471 5755; x_wconf 80' lang='lat' dir='ltr'><strong>con-</strong></span> 
     </span>
    </p>
   </div>
  </div>
