3788 6224
311 228 448 293 1115

1795 236 1854 295 S.
1890 235 1940 297 Ν
1946 236 2058 297 ILI

3419 224 3567 289 1116

303 341 546 397 viciatori
586 356 782 398 suaves
832 353 886 397 et
923 343 1104 399 faciles
1135 342 1339 413 praebet
1380 344 1620 407 auditus,
1656 344 1877 399 auribus

2058 346 2184 417 κρᾶς
2209 345 2419 416 ταύτης
2460 344 2733 398 ἀντιδότου
2759 381 2775 406 ,
2812 342 2887 412 μή
2932 357 3048 404 πως
3076 340 3330 412 τοιαύτην
3355 342 3453 395 καὶ
3498 344 3566 397 σὺ

301 435 537 502 entulget
562 432 693 488 fera:
719 450 1009 489 venenum.
1047 434 1162 489 Non
1196 445 1373 506 gustet
1401 436 1551 490 auris
1585 447 1676 491 tua
1709 435 1878 490 medi-

302 533 612 579 camentum
642 524 786 580 istud
818 541 1099 589 amarum,
1149 542 1217 581 ne
1248 526 1391 581 forte
1422 526 1528 582 tale
1564 537 1619 581 tu
1660 542 1878 596 quoque

304 618 461 672 alteri
492 618 829 687 propineris;
857 636 926 675 ne
949 619 1183 675 fascines
1215 621 1657 676 oblocutionibus
1688 636 1875 675 aurem

304 721 473 775 tuam,
512 717 590 773 ut,
632 711 871 780 passioni
902 711 1241 775 divenditus,
1276 713 1613 767 multimodis
1650 728 1757 765 non
1795 712 1878 764 in-

303 802 509 856 servias
555 803 943 872 passionibus;
994 820 1101 857 una
1144 805 1345 874 quippe
1376 820 1406 858 e
1447 804 1634 859 multis
1670 803 1875 873 passio,

302 909 425 947 cum
462 894 515 947 in
549 904 601 948 te
634 895 814 949 locum
856 896 1139 952 invenerit.
1168 897 1219 949 in
1254 898 1393 949 idem
1430 896 1703 950 stabulum
1743 896 1879 951 alias

303 1000 522 1053 quoque
570 985 972 1040 subintroducit
1014 1004 1026 1041 :
1062 994 1193 1041 tunc
1243 986 1589 1041 multitudine
1622 986 1877 1041 vitiorum

305 1090 457 1128 mens
500 1076 853 1146 gubernatrix
895 1078 948 1130 in
984 1079 1303 1134 servitutem
1337 1077 1619 1149 redigitur,
1658 1077 1879 1147 quando

307 1167 543 1235 passioni
588 1168 800 1223 adnexa
853 1167 1072 1223 labores
1117 1169 1466 1239 disiunxerit.
1495 1169 1599 1235 Qui
1645 1170 1877 1224 aliorum

306 1260 609 1313 derisiones
651 1269 882 1313 conatur
915 1261 1255 1325 examinare,
1296 1261 1378 1315 sui
1420 1260 1592 1330 ipsius
1639 1260 1879 1315 actiones

308 1364 364 1402 re
394 1348 510 1417 ipsa
540 1364 651 1403 non
682 1360 1077 1419 perscrutatur.
1107 1352 1183 1404 Ne
1208 1353 1457 1407 derideas
1490 1353 1601 1405 vita
1633 1350 1878 1407 functum

306 1448 365 1493 ut
390 1439 480 1508 qui
511 1441 842 1509 negligenter
864 1443 1081 1507 vixerit,
1105 1459 1193 1509 ne,
1218 1443 1374 1513 quasi
1397 1458 1462 1498 ex
1486 1444 1881 1499 consuetudine

306 1533 534 1587 acerbus
562 1548 732 1599 esses,
762 1544 813 1585 et
837 1550 1057 1589 amarus
1080 1534 1374 1590 viventium
1402 1534 1591 1604 judex,
1620 1534 1719 1591 fias
1745 1549 1882 1605 quo-

306 1640 412 1694 que
450 1626 742 1679 demortui.
783 1624 859 1681 Ne
908 1628 1259 1696 peccantibus
1306 1627 1594 1697 jactatorio
1632 1628 1880 1681 attendas

307 1717 509 1783 animo,
547 1728 598 1772 te
632 1720 796 1775 veluti
834 1721 1077 1788 judicem
1119 1722 1452 1787 extollendo,
1495 1724 1590 1777 sed
1637 1723 1733 1777 tibi
1776 1721 1876 1791 ips=

307 1810 525 1864 attende
562 1810 728 1882 428
755 1812 1018 1881 vigilanti,
1055 1821 1385 1882 actuumque
1420 1824 1639 1868 tuorum
1678 1812 1879 1884 proba~

308 1902 439 1955 trice
463 1903 928 1970 consideratione;
953 1904 1082 1958 dum
1115 1905 1449 1974 peccaveris,
1479 1906 1676 1960 anxius
1703 1919 1882 1975 gente,

305 2002 503 2046 etcum
532 2010 641 2047 rem
666 1994 801 2049 bene
824 1996 1076 2064 gesseris,
1101 2012 1170 2051 ne
1197 1996 1400 2052 inﬂeris
1424 2015 1438 2063 ;
1467 2013 1567 2053 nec
1597 2006 1649 2051 te
1672 1996 1882 2067 magni-

309 2082 406 2135 fice
430 2081 621 2151 jactes,
658 2086 801 2153 quod
849 2086 1158 2140 nullatenus
1192 2087 1269 2141 sis
1305 2086 1757 2150 contemnendus,
1799 2096 1879 2152 ut,

306 2174 454 2228 velut
487 2187 889 2240 ornamentum,
932 2192 1039 2229 non
1079 2177 1272 2231 induas
1317 2178 1528 2231 vitium.
1563 2177 1747 2248 Aliqui
1796 2184 1881 2232 et-

305 2266 474 2323 enim,
500 2282 624 2320 cum
660 2269 727 2319 ob
760 2270 1007 2321 devotam
1060 2269 1466 2338 religiositatem
1501 2269 1741 2340 dignosci
1771 2284 1877 2324 non

308 2366 549 2425 possent,
584 2356 911 2412 festinarunt
942 2367 1001 2412 ut
1027 2360 1217 2414 saltem
1248 2361 1318 2415 ob
1346 2360 1537 2415 vitium
1569 2361 1648 2416 sic
1690 2362 1881 2431 digno-

307 2458 626 2515 scerentur;
659 2450 774 2513 alii,
825 2452 1065 2519 provecti
1110 2467 1175 2505 ex
1235 2451 1455 2518 invidia,
1508 2462 1801 2521 prmtextus
1848 2471 1878 2509 e

308 2552 522 2591 summo
554 2538 887 2606 jaculantur,
938 2549 991 2593 et
1034 2556 1128 2595 eos
1172 2541 1266 2609 qui
1308 2541 1603 2596 virtutibus
1653 2542 1875 2597 stabiliti

307 2638 434 2680 sunt
474 2643 573 2696 pro
605 2628 776 2682 nihilo
810 2630 1034 2683 ducunt.
1085 2630 1318 2696 Quidam
1358 2632 1429 2686 ob
1472 2633 1614 2686 mala
1658 2649 1877 2688 rumore

308 2719 710 2774 circumstantis
742 2723 887 2789 vulgi
927 2723 1202 2787 celebrati,
1230 2738 1447 2792 gravem
1483 2724 1877 2791 honestamque

308 2809 751 2864 circuminduunt
778 2813 965 2877 vitam,
997 2827 1103 2865 non
1136 2821 1194 2865 ut
1218 2828 1383 2882 prava
1410 2814 1627 2881 lugeant
1656 2825 1875 2884 peccata

310 2899 604 2964 laboribus,
629 2901 721 2954 scd
746 2910 804 2955 ut
834 2902 1223 2971 vituperiorum
1254 2904 1580 2958 obumbrent
1606 2919 1873 2962 rumores.

1978 440 2321 510 συγκεράσῃς
2347 436 2542 508 ἑτέρῳ,
2575 436 2649 507 μὴ
2682 433 2947 505 γοητεύου
2977 435 3331 497 καταλαλιαϊς
3364 436 3425 487 τὸ
3469 431 3567 499 οὖς

1979 545 2092 594 σου,
2127 531 2213 585 ἵνα
2245 532 2319 602 μὴ
2345 530 2506 584 πάθει
2546 529 2776 601 πραθεὶς
2803 568 2819 593 ,
2850 527 3192 600 πολυπαθείᾳ
3218 527 3525 598 δουλεύσῃς
3551 546 3567 559 ·

1978 621 2036 674 ἒν
2065 623 2174 693 γὰρ
2214 624 2323 675 τῶν
2354 622 2563 681 πολλῶν
2605 621 2776 684 πάθος
2804 621 2969 673 τόπον
3000 622 3057 673 ὲν
3089 620 3171 672 σοὶ
3214 618 3392 689 εὑρὼν
3415 660 3431 683 ,
3486 620 3573 682 είς

1976 716 2067 768 τὸν
2093 715 2260 769 αὐτὸν
2295 716 2463 784 σηκὸν
2492 715 2587 769 καὶ
2628 714 2764 768 ἄλλα
2795 714 3140 782 συνεισφέρει
3165 731 3177 743 ·
3210 713 3335 765 τότε
3365 712 3570 781 πλήθει

1978 807 2164 861 κακῶν
2186 808 2214 859 ὁ
2246 805 2469 877 ἡγεμὼν
2491 806 2791 864 δουλοῦται,
2817 807 2948 858 ὅταν
2976 803 3137 857 πάθει
3166 802 3414 873 ζευχθεὶς
3436 804 3571 865 τοὺς

1978 898 2175 958 πόνους
2198 896 2494 966 ἀποζεύξῃ.
2530 896 2591 948 '0
2620 896 2718 959 τὰς
2747 895 2949 966 ἐτέρων
2976 893 3195 963 σκέψεις
3221 892 3571 965 πειρώμενος

1979 992 2225 1061 ὲρευνᾷν,
2275 989 2375 1051 τὰς
2404 988 2613 1043 ἑαυτοῦ
2645 988 2869 1061 πράξεις
2899 989 3046 1060 ἔργῳ
3092 988 3193 1040 οὐκ
3222 987 3445 1058 ἐρευνᾷ,
3492 986 3570 1056 μὴ

1978 1083 2054 1145 ὡς
2099 1080 2315 1151 ἀμελῶς
2348 1082 2611 1152 ζήσαντα,
2650 1081 2742 1134 τὸν
2786 1079 3171 1135 ἀποϐιώσαντα
3202 1078 3449 1141 σκώπτε,
3480 1078 3571 1130 ἵνα

1982 1173 2056 1242 μὴ
2106 1173 2183 1237 ὡς
2232 1175 2296 1226 ὲκ
2340 1172 2627 1243 συνηθείας
2668 1174 2776 1226 τῶν
2817 1169 3053 1237 ζώντων,
3101 1169 3323 1224 καὶτοῦ
3365 1169 3571 1239 νεκροῦ

1978 1263 2111 1334 γένῃ
2134 1264 2329 1333 πικρὸς
2354 1263 2635 1333 δικαστής
2667 1264 2741 1334 μὴ
2760 1266 2872 1326 τοῖς
2907 1263 3187 1317 πταίουσιν
3218 1262 3382 1331 ἔπεχε
3414 1262 3573 1329 λογι-

1980 1354 2103 1426 σμῷ
2128 1356 2348 1420 ἀλαζόνι
2383 1356 2666 1424 ἐπαίροντι
2697 1373 2754 1409 σε
2796 1356 2871 1418 ώς
2892 1355 3174 1425 δικαστὴν,
3206 1354 3345 1407 ἀλλά
3379 1353 3575 1423 σαυτῷ

1980 1449 2214 1519 πρόσεχε
2240 1448 2486 1519 λογισμῷ
2511 1450 2753 1518 νήφοντι,
2783 1447 2877 1501 καὶ
2908 1447 3018 1500 τῶν
3058 1447 3167 1500 σῶν
3192 1446 3447 1517 πράξεων
3478 1446 3571 1499 δο-

1978 1544 2244 1613 κιμαστῇ.
2268 1541 2427 1595 Στένε
2454 1542 2682 1605 πταίων,
2719 1542 2811 1594 καὶ
2838 1540 2911 1611 μὴ
2938 1538 3093 1608 φυσῶ
3116 1537 3398 1609 κατορθῶν
3421 1539 3569 1591 ἀκα-

1979 1632 2315 1704 ταφρόνητος
2336 1627 2477 1686 εἶναι
2505 1633 2579 1701 μὴ
2607 1629 2960 1702 μεγαλαύχει,
2988 1630 3135 1692 ὅπως
3159 1629 3233 1698 μὴ
3256 1628 3332 1689 ὠς
3358 1628 3578 1698 κόσμον

1978 1725 2041 1778 τὸ
2079 1723 2249 1778 κακὸν
2269 1724 2483 1796 ἐνδύσῃ.
2512 1723 2670 1787 Τινὲς
2690 1722 2799 1792 γὰρ
2828 1722 2937 1775 ἀπὸ
2975 1721 3259 1783 εὐλαϐείας
3304 1724 3381 1791 μὴ
3404 1722 3574 1775 δυνά-

1982 1830 2133 1884 μενοι
2179 1813 2510 1883 γνωσθῆναι,
2547 1811 2840 1877 ἔσπευσαν,
2874 1812 2978 1864 κᾶν
3018 1811 3128 1865 ἀπὸ
3174 1812 3378 1872 κακίας
3418 1808 3575 1863 οὕτω

1978 1906 2306 1977 γνωσθῆναν
2342 1906 2520 1977 ἕτεροι
2551 1905 2607 1959 δὲ
2637 1903 2963 1976 αὐξηθέντες
2998 1903 3077 1975 τῷ
3110 1903 3285 1973 φθόνῳ
3304 1944 3320 1967 ,
3349 1902 3569 1973 προ-φά-

1980 2013 2092 2060 σεις
2135 1996 2512 2068 ἀκροϐολοῦσι,
2559 1998 2684 2059 τοὺς
2731 1995 3127 2057 εὐσταθοῦντας
3172 1997 3290 2056 ταῖς
3338 1994 3573 2063 ἀρεταῖς

1979 2086 2336 2151 ὲξουθενοῦσι.
2382 2088 2507 2151 Τοῖς
2538 2086 2697 2158 πέριξ
2728 2088 2872 2151 τινὲς
2900 2088 2979 2150 εἰς
3010 2086 3189 2153 φαῦλα
3237 2082 3574 2153 θρυλλούμε·

1979 2196 2081 2243 νοι,
2133 2178 2243 2249 βίον
2289 2180 2487 2248 σεμνὸν
2530 2180 2944 2249 ἀμφιέννυνται,
2994 2178 3091 2248 οὐχ
3139 2178 3224 2229 ἵνα
3266 2176 3336 2229 τὰ
3381 2175 3579 2243 φαῦλα

1980 2270 2299 2341 πταίσματα
2332 2274 2446 2336 τοϊς
2473 2271 2655 2335 πόνοις
2678 2271 3042 2343 θρηνήσωσιν,
3069 2269 3184 2321 ἀλλ’
3207 2268 3290 2320 ἵνα
3318 2266 3428 2319 τῶν
3466 2267 3577 2336 ψό-

1977 2380 2091 2431 γων
2120 2360 2218 2426 τὰς
2244 2363 2431 2432 φήμας
2456 2362 2774 2417 σκιάσωσιν.
2825 2360 2983 2414 Ἀλλά
3035 2360 3110 2431 μὴ
3147 2358 3223 2428 τῷ
3278 2356 3578 2411 ἀπατῶντί

1981 2472 2038 2507 σε
2063 2453 2424 2518 καλλωπίζου,
2476 2454 2609 2525 μηδὲ
2632 2455 2711 2524 τῷ
2735 2453 3049 2507 ἀπατᾶσθαι
3076 2451 3372 2515 ὲναγάλλου
3400 2467 3413 2478 ’
3469 2452 3577 2503 ἐὰν

1981 2545 2087 2614 γὰρ
2112 2544 2177 2596 δι’
2207 2544 2375 2615 ὄνομα
2405 2543 2558 2613 ψιλὸν
2591 2543 2698 2597 τῶν
2733 2544 3037 2597 σπουδαίων
3069 2543 3306 2613 ἐφάπτῃ,
3333 2541 3395 2594 ού
3417 2541 3573 2610 Θεῷ,

1982 2635 2120 2689 ἀλλά
2173 2635 2482 2705 ἀνθρώποις
2545 2635 2775 2708 ἐργάζῃ,
2835 2634 2909 2706 μὴ
2968 2634 3279 2705 παρρησίαν
3334 2632 3433 2697 ἆγε
3487 2630 3572 2699 τῷ

1982 2727 2195 2790 ἀπόνως
2253 2727 2477 2796 βιοῦντι,
2521 2727 2625 2781 κᾶν
2664 2727 2836 2796 ὄνομα
2880 2724 3055 2795 τούτῳ
3092 2726 3233 2795 μέγα
3276 2722 3563 2793 πομπεύῃ·

1980 2817 2096 2870 ἔστι
2122 2817 2271 2885 φίλος
2295 2819 2429 2888 πρὸς
2452 2818 2745 2889 προσώπου
2774 2817 2953 2889 χάριν,
2981 2817 3076 2870 καὶ
3101 2816 3291 2887 χρόνος
3326 2816 3568 2881 κατήγο-

1986 2924 2075 2977 ρος
2107 2907 2297 2962 τούτου
2317 2908 2544 2978 γίνεται.

312 2988 504 3046 Verum
536 3003 587 3047 tu
618 3008 684 3047 ne
707 3003 758 3048 te
803 2995 1086 3064 decipienti
1110 2996 1324 3065 placere
1362 2996 1756 3066 gloriabundus
1812 2995 2057 3061 enitaris,
2097 3015 2215 3065 nec,
2253 3001 2396 3070 quod
2464 3002 2775 3071 decipiaris,
2843 3000 3042 3071 gestias
3078 2998 3290 3061 laetitia;
3324 3011 3478 3056 nam,
3521 2998 3565 3048 si

310 3098 525 3154 propter
542 3089 749 3141 nudum
776 3104 971 3142 nomen
996 3089 1241 3143 studiosa
1268 3105 1498 3159 quicque
1524 3089 1876 3155 consectaris,
1917 3105 2026 3144 non
2083 3108 2180 3162 pro
2204 3094 2333 3161 Deo,
2352 3095 2445 3149 sed
2469 3111 2566 3167 pro
2590 3094 2901 3150 hominibus
2957 3091 3200 3161 Operaris
3224 3110 3236 3143 :
3259 3107 3327 3143 ne
3352 3089 3566 3157 absque

309 3178 496 3242 joabore
524 3180 722 3234 viventi
759 3180 1139 3237 conﬁdentiam
1183 3183 1444 3251 praebeas,
1486 3182 1613 3235 licet
1638 3197 1703 3236 ea
1727 3181 1794 3235 de
1818 3197 1877 3237 re
1911 3198 2169 3255 magnum
2194 3195 2427 3243 ostentet
2461 3204 2697 3255 nomen;
2731 3188 2777 3243 is
2848 3202 3043 3256 nempe
3076 3187 3285 3240 amicus
3307 3186 3377 3239 ad
3438 3204 3573 3259 per-

311 3283 468 3324 sona:
493 3272 721 3341 gratiam
754 3282 859 3337 est,
894 3273 1059 3343 fitque
1084 3284 1298 3342 tempus
1322 3274 1442 3343 ejus
1470 3284 1779 3328 accusator.

863 3389 1093 3445 CAPUT
1133 3389 1319 3447 XVIII.

384 3500 686 3555 Timentem
730 3502 967 3558 amicum
996 3503 1273 3558 irrisorem
1307 3502 1531 3567 habeas,
1571 3511 1629 3557 ut
1658 3513 1877 3557 tuorum

314 3595 558 3648 invenias
593 3594 913 3651 delictorum
954 3606 1219 3651 tutamen.
1259 3596 1488 3662 Quando
1516 3597 1726 3649 amicus
1756 3605 1883 3650 tuus

312 3703 343 3741 a
377 3686 555 3742 fausto
579 3696 795 3741 tuorum
837 3688 1085 3743 laborum
1116 3690 1297 3743 omine
1325 3698 1612 3758 superatus
1646 3688 1713 3742 ad
1746 3688 1884 3742 invi-

313 3779 456 3831 diam
487 3794 546 3834 se
582 3779 762 3843 vertit,
796 3780 865 3833 ita
900 3790 957 3833 ut
991 3795 1174 3835 coram
1206 3780 1693 3835 circumstantibus
1734 3795 1886 3835 vana:

314 3871 498 3939 gloria:
526 3872 704 3925 verbis
728 3880 851 3925 tuos
873 3871 1176 3941 ejaculetur
1206 3872 1446 3938 labores,
1474 3887 1583 3939 quo
1617 3881 1761 3927 tuam
1789 3872 1886 3927 de-

315 3972 622 4017 currentem
647 3962 874 4031 gloriam
914 3964 1154 4019 dicteriis
1190 3964 1255 4018 de
1284 3972 1333 4017 te
1356 3964 1520 4032 jactis
1552 3965 1882 4018 obumbret:

318 4061 449 4108 tunc
488 4069 574 4117 ne,
635 4055 781 4108 illius
818 4054 1034 4109 invidiae
1081 4056 1390 4120 attendens,
1451 4055 1777 4119 mordearis,
1829 4064 1889 4109 ut

314 4162 562 4200 amarum
613 4162 881 4200 venenum
929 4148 1123 4202 animae
1178 4157 1284 4202 tuae
1343 4162 1451 4203 non
1501 4148 1727 4213 elicias;
1784 4151 1886 4203 hoc

314 4238 459 4290 enim
501 4252 638 4306 opus
668 4247 752 4293 est
786 4238 1020 4301 Satanae,
1055 4249 1115 4293 ut
1147 4240 1297 4293 illum
1341 4239 1557 4309 quidem
1590 4238 1887 4292 inﬂammet

318 4323 542 4386 invidia,
593 4332 646 4380 te
682 4342 807 4380 vero
846 4327 1207 4383 amaritudine
1241 4336 1548 4383 consumat.
1585 4328 1656 4382 At
1707 4328 1886 4398 potius

321 4416 691 4477 bumiliemur.
745 4427 800 4472 et
850 4419 1057 4474 honore
1107 4421 1242 4475 tales
1285 4421 1421 4475 istos
1465 4421 1884 4490 prazveniamus,

319 4520 521 4575 perque
556 4521 799 4561 mensam
839 4509 1184 4563 aemulatione
1216 4509 1496 4564 efferatum
1526 4511 1692 4583 429
1716 4513 1883 4565 animi

318 4611 540 4651 sensum
568 4598 1065 4654 mansuefaciamus
1094 4618 1107 4654 :
1141 4616 1229 4665 ne,
1253 4609 1512 4673 tanquam
1541 4618 1607 4657 ex
1637 4604 1740 4656 alia
1770 4619 1887 4671 pcr-

2577 3388 2829 3442 ΚΕΦΑΛ.
2852 3388 2958 3440 lIl'.

2058 3499 2343 3553 Δεδοικότα
2369 3498 2522 3568 φίλον
2556 3498 2812 3569 σκώπτην
2854 3502 3073 3569 κτῆσαι,
3101 3500 3188 3552 ἵνα
3220 3500 3433 3573 σκέπην
3477 3504 3573 3555 εὖ-

1988 3608 2086 3665 ρῃς
2113 3593 2222 3645 τῶν
2254 3590 2361 3642 σῶν
2392 3590 2768 3660 πταισμάτων,
2804 3590 2865 3643 τὸ
2904 3591 2962 3644 δὲ
2993 3592 3354 3661 φθονούμενον
3382 3595 3438 3645 ὲν
3483 3597 3571 3647 σοὶ

1985 3684 2194 3755 κρύπτε
2245 3684 2444 3754 μᾶλλον
2490 3684 2586 3736 τοῦ
2621 3682 2965 3753 φθονοῦντος.
3011 3684 3181 3737 Ὅταν
3208 3689 3235 3738 ὁ
3271 3685 3362 3748 σὸς
3408 3687 3571 3754 φᾶος

1984 3780 2104 3839 ταῖς
2152 3778 2270 3838 σαῖς
2309 3775 2419 3827 τῶν
2469 3776 2645 3828 πόνων
2692 3776 2991 3845 εὐφημίαις
3039 3776 3431 3845 ἐλαττούμενος
3483 3783 3570 3842 είς

1986 3870 2179 3938 φθόνον
2203 3871 2472 3938 ἐκτραπῇ,
2498 3868 2573 3931 ὡς
2602 3870 2696 3920 καὶ
2730 3870 2841 3929 τοῖς
2892 3866 3052 3937 πέριξ
3080 3869 3299 3938 ῥήματα
3343 3869 3569 3922 κενοδο-

1988 3962 2106 4027 ξίας
2134 3958 2436 4025 ἀκοντίζειν
2476 3978 2567 4013 σου
2600 3964 2712 4023 τοῖς
2741 3960 2943 4022 πόνοις,
2966 3961 3112 4024 ὅπως
3134 3962 3231 4029 τὴν
3255 3961 3576 4031 διατρέχου-

1989 4070 2088 4106 σαν
2137 4052 2263 4123 περὶ
2305 4051 2398 4105 σοῦ
2444 4051 2599 4116 δόξαν
2642 4052 2910 4123 συσκιάσῃ
2939 4054 3054 4115 τοῖς
3088 4056 3201 4116 σοῖς
3238 4056 3567 4123 σκώμμασι,

1986 4145 2105 4199 τότε
2138 4144 2212 4215 μὴ
2248 4145 2313 4214 τῇ
2347 4144 2557 4196 ἐκείνου
2601 4142 2867 4215 βασκανίᾳ
2907 4142 3189 4213 προσέχων
3219 4144 3446 4215 δηχθῇς,
3478 4147 3572 4199 ἵνα

1990 4236 2065 4305 μὴ
2106 4234 2184 4287 ίὸν
2212 4234 2406 4305 πικρὸν
2451 4237 2518 4305 τῇ
2550 4232 2696 4305 ψυχῇ
2747 4250 2843 4287 σου
2880 4235 3200 4307 σιφωνίσῃς.
3253 4234 3425 4289 Ὶόὖτο
3453 4239 3571 4307 γὰρ

1986 4326 2147 4395 ἔργον
2168 4324 2263 4378 τοῦ
2292 4325 2524 4388 Σατανᾶ,
2565 4324 2651 4377 ἵνα
2695 4325 2902 4379 ἐκεῖνον
2931 4324 3031 4394 μὲν
3056 4324 3134 4394 τῷ
3173 4326 3353 4396 φθόνῳ
3384 4329 3571 4382 ὲκπυ-

1991 4415 2161 4487 ρώσῃ,
2188 4417 2247 4467 σὲ
2276 4414 2333 4467 δὲ
2356 4413 2551 4486 πικρίᾳ
2589 4415 2865 4487 ἀναλώσῃ.
2898 4417 3291 4486 Ταπεινώμεθα
3331 4418 3391 4470 δὲ
3425 4420 3577 4489 μᾶλ-

1985 4508 2095 4572 λον,
2128 4509 2223 4560 καὶ
2248 4510 2312 4578 τῇ
2350 4510 2485 4579 τιμῇ
2515 4509 2641 4570 τοὺς
2666 4508 2942 4571 τοιούτους
2964 4509 3332 4580 προηγώμεθα
3360 4511 3574 4582 ἐξημε-

1988 4598 2206 4670 ροῦντες
2227 4597 2423 4661 αὐτῶν,
2476 4599 2569 4651 καὶ
2622 4598 2710 4651 διὰ
2746 4600 3026 4670 τραπέζης
3075 4601 3135 4653 τὸ
3174 4602 3441 4671 ἀγριωθὲν
3490 4606 3579 4675 τῷ

318 4705 475 4754 sona,
526 4691 725 4745 invidia
772 4694 1047 4761 vituperes
1083 4693 1341 4758 amicum,
1382 4703 1444 4748 ut
1481 4696 1640 4765 quasi
1675 4712 1738 4749 ex
1779 4696 1877 4749 alio

2059 4688 2135 4760 λῳ
2186 4689 2462 4758 φρόνημα.
2500 4688 2591 4760 Μὴ
2636 4688 2713 4751 ὼς
2755 4689 2816 4753 ἐξ
2859 4690 3045 4760 ἐτέρου
3097 4691 3390 4761 προσώπου
3428 4692 3577 4763 ψέγε

318 4783 563 4837 videlicet
588 4799 684 4837 ore
705 4783 882 4852 ipsum
914 4785 1334 4853 reprehendens,
1375 4787 1606 4855 teipsum
1639 4789 1780 4841 velut
1808 4789 1891 4841 ἰιιο

321 4885 606 4930 nocentem
646 4876 833 4941 facias,
895 4885 950 4930 et
988 4878 1137 4931 velut
1178 4878 1618 4948 irreprehensum
1661 4882 1885 4935 exaltes.

318 4965 443 5020 Ilaec
482 4976 565 5020 est
600 4967 744 5020 enim
795 4966 1196 5031 transﬁguratio
1236 4966 1482 5029 Satanas,
1531 4967 1624 5036 qui
1662 4983 1728 5021 ex
1762 4983 1888 5037 per-

317 5071 450 5110 sona
474 5056 743 5126 serpentis
766 5058 1105 5111 Altissimum
1137 5057 1497 5126 vituperabat,
1530 5066 1609 5123 ut,
1630 5059 1783 5128 quasi
1823 5074 1890 5115 ex

316 5151 423 5205 alio
456 5150 705 5205 videlicet
730 5166 824 5205 ore
857 5150 1115 5219 suiipsius
1140 5148 1250 5204 Deo
1278 5150 1577 5206 attribuens
1604 5152 1885 5219 invidiam,

317 5242 431 5310 ipse
486 5250 743 5311 tanquam
788 5242 1003 5296 invidiae
1044 5256 1242 5311 expers
1290 5242 1695 5297 existimaretur
1737 5261 1751 5296 :
1797 5259 1883 5308 nc,

315 5333 473 5401 quasi
512 5332 676 5388 velles
707 5333 1012 5402 subjectum
1048 5332 1249 5388 habere
1280 5331 1498 5389 fratrem
1519 5374 1533 5398 ,
1566 5342 1739 5389 tentes
1768 5335 1888 5404 ejus

318 5430 596 5490 peccatum
636 5423 1060 5491 deprehendere,
1100 5432 1161 5476 ut
1197 5437 1305 5476 non
1343 5424 1633 5479 inveniaris
1674 5423 1887 5479 Satanae

317 5521 658 5582 cooperator.
709 5512 812 5579 Qui
859 5514 1121 5581 peccavit,
1172 5530 1277 5568 non
1324 5515 1593 5580 observet,
1641 5515 1783 5585 quod
1834 5524 1888 5569 et

319 5606 407 5657 alii
447 5604 636 5659 dicunt
684 5606 765 5661 vel
803 5618 1046 5674 peccant,
1074 5621 1139 5661 ac
1178 5606 1223 5662 si
1260 5623 1367 5663 non
1409 5608 1559 5664 solus
1595 5608 1750 5673 foret,
1785 5612 1878 5678 qui

1986 4781 2130 4851 ζήλῳ
2151 4781 2241 4834 τὸν
2264 4781 2434 4847 φίλον,
2469 4781 2558 4834 ἵνα
2588 4781 2662 4843 ώς
2703 4779 2760 4845 ἐξ
2787 4781 2946 4835 ἄλλου
2970 4782 3130 4851 δῆθεν
3158 4784 3426 4853 στόματος
3468 4787 3578 4855 ψέ-

1985 4890 2097 4941 γων
2119 4874 2344 4938 ἐκεῖνον,
2380 4874 2575 4925 σαυτὸν
2599 4871 2884 4937 ὡς’ἀθῶον
2926 4876 3182 4946 ποιήσῃς,
3210 4877 3307 4929 καὶ
3326 4876 3403 4939 ὡς
3431 4880 3579 4947 ἄψο-

1985 4981 2080 5032 γον
2096 4963 2337 5037 ὑψώσῃς.
2363 4963 2535 5018 Τοῦτο
2554 4966 2661 5037 γὰρ
2687 4967 3189 5037 μετασχημάτισμα
3213 4968 3306 5020 τοῦ
3324 4969 3575 5034 Σατανᾶ,

1985 5056 2080 5109 τοῦ
2112 5058 2176 5109 ὲκ
2216 5054 2510 5126 προσώπου
2545 5056 2724 5125 δφεως
2754 5056 2846 5113 τὸν
2886 5054 3109 5125 ὕψιστον
3142 5056 3405 5125 ψέγοντος
3430 5099 3444 5121 ,
3481 5060 3578 5113 ἵνα

1994 5148 2069 5210 ὼς
2105 5146 2165 5211 ἐξ
2204 5148 2392 5216 ἑτέρου
2434 5146 2597 5218 δῆθεν
2624 5146 2892 5217 στόματος
2927 5146 3019 5199 τὸν
3044 5145 3239 5200 ἑαυτοῦ
3265 5146 3455 5215 φθόνον
3491 5151 3581 5219 τῷ

1993 5237 2113 5309 Θεῷ
2151 5238 2467 5308 προσάψας,
2514 5237 2674 5301 αὐτὸς
2724 5237 2799 5301 ὼς
2846 5236 3076 5306 ἄφθονος
3113 5236 3423 5308 νομίζηται.
3474 5241 3581 5312 Μὴ

1993 5331 2070 5394 ὡς
2103 5330 2392 5383 ὑπόδουλον
2432 5328 2601 5382 θέλων
2631 5329 2777 5397 ἔχειν
2818 5329 2912 5383 τὸν
2941 5329 3191 5399 ἀδελφὺν,
3227 5330 3405 5401 πειρῶ
3437 5333 3582 5385 τού-

1992 5441 2085 5476 του
2124 5425 2367 5494 πταῖσμα
2411 5424 2753 5487 καταλαϐεῖι,
2791 5422 2879 5475 ἵνα
2910 5423 2983 5494 μὴ
3021 5423 3281 5493 συνεργὸς
3336 5424 3586 5496 εὑρεθῇς

1992 5514 2087 5567 τοῦ
2148 5516 2379 5568 Σατανᾶ.
2440 5515 2497 5567 '0
2549 5514 2800 5578 πταίσας,
2857 5514 2957 5568 καὶ
3007 5515 3226 5584 ἑτέρους
3271 5512 3476 5583 λέγειν,
3544 5517 3584 5587 ἢ

1995 5606 2207 5658 πταίειν
2233 5604 2308 5676 μὴ
2331 5606 2679 5676 ὲπιτηρείτω,
2705 5604 2790 5659 ἵνα
2814 5604 2889 5668 ώς
2914 5603 2991 5675 μὴ
3020 5604 3183 5674 μόνος
3272 5605 3585 5674 συμπεσὼν
