3788 6224
80 255 197 321 1117

1131 257 1570 320 TRACTATUS
1608 260 1708 321 AD
1747 258 2170 324 EULOGIUM.

3168 248 3307 313 1118

77 369 142 440 τῷ
170 367 335 438 κακῷ,
369 367 507 439 ὅπερ
531 370 627 439 τῆς
654 369 980 433 ἐκπτώσεως
1018 370 1110 423 τοῦ
1138 371 1386 425 διαϐόλου
1416 372 1630 441 πρῶτον

1819 370 2014 425 malum
2041 367 2332 435 inciderit;
2373 367 2514 436 quod
2551 367 2694 420 idem
2728 364 2894 420 etiam
2925 377 3064 432 Opus
3088 371 3172 416 est
3193 362 3309 431 pri-

78 460 336 518 καὶτοῦτο
382 460 545 530 ἔργον
584 462 754 516 ἐστίν.
805 461 988 514 Ἔστω
1033 463 1090 515 δὲ
1149 462 1624 532 μεταμελούμενος

77 550 148 618 ἐφ’
167 544 242 612 οἷς
258 550 479 613 ἀτόποις
501 550 738 622 ἔπραξεν
764 549 968 622 ἔργοις·
989 552 1080 604 τὸν
1099 553 1201 622 τῆς
1224 553 1400 624 λύπης
1429 553 1625 624 θρῆνον

78 643 181 697 κατ’
219 643 392 694 αὐτῶν
433 643 832 710 ἐπιγινώσκων,
865 645 1230 700 ἐπισπάσεται
1283 647 1338 700 δὲ
1391 648 1484 700 καὶ
1526 647 1626 717 τὴν

78 737 426 804 πρωτοστάτιν
467 736 574 788 τῶν
623 737 800 791 πόνων
836 738 1084 809 ἡσυχίαν,
1131 741 1430 809 φαίνουσαν
1478 739 1627 811 αὐτῷ

75 824 161 894 τὴν
189 823 568 894 πολυόμματον
590 825 698 878 τῶν
726 828 934 897 ἀρετῶν
958 828 1208 900 θεωρίαν.
1252 830 1310 882 ὐ
1340 830 1630 901 ἡσυχάζων

75 920 131 986 τῇ
160 915 385 989 γλώττῃ.
423 918 567 971 κατά
607 920 716 972 τῶν
739 920 1016 990 λογισμῶν
1046 923 1412 994 ἀνδριζέσθω·
1452 927 1484 992 ή
1520 923 1630 993 γὰρ

75 1008 163 1074 τῆς
191 1007 360 1078 ψυχῆς
383 1009 604 1080 ἀνδρεία
633 1012 733 1064 οὐκ
761 1014 821 1065 ὲν
849 1015 913 1084 τῇ
944 1012 1143 1085 ἡσυχίᾳ
1167 1013 1442 1066 δείκνυται
1475 1014 1634 1084 μόνον

77 1099 157 1153 τοῦ
188 1101 473 1172 στόματος,
513 1102 648 1158 ἀλλά
687 1105 780 1158 καὶ
810 1107 867 1158 ὲν
905 1108 969 1176 τῇ
995 1105 1104 1159 τῶν
1137 1106 1414 1177 λογισμῶν
1437 1109 1635 1178 ἀνδρα-

79 1191 239 1263 γαθίᾳ.
272 1193 363 1246 καὶ
401 1196 467 1264 τῇ
515 1193 624 1246 τῶν
665 1193 897 1265 ὕϐρεων,
929 1196 1025 1250 καὶ
1057 1197 1282 1250 ἀδικιῶν
1323 1198 1633 1267 εὐσταθείξιο

77 1282 304 1336 ἐντεῦθεν
327 1284 439 1352 γὰρ
489 1285 542 1338 αί
573 1286 745 1339 δειναὶ
778 1288 1041 1358 μάστιγες
1079 1288 1170 1342 τοῦ
1200 1289 1448 1342 διαϐόλου
1477 1306 1634 1360 περι-

76 1376 392 1430 τινάσσονται
416 1379 476 1429 ὲν
509 1381 630 1442 ταῖς
662 1381 998 1451 συντυχίαις.

642 1588 892 1644 ΚΕΦΑΛ.
941 1588 1042 1642 ΙΘ’.

133 1695 216 1766 Μὴ
237 1697 410 1769 στόμα
443 1699 627 1768 μόνον,
660 1701 796 1756 ἀλλά
836 1703 930 1756 καὶ
967 1703 1165 1775 καρδία
1189 1703 1483 1774 τηρείσθω,
1518 1705 1638 1757 τοτὲ

74 1787 165 1858 γὰρ
180 1791 521 1862 ἀμαυροῦται
550 1794 648 1863 τῆς
665 1793 845 1865 ψυχῆς
873 1795 934 1847 τὸ
951 1795 1106 1864 ὄμμα
1126 1795 1204 1866 τῷ
1223 1797 1324 1867 τῆς
1345 1797 1636 1866 ἀρεσκείας

75 1881 276 1951 ὄμματι,
328 1883 426 1936 τοῦ
481 1884 572 1938 νοῦ
620 1887 992 1955 παυσομένου.
1027 1888 1209 1940 Ἔστω
1243 1905 1335 1941 σου
1384 1889 1561 1959 πήρδς
1611 1891 1639 1942 ὁ

75 1971 179 2034 νοῦς
209 1972 333 2042 περὶ
355 1974 423 2026 τὰ
444 1975 720 2044 αἴσχιστα,
753 1973 956 2045 Κύριος
986 1976 1094 2046 γὰρ
1118 1981 1275 2045 σοφοί
1305 1976 1432 2038 τοὺς
1462 1973 1639 2027 τοιού-

74 2081 179 2128 τους
195 2067 466 2135 τυφλοὺς,
510 2066 816 2140 διορατικὸς
853 2069 910 2122 δὲ
936 2068 1064 2138 περὶ
1113 2068 1180 2121 τὰ
1233 2068 1516 2132 κάλλιστα,
1552 2068 1639 2120 ἵνα

73 2154 405 2230 ὲκτυφλώττῃ
432 2158 562 2229 περὶ
595 2157 666 2210 τά
693 2158 950 2212 κάκιστα.
986 2158 1116 2211 Νόει
1143 2158 1199 2211 δέ
1237 2176 1348 2229 μοι,
1381 2159 1638 2230 πορνείας

72 2240 195 2299 εἶναι
227 2247 316 2301 δύο
336 2249 395 2300 ὲν
426 2247 694 2320 διαιρέσει
712 2249 1086 2318 ὲζυγωμένας,
1111 2249 1208 2320 τὴν
1240 2250 1334 2303 τοῦ
1365 2249 1636 2320 σώματος,

73 2339 155 2389 καὶ
183 2337 276 2409 τὴν
300 2339 395 2392 τοῦ
444 2340 776 2411 πνεύματος·
805 2341 935 2394 ὅταν
969 2340 1230 2412 λογισμὸς
1272 2341 1529 2412 πορνείας
1563 2339 1640 2410 τῷ

77 2427 322 2499 πνεύματί
375 2449 473 2484 σου
510 2431 786 2501 μίγνυται,
821 2432 943 2486 τότε
969 2433 1327 2502 ὲκτυπώματι
1369 2433 1575 2503 πλάνης
1606 2436 1639 2504 ή

70 2520 196 2591 ψυχή
228 2538 321 2574 σου
356 2523 700 2591 συγγίνεται.
738 2525 1024 2596 Προσώπῳ
1050 2524 1269 2596 θηλείας
1304 2524 1640 2595 σχηματίζε-

71 2624 148 2663 ται
191 2611 420 2682 δαίμων,
477 2614 563 2666 ἵνα
615 2615 881 2688 φαρμάξῃ
935 2615 1034 2686 τὴν
1081 2615 1259 2686 ψυχὴν
1309 2616 1427 2686 μετ’
1475 2615 1639 2668 αὐτοῦ

73 2705 417 2775 συμμιγῆναι·
452 2708 668 2778 μορφῆς
694 2708 925 2778 γλύμμα.
959 2711 1118 2779 φορεῖ
1158 2709 1400 2782 ἄσαρκος
1432 2709 1641 2780 δαίμων

72 2794 149 2847 ἵνα
176 2795 420 2868 λογισμῷ
467 2797 754 2870 ἀκολάστῳ
792 2801 892 2870 τὴν
925 2799 1103 2870 ψυχὴν
1147 2799 1513 2871 ὲκπορνεύσῃ.
1544 2801 1635 2873 Μὴ

1733 480 1881 518 mum
1927 462 2127 517 diaboli
2160 477 2353 526 casus;
2411 460 2481 512 sit
2515 473 2644 512 vero
2685 456 2955 527 paenitens
2981 455 3034 506 in
3064 452 3150 506 his
3187 468 3309 522 quae

1731 556 2029 622 commisit,
2089 551 2600 610 inconvenientibus
2641 548 2923 619 Operibus,
2979 544 3186 598 doloris
3223 543 3310 595 lu-

1733 659 1880 706 ctum
1917 649 2179 703 adversus
2216 662 2279 701 ea
2313 644 2676 715 recognoscit,
2725 647 3072 694 consectetur
3102 645 3308 698 autem,

1733 747 1788 793 et
1851 739 2098 792 laborum
2139 735 2423 806 praesidem
2483 732 2744 802 quietem,
2800 727 3143 782 exhibentem
3207 722 3310 792 ipsi

1733 831 1995 884 virtutum
2045 826 2559 895 contemplationem
2603 821 2977 890 multipliciter
3014 818 3310 872 oculatam.

1736 919 1840 987 Qui
1882 921 2122 989 linguam
2157 918 2374 973 silentio
2410 918 2758 976 moderatur,
2792 911 3007 964 virilem
3049 908 3314 961 adversus

1739 1013 2096 1082 cogitationes
2133 1011 2324 1064 induat
2358 1009 2600 1063 animum
2629 1023 2645 1072 ;
2687 1005 2886 1059 animae
2914 1001 3114 1071 quippe
3158 999 3313 1053 forti-

1741 1109 1869 1160 tudo
1899 1121 2004 1159 non
2035 1107 2210 1158 solum
2252 1103 2558 1156 ostenditur
2592 1101 2643 1153 in
2676 1099 2788 1153 oris
2813 1094 3108 1162 tranquillo
3149 1093 3315 1155 silen-

1739 1197 1835 1262 tio,
1862 1195 1955 1251 sed
1983 1205 2035 1249 et
2063 1195 2116 1248 in
2141 1193 2528 1262 cogitationum
2565 1188 2909 1248 strenuitate,
2940 1195 2992 1238 et
3028 1195 3316 1238 contume-

1735 1289 1930 1342 liarum
1993 1295 2156 1354 atque
2200 1284 2522 1353 injuriarum
2563 1279 2860 1351 patientia;
2904 1278 3030 1331 inde
3083 1289 3317 1342 namque

1739 1380 2022 1436 horribilia
2052 1377 2260 1449 ﬂagella
2298 1375 2500 1432 diaboli
2533 1371 3063 1442 circumquatiuntur
3102 1367 3157 1421 in
3187 1380 3318 1420 con-

1737 1471 2158 1528 versationibus.

2313 1577 2542 1634 CAPUT
2580 1575 2721 1630 XIX.

1807 1695 1925 1749 Non
1947 1710 2011 1750 os
2041 1693 2405 1757 solummodo,
2431 1707 2618 1745 verum
2636 1689 2800 1743 etiam
2822 1702 2917 1742 cor
2941 1682 3316 1747 custodiatur;

1740 1794 1869 1840 tunc
1902 1787 2048 1840 enim
2081 1785 2274 1836 oculus
2305 1782 2502 1836 animae
2534 1778 2855 1835 obfuscatur
2878 1775 2948 1830 ab
2975 1773 3138 1829 oculo
3169 1773 3318 1835 lepo-

1741 1877 1835 1935 ris.
1871 1889 1965 1929 seu
1998 1872 2205 1926 facetiae
2237 1873 2290 1925 in
2321 1885 2593 1934 sermone,
2622 1884 2747 1924 cum
2799 1880 2952 1920 mens
2987 1863 3320 1933 acquieverit

1739 1979 1802 2019 ac
1837 1964 2062 2018 cessarit
2094 1979 2106 2016 :
2141 1977 2297 2015 meus
2327 1971 2415 2014 tua
2449 1958 2612 2030 430
2637 1967 2794 2027 capta
2828 1956 2899 2010 sit
2927 1954 3101 2009 oculis
3125 1952 3188 2006 ad
3231 1967 3320 2006 res

1740 2057 2086 2126 turpissimus
2125 2053 2282 2124 (tales
2307 2055 2449 2107 enim
2500 2067 2676 2106 caecos
2717 2050 2981 2103 Dominus
3015 2045 3192 2100 reddit
3231 2059 3320 2100 sa-

1741 2151 1994 2218 pientes),
2018 2147 2297 2218 perspicax
2335 2161 2462 2199 vero
2492 2145 2558 2200 ad
2585 2160 2674 2198 res
2700 2140 3136 2202 honestissimas,
3166 2138 3240 2192 ita
3265 2145 3322 2190 ut

1741 2245 1821 2298 sis
1845 2242 1908 2296 ad
1937 2241 2206 2312 pessimas
2240 2247 2565 2293 excaecatus.
2605 2237 2842 2306 Inlcllige
2877 2247 3008 2287 vero
3031 2232 3167 2286 duas
3198 2243 3321 2284 esse

1741 2335 2104 2393 scortationes
2156 2349 2278 2388 cum
2331 2331 2682 2386 distinctione
2739 2326 3098 2396 conjunctas,
3155 2337 3318 2376 unam

1741 2417 2012 2499 corporis,
2068 2435 2122 2481 et
2179 2426 2406 2479 alteram
2465 2424 2694 2492 spiritus
2737 2440 2750 2474 :
2790 2419 3009 2489 quando
3062 2414 3322 2482 cogitatio

1742 2521 2094 2578 scortationis
2141 2528 2237 2574 tuo
2276 2517 2603 2571 admiscetur
2645 2513 2909 2583 spiritui,
2949 2522 3079 2564 tunc
3140 2508 3322 2561 anima

1745 2623 1834 2667 tua
1865 2629 1994 2666 cum
2022 2611 2197 2681 effigie
2233 2607 2576 2678 deceptionis
2607 2605 2888 2660 coalescit.
2935 2601 3154 2656 Dannon
3188 2599 3324 2670 ligu-

1745 2715 1896 2759 ratur
1919 2703 1972 2757 in
2006 2718 2238 2772 persona
2268 2699 2506 2764 feminae,
2533 2709 2588 2752 ut
2612 2698 2769 2768 quasi
2795 2695 3060 2750 veneﬁcio
3082 2693 3323 2747 animam

1747 2805 1896 2850 tuam
1929 2795 2120 2849 illiciat
2151 2802 2211 2848 ut
2233 2807 2421 2847 secum
2451 2790 2876 2846 cmnmisccatur
2911 2806 2924 2840 :
2958 2786 3191 2848 daemon,
3226 2781 3325 2852 qui

70 2885 152 2941 οὖν
183 2888 567 2956 συγκαλύπτου
585 2889 840 2960 είδωλείῳ
869 2891 1224 2962 ἀνυπάρκτῳ,
1252 2890 1338 2944 ἵνα
1361 2891 1435 2962 μὴ
1459 2892 1553 2945 καὶ
1577 2895 1636 2964 τῇ

1819 2901 1970 2942 mem
2020 2902 2131 2940 non
2181 2885 2363 2948 habet,
2417 2883 2755 2953 sculpturam
2799 2878 2976 2934 induit
3013 2877 3224 2939 formae,
3270 2885 3328 2928 ut

73 2978 223 3049 σαρκὶ
239 2977 300 3030 τὸ
330 2979 520 3050 ὅμοιον
540 2978 774 3053 δράσῃς,
803 2980 1074 3051 πνεύματι
1111 2982 1370 3052 πορνείας
1402 2982 1644 3054 ἐπλανή-

74 3069 230 3138 θησαν
253 3073 302 3125 οί
331 3071 567 3126 τοιοῦτοι
589 3073 638 3125 oi
669 3073 768 3135 τὰς
795 3070 942 3126 ἔνδον
977 3073 1225 3143 μοιχείας
1252 3071 1361 3126 τῶν
1395 3073 1644 3142 πνευμά-

71 3179 168 3216 των
190 3164 267 3236 τῷ
290 3164 513 3236 σταυρῷ
540 3165 616 3236 μὴ
644 3164 947 3228 σοϐοῦντες.
979 3165 1169 3231 Αίκιζε
1202 3167 1328 3230 τοὺς
1349 3165 1648 3237 λογισμοὺς

73 3257 243 3328 ἀσιτίᾳ
270 3257 603 3328 βρωμάτων,
646 3259 733 3311 ἵνα
774 3259 850 3329 μὴ
889 3261 1140 3330 πορνείᾳ,
1188 3259 1326 3313 ἀλλά
1370 3260 1530 3330 πείνῃ
1553 3259 1648 3312 λα-

73 3345 240 3400 λῶσινο
259 3350 429 3420 εὐχῆς
456 3349 733 3422 ἀγρυπνία
762 3354 956 3423 στῆσον
1003 3353 1260 3422 δάκρυον,
1285 3352 1370 3407 ἵνα
1398 3351 1648 3423 βοήθειαν

73 3436 230 3510 λάϐῃς
279 3439 372 3493 τοῦ
419 3440 688 3511 παρόντος
739 3439 998 3509 πολέμου.
1061 3442 1150 3494 Ἐν
1198 3440 1378 3513 καιρῷ
1412 3440 1506 3495 τοῦ
1552 3443 1649 3511 τῆς

75 3527 316 3596 πορνείας
355 3527 599 3598 πολέμου
629 3526 726 3592 τὰς
747 3526 966 3597 κλήσεις
993 3527 1101 3581 τῶν
1135 3527 1465 3598 ἑστιατόρων
1507 3543 1649 3594 παρ-

75 3616 299 3690 αίτησαι,
351 3621 452 3672 καὶ
502 3619 593 3672 τὸν
673 3619 772 3688 μὲν
820 3618 966 3684 ξένον
1007 3621 1309 3672 ἐπιστάντα
1357 3617 1648 3689 ὑπηρετῶν

73 3710 417 3778 ἀναπαύσεις,
458 3712 684 3765 σεαυτὸν
736 3713 791 3766 δὲ
841 3710 1424 3782 περικεκαλυμμὲνως,
1464 3711 1651 3778 ἀσιτίᾳ

74 3805 437 3875 περιφράξεις.
471 3804 703 3868 Διπλοῦς
725 3804 866 3859 ἔστω
890 3823 972 3858 σοι
995 3804 1103 3857 τῶν
1127 3803 1453 3873 ἀμφοτέρων
1473 3801 1651 3873 ἔργων

71 3896 97 3945 ό
125 3897 304 3964 μισθὸς
327 3897 412 3950 ἑνὶ
437 3896 653 3967 ἑκάστῳ
690 3897 750 3950 τὺ
790 3895 1095 3967 πρακτικὸν
1127 3895 1194 3947 δι’
1220 3895 1423 3966 ἀρετὴν
1452 3893 1650 3946 ἀπονέ-

74 4005 235 4056 μοντι·
264 3990 340 4060 μὴ
365 3990 553 4042 ἕνεκεν
581 3989 820 4061 γαστρὸς
850 3988 1098 4043 συνέσθιε
1139 3987 1217 4059 τῷ
1249 3986 1495 4056 ἀδελφῷ,
1535 3985 1650 4039 ἀλλ’

71 4079 244 4133 ἕνεκεν
273 4080 516 4154 Χριστοῦ
551 4080 870 4146 συναυλίζου
904 4083 970 4152 τῇ
999 4081 1210 4152 ἀγάπῃ.
1257 4079 1433 4150 Κύρος
1465 4077 1652 4132 σιτίων

71 4171 354 4243 λογισμοὺς
391 4174 609 4240 σιτίζει,
646 4175 740 4228 καὶ
767 4175 1000 4245 μέθυσος
1022 4173 1190 4227 ὕπνον
1224 4172 1526 4242 φαντασίας
1554 4188 1651 4224 πο-

70 4262 221 4328 τίζει.
255 4265 501 4336 Τέθνηκε
536 4267 674 4337 μετὰ
700 4267 793 4320 τὸν
827 4267 1090 4337 φάραγγα
1117 4267 1216 4335 τῆς
1243 4264 1455 4336 τρυφῆς
1489 4260 1650 4333 ἡδονὴ
1682 4246 1726 4303 D

71 4355 158 4409 καὶ
205 4361 327 4411 πνεῖ
373 4359 433 4410 ἐν
466 4357 542 4428 τῷ
573 4357 730 4428 τάφῳ
755 4356 827 4411 τά
865 4357 968 4427 τῆς
1007 4356 1248 4426 γαστρὸς
1277 4353 1646 4424 λαγνεύματα.

71 4449 128 4500 Ol
158 4450 304 4503 πόνοι
337 4450 438 4521 τῆς
462 4449 798 4520 κληρουχίας
834 4449 1159 4502 τελευτῶσιν
1191 4449 1271 4510 εἰς
1322 4446 1650 4509 ἀνάπαυσιν,

71 4539 116 4589 οἱ
137 4539 192 4592 δὲ
228 4542 420 4612 τρόποι
450 4541 551 4612 τῆς
573 4542 789 4613 τρυφῆς
816 4541 1147 4595 τελευτῶσιν
1173 4540 1253 4602 είς
1284 4537 1647 4592 κατάκαυσιν.

80 4631 138 4684 Ὅ
165 4633 260 4704 τῆς
292 4634 497 4706 σαρκὸς
537 4636 601 4688 τὸ
638 4634 800 4698 ἄνθος
841 4637 909 4705 τῇ
939 4633 1171 4704 ἀσκήσει
1215 4631 1496 4702 μαραίνων
1529 4629 1653 4682 καθ’

72 4727 277 4799 ἡμέραν
322 4731 382 4783 ὲν
426 4733 495 4802 τῇ
553 4731 722 4802 σαρκὶ
756 4729 961 4802 μελετᾷ
1005 4729 1106 4800 τὴν
1139 4725 1335 4780 ἑαυτοῦ
1367 4726 1652 4796 τελευτήν.

73 4819 305 4890 Καρδίας
325 4820 602 4890 λογιστεία
627 4822 686 4874 τὺ
716 4821 875 4892 σῶμα
900 4836 1115 4890 συμμετ
1127 4819 1311 4889 ρείτω,
1334 4819 1421 4872 ἵνα
1449 4815 1525 4888 μὴ
1538 4814 1659 4869 τού-

72 4925 162 4963 του
188 4911 508 4982 πληγέντος,
554 4913 649 4966 καὶ
697 4912 837 4982 αὕτη
884 4913 1145 4984 κοπιάσῃ·
1187 4908 1463 4982 ἀρκείσθω
1513 4907 1656 4979 σὰρξ

73 5001 138 5055 τὰ
162 5004 369 5071 φυσικά
411 5005 802 5077 περικόπτειν·
845 5007 878 5074 ἠ
910 5004 1197 5073 σωματικὴ
1242 5019 1335 5055 σου
1378 5001 1656 5072 γυμνασία

75 5091 128 5144 ἐν
147 5099 257 5159 τοῖς
275 5097 460 5168 ἤθεσιν
477 5097 893 5168 οἰκονομείσθω,
911 5098 998 5150 ἵνα
1025 5096 1203 5169 μάθῃς
1224 5095 1422 5166 καρδίᾳ
1445 5095 1652 5158 πονεῖν,

78 5201 165 5251 καὶ
193 5200 337 5275 ψυχῇ
363 5206 681 5274 συμπονεῖν.

78 5306 207 5358 quas
236 5292 341 5348 fert
376 5305 602 5359 natura,
636 5293 878 5348 recidere
915 5311 928 5346 :

80 5386 287 5454 borare,
311 5399 365 5444 et
386 5388 568 5442 anima
594 5387 957 5442 collaborare.

667 5501 924 5556 ΚΕΦΑΛ,
965 5501 1048 5554 K'.

143 5589 206 5643 Οἱ
230 5588 322 5644 τοῦ
352 5589 648 5664 προσώπου
687 5589 787 5660 τὴν
819 5589 1056 5661 ὠχρείαν
1083 5591 1141 5643 ὲν
1165 5591 1230 5660 τῇ
1263 5588 1496 5660 ἀσκήσει
1517 5587 1655 5657 λάμ-

82 5695 265 5747 ποντες
296 5685 384 5740 τδν
426 5683 576 5756 παρά
624 5683 732 5738 τῶν
761 5683 1064 5754 ἀνθρώπων
1117 5680 1337 5735 ἔπαινον
1383 5679 1477 5736 καὶ
1526 5679 1654 5748 πρὶν

1747 2977 2018 3048 impudica
2076 2976 2404 3045 cogitatione
2463 2974 2688 3029 scortari
2735 2971 2898 3026 faciat
2941 2969 3200 3023 animum.
3249 2963 3329 3020 Ne

1748 3072 1910 3149 igitur
1940 3087 1970 3124 a
2000 3070 2316 3134 simulacro,
2351 3068 2496 3138 quod
2535 3065 2946 3121 subsistentiam
2995 3074 3104 3114 non
3135 3059 3324 3123 habet,

1747 3162 2085 3232 contegaris,
2130 3176 2198 3216 ne
2243 3175 2410 3215 carne
2436 3159 2598 3211 etiam
2627 3156 2756 3225 quid
2793 3153 2971 3210 simile
3002 3159 3280 3222 perpetres
3311 3169 3324 3204 :

1747 3272 1778 3312 a
1822 3257 2020 3326 spiritu
2072 3252 2426 3310 scortationis
2465 3249 2674 3319 decepti
2723 3247 2875 3301 fuere
2923 3246 2982 3310 ii,
3025 3245 3118 3315 qui
3165 3259 3331 3298 cruce

1748 3362 1859 3401 non
1886 3346 2203 3416 repulerunt
2237 3343 2526 3413 spirituum
2567 3341 2850 3395 adulteria.
2893 3337 3090 3393 Crucia
3125 3337 3332 3406 cogita-

1751 3441 1927 3494 tiones
1973 3439 2221 3493 ciborum
2281 3435 2529 3505 penuria,
2585 3441 2646 3486 ut
2681 3448 2788 3486 non
2830 3432 3190 3492 seortatione,
3233 3427 3329 3481 sed

1749 3532 1932 3586 esurie
1968 3531 2294 3602 loquantur;
2326 3527 2508 3598 vigilia
2548 3524 2818 3579 orationis
2857 3523 3156 3592 Iacrymam
3191 3534 3331 3574 con-

1751 3639 2018 3691 crescere,
2039 3639 2104 3678 ac
2123 3622 2328 3678 stillare
2357 3619 2545 3683 facito,
2573 3627 2632 3671 ut
2661 3617 2918 3671 instantis
2941 3613 3064 3668 belli
3091 3611 3332 3681 accipias

1753 3715 2040 3770 auxilium.
2084 3713 2141 3768 In
2171 3722 2414 3782 tempore
2439 3708 2732 3764 meretricii
2767 3706 2892 3761 belli
2924 3702 3330 3758 convivantium

1753 3791 2104 3861 invitationes
2143 3818 2378 3868 recusa;
2424 3811 2478 3855 et
2511 3799 2710 3869 hospiti
2751 3797 2970 3867 quidem
3003 3792 3198 3848 astanti
3235 3791 3335 3844 ad-

1753 3899 2098 3958 ministrans,
2130 3896 2309 3965 ipsum
2338 3893 2684 3963 requiescere
2723 3890 2918 3954 facias,
2949 3895 3001 3942 te
3031 3901 3162 3940 vero
3190 3884 3330 3938 clam

1754 3989 2195 4047 circumvallabis
2251 3987 2483 4058 jejunio.
2532 3984 2832 4053 Utriusque
2884 3980 3065 4052 operis
3132 3977 3333 4044 duplex

1755 4099 1967 4139 merces
2002 4084 2076 4138 sit
2105 4082 2204 4137 tibi
2243 4078 2505 4136 tribuenti
2553 4077 2851 4144 unicuique
2889 4073 3106 4128 virtutis
3143 4083 3332 4135 causa,

1755 4179 1899 4250 quod
1924 4178 1990 4233 ad
2025 4188 2204 4233 actum
2240 4177 2475 4246 pertinet
2506 4193 2519 4229 :
2557 4189 2664 4227 non
2691 4169 2895 4226 ventris
2928 4167 3102 4240 gratia
3145 4165 3334 4221 cibum

1755 4287 1941 4327 sumas
1981 4287 2104 4327 cum
2139 4269 2326 4336 fratre,
2369 4267 2462 4323 sed
2497 4274 2722 4336 propter
2748 4261 3030 4317 Christum
3064 4259 3336 4315 charitate

1753 4365 1858 4436 ipsi
1889 4364 2164 4430 cohabita,
2187 4371 2242 4418 et
2262 4372 2610 4416 conversare.
2627 4356 2864 4411 Satietas
2881 4368 3134 4409 escarum
3163 4352 3340 4421 pascit

1754 4457 2135 4528 cogitationes,
2178 4463 2234 4510 et
2266 4452 2454 4509 ebrius
2484 4465 2740 4507 somnum
2775 4453 3029 4519 perpotat
3070 4445 3338 4514 imagina-

1756 4548 1946 4604 tionis.
1998 4546 2243 4603 Decessit
2273 4553 2398 4616 post
2437 4550 2624 4613 guttur
2662 4541 2827 4595 luxus
2863 4539 3136 4607 voluptas,
3190 4543 3244 4588 et
3282 4533 3336 4587 in

1757 4641 2011 4711 sepulcro
2048 4639 2336 4709 exspirant
2359 4637 2566 4691 ventris
2595 4633 2928 4689 salacitates.
2966 4629 3209 4683 Labores
3241 4641 3339 4678 au-

1756 4733 2018 4790 steritatis
2036 4731 2298 4787 desinunt
2318 4729 2373 4783 in
2399 4727 2636 4798 quietem
2661 4742 2677 4791 ;
2704 4723 2848 4778 modi
2871 4735 2997 4775 vero
3019 4717 3339 4772 deliciarum

1757 4827 1956 4881 tiniunt
1983 4825 2038 4878 in
2071 4823 2408 4885 incendium,
2428 4818 2522 4889 qui
2554 4815 2945 4872 exercitatione
2961 4809 3119 4882 43],
3149 4808 3338 4862 liorem

1759 4919 1944 4976 carnis
1990 4917 2169 4973 reddit
2206 4914 2517 4978 ﬂaccidum,
2574 4912 2631 4966 in
2685 4923 2852 4964 carne
2896 4903 3140 4975 quotidie
3181 4915 3337 4955 suam

1761 5013 2054 5069 meditatur
2100 5019 2358 5065 mortem.
2402 5005 2539 5061 Pars
2582 5003 2784 5065 cordis,
2830 4999 2885 5052 in
2914 5012 3023 5067 qua
3057 5003 3140 5050 est
3177 4992 3339 5058 ratio,

1762 5115 1924 5176 atque
1950 5102 2266 5168 consilium,
2293 5115 2492 5169 corpus
2525 5099 2959 5151 commensuret,
3000 5104 3069 5143 ne
3099 5087 3202 5142 isto
3227 5085 3342 5138 vul-

1765 5207 1974 5261 nerato,
1993 5206 2046 5251 et
2070 5196 2249 5264 ipsum
2273 5207 2368 5247 cor
2387 5191 2596 5244 laboret
2621 5204 2638 5242 :
2665 5192 2923 5241 contenta
2953 5181 3025 5236 sit
3051 5193 3202 5242 caro,
3231 5193 3339 5236 res,

996 5291 1281 5362 corporale
1320 5303 1474 5348 tuum
1517 5289 1843 5348 exercitium
1917 5289 1972 5343 in
2009 5287 2256 5342 moribus
2324 5283 2694 5354 gubernetur,
2733 5285 2794 5330 ut
2851 5275 3034 5330 discas
3071 5268 3237 5326 corde
3261 5265 3343 5319 la-

2351 5480 2581 5540 CAPUT
2621 5478 2740 5535 XX.

1832 5580 1939 5650 Qui
1999 5576 2158 5634 faciei
2209 5577 2417 5649 pallore
2485 5573 2540 5628 in
2595 5568 2992 5627 exercitatione
3048 5560 3342 5630 refulgent,

1761 5676 2012 5740 laudem,
2051 5688 2172 5744 qua:
2202 5670 2445 5743 procedit
2513 5671 2582 5723 ab
2622 5661 2974 5726 hominibus,
3019 5657 3338 5729 priusquam
