3788 6224
448 199 586 267 1119

1903 226 1964 285 8.
1993 225 2158 286 NlLI

3569 238 3692 300 112!)

439 317 684 383 accedat,
721 319 1037 388 projinant,
1085 337 1210 377 cum
1242 339 1361 379 eam
1391 336 1648 400 cogitatio
1680 332 1844 387 etiam
1888 346 2009 388 ante

2180 335 2288 391 θεῖν
2341 340 2702 408 ῥιπτετωσαν,
2749 344 2938 398 τοῦτον
2980 345 3074 400 τοῦ
3122 347 3407 417 λογισμοῦ,
3465 350 3560 402 καὶ
3597 355 3693 422 πρὸ

442 412 911 466 conversationem
961 413 1306 472 intromittat.
1349 417 1582 486 Quando
1628 423 1839 479 diutino
1875 437 2012 481 tem-

442 517 575 570 pore
603 502 884 558 duraveris
911 507 1196 564 abstinens
1223 512 1368 577 vino,
1399 523 1452 567 et
1474 515 1615 581 oleo,
1643 525 1803 586 atque
1825 533 2015 588 super-

439 593 566 648 ﬂuis
594 596 943 663 quibuslibet.
978 609 1106 656 tunc
1143 619 1316 659 annos
1369 621 1431 660 ac
1468 616 1712 676 tempora
1745 625 1869 664 cum
1895 612 2013 664 lau-

440 685 602 741 dibus
627 699 942 758 computant
965 693 1347 761 cogitationes,
1384 706 1442 750 ut
1475 700 1721 768 corporis
1757 717 1921 756 causa
1956 713 2013 757 tu

441 778 601 832 cedas
632 779 718 846 iis,
741 781 833 849 qui
865 792 916 836 te
949 795 1222 851 exercent,
1249 789 1548 846 laboribus.
1582 791 1713 848 Jure
1742 794 1908 863 igitur
1946 811 2013 854 ex

440 869 670 924 adverso
713 873 972 943 improbis
1016 879 1341 939 vociferabis
1385 889 1834 954 supputatoribus
1863 906 2013 960 qua:-

441 981 654 1035 cunque
684 972 748 1022 ad
773 987 962 1025 eorum
991 973 1212 1044 ineptiae
1241 979 1653 1038 subversionem
1686 994 1816 1039 sunt
1840 1001 2013 1056 Oppo-

441 1057 566 1111 sita.
599 1059 830 1124 Quidam
880 1065 1106 1121 fratrum
1154 1068 1368 1126 labores
1402 1083 1590 1129 contra
1635 1077 1908 1135 daemones
1946 1081 2015 1138 ab

445 1149 798 1208 interioribus
815 1157 1150 1224 approbatus
1171 1161 1434 1229 psallebat
1458 1182 1471 1219 :
1502 1185 1520 1218 ι
1551 1168 1882 1224 Avertantur
1905 1181 2015 1226 sta-

445 1240 540 1293 tim
573 1242 808 1308 confusi,
841 1249 933 1315 qui
960 1249 1148 1306 dicunt
1173 1254 1305 1306 mihi
1335 1272 1348 1308 :
1378 1255 1560 1328 Euge!
1593 1276 1731 1331 euge
1756 1263 1834 1316 “‘i
1877 1283 1894 1314 ι
1935 1263 2014 1320 Ne

439 1333 668 1390 suﬂ‘eras
721 1338 1130 1408 cogitationem,
1191 1360 1314 1414 quae
1366 1349 1436 1403 sit
1488 1365 1555 1406 ex
1587 1353 1687 1418 eis,
1743 1369 1866 1424 quae
1913 1359 2011 1412 tibi

442 1427 735 1482 multorum
785 1446 1056 1488 annorum
1121 1437 1384 1494 circulum
1439 1441 1493 1496 in
1546 1445 1652 1500 vita
1713 1449 2011 1506 monastica

442 1521 711 1576 mansisse
747 1535 1064 1593 suggerunt,
1115 1544 1183 1583 ne
1222 1546 1290 1585 ex
1329 1534 1489 1589 annis
1533 1538 1765 1606 pendere
1808 1539 2012 1595 faciant

442 1613 650 1670 labores
677 1626 830 1683 tuos;
871 1635 972 1675 nec
999 1621 1051 1676 in
1086 1625 1401 1681 solitudinis
1435 1630 1715 1697 patientia,
1751 1633 2010 1702 jactantia

438 1707 694 1774 capiaris,
727 1711 822 1765 sed
864 1712 917 1766 in
959 1715 1250 1772 tolerantia
1283 1722 1561 1777 tenuitatis
1599 1732 1726 1790 tuae,
1763 1727 2012 1783 inutilem

439 1800 698 1855 nimirum
721 1819 840 1858 esse
869 1821 1086 1860 servum
1132 1811 1467 1867 memineris.
1499 1814 1798 1880 Quemdam
1828 1835 2012 1876 senem

439 1891 741 1947 solitarium
783 1910 812 1949 e
867 1903 1246 1959 constantibus
1295 1905 1366 1959 ob
1401 1920 1733 1964 senectutem
1785 1913 2015 1982 profun-

438 1983 562 2036 dam
588 2001 651 2039 οι
685 2001 870 2042 eremo
901 1991 1091 2046 tollere
1124 1996 1430 2052 conabatur
1461 2000 1703 2071 aliquis;
1742 2004 1858 2074 ipse
1884 2021 2015 2061 vero

435 2074 504 2127 ad
536 2075 710 2144 ipsum
738 2096 752 2131 :
778 2077 992 2147 Desine,
1018 2083 1260 2154 inquit,a
1279 2089 1567 2159 violentia;
1602 2098 1839 2149 nondum
1867 2099 2012 2153 enim

438 2164 504 2216 ah
526 2166 720 2220 exsilio
743 2169 1060 2226 malefactor
1080 2189 1179 2244 ego
1206 2188 1492 2234 revocatus
1521 2198 1664 2239 sum.
1698 2183 1858 2257 432
1879 2188 2008 2242 Mihi

438 2269 568 2308 vero
602 2256 899 2327 inquirenti
933 2262 1082 2319 hunc
1107 2265 1371 2322 doctrinae
1405 2256 2007 2341 sermonemediscere,

440 2347 516 2400 ait
563 2365 577 2402 :
616 2348 809 2414 Quaere
848 2353 1082 2421 primum
1131 2357 1405 2415 laboriose
1452 2362 1703 2419 timorem
1763 2367 2008 2434 insitum,

440 2449 678 2509 tuncque
741 2442 888 2498 inltts
937 2461 1041 2501 usu
1095 2450 1326 2517 peritum
1382 2452 1625 2508 invenies
1679 2471 2009 2524 sermonem,

437 2532 530 2600 qui
575 2534 734 2586 docet
776 2535 1048 2591 hominem
1100 2539 1408 2596 scientiam.
1461 2545 1654 2600 Adhuc
1700 2559 1874 2602 autem
1924 2549 2012 2602 ille

439 2623 578 2675 idem
620 2625 988 2697 interrogatus
1028 2630 1094 2683 de
1131 2632 1358 2699 timore,
1400 2635 1480 2688 sic
1533 2639 1813 2705 respondit
1853 2657 1865 2691 :
1906 2639 2010 2706 Qui

437 2713 676 2768 sollicite
728 2717 923 2769 mortis
967 2720 1314 2786 recordatur,
1374 2722 1589 2776 ducitur
1639 2725 1802 2779 etiam
1851 2728 2010 2796 quasi

437 2813 580 2859 recta
607 2805 687 2859 via
729 2807 794 2861 ad
829 2809 1073 2864 timorem
1115 2812 1329 2880 judicil.
1378 2812 1596 2870 Timore
1638 2817 1882 2886 quotidie
1928 2819 2010 2874 fa-

437 2895 668 2951 miliaris
720 2897 1027 2954 divinarum
1089 2902 1496 2974 Scripturarum
1547 2909 1750 2976 evade;
1819 2927 2009 2967 earum

437 2989 636 3057 quippe
678 2993 954 3046 consortio
987 2996 1378 3065 cogitationum
1419 3002 1734 3070 exportabis
1775 3019 2011 3060 consue—
2037 3028 2080 3085 (ς

437 3081 669 3137 tudines.
698 3083 802 3148 Qui
833 3087 1182 3144 meditatione
1207 3107 1394 3146 sacras
1413 3092 1725 3163 Scripturas
1759 3097 1813 3150 in
1848 3098 2013 3153 corde

435 3174 598 3228 veluti
632 3176 947 3232 thesaurum
981 3183 1250 3249 recondit,
1285 3185 1435 3255 ejicit
1465 3203 1530 3240 ex
1561 3187 1653 3241 illo
1687 3187 1843 3244 facile
1867 3191 2014 3260 cogi-

437 3261 691 3316 tationes.
722 3264 1000 3322 Nocturna
1041 3270 1273 3326 lectione
1313 3273 1368 3328 in
1409 3275 1612 3345 vigiliis
1649 3277 1864 3334 divinas
1911 3296 2011 3334 au-

436 3351 644 3409 dientes
671 3356 1004 3427 Scripturas,
1025 3377 1094 3417 ne
1114 3378 1308 3421 somno
1337 3368 1728 3425 mortificemus
1776 3388 1897 3442 quae
1917 3388 2015 3427 au-

436 3444 694 3515 divimus,
742 3466 918 3521 neque
972 3456 1362 3525 cogitationum
1419 3462 1718 3530 captivitati
1771 3464 2011 3520 animam

437 3538 737 3606 tradamus,
774 3544 866 3597 sed
918 3559 1015 3600 eor
1051 3563 1332 3604 sacrarum
1372 3551 1774 3620 Scripturarum
1821 3558 2014 3613 aculeo

435 3643 886 3702 eompungamus,
923 3646 981 3691 ut
1010 3642 1428 3710 compunctione
1459 3643 1752 3716 diligentiae
1795 3657 2012 3702 contra-

436 3721 573 3777 riam
603 3725 1372 3802 dissecemus,negligentiam.

1017 3845 1247 3904 CAPUT
1283 3849 1424 3906 ΧΧΙ.

512 3948 692 4021 Aliqui
719 3962 936 4023 propter
967 3955 1190 4024 tamam,
1221 3971 1274 4014 et
1303 3977 1408 4017 non
1445 3975 1663 4034 propter
1695 3967 2007 4039 diligentem

436 4040 633 4097 animae
672 4059 857 4100 curam
898 4047 1038 4102 liunt
1080 4051 1354 4122 religiosis
1391 4056 1576 4120 amici,
1626 4066 1687 4113 ut
1731 4059 1834 4114 sibi
1875 4061 2011 4130 ipsis

435 4137 602 4194 decus
630 4152 949 4212 comparent
986 4145 1193 4216 alisque
1231 4148 1450 4213 labore;
1482 4152 1575 4221 qui
1616 4167 1744 4207 vero
1777 4169 1873 4223 per
1900 4169 2010 4209 me-

438 4231 666 4286 moriam
723 4250 900 4290 rerum
959 4239 1266 4294 emlestium
1322 4243 1589 4300 charitate
1641 4245 2008 4304 inﬂammatus

2114 429 2213 498 τῆς
2261 432 2552 502 συντυχίας
2605 434 2751 487 ἔνδον
2801 436 3182 504 ἐμϐάλλοντος.
3225 439 3395 492 Ὅταν
3446 441 3694 512 χρονίσης

2117 520 2454 591 ἀπεχόμενος
2509 524 2675 590 οἴνου,
2725 528 2821 580 καὶ
2868 528 3071 594 ἐλαίου,
3115 529 3210 583 καὶ⁵
3253 530 3365 588 τῶν
3405 534 3690 601 περιττῶν,

2114 612 2236 665 τότε
2287 615 2336 666 οἰ
2380 613 2627 686 λογισμοὶ
2665 618 2792 680 τοὺς
2838 620 3067 689 χρόνους
3116 638 3200 674 σοι
3242 623 3361 691 μετ’
3406 623 3692 691 ἐγκωμίων

2114 705 2444 774 ψηφίζουσιν
2482 708 2802 764 ὑπενδοῠναί
2847 729 2906 764 σε
2944 716 3056 776 τοῖς
3099 714 3279 778 πόνοις
3313 714 3402 768 διὰ
3432 716 3501 769 τὸ
3546 717 3692 785 σῶμα

2115 798 2472 865 γυμνάζουσι.
2519 800 2761 864 Εἰκότως
2809 798 2901 856 οὖν
2932 808 3044 868 τοῖς
3094 805 3520 876 κακογνώμοσιν
3551 809 3690 862 ἀντι-

2115 890 2322 964 φθέγξῃ
2350 891 2756 969 διαψηφισταζς,
2791 896 2893 948 ὅσοι
2921 897 3060 967 πρὸς
3086 897 3402 968 ἀνατροπὴν
3434 898 3540 969 τῆς
3563 900 3692 952 ἐκεί-

2114 998 2221 1034 νων
2267 983 2569 1054 σκαιωρίας
2597 959 2947 1042 ἀντίκεινται.
2992 989 3089 1052 Τίς
3120 990 3230 1042 τῶν
3270 990 3530 1058 ἀδελφῶν
3577 991 3690 1052 τοὺς

2115 1073 2312 1138 πόνους
2339 1077 2481 1130 κατά
2511 1076 2806 1146 δαιμόνων,
2839 1081 2944 1133 ὑπὸ
2977 1080 3085 1134 τῶν
3125 1081 3271 1135 ἔνδον
3302 1082 3694 1152 ἐπαινούμενος

2113 1163 2363 1235 ἔψαλλεν.
2395 1187 2414 1218 ί
2461 1169 2993 1239 Ἀποστραφήτωσαν
3032 1175 3349 1242 παραυτίκα
3376 1175 3694 1244 αίσχυνὸμε-

2113 1273 2193 1312 νοι
2221 1260 2272 1312 οἱ
2309 1259 2558 1328 λέγοντές
2597 1278 2684 1331 μοι
2707 1278 2722 1294 ο
2749 1258 2925 1330 Εὗγεί
2961 1262 3122 1331 εὖγει
3158 1283 3176 1315 ι
3202 1264 3294 1334 Μὴ
3323 1264 3416 1318 τὸν
3441 1265 3695 1336 λογισμὸν

2112 1350 2324 1420 ἀνάσχῃ
2349 1351 2581 1423 πολυετῆ
2605 1369 2688 1405 σοι
2710 1353 2907 1407 κύκλον
2937 1356 2994 1408 ὲν
3019 1353 3094 1426 τῷ
3124 1358 3350 1426 μονήρει
3380 1357 3488 1427 βίῳ
3514 1359 3695 1426 φερόν-

2111 1457 2241 1504 των,
2275 1443 2361 1496 ἴνα
2388 1446 2462 1514 μή
2495 1462 2588 1498 σου
2614 1447 2739 1509 τοὺς
2766 1447 2960 1510 πόνους
2980 1450 3094 1512 τοῖς
3113 1449 3328 1519 χρόνοις
3348 1450 3690 1519 κρεμάσωσι,

2116 1533 2254 1602 μηδὲ
2291 1534 2349 1586 ὲν
2396 1537 2461 1605 τῇ
2493 1535 2737 1606 ὑπομονῇ
2769 1535 2871 1607 τῆς
2901 1538 3134 1610 ἐρημίας
3170 1540 3446 1609 καυχήσει
3487 1539 3693 1609 ζωγρηο

2117 1621 2237 1692 θῇςο
2285 1622 2401 1676 ἀλλ’
2442 1626 2501 1676 ὲν
2549 1628 2613 1696 τῇ
2667 1626 2914 1699 ὑπομονῇ
2945 1629 3041 1698 τῆς
3081 1629 3328 1693 εὐτελίας
3380 1629 3483 1685 τοῦ
3522 1630 3695 1694 δοῦλος

2118 1715 2336 1784 ἀχρεῖος
2385 1711 2525 1770 εἶναι
2569 1717 2856 1789 μνήσθητι.
2908 1720 3007 1772 Διά
3039 1721 3214 1790 γῆρας
3249 1721 3387 1791 βαθύ
3437 1740 3564 1775 τινα
3598 1723 3695 1775 τῶν

2113 1807 2458 1878 καρτερικῶν
2490 1810 2862 1880 μονηρεμίτην
2891 1811 3205 1882 πρεσϐύτην
3235 1815 3302 1866 ὲκ
3329 1813 3435 1882 τῆς
3465 1814 3696 1884 ἐρημίας

2114 1896 2292 1966 αἴρειν
2308 1899 2554 1964 ἐϐιάζετό
2583 1919 2686 1963 τις.
2731 1900 2789 1954 '0
2811 1902 2869 1954 δὲ
2892 1903 3028 1972 πρὸς
3061 1905 3243 1957 αὐτόν’
3277 1904 3523 1971 Παῦσαι,
3547 1909 3692 1973 φησὶ,

2115 1988 2254 2058 βίας,
2291 1990 2444 2045 οὔπω
2475 1993 2585 2063 γὰρ
2621 1993 2721 2064 τῆς
2751 1993 2966 2064 ἐξορίας
2991 1996 3021 2048 ὁ
3052 1996 3361 2067 κακοῦργος
3392 1998 3696 2066 ἀνακέκληο

2116 2099 2235 2153 μαι.
2264 2083 2560 2154 Ζητοῦντος
2583 2085 2639 2137 δέ
2673 2102 2773 2154 μου
2807 2085 2996 2139 τοῦτον
3030 2086 3133 2157 τῆς
3159 2088 3522 2152 διδασκαλίας
3550 2091 3698 2158 λόγον

2116 2174 2328 2244 μαθεῖν,
2376 2174 2502 2246 ἔφη’
2548 2179 2730 2247 Ζήτει,
2779 2179 2992 2248 πρῶτον
3033 2181 3288 2250 ὲμπόνως
3318 2183 3412 2235 τὸν
3461 2183 3700 2254 ἔμφυτον

2113 2267 2298 2336 φόϐον,
2330 2270 2423 2323 καὶ
2451 2270 2573 2323 τότε
2605 2271 2752 2325 ἔνδον
2793 2273 3048 2343 εὑρήσεις
3093 2275 3186 2327 τὸν
3215 2274 3491 2346 ἔμπειρον
3515 2278 3694 2345 λόγον,

2110 2359 2203 2412 τὸν
2228 2360 2547 2416 διδάσκοντα
2573 2363 2858 2435 ἄνθρωπον
2892 2366 3113 2434 γνῶσιν.
3149 2367 3208 2420 Ὁ
3227 2368 3272 2420 δ’
3291 2370 3460 2432 αὐτὸς
3495 2372 3698 2442 ἐπερωε

2113 2448 2228 2513 θεὶς
2252 2452 2346 2504 καὶ
2373 2452 2501 2521 περὶ
2525 2452 2711 2520 φόϐου,
2741 2453 2914 2518 οὕτως
2932 2456 3286 2526 ἀπεκρίνατο·
3333 2459 3392 2510 Ὀ
3425 2461 3699 2531 μέριμναν

2111 2541 2251 2612 ἔχων
2306 2543 2401 2597 τοῦ
2451 2543 2683 2600 θανάτου
2722 2549 2820 2618 τήν
2867 2549 3126 2620 μνήμην,
3166 2549 3448 2620 ὁδηγεῖ-ται
3495 2556 3592 2605 καὶ
3625 2558 3696 2617 εἰς

2110 2633 2201 2686 τὸν
2227 2635 2322 2705 τῆς
2353 2635 2588 2705 κρίσεως
2609 2637 2789 2704 φόϐον.
2818 2639 2970 2708 Φόϐῳ
2997 2639 3106 2692 τῶν
3129 2641 3288 2694 θείων
3317 2643 3563 2714 Γραερῶν
3583 2646 3697 2698 καθ’

2111 2725 2346 2795 ἑκάστην
2395 2725 2680 2797 συνόμιλος
2704 2729 2854 2796 γίνου
2882 2746 2896 2759 ·
2929 2731 2994 2800 τῇ
3041 2729 3147 2798 γὰρ
3186 2731 3398 2786 τούτων
3444 2736 3698 2803 συνουσίᾳ

2110 2814 2387 2885 λογισμῶν
2433 2816 2663 2881 ἐξοίσεις
2710 2818 2948 2887 ὁμιλίας.
3005 2818 3062 2870 ’0
3124 2819 3324 2892 μελέτῃ
3375 2821 3487 2884 τὰς
3554 2821 3695 2884 θείας

2112 2907 2336 2977 Γραφάς
2373 2909 2718 2980 θησαυρίζων
2761 2911 2820 2962 ὲν
2858 2913 2924 2981 τῇ
2970 2911 3197 2983 καρδίᾳ,
3237 2914 3366 2975 τοὺς
3399 2913 3694 2985 λογισμοὺς

2112 3001 2175 3053 ἐκ
2201 3000 2407 3070 ταύτης
2441 3002 2636 3074 ῥαδίως
2659 3002 2928 3057 ἐκϐάλλει.
2961 3004 3287 3070 Ἀναγνώσει
3320 3008 3617 3077 νυκτερινῇ
3643 3008 3693 3057 ἐν

2111 3095 2234 3156 ταῖς
2282 3093 2617 3163 ἀγρυπνίαις
2665 3094 2775 3147 τῶν
2829 3094 2988 3148 θείων
3043 3093 3411 3166 ἀκροώμενοι,
3474 3097 3552 3168 μὴ
3604 3099 3691 3158 τὰς

2113 3187 2282 3250 ἀκοὰς
2315 3187 2392 3257 τῷ
2422 3186 2574 3257 ὕπνῳ
2599 3187 2987 3259 νεκρὼσωμεν,
3021 3188 3157 3258 μηδὲ
3185 3192 3250 3259 τῇ
3275 3189 3390 3240 τῶν
3421 3189 3691 3260 λογισμῶν

2112 3282 2460 3352 αἰχμαλωσίᾳ
2489 3282 2587 3352 τὴν
2623 3281 2802 3353 ψυχὴν
2841 3281 3239 3353 προδώσωμεν,
3289 3282 3432 3336 ἀλλά
3467 3284 3550 3353 τῷ
3579 3283 3686 3337 κέν-Δ

2109 3390 2226 3444 τρῳ
2243 3373 2352 3425 τῶν
2375 3374 2605 3443 Γραφῶν
2633 3375 2730 3444 τὴν
2757 3374 2984 3445 καρδίαν
3008 3375 3424 3444 κατανύξωμεν,
3452 3377 3603 3438 ὅπως
3630 3380 3685 3445 ~71}

2111 3461 2209 3531 τῆς
2236 3463 2551 3532 ἐπιμελείας
2581 3465 2867 3531 κατανύξει
2888 3465 2986 3535 τὴν
3015 3466 3301 3534 άντίζυγον
3331 3466 3601 3536 ἀμέλειαν
3615 3464 3686 3519 δι-

2112 3553 2494 3623 χοτμήσωμεν.

2679 3850 2933 3905 ΚΕΦᾹΛ.
2987 3852 3120 3908 ΚΑ’.

2180 3963 2337 4026 Τινὲς
2364 3960 2455 4017 διὰ
2483 3964 2695 4033 φήμην,
2727 3965 2824 4022 καὶ
2853 3965 2954 4019 οὐκ
2991 3965 3318 4037 ἐπιμέλειαν
3339 3968 3550 4039 ψυχῆς,
3585 3973 3691 4033 τοῖς

2111 4055 2367 4112 εὐλαϐέσι
2399 4054 2728 4123 φιλιοῦνται,
2763 4056 2852 4109 ἵνα
2886 4057 3101 4122 ἑαυτοῖς
3149 4058 3358 4129 κόσμον
3400 4070 3690 4132 περιπλη-

2112 4166 2276 4204 σωσιν
2312 4149 2529 4212 ἀπόνως
2552 4166 2564 4180 ·
2599 4151 2628 4202 ό
2651 4149 2706 4202 δὲ
2731 4149 2819 4203 διὰ
2847 4151 3070 4220 μνήμην
3091 4150 3202 4205 τῶν
3231 4154 3608 4223 ἐπουρανίων,
3631 4155 3693 4208 δι’

2110 4241 2332 4311 ἀγάπην
2381 4238 2747 4312 πυρούμενος,
2792 4241 2893 4311 τὴν
2943 4242 3235 4311 ἀρέσκειαν
3289 4243 3404 4298 τῶν
3438 4246 3694 4313 ἐπιγείων

436 4329 540 4387 est,
572 4321 905 4380 intellectum
939 4339 1206 4402 expurgat
1237 4347 1265 4385 a
1294 4342 1634 4391 terrenorum
1657 4339 2004 4407 eomplaren-

2204 4337 2304 4405 τῆς
2343 4334 2553 4396 ἐννοίας
2592 4332 3004 4404 ἐκκαθαίρεται.
3049 4334 3122 4387 Τὸ
3154 4334 3578 4407 διαμαρτυροῦν
3617 4355 3691 4392 σοι

439 4413 534 4467 tia.
577 4413 975 4473 Conscientiam
1008 4428 1153 4476 tuam
1187 4423 1282 4481 tibi
1306 4434 1505 4480 testem
1529 4467 1546 4492 ,
1588 4444 1656 4483 ne
1689 4433 2006 4499 cogitationi

2180 4427 2350 4491 νειδὸς
2397 4419 2479 4498 μὴ’
2521 4427 2896 4497 παραπέμπου
2938 4426 3184 4498 λογισμῷ
3233 4431 3686 4501 καταφρονοῦντι.

435 4505 602 4560 dedas
626 4506 966 4576 deSpir-ienti,
1000 4527 1065 4568 ac
1095 4514 1349 4570 dulcibus
1388 4519 1640 4576 tractanti
1670 4523 1850 4577 verbis
1881 4539 2006 4593 pec-

436 4606 654 4666 catum;
705 4615 774 4654 ne
809 4606 1147 4661 converseris
1187 4623 1310 4662 cum
1344 4624 1408 4664 eo
1459 4611 1551 4680 qui
1602 4623 1750 4668 amat
1787 4625 2009 4670 conten-

437 4688 586 4752 dere.
631 4699 691 4746 ut
737 4695 992 4761 passione
1035 4699 1342 4766 passionem
1389 4702 1531 4758 bello
1562 4705 1848 4774 invadens,
1897 4726 2006 4768 non

437 4780 658 4836 decidas
685 4798 715 4837 a
748 4783 980 4852 virtute;
1021 4803 1089 4843 ne
1123 4793 1353 4860 superba
1399 4810 1520 4848 eum
1550 4799 1882 4864 cogitatione
1912 4819 2010 4858 ειη

440 4869 646 4928 tollaris
687 4873 753 4928 ad
795 4875 1058 4939 amatum,
1101 4880 1192 4947 qui
1227 4892 1446 4936 ventum
1479 4900 1509 4938 e
1539 4889 1760 4956 regione
1789 4892 2009 4960 excitat,

439 4977 504 5017 ex
531 4964 634 5018 alia
664 4977 816 5035 parte
837 4969 1075 5024 vicissim
1103 4973 1331 5028 amante.
1358 4974 1512 5032 Nulla
1550 4980 1666 5036 laus
1684 4992 1766 5036 est
1793 4983 2008 5053 lingu-ce,

438 5071 560 5122 qua:
602 5066 733 5112 rotae.
775 5059 948 5114 instar
997 5065 1158 5118 verba
1187 5065 1348 5138 433
1382 5071 1582 5124 cursim
1624 5074 1882 5140 devolvit,
1917 5078 2011 5134 sed

441 5147 610 5214 gloria
644 5161 827 5204 manet
859 5153 1019 5210 labiis
1058 5167 1390 5222 constanter,
1421 5169 1645 5232 tutoque
1668 5169 1959 5224 commotis
1994 5189 2008 5224 :

442 5255 566 5294 cum
613 5243 853 5296 audieris
899 5261 1204 5311 sermones,
1249 5251 1522 5323 interroga
1570 5268 1802 5311 mentem
1837 5267 2008 5326 tuam,

441 5339 662 5402 tumque
709 5335 1015 5404 dijudicans
1060 5342 1380 5396 sententiam
1440 5349 1817 5413 pronuntiabis
1863 5367 1878 5403 :
1919 5366 2008 5413 ne,

440 5423 573 5478 falsa
614 5431 1085 5496 argumentatione
1116 5443 1292 5501 utens,
1330 5444 1477 5491 tuam
1506 5438 1745 5510 decipias
1774 5451 2007 5498 mentem

520 5597 565 5628 "
605 5597 743 5653 Psal.
784 5619 930 5668 thx,
961 5605 1013 5656 lt.

2108 4521 2207 4578 καὶ
2256 4517 2672 4588 γλυκολογοῢντι
2722 4518 2784 4572 τὸ
2836 4521 3101 4594 πταῖσμα,
3151 4518 3234 4589 τῷ
3293 4519 3688 4589 φιλονεικοῦντι

2112 4613 2188 4683 μὴ
2245 4611 2632 4674 συνδιατείνου,
2684 4611 2773 4665 ἵνα
2835 4611 2911 4681 μὴ
2948 4610 3111 4665 πάθει
3145 4611 3320 4675 πάθος
3349 4613 3688 4683 στρατεύσας

2106 4707 2208 4774 τῆς
2238 4703 2442 4774 ἀρετῆς
2470 4701 2734 4772 ήττηθῇς,
2768 4703 2848 4772 τῷ
2889 4701 3225 4773 ὑπερηφάνῳ
3260 4702 3338 4773 μὴ
3360 4706 3687 4773 συνεπαίρω

2108 4793 2356 4863 λογισμῷ
2396 4792 2761 4863 ἀντιφυσῶντι
2804 4794 2885 4857 είς
2933 4793 3232 4862 ἀντάνεμον
3283 4794 3537 4864 πνεῦμα.
3585 4798 3686 4850 οὐκ

2108 4882 2256 4948 αἶνος
2300 4884 2526 4955 γλώσσῃ
2573 4884 2856 4956 τροχαλῶς
2906 4884 3276 4955 φθεγγομένη,
3313 4884 3460 4940 ἀλλά
3488 4887 3684 4955 χείλεσι

2108 4978 2234 5044 δόξα
2286 4977 2566 5040 εὐσταθῶς
2636 4977 3025 5047 κινουμένοις·
3067 4977 3427 5048 ἀκροώμενος
3494 4979 3684 5046 λόγων,

2109 5073 2288 5144 ὲρὼτα
2306 5074 2397 5127 τὸν
2409 5073 2533 5128 νοῦν
2553 5090 2646 5126 σου
2677 5073 2776 5126 καὶ
2798 5072 2921 5126 τότε
2935 5072 3222 5143 διακρίνας
3239 5073 3301 5126 τὸ
3312 5073 3585 5142 ψήφισμα
3599 5074 3687 5127 δώ-

2109 5179 2244 5228 σεις’
2277 5166 2350 5235 μὴ
2374 5165 2742 5235 παραλογίζου
2772 5165 2863 5218 τὸν
2886 5164 3010 5218 νοῦν
3036 5183 3128 5217 σου
3145 5164 3373 5234 ἀϐουλία
3403 5166 3685 5236 ῥημάτων,

2109 5258 2195 5311 ἵνα
2228 5258 2302 5328 μὴ
2317 5258 2701 5328 κρημνησθείη
2732 5262 2764 5328 ή
2785 5258 3070 5327 χανανιτίς
3102 5276 3194 5312 σου
3226 5257 3476 5325 γλῶσσα.
3498 5259 3593 5327 Μή
3631 5275 3684 5310 σε

2110 5349 2326 5420 πνεῦμα
2350 5350 2702 5421 πολυρρἧον
2730 5348 3002 5422 πλανήσῃ,
3033 5352 3090 5403 ὲν
3115 5349 3264 5419 αὐτῷ
3298 5349 3410 5421 γὰρ
3441 5350 3682 5420 φωλεύει

2109 5441 2170 5494 τὸ
2214 5441 2389 5497 δόλιον
2431 5441 2649 5512 ψεῦδος.
2691 5442 2748 5495 '0
2781 5445 2902 5507 ταῖς
2967 5443 3099 5512 παρ’
3133 5441 3336 5514 ἐτέρων
3395 5441 3682 5512 λοιδορίαις
