3788 6224
112 343 245 408 1121
1272 334 1711 396 IRACTATUS

1888 331 2309 395 EULOGIUM.
3250 322 3387 387 1122

104 464 470 535 δακνόμενος,
500 458 599 514 καὶ
622 458 700 530 μὴ
721 456 927 519 ταύτας
952 453 1031 525 τῷ
1067 451 1298 523 διαϐόλῳ
1322 451 1701 524 προσρίπτων,
1736 504 1737 509 η

1867 452 2098 504 :rborum
2142 445 2534 519 imprudentia,
2592 453 2649 497 ut
2698 440 3019 497 Cbananitis
3063 448 3155 494 tua
3202 438 3384 509 lingua

105 559 200 611 τὸν
228 529 344 610 τῶν
371 529 652 624 λογισμῶν
677 548 845 604 αὑτοῦ
874 548 1047 618 δῆμον
1072 545 1253 616 ἐαυτῷ
1279 546 1577 615 ἐπεγείρει,
1605 548 1705 598 καὶ

1867 553 2046 609 λκρερε
2079 553 2188 593 non
2234 545 2444 607 agatur.
2502 534 2586 589 Ne
2630 542 2682 587 te
2725 532 2949 602 spiritus
3000 529 3385 599 multiplicium

106 653 192 714 είς
223 650 423 703 ἑαυτὸν
606 642 899 707 σκευάζειν
921 641 1000 693 ἔτι
1028 639 1229 711 μᾶλλον
1268 638 1522 709 ἐρεθίζει,
1552 641 1609 691 ἐν
1628 637 1708 708 τῷ

1867 633 2099 687 :rborum
2134 631 2357 685 inducat
2385 629 2438 681 in
2465 641 2727 687 errorem,
2756 626 2808 678 in
2836 625 2953 693 ipso
2977 622 3176 692 quippe
3200 622 3391 675 delite-

106 745 212 815 τὴν
236 740 423 812 ψυχὴν
449 740 539 791 διὰ
567 738 677 790 τῶν
708 734 968 788 τοιούτων
1014 731 1465 803 τιτρωσκομένην
1499 730 1706 799 συμπί-

111 853 296 890 πτειν.
328 835 558 887 Ἕνεκεν
574 830 855 891 διακονίας
886 825 974 879 ἐπ’
993 823 1302 893 ἀλλοδαπῆς
1344 825 1436 876 ἐὰν
1463 822 1709 893 βαδίσῃς,

114 929 193 1000 μὴ
225 925 634 996 φιλοξενεῖσθαι
675 922 828 992 παρὰ
873 921 1092 975 πάντων
1123 916 1470 986 εὐτρεπίζου,
1494 916 1712 978 ἀνάξιον

113 1020 352 1074 σεαυτὸν
374 1020 474 1088 τῆς
504 1016 664 1086 δόξης
702 1014 1024 1081 καταλέγων
1056 1013 1142 1063 ἴνα
1173 1008 1315 1062 οὕτω
1355 1008 1447 1061 τὸν
1473 1007 1573 1075 τῆς
1606 1007 1715 1059 λοι-

111 1111 305 1182 δορίας
331 1108 595 1178 λογισμὸν
631 1104 1000 1175 φυγαδεύσῃς,
1036 1102 1138 1157 κᾶν
1170 1101 1304 1171 λέγῃ
1341 1098 1573 1170 τάληθῆ.
1610 1098 1717 1151 No-

118 1200 291 1271 μίζω,
314 1200 412 1263 ὡς,
441 1198 543 1251 οὐκ
575 1194 747 1266 οὔσης
793 1196 1033 1264 ἀγάπης,
1075 1189 1487 1260 λοιδορούμενος
1520 1189 1588 1240 τὰ
1622 1188 1717 1258 μέ-

114 1307 309 1359 γιστα,
339 1289 374 1360 ἢ
411 1286 794 1357 ἀδικούμενος,
827 1285 887 1337 οὐ
936 1283 1392 1354 μνησικακήσεις,
1423 1278 1540 1332 ἀλλ’
1570 1277 1720 1331 εὐλοο

117 1382 342 1451 γήσεις.
393 1378 452 1429 '0
475 1375 589 1446 γὰρ
624 1374 851 1445 δαίμοσι
894 1371 1273 1443 μνησικακῶν,
1312 1366 1629 1438 ἀνθρώποις
1654 1367 1716 1419 οὑ

124 1469 496 1541 μνησικακεῖ·
540 1462 820 1534 εἰρηνεύει
841 1462 900 1514 δὲ
926 1460 1064 1531 μετὰ
1092 1457 1385 1527 δαιμόνων,
1417 1456 1445 1507 6
1463 1454 1540 1525 τῷ
1569 1453 1722 1506 ἁδελ-

122 1560 213 1632 φῷ
249 1556 635 1631 μνησικακῶν.
678 1551 1040 1625 Ἐμπρησμὸς
1090 1549 1320 1621 καρδίας
1367 1548 1529 1617 μῆνις
1569 1547 1720 1598 ἀντι-

123 1651 339 1718 λογίας,
364 1649 536 1719 ψυχαί
568 1647 625 1700 δὲ
652 1645 1054 1716 ἀμνησικάκων
1080 1640 1423 1711 δροσίζονται
1479 1654 1723 1707 πνευμα-

1812 727 1917 780 scit
1942 725 2191 778 dolosum
2221 722 2587 776 mendacium.
2612 717 2714 783 Qui
2740 734 2768 770 a
2796 716 3145 770 rentumcliis
3166 715 3233 767 ab
3265 713 3389 767 aliis

1812 816 1978 869 illatis
2015 815 2316 877 mordetur,
2364 826 2570 880 easque
2603 826 2711 862 non
2746 806 2968 875 jactarit
3009 806 3060 858 in
3093 805 3389 867 diabolum,

1814 922 2035 961 suarum
2076 904 2466 974 cogitationum
2516 900 2621 954 sibi
2665 898 2770 967 ipsi
2809 898 3106 950 exsuscitat
3144 894 3396 948 multitu-

1814 998 2016 1063 dinem,
2042 1009 2094 1051 et
2122 1000 2294 1066 magis
2324 994 2504 1049 adhuc
2534 991 2759 1059 proritat
2791 988 3025 1055 (scilicet
3060 987 3390 1054 diabolum),

1817 1102 1876 1145 ut
1908 1091 1963 1144 in
1996 1105 2054 1144 se
2095 1090 2271 1158 ipsum
2296 1087 2471 1155 iacula
2514 1091 2813 1153 praeparet,
2854 1080 2982 1134 duin
3010 1078 3265 1131 videlicet
3302 1092 3398 1146 per

1817 1198 1909 1237 eas
1949 1196 2175 1237 corrosa
2222 1179 2475 1234 concidat
2513 1177 2717 1231 anima.
2764 1174 2857 1239 Si,
2906 1169 3400 1227 administrationis

1818 1287 2006 1338 eausa,
2046 1273 2101 1326 in
2144 1272 2378 1325 alienam
2406 1272 2508 1323 iter
2539 1267 2711 1321 facias
2741 1266 3045 1334 regionem,
3092 1278 3160 1314 ne
3194 1275 3401 1330 praepa-

1820 1374 1975 1420 ratus
2032 1364 2108 1419 sis
2167 1361 2408 1432 hospitio
2445 1361 2513 1415 ab
2554 1358 2808 1413 omnibus
2852 1354 3067 1423 excipi;
3115 1352 3399 1421 indignum

1822 1456 2054 1523 teipsum
2100 1455 2194 1507 tali
2241 1452 2521 1506 aestimans
2572 1448 2777 1519 gloria,
2843 1445 3018 1501 utsic
3062 1441 3404 1497 contumelia:

1821 1546 2200 1619 cogitationem
2234 1544 2484 1613 repellas,
2528 1543 2653 1597 licet
2682 1540 2844 1595 etiam
2874 1553 3001 1593 vera
3033 1539 3219 1590 dictet.
3268 1535 3406 1589 Puto

1823 1639 1991 1707 quod,
2024 1638 2070 1692 si
2109 1637 2350 1692 charitas
2416 1650 2526 1690 non
2580 1632 2853 1698 adfuerit,
2888 1630 3145 1685 maximis
3183 1627 3407 1682 affectus

121 1743 303 1805 τικῶς
323 1758 338 1771 ³
372 1741 647 1808 ἄνθρακες
677 1737 851 1808 πυρὸς
887 1735 1190 1804 σπινθῆρας
1221 1732 1561 1803 ἐρεύγονται,
1583 1727 1724 1781 οὕτω

1867 1731 2108 1793 onviciis,
2133 1740 2228 1784 aut
2250 1728 2452 1797 injuste
2472 1741 2789 1798 oppressus,
2822 1739 2933 1779 non
2960 1723 3068 1776 eris
3090 1734 3296 1774 memor
3327 1719 3393 1771 in-

123 1837 225 1891 καὶ
258 1795 594 1906 μνησίκακοι
627 1795 801 1901 ἐξαυχαὶ
832 1795 1141 1897 *λογισμοίλς
1191 1795 1462 1895 πονηρούς
1487 1839 1501 1853 ν
1536 1821 1724 1892 ὥσπερ

1867 1822 2007 1885 πίω,
2036 1821 2129 1875 sed
2162 1818 2484 1881 benedices;
2509 1832 2633 1871 nam
2657 1812 3275 1885 quicontradaamorws,
3296 1822 3406 1859 non

125 1925 320 1996 πληγὴ
373 1923 638 1993 σκορπίου
700 1918 1036 1991 δριμύτατον
1094 1915 1206 1986 ἕχει
1243 1915 1332 1967 τὸν
1361 1913 1543 1977 πόνον,
1583 1910 1726 1964 οὕτω

126 2020 229 2073 καὶ
258 2017 604 2089 μνησίκακος
634 2014 783 2085 ψυχὴ
804 2010 1131 2082 πικρότατον
1158 2007 1384 2078 ἔχειτὸν
1410 2004 1512 2058 ίόν.

1833 1915 2160 1969 obliviscens
2184 1912 2536 1981 injuriarum,
2584 1908 2854 1963 malevolo
2888 1914 2971 1960 est
2995 1905 3204 1965 animo,
3233 1899 3409 1955 homi-

1834 2022 1965 2061 num
1998 2006 2352 2059 obliviscetur
2382 2001 2598 2072 injuriaa
2623 2020 2637 2056 :
2663 2015 2849 2071 pacem
2881 2006 3062 2053 autem
3096 1995 3255 2050 inibit
3284 2008 3411 2048 cum

126 2108 506 2171 daemonibus,
567 2105 661 2175 qui
719 2102 943 2157 fratrem
997 2100 1127 2154 odio
1212 2098 1395 2151 habet.
1448 2095 1764 2150 Incendium
1809 2097 1991 2152 cordis
2032 2095 2316 2151 iracundia
2364 2102 2473 2149 est'
2526 2091 3010 2153 contradictionis;
3050 2088 3247 2143 animae
3285 2102 3414 2141 vero

130 2214 357 2264 eorum,
403 2198 497 2268 qui
530 2195 854 2266 iniuriarum
889 2194 995 2245 non
1025 2189 1409 2251 recordantur,
1458 2186 1731 2256 spirituali
1769 2202 1894 2241 rore
1934 2186 2335 2257 perfunduntur

2403 2202 2417 2238 :
2482 2183 2755 2238 carbones
2802 2181 2945 2249 ignis
2986 2178 3252 2251 scintillas
3290 2193 3413 2232 eru-

131 2301 314 2356 ciant,
343 2292 418 2344 ita
468 2298 525 2343 et
578 2288 777 2341 animae
828 2283 1155 2352 iniuriarum
1216 2293 1490 2334 memores
1547 2278 1718 2332 malas
1778 2288 2034 2335 eructant
2081 2278 2440 2349 c0gitationes
2493 2296 2506 2332 :
2554 2274 3009 2347 quemadmodum
3054 2288 3085 2327 a
3128 2273 3416 2341 scorpione

134 2385 290 2439 illata
316 2383 472 2452 plaga
490 2376 795 2433 molestiam
818 2373 966 2443 parit
987 2372 1335 2437 acerrimam,
1352 2369 1424 2424 ita
1456 2378 1510 2425 et
1535 2369 1717 2423 anima
1739 2370 2062 2440 injuriarum
2094 2386 2305 2426 memor
2326 2384 2595 2425 venenum
2626 2368 2793 2437 gemit
2812 2366 3241 2421 amarissimum.

734 2489 988 2544 ΚΕΦΑΛ.
1033 2486 1161 2543 ΚΒ’.

217 2610 505 2679 Πνεύμασι
558 2604 822 2676 πορνείας
872 2602 1204 2673 μνησικάκει
1263 2600 1357 2653 καὶ
1406 2596 1737 2661 κενοδοξίας,

138 2705 271 2759 δυσὶ
302 2701 523 2772 πικροῖς
545 2697 797 2767 δαίμοσιν
834 2693 1103 2755 ἐναντίοις
1135 2691 1404 2760 ἀλλήλων·
1447 2692 1475 2742 6
1500 2687 1599 2758 μὲν
1633 2687 1742 2757 γὰρ

142 2797 424 2868 πρόσωπα
454 2790 671 2861 φεύγει,
712 2789 740 2840 6
768 2787 825 2840 δὲ
859 2784 1175 2856 προσώποις
1215 2782 1418 2853 χαίρει.
1446 2781 1555 2834 Καὶ
1588 2780 1617 2831 6
1642 2779 1742 2849 μὲν

140 2890 254 2959 τῆς
265 2885 555 2954 ἀσελγείας
577 2882 787 2951 δαίμων
810 2879 891 2948 τῷ
915 2880 1016 2944 τῆς
1037 2877 1326 2947 ἀσκήσεως
1348 2875 1621 2944 ἀγωνιστῇ
1645 2872 1743 2933 τὰς

146 2979 435 3054 ρυπαρίας
464 2978 619 3045 ἄφνω
642 2972 939 3034 ἀκοντίσας
971 2968 1263 3039 ἐφάλλεται
1293 2966 1483 3030 ὀξέως,
1509 2964 1609 3034 τῆς
1638 2963 1748 3016 δια-

145 3072 334 3143 πύρου
363 3070 473 3124 τῶν
501 3068 678 3120 πόνων
721 3062 1009 3135 δᾳδουχίας
1044 3060 1141 3129 τὴν
1174 3059 1383 3128 θέρμην
1413 3056 1488 3126 μὴ
1543 3054 1745 3123 φέρων,

145 3167 233 3235 τῷ
261 3165 321 3218 δὲ
349 3164 447 3231 τῆς
501 3157 830 3230 ἐγκρατείας
881 3151 1215 3224 χαυνωθέντι
1250 3148 1509 3216 κολακείᾳ
1535 3145 1743 3215 ἡδονῶν

155 3258 229 3311 τὸ
256 3256 378 3310 κατ’
409 3252 589 3319 ὀλίγον
614 3246 942 3301 ἐπιδατεύει
974 3242 1283 3312 συνομιλεῖν
1309 3243 1373 3310 τῇ
1406 3239 1624 3309 καρδία,
1659 3238 1744 3288 ἵνα

152 3347 458 3417 ἐξαφθεῖσα
499 3344 620 3405 ταῖς
651 3339 875 3402 κακίαις
907 3335 1159 3406 διαλεχθῇ
1190 3336 1283 3386 κα)⁸
1310 3328 1742 3402 αίχμαλωτισθῇ,

160 3442 265 3495 καὶ
291 3438 351 3491 τὸ
376 3438 474 3507 τῆς
515 3432 790 3505 ἁμαρτίας
843 3433 995 3501 μῖσος
1027 3429 1105 3489 είς
1139 3426 1312 3495 πέρας
1358 3423 1559 3495 ἀγάγῃ.
1606 3422 1666 3474 '0
1688 3420 1746 3473 δὲ

153 3534 266 3602 τῆς
294 3527 601 3593 κενοδοξίας
644 3524 844 3588 πλάνος
886 3518 1206 3591 δημοχαρὴς
1258 3514 1545 3584 τυγχάνων
1605 3529 1747 3584 παρ-

157 3621 552 3691 εςκιασμένως
584 3615 871 3684 ἐφίσταται
892 3615 958 3684 τῇ
971 3611 1117 3682 ψυχῇ
1151 3609 1258 3663 τῶν
1285 3606 1618 3661 ἐθελοπόνων
1649 3605 1749 3675 τὴν

158 3716 239 3771 δι’
278 3710 354 3768 ῶν
384 3713 560 3765 πόνων
608 3708 935 3781 ἐργάζονται
963 3704 1122 3769 δόξαν
1148 3706 1206 3756 ἐν
1263 3703 1447 3764 αὐτοῖς
1487 3697 1753 3770 θηρώμε-

163 3825 285 3873 νος.
322 3806 494 3868 Εῖτις
522 3803 617 3856 οὖν
671 3800 914 3872 βούλοιτο
934 3798 1030 3850 σὺν
1083 3796 1201 3865 Θεῴ
1235 3794 1441 3847 τούτων
1470 3789 1755 3862 περιγενέ-

171 3900 324 3960 σθαι,
356 3895 669 3949 λεπτυνέτω
702 3894 801 3962 τὴν
836 3888 1017 3960 σάρκα
1042 3887 1183 3941 κατὰ
1210 3885 1309 3956 τῆς
1349 3884 1624 3953 πορνείας,
1661 3898 1756 3933 τα-

167 3990 445 4045 πεινούτω
491 3988 550 4041 δὲ
592 3986 692 4057 τὴν
731 3983 908 4055 ψυχὴν
942 3979 1083 4035 κατὰ
1122 3980 1222 4049 τῆς
1247 3976 1575 4042 κενοδοξίας.
1601 3972 1758 4026 Οὕτω

171 4087 289 4157 γὰρ
353 4081 549 4154 ῥᾳδίως
594 4078 687 4131 τοῦ
727 4078 824 4147 μὲν
875 4074 971 4146 τὴν
1004 4072 1240 4143 ματαίαν
1278 4070 1437 4137 δόξαν
1462 4066 1757 4137 ἐξὼσομεν,

173 4181 278 4232 καὶ
332 4174 451 4244 Θεῷ
500 4171 962 4242 εύαρεστήσομεν,
1016 4164 1110 4219 τοῦ
1150 4164 1207 4216 δὲ
1256 4163 1354 4225 τὰς
1417 4159 1762 4229 ἀκαθάρτους

176 4266 484 4339 φαντασίας
506 4263 844 4335 φυσὴσομεν,
874 4262 970 4312 καί
991 4256 1241 4327 καθαρὰν
1269 4254 1475 4324 ἡδονῶν
1495 4253 1595 4324 τὴν
1625 4268 1764 4321 καρ-

176 4358 304 4412 δίαν
333 4356 655 4425 ποιήσομεν.
683 4349 1087 4404 Χαλεπώτατόν
1113 4349 1229 4399 ἐστι
1260 4344 1522 4414 συνηθείᾳ
1556 4341 1763 4414 ἡδονῶν

2317 2481 2486 2556 434
2513 2478 2744 2536 CAPUT
2773 2477 2938 2532 xxu.

1910 2600 2150 2665 Offenso,
2200 2599 2637 2669 injuriarumque
2695 2592 2926 2649 memori
2986 2592 3062 2645 sis
3112 2590 3296 2644 animo
3324 2590 3419 2645 ad-

1842 2708 2034 2747 versus
2080 2692 2305 2761 spiritus
2360 2688 2708 2745 scortationis
2746 2696 2801 2741 et
2857 2699 3013 2739 vanae
3044 2685 3246 2754 gloriae,
3287 2686 3422 2738 duos

1845 2786 2101 2839 nimirum
2143 2798 2361 2837 amaros
2387 2783 2661 2836 daemones
2687 2779 2788 2832 sibi
2823 2778 3053 2832 invicem
3081 2776 3424 2830 contrarios:

1845 2894 1987 2933 unus
2022 2877 2240 2946 quidem
2278 2874 2446 2929 facies
2478 2872 2643 2943 fugit;
2689 2872 2824 2926 alter
2857 2886 2983 2925 vero
3015 2868 3256 2924 faciebus
3293 2882 3426 2938 gau-

1844 2971 1955 3024 det.
1991 2969 2054 3022 Et
2084 2969 2295 3021 daemon
2330 2966 2547 3036 quidem
2597 2964 2687 3017 ille
2725 2972 2987 3031 proterva:
3023 2960 3283 3023 libidinis,
3312 2976 3401 3015 sor

1848 3064 1943 3117 des
1968 3060 2349 3130 eximproviso
2375 3059 2648 3129 jaculans,
2684 3061 2739 3109 in
2786 3054 3108 3109 monasticm
3159 3053 3415 3107 exercita-

1773 3129 1816 3187 θ
1851 3154 2015 3207 tionis
2045 3159 2365 3207 certatorem
2416 3148 2665 3204 celeriter
2693 3147 2876 3211 irruit,
2922 3160 3030 3199 non
3065 3145 3242 3199 ferens
3276 3144 3422 3198 labo-

1850 3261 1972 3299 rum
2020 3259 2086 3299 ex
2150 3243 2318 3313 ignita
2367 3240 2547 3295 faeum
2601 3240 2902 3312 gestatione
2946 3238 3184 3292 calorem
3226 3253 3238 3289 :
3278 3237 3429 3290 illum

1851 3351 2002 3401 vero,
2033 3334 2127 3405 qui
2150 3334 2422 3388 relaxatus
2446 3340 2531 3386 est
2549 3345 2577 3385 a
2608 3329 2944 3386 continentia
2974 3343 3068 3399 pcr
3092 3327 3431 3396 voluptatum

1854 3429 2314 3492 assentationem,
2370 3425 2632 3496 paulatim
2682 3432 2910 3491 occupat
2981 3430 3034 3475 et
3082 3421 3322 3488 invadit,
3368 3423 3433 3475 ad

1855 3525 2006 3581 cordi
2037 3522 2479 3593 colloquendum,
2506 3529 2566 3574 ut
2595 3519 2742 3573 vitiis
2775 3517 2915 3571 idem
2950 3531 3046 3570 cor
3071 3516 3435 3570 exardescens

1856 3616 2197 3686 alloquatur,
2247 3615 2632 3685 captivumque
2693 3609 2989 3678 redigatur,
3042 3616 3095 3662 ct
3142 3608 3209 3661 ad
3275 3608 3434 3661 linem

1866 3710 2085 3765 tandem
2116 3710 2375 3778 perducat
2420 3707 2713 3761 obscenam
2748 3702 2953 3772 peccati
2989 3700 3284 3754 libidinem.
3312 3700 3435 3754 Fal-

1858 3803 1945 3856 lax
1998 3816 2130 3856 vero
2176 3815 2239 3854 ac
2280 3797 2660 3853 fraudulentus
2693 3809 2846 3848 vanae
2867 3792 3049 3863 gloriae
3076 3790 3301 3861 spiritus
3339 3805 3437 3859 po-

1856 3895 2113 3966 pulorum
2172 3900 2313 3947 metu
2354 3889 2617 3960 gaudens,
2666 3886 2902 3957 quadarn
2958 3884 3150 3938 umbra
3195 3882 3436 3936 animam

1854 3986 2089 4050 invadit,
2124 3985 2177 4038 in
2211 3985 2278 4039 iis
2314 3982 2549 4049 (scilicet
2578 3980 2814 4050 p0pulis)
2844 3977 3029 4031 libenti
3076 3973 3439 4030 laborantium

1862 4081 2065 4142 animo,
2106 4092 2202 4147 per
2236 4077 2454 4130 eosdem
2502 4088 2642 4143 quos
2686 4079 2977 4141 Operantur
3032 4069 3278 4133 labores,
3320 4067 3441 4139 glo-

1863 4170 1999 4222 riam
2031 4164 2370 4235 aucupando.
2398 4162 2456 4216 Si
2487 4163 2611 4233 quis
2650 4162 2833 4230 igitur,
2866 4173 2988 4213 cum
3035 4157 3165 4223 Deo,
3205 4172 3301 4212 seu
3334 4157 3443 4213 Deo

1864 4259 2046 4321 dante,
2076 4257 2205 4311 velit
2234 4256 2398 4310 hosce
2426 4254 2650 4322 spiritus
2671 4252 2891 4306 vincere
2922 4265 2985 4304 ac
3013 4264 3294 4321 superare,
3322 4265 3444 4305 car-

1867 4366 1988 4407 nem
2016 4350 2277 4405 adversus
2313 4346 2708 4417 impudicitiam
2736 4351 3012 4410 attenuet;
3044 4343 3286 4397 animam
3313 4356 3445 4397 vero

180 4446 591 4502 συνθάπτεσθαι
609 4447 710 4515 τὴν
737 4443 984 4514 καρδίαν,
1013 4443 1109 4495 καί
1154 4439 1369 4492 πολλῶν
1392 4436 1551 4506 χρεία
1576 4436 1737 4489 κόπωε

1868 4454 2054 4499 contra
2094 4456 2286 4495 vanam
2334 4438 2561 4511 gloriam
2620 4435 2887 4491 humiliet.
2938 4432 3030 4489 Sic
3083 4433 3226 4489 enim
3280 4432 3446 4487 unius

176 4543 287 4611 τὴν
334 4538 502 4609 νομὴν
566 4536 754 4590 κακῶν
798 4537 877 4598 είς
907 4535 1075 4602 ἄκρον
1113 4531 1366 4600 ἐκκόψαι.
1396 4528 1489 4599 Μὴ
1516 4523 1610 4580 οὖν
1643 4528 1762 4589 ταῖς

175 4634 404 4706 ἡδοναῖς
450 4630 542 4682 τὸν
598 4627 859 4698 λογισμὸν
930 4623 1244 4693 συνομιλεῖν
1304 4620 1520 4691 ἐθίσῃς·
1576 4620 1634 4671 ἐν
1660 4618 1769 4687 γὰρ

182 4724 435 4792 συλλόγῳ
462 4720 648 4776 κακῶν
687 4719 970 4772 ἐκκαίεται
1016 4715 1128 4786 πῦρ
1150 4714 1291 4767 οὕτω
1329 4712 1438 4782 γὰρ
1477 4709 1766 4780 ἐκθερμαίο

180 4816 373 4878 νοντές
406 4830 490 4879 σε,
520 4810 830 4882 λογίζεσθαι
848 4807 1072 4862 ποιοῦσι
1115 4807 1283 4860 κόπον
1302 4800 1440 4857 εἶναι
1462 4804 1562 4872 τὴν
1592 4800 1771 4872 πυρὰν

181 4909 294 4977 τῆς
357 4905 575 4975 φύσεως
633 4902 926 4971 κρατῆσαι,
953 4900 1049 4953 καὶ
1083 4899 1163 4951 ὅτι
1206 4896 1370 4958 πολὺς
1396 4895 1425 4948 6
1453 4894 1551 4964 τῆς
1572 4895 1774 4963 ἐγκρα-

183 5000 347 5061 τείας
419 4998 554 5069 βίος,
609 4995 945 5065 ἀναφέρουσι
998 4991 1073 5069 δέ,
1106 5008 1188 5044 σοι
1227 4991 1321 5042 καὶ
1362 4989 1581 5058 μνήμας
1614 4979 1689 5038 ῶν
1714 5002 1774 5038 σε

188 5092 415 5162 νύκτωρ
446 5089 812 5158 φαντάζουσιν
866 5083 1130 5153 αἰσχρῶν,
1166 5080 1541 5153 μορφάζοντές
1570 5096 1653 5132 σοι
1674 5096 1777 5132 πυ-

194 5184 411 5256 ρωτικὰ
435 5184 533 5251 τῆς
559 5180 769 5248 πλάνης
803 5177 1019 5239 εἴδωλα,
1052 5172 1171 5227 εἶτα
1199 5174 1293 5227 καὶ
1324 5172 1686 5244 σφοδρότερον
1717 5172 1777 5224 ἐν

192 5279 268 5348 τῇ
304 5274 471 5346 σαρκὶ
494 5268 793 5341 ἐξάψαντες
819 5268 910 5320 τὸν
938 5267 1173 5339 πυρετὸν
1194 5265 1272 5335 τῷ
1292 5266 1444 5335 νόμῳ
1472 5266 1571 5336 τῆς
1596 5265 1778 5336 ἁμαρ.

194 5370 322 5432 τίας
347 5363 747 5436 γνωμοδοτοῦσί
775 5379 858 5415 σοι
883 5361 1051 5424 ἔνδον,
1092 5361 1176 5413 ὅτι
1228 5360 1328 5414 οὐκ
1373 5358 1579 5430 ἰσχύεις
1610 5376 1780 5413 κατα-

200 5463 355 5532 σχεῖν
375 5460 474 5529 τὴν
504 5459 603 5529 τῆς
632 5455 848 5524 φύσεως
875 5452 1018 5523 βίαν,
1044 5454 1148 5507 κᾶν
1190 5453 1431 5523 σήμερον
1453 5452 1781 5523 ἁμαρτήσῃς

197 5556 268 5610 δι’
301 5552 571 5620 ἀνάγκην,
615 5546 730 5603 ἀλλ’
761 5544 951 5616 αὔριον
990 5544 1344 5614 μετανοήσεις
1375 5541 1463 5595 διὰ
1501 5542 1602 5613 τὴν
1636 5541 1784 5593 ἐντο-

201 5648 324 5714 λήν.
359 5640 748 5712 Φιλάνθρωπος
766 5637 874 5709 γὰρ
890 5639 919 5691 6
944 5636 1128 5707 νόμος,
1161 5636 1256 5688 καὶ
1274 5632 1579 5704 συγχωρῶν
1602 5632 1784 5702 ἁμαρ·

208 5735 332 5788 τίαν
386 5734 500 5795 τοῖς
526 5726 871 5800 μετανοοῦσι.
906 5728 1017 5782 Καὶ
1067 5726 1295 5797 φέρουσί
1335 5741 1489 5787 τινας
1520 5722 1629 5777 τῶν
1663 5721 1784 5792 μετ’

1868 4536 2086 4606 quidem
2140 4533 2345 4587 futilem
2386 4529 2718 4598 expellemus
2750 4525 2904 4580 facile
2944 4523 3195 4595 gloriam,
3228 4520 3448 4591 Deoque

1870 4628 2237 4698 placebimus;
2294 4623 2520 4679 alterius
2566 4634 2697 4674 vero
2746 4619 2987 4688 impuras
3041 4614 3448 4671 exsufllabimus

1871 4718 2311 4790 iniaginationes,
2361 4724 2415 4770 et
2469 4727 2566 4769 cor
2608 4728 2639 4766 a
2685 4709 3055 4781 voluptatibus
3096 4722 3291 4778 purum
3333 4704 3448 4759 el'li-

1871 4811 2097 4865 ciemus.
2151 4805 2463 4861 Perniciosa
2516 4816 2605 4856 res
2654 4808 2738 4854 est
2780 4814 2876 4853 cor
2935 4797 3275 4865 voluptatum
3315 4806 3449 4846 con-

1874 4897 2161 4953 suetudine
2189 4891 2531 4963 consepeliri,
2557 4889 2851 4957 multisque
2874 4900 3009 4955 opus
3033 4890 3117 4938 est
3142 4879 3446 4941 laboribus,

1873 5000 1935 5046 ut
1962 4990 2213 5045 vitiorum
2250 4986 2508 5054 pabulum
2558 4981 2624 5036 ad
2664 4993 2939 5034 summum
2985 4986 3295 5029 resecemus
3328 4987 3343 5025 :
3382 4984 3451 5024 ne

1876 5080 2041 5149 igitur
2081 5075 2464 5145 cogitationem
2498 5067 2852 5131 assuefaeias,
2889 5076 2946 5120 ut
2986 5080 3111 5119 cum
3156 5059 3452 5130 voluptati-

1868 5171 1979 5225 ‘bus
2022 5176 2395 5230 conversetur,
2456 5165 2511 5217 in
2566 5161 2823 5215 vitiorum
2884 5156 3086 5225 quippe
3133 5152 3454 5208 collectione

1877 5255 2019 5327 ignis
2058 5254 2394 5318 exardescit;
2423 5252 2502 5306 sic
2542 5262 2775 5317 namque
2807 5256 2858 5301 te
2892 5240 3342 5299 excalefacientes
3366 5239 3456 5295 in-

1876 5350 2088 5406 ducunt
2141 5346 2207 5400 ad
2255 5344 2581 5415 putandum,
2622 5338 2765 5409 quod
2798 5337 2950 5391 labor
2978 5343 3061 5389 cst
3106 5346 3335 5402 magnus
3369 5346 3456 5385 ro-

1882 5459 2009 5514 gum
2035 5440 2318 5496 continere
2364 5434 2525 5508 435
2565 5444 2792 5493 naturae,
2821 5436 2873 5483 et
2911 5426 3058 5498 quod
3102 5425 3333 5479 multum
3374 5432 3457 5479 est

1883 5534 2184 5590 tolerantiae
2223 5540 2458 5599 tempus,
2501 5526 2790 5597 gravisque
2818 5537 2883 5576 ac
2915 5518 3141 5573 molesta
3168 5523 3246 5572 est
3282 5517 3460 5570 conti-

1884 5626 2083 5681 nentia;
2123 5625 2233 5679 vita
2265 5639 2283 5679 :
2315 5621 2446 5692 quin
2481 5617 2645 5674 etiam
2700 5613 2797 5670 tibi
2833 5610 3117 5683 proferunt
3162 5607 3458 5664 memorias

1885 5733 2074 5777 earum
2102 5732 2286 5774 rerum
2307 5714 2546 5785 turpium
2575 5725 2713 5781 quas
2747 5714 2908 5763 noctu
2939 5713 3045 5759 tum.
3068 5710 3460 5773 repraesentant
