3788 6224
380 234 517 301 “'23
1806 232 1865 291 S.
1904 230 1964 291 Ν

3504 228 3534 288 1
3546 229 3647 291 124

375 346 779 419 imaginationi,
817 346 983 415 ignita
1029 344 1123 399 tibi
1166 343 1397 398 fallacia:
1441 341 1737 398 simulacra
1795 342 1957 396 θίγον-

2074 341 2386 413 ὲγκρατείας
2419 340 2785 406 πταισάντων,
2818 342 2912 396 καὶ
2950 342 3112 398 πάλιν
3136 345 3608 415 μετανοησάντων

374 449 618 505 mantes;
649 436 1016 507 postmodum,
1039 450 1162 488 cum
1198 446 1253 488 et
1279 433 1738 487 vehementiorem
1756 442 1947 486 aestum

2074 431 2146 484 ἵνα
2196 432 2261 485 ὲκ
2296 430 2504 483 τούτων
2545 429 3006 502 πιθανοποιήσωσι
3031 433 3129 503 τῆς
3174 432 3389 487 ἑαυτῶν
3415 434 3647 505 ἀπάτης

373 533 428 586 in
451 547 616 586 carne
648 529 1049 593 succenderint,
1099 528 1331 583 interius
1378 528 1583 596 peccati
1620 527 1735 596 lege
1761 527 1946 581 consi-

374 622 505 675 lium
553 620 841 691 perhibent
897 616 1024 680 tibi,
1078 615 1225 686 quod
1276 615 1538 670 nimirum
1583 626 1790 669 naturae
1832 615 1940 669 vim

372 714 653 769 continere
686 712 911 766 minime
958 710 1165 779 possis;
1216 708 1372 778 sique
1421 710 1492 762 oh
1535 710 1940 775 necessitatem,

2054 523 2155 592 τὴν
2177 523 2488 595 συμϐουλήν
2511 540 2526 554 ·
2569 523 2717 586 ὅπως
2757 526 2824 594 τῇ
2870 525 3214 595 ἀντιστρόφῳ
3252 527 3641 598 μετανοίᾳψυ-

2047 616 2150 686 χὴν
2183 616 2638 679 ἀνακαλέσαντες,
2675 616 2769 668 τὸν
2814 616 2940 669 ναὸν
2983 619 3080 686 τῆς
3112 616 3476 688 σωφροσύνης
3505 635 3646 688 πορ-

2050 710 2193 761 νεῖον
2223 709 2546 779 ποιήσωσιν.
2579 706 2767 769 Οὕτως
2795 706 3217 778 ὑποσυρίζουσιν
3267 711 3316 762 οἱ
3347 709 3648 775 δίγλωττοι

374 806 615 870 pecraris
664 805 847 867 hodie,
892 818 1016 855 cras
1051 810 1232 855 tamen
1283 800 1653 870 paenitentiam
1686 815 1831 872 ages,
1866 801 1945 870 οι)

2074 800 2142 852 τὸν
2204 799 2467 869 λογισμὸν
2513 800 2664 869 ὄφεις
2721 800 2779 852 ὲν
2808 798 2887 852 τῶ
2923 801 3225 871 κινουμένῳ
3267 803 3369 872 τῆς
3408 802 3645 873 καρδίας

375 902 737 963 praeceptum;
771 893 854 946 lex
878 892 1021 943 cnim
1053 890 1299 944 abundat
1336 905 1464 959 erga
1499 890 1748 946 homines
1783 890 1948 943 bene—

2074 892 2427 962 ιργαστηρίῳ.

364 964 639 1049 ’νοιοηιίο,
681 992 1009 1053 peccataque
1049 982 1323 1036 condonat
1352 983 1764 1051 pamitentibus.
1809 982 1961 1036 Unde
2025 983 2260 1037 aﬂ‘erunt
2300 984 2395 1037 tibi
2427 984 2692 1054 quosdam
2754 999 2968 1051 eorum,
2998 986 3088 1055 qui
3133 1000 3259 1039 cum
3295 988 3642 1041 continentia

377 1078 511 1147 lapsi
547 1085 694 1142 sunt,
745 1090 1045 1145 rursusque
1096 1074 1472 1144 paenitentiam
1519 1081 1766 1142 egerunt,
1834 1083 1893 1127 ut
1932 1089 1995 1127 ex
2038 1076 2160 1131 istis
2221 1076 2554 1145 deceptionis
2605 1090 2718 1131 suae
2760 1076 3048 1131 consilium
3088 1078 3475 1145 persuadeant,
3511 1096 3643 1148 quo,

380 1174 617 1225 animam
661 1170 980 1239 pmuitentia
1020 1168 1292 1223 obversim
1354 1167 1716 1236 respondente
1761 1176 2153 1235 restaurantes,
2216 1185 2282 1225 ac
2348 1169 2644 1225 sarcientes
2674 1170 3040 1239 temperantiae
3078 1171 3335 1237 templum
3409 1171 3650 1241 lupanar

376 1265 609 1321 ciliciant
672 1272 727 1317 et
770 1262 1154 1331 prostibulum.
1194 1260 1252 1315 In
1293 1260 1480 1315 mobili
1524 1260 1708 1315 cordis
1769 1259 1986 1315 oflicina
2026 1262 2185 1317 talem
2249 1262 2630 1334 cogitationem
2665 1262 2935 1333 bilingues
2969 1263 3297 1318 subsibilant
3327 1272 3643 1329 serpentes.

932 1458 1159 1515 CAPUT
1210 1456 1400 1512 XXIII.

451 1596 532 1651 Tu
571 1610 740 1659 vero,
779 1608 811 1648 o
848 1591 1193 1648 continentia:
1240 1592 1424 1657 homo,
1457 1605 1525 1645 ne
1556 1598 1817 1661 praetextu
1841 1606 1959 1660 poc-

2625 1469 2877 1524 ΚΕΦΑΛ.
2938 1471 3063 1527 ΚΓ⁰.

2134 1610 2205 1663 Σὺ
2239 1608 2317 1675 δὲ,
2348 1602 2393 1663 ὧ
2421 1607 2519 1678 τῆς
2555 1608 2889 1679 ἐγκρατείας
2917 1608 3196 1681 ἄνθρωπε,
3244 1610 3321 1681 μὴ
3369 1611 3649 1681 προφάσει

382 1688 621 1742 nitentiae
677 1684 899 1740 incertis
945 1684 1125 1738 denuo
1182 1682 1471 1751 decipiaris
1521 1682 1751 1752 spebus;
1800 1682 1956 1736 multi

2074 1702 2221 1755 πάλιν
2264 1674 2557 1770 μετανοίας
2597 1674 2853 1765 δελεάζου
2912 1674 3126 1754 ἐλπίσιν
3170 1674 3428 1773 datatim,
3460 1674 3651 1755 πολλοὶ

380 1779 523 1833 enim
570 1777 737 1848 lapsi,
794 1774 1081 1829 confestim
1135 1773 1375 1843 subrepti
1428 1783 1592 1838 sunt;
1627 1774 1719 1827 alii
1775 1784 1955 1828 autem

382 1884 663 1939 resurgere
716 1882 1057 1937 nequaquam
1094 1866 1403 1929 valuerunt,
1446 1867 1781 1935 voluptatum
1826 1882 1961 1921 con-

382 1963 695 2025 suetudine,
748 1961 903 2031 quasi
942 1960 1044 2014 sub
1090 1959 1205 2028 lege
1246 1958 1501 2013 devincti.
1544 1959 1683 2025 Quid
1724 1975 1959 2029 namque

383 2056 509 2118 scis,
539 2055 719 2111 homo,
745 2052 791 2106 si
823 2052 990 2115 vives,
1021 2058 1079 2103 ut
1107 2050 1483 2119 paenitentiam
1509 2064 1661 2119 agas,
1689 2066 1814 2104 cum
1834 2051 1958 2105 vitae

383 2162 555 2201 annos
587 2145 683 2199 tibi
712 2142 1059 2198 subscribas?
1082 2140 1148 2194 Et
1176 2141 1264 2195 hic
1299 2157 1530 2211 peccans
1559 2142 1710 2195 carni
1739 2150 1843 2194 tuae
1874 2142 1959 2195 in-

382 2239 602 2309 dulges;
655 2236 829 2304 magis
874 2243 1150 2305 oporteret
1172 2234 1267 2288 tibi
1332 2234 1435 2303 ipsi
1490 2233 1680 2288 mortis
1742 2234 1959 2303 elargiri

383 2330 720 2394 memoriam,
751 2336 811 2382 ut
839 2327 891 2381 in
926 2327 1091 2381 corde
1132 2336 1225 2381 tuo
1253 2326 1550 2381 timendam
1580 2326 1742 2380 etiam
1769 2326 1958 2396 judicii

382 2423 635 2492 tlepingat
666 2420 968 2489 justitiam,
1010 2420 1055 2473 si
1096 2419 1233 2474 forte
1262 2427 1581 2474 aestuantem
1621 2421 1802 2473 carnis
1836 2434 1959 2473 sen-

383 2529 502 2568 sum
541 2528 728 2582 posses
768 2512 1134 2581 restinguere;
1184 2525 1282 2565 nec
1310 2511 1453 2564 enim
1488 2510 1644 2564 aliter
1677 2511 1959 2579 passiones

382 2606 718 2675 exstingues,
761 2613 1050 2672 antequam
1095 2614 1198 2657 tua:
1255 2604 1559 2658 admisceas
1606 2604 1757 2657 carni
1803 2603 1957 2657 labo-

384 2714 472 2751 res
520 2712 710 2750 earum
759 2696 1144 2749 destructionis
1194 2695 1543 2763 passionum;
1604 2711 1780 2764 neque
1828 2710 1958 2748 vero

382 2789 547 2861 436
598 2799 798 2857 partes,
831 2803 952 2856 quas
1013 2787 1264 2841 animalis
1297 2798 1422 2841 sunt
1466 2788 1725 2852 hominis,
1753 2788 1959 2841 exstin-

385 2896 551 2949 gues.
618 2878 928 2948 priusquam
988 2879 1135 2932 cordi
1189 2879 1472 2934 cltaritatis
1534 2879 1742 2933 fructus
1797 2879 1957 2933 veluti

386 2971 598 3039 pluvias
641 2970 912 3024 cll‘undas.
950 2969 1271 3039 Corporales
1305 2970 1519 3039 quidem
1558 2972 1838 3039 passiones
1891 2987 1957 3024 ex

387 3063 495 3127 his,
537 3077 659 3132 quae
708 3062 891 3116 carnis
936 3070 1065 3115 sunt
1117 3062 1409 3126 naturalia,
1460 3072 1685 3117 sumunt
1723 3063 1959 3129 initium,
1988 3038 2030 3094 (δ

389 3151 651 3205 adversus
684 3165 822 3219 quas
870 3159 924 3203 et
953 3151 1310 3218 temperantia
1360 3151 1590 3217 militat;
1628 3167 1748 3219 quas
1781 3160 1959 3205 autem

390 3242 643 3297 animalis
692 3250 819 3297 sunt
872 3239 1133 3304 hominis,
1185 3255 1249 3294 ex
1301 3241 1576 3310 illis,qum
1606 3243 1672 3297 ad
1710 3242 1963 3297 animalis

390 3337 703 3406 qualitatem
746 3334 1035 3403 pertinent,
1074 3340 1394 3401 conceptum
1446 3333 1666 3398 habent,
1699 3334 1963 3390 adversus

392 3443 528 3496 quas
549 3427 923 3481 militatetiam
949 3426 1206 3480 charitas.
1240 3425 1492 3479 Charitas
1514 3426 1964 3495 impassibilitatis

392 3526 475 3569 est
526 3514 815 3577 connexio,
863 3513 1178 3582 passionum
1234 3528 1360 3565 vero
1416 3512 1642 3579 deletiu,
1683 3529 1804 3583 quae
1848 3521 1961 3567 tum

396 3604 857 3674 longanimitatem
905 3603 1126 3673 profert,
1170 3611 1281 3655 tum
1335 3602 1768 3659 eﬂ‘ervescentem
1805 3603 1966 3659 refri-

395 3705 543 3767 gerat
599 3695 873 3757 animum,
935 3704 1047 3747 tum
1104 3694 1461 3747 humilitatem
1514 3695 1794 3763 producit,
1848 3703 1963 3749 tum

394 3786 557 3840 etiam
588 3785 822 3840 demittit
859 3784 1191 3853 superbiam.
1225 3785 1474 3840 Charitas
1509 3786 1644 3840 nihil
1687 3788 1965 3857 proprium

398 3880 559 3933 habet
614 3888 806 3946 przeter
865 3876 1056 3941 Deum,
1107 3875 1221 3944 ipsa
1264 3877 1460 3930 etenim
1510 3887 1595 3932 est
1649 3877 1813 3934 Deus.
1863 3879 1968 3945 Qui

398 3968 741 4040 splendidum
816 3966 1210 4021 monachorum
1277 3968 1329 4020 in
1402 3980 1651 4023 senatum
1723 3979 1970 4026 recenter

397 4068 805 4130 coagmentatus
843 4066 945 4123 est,
989 4057 1129 4110 bona
1163 4056 1236 4109 illi
1273 4073 1302 4109 a
1332 4061 1653 4129 cognatione
1686 4061 1968 4129 proferen-

399 4164 479 4207 tes
519 4153 701 4205 omina
746 4148 1101 4221 cogitationes
1158 4148 1414 4218 deponat,
1464 4167 1529 4204 ne
1575 4151 1810 4218 laudem,
1850 4170 1970 4222 quae

399 4248 468 4300 ab
520 4245 827 4298 hominibus
878 4248 1141 4315 provenit,
1173 4248 1265 4301 sed
1312 4261 1454 4307 eam,
1487 4260 1607 4314 quae
1635 4261 1665 4299 a
1700 4249 1970 4303 mandatis

399 4334 664 4405 procedit,
710 4334 1093 4390 beatitudinem
1155 4337 1427 4405 inquirat;
1479 4351 1665 4389 verum
1715 4338 1971 4391 audacter

400 4443 459 4481 se
491 4437 639 4496 gerat
665 4427 927 4482 adversus
961 4428 1315 4483 iusilientium
1353 4429 1659 4482 dmmonum
1702 4444 1963 4497 pavores;

403 4536 501 4574 nec
544 4522 687 4573 enim
741 4520 921 4573 denuo
958 4520 1211 4587 spiritum
1258 4520 1564 4574 timiditatis
1605 4520 1671 4573 ad
1713 4521 1965 4575 timorem

402 4611 711 4681 accepistis,
748 4611 868 4666 ideo
901 4627 968 4666 ne
1003 4611 1305 4667 timiditatis
1359 4612 1549 4681 spiritu
1579 4612 1818 4681 scipsum
1844 4628 1968 4682 per-

401 4704 580 4769 cellat,
631 4718 803 4772 neque
863 4711 1060 4759 tremat
1100 4704 1406 4758 daemonum
1458 4702 1718 4772 fragores,
1774 4704 1971 4774 strepi-

402 4806 602 4865 tusque
646 4804 964 4859 nocturnos,
1004 4794 1441 4864 quandoquidem
1492 4811 1591 4850 nec
1620 4804 1812 4850 contra
1844 4811 1972 4865 por-

403 4902 500 4941 cos
544 4895 865 4956 potestatem
924 4887 1125 4941 habent
1163 4905 1175 4917 -
1214 4885 1529 4953 vespertinis
1582 4886 1747 4954 igitur
1797 4887 1969 4953 horis,

402 4978 535 5033 cella
575 4978 874 5047 egrediens,
917 4993 983 5033 ne
1018 4978 1379 5048 perturbetur,
1422 4993 1599 5047 neque
1636 4977 1851 5047 fugiens
1883 4994 1971 5032 re-

402 5079 491 5128 tro
541 5072 763 5137 insiliat,
810 5073 1033 5141 perinde
1063 5088 1128 5127 ac
1163 5073 1437 5126 daemones
1482 5072 1691 5127 scilicet
1739 5074 1974 5128 insecta—

404 5174 614 5230 rentur,
664 5165 758 5220 sed
803 5165 1023 5220 ﬂectens
1071 5180 1244 5235 genua
1292 5179 1358 5218 eo
1388 5166 1440 5218 in
1481 5163 1621 5229 loco,
1650 5167 1704 5219 in
1730 5180 1841 5235 quo
1872 5181 1972 5235 pa-

401 5254 592 5315 vescit,
637 5268 851 5322 precem
901 5252 1176 5318 elfundat;
1218 5267 1317 5307 nec
1342 5254 1485 5305 enim
1542 5251 1595 5305 in
1635 5259 1687 5306 te
1711 5253 1970 5320 incident,

403 5344 652 5415 quamvis
708 5346 781 5399 ita
832 5352 885 5399 te
925 5344 1313 5414 perturbarint,
1366 5352 1648 5414 postquam
1678 5360 1807 5400 vero
1848 5361 1973 5401 sur-

402 5437 630 5503 rexeris,
655 5452 752 5492 cor
778 5436 957 5492 audax
999 5436 1183 5504 facito,
1210 5438 1661 5510 Psalmorumque
1680 5450 1841 5494 cantu
1877 5454 1972 5495 ora

403 5528 629 5586 dicens:
665 5547 685 5581 ι
742 5529 858 5585 Non
913 5531 1128 5587 timebis
1167 5547 1196 5584 a
1246 5532 1440 5586 timore
1487 5542 1778 5599 nocturno,
1820 5551 1847 5588 a
1881 5551 1976 5590 sa-

403 5619 534 5689 gitta
580 5619 742 5692 437
779 5622 995 5678 volante
1057 5625 1110 5679 in
1144 5624 1251 5687 die,
1290 5639 1320 5678 a
1371 5627 1587 5695 negotio
1638 5626 1691 5681 in
1738 5627 1972 5684 tenebris

2058 1794 2163 1867 γὰρ
2198 1795 2457 1858 πεσόντες
2505 1793 2669 1858 εὐθὺς
2718 1794 3140 1863 ἁνηρπάγησαν,
3178 1795 3361 1865 ἕτεροι
3409 1796 3469 1848 δὲ
3514 1797 3652 1849 ἁνα-

2060 1886 2251 1957 στῆναι
2283 1886 2383 1939 οὐκ
2424 1886 2651 1956 ἴσχυσαν
2680 1888 2748 1956 τῇ
2775 1884 2885 1939 τῶν
2915 1886 3116 1957 ἡδονῶν
3147 1887 3417 1956 συνηθείᾳ
3439 1887 3519 1949 ὡς
3548 1887 3652 1938 ὑπὸ

2057 1978 2221 2047 νόμον
2272 1976 2542 2040 δεθέντες.
2567 1978 2633 2030 Τί
2655 1976 2762 2049 γὰρ
2803 1972 2971 2043 οἶδας,
3026 1978 3305 2048 ἄνθρωπε,
3348 1980 3401 2031 εί
3433 1977 3649 2047 ζήσεις,

2059 2070 2145 2125 ἴνα
2167 2071 2261 2124 καὶ
2306 2071 2667 2142 μετανοήσῃς,
2709 2070 2792 2123 ὅτι
2837 2068 3062 2141 χρόνους
3098 2071 3243 2139 ζωῆς
3286 2070 3478 2139 ἐαυτῷ
3510 2070 3649 2123 ὐπο-

1984 2202 1989 2217 ,
2058 2165 2327 2235 γράφεις;
2367 2161 2661 2215 Κάνταῦθα
2715 2162 2949 2225 πταίων,
2972 2164 3038 2232 τῇ
3075 2162 3236 2233 σαρκί
3268 2179 3365 2215 σου
3419 2161 3647 2232 χαρίζῃ,

2056 2254 2175 2306 δέον
2211 2251 2415 2322 μᾶλλον
2453 2251 2789 2322 χαρίσασθαι
2836 2249 3050 2320 σεαυτῷ
3096 2251 3332 2303 θανάτου
3372 2252 3478 2320 τὴν
3507 2252 3650 2320 μνή-

2064 2362 2171 2415 μην
2205 2344 2298 2397 καὶ
2341 2344 2428 2396 ἵνα
2484 2342 2751 2412 ζωγραφῇ
2798 2358 2891 2394 σου
2918 2344 2984 2412 τῇ
3028 2340 3225 2412 καρδίᾳ
3268 2341 3371 2413 τὴν
3403 2340 3648 2412 φοϐερὰν

2057 2437 2156 2505 τῆς
2181 2436 2414 2507 κρίσεως
2446 2436 2626 2504 δίκην,
2673 2436 2726 2487 εί
2774 2452 2891 2498 πως
2921 2433 3207 2504 δυνηθείης
3231 2434 3295 2486 τὸ
3316 2438 3648 2504 πυρεταίναν

2057 2529 2155 2597 τῆς
2181 2528 2378 2599 σαρκὸς
2412 2527 2665 2598 φρόνημα
2696 2525 3055 2578 κατασϐέσαι·
3094 2526 3157 2578 οὐ
3185 2525 3294 2596 γὰρ
3328 2527 3513 2588 ἄλλως
3548 2545 3648 2579 κα-

2058 2619 2343 2682 τασϐέσεις
2369 2618 2437 2670 τὰ
2464 2618 2635 2688 πάθη,
2680 2617 2809 2687 πρὶν
2850 2618 2882 2686 ἢ
2919 2619 2985 2687 τῇ
3028 2618 3189 2689 σαρκί
3229 2634 3323 2670 σου
3369 2620 3647 2687 συγκερά-

2061 2726 2160 2780 σῃς
2190 2711 2314 2773 τοὺς
2345 2709 2444 2779 τῆς
2492 2710 2799 2778 ἀνασκευῆς
2833 2708 3013 2760 αὐτῶν
3061 2708 3276 2772 πόνους.
3331 2709 3479 2763 υῦτε
3536 2698 3643 2781 μῆν

2058 2801 2283 2871 ψυχικὰ,
2326 2802 2457 2870 πρὶν
2502 2801 2534 2872 ἢ
2572 2803 2636 2871 τῇ
2695 2800 2891 2871 καρδίᾳ
2926 2798 3290 2870 ὲξομϐρήσεις
3326 2801 3463 2863 τοὺς
3506 2819 3643 2871 καρ-

2061 2893 2197 2955 ποὺς
2238 2893 2335 2962 τῆς
2390 2892 2634 2962 ἀγάπης.
2671 2891 2751 2945 Τὰ
2784 2891 2884 2962 μὲν
2925 2892 3212 2961 σωματικὰ
3257 2891 3414 2961 πάθη
3446 2895 3514 2946 ἐκ
3541 2894 3641 2944 τῶν

2062 2984 2304 3053 φυσικῶν
2344 2984 2443 3053 τῆς
2494 2983 2693 3054 σαρκὸς
2732 2984 2830 3054 τὴν
2872 2983 3052 3054 ἀρχὴν
3098 2982 3391 3051 λαμϐάνει,
3423 2983 3550 3036 καθ’
3572 2978 3640 3036 ὧν

2063 3077 2159 3129 καὶ
2188 3079 2220 3146 ἡ
2274 3077 2587 3146 ἐγκράτεια,
2612 3075 2680 3129 τὰ
2710 3076 2766 3129 δὲ
2798 3075 3003 3147 ψυχικὰ
3030 3077 3094 3128 ἐκ
3123 3070 3233 3128 τῶν
3269 3074 3529 3145 ψυχικῶν
3552 3077 3640 3147 τὴν

2064 3171 2261 3239 κύησιν
2295 3169 2429 3239 ἔχει,
2487 3168 2610 3222 καθ’
2644 3165 2718 3223 ὦν
2744 3171 2837 3223 καὶ
2871 3168 3136 3239 ὴὰγάπη.
3176 3167 3240 3221 Ἡ
3269 3170 3463 3241 ἀγάπη
3496 3171 3639 3222 ἁπα-

2063 3259 2213 3322 θείας
2242 3259 2358 3311 ἐστὶ
2386 3259 2667 3325 συνάφεια,
2716 3258 2902 3311 παθῶν
2943 3259 3003 3312 δὲ
3035 3258 3339 3329 ἁπαλοιφὴ,
3386 3263 3491 3329 τὴν
3531 3279 3635 3331 μα-

2064 3351 2363 3423 κροθυμίαν
2406 3351 2776 3422 προφέρουσα,
2824 3352 2919 3404 καὶ
2963 3351 3056 3404 τὸν
3098 3351 3291 3416 ζέοντα
3334 3352 3515 3422 θυμὸν
3552 3371 3639 3405 κα-

2063 3443 2400 3511 ταψύχουσα,
2425 3444 2523 3515 τὴν
2575 3442 2906 3495 ταπείνωσιν
2954 3443 3362 3513 προϐάλλουσα,
3414 3444 3509 3497 καὶ
3548 3446 3639 3513 τὴν

2066 3534 2444 3606 ὑπερηφανίαν
2499 3537 2907 3605 καταφέρουσα.
2962 3536 3174 3605 Ἀγάπη
3224 3535 3338 3604 ἔχει
3373 3535 3479 3605 μὲν
3514 3537 3639 3590 [διον

2065 3627 2215 3680 οὐδὲν
2245 3626 2380 3696 πλὴν
2408 3625 2501 3679 τοῦ
2526 3626 2658 3679 Θεοῦ
2685 3643 2696 3654 ·
2735 3626 2872 3698 αὕτη
2907 3628 3016 3698 γάρ
3040 3628 3187 3680 ἐστιν
3210 3628 3238 3681 ὁ
3274 3626 3433 3691 Θεός.
3476 3629 3538 3682 '0
3566 3632 3639 3692 εἰς

2066 3719 2164 3788 τὴν
2194 3719 2427 3787 φαιδρὰν
2465 3719 2571 3771 τῶν
2607 3718 2855 3789 μοναχῶν
2887 3718 3189 3787 σύγκλητον
3207 3724 3487 3790 νεοπαγὴς
3514 3739 3639 3789 τυγ-

2066 3806 2265 3875 χάνων,
2297 3805 2620 3859 ἁπωθείσθω
2657 3810 2782 3868 τοὺς
2818 3807 3115 3877 λογισμοὺς
3146 3808 3272 3870 τοῦς
3310 3810 3637 3878 προσιόντας

2068 3893 2216 3963 αὐτῷ
2258 3895 2535 3964 εὐφημίας
2585 3895 2694 3949 ἀπὸ
2727 3897 2825 3967 τῆς
2852 3899 3191 3965 συγγενείας,
3216 3899 3308 3953 ἴνα
3355 3902 3436 3972 μὴ
3469 3902 3560 3954 τὸν
3584 3902 3637 3966 ἐξ

2068 3986 2370 4058 ἀνθρώπων
2422 3987 2663 4054 ἔπαινον,
2703 3988 2839 4041 ἀλλὰ
2879 3992 2971 4042 τὸν
3022 3991 3220 4043 ἐκτῶν
3245 3992 3487 4046 ἐντολῶν
3528 4011 3627 4062 μα-

2069 4078 2339 4149 καρισμὸν
2369 4079 2674 4150 ἐπιζητοίη.
2701 4079 2821 4132 Τῶν
2854 4080 2913 4132 δὲ
2943 4080 3042 4144 τὰς
3079 4081 3283 4145 δειλίας
3329 4084 3639 4138 εἰσϐαλλόνο

2068 4187 2178 4223 των
2196 4170 2463 4239 δ-.μο⁴νων
2486 4171 2924 4242 καταθαρσείτω⁶
2952 4172 3012 4225 οὐ
3039 4173 3145 4242 γὰρ
3174 4174 3398 4228 ἐλάϐετε
3429 4177 3637 4246 πνεῦμα

2069 4260 2271 4327 δειλίας
2327 4262 2488 4314 πάλιν
2526 4264 2607 4325 εἰς
2655 4262 2819 4330 φόϐον
2849 4278 2863 4293 ο
2897 4263 3172 4332 πνεύματι
3214 4264 3425 4329 δειλίας
3456 4267 3637 4319 ἑαυτὸν

2000 4385 2045 4438 D
2075 4353 2148 4422 μὴ
2171 4352 2625 4419 καταπτησσέτω.
2665 4355 2801 4424 μήτε
2843 4354 2968 4416 τοὺς
3014 4357 3360 4426 νυκτερινοὺς
3408 4358 3636 4419 κτύπους

2070 4444 2179 4496 τῶν
2220 4444 2491 4514 δαιμόνων
2528 4445 2800 4516 τρεμέτω,
2855 4446 3056 4498 ὁπόταν
3112 4445 3234 4498 οὒτε
3270 4448 3418 4501 κατὰ
3452 4453 3635 4521 χοίρων

2069 4533 2267 4603 ἔχωσιν
2300 4534 2573 4598 ἐξουσίαν.
2613 4535 2703 4586 Ἑν
2731 4536 2853 4598 ταῖς
2892 4535 3107 4605 ὀψιναῑς
3139 4532 3231 4590 οὖν
3275 4537 3511 4602 ἐξελθὼν
3548 4542 3635 4609 τῆς

2071 4626 2288 4696 κέλλης,
2335 4626 2410 4697 μὴ
2449 4625 2735 4698 θροείσθω,
2765 4626 2862 4680 καὶ
2901 4627 3121 4693 φεύγων
3152 4629 3351 4681 ἀνόπιν
3378 4631 3633 4703 είσπηδά·

2070 4737 2167 4781 τω,
2197 4720 2271 4782 ὡς
2309 4718 2419 4771 τῶν
2447 4719 2717 4789 δαιμόνων
2763 4719 2927 4789 δῆθεν
2976 4721 3455 4790 κατατρεχόντων,
3510 4723 3634 4776 ἀλλὰ

2070 4810 2259 4874 κλίνας
2282 4811 2352 4863 τὰ
2371 4811 2575 4877 γόνατα
2612 4813 2670 4864 ἐν
2699 4805 2742 4878 ᾧ
2768 4812 2919 4884 τόπῳ
2942 4812 3115 4883 δειλιᾷ
3145 4812 3422 4879 εὐξάσθω,
3446 4814 3507 4867 οὐ
3536 4815 3633 4885 γάρ

2073 4920 2155 4956 σοι
2182 4902 2567 4956 ἐπιπεσοῦνται
2601 4904 2704 4955 κᾶν
2729 4902 2874 4957 οὕτω
2902 4921 2963 4956 σε
2996 4903 3321 4975 θροήσωσιν·
3341 4906 3561 4959 ἐπειδὰν
3581 4907 3630 4959 δὲ

2071 4995 2309 5065 ἀναστῇς
2337 4993 2572 5065 θάρῤυνε
2599 4994 2696 5065 τὴν
2725 4995 2977 5067 καρδίαν,
3008 4997 3317 5068 παρακάλει
3363 5001 3430 5069 τῇ
3454 4998 3622 5070 ψαλμ-

2071 5083 2223 5155 ῳδίᾳ,
2262 5102 2280 5135 ι
2327 5085 2401 5137 Οὐ
2465 5084 2748 5158 φοϐηθήσῃ
2797 5086 3037 5158 (λέγων)
3079 5087 3188 5141 ἀπὸ
3231 5088 3402 5158 φόϐου
3450 5108 3627 5143 νυκτε-

2076 5175 2246 5246 ρινοῦ,
2312 5177 2421 5230 ἀπὸ
2457 5176 2643 5246 βέλους
2704 5180 3003 5249 πετομένου
3055 5181 3290 5251 ἡμέρας,
3329 5182 3439 5235 ἀπὺ
3463 5183 3626 5252 πράγ-

2076 5284 2244 5339 ματος
2269 5269 2327 5320 ὲν
2358 5268 2542 5321 σκότει
2568 5269 3051 5340 διαπορευομένου,
3071 5271 3179 5325 ἀπὸ
3211 5272 3623 5342 συμπτώματος,

2073 5361 2168 5412 καὶ
2214 5359 2491 5428 δαιμονίου
2537 5360 2939 5432 μεσημϐρινοῦ.
2978 5381 2998 5413 ι
3040 5363 3194 5416 Οὕτω
3236 5363 3345 5435 γὰρ
3382 5366 3523 5430 ἅπαξ
3544 5365 3624 5417 καὶ

2074 5450 2363 5503 πολλοστὸν
2390 5453 2642 5522 ποιήσας,
2677 5450 2769 5505 τὸν
2818 5452 3050 5523 δαίμονα
3073 5454 3173 5524 τῆς
3218 5454 3422 5517 δειλίας
3449 5454 3623 5508 θᾶττον

2072 5540 2168 5610 ἀφ’
2198 5538 2390 5594 ἑαυτοῦ
2416 5541 2731 5606 ἀπελάσεις.
2767 5542 3179 5607 Ἀδυνατοῦντες
3214 5542 3324 5614 γὰρ
3349 5543 3493 5613 ἔργῳ
3511 5543 3621 5613 βλά-

2076 5651 2249 5701 πτειν,
2263 5636 2382 5698 ταῖς
2396 5634 2715 5704 φαντασίαις
2736 5635 2834 5707 τὴν
2857 5635 3033 5707 ψυχὴν
3046 5637 3461 5703 δειλοκοποῦσιν,
3482 5638 3560 5691 ἴνα
3576 5639 3617 5691 oi
