3788 6224
143 285 273 351 1125
1266 285 1696 349 TRACTATUS
1733 284 1833 343 AD
1868 282 2293 344 EULOGIUM.
3252 272 3388 336 1126

138 403 413 472 ἄνθρωποι
459 402 586 465 τοὺς
631 401 900 467 ἀσθενεῖς,
951 404 1045 456 καὶ
1089 402 1403 466 ἀδυνάτους,
1455 399 1709 471 ἰσχυροὺς

1863 398 2245 459 :rambulantc,
2268 396 2336 449 ab
2358 395 2601 455 incursu,
2623 403 2676 449 et
2698 393 2965 448 daemonio
2984 390 3287 446 meridiano
3307 391 3388 452 ιτς

140 497 227 549 καὶ
252 495 518 559 δυνατοὺς
543 489 684 548 εἶναι
717 495 1007 565 νομίσωσι.

1863 506 1901 544 lc
1932 489 2076 543 enim
2110 489 2300 553 semel,
2340 496 2394 541 et
2432 486 2776 540 multifariam
2810 486 2853 539 si
2901 485 3117 547 fet-eris,
3155 483 3390 540 (-elerit‘s

140 590 347 657 pavoris
395 589 699 642 daemonem
754 588 945 658 procul
998 603 1029 643 a
1080 588 1256 657 teipso
1277 584 1552 655 expelles;
1593 596 1718 637 cum
1761 581 1905 635 enim
1972 597 2135 652 Opere
2177 581 2401 635 minime
2444 594 2639 633 nocere
2696 579 2943 649 possint;
2980 576 3392 647 imaginationi-

140 682 235 737 bus
284 682 528 735 animam
578 679 1085 750 perterrefacientes
1140 678 1406 750 aﬂligunt,
1455 682 1518 729 ut.
1575 672 1825 727 homines
1871 673 2163 743 opinentur
2237 670 2381 740 quod
2439 669 2604 723 validi
2640 678 2767 721 sunt
2822 684 2884 721 ac
2928 676 3173 735 potentes
3204 666 3241 721 ii
3293 666 3390 737 qui

140 788 255 828 vere
278 771 483 825 infirmi
512 778 659 834 sunt,
692 784 758 823 ac
795 769 1141 838 impotentes.

721 886 973 941 ΚΕΦΑΛ.
1007 882 1133 937 ΚΔ’.

201 1002 528 1064 Καλλίστοις
551 1000 792 1071 ἱματίοις
819 998 895 1069 μὴ
930 995 1155 1050 σεαυτὸν
1188 988 1596 1064 περιστολίσῃς,
1624 985 1714 1039 ἴνα

142 1099 212 1169 μὴ
244 1095 335 1149 τὸν
378 1098 485 1164 τῆς
522 1092 831 1157 κενοδοξίας
874 1090 1106 1161 δαίμονα
1148 1083 1590 1159 προφανέστερον
1624 1081 1716 1132 ένξ

141 1190 266 1258 δύσῃ
293 1203 308 1217 ⁸
344 1187 407 1241 οὐ
439 1185 552 1256 γὰρ
592 1187 651 1238 ὲν
686 1183 873 1238 κάλλει
911 1181 1144 1252 ἱματίων
1178 1180 1233 1232 al.
1272 1174 1465 1247 ἀρεταὶ
1488 1170 1716 1245 φοροῦν-

142 1300 243 1345 ται,
268 1280 386 1334 ἀλλ’
417 1281 479 1332 ὲν
512 1278 700 1333 κάλλει
735 1276 916 1346 ψυχῆς
939 1275 989 1327 oi
1020 1272 1172 1326 πόνοι
1203 1265 1670 1342 χρυσοφοροῦνται
1699 1280 1713 1295 ο

141 1373 227 1427 τὸν
254 1374 310 1426 δὲ
332 1371 429 1425 τοῦ
457 1369 595 1424 Θεοῦ
624 1368 787 1438 φόϐον
820 1365 1077 1420 ὲπενδύου
1105 1363 1213 1417 τῶν
1241 1361 1341 1432 τῆς
1367 1359 1603 1432 κρίσεως
1629 1373 1719 1410 κο-

140 1466 465 1535 λαστηρίων,
483 1462 634 1524 ὅπως
666 1459 817 1528 φόϐῳ
846 1456 1017 1528 πυρὸς
1038 1452 1449 1510 ἀκατάσϐεστον
1466 1450 1565 1521 τὴν
1586 1447 1716 1519 θέρ-

144 1573 245 1625 μην
272 1554 572 1623 ὲπενδύσῃ,
598 1552 692 1605 καὶ
721 1549 865 1604 κατὰ
885 1550 984 1617 τῆς
1004 1544 1364 1616 κακοτεχνίας
1386 1543 1583 1596 θᾶττον
1611 1540 1722 1592 τῶν

140 1648 412 1718 λογισμῶν
473 1644 800 1716 σοφισθήσῃ,
862 1640 1005 1712 ἀρχὴ
1050 1639 1160 1710 γάρ
1196 1638 1345 1690 ἐστιν
1373 1636 1401 1688 ὁ
1433 1632 1600 1703 φόϐος
1624 1631 1723 1702 τῆς

144 1740 344 1807 σοφίας.
385 1738 446 1790 '0
495 1737 606 1790 τῶν
658 1733 937 1804 λογισμῶν
998 1730 1098 1802 τὴν
1154 1729 1364 1799 πλάνην
1412 1725 1504 1780 διὰ
1529 1723 1724 1795 πείρας

2382 861 2612 918 CAPUT
2666 860 2857 915 XXIV.

1883 976 2269 1034 Pulcherrimis
2329 991 2396 1030 ne
2447 977 2678 1041 teipsum
2746 974 3188 1031 circumamicias
3233 977 3401 1032 vesti-

1813 1072 2033 1135 mentis,
2083 1078 2141 1123 ut
2181 1084 2333 1123 vana:
2368 1069 2552 1137 gloriae
2582 1069 2882 1121 daemonem
2916 1067 3260 1123 manifestius
3290 1084 3398 1123 non

1816 1162 2034 1226 induas,
2083 1176 2186 1215 nec
2238 1162 2381 1214 enim
2428 1160 2657 1214 virtutes
2716 1162 2771 1213 in
2805 1162 3036 1214 vestium
3081 1160 3403 1217 deferuntur

1817 1253 2247 1325 pulchritudine,
2285 1268 2470 1306 verum
2505 1252 2558 1305 in
2610 1253 2805 1307 animae
2834 1253 3031 1307 decore
3062 1252 3279 1309 labores
3307 1270 3404 1309 ve-

1818 1348 1897 1403 lut
1923 1355 2109 1401 aurata
2146 1354 2424 1415 gestantur
2456 1346 2778 1399 vestimenta
2822 1364 2834 1399 :
2875 1347 3122 1415 quinimo
3165 1347 3407 1416 punitio-

1818 1452 1949 1491 num
1972 1436 2165 1506 judicii
2200 1435 2292 1490 Dei
2330 1436 2661 1506 superindue
2692 1437 2941 1491 timorem
2978 1445 3036 1490 ut.
3086 1447 3231 1492 metu
3266 1439 3406 1509 ignis

1818 1529 2316 1617 ipexstinguibilem
2348 1529 2716 1598 supervestias
2766 1530 3027 1595 calorem,
3078 1530 3266 1600 sicque
3305 1532 3404 1585 ad-

1817 1638 2012 1679 versus
2051 1622 2441 1692 cogitationum
2500 1621 2759 1676 maleficia
2812 1623 3043 1677 celerius
3083 1623 3405 1679 edoceberis

1821 1716 2182 1782 sapientiam:
2224 1715 2438 1769 initium
2482 1716 2682 1784 quippe
2730 1716 3011 1784 sapientia:
3051 1717 3215 1771 timor
3237 1724 3319 1771 est
3338 1718 3404 1770 δε.

143 1830 501 1900 ἐξαγγέλλων,
531 1828 595 1881 οὐ
626 1829 793 1880 πᾶσιν
831 1824 1139 1893 εὔγνωστός
1160 1824 1311 1875 ἔσται
1333 1818 1473 1890 πλὴν
1517 1816 1629 1871 τῶν
1665 1817 1723 1867 ὲν

1863 1810 1928 1874 μή
1990 1808 2383 1880 cogitationum
2434 1807 2808 1877 deceptionem
2873 1824 2969 1878 per
3016 1810 3404 1878 experientiam

142 1920 320 1989 πείρα,
349 1918 473 1980 ὁδὸς
502 1916 614 1988 γὰρ
645 1916 745 1986 τῆς
774 1918 832 1969 ἐν
860 1914 1036 1985 τούτῳ
1061 1912 1138 1984 τῷ
1173 1912 1332 1984 μέρει
1354 1908 1661 1979 γνωστικῆς
1686 1907 1719 1978 ἡ

144 2015 299 2083 πεῖρα
357 2010 742 2079 καθέστηκεν*
784 2008 933 2062 αἰτία
985 2008 1093 2078 γὰρ
1153 2004 1484 2076 ἀμφοτέρων
1507 2001 1720 2070 έστὶνή

146 2105 437 2175 πρακτικὴ,
481 2103 661 2170 ἥνπερ
699 2100 1063 2170 πονικώτερον
1115 2098 1460 2167 κατέχοντες,
1495 2091 1722 2154 ἑαυτοὺς

143 2197 560 2267 ὲπιγνωσόμεθα
609 2195 702 2248 καὶ
746 2192 1025 2262 λογισμῶν
1075 2185 1573 2257 καταγνωσόμεθα,
1624 2181 1722 2234 καὶ

144 2292 267 2343 Θεὸν
300 2287 748 2359 έπιγνωσόμεθα,
795 2285 855 2337 Ὀ
880 2286 944 2337 ὲκ
972 2282 1287 2353 πρακτικῆς
1311 2275 1600 2348 ἐκδημίας,
1628 2272 1723 2328 καὶ

144 2382 447 2452 γνωπικῆς
482 2380 604 2450 ἐνδη
614 2380 744 2450 μίας
765 2377 875 2430 τῶν
897 2374 1172 2443 λογισμῶν
1186 2374 1252 2442 τῇ
1274 2371 1438 2441 τέχνῃ
1457 2368 1582 2431 τοὺς
1599 2367 1726 2434 ἀφε-

146 2475 250 2540 λεῖς
270 2475 533 2543 ἀλείφων,
561 2470 804 2542 βλεπέτω
827 2467 903 2538 μὴ
926 2468 1004 2530 είς
1028 2463 1252 2527 ἔνδειξιν
1278 2462 1434 2531 δόξης
1460 2458 1560 2529 τὴν
1581 2474 1723 2526 γνω-

149 2566 332 2637 στικὴν
364 2563 654 2636 κομπάξῃο
682 2563 733 2614 εἰ
773 2559 831 2613 δὲ
860 2557 1121 2627 λογισμὸς
1164 2554 1369 2607 τούτων
1402 2549 1723 2622 μεγαλύνων

146 2659 411 2732 λῃστεύει,
471 2658 551 2721 είς
603 2654 858 2726 βοήθειαν
884 2651 1095 2704 λαϐέτω
1119 2649 1208 2701 τὸν
1255 2645 1491 2714 ’Ἕλληνα
1530 2639 1720 2711 ’1οθδρ,

147 2754 344 2823 Μωῦσῇ
396 2750 480 2822 τῷ
533 2748 757 2821 μεγάλῳ
807 2744 1065 2815 προφήτῃ
1097 2741 1196 2810 τὴν
1226 2739 1338 2791 ἀπὸ
1366 2738 1463 2806 τῆς
1501 2736 1723 2805 χάριτος

151 2847 314 2919 σοφὴν
344 2844 686 2915 συμϐουλίαν
722 2842 811 2895 διὰ
831 2838 1014 2911 κρίσιν
1045 2834 1290 2889 ἐκδόντα.
1319 2832 1473 2884 Ἤτω
1498 2845 1593 2881 σου
1616 2826 1724 2919 τῶν

147 2936 421 3007 λογισμῶν
460 2939 493 3007 ἡ
520 2934 751 3004 δύναμις
793 2933 864 2984 τὰ
904 2929 1062 3001 ἔργα,
1100 2928 1168 2979 τὰ
1197 2924 1307 2995 γὰρ
1339 2920 1594 2993 πρακτέα
1619 2918 1725 2971 τῶν

148 3030 379 3083 λεκτέων
413 3027 537 3081 ἐστὶ⁵
570 3021 1004 3095 φιλοσοφώτερα,
1033 3018 1302 3085 καθάπερ,
1334 3015 1431 3067 καὶ
1452 3007 1724 3064 ἐπιπονώ-

149 3137 278 3191 τερα
300 3135 315 3150 ·
348 3119 606 3189 πράξεως
656 3113 940 3186 παρούσης
968 3111 1158 3181 ῶσπερ
1201 3110 1248 3162 οἱ
1273 3107 1420 3173 λόγοι
1458 3099 1726 3171 ὲξαστράο

1824 1902 2095 1967 enuntiat,
2153 1916 2259 1955 non
2316 1901 2571 1955 omnibus
2607 1901 2773 1970 probe
2826 1908 2993 1956 notus
3030 1903 3154 1964 erit,
3192 1913 3408 1972 praeter-

1822 2008 1985 2063 quam
2022 1993 2131 2057 his,
2165 1991 2258 2062 qui
2295 1992 2503 2059 experti
2554 1999 2701 2053 sunt,
2753 2006 2877 2045 cum
2913 1992 2995 2045 via
3035 1992 3087 2045 in
3120 1992 3222 2047 hac
3260 2002 3411 2061 parte

1824 2087 2204 2157 cognoscitivze
2235 2085 2357 2140 vitae
2393 2084 2729 2154 experientia
2761 2085 2863 2148 sit;
2887 2086 3085 2139 etenim
3120 2086 3409 2156 utriusque

1824 2196 1987 2235 causa
2031 2180 2272 2249 practica
2310 2187 2393 2232 est
2425 2179 2554 2238 vita,
2600 2192 2763 2247 quam
2805 2177 3135 2233 laboriosius
3164 2179 3411 2232 obtinen-

1824 2280 1903 2326 tes
1928 2285 2027 2325 nos
2058 2270 2203 2338 ipsos
2240 2283 2632 2335 agnoscemus,
2678 2279 2729 2323 et
2762 2270 3123 2339 cogitationes
3150 2272 3410 2325 condem-

1825 2363 2099 2427 nabimus,
2155 2372 2211 2417 et
2259 2361 2430 2416 Deum
2476 2377 2897 2433 cognoscemus.
2943 2362 3049 2429 Qui
3096 2365 3409 2435 peregrina-

1826 2457 1973 2511 tione
1996 2456 2253 2523 practica,
2290 2464 2345 2509 et
2386 2456 2756 2525 cognoscitiva
2799 2458 3088 2526 praesentia
3131 2458 3411 2527 simplices

1826 2546 1989 2599 illinit
2032 2556 2147 2600 arte
2194 2546 2579 2616 cogitationes,
2609 2556 2816 2612 caveat,
2867 2564 2935 2603 ne
2974 2551 3038 2601 a:l
3085 2553 3413 2606 ostentatio—

1827 2655 1950 2693 nem
1979 2638 2164 2709 gloria:
2197 2640 2486 2694 scientiam
2523 2641 2775 2709 jactitet;
2810 2642 2855 2695 si
2886 2652 3065 2719 autem
3098 2643 3289 2697 horum
3316 2660 3412 2698 co-

1827 2732 2017 2803 gitatio
2053 2733 2216 2794 elata,
2252 2732 2483 2787 latronis
2538 2735 2710 2787 instar
2750 2735 3116 2805 depraedetur,
3156 2736 3206 2790 in
3256 2738 3413 2791 auxi—

1831 2826 1958 2879 lium
1992 2834 2239 2880 assumat
2283 2826 2367 2879 ille
2395 2827 2646 2895 gentilem
2678 2825 2850 2892 Jetro,
2872 2829 2964 2897 qui
3004 2829 3173 2898 Moysi
3218 2846 3413 2899 magno

1829 2919 2101 2988 propheta
2136 2920 2594 2974 consultationem
2629 2935 2727 2989 pro
2756 2920 2983 2988 judicio,
3010 2931 3065 2975 et
3088 2923 3415 2976 benevolen-

1832 3009 1901 3062 tia
1938 3018 2021 3063 est
2052 3009 2337 3080 dilargitus
2368 3011 2434 3064 ⁸⁸.
2474 3010 2569 3066 Vis
2599 3021 2814 3065 tuarum
2868 3014 2977 3067 sint
3025 3016 3414 3084 cogitationum

1828 3095 1994 3168 438
2023 3112 2223 3167 opera;
2268 3113 2393 3152 nam
2422 3098 2666 3153 facienda
2702 3100 2946 3155 dicendis
2977 3103 3135 3171 longe
3169 3112 3298 3156 sunt
3326 3119 3416 3157 sa-

151 3190 391 3274 πτουσιν,
436 3210 615 3281 ἔργων
643 3207 700 3261 δὲ
720 3205 795 3278 μὴ
836 3205 1141 3275 παρόντων,
1172 3202 1219 3255 οἱ
1244 3199 1394 3267 λόγοι
1424 3196 1532 3250 τῶν
1560 3194 1733 3265 ἔργων

1863 3190 2125 3255 iientiora,
2182 3201 2242 3245 ut
2289 3193 2455 3246 etiam
2504 3192 2814 3255 laboriosa;
2884 3209 3005 3247 cum
3061 3195 3201 3249 actio
3251 3197 3413 3257 adsit,

151 3300 372 3372 δύναμιν
422 3300 528 3353 οὐκ
584 3298 979 3367 ἀστράπτουσι.
1024 3292 1235 3347 Πολιῶν
1263 3290 1538 3359 ἔγκλημα,
1569 3286 1726 3355 λόγος

152 3394 434 3463 νεώτερος,
468 3389 563 3444 καὶ
598 3389 751 3460 χείλη
781 3388 1040 3457 πέρπερα
1066 3381 1432 3451 τινασσόμενα
1461 3378 1674 3446 γέλωτι,
1702 3379 1730 3429 ὁ

152 3485 205 3537 δὲ
239 3486 525 3555 ταράττων
552 3483 647 3536 καὶ
675 3479 1085 3551 ταραττόμενος
1116 3474 1264 3544 εἰκῆ,
1296 3472 1536 3541 γαλήνης
1573 3467 1731 3531 ἐκτὸς

155 3575 329 3643 ἔσται,
353 3575 453 3629 καὶ
481 3572 747 3634 κλύδωνος
793 3572 896 3623 οὐκ
919 3568 1091 3631 ὄντος,
1121 3563 1517 3637 χειματίζεται.

734 3866 986 3923 ΚΕΦΑΛ.
1032 3861 1164 3919 KE'.

223 3988 315 4058 Μὴ
342 3986 445 4057 τὴν
500 3983 730 4053 ἄκαιρον
793 3980 1050 4049 γλῶσσαν
1100 3976 1398 4047 λεξιθήρει,
1443 3974 1529 4027 ἵνα
1565 3972 1733 4042 μὴτὸ

159 4080 285 4134 αὐτὸ
308 4081 397 4148 ὑφ’
428 4071 504 4132 ὧν
546 4076 606 4128 ού
637 4073 812 4136 θέλεις
859 4070 1180 4141 ύπομείνῃς.
1238 4067 1409 4135 Φεύγε
1443 4065 1732 4136 πτερνίσαι

159 4171 249 4225 τοῦ
278 4169 512 4241 πλησίον
543 4167 642 4238 τὴν
667 4164 935 4233 γλῶτταν,
971 4162 1059 4215 ἴνα
1102 4161 1197 4213 καὶ
1240 4160 1303 4212 σὺ
1347 4157 1442 4210 τοῦ
1482 4155 1730 4210 διαϐόλου

160 4268 249 4320 τὸν
279 4263 617 4336 πτερνισμὸν
655 4256 925 4329 διαφύγῃς
948 4272 963 4283 ·
992 4253 1158 4325 φεῦγε
1210 4253 1463 4305 ὀνειδίσαι
1502 4249 1730 4318 ἀδελφοῦ

164 4376 255 4411 σου
292 4359 352 4411 τὸ
385 4357 656 4423 πταῖσμα,
694 4352 779 4404 ἵνα
812 4349 888 4420 μὴ
921 4351 1020 4419 τῆς
1064 4344 1411 4416 συμπαθείας
1449 4342 1523 4405 ὡς
1577 4340 1733 4394 ἀλλό-

164 4448 324 4518 φυλος
380 4446 640 4516 ἐκπέσῃς.
680 4442 737 4495 ’0
768 4440 867 4513 τὴν
923 4438 1285 4509 χρηστότητα,
1335 4433 1428 4486 καὶ
1471 4431 1569 4503 τὴν
1598 4432 1734 4500 ἀγά-

1831 3282 1989 3352 quasi
2044 3282 2322 3352 fulgurant
2376 3299 2680 3350 sermones,
2727 3301 2847 3339 cum
2890 3301 3022 3340 vero
3076 3304 3182 3341 non
3220 3289 3416 3343 adsint

1830 3390 2018 3445 opera,
2052 3376 2157 3429 vim
2192 3391 2414 3445 operum
2449 3378 2609 3432 verba
2638 3392 2745 3431 non
2775 3377 3070 3449 fulgurant.
3105 3380 3415 3436 (Sanescen-

1830 3467 1966 3521 tium
2006 3470 2210 3522 crimen
2271 3483 2452 3524 sermo
2487 3470 2695 3539 junior,
2721 3478 2775 3524 et
2824 3470 2964 3523 labia
2998 3471 3247 3540 loquacia
3298 3472 3412 3526 risu

1831 3574 2135 3625 concussa;
2183 3560 2273 3629 qui
2324 3576 2456 3613 vero
2515 3560 2720 3626 turbat,
2770 3570 2823 3615 et
2866 3562 3118 3616 turbatur
3155 3564 3409 3627 inaniter,

1831 3662 1984 3707 extra
2039 3653 2489 3722 tranquillitatem
2550 3654 2674 3718 erit,
2722 3670 2959 3725 cumque
2992 3670 3098 3709 non
3143 3656 3284 3713 adsit
3310 3656 3413 3714 ﬂu-

1832 3754 1975 3811 ClUS,
2012 3755 2330 3816 tempestate
2365 3755 2610 3801 vexatur.

2407 3857 2635 3913 CAPUT
2672 3858 2839 3914 XXV.

1903 3972 1981 4028 Ne
2025 3974 2203 4028 verbis
2240 3972 2678 4042 intempestivam
2724 3974 3015 4044 adcuperis
3058 3976 3320 4047 linguam,
3358 3994 3412 4034 ut

1832 4067 1886 4121 id
1918 4068 2096 4135 ipsum
2134 4066 2201 4120 ab
2236 4066 2339 4131 his,
2368 4082 2398 4121 a
2429 4067 2628 4135 quibus
2664 4084 2771 4122 nou
2802 4068 2905 4131 vis,
2937 4069 3053 4139 ipse
3100 4087 3207 4125 non
3238 4081 3409 4129 susti-

1832 4176 1983 4216 neas.
2026 4160 2168 4213 Cave
2205 4173 2274 4214 ne
2323 4160 2642 4229 supplantes
2686 4162 2920 4231 proximi
2965 4164 3229 4234 linguam.
3265 4178 3322 4221 ut
3361 4180 3414 4222 et

1835 4265 1890 4308 tu
1921 4252 2120 4307 diaboli
2183 4252 2651 4322 supplantationes
2719 4253 2983 4325 effugias:
3020 4273 3151 4313 cave
3208 4275 3277 4314 ne
3334 4264 3409 4314 tui

1834 4345 2016 4399 fratris
2036 4344 2333 4414 exprobres
2358 4355 2673 4412 peccatum;
2712 4355 2793 4412 ut,
2826 4350 2980 4417 quasi
3010 4351 3238 4406 diverse
3261 4368 3414 4407 esses

1835 4448 2063 4501 naturze,
2096 4454 2202 4492 non
2232 4438 2454 4493 excidas
2484 4452 2513 4491 a
2540 4441 2941 4509 compassiouc.
2976 4441 3079 4509 Qui
3109 4444 3412 4515 benignita-

164 4559 269 4611 πην
290 4543 369 4605 εἰς
397 4540 492 4592 τὸν
520 4535 749 4605 ἀδελφὸν
799 4533 874 4604 μὴ
912 4532 1071 4603 ἔχων,
1104 4528 1222 4592 πῶς
1244 4528 1341 4596 τῆς
1371 4526 1732 4597 χριστοφόρου

1863 4548 1943 4586 em
1977 4541 2138 4606 atque
2164 4531 2483 4586 charitatem
2516 4546 2625 4585 non
2656 4532 2817 4586 habet
2848 4550 2974 4603 erga
3030 4536 3275 4600 fratrem.
3303 4553 3414 4607 quo

165 4631 381 4700 ἀγάπης
410 4629 572 4700 μέλος
595 4628 660 4680 ἂν
685 4625 769 4694 εἴη
791 4640 805 4690 ;
848 4623 1017 4675 Ἐπάν
1046 4624 1111 4693 τῇ
1136 4619 1369 4690 συντόνῳ
1394 4635 1487 4670 σου
1509 4617 1733 4691 νηστεία

166 4722 387 4791 ἁδελφὸς
417 4718 733 4790 παραϐάλῃ,
761 4717 836 4787 μὴ
853 4714 960 4767 τῶν
987 4712 1265 4783 λογισμῶν
1285 4711 1381 4782 τὴν
1412 4710 1606 4781 ἀηδίαν
1629 4727 1734 4762 πα-

170 4813 362 4885 ραδέξῃ
400 4810 806 4880 ὑποτιθεμένων
842 4824 925 4860 σοι
967 4805 1190 4875 ὄχλησιν
1230 4806 1294 4874 τῇ
1324 4803 1545 4874 ἠσυχίᾳ,
1575 4804 1733 4871 ὲγκοο

167 4905 272 4975 πὴν
316 4904 376 4958 δὲ
432 4906 498 4975 τῇ
548 4902 794 4972 νηστείᾳ,
835 4897 1048 4952 ποιοῦσι
1081 4896 1138 4949 δὲ
1180 4896 1339 4949 τοῦτο
1370 4895 1458 4949 ἵνα
1489 4895 1610 4948 ἰδὼν
1640 4894 1734 4947 τὸν

169 4996 396 5066 ἀδελφόν
446 5013 541 5048 σου
576 4994 654 5066 μὴ
706 4993 781 5055 ὡς
808 4991 941 5045 Θεὸν
982 4989 1146 5043 αὐτὸν
1181 4988 1316 5061 ἴδῃς.
1353 4988 1465 5051 Τὰς
1491 4989 1734 5057 συνεχεῖς

170 5088 274 5141 τῶν
310 5086 557 5157 ἀδελφῶν
586 5084 912 5145 ἐπιστασίας
948 5081 1200 5152 ὀχλήσεις
1232 5077 1370 5132 εἶναι
1414 5079 1487 5150 μὴ
1524 5079 1740 5147 φάσκω-

176 5196 292 5249 μεν,
334 5176 651 5247 συμμαχίαν
682 5175 739 5228 δὲ
790 5172 992 5245 μᾶλλον
1040 5171 1226 5224 πέλειν
1251 5186 1262 5199 ·
1298 5170 1441 5223 κατὰ
1488 5170 1589 5240 τῆς
1632 5170 1737 5239 φά-

173 5266 368 5336 λαγγος
408 5266 502 5320 τοῦ
547 5264 843 5320 ἀντιπάλου
881 5264 981 5333 τὴν
1020 5262 1198 5314 αὐτῶν
1247 5259 1606 5331 χοροστασίαν
1637 5260 1740 5329 ἑμ-

176 5360 569 5433 πιστεύσωμεν.
621 5358 780 5413 Οὕτω
822 5356 933 5427 γὰρ
987 5356 1066 5425 τῷ
1116 5353 1323 5425 φίλτρῳ
1367 5353 1466 5422 τῆς
1518 5352 1741 5422 ἀγάπης

177 5452 486 5518 ένωθέντες,
512 5450 611 5523 τὴν
637 5448 834 5504 κακίαν
861 5447 1231 5517 έξωθήσομεν,
1256 5446 1350 5497 καὶ
1376 5443 1445 5497 τὰ
1473 5442 1610 5514 ἔργα
1631 5442 1739 5496 τῶν

178 5545 369 5615 χειρῶν
420 5548 499 5611 είς
524 5545 616 5598 τὸν
649 5545 747 5615 τῆς
789 5540 1091 5612 φιλοξενίας
1139 5536 1413 5610 θησαυρὸν
1440 5536 1742 5606 μετακομί-

1842 4631 1997 4693 pacto
2026 4622 2330 4676 membrum
2361 4624 2465 4676 erit
2496 4623 2779 4679 cbaritatis
2801 4623 3082 4679 Christum
3116 4630 3415 4697 gestantis?

1838 4714 2061 4784 quando
2092 4713 2354 4767 continuo
2398 4727 2462 4767 ac
2487 4728 2597 4767 non
2632 4713 2933 4783 interrupto
2968 4725 3061 4769 tuo
3096 4714 3267 4770 frater
3314 4732 3413 4787 ap-

1838 4804 2167 4874 propinquet
2202 4802 2434 4872 jejunio,
2475 4820 2544 4858 ne
2571 4805 2965 4875 cogitationum
3000 4807 3225 4861 insuave
3267 4806 3416 4863 fasti-

1839 4897 1988 4950 dium
2049 4896 2317 4963 suscipias
2387 4897 2772 4952 turbulentiam
2834 4908 2939 4952 tuae
3006 4901 3411 4970 suggerentium

1839 4989 2009 5057 quieti
2038 4999 2091 5042 et
2125 4989 2337 5058 jejunio
2375 4989 2857 5059 impedimentum;
2897 4992 2991 5046 sed
3038 4993 3141 5047 hoc
3182 4993 3410 5057 faciunt,

1836 5085 1897 5130 ut
1926 5075 2118 5131 videns
2146 5074 2367 5130 fratrem
2401 5086 2577 5140 tuum,
2612 5093 2721 5131 non
2761 5086 2818 5131 ut
2856 5080 3021 5132 Deum
3056 5080 3234 5149 ipsum
3275 5082 3417 5150 aspi-

1836 5168 1969 5223 cias.
2011 5169 2280 5223 Assiduas
2328 5168 2559 5223 fratrum
2598 5170 2984 5238 inspectiones,
3026 5187 3096 5227 ne
3130 5174 3416 5241 perturba-

1839 5262 2011 5317 tiones
2033 5276 2159 5316 esse
2183 5261 2454 5327 dicamus,
2479 5262 2860 5317 commilitium
2902 5279 3029 5319 vero
3054 5265 3236 5335 potius
3261 5281 3412 5332 esse;

1835 5364 2024 5411 contra
2061 5354 2356 5409 adversarii
2406 5355 2577 5410 aciem
2623 5355 2956 5423 collocemus
3006 5357 3247 5427 ipsorum
3280 5373 3414 5413 con-

1844 5448 2127 5504 sistentem
2156 5446 2407 5501 chorum.
2442 5447 2532 5502 Sic
2558 5448 2707 5503 enim
2737 5449 3017 5505 cbaritatis
3048 5451 3219 5505 amori
3255 5450 3413 5517 uniti,

1846 5540 2235 5613 malignitatem
2293 5540 2647 5611 expcllemus,
2701 5550 2755 5598 et
2811 5557 2979 5613 opera
3035 5560 3296 5600 manuum
3346 5544 3415 5600 ad

250 5723 366 5758 “"1
399 5724 545 5781 Psal.
576 5739 665 5791 xc,
693 5723 748 5790 5,
781 5722 835 5781 6.
912 5722 958 5754 “
990 5720 1154 5777 Eccli.
1180 5734 1216 5787 ι,
1244 5720 1329 5774 l6.
1410 5718 1453 5751 δ’
1472 5717 1643 5772 Exod.
1668 5732 1828 5784 xvm,
1854 5719 1909 5774 9.
