3788 6224
374 276 511 340 1127

1874 274 1936 333 S.
1980 272 2142 333 NILI

3516 275 3651 341 1123

372 399 689 450 thesaurum
728 392 1117 463 hospitalitatis
1165 392 1588 447 transferemus.
1625 388 1767 455 Non,
1795 389 1943 444 velut

2118 406 2260 460 ›μεν.
2296 392 2409 462 M'q,
2438 391 2513 455 ὡς
2544 392 2702 463 χάριν
2727 391 3061 462 παρέχοντες
3088 392 3201 454 τοῖς
3237 358 3513 459 ἀδελφοῖς.

370 489 575 559 gratias
600 488 921 542 exhibentes
941 486 1224 551 fratribus,
1252 488 1402 555 ipsos
1432 485 1773 553 excipiamus
1798 501 1812 549 ;
1836 483 1952 549 sed,

372 597 433 636 ac
472 582 518 634 si
552 580 869 634 feneratioai
906 580 1181 633 debitores
1226 594 1495 642 essemus,
1530 592 1622 631 eos
1658 591 1785 631 cum
1819 590 1953 643 sup-

374 673 686 742 plicationc,
737 684 795 725 ut
842 672 1082 725 ostendit
1124 670 1243 737 Lot,
1305 670 1644 739 excipiamus
1698 667 1953 735 hospitio.

372 764 625 830 Quidam,
664 764 816 833 quasi
873 763 1038 835 439
1095 763 1165 817 ob
1217 762 1559 831 peregrinam
1613 760 1957 828 dignitatem,

373 857 659 927 peregrine
693 871 915 925 quoque
965 856 1285 917 efferuntur,
1338 863 1393 907 et
1434 853 1707 923 equidem,
1739 850 1960 921 quando

375 958 563 1005 uotum
596 957 792 1003 vocant
827 946 1122 1017 hospitem,
1153 947 1467 1000 nullatenus
1498 946 1675 1013 ipsum
1706 948 1959 1005 exorant,

373 1041 469 1095 sed
504 1052 557 1096 et
590 1040 899 1095 vocationis
925 1040 1152 1093 verbum
1186 1038 1478 1092 insolentia
1511 1036 1686 1090 fastus
1707 1034 1959 1092 dilatant.

374 1141 429 1187 et
452 1133 519 1186 de
544 1140 852 1195 recusante,
881 1139 940 1184 ut
965 1129 1356 1184 contumeliam
1390 1126 1681 1189 inlerente,
1719 1139 1964 1194 conque-

375 1234 610 1281 runtur:
649 1226 769 1279 ideo
806 1239 997 1292 magna
1031 1223 1156 1277 inde
1189 1221 1573 1276 reaccentlitur
1608 1218 1844 1283 inflatio;
1869 1231 1965 1272 co-

368 1319 669 1388 gitationes
692 1319 895 1388 quippe
925 1315 1145 1370 oculum
1184 1316 1380 1368 anima:
1411 1322 1839 1381 cntnpungentes
1868 1326 1965 1365 ex-

370 1421 616 1475 caeant,
672 1410 747 1464 ita
817 1420 877 1464 ut
930 1409 1333 1463 honestissimis
1391 1406 1661 1460 mandatis
1730 1403 1965 1473 pegime

372 1512 617 1559 utamur.
1898 1572 1921 1598 .

939 1610 1167 1667 CAPUT
1215 1609 1405 1665 XXVI.

445 1730 677 1798 Quando
709 1739 762 1783 te
808 1727 1077 1798 cogitatio
1136 1725 1501 1797 praepedierit,
1563 1735 1621 1779 ut
1651 1740 1758 1779 non
1806 1726 1965 1780 valde
1996 1744 2038 1798 Β

372 1838 538 1894 cogas
562 1821 783 1875 fratrem
819 1820 885 1875 ad
919 1835 1202 1884 mensam;
1233 1828 1363 1873 tunc
1387 1833 1483 1888 per
1521 1818 1783 1887 idipsum,
1815 1818 1962 1887 quod

378 1917 635 1968 nimirum
682 1912 749 1966 ad
800 1912 1098 1965 violentum
1155 1910 1361 1964 amoris
1413 1911 1674 1978 impetum
1722 1909 1963 1978 linguam

379 2007 578 2061 habere
630 2020 739 2059 non
797 2005 998 2059 debeas
1046 2019 1261 2059 summa
1305 2003 1354 2055 vi
1411 2003 1867 2070 contendentem,
1915 2012 1966 2057 te

379 2098 720 2153 subsaunat:
764 2097 859 2149 tibi
906 2110 1139 2161 namque
1168 2094 1394 2148 forsitan
1441 2094 1682 2164 suggerit
1738 2092 1963 2149 fratrem

379 2207 549 2246 unum
599 2206 721 2245 esse
773 2205 837 2244 ex
878 2186 1321 2253 circulatoribus,
1378 2202 1472 2240 seu
1527 2187 1859 2253 trivialibus,
1914 2199 1968 2242 et

378 2283 523 2354 quod
567 2284 799 2352 panibus
831 2290 1120 2336 contentus
1159 2282 1351 2346 abeat;
1387 2280 1461 2333 illi
1510 2296 1640 2334 vero
1696 2281 1963 2342 immittit,

382 2375 802 2445 hospitalitatem
867 2374 1012 2444 apud
1078 2384 1131 2428 te
1192 2388 1419 2442 prorsus
1478 2388 1587 2426 non
1651 2373 1963 2427 invenisse:

380 2469 611 2522 actualis
668 2480 905 2536 namque
960 2466 1080 2534 ejus
1136 2465 1458 2518 mutationis
1513 2475 1794 2532 aspectum
1852 2463 1966 2531 ipsa

380 2560 639 2631 c0gitatio
669 2565 918 2628 portans,
954 2572 1119 2611 unum
1150 2556 1304 2609 alteri
1332 2557 1472 2609 intra
1506 2556 1672 2609 corda
1728 2555 1972 2609 immittit

384 2662 443 2707 ut
488 2653 657 2722 hujus
688 2651 907 2720 quidem
969 2650 1216 2704 succidat
1255 2649 1706 2719 hospitalitatem,
1742 2648 1969 2703 alterius

381 2756 566 2800 autem
618 2743 1010 2799 contumeliam
1071 2741 1235 2795 faciat
1292 2741 1636 2811 germinare;
1693 2742 1968 2795 Abraham

382 2839 576 2892 sedens
633 2844 758 2889 ante
814 2835 1260 2896 tabernaculum,
1320 2834 1494 2887 sicubi
1535 2850 1694 2902 quem
1745 2830 1971 2903 praeteri

382 2927 631 2981 euntium
665 2925 924 2990 vidisset,
961 2939 1127 2993 opere
1180 2924 1485 2993 excipiebat
1517 2941 1529 2975 :
1562 2925 1873 2978 viventibus
1914 2925 1968 2978 in

385 3020 665 3087 impietate
723 3032 968 3071 mensam
1017 3017 1381 3085 expaudebat,
1428 3017 1667 3085 dumque
1706 3017 1969 3070 barbaros

2060 500 2185 546 τους
2239 483 2624 551 δεξιωσώμεθα
2648 525 2661 546 ,
2705 484 2821 537 ἀλλ’
2859 484 2935 547 ὡς
2965 484 3222 554 ὑπόχρεοι
3262 483 3419 547 ὄντες
3455 485 3535 554 τῷ
3566 486 3630 539 δα

2073 572 2325 643 νείσματι
2384 574 2503 644 μεθ’
2542 575 2749 637 ἱκεσίας
2802 573 3120 643 ξενίζωμεν,
3176 574 3363 637 καθὼς
3411 576 3656 643 ὑπέδειξε

2062 666 2207 718 Λώτ.
2242 668 2403 731 Τινὲς
2430 669 2531 721 ἐπὶ
2585 669 2723 738 ξένῳ
2756 669 3032 739 ἀξιώματι
3067 668 3162 722 καὶ
3190 669 3363 735 ξένως
3400 670 3657 738 ἐπαίρον-

2062 775 2175 822 ται,
2226 758 2319 811 καὶ
2374 762 2503 814 ὅταν
2531 760 2630 831 μὲν
2678 758 2828 825 ξένον
2867 760 3110 814 καλῶσιν
3133 761 3364 823 οὑδόλως
3399 778 3658 831 παρακα-

2062 849 2269 917 λοῦσιν,
2324 852 2460 906 ἀλλά
2509 852 2603 906 καὶ
2655 854 2747 905 τὸν
2777 854 2877 922 τῆς
2914 853 3168 924 κλήσεως
3208 852 3371 921 λόγον
3402 854 3482 923 τῷ
3509 853 3662 923 τύφῳ

2063 941 2418 1007 πλατύνουσι,
2454 941 2546 995 τὸν
2594 944 2651 997 δὲ
2696 944 3140 1016 παραιτούμενον
3169 946 3245 1009 ὡς
3279 947 3366 1013 ἐφ’
3396 945 3663 1017 ὑϐρικότα

2067 1032 2413 1103 μέμφονται·
2450 1034 2541 1088 διὰ
2567 1035 2725 1089 τοῦτο
2766 1036 2912 1106 μέγα
2958 1036 3189 1110 φύσημα
3233 1038 3493 1092 ἐντεῦθεν
3524 1040 3660 1095 ἀνα-

2065 1125 2301 1180 καίεται.
2339 1128 2402 1180 Οί
2432 1126 2543 1199 γὰρ
2580 1126 2832 1199 λογισμοὶ
2856 1128 2918 1181 τὸ
2949 1128 3105 1199 ὄμμα
3132 1130 3231 1201 τῆς
3258 1130 3447 1201 ψυχῆς
3482 1149 3661 1202 παρα-

2060 1218 2382 1281 ηκεντοῦντες
2430 1218 2861 1289 τυφλώττουσιν,
2890 1221 2983 1277 ἵνα
3022 1223 3143 1284 ταῖς
3205 1222 3536 1287 καλλίσταις
3556 1224 3661 1278 τῶν

2066 1312 2297 1367 ἐντολῶν
2332 1313 2610 1379 κακίστως
2637 1315 2997 1387 χρησώμεθα.

2643 1606 2897 1662 ΚΕΦΑΛ.
2941 1607 3089 1675 κεῖ.

2141 1712 2310 1766 Ὅταν
2355 1712 2616 1784 λογισμὸς
2660 1715 2868 1785 ὲγκόψῃ
2908 1731 2989 1780 σε,
3054 1715 3129 1787 μὴ
3162 1718 3310 1784 ἄγαν
3359 1720 3655 1789 βιάσασθαι

2065 1806 2133 1875 τῇ
2160 1805 2410 1877 τραπέζῃ
2443 1806 2535 1858 τὸν
2565 1806 2818 1874 ἀδελφὸν,
2842 1806 2964 1860 τότε
2993 1807 3062 1860 δι’
3092 1809 3261 1861 αὑτοῦ
3294 1812 3560 1882 κωμῳδεῖ
3579 1830 3658 1876 σε,

2070 1896 2144 1966 μὴ
2163 1896 2531 1969 βεϐιασμένην
2546 1896 2692 1966 ἔχειν
2720 1897 2965 1964 γλῶτταν
2990 1900 3070 1961 εἰς
3098 1901 3197 1969 τὴν
3222 1900 3349 1969 βίαν
3372 1906 3481 1973 τῆς
3524 1906 3663 1971 ἀγά-

2069 2006 2177 2059 πης
2202 2001 2216 2016 ·
2250 1990 2334 2041 σοὶ
2378 1990 2477 2057 μὲν
2525 1989 2634 2059 γὰρ
2685 1990 2816 2052 ἴσως
2857 1990 3149 2044 ὑποϐάλλει
3190 1993 3299 2045 τῶν
3337 1995 3662 2048 κυκλευτῶν

2069 2077 2167 2132 ἕνα
2201 2077 2292 2130 τὸν
2314 2078 2552 2148 ἀδελφὸν
2585 2080 2878 2149 ὑπάρχειν,
2920 2082 3014 2134 καὶ
3033 2082 3117 2134 ὃτι
3148 2081 3337 2153 ἄρτοις
3368 2085 3668 2154 ἀρκεσθεὶς

2069 2170 2375 2241 ἀφικέσθω,
2408 2172 2604 2242 ἐκείνῳ
2650 2172 2706 2225 δὲ
2744 2173 3006 2242 ἐμϐάλλει
3054 2173 3363 2242 φιλοξενίαν
3403 2177 3563 2247 παρὰ
3588 2180 3669 2231 σοὶ

2068 2265 2130 2318 τὸ
2162 2265 2426 2334 παράπαν
2458 2265 2531 2335 μὴ
2584 2265 2905 2335 εὑρηκέναι*
2940 2266 3039 2335 τῆς
3081 2268 3191 2338 γάρ
3217 2273 3546 2339 πρακτικῆς
3576 2272 3671 2323 αὑ-

2068 2358 2163 2411 τοῦ
2193 2357 2502 2427 μεταϐολῆς
2526 2357 2585 2410 τὸ
2604 2358 2757 2427 ὄμμα
2781 2357 3087 2427 βαστάζων,
3117 2359 3214 2411 ἕνα
3238 2358 3319 2429 τῷ
3343 2361 3431 2413 ὲνὶ
3458 2364 3519 2413 ἐν
3553 2366 3670 2421 ταῖς

2072 2451 2322 2521 καρδίαις
2354 2450 2634 2519 ἐμϐάλλει,
2662 2450 2748 2503 ἴνα
2773 2449 2868 2503 τοῦ
2895 2450 2995 2521 μὲν
3017 2450 3116 2520 τὴν
3152 2451 3470 2520 φιλοξενίαν
3508 2455 3672 2506 ὑπεκ-

2071 2541 2235 2611 κόψῃ,
2268 2540 2359 2593 τοῦ
2391 2541 2447 2592 δὲ
2482 2539 2752 2611 λοιδορίαν
2803 2539 3176 2614 ὲκϐλαστήσῃ.
3239 2542 3507 2613 ’Δϐραὰμ
3534 2545 3668 2596 καθ’

2072 2633 2402 2704 ήμενος.πρδ
2429 2633 2526 2703 τῆς
2575 2632 2802 2703 σκηνῆς,
2836 2633 2884 2685 εί
2929 2649 3031 2685 που
3066 2633 3189 2687 τινὰ
3219 2634 3331 2687 τῶν
3354 2636 3666 2705 παριόντων

2072 2727 2240 2795 ἐώρα,
2264 2725 2409 2796 ἔργῳ
2434 2725 2798 2796 προσεδέχετο
2824 2742 2837 2755 ·
2878 2725 3044 2789 ζῶσιν
3069 2728 3127 2777 ὲν
3160 2725 3392 2797 ἀσεϐείᾳ
3431 2728 3667 2797 ὲῇπλου

2069 2818 2167 2888 τὴν
2225 2817 2523 2890 τράπεζαν,
2568 2817 2881 2888 βαρϐάρους
2924 2818 3235 2888 δεχόμενος,
3285 2819 3545 2886 ἀγγέλων
3571 2822 3666 2873 οὑκ

2073 2911 2368 2980 ἀπέτυχεν.
2405 2911 2583 2962 Ἰσασι
2614 2910 2715 2981 τὴν
2745 2909 2843 2979 τῆς
2876 2908 3184 2979 φιλοξενίας
3213 2910 3541 2981 γλυκύτητα
3558 2914 3664 2965 ὅσοι

2074 3003 2482 3069 ξενιτεύσαντες
2518 3002 2624 3057 ὑπὸ
2675 3002 2880 3071 ταύτην
2926 3002 3315 3074 ὲξενίσθησαν,
3342 3004 3437 3056 ὅτε
3463 3004 3561 3056 καὶ
3584 3005 3663 3058 λό-

383 3112 677 3180 exciperet,
718 3110 923 3179 angelis
961 3125 1067 3163 non
1118 3109 1219 3163 fuit
1250 3108 1568 3163 frustratus.
1596 3106 1811 3161 Norunt
1843 3108 1943 3162 dull

2118 3113 2167 3157 ος
2214 3099 2513 3165 προσηνὴς,
2580 3094 2844 3161 γλυκεῖαν
2889 3094 3080 3165 ἀρτύει
3134 3096 3235 3164 τὴν
3283 3097 3660 3167 τράπεζαντῇ

383 3206 634 3259 cedinem
697 3202 1088 3271 hospitalitatis
1166 3202 1482 3270 quicunque
1557 3201 1968 3270 peregrinitati,

386 3297 626 3367 hospitio
675 3297 778 3351 sub
832 3310 895 3349 ea
952 3294 1175 3348 fuerunt
1200 3295 1413 3363 excepti
1444 3337 1459 3359 ,
1502 3294 1970 3363 quandoquidem,

383 3399 440 3444 et
493 3405 737 3444 mensam
797 3388 946 3442 cordi
998 3388 1212 3441 dulcem
1274 3387 1463 3441 condit
1521 3402 1703 3440 sermo
1755 3388 1968 3441 suavis.

386 3482 579 3553 Magno
636 3481 797 3549 igitur
855 3495 980 3532 cum
1041 3480 1224 3533 studio
1278 3478 1708 3547 hospitalitatem
1769 3477 1974 3529 utiliter

386 3588 764 3636 exerceamus,
804 3580 864 3625 ut
917 3587 1025 3624 non
1088 3571 1311 3639 angelos
1364 3571 1730 3631 solummodo,
1785 3569 1876 3621 sed
1920 3576 1975 3621 et

389 3664 558 3719 Deum
596 3666 770 3734 ipsum
806 3662 1211 3730 suscipiamus:
1245 3680 1262 3711 ι
1311 3661 1583 3727 Quantum
1622 3660 1789 3732 440
1823 3661 1968 3713 enim

388 3759 612 3828 (inquit)
642 3757 853 3811 fecistis
902 3757 996 3808 uni
1034 3754 1263 3808 fratrum
1310 3756 1540 3808 istorum
1590 3770 1839 3809 meorum
1867 3754 1971 3806 titi-

390 3852 687 3913 nimorum,
741 3846 873 3899 ntihi
936 3844 1143 3899 fecistis
1170 3846 1240 3899 ⁵ο.
1277 3865 1294 3896 ι
1341 3844 1571 3911 Quidam
1622 3860 1835 3907 eorum,
1877 3848 1971 3916 qui

388 3946 643 3998 virtutem
692 3940 886 4009 majori
936 3955 1062 3993 cum
1097 3938 1408 4008 cognitione
1452 3948 1864 4001 consectantur,
1900 3939 1969 3992 ita

391 4038 709 4108 respondit:
745 4037 1064 4089 lnsonantes
1108 4034 1419 4087 daemonum
1480 4033 1532 4086 in
1580 4032 1744 4088 corde
1780 4033 1972 4101 imagi-

391 4130 639 4185 nationes
677 4128 958 4183 consuevit
1000 4126 1216 4195 penitus
1252 4125 1463 4179 abolere
1505 4124 1746 4180 studium
1787 4126 1973 4193 hospi-

390 4222 646 4285 talitatis,
704 4222 1099 4288 copiosumque
1161 4218 1391 4271 libentcr
1441 4218 1741 4271 exhibitum
1810 4218 1973 4270 mini—

391 4311 639 4374 sterium,
692 4310 737 4365 si
783 4312 945 4363 modo
991 4308 1283 4363 mundanis
1336 4310 1590 4363 sordibus
1630 4311 1805 4362 .luerit
1847 4310 1971 4377 quis

392 4408 673 4468 utcunque
731 4399 1033 4454 liberatus:
1070 4400 1183 4452 hazc
1223 4415 1348 4453 tero
1397 4398 1532 4453 facta
1583 4416 1706 4453 cum
1751 4401 1970 4455 humili-
2000 4440 2047 4498 υ

392 4500 526 4557 tate,
580 4489 874 4559 cordisque
928 4491 1292 4553 contritione,
1345 4492 1578 4545 celerius
1622 4493 1853 4547 liberant
1903 4493 1972 4546 ab

391 4582 874 4653 imaginationibus
915 4584 1199 4651 fatigatum
1252 4600 1263 4634 :
1308 4586 1464 4638 valde
1510 4602 1745 4656 namque
1772 4588 1975 4643 daemo-

393 4690 489 4729 nes
528 4675 917 4744 pertimescunt
941 4674 1319 4739 humilitatem,
1364 4678 1597 4731 scientes
1641 4695 1761 4733 eam
1790 4679 1975 4736 Denti-

393 4769 576 4824 nicum
631 4783 755 4821 esse
805 4775 1153 4835 praeceptum.
1190 4768 1420 4832 Quidam
1452 4771 1970 4838 .probatissimorum

390 4876 617 4917 movens
656 4875 965 4915 sermonem
992 4859 1058 4913 de
1091 4860 1413 4922 humilitate,
1439 4864 1661 4917 etistutl
1697 4865 1969 4935 signiﬁca-

390 4956 487 5021 vit,
517 4955 715 5024 inquit,
738 4954 1015 5017 nimirum,
1046 4954 1191 5023 quod
1234 4952 1392 5008 Pater
1429 4972 1643 5017 eorum,
1687 4960 1779 5027 qui
1816 4960 1969 5015 valde

389 5056 547 5101 erant
576 5046 785 5118 probati
808 5046 877 5099 ab
906 5046 1145 5109 homine,
1171 5061 1333 5115 quem
1364 5047 1573 5102 όιεῐηοιι
1602 5051 1963 5118 corripuerat,

2076 3187 2291 3258 καρδίᾳ.
2313 3188 2467 3239 Μετὰ
2486 3186 2689 3255 πολλῆς
2710 3182 2802 3239 οὖν
2829 3186 3067 3257 σπουδῆς
3085 3187 3186 3257 τὴν
3211 3187 3527 3255 φιλοξενίαν
3540 3206 3663 3258 χρη-

2076 3278 2481 3348 στοποιώμεοα,
2515 3278 2601 3330 ἵνα
2649 3278 2722 3348 μὴ
2752 3278 2912 3348 μόνον
2943 3279 3228 3347 ἀγγέλους,
3247 3280 3388 3334 ἀλλὰ
3413 3282 3512 3333 καὶ
3538 3282 3664 3335 Θεὸν

2075 3370 2489 3439 ὑποδεξιῦμεθα.
2522 3389 2541 3422 ι
2578 3370 2696 3439 Ἐφ’
2730 3371 2856 3423 ὅσον
2888 3370 3020 3442 γὰρ,
3049 3375 3233 3442 φησὶν,
3266 3375 3572 3444 ἐποιήσατε
3590 3376 3662 3427 ἑνὶ

2073 3464 2280 3517 τούτων
2306 3464 2415 3517 τῶν
2440 3464 2683 3535 ἀδελφῶν
2702 3481 2811 3534 μου
2833 3464 2945 3519 τῶν
2973 3466 3294 3537 ἐλαχίστων,
3326 3469 3461 3536 ἐμοὶ
3487 3472 3662 3540 Exod;

2078 3577 2228 3613 σατε.
2270 3581 2287 3613 ι
2332 3562 2429 3625 Τὶς
2455 3563 2563 3614 τῶν
2593 3561 3037 3629 γνωστικώτερον
3076 3560 3177 3631 τὴν
3211 3560 3421 3631 ἀρετὴν
3455 3562 3664 3630 μετιόν-

2072 3670 2182 3705 των
2241 3652 2414 3715 οὑτως
2449 3653 2787 3723 ἀπεκρίνατο
2813 3670 2826 3683 ο
2859 3652 2973 3716 Τὰς
3012 3651 3318 3721 ἐνηχούσας
3340 3654 3455 3705 τῶν
3478 3654 3663 3723 δαιμὸ-

2073 3764 2178 3799 νων
2208 3748 2265 3798 ὲν
2291 3749 2356 3815 τῇ
2406 3745 2604 3818 καρδία
2659 3745 2962 3814 φαντασίας
3006 3744 3196 3798 εἴωθεν
3230 3746 3590 3814 ἐξαφανίζειν
3628 3750 3661 3817 ἡ

2072 3840 2169 3909 τῆς
2199 3838 2508 3908 φιλοξενίας
2533 3838 2759 3910 σπουδὴ,
2786 3839 2881 3892 καὶ
2928 3837 3158 3909 δαψιλὴς
3207 3838 3491 3909 ὑπηρεσία
3536 3857 3663 3909 προ-

2074 3931 2261 4003 θύμως
2290 3933 2577 4002 γινομένη,
2609 3931 2771 4002 εἴπερ
2800 3948 2885 3994 τις
2912 3930 3021 3984 τῶν
3052 3929 3195 3983 ὑλῶν
3230 3932 3664 4003 δπωσδηποτοῦν

2073 4026 2425 4096 ἀπήλλακται
2446 4043 2458 4055 ·
2498 4025 2673 4078 ταῦτα
2699 4024 2756 4077 δὲ
2788 4025 3053 4093 γινόμενα
3081 4023 3225 4092 μετὰ
3250 4024 3663 4091 ταπεινώσεως,

2074 4119 2171 4171 καὶ
2198 4118 2490 4188 συντριϐῆς
2523 4117 2755 4187 καρδίας
2788 4117 2984 4170 θᾶττον
3011 4117 3381 4170 ἀπαλλάττειν
3399 4117 3515 4169 τῶν
3539 4136 3665 4187 φαν-

2073 4211 2278 4265 τασιῶν
2304 4210 2395 4264 τὸν
2428 4210 2730 4278 κάμνοντα.
2757 4209 2975 4279 Σφόδρα
3004 4210 3111 4280 γὰρ
3141 4211 3426 4263 δεδοίκασι
3454 4211 3554 4282 τὴν
3577 4230 3665 4266 τα·

2077 4303 2335 4355 πείνωσιν
2356 4302 2406 4354 οἱ
2444 4300 2721 4371 δαίμονες,
2753 4301 2959 4365 εἰδότες
2979 4301 3186 4372 ταύτην
3207 4302 3550 4373 δεσποτικὴν
3573 4322 3662 4372 γε-

2074 4393 2337 4464 γενῆσθαι
2392 4392 2633 4463 ἐντολήν.
2690 4393 2788 4456 Τίς
2821 4392 2931 4446 τῶν
2990 4393 3388 4464 δοκιμωτάτων
3421 4396 3553 4468 περὶ
3572 4414 3662 4450 τα-

2074 4487 2387 4550 πεινώσεως
2411 4485 2569 4554 λόγον
2600 4485 2790 4551 κινῶν,
2821 4484 2917 4539 καὶ
2944 4484 3103 4539 τοῦτο
3141 4488 3555 4557 κατεμήνυσεν,
3585 4490 3661 4543 ὅτι

2074 4582 2281 4655 Πατὴρ,
2322 4581 2479 4651 φησὶ,
2512 4580 2623 4634 τῶν
2664 4581 2806 4634 πάνυ
2849 4582 3092 4652 δοκίμων
3128 4582 3233 4638 ὑπὸ
3265 4584 3657 4655 δαιμονῶντας,

2072 4679 2167 4730 καὶ
2194 4676 2385 4737 δεινῶς
2418 4675 2779 4745 ἁφραίνοντος
2808 4677 2908 4745 τὴν
2942 4676 3172 4743 σιαγόνα
3210 4677 3533 4748 κρουσθεὶς,
3576 4682 3656 4734 εὖ·

2072 4774 2167 4835 θυς
2198 4770 2513 4834 ἐναλλάξας,
2552 4770 2646 4823 καὶ
2682 4770 2782 4840 τὴν
2836 4770 3006 4841 ἄλλην
3046 4772 3274 4841 ἑτοίμην
3320 4774 3651 4845 παρέθηκεν,

2074 4868 2103 4918 ὁ
2131 4867 2189 4918 δὲ
2216 4866 2292 4928 ὡς
2322 4864 2426 4917 ὑπὸ
2469 4863 2759 4934 ἀστραπῆς
2793 4864 2895 4934 τῆς
2932 4862 3322 4928 ταπεινώσεως
3372 4870 3652 4939 ἀντικρου-

2078 4959 2247 5022 σοεὶς,
2276 4959 2372 5009 καὶ
2410 4954 2753 5026 κραυγάσας,
2790 4956 3113 5027 ἀθρόωςτοῦ
3141 4957 3650 5029 πλάσματοςὰφήλ-

2073 5050 2221 5104 λατο.

389 5141 593 5211 quique
645 5140 881 5211 graviter
900 5139 1235 5208 {insaniebau
1288 5141 1344 5194 in
1389 5143 1605 5196 maxilla
1647 5159 1959 5212 percussus,
2004 5146 2187 5201 statim
2262 5144 2557 5206 alternans,
2624 5148 2678 5194 et
2718 5140 2877 5194 aliam
2929 5127 3175 5209 paratam
3222 5145 3533 5213 proposuit,
3571 5145 3652 5200 ille

388 5248 519 5288 vero
544 5232 689 5287 velut
717 5248 748 5286 a
771 5232 981 5303 fulgure
1012 5232 1336 5287 humilitatis
1368 5249 1740 5302 repercussus,
1770 5245 1825 5290 et
1855 5238 2117 5303 clamans,
2145 5236 2433 5293 confestim
2470 5252 2500 5289 a
2538 5241 2788 5289 creatura
2829 5232 2919 5285 illa
2981 5232 3203 5287 desiliit.

931 5344 1161 5401 CAPUT
1197 5344 1409 5401 XXVII.

461 5461 604 5528 Quin
641 5470 696 5515 et
736 5460 912 5515 sancti
948 5459 1235 5529 Epipltanii
1274 5463 1511 5530 episcopi
1549 5472 1632 5516 est
1665 5462 1825 5516 etiam
1865 5464 1966 5517 hoc

386 5567 627 5624 sequens
644 5553 884 5608 dictum:
911 5554 1019 5617 Ait,
1044 5556 1186 5623 quod
1224 5554 1321 5609 fuit
1346 5556 1567 5623 quidam
1604 5556 1774 5611 vidua:
1798 5556 1969 5611 fidelis

464 5688 512 5720 '°
543 5687 732 5741 Matth.
766 5702 895 5752 xxv,
924 5687 1012 5742 40.

2652 5346 2913 5400 ΚΕΦΑΛ.
2942 5347 3068 5399 ΚΖ’.

2155 5460 2475 5531 Ἐπιφανίου
2507 5457 2602 5511 τοῦ
2643 5458 2802 5528 ἁγίου
2834 5459 3136 5512 ἐπισκόπου
3184 5459 3283 5511 καὶ
3319 5452 3477 5523 οὗτος
3500 5460 3531 5511 ὁ
3566 5459 3649 5514 λό-

2075 5571 2190 5625 γος.
2233 5552 2484 5627 Ἐγένετο
2540 5552 2643 5620 ὅτι,
2688 5552 2843 5620 φησὶ,
2890 5551 3065 5621 χήρας
3108 5549 3310 5619 πιστῆς
3362 5551 3481 5614 υίὸς
3517 5552 3647 5622 [xm
