3788 6224
115 307 246 371 1329

1229 319 1668 381 TRACTATUS
1705 322 1805 383 AD
1838 323 2265 384 EULOGIUM.
2329 386 2332 394 ,

3235 322 3374 388 1130

107 419 336 485 δαίμονα
404 414 680 482 Πύθωνος,
720 419 778 470 ἐν
807 421 872 488 τῇ
919 420 1098 492 πληγῇ
1131 423 1386 494 χρονίσας
1413 423 1683 494 θραπείαν

1818 425 1958 489 ilius,
1988 427 2188 482 habens
2223 429 2524 484 daemonem
2555 429 2834 501 Pythonis,
2856 440 2929 496 et,
2954 432 3159 488 diutius
3195 435 3249 489 in
3281 437 3371 491 illa

105 510 204 578 οὐχ
255 508 544 577 ὑφίστατο.
591 511 703 581 Τῆς
737 512 793 564 δὲ
845 512 1038 566 τούτου
1089 516 1296 586 μητρὸς
1329 517 1689 570 ἐπιταπεινω-

106 602 296 670 θείσης
335 600 414 670 τῷ
457 600 668 664 πένθει,
705 604 1029 674 εὐχαριστία
1063 607 1125 660 τὸ
1167 607 1336 671 πάθος
1368 609 1686 676 κατέψυξεν,

101 693 250 765 ἥπερ
280 697 348 748 ὲκ
368 694 606 764 σταυροῦ
630 695 728 765 τὴν
750 697 929 769 ψυχὴν
965 699 1314 770 κρεμάσασα.
1339 702 1432 753 τδλν
1458 702 1688 772 δαίμονα

100 785 195 836 τοῦ
219 786 413 849 παιδὸς
439 789 564 849 ταῖς
617 789 803 856 εὐχαῖς
847 789 1131 860 ἀπέρρηξε
1163 811 1176 821 ·
1207 791 1301 845 τοῦ
1341 792 1449 863 γὰρ
1479 795 1600 845 νέου
1631 795 1689 846 ὲν

99 879 214 940 τοῖς
247 878 442 949 μέρεσι
471 881 584 943 τοῖς
616 881 777 950 πέριξ
801 882 1158 954 πλανωμένου
1214 886 1308 938 καὶ
1351 886 1450 955 τῆς
1480 885 1687 957 μητρὸς

96 968 242 1022 οἴκοι
295 970 618 1042 εὐχομένης,
682 973 744 1025 τὸ
797 974 999 1042 ταύτης
1052 975 1220 1045 ὄνομα
1247 977 1384 1046 βοῶν
1414 981 1442 1030 ὁ
1479 978 1686 1049 δαίμων

99 1061 365 1128 βασάνοις
391 1063 658 1131 ἠλαύνετο
677 1081 690 1092 ·
725 1067 758 1135 ἡ
791 1065 848 1118 δὲ
891 1067 1024 1119 αὐτὸ
1053 1068 1212 1122 τοῦτο
1260 1069 1557 1132 ἀκούουσα,
1585 1073 1689 1125 οὑκ

95 1139 387 1224 ἐπέδραμε
426 1154 504 1225 τῷ
558 1157 846 1226 πράγματι
884 1159 984 1228 τὴν
1029 1161 1209 1229 μάχην
1240 1165 1338 1232 τῆς
1371 1162 1587 1230 φύσεως
1619 1166 1686 1236 τῇ

94 1247 431 1300 ταπεινώσει
488 1248 852 1316 δεσμεύουσα,
905 1252 1170 1322 ἑλκομένη
1222 1254 1280 1307 δὲ
1338 1256 1469 1325 παρ’
1513 1257 1689 1310 ἄλλων

94 1337 424 1408 ἀϐουλήτως
449 1339 717 1410 ἀπήγετο,
752 1342 1015 1396 ἐπέκεινα
1048 1345 1105 1397 δὲ
1137 1347 1227 1398 καὶ
1249 1347 1277 1398 ὁ
1314 1347 1522 1417 δαίμων
1555 1354 1690 1420 χρῆ-

97 1429 229 1480 σθαι
263 1432 328 1500 τῇ
365 1433 510 1501 φυγῇ
560 1432 845 1501 ἐμαίνετο.
886 1436 950 1488 Ἡ
1005 1437 1103 1506 μὲν
1144 1434 1238 1491 οὖν
1267 1441 1561 1504 ἐπιστᾶσα,
1595 1442 1690 1496 καὶ

94 1524 214 1582 τοῖς
242 1520 476 1591 δάκρυσι
519 1525 610 1576 τὸν
660 1526 828 1579 παῖδα
882 1530 1359 1601 περιπτυξαμένη,
1395 1532 1491 1602 τὴν
1528 1535 1690 1602 εὐχα-

97 1609 340 1677 ριστίαν,
373 1613 471 1664 καὶ
489 1613 822 1668 ταπείνωσιν
852 1619 996 1671 κατὰ
1014 1619 1108 1671 τοῦ
1138 1621 1392 1689 δαίμονος
1415 1625 1689 1694 προύϐάλ-

95 1703 242 1766 λετο,
268 1703 487 1774 πικρῶς
517 1705 573 1758 δὲ
609 1707 947 1781 κλαυσάσης,
979 1712 1074 1764 καὶ
1114 1713 1350 1783 Χριστὸν
1401 1717 1688 1770 ἱκετευσά-

96 1811 224 1865 σης,
265 1796 364 1848 καὶ
416 1796 508 1848 τὸν
557 1798 793 1868 σταυρὸν
838 1802 1194 1873 τυπωσάσης,
1241 1805 1371 1874 πρὶν
1405 1807 1687 1875 μαστίγων

93 1886 335 1948 πολλῶν.
384 1887 581 1942 ϐἄττον
620 1892 716 1944 τοῦ
754 1891 948 1956 παιδὸς
987 1895 1014 1946 ὁ
1058 1894 1268 1964 δαίμων
1301 1897 1537 1968 ἀπέδρα.
1578 1899 1687 1968 Ζη-

93 1978 284 2032 λοῦσιν
313 1983 361 2033 οἱ
391 1981 646 2053 δαίμονες
668 1986 797 2049 τοὺς
834 1988 893 2040 ἐν
923 1989 1171 2060 ὑποταγῇ
1219 1991 1434 2060 Πατρὸς
1483 1993 1690 2063 ἀστρά-

101 2089 364 2138 πτοντας,
398 2075 496 2128 καὶ
522 2076 770 2148 τρίζουσι
803 2082 926 2133 κατ’
953 2082 1133 2135 αὐτῶν
1181 2083 1307 2147 τοὺς
1335 2084 1576 2149 ὀδόντας,
1605 2088 1687 2139 ὅτι

89 2167 154 2218 ἐν
202 2169 267 2236 τῇ
329 2167 576 2240 ὑποταγῇ
651 2171 751 2240 τὴν
809 2174 1093 2244 ἀποταγὴν
1125 2176 1446 2248 ἀμερίμνως
1477 2179 1685 2248 ἐζύγω-

91 2272 305 2323 γωσαν,
335 2259 455 2310 καθ’
477 2253 554 2313 ὦν
575 2263 672 2313 καὶ
697 2264 1001 2332 προφάσεις
1022 2265 1505 2333 ἀκριϐολογοῠντες
1536 2285 1682 2340 παρ-

89 2353 371 2420 οξυσμοὺς
421 2353 702 2423 ἀρτύουσι,
752 2357 848 2409 καὶ
902 2359 966 2427 τῇ
1003 2358 1376 2430 συμϐαινούσῃ
1405 2360 1684 2431 ὀργῇ,τὴν

91 2445 263 2513 μῆνιν
311 2444 702 2515 ὲγγλύφουσιν,
759 2448 952 2503 ἔπειτα
994 2450 1050 2503 δὲ
1103 2453 1195 2503 καὶ
1244 2453 1401 2521 μῖσος
1431 2453 1566 2522 πρὸς
1594 2454 1684 2505 τὸν

86 2537 326 2606 Πατέρα
381 2538 507 2590 κατ’
539 2539 719 2606 ὀλίγον
753 2539 995 2609 ἐψοῦσιν,
1026 2543 1102 2606 ὼς
1155 2542 1249 2596 ἆτε
1301 2543 1461 2613 δῆθεν
1484 2545 1684 2608 ἀδίκως

91 2629 528 2698 ἐπιπλήττοντα,
559 2631 654 2682 καὶ
681 2631 824 2684 κατὰ
855 2634 1146 2703 πρόσωπον
1173 2636 1509 2706 προσέχοντα
1535 2655 1549 2668 ·
1599 2639 1684 2690 ἵνα

89 2718 161 2768 ἑκ
195 2716 469 2788 διαφόρων
490 2720 704 2789 τρόπων
732 2720 831 2791 τὴν
858 2722 1040 2792 ψυχὴν
1079 2727 1546 2794 περιτινάξαντες,
1574 2729 1683 2780 τῶν

84 2809 354 2874 ἀγκαλῶν
385 2813 725 2881 σκορπίσωσι
757 2813 867 2865 τῶν
891 2817 1196 2884 πατρικῶν.
1235 2818 1292 2869 ’0
1328 2818 1421 2871 οὖν
1450 2820 1510 2872 ἐν
1547 2821 1680 2872 ὑπο-

85 2903 238 2971 ταγῇ
293 2903 505 2973 Πατρὸς
549 2905 834 2976 ὑπάρχων,
869 2907 1093 2978 ὕϐρεσιν
1146 2911 1418 2980 ἡττάσθω,
1464 2915 1557 2965 καί
1586 2931 1682 2964 τα-

85 2995 361 3047 πεινώσει
396 2996 621 3062 νικάτω,
655 2998 749 3051 καὶ
787 3000 1144 3072 μακροθυμίᾳ
1181 3003 1552 3072 ρυθμιζέσθω,
1586 3006 1679 3059 καὶ

1791 517 1945 587 plaga
1973 534 2316 588 permanens,
2367 522 2594 578 minime
2641 524 2973 592 suscipiebat
3012 527 3368 582 curationem.

1791 608 1923 677 Ejus
1961 619 2140 664 autem
2174 622 2349 668 matre
2373 614 2521 669 lttctu
2551 616 2856 683 humiliata,
2895 619 3195 687 gratiarum
3229 621 3370 675 actio

1789 698 2128 767 refrigeravit
2173 706 2503 772 passionem,
2561 723 2684 777 qua:
2728 708 2966 764 animam
2998 727 3028 764 e
3053 727 3214 767 cruce
3246 728 3369 768 sus-

1789 791 2060 857 pendens,
2115 793 2416 850 daemouem
2472 815 2501 851 a
2551 813 2720 866 puero
2762 800 2959 868 abjecit
2992 803 3370 872 orationibus;

1790 891 1914 930 cum
1966 880 2110 933 enim
2165 882 2215 934 in
2267 884 2535 952 partibtts,
2581 902 2705 956 quae
2740 891 3165 961 circumquaque
3223 904 3368 960 sunt,

1791 970 2106 1029 adolescens
2122 977 2478 1046 vagabundus
2506 991 2735 1046 erraret,
2760 984 3019 1055 domique
3048 997 3220 1040 mater
3245 1002 3369 1039 Ora-

1793 1070 1893 1126 ret,
1926 1066 2164 1134 ejusdem
2203 1086 2398 1124 nomen
2427 1073 2732 1128 vociferans
2780 1077 2992 1132 daetnnn
3039 1080 3371 1134 cruciatibus

1791 1150 2130 1219 agitabatur;
2167 1157 2280 1226 ipsa
2326 1174 2456 1214 vero
2485 1162 2536 1216 id
2583 1164 2806 1218 audiens
2832 1164 2990 1238 44],
3030 1183 3138 1222 non
3177 1184 3371 1222 aet-ur-

1790 1247 1862 1300 rit
1908 1248 1974 1301 ad
2024 1264 2139 1302 rem
2170 1251 2470 1318 visendam,
2515 1270 2753 1326 pugnam
2811 1270 3020 1314 natura:
3067 1265 3374 1320 humilitate

1790 1340 2124 1409 devinciens,
2159 1355 2329 1402 tracta
2355 1365 2485 1404 vero
2518 1354 2584 1404 ab
2607 1352 2730 1407 aliis
2758 1352 2930 1408 invito
2958 1355 3369 1420 abducebatur;

1790 1442 1847 1487 at
1886 1435 1993 1488 illic
2023 1437 2236 1493 daemon
2286 1440 2582 1497 furibundo
2632 1444 2835 1514 impetu
2875 1449 3160 1519 agebatur,
3196 1461 3254 1506 ιιι
3285 1452 3371 1506 fu-

1790 1543 1912 1597 gam
1960 1532 2245 1604 arriperet.
2304 1534 2394 1588 Illa
2444 1537 2608 1607 igitur
2656 1539 2959 1606 insistens,
3005 1545 3372 1615 lacrymisque

1790 1619 1961 1673 tilium
1996 1609 2470 1692 circumfundens;
2508 1631 2805 1700 gratiarum
2851 1635 3143 1703 actionem,
3184 1648 3240 1692 et
3268 1640 3372 1694 hu-

1792 1713 2150 1770 miliationem
2205 1718 2468 1773 adversus
2515 1721 2818 1778 daemonem
2877 1727 3191 1796 objiciebat.
3231 1731 3368 1785 Cum

1792 1812 1972 1858 autem
2004 1821 2190 1863 amare
2211 1810 2559 1878 ejulasset,et
2581 1813 2856 1870 Christum
2893 1820 3116 1889 supplex
3148 1837 3374 1876 exorasp

1790 1903 1893 1957 set,
1942 1910 2271 1969 crucemque
2333 1903 2710 1968 cfformasset,
2761 1917 2887 1962 ante
2924 1912 3091 1964 multa
3137 1911 3368 1982 flagella,

1789 1983 2022 2042 celerius
2077 2003 2105 2041 a
2136 2004 2308 2058 puero
2369 1994 2583 2049 dzemon
2638 1998 2869 2068 aufugit.
2914 1999 3077 2056 Valde
3127 2004 3374 2060 invident

1789 2076 2065 2136 daemones
2095 2082 2179 2149 iis,
2220 2086 2316 2155 qni
2352 2087 2404 2141 in
2448 2088 2624 2145 Patris
2675 2092 3014 2162 subjectione
3055 2112 3370 2166 coruscant,

1787 2178 1843 2224 et
1881 2172 2143 2230 adversus
2173 2192 2267 2231 eos
2318 2180 2612 2237 stridentes
2647 2185 2902 2240 dentibus
2949 2187 3207 2255 fremunt,
3245 2194 3370 2262 quia

1789 2261 1842 2314 in
1899 2265 2238 2333 subjectiune
2295 2271 2411 2326 sine
2456 2289 2604 2339 cura,
2666 2278 2853 2332 mundi
2907 2283 3367 2340 renuntiationem

1790 2354 2228 2423 conjunxerunt,
2267 2369 2456 2415 contra
2512 2379 2649 2433 quos
2681 2379 2938 2424 accurate
2998 2373 3370 2442 disquirentes

1789 2455 2120 2514 praatcxtus,
2175 2450 2508 2509 irritationes
2549 2471 2836 2526 apparant,
2890 2473 2963 2526 et,
3021 2470 3368 2537 contingente

1787 2539 1958 2592 animi
2013 2545 2391 2614 succensione,
2440 2547 2582 2604 iram
2637 2551 2973 2624 insculpunt,
3015 2568 3205 2626 postea
3239 2577 3369 2616 vero

1785 2640 1840 2684 et
1869 2632 2053 2688 odium
2099 2635 2153 2689 in
2193 2637 2404 2694 Patrem
2457 2643 2718 2711 paulatim
2749 2660 3008 2717 coquunt,
3051 2653 3273 2722 perinde
3304 2673 3370 2712 ac

1789 2722 1990 2791 injuste
2033 2727 2285 2784 videlicet
2339 2732 2688 2803 afﬂigeutem,
2725 2748 2778 2792 et
2825 2741 2896 2794 ob
2925 2757 2987 2797 os
3030 2744 3370 2801 animadver-

1785 2823 2008 2884 tentem,
2043 2829 2124 2887 ut,
2149 2823 2380 2880 diversis
2402 2828 2580 2884 modis
2607 2831 2844 2885 animam
2867 2837 3367 2908 circumcutieutes,

1785 2922 1848 2962 ex
1901 2911 2044 2966 ulnis
2103 2917 2342 2983 paternis
2384 2920 2719 2992 dispergant.
2783 2925 2883 2992 Qui
2923 2944 3055 3000 ergo
3093 2931 3149 2985 in
3188 2936 3371 3003 subje-

1786 3000 1964 3058 ctione
1983 3003 2162 3062 Patris
2191 3020 2301 3074 est,
2334 3016 2678 3071 contumeliis
2705 3019 2879 3080 cedat,
2913 3033 2967 3075 et
2994 3000 3369 3083 humiliatione

86 3087 176 3156 μὴ
208 3086 323 3138 τῶν
369 3089 648 3160 λογισμῶν
688 3090 1178 3160 ὑπογογγυζόντων
1235 3096 1516 3163 άνεγέσθω
1550 3098 1683 3168 πρὸς

1818 3094 1994 3164 νὶηοοι,
2036 3109 2091 3153 et
2131 3100 2541 3173 longanimitate
2584 3117 2938 3181 temperetur,
2983 3131 3084 3171 nec
3116 3120 3369 3176 submur-

85 3180 506 3251 αὑστηρότητα,
555 3182 652 3234 καὶ
710 3182 956 3251 ἀδελφῶν
1001 3184 1341 3258 θρασύτητα.

664 3429 918 3486 ΚΕΦΑΛ.
962 3431 1099 3487 KH'.

162 3534 275 3589 Καὶ
317 3534 401 3588 ὃτι
450 3527 736 3606 μοχθηρᾶς
777 3537 1023 3603 δουλείας
1050 3540 1083 3609 ή
1115 3539 1398 3610 ἐλευθερία
1439 3539 1683 3606 ξσὸζυγος

80 3627 157 3680 οὐ
185 3626 489 3696 τυγχάνει,
531 3627 874 3681 είσόάλλουσι
903 3629 1013 3698 γὰρ
1043 3628 1312 3700 μάλιστα,
1359 3632 1453 3684 καὶ
1487 3650 1682 3703 περαι-

82 3720 238 3791 τέρω
264 3719 490 3783 τούτων,
515 3716 604 3772 ἵνα
621 3719 831 3789 αὐθάδη
860 3721 953 3774 τὸν
980 3721 1302 3786 ὑπεξούσιον
1333 3725 1680 3794 ποιήσαντες,

84 3810 343 3880 εὐχερῶς
371 3812 451 3874 είς
478 3811 578 3874 τὰς
623 3811 754 3875 ὕλας
797 3813 1199 3884 περιπείρωσι·
1255 3815 1380 3878 τοὺς
1430 3817 1527 3885 μὲν
1573 3817 1680 3888 γὰρ

83 3903 188 3955 καὶ
236 3903 326 3955 διὰ
373 3903 581 3955 τούτων
618 3905 720 3975 τῆς
757 3905 1105 3976 πατροσύνης
1163 3909 1396 3979 χωρίσαι
1444 3910 1679 3962 σπουδά-

84 3997 252 4058 ζουσι
279 4037 295 4062 ,
332 3996 458 4058 τοὺς
488 3996 543 4049 δὲ
577 3998 668 4049 καὶ
700 3998 766 4050 δι’
796 3999 1024 4070 ἐτέρων.
1066 4000 1340 4069 Ἐργασαι
1367 4042 1380 4060 ,
1418 4002 1512 4054 καὶ
1543 4003 1678 4073 κτῆ-

83 4104 203 4150 σαι,
237 4087 332 4138 καὶ
349 4087 579 4152 ξένισαι,
610 4088 759 4141 ἔνδον
783 4091 1093 4160 ἐπᾴδοντες,
1132 4092 1279 4154 ὅπως
1308 4092 1482 4162 ὄνομα
1514 4096 1679 4148 καλὸν

83 4179 312 4249 σεαυτῷ
349 4182 683 4252 περιποιήσῃ
707 4197 720 4207 °
762 4183 869 4235 ἀπὸ
904 4184 1012 4254 γὰρ
1053 4187 1161 4236 τῶν
1196 4185 1358 4253 δῆθεν
1393 4185 1573 4239 καλῶν
1610 4189 1678 4240 τὰ

80 4271 315 4336 ζιζάνια
359 4276 459 4343 τῆς
494 4274 764 4342 πονηρίας
796 4275 858 4327 τὸ
891 4276 1035 4327 κατὰ
1087 4277 1251 4346 μέρος
1291 4278 1673 4349 ἐνσπείρουσι,

77 4363 186 4417 καὶ
216 4363 363 4434 παρὰ
399 4365 500 4432 μὲν
531 4365 627 4428 τὰς
661 4367 837 4435 ἀρχὰς
865 4367 1089 4435 ἀφιᾶσιν
1117 4369 1278 4419 αὑτὸν
1301 4372 1365 4439 τῇ
1393 4371 1670 4442 κενοδοξία

1793 3198 2075 3244 murautes
2103 3195 2458 3262 cogitationes
2489 3201 2758 3259 sustineat
2783 3205 2850 3259 ad
2882 3210 3278 3278 austeritatem,
3313 3224 3369 3268 et

1789 3279 2073 3334 audaciam
2109 3283 2160 3336 in
2185 3283 2402 3341 fratres.

2319 3420 2552 3478 CAPUT
2593 3425 2830 3485 XXVIII.

1857 3528 2031 3584 Etiam
2085 3535 2229 3602 quod
2279 3539 2528 3594 servituti
2585 3557 2910 3604 aerumnosa!
2963 3550 3212 3621 (scilicet
3251 3559 3362 3613 dm-

1783 3635 1976 3677 mones
2014 3623 2257 3696 dictant)
2297 3629 2520 3688 libertas
2567 3651 2674 3690 non
2723 3650 2807 3695 est
2838 3646 3084 3713 aequalis,
3124 3649 3232 3706 imo
3270 3669 3366 3722 pu-

1786 3713 1893 3769 tius
1920 3719 2091 3770 multo
2121 3719 2206 3773 his
2235 3721 2387 3789 plura
2422 3725 2760 3798 immittunt,
2813 3743 2906 3802 ut,
2937 3753 3062 3792 cum
3102 3743 3365 3800 audacmn

1783 3809 2037 3874 potestati
2081 3811 2357 3868 subditum
2394 3817 2691 3889 eﬂccerint,
2742 3823 2904 3882 facile
2943 3845 3161 3903 quoque
3205 3853 3365 3892 mttu-

1783 3897 1939 3952 danis
1991 3902 2244 3958 sordibus
2293 3906 2556 3978 inligant;
2615 3917 2815 3971 etenim
2862 3919 2960 3976 hos
2996 3925 3212 3992 quidem
3268 3946 3366 3999 per

1784 3988 1898 4044 hate
1931 4007 2186 4058 separare
2219 4000 2438 4055 student
2467 4017 2495 4055 a
2530 4009 2892 4074 paternitate,
2948 4014 3147 4073 alteros
3179 4031 3362 4075 autem

1781 4098 1878 4151 per
1927 4085 2053 4139 alia.
2110 4086 2370 4157 Operare,
2420 4103 2474 4146 et
2525 4112 2747 4170 peregre
2794 4101 2957 4175 442
3013 4109 3365 4170 advenientes

1785 4177 2024 4244 hospitio
2054 4180 2257 4246 recipe,
2293 4182 2441 4238 intus
2488 4185 2766 4246 hortantes
2811 4196 3086 4253 tltetnones
3137 4201 3360 4273 instant,

1779 4283 1890 4335 quo
1923 4286 2119 4324 nomen
2153 4274 2246 4326 tibi
2278 4277 2599 4343 praiclarum
2632 4297 2947 4354 compares;
2995 4306 3118 4345 nam
3164 4310 3229 4348 ex
3279 4297 3364 4352 his

1783 4363 2032 4419 videlicet
2062 4367 2220 4423 bonis
2262 4372 2384 4425 lolia
2418 4375 2639 4431 malitiae
2669 4380 2945 4448 sigillatim
2989 4385 3357 4448 insetninant:

79 4455 552 4524 ἐγγλυκαίνεσοαι
571 4497 584 4515 .
610 4459 705 4510 καὶ
736 4459 925 4529 νήφειν
955 4462 1020 4530 τῇ
1057 4464 1272 4528 συνεχεῖ
1301 4462 1546 4532 νηστείᾳ,
1577 4465 1673 4516 καί

1818 4468 1834 4510 ι
1878 4459 2020 4526 apud
2076 4462 2412 4532 principatus
2445 4469 2662 4537 quidem
2704 4475 2986 4532 dimittunt
3020 4481 3170 4536 illum
3224 4503 3358 4540 vana

79 4546 396 4616 προθύμως
445 4549 770 4601 ἀνίστασθαι
821 4550 879 4601 ὲν
920 4555 1038 4613 ταῖς
1085 4558 1451 4621 προσευχαῖς,
1488 4555 1582 4607 καὶ
1619 4558 1677 4609 ἐν

77 4642 211 4700 ταῖς
245 4640 553 4704 συνάξεσιν,
578 4640 652 4704 ὡς
685 4642 771 4694 ἵνα
800 4642 1102 4712 λογίζηται,
1134 4644 1577 4712 ὄτιῪπεξούσιος
1603 4650 1679 4703 ὢν

77 4731 333 4794 τοιοῦτος
370 4733 472 4784 οὑκ
516 4733 852 4802 ἐτύγχανον·
888 4736 1008 4788 ἐκεῖ
1035 4736 1143 4804 γὰρ
1190 4737 1540 4810 καὶ-ὕϐρεις,
1582 4743 1677 4797 καὶ

78 4823 285 4882 λύπαι,
311 4822 408 4874 καὶ
442 4826 701 4892 ταραχαὶ,
724 4823 958 4877 ἐνταῦθα
992 4825 1050 4878 δὲ
1082 4828 1296 4898 εἰρήνη,
1321 4830 1414 4882 καὶ
1439 4830 1674 4904 γαλήνη,

80 4915 184 4966 καὶ
228 4915 373 4982 χαρὰ
397 4955 411 4977 ,
444 4915 560 4966 ἐκεῖ
588 4917 802 4984 [ἰατρὸς
845 4918 1123 4988 αὑστηρία
1145 4960 1158 4980 ,
1197 4919 1290 4970 καὶ
1324 4921 1487 4988 φόϐος
1509 4966 1524 4988 ,
1580 4926 1674 4976 καὶ

79 5005 393 5074 ἐπιπληξία
419 5045 433 5067 ,
469 5006 702 5060 ἐνταῦθα
736 5008 793 5060 δὲ
828 5010 1154 5080 ἀμεριμνία,
1201 5013 1294 5064 καὶ
1323 5015 1543 5083 ἁφοϐία,
1581 5019 1676 5071 καὶ

79 5095 358 5164 ἀπληξία.
399 5098 508 5150 Καὶ
534 5097 676 5151 οὕτω
708 5101 768 5152 ὲν
796 5105 908 5163 τοῖς
939 5102 1206 5166 τοιούτοις
1241 5105 1542 5174 κλέψαντες
1576 5111 1673 5162 αὐ·-

79 5188 184 5242 τοῦ
236 5187 330 5240 τὸν
375 5188 499 5241 νοῦν
544 5191 991 5262 ὑφαρπάζουσιν·
1041 5193 1194 5261 ἄφνω
1244 5197 1301 5248 δὲ
1351 5199 1674 5266 ἐπιστάντες

82 5282 247 5349 ’ὕπνῳ
314 5281 589 5352 ὑπερορίῳ
633 5283 732 5353 τὴν
777 5283 958 5354 ψυχὴν
1008 5286 1155 5356 φόϐῳ
1192 5290 1538 5357 ῥαντίζουσι,
1583 5295 1676 5347 καὶ

81 5375 188 5436 τὰς
245 5376 498 5440 συνάξεις
555 5375 789 5447 ἀμελείᾳ
862 5378 957 5430 καὶ
999 5378 1202 5451 ἀκηδίᾳ
1243 5381 1672 5454 ὑπεκκόπτουσι,

81 5464 184 5516 καὶ
216 5464 316 5533 τὴν
346 5463 654 5534 ξενοδοχίαν
687 5465 910 5536 ὄχλησιν
954 5462 1094 5520 εἶναι
1141 5471 1672 5543 ὑπομνηματίςουσι,

81 5555 187 5610 καὶ
210 5545 393 5610 πάντα
424 5559 681 5625 μάγγανα
723 5561 823 5628 τῆς
865 5560 1065 5624 κακίας
1094 5561 1412 5631 ἐπάγουσιν,
1455 5567 1542 5621 ἵνα
1577 5569 1676 5640 τὴν

81 5648 326 5717 ἀκηδίαν
355 5649 506 5718 αὑτῷ
548 5651 950 5722 προσρίψαντες
978 5696 991 5713 ,
1037 5655 1129 5707 καὶ
1178 5658 1317 5727 πρὸς
1370 5660 1532 5714 αὐτὸν
1583 5661 1674 5715 τὸν

88 5737 211 5810 βίον
250 5743 408 5811 μῖσος
436 5742 806 5812 ἐργάσωνται,
839 5743 934 5796 καὶ
970 5743 1112 5799 οὕτω
1137 5751 1342 5820 γυμνὸν
1374 5752 1538 5806 αὑτὸν
1564 5754 1672 5810 τῶν

334 5853 611 5918 'PATROL.
659 5859 776 5919 Gn.
826 5861 1111 5925 LXXIX.

1780 4550 1949 4612 gloria
1981 4555 2243 4618 edult-ari,
2297 4561 2626 4633 assiduoque
2675 4569 2857 4625 sobrie
2896 4588 3054 4643 agere
3101 4577 3308 4647 jejunio
3339 4625 3354 4644 .

1779 4661 1843 4700 ac
1877 4660 2126 4718 prompto
2155 4653 2340 4706 animo
2381 4656 2432 4708 in
2471 4658 2836 4726 orationibus,
2885 4677 2938 4719 et
2980 4675 3348 4741 congregatio-

1780 4739 1942 4794 nibus
1966 4744 2139 4797 sacris
2166 4748 2473 4813 persistere,
2501 4749 2572 4804 ita
2608 4755 2772 4809 utsic
2805 4759 3159 4815 ratiocinetur
3192 4782 3204 4818 :
3244 4765 3357 4821 Sub

1779 4840 2047 4899 potestate
2081 4851 2204 4888 cum
2253 4853 2453 4904 essem,
2493 4841 2615 4898 talis
2643 4859 2751 4899 non
2787 4861 2960 4901 eram.
2997 4850 3073 4904 lbi
3111 4855 3256 4909 euint
3304 4869 3359 4912 et

1780 4923 2046 4987 convicia,
2081 4934 2132 4977 et
2163 4927 2398 4991 dolores,
2423 4938 2476 4984 et
2511 4933 2873 5001 turbationes;
2913 4938 2999 4994 hic
3022 4953 3200 4998 autem
3229 4962 3355 5014 pax,

1782 5023 1835 5066 et
1870 5015 2255 5084 tranquillitas,
2286 5029 2338 5072 et
2368 5021 2627 5087 gaudium
2662 5044 2674 5078 :
2710 5026 2780 5079 ibi
2816 5025 2994 5085 Patris
3041 5039 3356 5103 austeritas,

1781 5112 1835 5156 et
1863 5116 2062 5168 metus,
2097 5115 2259 5174 atque
2291 5111 2608 5177 percussio;
2664 5113 2750 5169 hic
2790 5131 2919 5170 vero
2971 5121 3116 5176 nulla
3154 5127 3358 5181 sollici-

1783 5198 1916 5252 tudo
1947 5217 1960 5251 :
1990 5200 2155 5252 timor
2182 5202 2383 5264 nullus.
2409 5206 2556 5260 nulla
2587 5211 2867 5276 percussio
2900 5231 2914 5268 :
2944 5224 2997 5268 et
3026 5216 3105 5272 sic
3131 5219 3184 5273 in
3209 5222 3360 5278 hisce

1783 5289 1986 5344 talibus
2020 5301 2255 5345 mentem
2289 5292 2459 5361 ipsius
2493 5295 2739 5354 furantes
2771 5302 3124 5376 subripiunt;
3155 5325 3220 5365 ex
3256 5312 3357 5366 im-

1783 5382 2006 5454 proviso
2035 5384 2220 5438 itidem
2257 5384 2558 5442 insilientes
2589 5403 2783 5444 somno
2814 5401 3029 5465 tempus
3061 5403 3359 5459 excedente

1785 5475 2110 5546 legitimum,
2141 5477 2376 5531 animam
2407 5477 2647 5535 irrorant
2678 5492 2850 5547 metu.
2882 5497 2936 5542 et
2981 5498 3359 5564 congregatio-

1783 5584 1881 5622 nes
1937 5583 2124 5623 sacras
2171 5569 2498 5640 negligentia
2541 5573 2868 5648 pigritiaque
2901 5562 3355 5656 subéxschidunt,

1781 5676 1845 5716 ac
1901 5661 2178 5732 hospitum
2245 5665 2648 5734 susceptionem
2712 5672 3176 5738 perturbationem
3234 5695 3358 5736 esse

1779 5767 2243 5824 commentantur,
2279 5761 2572 5832 omniaque
2609 5765 2829 5820 malitiae
2865 5769 3176 5837 producunt
3218 5789 3354 5844 prae-

2914 5883 2987 5946 36
