3788 6224
492 322 580 383 35:1
1912 326 1970 385 s.
2016 327 2173 386 NlLI
2242 394 2249 403 ,

3582 187 3621 213 Α

3562 320 3683 381 11.“!

448 440 671 506 stigiosa
722 437 1176 501 machinamenta,
1220 447 1275 490 ut
1324 440 1375 493 in
1420 456 1541 493 eum
1598 440 1857 494 desidiam
1902 442 2013 510 inji-

2130 439 2342 509 ἀρετῶν
2380 442 2673 509 στήσαντες
2702 446 2811 506 τοῖς
2847 439 3102 509 ἀγγέλοις
3130 436 3685 507 δειγματίσωσιλιοτὲ

449 528 677 591 cientes,
722 527 885 580 vitam
942 543 1160 596 quoque
1212 530 1382 597 ipsam
1453 529 1687 583 elliciant
1742 532 2021 595 odiosam,

449 622 659 689 sicque,
696 620 950 674 sistentes
984 636 1109 675 cum
1142 622 1435 676 virtutibus
1472 624 1706 686 nudum,
1763 624 1894 693 ipsis
1924 640 2022 677 an-

448 712 580 781 gelis
635 713 939 765 traducant.
992 710 1262 765 lnterdmu
1306 714 1525 783 quidem
1586 714 1863 768 da‘mones
1929 730 2023 784 per

446 802 801 871 cogitationes
829 803 1069 857 exaltant
1116 803 1349 869 labores,
1383 807 1713 876 quandoque
1761 823 1890 860 vero
1927 821 2022 861 eos

445 904 760 961 extenuant,
793 896 948 966 quasi
980 896 1113 949 nihil
1148 896 1446 966 perficiant,
1481 909 1536 950 ιιι
1569 900 1859 968 aliquando
1894 898 2019 967 qui-

444 988 567 1039 dem
610 1003 867 1041 vesanam
902 988 1067 1041 animi
1102 989 1394 1042 elationem
1442 989 1652 1051 indunt,
1689 988 2017 1059 quandoque

444 1094 572 1133 vero
611 1079 856 1133 inserant
907 1079 1371 1148 desperationem;
1444 1081 1528 1135 his
1582 1081 1724 1134 enim
1777 1081 1865 1150 qui
1909 1097 2015 1134 non

442 1171 737 1225 ﬂectuntur
769 1170 832 1224 ad
866 1172 1154 1241 magnifice
1189 1172 1255 1225 de
1292 1188 1350 1227 se
1382 1173 1721 1226 sentiendum
1744 1210 1759 1232 ,
1806 1173 2017 1228 labores

441 1264 699 1328 eﬂ'erunt,
753 1273 811 1318 ut
865 1280 1117 1319 vesanam
1170 1266 1460 1336 quamdam
1510 1266 1677 1319 animi
1724 1266 2015 1320 elatiOnem

2128 532 2227 601 μὲν
2262 534 2310 583 οἱ
2342 532 2599 603 δαίμονες
2644 533 2731 587 διά
2763 533 2873 585 τῶν
2899 528 3178 600 λογισμῶν
3213 528 3338 589 τοὺς
3372 526 3563 586 πόνους
3597 542 3684 593 με·

2122 626 2417 694 γαλύνουσι
2442 668 2455 688 ,
2490 628 2623 679 ποτὲ
2656 627 2713 680 δὲ
2760 626 2983 689 τούτους
3016 622 3382 686 εὑτελίζουσιν
3416 621 3492 683 ὡς
3533 619 3682 688 μηδὲν

2120 718 2382 781 ἀνύοντας
2408 759 2422 783 ,
2456 720 2542 771 ἴνα
2571 720 2705 772 ὅπου
2740 720 2838 787 μὲν
2886 717 3150 772 ἀπόνοιαν
3191 714 3515 785 ὲνθήσωσιν,
3563 713 3685 762 ὅπου

2118 810 2175 862 δὲ
2216 812 2527 879 ἀπόγνωσιν
2560 812 2908 884 ὲνσπείρωσι.
2952 811 3079 873 Τοῖς
3118 810 3229 878 γάρ
3271 806 3346 877 μὴ
3376 802 3688 874 καμπτομέ-

2121 919 2235 965 νοις
2266 902 2569 973 χαυνῶσαι,
2600 905 2727 967 τοὺς
2761 904 2959 965 πόνους
2990 900 3408 972 μεγαλύνουσιν,
3447 897 3536 948 ἴνα
3564 895 3688 947 ἁπό-

2121 1008 2268 1043 νοιαν
2322 993 2629 1063 ἐνοήςωσι,
2680 996 2794 1057 τοῖς
2850 992 2905 1047 δὲ
2959 990 3188 1061 ἀπονοίᾳ
3220 985 3572 1059 κάμπτεσθαι
3624 987 3690 1054 μὴ

2121 1084 2503 1154 πειθομένοις,
2567 1086 2719 1139 οὐδὲν
2776 1086 2973 1148 πλέον,
3033 1084 3149 1138 ἀλλ’
3212 1082 3245 1153 ἢ
3317 1081 3449 1142 τοὺς
3507 1077 3691 1138 πόνους

2121 1178 2413 1247 ἐπᾴδουσιν
2457 1178 2661 1243 ἀνύειν,
2698 1178 2783 1230 ἵνα
2815 1176 3196 1248 χαυνώσαντες
3220 1214 3237 1239 ,
3269 1171 3585 1241 ἀπόγνωσιν
3618 1171 3692 1219 ἐν·

2122 1271 2446 1340 σπείρωσιν.

442 1358 630 1410 indaut
661 1375 673 1409 :
708 1358 813 1410 illis
841 1367 1045 1421 autem,
1080 1359 1172 1427 qui
1212 1375 1316 1411 non
1353 1358 1774 1427 prrsuadentur,
1823 1365 1881 1408 ut
1922 1357 2013 1409 tali
2055 1363 2255 1414 amenti
2334 1361 2622 1418 flectantur
2686 1362 3017 1431 insipientia,
3047 1361 3179 1415 nihil
3211 1359 3447 1429 amplius
3475 1356 3613 1410 faciu
3652 1365 3687 1410 ι.

440 1452 531 1505 sed
562 1452 734 1503 solum
772 1450 1045 1503 inculcant
1077 1467 1184 1518 quo
1219 1451 1433 1504 labores
1486 1452 1785 1519 perficiant,
1841 1457 1897 1501 ut
1935 1464 2027 1502 cos
2068 1449 2315 1507 laxantes
2351 1463 2405 1508 et
2440 1457 2707 1509 lassantes
2741 1454 2987 1508 inserant
3020 1451 3489 1523 desperationem.

897 1538 1057 1610 [.43
1098 1539 1323 1593 carm
1366 1538 1555 1592 χχιχ.

510 1632 740 1698 Quando
800 1632 966 1699 igitur
1024 1633 1381 1701 cogitationes
1435 1649 1662 1702 magnos
1722 1632 2018 1702 przedicent

2691 1546 2944 1598 ΚΕΦΑΛ.
2985 1543 3112 1596 KG’.

2199 1636 2367 1689 Ὅταν
2400 1634 2493 1691 οὖν
2535 1639 2584 1691 οί
2624 1638 2877 1707 λογισμοὶ
2922 1637 3047 1699 τοὺς
3089 1634 3287 1697 πόνους
3334 1633 3693 1703 μεγαλύνωσι,

440 1727 689 1791 labores,
746 1728 1051 1795 respuendo
1107 1726 1267 1788 illas,
1319 1726 1557 1778 animant
1622 1734 2013 1789 extenuemus;

2130 1729 2347 1792 τούτους
2382 1729 2757 1793 ἀποπτύοντες
2778 1770 2791 1791 ,
2823 1729 2923 1796 τὴν
2952 1728 3127 1798 ψυχὴν
3156 1726 3549 1795 εύτελίζωμεν,
3578 1728 3696 1778 ὅταν

438 1820 659 1888 quando
690 1831 868 1872 autem
902 1834 931 1872 e
961 1819 1177 1871 diverso
1221 1819 1431 1871 labores
1463 1818 1823 1881 imminuant,
1860 1818 2016 1886 quasi

438 1913 573 1965 nihil
606 1912 968 1980 perlicientes,
1004 1925 1125 1971 nos,
1157 1910 1333 1979 quoad
1366 1912 1507 1965 vires
1539 1910 1750 1975 ferent,
1802 1910 2017 1964 miseri-

440 2005 657 2059 cordias
698 2003 902 2056 Christi
935 2003 1293 2065 extollamus;
1337 2010 1542 2070 quanto
1590 2003 1733 2056 enim
1785 2003 2017 2071 amplius

439 2113 640 2166 corpus
686 2105 837 2149 tuum
894 2095 1105 2149 duriter
1153 2096 1491 2161 tractaveris,
1540 2111 1606 2149 eo
1648 2096 1822 2165 magis
1867 2107 2013 2150 tuam

440 2189 806 2256 perscrutaris
839 2187 1254 2241 conscientiam.
1290 2186 1548 2258 Teipsum
1584 2188 1875 2257 dignoscc,
1922 2203 2015 2244 co-

440 2280 760 2348 gitationum
796 2280 847 2332 in
897 2279 1111 2333 occulto
1162 2278 1591 2348 depraedationes
1644 2281 2012 2347 persentiens,

442 2388 508 2425 ne
541 2372 679 2425 forte
714 2372 1107 2426 insensibiliter
1152 2373 1335 2441 agitati
1372 2373 1516 2426 circa
1561 2372 1895 2427 clandestina
1923 2388 2013 2426 ea-

440 2479 561 2517 rum
598 2464 905 2526 latrocinia,
942 2464 1340 2529 inumbrcmur,
1385 2474 1661 2533 putantes,
1704 2465 1849 2535 quod
1900 2466 2013 2520 sola

439 2557 619 2609 vietus
671 2557 963 2623 asncritate
1014 2558 1245 2609 virtutes
1297 2557 1624 2625 percipimus
1669 2574 1682 2609 :
1736 2559 1817 2612 sic
1867 2560 2013 2612 enim

437 2646 658 2716 quidam
697 2647 1057 2716 imaginantes
1103 2648 1319 2701 excussi
1358 2659 1486 2701 sunt
1516 2657 1716 2713 mente,
1743 2650 1903 2703 veluti
1934 2650 2017 2703 lo.

438 2749 645 2803 eustae,
698 2737 1039 2791 daemonibus
1076 2737 1491 2805 imaginationes
1540 2739 2011 2807 exscindentibus,

438 2846 502 2883 ac
535 2830 772 2883 visiones
805 2828 1261 2897 detorquentibus
1286 2868 1300 2893 ,
1351 2838 1404 2883 et
1450 2830 1907 2899 depravantibus,
1960 2844 2015 2888 et

438 2924 768 2992 quandoque
825 2934 970 2976 metu
1028 2937 1245 2991 quoque
1308 2924 1545 2975 animam
1604 2924 2010 2994 diripientibus.

438 3017 663 3070 tLuidam
722 3016 950 3070 fratrum
1004 3026 1163 3070 noctu
1222 3026 1539 3083 experrecto
1597 3017 2012 3088 imaginationes

2118 1819 2174 1872 δὲ
2212 1820 2375 1874 πάλιν
2405 1821 2532 1883 τοὺς
2565 1820 2760 1883 πόνους
2806 1817 3177 1889 σμικρύνωσιν
3205 1817 3280 1879 ὡς
3311 1817 3480 1887 μηδὲν
3516 1809 3697 1871 ἀνύσε-

2118 1930 2238 1979 τας,
2264 1915 2452 1984 ἡμεῖς,
2488 1915 2586 1984 ὅση
2622 1913 2853 1983 δύναμις
2878 1952 2893 1976 ,
2930 1910 2997 1963 τὰ
3026 1910 3151 1980 sxa,
3186 1909 3431 1980 Χριστοῦ
3464 1912 3698 1978 μεγαλύ·

2118 2023 2333 2079 νωμεν·
2389 2010 2512 2063 ὅσον
2540 2010 2650 2079 γὰρ
2684 2010 2775 2060 ἐπὶ
2822 2008 3006 2060 πλεῖον
3040 2006 3463 2075 σκλιηραγωγείς
3507 2022 3603 2057 σου
3646 2006 3700 2055 τὸ

2120 2101 2299 2170 σῶμα,
2318 2098 2571 2153 τοσοῦτον
2594 2100 2875 2170 διερευνᾷς
2906 2114 2997 2150 σου
3032 2095 3093 2148 τὸ
3124 2096 3385 2157 συνειδός.
3406 2095 3699 2162 Ἐπίγνωθι

2120 2193 2335 2258 σαυτὸν,
2357 2192 2825 2263 ὲπαισθανόμενον
2847 2192 2955 2245 τῶν
2986 2192 3044 2244 ὲν
3074 2192 3255 2260 κρυφῇ
3282 2189 3391 2241 τῶν
3420 2188 3700 2256 λογισμῶν

2115 2283 2466 2353 διαρπαγῶν,
2510 2284 2710 2354 μήπως
2736 2281 3083 2352 ἀναισθήτως
3118 2281 3409 2350 φερόμενοι
3445 2280 3580 2347 περὶ
3610 2279 3701 2339 τάς

2116 2374 2368 2445 κρυπτὰς
2422 2375 2603 2427 αὐτῶν
2660 2374 2919 2444 λῃστείας
2986 2372 3371 2441 σκιασοῶμεν,
3436 2370 3585 2441 μόνῃ
3638 2373 3700 2437 τῇ

2118 2467 2457 2539 σκληρουχίᾳ
2499 2468 2709 2539 τρυγᾷν
2771 2468 2873 2530 τὰς
2923 2467 3146 2536 ἀρετάς.
3188 2464 3345 2517 Οὕτω
3393 2464 3509 2531 γάρ
3561 2480 3703 2523 τινες

2117 2558 2553 2627 φαντασθέντες,
2621 2557 2730 2610 τῶν
2796 2556 3010 2626 φρενῶν
3078 2551 3508 2622 ὲξετινάχθησαν
3574 2551 3701 2602 ὡσεὶ

2115 2648 2357 2719 ἀκρίδες,
2392 2648 2499 2700 τῶν
2522 2648 2795 2717 δαιμόνων
2827 2643 3438 2715 φαντασιοκοπούντων,
3467 2643 3572 2693 καὶ
3604 2643 3703 2702 τὰς

2114 2740 2335 2809 ὁράσεις
2382 2739 2833 2809 παραφερόντων,
2874 2736 2986 2789 ἐσθ’
3020 2736 3106 2787 ὅτε
3130 2734 3208 2797 δὲ,
3253 2738 3346 2786 καὶ
3385 2731 3569 2801 δειλίᾳ
3605 2731 3702 2799 τὴν

2113 2832 2293 2902 ψυχὴν
2324 2829 2754 2901 διαρπαζόντων.
2785 2830 2902 2882 Τινὶ
2937 2828 3048 2881 τῶν
3079 2825 3322 2894 ἀδελφῶν
3368 2826 3699 2894 ἐγρηγορότι

2114 2925 2333 2995 νύκτωρ
2377 2922 2619 2994 φοϐερὰς
2649 2921 2952 2990 φαντασίας
2999 2917 3297 2983 ἐξετύπουν
3331 2917 3386 2969 οἱ
3420 2917 3696 2985 δαίμονες,

2114 3019 2174 3072 οὐ
2222 3020 2380 3089 μόνον
2425 3017 2502 3086 τῷ
2549 3015 2750 3080 ἔξωθεν
2784 3014 3029 3085 ὄμματι,
3077 3012 3211 3065 ἀλλὰ
3260 3012 3356 3064 καὶ
3390 3009 3467 3079 τῷ
3503 3008 3698 3062 ἔσωθεν

439 3109 662 3163 tetricas
692 3109 1086 3178 impresseruut
1118 3109 1419 3174 (Ιιιξιιιυιιεε,
1452 3118 1506 3163 et
1535 3126 1639 3164 non
1673 3111 1849 3164 solum
1891 3112 2010 3181 ejus

2130 3112 2433 3182 Βλέμματι,
2465 3110 2605 3163 ὥστε
2653 3108 2891 3180 μερίμνῃ
2935 3106 3035 3177 τῆς
3065 3105 3328 3174 ἐπιούσης
3371 3105 3575 3165 νυκτὸς
3614 3102 3695 3155 τὶν

436 3202 691 3256 exteriori
730 3202 1005 3270 aspectui,
1052 3216 1235 3255 verum
1278 3211 1332 3256 et
1366 3202 1610 3257 interiori
1644 3203 1887 3269 obtutui,
1940 3206 2010 3260 ita

438 3302 496 3345 ut
553 3308 683 3345 cura
743 3291 1125 3360 subsequentis
1182 3292 1545 3361 instantisque
1603 3292 1779 3346 noctis
1825 3310 2011 3358 tuens,

440 3385 639 3437 timore
703 3391 915 3445 vexata,
983 3384 1381 3452 periclitaretur
1439 3384 1743 3437 intellectus
1791 3387 2011 3453 rapina,

437 3485 493 3528 et
535 3476 795 3545 plurimas
848 3491 940 3543 per
990 3484 1176 3529 noctes
1230 3475 1430 3528 bellum
1488 3476 1683 3529 anima:
1721 3478 1879 3546 quasi
1919 3493 2015 3531 vo—

438 3568 600 3621 lando
646 3567 1024 3620 inferebatur:
1070 3566 1160 3620 ille
1199 3576 1403 3630 autem,
1450 3568 1541 3636 qui
1586 3570 2009 3637 periclitabatur,

436 3662 635 3715 mentis
678 3662 869 3714 ducem
926 3660 1072 3713 intus
1126 3660 1359 3714 retinere
1415 3660 1706 3723 nitebatur,
1771 3661 2012 3729 largitori

435 3753 703 3817 orationis
733 3754 970 3806 animam
1008 3754 1346 3822 appendens,
1379 3753 1810 3824 delictorumque
1840 3756 2012 3809 actin-

436 3862 534 3901 nes
554 3845 816 3901 adversus
838 3846 1079 3915 seipsum
1108 3846 1410 3915 proferens,
1438 3862 1559 3901 sese
1583 3847 1850 3917 inspicere
1878 3865 2011 3903 con-

438 3938 719 4005 tendebat;
756 3938 1098 4008 postmodum
1130 3938 1437 3993 distrabens
1476 3938 1710 3993 animam
1763 3956 1892 4011 rogo
1918 3940 2010 4009 ju-

434 4029 563 4085 dicii
604 4028 1068 4095 exterrefaciebat,
1123 4038 1203 4094 ut,
1262 4038 1407 4083 metu
1458 4041 1660 4085 metum
1706 4031 2006 4098 collideus,

435 4122 781 4176 timiditatem
829 4122 1149 4191 repelleret,
1198 4122 1342 4177 sicut
1392 4122 1642 4192 equidem
1701 4136 1754 4178 et
1808 4125 2007 4178 factum

432 4211 559 4273 fuit.
596 4212 671 4265 uti
712 4212 916 4277 retulit,
946 4214 1038 4282 qui
1071 4212 1271 4267 bellant
1303 4223 1385 4267 est
1417 4230 1640 4282 passus;
1672 4216 2010 4269 daemonibus

431 4304 577 4358 enim
612 4305 933 4360 multimode
960 4306 1198 4359 animam
1224 4304 1388 4377 444
1417 4307 2006 4375 perterrefaeieutibus,

429 4396 523 4464 qui
549 4397 872 4464 gravabatur
904 4395 1072 4451 Deum
1104 4400 1349 4452 oratione
1380 4399 1688 4467 inquirebat
1714 4418 1725 4451 :
1753 4399 1858 4454 illis
1882 4415 2008 4453 vero

430 4502 527 4557 per
553 4487 993 4558 imaginationes,
1024 4488 1131 4543 huc
1178 4500 1231 4544 et
1273 4490 1398 4544 illuc
1433 4491 1671 4544 animam
1704 4490 2011 4545 distrahen-

430 4580 577 4635 tibus
605 4599 617 4633 :
652 4580 752 4634 iste
779 4589 1114 4636 transactum
1147 4581 1469 4635 delictorum
1523 4598 1780 4637 acervum
1824 4583 2007 4637 animo

426 4688 676 4737 versans,
710 4689 774 4728 ac
810 4673 1191 4738 reminiscens,
1227 4675 1471 4728 omnium
1503 4691 1683 4729 rerum
1711 4676 2006 4745 inSpectori

427 4765 538 4819 Deo
571 4765 926 4831 ostendebat;
964 4766 1031 4819 iis
1054 4774 1234 4819 autem
1261 4766 1440 4820 denuo
1470 4768 1719 4822 obtutum
1744 4771 2009 4823 orationis

426 4856 860 4921 detrahentibus,
898 4856 986 4909 ille
1015 4856 1205 4925 judicii
1237 4868 1440 4909 metum
1477 4874 1543 4911 ex
1576 4860 1804 4913 adverso
1836 4876 2007 4929 oppo-

428 4966 586 5013 ncns,
627 4950 827 5003 delevit
866 4949 1166 5019 imaginum
1222 4948 1661 5016 obversantium,
1711 4953 2006 5021 oculosque

425 5040 798 5094 deludentium
838 5042 1224 5106 timiditatem;
1261 5041 1427 5095 altera
1461 5043 1659 5112 quippe
1692 5059 1843 5112 pars.
1877 5060 2003 5099 cum

425 5133 711 5201 plusquam
743 5132 848 5187 alia
881 5132 1263 5197 redundasset,
1286 5132 1681 5202 deccptionem,
1714 5134 1822 5189 Deo
1843 5136 2002 5201 duce,

424 5224 741 5292 superavit;
777 5233 1123 5292 peccatorum
1155 5226 1357 5279 etenim
1384 5226 1783 5281 reminiscentia
1819 5229 1999 5284 anima

424 5316 749 5381 humiliata,
803 5319 1107 5386 timoreque
1154 5318 1368 5388 judicii,
1402 5321 1547 5375 velut
1584 5338 1614 5376 e
1660 5336 1854 5375 somno
1902 5340 1999 5377 ex-

422 5411 705 5469 suscitata,
744 5410 1187 5464 terriculamenta
1226 5412 1532 5466 dmmouum
1566 5430 1628 5467 ex
1664 5415 1780 5469 suis
1809 5415 1998 5470 exsuf-

420 5496 571 5551 ﬂavit
614 5499 967 5553 interioribus
1001 5518 1013 5552 :
1053 5509 1225 5554 totum
1274 5503 1375 5558 hoc
1416 5519 1544 5559 vero
1586 5521 1853 5574 suprema:
1898 5507 1997 5565 fuit

2114 3205 2238 3260 νοῦν
2286 3204 2608 3273 ἀγωνιῶντα
2654 3201 2988 3256 κινδυνεύειν
3022 3201 3118 3271 τὴν
3148 3200 3256 3253 τῶν
3304 3197 3529 3269 φρενῶν
3555 3198 3695 3265 διαρ-

2113 3300 2317 3368 παγὴν,
2363 3298 2457 3351 καὶ
2487 3298 2581 3350 ἐπὶ
2626 3296 2845 3358 πλείους
2877 3294 3078 3357 νύκτας
3104 3294 3133 3345 6
3161 3292 3400 3361 πόλεμος
3438 3294 3510 3362 τῇ
3558 3292 3695 3360 ψυχῇ

2112 3390 2410 3457 ἀφίπτατο,
2457 3390 2484 3441 6
2514 3387 2572 3439 δὲ
2608 3386 2935 3439 κινδυνεύων
2968 3385 3116 3437 ἔνδον
3159 3384 3413 3452 κατέχειν
3446 3384 3547 3436 τὸν
3578 3385 3697 3449 ἡγε-

2116 3484 2254 3552 μόνα
2276 3482 2386 3535 τῶν
2414 3479 2628 3552 φρενῶν
2654 3478 2926 3542 ἐϐιάζετο,
2950 3477 3027 3547 τῷ
3058 3478 3158 3546 τῆς
3189 3476 3358 3545 εὐχῆς
3387 3475 3584 3546 δοτῆρι
3605 3478 3694 3543 τὴν

2111 3576 2288 3646 ψυχὴν
2320 3572 2715 3645 ἀπδκρεμνῶν,
2747 3571 2841 3625 καὶ
2873 3570 2973 3633 τὰς
3016 3570 3241 3638 πράξεις
3269 3567 3381 3619 τῶν
3413 3571 3696 3636 πταισμάο

2110 3687 2219 3723 των
2263 3666 2387 3720 καθ’
2430 3664 2627 3718 ἑαυτοῦ
2671 3664 2967 3736 προφέρων
3007 3662 3224 3714 εἰσιδεῖν
3257 3662 3454 3724 ἑαυτὸς
3500 3664 3699 3731 ἠγωνία

2114 3762 2268 3827 ζετο’
2298 3759 2490 3811 ἔπειτα
2526 3757 2618 3809 καὶ
2663 3758 2730 3827 τῇ
2777 3756 2927 3827 πυρᾷ
2974 3754 3075 3823 τῆς
3110 3754 3343 3825 κρίσεως
3390 3753 3494 3824 τὴν
3525 3755 3700 3824 φυλὴν

2113 3852 2405 3925 περισπῶν
2430 3850 2700 3919 ἐξεφόϐει,
2722 3849 2810 3902 ἶνα
2839 3847 2989 3917 φόϐῳ
3020 3846 3183 3917 φόϐον
3217 3849 3576 3916 συγκρούσας
3607 3850 3699 3915 τὴν

2110 3948 2317 4002 δειλίαν
2370 3943 2783 4013 ἀποκρούσηται
2804 3982 2818 4007 ,
2853 3940 3042 4011 ῶσπερ
3072 3936 3166 3992 οὖν
3204 3942 3299 3992 καὶ
3334 3941 3595 4007 γέγονεν,
3630 3942 3703 4001 ὡς

2111 4042 2315 4110 ἔφησεν
2341 4040 2368 4091 ὁ
2398 4033 2686 4096 πεπονθὼς
2715 4033 2807 4085 τὸν
2837 4031 3096 4101 πόλεμον.
3128 4030 3251 4084 Τῶν
3271 4032 3385 4099 γὰρ
3417 4031 3702 4100 δαιμόνων

2112 4130 2468 4201 πολυτρόπως
2509 4127 2607 4196 τὴν
2639 4124 2816 4195 ψυχὴν
2853 4122 3254 4192 ἐκφοϐούντων,
3300 4123 3329 4173 6
3363 4122 3599 4191 κάμνων
3638 4128 3701 4191 τῇ

2112 4226 2243 4294 εὐχῇ
2278 4224 2369 4275 τὸν
2402 4219 2535 4272 Θεὸν
2570 4216 2847 4286 ἐπεζήτει,
2881 4217 3105 4269 ἐκείνων
3134 4214 3192 4267 δὲ
3219 4216 3340 4278 ταῖς
3369 4217 3701 4283 φαντασίαι,

2112 4318 2211 4388 τὴν
2238 4314 2416 4385 ψυχὴν
2440 4311 2855 4383 περισπώντων,
2886 4303 3042 4371 οὗτος
3071 4308 3179 4360 τῶν
3209 4308 3585 4377 πταισμάτων
3616 4312 3701 4359 τὶν

2040 4438 2084 4495 D
2112 4412 2273 4480 δγκον
2305 4406 2585 4473 ἀναλὲγων
2607 4442 2619 4466 ,
2653 4402 2731 4472 τῷ
2776 4401 3134 4470 παντεπόπτῃ
3170 4398 3291 4468 Θεῷ
3338 4399 3695 4453 ἐπεδείκνυε·

2104 4505 2213 4560 τῶν
2254 4501 2310 4552 δὲ
2357 4498 2517 4551 πάλιν
2566 4495 2663 4562 τῆς
2720 4492 2887 4561 εὐχῆς
2938 4491 2997 4543 τὸ
3055 4492 3210 4560 ὄμμα
3259 4488 3697 4549 κατασπώντων,

2109 4597 2318 4653 ἐκεῖνος
2350 4590 2440 4643 τὸν
2470 4586 2633 4655 φόϐον
2662 4586 2763 4654 τῆς
2791 4584 3027 4654 κρίσεως
3060 4580 3409 4650 ἀνταμείψας
3431 4621 3449 4643 ,
3481 4581 3579 4633 τὸν
3608 4584 3697 4648 φό-

2111 4689 2207 4742 ϐον
2233 4685 2336 4739 τῶν
2367 4678 2771 4750 φαντασμάτων
2801 4675 3093 4743 ὲξηφάνισε
3116 4689 3132 4702 ·
3161 4672 3224 4725 τὺ
3250 4671 3365 4739 γὰρ
3390 4673 3591 4742 ἕτερον
3613 4673 3698 4741 μέ-

2116 4797 2205 4849 ρος
2233 4775 2328 4830 τοῦ
2361 4772 2527 4844 φόϐου
2557 4768 2859 4821 πλεονάσαν
2888 4764 2982 4817 τοῦ
3015 4764 3198 4823 ἄλλου,
3229 4764 3329 4831 τῆς
3358 4764 3583 4833 πλάνης
3611 4768 3696 4815 ei.»

2111 4874 2231 4944 Θεῷ
2268 4868 2618 4940 περιεγένετο
2648 4879 2661 4892 ⁸
2686 4865 2752 4933 τῇ
2781 4861 2889 4930 γὰρ
2919 4862 3109 4929 μνήμῃ
3134 4857 3244 4910 τῶν
3273 4858 3694 4927 ἁμαρτημάτων

2110 4968 2143 5035 ἡ
2167 4966 2314 5036 ψυχὴ
2350 4957 2751 5015 ταπεινωθεῖσα
2774 4955 2869 5006 καὶ
2898 4951 2976 5023 τῷ
3007 4950 3158 5020 φόϐῳ
3186 4951 3285 5019 τῆς
3335 4950 3585 5018 κρίσεως
3626 4948 3696 4999 δι’

2109 5056 2455 5116 υπνισθεῖσα,
2490 5051 2557 5103 τὰ
2588 5047 2836 5116 φόϐητρα
2866 5044 2977 5097 τῶν
3004 5042 3274 5110 δαιμόνων
3307 5042 3374 5092 ἐκ
3409 5039 3525 5090 τῶν
3554 5042 3696 5098 ἐντξς

2105 5147 2466 5217 ἀπεφύσησε·
2502 5141 2562 5194 τὸ
2587 5140 2642 5192 δὲ
2677 5140 2786 5192 πᾶν
2821 5137 2921 5206 τῆς
2961 5135 3168 5189 ἀνωθεν
3207 5136 3439 5203 χάριτος
3481 5131 3694 5201 γέγονε,

2102 5243 2213 5294 τῶν
2263 5241 2361 5310 μὲν
2408 5236 2681 5304 δαιμόνων
2723 5230 2997 5285 ἀπελάσαι
3044 5228 3115 5281 τὰ
3159 5226 3413 5297 φόϐητρα
3440 5266 3457 5287 ,
3511 5224 3615 5292 τὴν
3643 5222 3697 5273 δὲ

2106 5333 2285 5405 ψυχὴν
2314 5331 2767 5385 καταπίπτουσαν
2816 5322 3197 5393 ὑποστηρίξαι.
3236 5340 3251 5371 ι
3300 5317 3696 5387 ’Υποστηρίζει

2107 5426 2216 5495 γάρ
2257 5424 2460 5493 Κύριος
2500 5418 2707 5479 πάντας
2734 5416 2864 5478 τοὺς
2901 5414 3372 5475 καταπίπτοντας,
3403 5411 3505 5461 καὶ
3535 5409 3697 5476 ἀνδρα

2106 5515 2189 5568 Οοῑ
2216 5516 2424 5576 πάντας
2456 5510 2583 5573 τοὺς
2610 5506 3114 5579 κατερραγμένους.
3164 5522 3181 5554 ι

424 5591 610 5657 gratiae
638 5592 830 5655 virtus,
860 5594 1140 5659 nimirum,
1166 5596 1472 5652 daemonum
1535 5600 1756 5669 quidem
1819 5604 2068 5675 abegisse
2108 5618 2392 5673 terrores,
2461 5605 2698 5660 animam
2761 5617 2891 5655 vero
2962 5598 3269 5655 suﬁulsisse
3339 5595 3694 5665 lapsantem:

431 5698 449 5727 ι
492 5679 744 5733 Suil‘ulcit
782 5683 983 5750 quippe
1017 5683 1279 5742 Dominus
1312 5702 1524 5757 omnes,
1564 5692 1656 5761 qui
1689 5707 1992 5764 corruunt,
2030 5710 2082 5754 ct
2116 5699 2278 5770 erigit
2309 5711 2497 5754 omnes
2526 5692 2776 5767 elisos“.
2820 5710 2839 5742 ι

495 5810 540 5839 ⁸¹
584 5806 722 5860 l’sal.
758 5825 912 5875 cur,
936 5812 989 5865 8.
