3788 6224
102 332 232 399 1133

669 456 917 510 ΚΕΦΑΛ.
957 458 1034 510 Λ’.

168 566 354 619 Ἔστιν
388 567 477 620 ὅτε
517 568 820 639 βιαζόμεθα
857 571 1103 642 καθαρὰν
1149 573 1247 641 τὴν
1292 572 1456 643 εὐχὴν
1508 572 1668 641 ποιῆ-

101 674 205 723 σαι,
238 660 335 711 καὶ
367 661 503 721 ἴσως
533 661 594 712 ού
624 660 924 731 δυνάμεθα.
965 662 1121 714 Ἔστι
1155 662 1332 715 δὲκαὶ
1365 662 1527 715 πάλιν
1560 662 1669 727 ὅτε,

99 752 155 803 οὗ
195 751 540 821 βιαζομένων
582 753 761 823 ήμῶν,
808 755 1024 825 καθαρᾷ
1046 758 1112 826 τῇ
1143 758 1424 825 προσευχῇ
1460 756 1493 826 ή
1524 754 1670 825 ψυχὴ

97 846 392 912 ἐγγίνεται,
441 846 524 899 ὄτι
572 847 633 899 τὸ
681 847 780 917 μὲν
825 848 926 917 τῆς
966 847 1123 917 ήμῶν
1159 848 1470 911 ἀσθενείας,
1503 847 1564 900 τὸ
1614 848 1671 899 δέ

96 938 187 1003 τῆς
215 938 429 991 ἄνωθεν
462 938 687 1008 χάριτος
723 939 1137 1011 ἐκκαλουμένης
1175 942 1324 1010 ἡμᾶς
1353 939 1671 993 ἐπανελθεῖν

96 1026 169 1086 είς
192 1024 289 1095 τὴν
315 1026 422 1096 τῆς
447 1026 627 1097 ψυχῆς
651 1027 1005 1099 καθαρότητα
1023 1070 1037 1093 ,
1085 1029 1203 1100 ἅμα
1244 1030 1300 1082 δέ
1346 1031 1436 1083 καὶ
1463 1029 1529 1081 δι’
1560 1032 1668 1097 ἀμ-

96 1117 338 1185 φοτέρων
368 1120 738 1189 παιδευούσης
779 1123 929 1192 ἡμᾶς
983 1123 1058 1193 μὴ
1108 1124 1324 1186 ἑαυτοῖς
1362 1122 1670 1176 ἀποδιδόναι

95 1210 148 1261 ἐν
177 1209 255 1279 τῷ
290 1210 731 1281 προσεύχεσθαι,
764 1212 881 1265 ἀλλ’
917 1213 1306 1282 ἐπιγινώσκειν
1344 1216 1436 1268 τὸν
1467 1215 1672 1287 δωρού-

101 1319 271 1371 μενον.
301 1302 381 1355 Τὺ
416 1303 526 1374 γὰρ
548 1304 602 1356 τί
635 1304 1047 1376 προσευξόμεθα
1071 1307 1193 1361 καθ’
1219 1308 1247 1360 ὃ
1271 1308 1369 1372 δεῖ,
1399 1309 1498 1361 οὐκ
1524 1308 1670 1362 οἴδα-

98 1409 210 1461 μεν.
237 1392 414 1446 Ὅταν
443 1390 537 1447 οὖν
583 1394 927 1467 καθαρθῆναι
975 1396 1076 1467 τὴν
1121 1398 1286 1468 εὐχὴν
1331 1398 1668 1470 βιαζώμεοα,

98 1484 187 1537 καὶ
227 1486 287 1537 οὐ
338 1486 648 1556 δυνάμεθα,
685 1488 802 1543 ἀλλ’
836 1489 1225 1560 ἐσκοτίσμεθα,
1269 1493 1391 1544 τότε
1440 1492 1671 1564 δάκρυσι

96 1577 187 1637 τὰς
214 1579 457 1648 παρειὰς
493 1580 960 1652 καταδρέξαντες,
995 1583 1129 1635 Θεὸν
1174 1583 1541 1654 ίκετεύσωμεν
1576 1584 1671 1637 ἐπὶ

97 1667 167 1739 τῷ
190 1669 515 1741 διαλυθῆναι
542 1671 637 1725 τοῦ
666 1673 908 1744 πολέμου
954 1674 1054 1745 τὴν
1080 1675 1271 1741 νύκτα,
1323 1677 1415 1729 καὶ
1470 1675 1670 1747 ἐλλαμ-

1212 340 1653 402 TRACTATUS
1694 342 1793 401 AD
1834 340 2079 401 EULOG
2092 341 2258 401 IUM.

1700 461 1747 515 Α

3212 332 3345 397 1134

2335 452 2563 509 CAPUT
2611 453 2777 507 XXX.

1845 563 2057 619 Accidit
2089 563 2401 632 aliquando,
2440 572 2500 618 ut
2545 562 2818 618 enitamur
2848 576 3038 632 puram
3068 560 3347 615 effundere

1772 656 2079 711 orationem
2104 697 2118 716 ,
2154 666 2207 708 et
2238 653 2378 710 forte
2409 655 2731 725 nequimus;
2783 662 2840 709 et
2882 668 2912 708 e
2958 652 3174 707 diverso
3211 668 3345 707 con-

1770 748 1929 817 tingit
1985 763 2418 817 nonnunquam,
2475 760 2554 814 ut,
2617 747 2774 803 nobis
2823 761 2933 801 non
2972 745 3346 811 enitentibus,

1771 840 1952 893 anima
1984 854 2134 908 pura:
2165 840 2447 894 incumbat
2475 839 2707 893 orationi
2742 857 2755 893 :
2792 838 2923 908 quia
2953 838 3189 907 primum
3225 839 3349 905 qui-

1772 932 1894 987 dem
1930 941 2132 987 nostrze
2174 941 2259 988 est
2289 933 2642 995 infirmitatis,
2684 933 2830 988 istud
2869 942 3049 987 autem
3099 947 3350 1001 superum

1772 1024 1958 1094 gratiae
1986 1026 2304 1080 advocantis
2335 1042 2455 1091 nos,
2492 1037 2551 1080 ut
2580 1026 2647 1081 ad
2674 1026 2869 1080 anima:
2900 1025 3192 1095 puritatem
3224 1024 3351 1078 red-

1770 1130 1996 1181 eamus,
2061 1116 2227 1171 simul
2284 1132 2451 1182 vero,
2503 1126 2557 1170 et
2602 1132 2698 1186 per
2737 1126 3031 1184 utrumque
3070 1130 3173 1169 nos
3219 1115 3352 1169 edo-

1772 1210 1969 1272 centis,
2024 1223 2133 1263 non
2193 1208 2599 1277 nobismetipsis
2639 1209 2970 1273 attribuere,
3040 1207 3185 1276 quod
3227 1208 3347 1278 puri

1772 1316 2015 1367 oremus,
2051 1317 2239 1356 verum
2271 1317 2570 1372 agnoscere
2614 1302 2976 1367 donatorem;
3014 1302 3159 1369 quod
3202 1301 3347 1354 enim

1773 1392 1980 1463 aliquid
2015 1408 2323 1462 precemur,
2354 1402 2414 1448 ut
2444 1401 2677 1464 oportet,
2716 1394 2994 1449 nescimus
3023 1394 3089 1447 ⁸¹.
3117 1392 3349 1459 Quando

1772 1485 1939 1554 igitur
1967 1485 2270 1541 orationem
2303 1501 2568 1541 conamur
2594 1486 2902 1557 purificare,
2931 1498 2985 1541 et
3014 1500 3119 1540 non
3151 1501 3351 1556 possu-

1774 1590 1932 1638 mus,
1967 1575 2061 1629 sed
2099 1576 2335 1632 tenebris
2375 1576 2539 1631 oqusi
2580 1593 2771 1631 sumus
2797 1616 2813 1641 ,
2869 1586 3001 1630 tunc
3025 1615 3041 1639 ,
3096 1576 3350 1647 lacrymis

1772 1682 1939 1737 genas
1971 1668 2282 1738 irrigantes,
2314 1669 2484 1724 Deum
2517 1670 2789 1740 supplices
2810 1684 3088 1739 rogemus,
3113 1678 3173 1723 ut
3200 1676 3350 1723 tene-

98 1761 290 1831 φθῆναι
349 1764 457 1833 τῆς
503 1763 681 1836 ψυχῆς
742 1765 801 1819 τὸ
856 1766 1078 1836 φέγγος.
1124 1769 1361 1820 Ἔνεκεν’
1393 1767 1669 1830 διακονίας

1814 1775 1935 1814 rosa
1975 1761 2097 1815 belli
2131 1760 2295 1833 445
2332 1778 2441 1816 nox
2459 1762 2811 1826 dissolvatur,
2834 1762 3141 1830 animatque
3172 1760 3351 1831 fulgor

100 1855 227 1908 ἐπὰν
251 1859 279 1910 ὁ
312 1856 637 1929 συμϐιὼτης
673 1857 902 1927 ἀδελφὸς
933 1858 1201 1930 ἐκδημοίῃ
1228 1900 1242 1924 ,
1290 1859 1432 1913 κατά
1459 1860 1521 1912 τὸ
1546 1860 1670 1921 ἔθος

97 1949 197 2001 τῶν
225 1949 430 2019 εὐχῶν,
461 1948 779 2014 ἀνακαίνιζε
800 1950 992 2003 τούτου
1022 1952 1120 2021 τὴν
1151 1952 1373 2021 μνήμην
1394 1969 1408 1981 ο
1444 1952 1588 2021 πέρα
1611 1952 1670 2004 δὲ

97 2035 184 2089 τοῦ
222 2037 430 2109 μέτρου
466 2038 660 2091 τοῦτον
689 2039 763 2110 μὴ
799 2040 1099 2108 φαντάζου,
1140 2040 1337 2110 μήπως
1366 2040 1466 2111 τὴν
1495 2041 1670 2111 ἀρχὴν

95 2127 191 2196 τῆς
226 2130 504 2201 μερίμνης
530 2131 638 2183 ἀπὸ
666 2131 758 2184 σοῦ
794 2131 1052 2196 λαϐόντες
1083 2134 1131 2185 οἱ
1162 2132 1438 2203 δαίμονες,
1466 2132 1670 2203 ταύτην

97 2220 399 2286 ἀκονῶντες
455 2224 550 2275 ἐπὶ
595 2223 779 2276 πλεῖον
826 2221 1153 2289 ἐποξύνωσι,
1221 2223 1537 2287 σκιάζοντες
1588 2242 1670 2276 σοι

97 2311 276 2366 τοῦτον
308 2315 370 2366 ἐν
404 2316 471 2385 τῇ
494 2313 603 2367 τῶν
631 2313 861 2385 ψαλμῶν
894 2315 1158 2386 ὑμνῳδίᾳ,
1192 2316 1283 2368 καὶ
1317 2314 1673 2387 ὑστεροῦντες

97 2404 149 2454 ἐν
175 2404 294 2475 Θεῷ
330 2406 434 2473 τῆς
463 2406 608 2459 κατὰ
638 2406 774 2459 Θεὸν
814 2408 1087 2478 μερίμνης
1112 2446 1127 2470 ,
1173 2408 1259 2461 ἵνα
1298 2408 1537 2482 μερίμνῃ
1576 2408 1674 2479 μέ-

101 2511 290 2563 ριμναν
372 2494 830 2566 ἀντικρούσαντες
898 2498 1281 2569 αἰχμαλώτους
1344 2500 1496 2569 ἡμᾶς
1564 2498 1673 2551 τῶν

98 2588 425 2655 κρειττόνων
474 2588 844 2657 ἀπαγάγωσιν
868 2630 884 2655 ,
916 2592 997 2653 εἰς
1025 2590 1086 2643 τὸ
1129 2590 1204 2661 μὴ
1236 2590 1549 2659 λογίζεσθαι
1588 2591 1671 2653 τὸ,

106 2696 123 2728 ι
160 2678 480 2753 Ἐπίρῥιψον
496 2683 588 2735 ἐπὶ
622 2682 826 2754 Κύριον
850 2683 949 2754 τὴν
989 2684 1258 2755 μέριμναν
1293 2702 1408 2740 σου.
1444 2705 1462 2736 ι
1497 2686 1673 2739 Ἰσασι

99 2772 300 2842 γὰρ,ὡς
330 2776 399 2827 ἐκ
426 2773 528 2845 τῆς
552 2776 811 2846 περιττῆς
837 2778 966 2847 περ)⁹
995 2776 1087 2830 τοῦ
1118 2776 1350 2845 ἀδελφοῦ
1372 2776 1671 2848 φροντίδος,

100 2869 178 2921 ὅτι
203 2869 294 2922 καὶ
322 2868 502 2932 λύπας
527 2870 932 2940 ἐντορνεύουσιν
964 2871 1429 2942 ύποταράττοντες
1458 2870 1519 2924 τὸ
1546 2873 1674 2942 ήγεὲ

104 2959 340 3024 μονικόν.
373 2960 495 3013 Ἔτι
523 2960 578 3013 δὲ
612 2962 705 3013 καὶ
738 2960 975 3031 μέμψεις
1021 2950 1357 3031 βραδύτητος
1390 2961 1670 3031 ὑφάπτου-

106 3067 201 3114 σιν,
230 3052 306 3117 ὡς
349 3052 801 3124 ύπαμελήσαντος
839 3052 935 3106 τοῦ
983 3052 1214 3124 ἀδελφοῦ
1244 3054 1374 3125 περὶ
1416 3054 1516 3124 τῆς
1554 3053 1669 3106 δια-

1774 1853 2097 1909 illustretur.
2134 1854 2387 1921 Quando,
2425 1870 2592 1911 causa
2639 1855 2966 1921 ministerii,
3017 1854 3187 1909 frater
3220 1869 3354 1908 con-

1773 1946 1947 2000 victor
1980 1962 2205 2019 peregre
2240 1948 2597 2014 discesserit,
2644 1947 2802 2017 juxta
2836 1956 3087 2002 votorum
3120 1961 3354 2001 consue-

1773 2035 2039 2103 tudinem,
2072 2037 2193 2102 ejus
2220 2053 2421 2092 renova
2450 2038 2793 2103 memoriam,
2824 2046 2883 2092 at
2908 2049 3104 2107 przeter
3130 2038 3351 2092 modum

1772 2140 1841 2179 ne
1875 2126 2053 2195 ipsum
2085 2126 2423 2195 imagineris,
2456 2143 2522 2182 ne
2552 2125 2689 2181 forte
2720 2127 2934 2181 initium
2966 2127 3354 2183 sollicitudinis

1773 2219 2050 2273 daemones
2084 2234 2112 2272 a
2144 2228 2195 2274 te
2224 2228 2523 2284 sumentes,
2560 2219 2693 2273 illud
2733 2219 2981 2276 acuendo
3014 2220 3186 2274 multo
3230 2222 3345 2275 rcd-

1773 2310 1905 2364 dant
1929 2311 2165 2376 acutius,
2213 2328 2336 2365 eum
2375 2312 2471 2365 tibi
2508 2311 2897 2368 adumbrantes
2928 2314 2982 2367 in
3015 2313 3352 2383 psalmorum

1774 2405 2176 2468 decantatione,
2209 2404 2375 2474 inque
2399 2405 2600 2461 divinis
2625 2405 2759 2476 ipsis
2788 2406 2980 2462 ofﬁciis
3000 2422 3133 2461 cura
3154 2407 3355 2461 orban~

1775 2510 1878 2560 tes,
1914 2512 2039 2566 quae
2088 2498 2388 2551 secundum
2427 2496 2597 2552 Deum
2648 2507 2734 2553 est
2773 2518 2786 2552 :
2840 2508 2935 2563 ut,
2986 2514 3119 2555 cura
3163 2515 3352 2553 curam

1778 2589 2120 2659 repellentes,
2148 2604 2251 2643 nos
2279 2605 2309 2643 a
2337 2590 2502 2644 rebus
2530 2590 2851 2645 melioribus
2880 2590 3154 2646 abducant
3179 2594 3353 2659 capti-

1773 2696 1905 2747 vos,
1956 2690 2010 2737 et
2043 2697 2151 2736 non
2186 2682 2486 2753 cogitemus
2517 2684 2584 2738 de
2611 2684 2703 2739 illo
2730 2684 2918 2739 dicto:
2950 2700 2969 2735 ι
3004 2682 3159 2738 Jacta
3189 2698 3355 2753 super

1774 2772 2065 2829 Dominum
2103 2791 2290 2830 curam
2341 2785 2492 2829 tuam
2521 2777 2621 2830 "‘.
2663 2795 2682 2828 ι
2734 2776 2950 2830 Norunt
2996 2776 3237 2845 quippe,
3286 2793 3353 2830 ex

1773 2882 1905 2922 cura
1939 2869 2104 2923 etiam
2136 2869 2279 2923 circa
2315 2868 2538 2923 fratrem
2572 2869 2864 2939 superflua,
2896 2871 3089 2925 ducem
3122 2870 3355 2926 rationis

1774 2971 2011 3017 mentem
2061 2963 2457 3029 subturbandu,
2487 2962 2806 3020 afiiictiones
2844 2965 3180 3035 insculpere;
3212 2980 3352 3035 prae-

1775 3064 1921 3110 terea
1975 3070 2139 3122 vero,
2192 3064 2247 3111 et
2293 3055 2543 3125 querelas
2595 3056 2867 3111 tarditatis
2919 3048 3352 3120 subaccendunt,

104 3143 279 3207 κονίας
328 3143 567 3215 σπουδὴν
590 3185 604 3208 ,
655 3144 803 3206 ὅπως
831 3144 859 3194 ὁ
899 3144 1304 3215 πολυμέριμνος
1334 3144 1498 3206 πόθος
1541 3144 1671 3207 ἴσως

1814 3149 1932 3202 uasi
1981 3147 2146 3203 fratre
2172 3148 2615 3219 subnegligcnter
2655 3159 2847 3218 agente
2873 3149 3018 3204 circa
3065 3149 3351 3204 ministerii

105 3236 191 3286 καὶ
235 3238 317 3300 είς
368 3239 521 3307 μῖσος
551 3238 824 3307 ἐκτραπῇ.
860 3235 1021 3299 Ἔθος
1059 3236 1116 3289 δὲ
1151 3239 1209 3289 ἐν
1253 3238 1373 3298 ταῖς
1414 3237 1539 3305 περὶ
1580 3235 1673 3289 τὸν

104 3327 380 3399 ἁπόδημον
414 3328 708 3399 μερίμναις
736 3331 832 3382 καὶ
864 3327 1023 3381 τοῦτο
1051 3330 1229 3380 ποιεῖν
1258 3330 1371 3390 τοῖς
1395 3327 1671 3398 δαίμοσιν.

108 3420 159 3469 ἐν
282 3420 469 3473 ἴδωσιν
508 3420 670 3473 αὑτὸν
716 3420 1164 3491 παραγενόμενον
1200 3421 1386 3493 ήμέρᾳ
1434 3421 1674 3492 κατόναρ

106 3511 284 3566 τοῦτον
332 3513 701 3584 ἐσοπτρίζειν,
742 3514 832 3568 ἵνα
876 3513 952 3576 ὡς
986 3515 1049 3567 ἐκ
1090 3513 1185 3567 τοῦ
1235 3514 1541 3578 ἀποϐάντος
1587 3516 1673 3567 ἐν-

107 3602 287 3656 υπνίου
318 3605 616 3674 ποιήσωσιν
633 3605 779 3675 ἡμᾶς
812 3605 870 3657 ἐν
889 3604 1064 3675 καιρῷ
1091 3604 1199 3657 τῶν
1227 3605 1521 3675 ἁποδήμων
1548 3606 1674 3669 τοὺς

112 3699 391 3769 προφήτας
438 3697 550 3751 τῶν
593 3697 861 3751 ἐνυπνίων
913 3699 1007 3750 καὶ
1047 3698 1208 3752 πάλιν
1251 3697 1670 3769 προσδέχεσθαι,

111 3784 196 3848 οὓς
231 3787 678 3858 ἀποστρέφεσθαι
710 3788 791 3841 δεῖ
823 3787 1025 3859 μᾶλλον
1056 3789 1151 3841 καὶ
1175 3788 1380 3857 σφόδρα
1415 3788 1675 3859 ἐκτρέπε-

114 3876 264 3945 σθαι,
300 3881 500 3951 μήπως
535 3882 598 3933 ἐκ
629 3881 835 3934 τούτων
890 3882 982 3933 καὶ
1027 3883 1105 3944 είς
1146 3883 1307 3951 ἕτερα
1349 3882 1448 3954 τὴν
1495 3882 1675 3954 ψυχὴν

112 3966 583 4040 ἀποπλανήσωσιν.

670 4262 921 4318 ΚΕΦΑΛ.
962 4264 1085 4315 AA'.

178 4394 439 4467 Προῖσασι
479 4396 592 4465 γὰρ
620 4391 767 4450 οὗτοι
800 4397 899 4467 μὲν
931 4397 1101 4463 ούδέν,
1142 4398 1179 4452 ἃ.
1210 4398 1266 4451 δέ
1302 4398 1558 4469 βλέπουσι
1591 4416 1674 4466 γι-

1777 3241 2055 3303 studium,
2094 3250 2152 3295 ut
2189 3241 2518 3295 desiderium
2578 3243 2733 3296 valde
2784 3241 3078 3297 sollicitum
3121 3242 3353 3297 forsitan

1778 3334 1831 3386 in
1863 3334 2048 3388 odium
2097 3349 2316 3403 quoque
2361 3342 2733 3388 convertatur.
2786 3335 2843 3388 In
2897 3335 3353 3391 sollicitudinibus

1776 3436 1984 3488 autem,
2011 3442 2133 3496 qua:
2163 3426 2308 3480 circa
2353 3442 2573 3496 peregre
2601 3437 2847 3496 agentem
2894 3428 3184 3496 habentur,
3233 3445 3355 3483 mos

1775 3524 1860 3569 est
1886 3515 2232 3569 dzemonihus
2256 3554 2273 3581 ,
2307 3525 2359 3569 et
2389 3516 2521 3569 illud
2563 3515 2744 3571 facere
2775 3535 2788 3571 :
2829 3518 2883 3571 in
2915 3518 3003 3573 die
3032 3535 3140 3587 qua
3173 3520 3356 3575 sciunt

1776 3608 1956 3676 ipsum
1990 3605 2329 3673 adfuturum,
2374 3623 2469 3677 per
2503 3610 2780 3664 somnium
2832 3611 2978 3665 velut
3032 3611 3084 3665 in
3131 3616 3354 3683 specqu

1776 3715 1900 3754 eum
1929 3690 2189 3755 exhibere
2215 3701 2414 3766 solent,
2442 3709 2501 3755 ut
2520 3717 2585 3756 ex
2605 3702 2879 3757 insomnio
2899 3705 3044 3773 quod
3069 3708 3351 3770 successit,

1778 3784 1982 3841 faciant
2026 3788 2173 3857 quod
2209 3798 2448 3859 tempore
2478 3806 2701 3862 peregre
2734 3795 3194 3861 proliciscentium
3226 3814 3352 3852 rur-

1777 3894 1872 3934 sus
1906 3888 2289 3949 exspectemus
2324 3883 2638 3953 prophetas,
2688 3900 2783 3940 seu
2831 3886 3156 3958 interpretes
3203 3906 3355 3946 som-

1776 3973 1993 4027 niorum
2018 4015 2033 4039 ,
2065 3989 2206 4044 quos
2242 3975 2423 4045 potius
2465 3978 2707 4033 aversari
2749 3989 2980 4050 oportet,
3013 3983 3355 4055 multumque

1776 4065 1846 4119 ab
1873 4064 1942 4120 iis
1968 4066 2159 4131 averti,
2194 4081 2263 4121 ne
2290 4064 2432 4122 forte
2460 4057 2527 4123 ex
2561 4069 2679 4125 istis
2706 4070 2762 4125 in
2795 4072 2917 4128 aliis
2956 4089 3175 4145 quoque
3204 4076 3353 4131 deci-

1776 4157 1926 4225 piant
1954 4157 2209 4212 animam.

2336 4273 2569 4331 CAPUT
2608 4276 2800 4331 XXXI.

1861 4399 2063 4456 Verum
2095 4402 2196 4472 ipsi
2231 4402 2449 4473 quidem
2488 4404 2685 4462 fratres
2719 4407 2853 4497 nihil
2888 4411 3200 4480 praescium,
3236 4430 3357 4483 qua:

114 4485 305 4554 νόμενα
330 4527 345 4551 ,
373 4486 549 4541 ταῦτα
577 4488 829 4558 μηνίουσι
852 4527 867 4551 ,
895 4491 990 4542 καὶ
1020 4488 1380 4558 φαντάζουσι·
1413 4491 1673 4555 πολλάκις

1815 4500 1960 4546 utem
2021 4494 2205 4549 vident
2260 4495 2397 4560 fieri,
2465 4498 2581 4568 ipsa
2640 4485 2985 4566 annuntiant,
3054 4512 3109 4559 et
3164 4505 3357 4575 imagi-

113 4576 235 4642 γοῦν
275 4578 398 4633 καθ’
438 4580 670 4649 ἡσυχίαν
730 4580 901 4634 ὄντων
936 4580 1127 4651 ήμῶν,
1164 4581 1491 4652 θεασάμενοι
1535 4582 1671 4653 πρὸς

115 4668 252 4739 ἡμᾶς
276 4671 505 4741 ἀδελφὸν
528 4673 845 4743 ἐρχόμενον,
874 4673 962 4726 διὰ
987 4673 1097 4726 τῶν
1134 4674 1409 4745 λογισμῶν
1436 4676 1674 4745 προεσή-

117 4777 305 4827 μαναν,
353 4755 434 4823 οἷς
463 4762 522 4814 οὑ
553 4765 657 4832 χρὴ
702 4762 1005 4829 πιστεύειν,
1049 4763 1151 4817 κᾶν
1191 4764 1372 4832 λέγειν
1419 4767 1466 4818 τ’
1500 4765 1674 4836 ἀληθῆ

115 4852 395 4921 νομίζωσιο
449 4851 537 4906 διὰ
580 4851 691 4921 γὰρ
734 4852 834 4922 τῆς
876 4853 1036 4923 δῆθεν
1082 4854 1339 4925 ἀληθείας
1382 4855 1443 4908 τὸ
1483 4855 1677 4924 ψεῦδος

116 4946 589 5017 παρεισφέρουσιν,
628 4945 715 4999 ἵνα
744 4948 808 4999 ἐκ
831 4945 924 4999 τοῦ
950 4947 1093 5001 κατὰ
1127 4949 1295 5020 μέρος
1327 4953 1450 5013 ταῖς
1478 4951 1679 5023 ἕμπρο·

118 5035 231 5090 σθεν
266 5040 402 5101 όδοῖς
432 5039 558 5100 τοὺς
600 5037 828 5108 βρόχους
874 5038 1287 5109 ὑπογράφωσιν.
1326 5042 1538 5112 Ὥσπερ
1580 5044 1677 5095 ἀν-

118 5127 372 5198 έργαστος
400 5129 622 5200 χρυσὸς,
654 5132 713 5182 ἐν
744 5132 1097 5202 χωνευτηρίῳ
1123 5132 1476 5203 βαλλόμενος,
1509 5135 1677 5189 καθα·
1708 5120 1729 5127 ’ί

122 5220 340 5294 ρώτερος
369 5224 579 5291 γίνεται
605 5261 620 5285 ,
666 5222 809 5275 οὕτω
839 5224 932 5277 καὶ
956 5223 1150 5292 νέηλυς
1188 5226 1440 5296 μοναχὸς,
1471 5229 1530 5280 ἐν
1567 5246 1683 5282 κοι-

118 5314 269 5383 νοϐίῳ
298 5315 365 5368 τὰ
389 5315 497 5384 ἦθη
539 5316 1037 5385 ἀναχωνευόμενος,
1071 5317 1295 5387 φαιδρὸς
1327 5322 1445 5382 ταῖς
1483 5337 1690 5390 καρτεςν

123 5400 253 5465 ρίαις
303 5402 771 5456 ἀποκαθίσταται·
826 5404 913 5457 διὰ
966 5406 1075 5474 γὰρ
1125 5406 1227 5476 τῆς
1274 5409 1544 5480 ἐπιταγῆς
1574 5411 1682 5464 τῶν

119 5488 347 5561 ἀδελφῶν
383 5492 481 5563 τὴν
511 5495 759 5563 ὑπακοὴν
797 5496 1090 5565 μανθάνειν
1125 5499 1556 5572 κατεργάζεται·
1593 5503 1682 5555 διὰ

120 5579 170 5636 δὲ
191 5584 280 5639 τοῦ
308 5585 735 5659 ἐπιπλήττοντος
760 5588 1109 5665 ἑτοιμάζεται
1141 5591 1242 5661 τὴν
1270 5592 1434 5659 φύσιν
1464 5610 1675 5666 μακρο-

182 5784 225 5817 ⁸¹
257 5785 411 5843 Rom.
443 5804 561 5855 vui,
596 5788 686 5843 26.
765 5790 833 5822 ⁸¹⁰
864 5790 1008 5849 Psal.
1038 5809 1145 5865 Liv,
1177 5794 1266 5848 25.

1780 4594 1981 4639 nautur
2009 4604 2023 4639 :
2052 4588 2252 4657 saepius
2286 4589 2468 4660 igitur,
2524 4606 2643 4646 cum
2691 4591 2857 4665 446
2896 4611 2997 4650 nos
3043 4595 3097 4650 in
3146 4598 3354 4666 placida

1780 4677 1964 4745 quiete
1994 4680 2354 4747 resideamus,
2388 4684 2692 4753 conspicati
2739 4685 2961 4741 fratrem
2999 4687 3067 4742 ad
3117 4703 3217 4743 nos
3264 4706 3356 4743 ve-

1784 4769 2023 4825 nientem
2056 4787 2152 4842 per
2196 4774 2432 4845 cogitata
2480 4777 2959 4846 praenuntiarunt,
3009 4778 3207 4848 quibus
3251 4796 3355 4834 non

1789 4871 2002 4932 oportet
2024 4865 2268 4929 credere,
2302 4867 2553 4935 quamvis
2585 4868 2765 4923 dicere
2800 4884 2925 4924 vera
2960 4880 3178 4941 putent,
3229 4875 3355 4943 quia

1788 4968 1885 5021 per
1925 4968 2044 5007 eam
2078 4955 2330 5012 videlicet
2378 4958 2663 5014 veritatem
2712 4961 3056 5016 mendacium
3114 4964 3358 5019 subinfe-

1786 5054 1935 5108 runt,
1987 5055 2046 5099 ut
2095 5062 2157 5099 ex
2214 5048 2530 5117 particulari
2582 5050 2839 5119 quopiam
2892 5053 3014 5119 viis,
3065 5069 3187 5123 quae
3230 5068 3360 5110 sunt

1787 5144 1914 5189 ante
1941 5150 2061 5200 nos,
2096 5136 2321 5206 laqueos
2362 5139 2520 5207 quasi
2554 5140 2847 5195 deliueent.
2885 5141 3355 5208 Quemadmodqu

1782 5246 1976 5284 aurum
2011 5229 2063 5283 in
2104 5246 2233 5287 vase
2266 5234 2490 5301 parvulo
2520 5235 2844 5304 argillaceo,
2888 5238 2942 5291 in
2996 5255 3106 5309 quo
3142 5243 3355 5295 metalla

1781 5321 2086 5375 funduntur
2125 5330 2179 5376 et
2216 5323 2523 5393 liquefiunt,
2551 5328 2877 5397 projectum,
2908 5331 3089 5385 evadit
3121 5332 3312 5401 purius
3341 5352 3354 5387 :

1782 5415 1855 5468 ita
1889 5425 1943 5469 et
1967 5415 2213 5471 novellus
2250 5418 2551 5473 monachus
2600 5419 2653 5472 in
2701 5420 2954 5476 caanobio
2986 5424 3144 5492 quasi
3177 5425 3362 5479 metal-

1781 5505 1915 5569 lum,
1962 5508 2173 5577 positus
2228 5508 2295 5563 ad
2338 5510 2722 5579 expurgandos
2776 5526 2993 5577 mores,
3054 5514 3361 5571 tolerantiis
3410 5508 3417 5511 ’

1783 5598 2139 5669 ρηεῐυΙεὶιΙυε
2170 5600 2452 5673 redditur;
2482 5616 2578 5673 per
2608 5603 2921 5681 mandatum
2952 5607 3098 5661 cnim
3129 5607 3356 5664 fratrum
