3788 6224
413 309 551 377 1135

1828 324 1888 382 S.
1912 322 2070 380 NlLi

3529 318 3664 381 1136

410 427 759 498 disciplinam
792 431 1114 486 obedientiar
1143 431 1375 500 perlicit,
1409 446 1500 500 per
1541 431 1866 502 aﬁligentem
1893 449 1976 486 au-

2157 431 2297 502 μίαν
2322 433 2485 502 ἔχειν.
2517 433 2686 487 Ὅταν
2715 427 2812 486 οὖν
2839 434 2982 504 χαρᾷ
3010 433 3108 496 τάς
3142 433 3327 504 ῦὸρεις
3360 437 3668 505 καταδέχη-

409 529 517 571 tem
551 532 707 572 suam
767 530 1034 590 praepara;
1086 533 1336 576 naturam
1396 521 1465 575 ad
1513 521 1982 591 longanimitatem

409 607 757 676 habendam;
806 613 1025 680 quando
1071 627 1201 683 ergo
1249 613 1447 682 gaudio
1493 613 1755 684 suscipiat
1795 623 1986 669 contu-

407 699 622 768 melias,
656 702 1029 773 tenuitateque
1060 704 1448 760 demissionem
1501 705 1670 759 animi
1713 705 1988 775 amplexe-

409 801 520 858 tur,
571 795 821 863 superior
854 796 1119 866 oppositis
1166 797 1391 852 effectus
1440 798 1810 868 passionibus,
1859 807 1986 852 tunc

409 885 707 940 virtutibus
745 901 1034 942 coruscare
1059 887 1360 954 contendit,
1390 888 1566 958 gratia
1603 889 1709 958 ipsi
1751 890 1987 959 amplius

408 978 553 1033 vires
578 979 932 1047 concedente,
971 989 1026 1034 et
1053 980 1349 1048 copiosius.
1388 980 1542 1035 Sicut
1566 981 1661 1051 qui
1697 981 1752 1034 in
1777 983 1987 1036 radices

409 1078 570 1124 terrae
595 1069 935 1124 descendunt
959 1085 1152 1125 aurum
1182 1069 1501 1126 refodiunt:
1537 1073 1632 1137 ita,
1667 1072 1761 1142 qui
1799 1072 1852 1126 in
1889 1087 1985 1126 au-

407 1162 615 1216 reolam
648 1162 1012 1218 humilitatem
1032 1164 1393 1228 descendunt,
1423 1165 1651 1218 virtutes
1676 1173 1983 1234 reportant.

403 1251 560 1308 Tunc
589 1255 897 1310 intellectus
926 1255 1209 1325 prmsentit
1235 1259 1499 1327 requiem,
1526 1259 1746 1328 quando
1771 1258 1984 1328 passio-

402 1361 535 1400 num
599 1345 848 1402 recidens
908 1362 1106 1403 causas
1142 1349 1290 1403 circa
1343 1351 1860 1419 contemplationem
1915 1350 1986 1404 sit

402 1451 722 1510 occupatus,
759 1451 886 1494 ante
936 1456 1066 1495 vero
1108 1441 1324 1496 illarum
1364 1442 1722 1510 incisionem,
1766 1453 1985 1498 contra-

400 1535 607 1588 riorum
639 1549 834 1604 pugna:
866 1534 1078 1588 inﬁrme
1105 1535 1394 1602 accedens,
1429 1536 1668 1592 laborem
1699 1538 1981 1607 persentit,

402 1642 466 1682 ac
498 1641 793 1682 aerumnas.

950 1801 1180 1858 CAPUT
1219 1801 1432 1856 XXXII.

474 1958 642 2014 Senes
673 1958 903 2012 libenter
948 1959 1328 2028 amplexantur
1373 1957 1675 2011 solitarium
1717 1957 1982 2026 gradatim

401 2059 784 2122 comparatum
821 2066 1136 2119 recessum;
1172 2052 1217 2108 si
1254 2051 1418 2107 modo
1451 2051 1596 2122 quis,
1633 2066 1757 2106 cum
1787 2051 1840 2105 in
1874 2067 1982 2106 coa-

402 2147 570 2201 nobio
613 2145 844 2200 virtutes
882 2146 1204 2216 perfecerit,
1256 2160 1322 2199 eo
1373 2159 1547 2215 usque
1601 2145 1878 2214 pervenit;
1931 2153 1986 2198 et

401 2239 621 2310 quidem
654 2241 898 2310 seipsum
937 2242 1127 2310 probet
1177 2256 1244 2294 an
1281 2239 1457 2310 possit
1495 2239 1548 2292 in
1600 2254 1821 2293 recessu
1857 2253 1980 2308 pro-

402 2334 585 2398 iicere,
620 2332 704 2387 sin
735 2347 887 2397 vero,
915 2332 1057 2386 haud
1084 2331 1247 2404 447
1285 2331 1491 2395 valens,
1529 2329 1730 2385 virtute
1757 2329 1982 2384 frustre-

402 2437 515 2500 tur,
542 2426 787 2480 reflectat
822 2425 924 2479 iter
963 2427 1027 2478 ad
1060 2425 1392 2486 (mitobium,
1436 2439 1503 2477 ne
1547 2422 1806 2489 forsitan,
1856 2437 1979 2476 cum

403 2519 797 2588 cOgitationum
845 2517 1345 2571 machinationibus
1386 2528 1669 2568 occurrere
1710 2528 1822 2566 non
1863 2527 1984 2582 pos-

403 2609 496 2672 sit,
533 2609 749 2663 excidat
782 2617 981 2663 mente.
1019 2607 1490 2673 Quemadmodum
1526 2607 1701 2661 viduae
1747 2606 1981 2677 lugentis

404 2703 661 2758 solatium
697 2711 825 2755 sunt
855 2701 982 2766 ﬁlii,
1035 2701 1116 2755 sic
1158 2709 1212 2754 et
1262 2701 1480 2762 animai,
1517 2716 1637 2770 quae
1668 2700 1977 2768 deliquerit,

404 2794 727 2855 consolatio,
757 2793 969 2848 labores
1004 2802 1151 2854 sunt,
1192 2793 1284 2861 qui
1313 2792 1745 2861 desperationem
1774 2793 1980 2861 cegita-

406 2889 615 2941 tionum
672 2885 977 2953 dissipant,
1011 2894 1062 2939 et
1103 2886 1438 2954 paenitentia:
1489 2885 1741 2938 ﬁduciam
1787 2898 1978 2952 super-

403 2981 698 3043 scminant,
729 2989 782 3032 et
807 2979 1219 3033 misericordias
1247 2976 1450 3032 Christi
1479 2976 1774 3046 publicant,
1808 2990 1871 3028 ac
1896 2974 1979 3027 di-

402 3072 647 3140 vulgant,
674 3079 991 3138 patrataque
1015 3078 1235 3138 peccata
1256 3068 1628 3138 proscribunt.
1659 3064 1774 3119 Non
1801 3065 1976 3120 solum

402 3177 533 3229 ergo
592 3160 855 3214 debemus
919 3159 1076 3229 quasi
1126 3173 1191 3212 ex
1245 3155 1642 3212 consuetudine
1698 3154 1977 3208 laboribus

405 3255 722 3309 incumbere
753 3255 1053 3322 operando,
1095 3266 1281 3304 rerum
1318 3262 1370 3304 et
1397 3248 1647 3320 prudenti
1677 3247 1975 3318 gratiarum

401 3349 631 3403 actionis
659 3350 860 3412 animo,
914 3361 980 3399 ne
1027 3345 1194 3398 hocce
1233 3343 1511 3414 sapientize
1568 3342 1750 3396 studio
1797 3340 1975 3394 anima

405 3441 551 3494 nuda
579 3439 981 3508 eomperiatur;
1011 3437 1055 3490 si
1079 3451 1316 3504 namque
1339 3435 1393 3489 in
1423 3448 1750 3503 unaquaque
1767 3432 1977 3485 actione

373 3534 542 3587 »bene
581 3533 832 3585 novimus
864 3544 1010 3594 eum,
1058 3527 1150 3596 qui
1198 3527 1444 3580 laborum
1493 3525 1628 3578 ﬁnes
1674 3521 1974 3592 elargitur,

402 3625 702 3696 gratiarum
749 3623 963 3676 actione
1016 3621 1386 3689 obsignemus.
1457 3616 1611 3671 Sicut
1663 3629 1855 3684 panem
1909 3612 1978 3665 ab

407 3718 614 3772 infante
645 3715 862 3771 catulus
885 3714 1098 3782 eripere
1128 3710 1440 3774 insidiatur,
1472 3708 1546 3762 ita
1575 3705 1919 3777 prudentiam
1947 3718 1977 3756 a

404 3809 570 3862 corde
615 3805 872 3870 cogitatio
925 3802 1065 3856 mala
1101 3819 1114 3854 :
1157 3816 1222 3854 ne
1255 3800 1418 3868 igitur
1456 3796 1773 3866 juvenililcr
1803 3795 1978 3863 sapia-

405 3915 550 3966 mus,
577 3897 982 3952 contrariorum
1014 3907 1238 3962 operum
1287 3900 1500 3944 utentes
1529 3888 1757 3950 malitia,
1807 3895 1864 3939 ut
1909 3887 1977 3938 iis

405 3995 460 4047 in
491 3990 848 4062 direptionem
877 3988 1113 4042 animam
1141 3999 1248 4038 non
1273 3981 1592 4054 prodamus.
1620 3966 1992 4047 Quemadmo?

405 4087 534 4139 dum
568 4083 849 4139 stellarum
885 4079 1087 4132 chorea
1136 4077 1308 4130 facem
1346 4085 1588 4144 gestans,
1634 4072 1976 4142 splendidum

407 4176 580 4229 reddit
609 4176 832 4237 emittm,
869 4172 940 4233 ita
988 4183 1304 4225 sermonum
1335 4167 1536 4221 veritas
1567 4166 1723 4235 quasi
1771 4165 1978 4231 lampa—

403 4271 523 4321 dem
559 4277 749 4320 tenens
779 4264 1011 4318 nitidum
1050 4261 1222 4316 'ellicit
1260 4259 1557 4314 hominem.
1605 4255 1782 4310 Unum
1815 4256 1978 4323 igitur

401 4360 646 4416 veritatis
672 4359 724 4411 in
762 4357 943 4426 lingua
975 4366 1256 4424 portemus
1285 4352 1530 4415 modum,
1562 4350 1685 4418 quia
1713 4348 1978 4401 Dominus

401 4453 709 4508 inhabitare
739 4449 869 4503 facit
914 4451 1076 4501 unius
1123 4446 1290 4500 moris
1334 4444 1387 4496 in
1420 4442 1584 4496 domo
1605 4441 1669 4494 ⁸³.
1705 4438 1979 4506 Quemad-

2087 540 2213 590 ται,
2245 524 2340 576 καὶ
2373 523 2620 596 εὐτελείᾳ
2647 524 2745 594 τὴν
2780 523 3109 577 ταπείνωσιν
3139 526 3494 595 ἀσπάζηται,
3531 527 3672 580 ἀνά)-

2087 633 2247 686 τερος
2303 618 2414 670 τῶν
2465 618 2728 687 ἄντικρυς
2779 616 2970 670 παθῶν
3029 618 3350 688 γενόμενος,
3405 617 3670 672 ἐπέκεινα

2089 709 2327 764 στίλσειν
2379 712 2501 774 ταῖς
2550 710 2772 780 ἀρεταῖς
2825 709 3248 780 ἐπαγωνίζεται,
3290 713 3390 780 τῆς
3441 713 3670 781 χάριτκ

2087 801 2237 872 αὐτῷ
2281 803 2374 854 ἐπὶ
2408 802 2589 855 πλεῖον
2633 801 2732 873 τὴν
2765 801 2996 871 δύναμιν
3043 802 3418 872 δωρουμένης.
3448 803 3672 868 Ὥσπερ

2085 895 2135 946 οἱ
2168 892 2267 956 τὰς
2299 892 2454 964 ῥίζας
2487 893 2586 963 τῆς
2627 893 2732 964 γῆς
2758 893 3042 956 κατιόντες
3074 892 3166 945 τὸν
3202 891 3409 963 χρυσὸν
3437 893 3672 963 ἀνορύτ-

2085 1002 2290 1051 τουσιν,
2316 985 2491 1048 οὕτως
2516 987 2566 1038 οἱ
2592 987 2671 1050 είς
2699 986 2798 1056 τὴν
2846 987 3096 1056 χρυσῖτιν
3128 985 3461 1038 ταπείνωσιν
3497 1003 3670 1037 κατα-

2087 1071 2366 1134 ϐαίνοντες
2404 1069 2607 1144 ἀρετὰς
2641 1069 2995 1141 ἀναφέρουσι.
3043 1069 3176 1122 Τότε
3202 1070 3231 1121 ό
3260 1068 3386 1132 νοῦς
3418 1069 3672 1122 ἀναπαύ-

2088 1179 2226 1224 σεως
2259 1161 2600 1227 αἰσθάνεται,
2635 1162 2797 1214 ὁπότε
2813 1161 2912 1224 τάς
2942 1161 3052 1214 τῶν
3084 1159 3273 1214 παθῶν
3313 1160 3497 1220 αἰτίας
3530 1161 3671 1211 ἀπο-

2085 1254 2293 1323 τεμὼν,
2324 1254 2454 1325 περὶ
2485 1254 2720 1326 θεωρίαν
2747 1254 3071 1325 ἠσχόληται,
3096 1254 3226 1322 πρὶν
3247 1252 3308 1304 δὲ
3324 1253 3431 1322 τῆς
3456 1251 3670 1304 τούτων

2083 1346 2292 1416 κοπῆς,
2323 1346 2492 1399 κόπου
2513 1385 2530 1412 ,
2579 1346 2676 1400 καλ⁴
2715 1346 3089 1416 ταλαιπωρίας
3136 1343 3572 1407 ἐπαισθάνεται,

2082 1438 2192 1492 τῶν
2217 1438 2478 1493 ἐναντίων
2506 1439 2661 1512 μάχη
2686 1438 2930 1502 ἀσθενῶς
2957 1437 3424 1510 προσερχόμενος.

2660 1812 2914 1871 ΚΕΦΔΛ.
2955 1813 3080 1868 AB’.

2157 1963 2362 2036 Βαθμῷ
2407 1963 2506 2035 τὴν
2557 1959 2919 2034 ἀναχώρησιν¹
2961 1962 3256 2034 γινομένην
3302 1962 3352 2015 οξ
3404 1961 3669 2032 γέροντες

2085 2056 2224 2126 ἄγαν
2262 2056 2623 2127 ἀποδέχονται
2643 2093 2660 2121 ,
2694 2053 2852 2126 εἴπερ
2878 2071 2961 2118 τις
2990 2054 3088 2120 τὰς
3126 2057 3184 2110 ὲν
3211 2053 3468 2124 κοινοόίῳ
3514 2054 3672 2107 τελέ..

2087 2168 2185 2214 σας
2203 2149 2403 2222 ἀρετὰς
2429 2150 2507 2212 είς
2534 2147 2694 2201 τοῦτο
2717 2146 3085 2219 παρελήλυθε’
3110 2148 3205 2201 καὶ
3242 2149 3290 2200 εί
3321 2147 3420 2218 μὲν
3444 2146 3675 2200 δύναιτο

2083 2241 2142 2296 ἐν
2171 2243 2239 2312 τῇ
2274 2239 2622 2310 ἀναχωρήσει
2662 2237 3025 2308 προκόπτειν,
3061 2236 3253 2292 ἑαυτὸν
3290 2237 3669 2308 δοκιμαζέτω.

2083 2331 2147 2386 Εἰ
2176 2331 2231 2385 δὲ
2261 2330 2536 2393 ἀδυνάτως
2567 2328 2704 2400 ἔχων
2729 2329 2830 2400 τῆς
2866 2329 3067 2400 ἀρετῆς
3103 2329 3442 2394 ἐλαττοῦται,
3485 2332 3574 2393 εἰς
3609 2329 3674 2382 τὸ

2087 2423 2352 2478 κοινόὸιον
2390 2421 2817 2492 ἀνακαμπτέτω,
2854 2422 3052 2491 μήπως
3089 2422 3212 2484 ταῖς
3242 2424 3522 2492 μηχαναῖς
3557 2422 3674 2474 τῶν

2081 2515 2357 2588 λογισμῶν
2392 2518 2467 2586 μὴ
2493 2514 2742 2586 δυνηθεὶς
2778 2513 3112 2583 ἀπαντῆσαι,
3140 2513 3249 2567 τῶν
3274 2514 3492 2585 φρενῶν
3529 2517 3674 2568 ἀπο-

2083 2608 2476 2680 πέσῃ.”Ωσπερ
2505 2609 2682 2678 χήρας
2706 2605 3010 2677 πενθούσης
3037 2605 3389 2676 παραμύθιον
3431 2608 3488 2659 οἱ
3528 2607 3668 2669 υἱοὶ,

2079 2702 2222 2756 οὔτω
2243 2703 2336 2755 καὶ
2363 2701 2541 2772 ψυχῆς
2560 2701 2870 2770 πταισάσης
2913 2699 3231 2770 παρηγορία
3253 2699 3425 2763 πόνοι,
3457 2699 3669 2763 οἵτινες

2078 2796 2176 2863 τὴν
2201 2794 2512 2861 ἀπόγνωσιν
2539 2792 2646 2847 τῶν
2676 2791 2953 2863 λογισμῶν
2984 2789 3340 2861 σκορπίζουσι
3363 2831 3380 2854 ,
3424 2792 3528 2844 καὶ
3560 2791 3666 2860 τὴν

2080 2882 2262 2936 πίστιν
2312 2883 2413 2953 τῆς
2453 2881 2742 2950 μετανοίας
2780 2881 3240 2951 κατασπείρουσι,
3286 2882 3382 2934 καὶ
3420 2880 3494 2934 τά
3533 2881 3662 2951 ὲλέη

2079 2975 2318 3046 Χριστοῦ
2343 2975 2802 3047 ἀνακηρύττουσι,
2839 2975 2936 3027 καὶ
2961 2975 3027 3028 τὰ
3057 2973 3373 3044 πραχθέντα
3400 2975 3662 3045 ἁμαρτή-

2083 3084 2228 3138 ματα
2279 3066 2774 3136 ἀποκηρύττουσιν.
2825 3066 2942 3118 Ούκ
2984 3064 3273 3135 ὀφείλομεν
3320 3060 3418 3118 οὖν
3461 3063 3546 3128 ὡς
3598 3067 3660 3116 ἐκ

2082 3160 2370 3230 συνηθείας
2407 3161 2566 3230 μόνον
2592 3160 2720 3224 τοὺς
2746 3159 2942 3223 πόνους
2976 3157 3308 3229 ἐργάζεσθαι
3333 3197 3348 3217 ,
3384 3155 3528 3209 ἀλλά
3567 3158 3663 3208 καὶ

2081 3252 2140 3304 ἐν
2170 3250 2383 3304 συνέσει
2414 3251 2790 3322 εὐχαριστίας,
2826 3251 2914 3305 ἵνα
2947 3249 3022 3322 μὴ
3051 3248 3235 3320 γυμνὴ
3269 3247 3369 3317 τῆς
3397 3247 3661 3315 τοιαύτης

2081 3343 2400 3414 φιλοσοφίας
2431 3345 2465 3413 ή
2507 3343 2653 3413 ψυχὴ
2692 3343 3002 3414 εὑρίσκοιτο
3021 3360 3036 3374 ο
3073 3342 3168 3396 ἐὰν
3196 3343 3305 3414 γάρ
3328 3341 3420 3411 ἐφ’
3449 3342 3662 3410 ἑκάστῃ

2080 3435 2277 3506 πράξει
2311 3434 2570 3504 σύνισμεν
2596 3435 2688 3489 τὸν
2716 3434 2930 3488 διδόντα
2954 3433 3024 3488 τὰ
3048 3433 3178 3503 τέλη
3209 3433 3315 3486 τῶν
3342 3433 3550 3496 πόνων,
3570 3450 3659 3484 ετ-

2079 3527 2337 3599 χαριστίᾳ
2377 3527 2768 3597 σφραγίζωμεν
2817 3526 3234 3598 Ὥσπεράρτον
3272 3526 3382 3580 ἀπὸ
3424 3525 3665 3596 βρέφους

2079 3619 2349 3690 ὲνεδρεύει
2375 3617 2579 3685 σκύλαξ
2608 3618 2948 3688 ἐξαρπάσαι,
2980 3616 3122 3671 οὕτω
3151 3618 3369 3671 σύνεσιν
3400 3617 3514 3671 ἀπὸ
3539 3636 3670 3688 καρ-

2078 3709 2199 3771 δίας
2233 3707 2492 3778 λογισμὸς
2519 3709 2774 3780 πονηρός.
2806 3709 2897 3778 Μὴ
2940 3708 3033 3762 οῦν
3063 3707 3406 3778 ὲννεάζωμεν
3436 3707 3554 3761 τῶν
3583 3711 3668 3760 ἐν·

2080 3799 2276 3854 αντίων
2315 3799 2493 3870 ἔργων
2540 3801 2608 3870 τῇ
2656 3799 2827 3870 κακίᾳ
2870 3798 3163 3870 χρώμενοι,
3205 3797 3292 3851 ἵνα
3339 3797 3419 3868 μὴ
3460 3798 3547 3860 είς
3588 3796 3668 3849 δι-

2079 3891 2337 3963 αρπαγὴν
2365 3893 2578 3955 τούτοις
2605 3891 2705 3964 τὴν
2739 3892 2918 3963 ψυχὴν
2949 3889 3413 3963 προεκδώσωμεν.
3445 3891 3669 3961 Ὠσπερ

2079 3987 2113 4055 ἡ
2143 3984 2253 4038 τῶν
2291 3983 2538 4056 ἀστέρων
2580 3985 2772 4057 χορεία
2811 3985 3146 4056 δᾳδουχοῦσα
3223 3983 3521 4054 φαιδρύνει
3578 3983 3672 4035 τὸν

2078 4077 2332 4148 οὐρανὸν,
2359 4077 2534 4143 οὕτως
2567 4080 2599 4148 ή
2633 4079 2742 4130 τῶν
2774 4077 3036 4150 ῥημάτων
3071 4076 3302 4146 ἀλήθεια
3339 4075 3673 4143 λαμπαδοῦ-

2080 4169 2252 4240 χοῦσα
2282 4171 2566 4241 φαιδρύνει
2597 4169 2688 4223 τὸν
2721 4168 3029 4241 ἄνθρωπον.
3067 4169 3203 4221 Ἕνα
3249 4162 3344 4222 οὖν
3380 4170 3486 4238 τῆς
3537 4170 3672 4237 ἀλῃ-

2081 4261 2232 4325 θείας
2267 4263 2468 4331 τρόπον
2499 4261 2592 4313 ἐπὶ
2626 4259 2873 4331 γλώττης
2914 4259 3305 4330 βαστάζωμεν,
3338 4259 3424 4312 ὅτι
3455 4260 3671 4331 Κύρικ

2081 4353 2385 4418 κατοικίζει
2423 4353 2788 4424 μονοτρόπους
2820 4353 2879 4404 ἐν
2918 4352 3072 4422 οἴκῳ.
3116 4351 3332 4421 Ὠσπερ
3383 4352 3670 4422 ἀστραπαὶ

2084 4444 2317 4515 σφοδραὶ
2343 4443 2735 4514 προσπηδῶσαι
2757 4480 2772 4504 ,
2806 4441 3187 4512 προμηνύουσι
3230 4438 3496 4512 βροντήν,
3524 4441 3668 4493 οὓτω

401 4546 624 4598 modum
659 4538 999 4595 vehementia
1027 4534 1328 4590 assilientia
1363 4519 1580 4601 fulgura
1607 4531 1810 4584 tonitru
1841 4543 1976 4596 prae-

2157 4537 2174 4590 ὶ
2203 4537 2392 4607 ῥήσεις
2424 4535 2673 4606 ἀκριϐεῖς
2702 4533 3050 4605 προσιοῦσαι,
3093 4534 3543 4604 προσημαίνουσι
3580 4536 3666 4586 πί-

401 4639 647 4707 signant,
699 4634 780 4688 sic
831 4630 1088 4700 et‘plena
1139 4627 1394 4696 iustaque
1442 4622 1754 4677 accedentia
1809 4620 1971 4684 dicta,

399 4732 561 4785 ﬁdem
590 4725 979 4798 prmnuntiant.
1014 4719 1227 4774 Fideles
1254 4719 1420 4785 igitur
1452 4714 1664 4770 veritati
1711 4728 1832 4766 esse
1861 4722 1974 4764 stu-

398 4826 659 4887 deamus,
707 4828 768 4873 ut
821 4817 888 4871 ad
936 4816 1196 4869 virtutum
1253 4808 1595 4877 metropolim
1651 4805 1972 4860 charitatem

396 4913 833 4988 progrediamur.
863 4909 1016 4964 Sicut
1047 4908 1127 4962 sol
1157 4905 1274 4958 auri
1307 4902 1360 4955 in
1385 4900 1608 4954 modum
1638 4899 1973 4968 splendenti-

397 5012 502 5066 bus
527 5007 697 5063 radiis
729 5006 828 5059 toti
871 5002 1076 5057 arridet
1112 5009 1378 5054 terrarum
1417 4993 1560 5060 orbi,
1594 4996 1667 5046 ita
1703 4988 1973 5044 rutilanti-

396 5103 500 5157 bus
538 5098 848 5155 actionibus
887 5095 1088 5149 veritas
1128 5089 1276 5144 omni
1341 5087 1538 5141 animae
1571 5084 1884 5155 perlaetatur
1920 5089 1974 5133 et

397 5195 846 5266 congratulatur;
898 5205 1060 5259 quam
1112 5185 1158 5240 si
1214 5181 1634 5243 obtinuerimus,
1691 5175 1973 5246 passiones

396 5288 564 5360 448
593 5286 977 5348 exstinximus,
1023 5291 1077 5336 et
1121 5279 1188 5334 ad
1239 5278 1408 5334 ccelos
1459 5291 1635 5346 usque
1673 5274 1974 5328 illuximus.

397 5382 628 5432 Unmem
664 5376 873 5432 subibis
901 5373 1163 5436 laborem,
1198 5369 1369 5423 donec
1405 5376 1650 5423 sanctam
1690 5376 1975 5433 compares

399 5469 755 5533 charitatem;
821 5467 968 5535 quia,
1001 5465 1221 5518 absente
1264 5461 1390 5528 ista,
1439 5459 1577 5513 nihil
1625 5457 1972 5527 praesentium

400 5561 623 5633 prodest
649 5580 662 5615 :
693 5561 897 5615 etenim
951 5559 1028 5613 ira
1061 5555 1284 5621 ferocit,
1317 5563 1367 5610 et
1413 5559 1736 5623 asperantur
1767 5564 1972 5614 mores,

475 5744 521 5774 ⁵³
554 5741 697 5797 Psal.
751 5757 919 5806 ωινιι,
974 5741 1024 5795 '7.

2082 4647 2220 4684 στιν.
2257 4630 2450 4683 Πιστοὶ
2481 4629 2575 4682 οὖν
2607 4623 2747 4680 εἶναι
2771 4629 2838 4697 τῇ
2865 4625 3090 4697 ἀληθεία
3121 4626 3549 4696 σπουδάσωμεν,
3581 4627 3666 4679 ἵνα

2081 4723 2176 4779 καὶ
2223 4726 2301 4786 εἱς
2334 4723 2433 4794 τὴν
2487 4723 2822 4793 μητρόπολιν
2873 4720 2983 4774 τῶν
3034 4719 3246 4789 ἀρετῶν
3290 4718 3396 4789 τὴν
3441 4720 3665 4785 ἀγάπην

2082 4816 2471 4888 προκόψωμεν.
2530 4816 2618 4878 Ὠς
2665 4816 2817 4886 ἣλιος
2867 4816 2987 4877 ταῖς
3037 4810 3408 4882 χρυσαυγέσιν
3449 4812 3666 4866 ἁκτίσιν

2082 4909 2269 4980 ἁπάσῃ
2297 4907 2627 4978 προσμειδιᾷ
2654 4909 2719 4978 τῇ
2751 4908 2845 4976 γῇ,
2875 4903 3047 4968 οὕτως
3076 4903 3264 4972 ἀγάπη
3281 4906 3416 4964 ιταῖς
3445 4921 3664 4973 φωταυ-

2081 4999 2202 5068 γέσι
2241 4999 2500 5070 πράξεσιν
2547 4999 2734 5070 ἁπάσῃ
2777 4997 3100 5067 προσχαίρει
3133 4994 3313 5065 ψυχῇ·
3346 4995 3534 5065 ἥνπερ
3573 4996 3665 5048 tia

2083 5091 2473 5160 κατάσχωμεν,
2509 5089 2580 5142 τά
2605 5090 2752 5160 πάθη
2786 5089 3114 5158 ὲσϐέσαμεν,
3150 5087 3247 5139 καὶ
3277 5087 3360 5148 εἰς
3401 5088 3664 5157 οὐρανοὺς

2083 5181 2429 5252 ὲλάμιξιαμεν.
2461 5183 2716 5235 ’Ἀπαντα
2753 5182 2915 5236 πόνον
2954 5181 3203 5250 ποιήσεις
3235 5179 3344 5243 ἕως
3375 5179 3477 5249 τῆς
3515 5179 3665 5239 ὁσίας

2084 5276 2307 5344 ἀγάπης
2335 5275 2615 5348 ἐπιτεύξῃ,
2647 5277 2750 5342 ὅτι,
2780 5275 2986 5345 ταύτης
3018 5273 3266 5344 ἀπούσης
3287 5313 3305 5337 ,
3335 5272 3535 5341 ὄφελος
3561 5272 3666 5325 τῶν

2084 5367 2368 5436 παρόντων
2398 5369 2570 5421 οὐδέν.
2605 5368 2715 5420 Καὶ
2740 5366 2850 5436 γάρ
2873 5365 3009 5438 ὀργὴ
3034 5365 3402 5434 ἀγριαίνεται,
3439 5366 3539 5417 καὶ
3562 5364 3664 5433 ήθη

2081 5460 2472 5530 χαλεπαίνεται
2497 5499 2511 5523 ,
2548 5460 2700 5514 πόνοι
2735 5459 3125 5531 ἀπονοούμενοι
3172 5461 3238 5530 τῇ
3281 5457 3410 5528 δόξῃ
3459 5460 3666 5526 ωμμὶο

2081 5569 2326 5621 γνυνται.
2356 5552 2455 5606 Διά
2486 5551 2665 5624 ψυχῆς
2689 5551 3023 5616 ταπείνωσιν
3048 5547 3213 5604 Δαὸὶδ
3245 5548 3389 5618 μετά
3423 5545 3662 5610 πένθους
