3788 6224
109 325 250 393 113Ἱ

1231 323 1670 386 TRACTATUS
1709 325 1808 384 AD
1848 324 2250 385 EULOGIUM
2265 373 2278 387 .

3222 313 3358 377 1138

105 444 436 511 ἐνήστευσε,
507 439 601 494 καὶ
666 441 827 508 ἡμεῖς
887 437 974 492 διὰ
1041 438 1300 506 νηστείας
1353 438 1451 507 τὴν
1513 435 1689 504 ψυχὴν

1805 442 1843 488 ιι
1867 433 2236 489 admiscentur
2263 427 2450 504 glorsz
2482 431 2697 485 labores
2727 442 2927 483 vesana
2957 426 3190 497 quadan
3229 427 3355 481 elati

103 529 565 600 ταπεινὼσωμεν.

704 817 952 869 ΚΕΦΛΛ.
995 816 1115 869 AI”.

191 907 254 961 '0
287 909 406 970 τοῖς
444 910 783 976 σωματικοῖς
828 908 1011 970 πόνοις
1039 908 1392 980 τραχυτέρως
1419 908 1694 978 ἀσκούμε-

101 1003 234 1067 νος,
275 1001 411 1072 μηδὲ
436 1000 646 1070 ἐπαίνῳ
679 1000 1017 1068 ἐργαζέσθω,
1039 1002 1173 1070 μήτε
1199 999 1324 1072 δόξῃ
1355 1002 1689 1072 ἐπαιρέσθω·

101 1093 156 1143 εἱ
180 1090 295 1161 γάρ
322 1092 381 1142 ἐν
405 1089 618 1152 τούτοις
649 1092 699 1142 ot
729 1090 982 1159 δαίμονες
1004 1090 1350 1160 ὀφρυὼσουσι
1369 1091 1471 1161 τὴν
1492 1092 1688 1162 ψυχὴν·

101 1183 210 1236 καὶ
251 1185 355 1253 τὴν
384 1181 707 1253 τραχύτητα
734 1220 748 1244 ,
780 1184 875 1235 καὶ
903 1181 1005 1251 τὴν
1035 1182 1271 1251 ἄσκησιν
1299 1180 1394 1234 τοῦ
1437 1181 1691 1250 σώματος

107 1273 459 1342 ἒνισχύσουσι
490 1275 556 1342 τῇ
587 1272 744 1342 δόξῃ,
795 1272 890 1324 καὶ
917 1271 1180 1340 μειζόνων
1209 1271 1551 1340 ἐφάπτεσθαι
1591 1272 1691 1323 πό-

104 1384 222 1420 νων
253 1363 675 1434 ἐφελκύσουσιν,
705 1364 779 1426 ὡς
809 1363 898 1417 ἶνα
934 1363 1028 1415 καὶ
1075 1363 1340 1432 μειζόνως
1371 1363 1687 1432 ἐπαίρηται·

111 1451 436 1506 τυλλαλοῦσι
459 1451 568 1521 γάρ
595 1439 799 1504 ἔσωθεν
825 1451 911 1504 διά
941 1451 1052 1503 τῶν
1080 1452 1358 1521 λογισμῶν
1382 1452 1691 1505 είσῦάλλον-

101 1558 207 1604 τες
229 1540 427 1607 ταῦτα,
461 1542 542 1594 ὅτι
575 1539 773 1604 Καθὼς
804 1544 832 1594 ό
861 1541 1008 1594 δεῖνα
1039 1542 1402 1611 ἀποσκλήρως
1419 1543 1688 1614 ἀσκήσας,

105 1632 210 1708 καῖ
233 1633 264 1686 ό
293 1632 440 1687 δεῖνα
471 1631 721 1702 μεγάλως
751 1632 1044 1702 ὠνομάσθη
1069 1674 1084 1698 ,
1119 1635 1214 1686 καὶ
1259 1634 1436 1687 θανὼν
1474 1635 1554 1688 ἔτι
1599 1636 1692 1689 λα-

104 1723 324 1786 λεῖται,
361 1723 503 1777 οὕτω
556 1726 650 1779 καὶ
693 1725 852 1787 αὐτὸς
897 1727 978 1788 είς
1009 1727 1309 1797 ἀκρότατον
1337 1729 1692 1798 ἐπασκήσεως

105 1815 349 1886 ἀνάϐηθι
399 1815 567 1885 ὕψος,
625 1815 710 1868 ἵνα
749 1815 906 1880 δόξαν
954 1818 1134 1888 σαυτῷ
1178 1820 1547 1892 περιποιήσῃ,
1602 1821 1695 1874 καὶ

109 1906 266 1976 μέγα
302 1923 394 1960 σου
422 1907 484 1959 τὸ
505 1906 676 1977 ὄνομα
699 1907 920 1980 ἐξέλθῃ,
940 1910 1033 1962 ἐπὶ
1065 1908 1143 1979 τῷ
1170 1911 1263 1963 καὶ
1297 1911 1436 1981 μετὰ
1465 1913 1696 1968 θάνατον

109 1999 570 2069 ὑπερϐαλλόντως
602 1999 904 2054 λαλεῖσθαι.
939 2001 1037 2054 Διά
1060 2001 1124 2071 δὴ
1147 2003 1255 2056 τῶν
1283 2003 1458 2069 οὕτως
1483 2007 1697 2076 ἀπατη-

109 2093 359 2156 θέντων,
403 2093 464 2146 ού
503 2093 662 2163 μόνον
697 2097 810 2157 τοῖς
862 2098 1201 2164 σωματικοῖς
1256 2115 1350 2150 σου
1398 2099 1696 2169 πολεμοῦσι

109 2185 338 2248 πόνοις,
371 2184 510 2239 ἀλλά
549 2187 641 2239 καὶ
692 2186 895 2255 μᾶλλον
934 2189 1014 2251 είς
1049 2190 1373 2258 συμμαχίαν
1416 2191 1693 2258 καλοῦσιν,

111 2273 204 2324 ὅτι
231 2273 300 2326 δι’
331 2275 512 2329 αὐτῶν
542 2277 599 2329 ἐν
627 2281 739 2342 τοῖς
773 2280 1179 2350 χαλεπωτέροις
1211 2281 1446 2350 ψαύουσι
1470 2283 1566 2354 τὴν
1595 2285 1696 2352 ψυ-

116 2367 249 2434 χὴν,
285 2368 378 2421 καὶ
410 2370 519 2438 γάρ
544 2369 945 2439 ἐνθρονίζουσιν
974 2372 1155 2433 αὑτὸν,
1192 2374 1283 2426 καὶ
1314 2375 1393 2438 είς
1429 2373 1518 2427 τὸν
1551 2375 1695 2428 διδα-

116 2456 385 2510 σκαλικὸν
440 2458 698 2528 ἐξυψοῦσι
724 2460 918 2530 λόγον,
985 2462 1072 2515 ἵνα
1130 2463 1206 2527 ὡς
1263 2465 1330 2518 ἐκ
1378 2464 1570 2518 τούτου
1629 2467 1698 2520 τά

115 2551 319 2618 πρῶτα
358 2551 466 2603 τῶν
499 2554 884 2622 μεγαλοπόνων
925 2571 985 2607 τε
1042 2557 1137 2608 καὶ
1177 2557 1499 2624 γνωστικῶν
1553 2558 1698 2628 ἔχειν

114 2641 460 2711 εύφημισθῇ.
497 2642 705 2714 Ζηλοῦν
731 2645 787 2697 δὲ
817 2646 912 2701 καὶ
944 2646 1158 2716 φθονεῖν
1201 2649 1548 2703 εἰσϐάλλουσι
1587 2655 1700 2716 τοῖς

116 2733 217 2784 ἐπὶ
253 2733 675 2805 κατορθώμασιν
701 2737 1160 2808 εὐφημουμένοις,
1189 2743 1283 2793 καὶ
1313 2733 1386 2794 ὧν
1409 2741 1697 2814 θαυμαστὴ

119 2825 330 2894 μᾶλλον
357 2827 392 2896 ὴ
423 2829 621 2897 πρᾶξις
645 2870 658 2894 ,
699 2829 791 2880 καὶ
825 2828 1025 2896 γνῶσις
1068 2832 1296 2902 γειτνιᾷ.
1335 2832 1488 2884 Ἐσθ’
1519 2833 1607 2885 ὅτε
1645 2833 1701 2886 δὲ

118 2917 218 2968 καὶ
265 2917 364 2986 τῆς
406 2919 606 2988 σαρκὸς
655 2919 820 2972 αὐτοῦ
860 2921 959 2990 τὴν
1003 2921 1251 2993 πύρωσιν
1284 2923 1700 2994 ἀποκοιμίζουσι

115 3008 357 3078 δολερῶς
404 3011 534 3073 τοὺς
567 3010 910 3082 ἀκαθάρτους
955 3013 1253 3084 λογισμοὺς
1285 3016 1349 3068 ἐκ
1392 3015 1502 3068 τῶν
1549 3017 1701 3081 ἐντὸς

1795 526 2107 579 insolentia.
2142 527 2368 593 Propter
2395 525 2590 578 animae
2618 523 2999 578 demissionem
3037 519 3202 573 David
3234 535 3358 572 cum

1795 617 1943 671 luctu
1969 617 2287 685 jejnnabat;
2323 633 2425 670 nos
2455 630 2670 685 quoque
2699 629 2792 684 per
2818 611 3082 683 jejunium
3122 610 3360 664 animam

1797 707 2168 761 humiliemus.

2327 813 2554 869 CAPUT
2594 812 2832 866 XXXIII.

1865 907 1968 974 Qui
2015 907 2390 975 corporalibus
2446 906 2727 960 laboribus
2769 904 3016 972 asperius
3057 909 3362 964 exercetur,

1795 1016 1895 1056 nec
1931 1008 2147 1069 propter
2177 1000 2388 1052 laudem
2424 1008 2697 1067 operetur,
2738 1013 2837 1051 nec
2878 997 2948 1050 ob
2981 996 3206 1066 gloriam
3239 993 3368 1049 elle-

1793 1099 1966 1145 ratur.
1999 1090 2056 1144 Si
2079 1090 2222 1143 enim
2253 1091 2306 1142 in
2339 1088 2424 1143 his
2461 1089 2737 1142 daemones
2774 1088 3010 1142 animam
3054 1085 3242 1156 grandi
3288 1093 3368 1138 tu-

1795 1196 1944 1236 mere
2002 1180 2203 1235 faciant
2250 1179 2570 1250 supercilio,
2633 1189 2746 1232 tum
2810 1178 3196 1247 asperitatem,
3251 1187 3364 1230 tum

1795 1275 2042 1343 Corporis
2069 1273 2509 1329 exercitationem
2536 1273 2706 1343 gloria
2736 1269 3162 1326 corroborabunt
3191 1288 3206 1337 ;
3257 1271 3366 1322 imo

1793 1367 1858 1420 ad
1891 1367 2126 1436 majores
2156 1364 2528 1436 suscipiendos
2567 1366 2838 1419 attrahent
2873 1364 3116 1425 labores,
3153 1371 3212 1416 ut
3252 1379 3364 1416 ma-

1791 1459 1964 1528 jorem
2025 1459 2188 1514 etiam
2235 1460 2294 1514 in
2351 1459 2570 1512 modum
2618 1456 2926 1525 superbiat;
2983 1455 3366 1524 colloquuntur

1797 1567 2028 1622 namque
2054 1553 2284 1606 interius
2302 1565 2403 1621 per
2433 1551 2788 1620 cogitationes
2825 1548 2953 1602 talia
2980 1548 3362 1609 immittentes;

1794 1645 1940 1714 quod
1969 1644 2253 1710 nimirum,
2300 1645 2442 1699 sicut
2481 1643 2604 1698 talis
2635 1657 2698 1697 ac
2725 1641 2868 1708 talis,
2897 1641 2987 1711 qui
3015 1640 3223 1695 duriter
3246 1655 3368 1694 sese

1795 1738 2064 1802 exercuit,
2115 1736 2400 1804 magnifice
2459 1736 2781 1790 decantatus
2839 1741 2954 1797 est,
3011 1741 3063 1787 ct
3117 1743 3366 1786 mortuus

1795 1830 1958 1885 etiam
1991 1830 2318 1894 celebratur,
2348 1829 2428 1883 sic
2450 1837 2503 1882 et
2526 1835 2582 1881 tu
2609 1826 2724 1895 ipse
2752 1823 2819 1879 ad
2853 1839 3122 1880 summam
3155 1825 3368 1878 exerci-

1797 1923 2052 1977 tationem
2096 1921 2328 1977 ascende
2355 1961 2370 1984 ,
2438 1928 2496 1973 ut
2543 1918 2756 1972 tibimet
2798 1915 3024 1986 gloriam
3073 1915 3366 1985 acquiras,

1797 2029 2166 2084 magnumque
2195 2013 2262 2068 de
2291 2022 2345 2067 te
2393 2007 2591 2066 nomen
2643 2009 2970 2080 divulgetur,
3029 2009 3156 2064 dum
3205 2008 3366 2062 etiam

1800 2116 1922 2177 post
1964 2115 2194 2160 mortem
2238 2119 2405 2174 supra
2436 2103 2658 2157 modum
2699 2099 3081 2157 celebraberis.
3131 2101 3235 2155 Pcr
3271 2099 3370 2153 bas

1798 2199 2048 2269 equidem
2103 2199 2356 2266 deceptas
2406 2195 2799 2266 cogitationes,
2859 2208 2964 2246 non
3021 2192 3196 2246 solum
3249 2200 3369 2245 tuos

1800 2299 2113 2360 cppuguant
2141 2290 2371 2354 labores,
2397 2303 2588 2340 verum
2621 2286 2784 2340 etiam
2816 2287 2871 2337 in
2905 2283 3237 2352 adjutoxium
3273 2283 3369 2335 ad—

1799 2390 2014 2447 vocant,
2048 2382 2172 2450 quia
2229 2379 2520 2451 per'ipsos
2573 2379 2625 2432 in
2683 2377 3089 2432 molestioribus
3133 2378 3366 2430 animam

1801 2483 2028 2546 tangunt
2059 2494 2072 2528 :
2103 2474 2280 2544 ipsum
2321 2473 2465 2527 enim
2514 2473 2567 2526 in
2615 2472 2812 2525 throno
2861 2469 3151 2529 collocant,
3197 2468 3371 2537 adque

1802 2570 2169 2640 magistralem
2219 2568 2488 2622 extollunt
2529 2581 2860 2624 sermonem.
2893 2574 2953 2619 ut
2998 2566 3133 2620 bene
3160 2565 3372 2618 omine-

1806 2673 1912 2726 tur,
1941 2661 2086 2716 velut
2136 2660 2242 2726 ille,
2298 2659 2392 2728 qui
2443 2659 2513 2714 ob
2542 2659 2644 2712 hoc
2693 2657 2895 2726 primas
2935 2655 3143 2710 obtinet
3191 2663 3371 2724 partes

1800 2769 2012 2818 eorum,
2047 2753 2140 2821 qui
2177 2766 2524 2820 summopere
2570 2748 2854 2810 laboriosi,
2905 2747 3374 2816 cognoscendique

1802 2853 1929 2898 sunt
1960 2842 2168 2912 praediti
2202 2842 2472 2896 facultate.
2493 2840 2635 2907 Quin
2667 2839 2840 2894 eidem
2871 2839 3172 2893 immittunt
3203 2854 3373 2892 temu-

1801 2934 1924 2999 lari,
1953 2935 2118 3007 449
2159 2935 2468 2998 suadentes,
2519 2947 2583 2986 ac
2624 2931 2870 2988 invidere
2917 2933 2984 2986 iis
3015 2931 3108 3002 qui
3156 2941 3374 3000 propter

1805 3029 2047 3084 facinora
2075 3038 2220 3084 recte
2253 3037 2466 3098 patrata
2511 3027 2703 3081 faustis
2728 3026 2866 3080 votis
2891 3035 2942 3079 et
2967 3025 3377 3080 acclamationi-

115 3101 530 3167 ἐκτοπίζοντες,
563 3103 638 3165 ὡς
671 3104 759 3156 ἵνα
798 3105 1029 3176 νομισοῇ
1066 3106 1126 3159 τὸ
1168 3108 1390 3178 πνεῦμα
1428 3109 1527 3177 τῆς
1568 3127 1694 3180 πορ-

1805 3122 1907 3177 bus
1961 3121 2326 3190 excipiuntur,
2377 3119 2552 3186 iisque
2593 3133 2824 3186 quorum
2882 3117 3026 3171 actio
3079 3114 3377 3169 mirabilior

116 3191 269 3252 νείας
293 3195 358 3261 τῇ
400 3194 701 3266 κληρουχίᾳ
740 3197 1112 3267 νενικηκέναι,
1143 3199 1236 3251 καὶ
1267 3199 1408 3252 κατὰ
1431 3201 1531 3268 τὴν
1556 3199 1697 3269 λαμ-

120 3285 373 3354 πρότητα
403 3287 513 3339 τῶν
550 3288 722 3356 ἁγίων
755 3289 854 3358 τὴν
885 3291 1115 3360 καρδίαν
1156 3291 1460 3360 ήγνικέναι,
1495 3293 1588 3345 καὶ
1618 3294 1696 3355 είς

115 3377 218 3446 τὴν
248 3377 348 3446 τῆς
374 3379 685 3452 ἁγιωσύνης
715 3382 880 3451 ἁψῖδα
918 3383 1336 3454 ἀναϐεϐηκέναι.
1377 3386 1512 3456 Περὶ
1542 3386 1595 3436 δὲ
1624 3378 1698 3438 ὧν

117 3486 202 3534 τε,
232 3469 326 3522 καὶ
357 3463 431 3526 ὧν
462 3465 736 3544 ἀπέσχετο
766 3474 1094 3545 βρωμάτων,
1124 3475 1220 3528 καὶ
1255 3476 1541 3530 συναπτῶν
1574 3480 1696 3530 ἀσι-

115 3562 251 3616 τιῶν
271 3565 694 3636 ἐπιψηφίζουσιν
721 3567 870 3636 αὑτῴ
894 3569 1019 3632 τοὺς
1043 3569 1268 3638 χρόνους
1290 3569 1348 3621 ἐν
1379 3566 1459 3632 οἷς
1491 3570 1696 3638 ὀφείλει

114 3655 196 3719 ὡς
230 3657 486 3728 ἀριστεὺς
519 3659 920 3730 ὲγκαυχᾱσθαι,
972 3663 1066 3712 καὶ
1093 3661 1196 3731 τῆς
1227 3660 1586 3732 ἀδελφότητος
1621 3663 1697 3727 ὡς

117 3747 378 3812 εὐτελοῦς
460 3752 927 3822 κατεπαίρεσθαιο
998 3750 1142 3805 οὕτω
1211 3752 1269 3805 δὲ
1329 3752 1697 3824 ἐκδιηγεῖσθαι

118 3838 367 3896 ποιοῦσιν
401 3843 561 3898 αὐτὸν
591 3846 716 3906 τοὺς
737 3845 958 3912 ἀγῶνας
985 3844 1061 3906 ῶς
1096 3845 1160 3897 ἐκ
1194 3844 1362 3914 μόνης
1392 3845 1492 3914 τῆς
1532 3847 1695 3898 αὑτοῦ

122 3940 306 4010 ἰσχύος
369 3936 852 4008 κατορθωθέντας,
910 3936 991 3988 ὅτι
1049 3935 1315 4006 Ἐποίησα
1379 3937 1542 4000 τάδε,
1605 3939 1697 3992 καὶ

117 4034 340 4103 ἧσκησα
387 4029 628 4094 τοιῶσδε,
671 4030 765 4082 καὶ
813 4027 1215 4098 ἐκακουχήθην,
1260 4028 1698 4099 ἀποστομΟὖντες

118 4127 202 4178 ἔτι
231 4123 388 4176 τοῦτο
415 4123 618 4190 λέγειν,
647 4122 760 4174 Οὐκ
786 4119 898 4188 ἐγὼ
920 4120 998 4185 δὲ,
1018 4120 1131 4172 ἀλλ’
1158 4123 1190 4190 ἡ
1215 4123 1274 4173 ἐν
1302 4122 1426 4190 ἐμοὶ
1451 4121 1694 4193 βοήθεια.

118 4215 257 4270 Θεὸν
278 4213 385 4282 γάρ
411 4212 605 4282 βοηθὸν
632 4213 717 4280 ἐφ’
747 4205 829 4273 οἷς
864 4210 1231 4280 μεγαλαυχεῖν
1261 4212 1425 4264 αὑτὸν
1454 4213 1698 4266 ποιοῦσιν

120 4305 408 4377 ὁμολογεῖν
438 4305 540 4357 οὐκ
563 4303 747 4367 ἐῶσιν,
772 4302 859 4354 ἵνα
888 4302 962 4364 ὡς
988 4301 1052 4368 ἐξ
1085 4303 1291 4366 οἰκείας
1322 4303 1486 4372 δῆθεν
1515 4305 1697 4374 ἰσχύος

117 4401 184 4453 τὸ
232 4400 338 4452 πᾶν
383 4396 493 4450 τῶν
539 4394 767 4464 ἀγώνων
814 4395 1062 4462 τελέσας,
1110 4396 1237 4459 τοὺς
1281 4397 1537 4462 ἐπαίνους
1590 4399 1698 4453 τῶν

1802 3224 1885 3267 est
1913 3221 1968 3267 et
1990 3212 2190 3273 vicina.
2222 3225 2285 3264 ac
2311 3209 2504 3263 similis
2536 3208 2821 3278 sapientia.
2856 3207 3189 3274 Quandoque
3213 3203 3376 3258 etiam

1804 3304 2067 3374 contingit
2091 3312 2147 3357 ut
2164 3301 2345 3356 carnis
2366 3299 2616 3354 ardorem
2641 3299 3012 3353 fraudulenter
3032 3297 3374 3365 consopiant,

1803 3411 1870 3451 ex
1925 3393 2279 3450 interioribus
2329 3393 2574 3460 impuras
2621 3390 2947 3444 submovent
2983 3387 3373 3458 cogitationes,

1804 3495 1864 3540 ut
1911 3492 2062 3555 putet
2099 3482 2224 3552 quis
2258 3481 2504 3548 corporis
2557 3494 2748 3548 aspera
2801 3478 3126 3532 tractatione
3161 3493 3219 3531 se
3261 3476 3374 3545 jam

1805 3573 2053 3642 spiritqu
2085 3569 2440 3624 scortationis
2459 3569 2748 3632 devicisse,
2769 3567 3032 3638 juxtaque
3059 3577 3372 3621 sanctorum

1804 3665 2068 3734 fulgorem
2124 3679 2220 3720 cor
2273 3662 2551 3731 expiatum
2597 3660 2930 3725 reddidisse,
2987 3669 3040 3714 et
3093 3674 3264 3728 usque
3308 3657 3375 3712 ad

1804 3757 2107 3813 sanctitatis
2160 3753 2436 3824 fastigium
2487 3752 2825 3808 accendisse.
2884 3751 2957 3806 De
3005 3750 3144 3806 cibis
3193 3759 3374 3804 autem

1803 3849 2002 3917 quibus
2029 3845 2312 3911 abstinuit,
2353 3843 2700 3912 assiduisque
2740 3841 2970 3912 jejuniis
3023 3856 3124 3896 suo
3173 3841 3377 3895 confir-

1805 3948 1957 3995 mant
1987 3953 2164 3993 annos
2196 3937 2482 4004 suffragio,
2509 3937 2574 3989 de
2601 3936 2801 4005 quibus
2825 3935 3003 3995 debet,
3042 3935 3187 3988 velut
3214 3935 3260 3988 is
3282 3933 3374 4003 qui

1803 4029 2256 4103 praestantissime
2309 4044 2429 4084 sese
2476 4028 2663 4094 gessit,
2709 4027 2952 4096 gloriari,
3005 4036 3060 4079 et
3113 4027 3376 4084 adversus

1805 4123 2199 4190 fraternitatem
2229 4122 2306 4174 uti
2338 4120 2499 4173 vilem
2529 4117 2742 4181 efferri;
2780 4119 2956 4172 taliter
2985 4126 3164 4172 autem
3197 4119 3373 4187 ipsum

1804 4229 2064 4271 enarrare
2095 4211 2304 4266 faciunt
2332 4209 2654 4265 certamina.
2689 4225 2751 4262 ac
2786 4208 2829 4262 si
2864 4225 2926 4262 ex
2973 4209 3087 4263 sola
3130 4211 3212 4264 sui
3247 4226 3376 4280 pro-

1804 4323 1961 4378 spere
1999 4307 2237 4376 perfecta
2279 4313 2462 4359 essent
2512 4302 2759 4356 virtute:
2797 4304 3057 4357 nimirum
3105 4303 3229 4356 talia
3279 4319 3378 4371 ego

1803 4400 2048 4471 patrari,
2103 4399 2308 4467 talique
2359 4395 2750 4450 exercitatione
2801 4411 2922 4450 sum
2963 4411 3116 4459 usus,
3180 4411 3241 4449 ac
3284 4397 3375 4449 tali

115 4492 298 4546 ἄθλων
336 4487 646 4559 ὁλοκλήρως
673 4487 928 4558 ἁπαιτοίη
952 4529 967 4551 ,
1015 4488 1166 4551 ὅπως
1234 4490 1326 4542 καὶ
1356 4491 1436 4554 είς
1469 4490 1561 4544 τὸν
1598 4493 1694 4564 τῆς

1806 4493 1968 4550 modo
1999 4491 2267 4560 meipsum
2301 4488 2443 4542 male
2472 4491 2739 4553 tractavi;
2784 4503 2846 4543 os
2881 4487 3045 4542 etiam
3088 4487 3378 4541 occluden-

115 4582 470 4654 βλασφημίας
523 4581 681 4651 βυθὸν
729 4579 1068 4650 ποντωθείη,
1123 4581 1456 4652 αὐτοϐόηθον
1502 4585 1696 4641 ἑαυτὸν

114 4673 533 4747 ἀνεπαισθήτως
569 4673 990 4745 παρεμφαίνων.

1807 4601 1918 4653 tes,
1956 4604 2022 4643 ne
2062 4589 2163 4641 hoc
2204 4586 2370 4649 dicat,
2418 4583 2668 4638 videlicet
2721 4597 2827 4635 non
2879 4597 2980 4652 ego
3030 4582 3230 4644 solum,
3285 4582 3375 4634 sed

1804 4680 2092 4742 auxilium,
2127 4676 2271 4758 quod
2317 4675 2370 4728 in
2417 4683 2508 4728 me
2551 4682 2701 4736 erat;
2741 4688 2848 4726 non
2882 4674 3025 4726 enim
3070 4673 3116 4726 ei
3158 4671 3378 4740 permit-

116 4776 261 4832 tunt,
300 4768 351 4822 in
405 4769 488 4824 Itis
525 4769 692 4822 Deum
728 4767 1107 4821 auxiliatorem
1160 4765 1336 4832 fateri,
1397 4768 1450 4821 in
1498 4770 1698 4836 quibus
1739 4775 1947 4829 faciunt
1988 4771 2164 4840 ipsum
2236 4768 2462 4839 grandia
2524 4766 2798 4836 jaetitare,
2830 4765 3051 4835 perinde
3079 4780 3140 4816 ac
3187 4764 3229 4817 si
3266 4774 3374 4816 tota

114 4865 420 4918 certamina
448 4879 514 4918 ex
560 4864 780 4934 propria
815 4862 1144 4931 complesset
1207 4863 1427 4926 virtute,
1475 4868 1823 4933 pranniorum
1889 4867 2080 4922 laudes
2146 4875 2287 4919 totas
2333 4863 2457 4916 inde
2522 4869 2807 4928 reposcat,
2843 4868 3006 4927 utque
3044 4858 3108 4911 ad
3149 4856 3376 4909 fundum

115 4959 474 5027 blasphemia:
501 4958 904 5026 submergatur,
935 4971 1054 5010 sese
1082 4956 1182 5011 sibi
1218 4974 1281 5010 ex
1325 4957 1504 5026 seipse
1539 4961 1921 5016 auxiliatorem
1965 4960 2160 5015 stolide
2201 4967 2504 5013 ostentans.

689 5138 937 5191 ΚΕΦΑΛ.
1000 5137 1118 5189 ΛΔ’.

185 5276 348 5330 Οὕτω
390 5273 676 5344 τοιγαροῦν
735 5274 835 5342 τῆς
884 5272 1111 5343 καρδίας
1171 5272 1260 5326 διὰ
1304 5275 1401 5343 τῆς
1447 5277 1555 5329 τῶν
1605 5277 1695 5329 λο-

104 5369 335 5439 τισμῶν
369 5367 525 5435 δόξης
553 5365 941 5436 ἐνηχουμένης,
966 5365 1064 5418 καὶ
1113 5365 1190 5436 μὴ
1218 5369 1697 5438 ἀντιταττομένης,

103 5466 210 5518 οὐκ
239 5461 399 5524 ἐκτὸς
424 5459 576 5514 ἔσται
605 5459 706 5529 τῆς
737 5461 794 5513 ἐν
818 5460 1122 5529 ἀποκρύφῳ
1150 5477 1256 5511 των
1281 5460 1494 5529 φρενῶν
1522 5478 1698 5529 παρα-

106 5557 373 5626 “Mil-1;.
407 5554 504 5608 τοῦ
553 5552 818 5623 ἡγεμόνος
845 5550 1057 5621 φρενῶν
1092 5552 1478 5622 ἐκτιναχθῆναι
1514 5556 1695 5610 κινδυ.

105 5648 386 5711 νεύοντος,
418 5647 451 5718 ἢ
486 5646 553 5699 δι’
585 5645 880 5714 ὀνειράτων
926 5643 1324 5711 πιστουμὲνων,
1357 5643 1387 5711 ἦ
1431 5647 1488 5698 ἐν
1528 5651 1694 5715 ἀγρυ-

108 5739 302 5801 πνίαις
355 5734 926 5810 μεταμορφουμένων,
987 5732 1019 5803 ἦ
1076 5734 1132 5786 ἐν
1187 5741 1696 5809 μετασχηματισμῷ

2319 5131 2548 5187 CAPUT
2589 5130 2826 5183 XXXIV.

1872 5273 2236 5341 Quapropter,
2272 5270 2433 5326 corde
2457 5270 2545 5324 tali
2583 5271 2742 5322 modo
2767 5283 2858 5336 per
2884 5267 3069 5336 gloria:
3089 5269 3368 5338 cogitatio-

1803 5384 1899 5422 nes
1933 5369 2125 5420 edocto
2154 5376 2207 5419 et
2235 5380 2346 5417 non
2378 5372 2738 5432 repugnante,
2772 5376 2880 5415 non
2921 5366 3074 5414 extra
3104 5361 3371 5414 occultam

1805 5455 2003 5511 mentis
2024 5455 2130 5510 erit
2151 5453 2447 5514 vesaniam,
2469 5452 2774 5507 intellectus
2797 5451 2934 5505 duce
2958 5451 3135 5504 excuti
3163 5450 3375 5518 pericli-

1808 5557 1973 5613 tante,
2006 5557 2097 5602 aut
2127 5562 2222 5617 per
2249 5546 2407 5599 fidem
2427 5544 2680 5599 facientia
2706 5543 2940 5608 son‘tnia,
2967 5552 3059 5597 aut
3090 5543 3142 5595 in
3167 5543 3377 5613 vigilias

1809 5641 2234 5700 transformata,
2279 5646 2370 5691 aut
2421 5637 2472 5690 in
2521 5635 2996 5704 transfiguratione
3027 5633 3191 5704 450
3240 5634 3378 5687 lucis

1809 5744 2115 5804 conspecta.
2151 5732 2268 5802 Ipse
2301 5747 2534 5800 namque
2584 5727 2814 5783 Satanas
2854 5728 2906 5782 in
2955 5727 3204 5799 angelum
3242 5727 3377 5782 lucis
