3788 6224
416 303 553 369 1139

1901 304 1959 363 S.
2018 303 2183 365 NILl

3545 300 3673 364 1140

408 416 835 485 transﬁguratur
884 416 950 472 ad
1009 424 1256 471 nostram
1306 412 1677 481 deceptionem
1715 412 1783 477 “,
1849 414 1988 469 torte
2017 424 2063 478 Α
2092 434 2138 486 φα

2134 418 2270 481 me;
2324 415 2730 487 ὀπτανομένων.
2785 415 2956 479 Αὐτὸς
2987 416 3096 487 γὰρ
3132 418 3160 469 ό
3208 417 3455 479 Σατανας
3510 433 3671 485 μεταο

409 526 469 565 se
528 510 733 581 gratias
771 509 1030 565 daturum
1087 508 1501 569 demonstrans,
1551 513 1611 558 ut
1654 505 1727 559 ita
1785 505 1990 562 cadens

407 604 640 667 adores,
690 612 783 658 aut
824 602 946 668 tibi,
996 609 1068 667 te,
1118 609 1175 657 ut
1222 598 1451 653 alterum
1498 596 1672 653 Eiiam
1721 615 1751 653 a
1800 614 1860 653 se
1898 615 1990 653 as-

412 693 738 747 sumendum
792 691 1154 755 annuntians,
1210 698 1307 743 aut
1356 689 1703 743 sanctilicare
1756 689 1988 757 promit-

415 795 581 840 tens:
630 800 862 854 quorum
907 784 1129 854 quidam
1184 782 1346 835 ﬁdem
1402 781 1789 850 suscipientes,
1844 780 1991 837 circa

413 877 699 930 veritatem
735 876 1063 931 aberrarunt
1110 882 1167 928 et
1211 872 1494 927 dementes
1544 880 1856 926 evaserunt.
1908 871 1992 926 Tu

417 969 606 1038 igitur,
636 985 670 1025 o
717 965 1249 1038 sanctaeJrinitatis
1303 972 1573 1035 precator,
1627 964 1808 1019 sciens
1857 963 1987 1031 ista,

412 1077 535 1130 quae
562 1062 807 1116 studiose
854 1061 1173 1125 elucubras,
1220 1058 1369 1112 omni
1422 1056 1671 1112 custodia
1707 1068 1860 1112 tuum
1895 1074 1994 1113 cor

418 1151 677 1214 observa,
735 1166 804 1205 ne
853 1150 993 1204 forte
1043 1147 1328 1203 laboribus
1362 1156 1573 1201 tantum
1623 1146 1869 1203 externis
1912 1157 1994 1203 at-

419 1245 667 1310 tendens,
700 1242 932 1298 internis
966 1242 1153 1297 dolose
1185 1240 1517 1311 illaqueeris.
1560 1238 1770 1310 itaque,
1829 1256 1863 1294 o
1892 1241 1993 1310 ﬁli,

419 1336 525 1389 mei
550 1336 616 1389 ad
640 1344 693 1391 te
720 1336 849 1391 dicti
890 1344 1021 1390 sunt
1060 1348 1372 1398 sermones;
1410 1342 1466 1389 tu
1500 1351 1631 1392 vero
1672 1349 1791 1390 mea
1829 1338 1994 1392 verba

420 1423 473 1475 in
511 1432 603 1478 tuo
651 1424 815 1479 corde
860 1432 1110 1489 servato;
1166 1434 1442 1481 memento
1474 1426 1678 1485 Christi
1714 1438 1765 1484 te
1803 1438 1995 1486 custo-

417 1516 638 1579 dientis,
669 1532 772 1572 nec
814 1515 1153 1574 obliviscaris
1199 1522 1492 1576 adorandae
1528 1532 1584 1577 et
1624 1524 1996 1580 consubstan-

419 1607 567 1662 tialis
595 1606 898 1674 Trinitatis,
929 1613 1016 1667 cui
1044 1613 1215 1684 gloria
1248 1614 1301 1669 in
1330 1614 1551 1671 saecula.
1581 1614 1772 1671 Amen.

493 1878 543 1911 “
586 1878 629 1934 il
669 1876 798 1936 Cor.
834 1881 1033 1947 Χ1,14.

2100 508 2515 579 σχηματίζεταιτ
2534 509 2615 570 είς
2644 506 2874 575 ἄγγελον
2905 507 3083 577 φωτὸς
3130 508 3269 578 πρὸς
3296 508 3521 577 ἀπάτην
3546 510 3674 578 in“-

2098 601 2284 671 τέραν,
2313 601 2441 663 ἴσως
2466 597 2777 670 χαρίσματα
2802 598 2994 651 δώσειν
3029 598 3465 669 ἐνδεικνύμενος,
3497 600 3574 662 ὡς
3599 600 3675 651 ἴνα

2099 691 2282 744 πεσὼν
2336 690 2756 761 προσκυνήσῃς,
2828 690 2861 760 ἢ
2922 688 3329 759 ἀναλαμϐάνειν
3391 688 3473 754 ὡς
3530 689 3677 744 ἄλλον

2112 782 2298 836 Ἠλίαν
2328 782 2833 853 εὐαγγελιζόμενος,
2872 782 2905 853 ἢ
2941 782 3189 850 ἁγιάζειν
3222 781 3676 854 ὑπισχνούμενον

2100 867 2176 928 ὧν
2220 891 2367 937 τινες
2403 874 2499 943 τὴν
2550 875 2735 927 πίστιν
2780 872 3067 945 δεξάμενοι
3122 874 3252 945 περὶ
3282 875 3385 946 τὴν
3420 874 3679 945 ἀλήθειαν

2100 966 2438 1037 ἠστόχησαν,
2475 966 2570 1020 καὶ
2603 965 2991 1036 φρενοϐλαϐεῖς
3041 966 3403 1037 ἐγενήθησαν.
3451 966 3529 1018 Σὺ
3576 962 3678 1031 οὖν,

2101 1052 2147 1109 ὦ
2175 1058 2277 1128 τῆς
2312 1058 2474 1127 ἁγίας
2502 1057 2731 1128 Τριάδος
2774 1056 2949 1121 ίκέτα,
2986 1056 3140 1121 εἰδὼς
3170 1056 3345 1111 ταῦτα
3376 1058 3437 1109 ὲν
3484 1052 3570 1120 οἷς
3600 1076 3680 1126 φι-

2102 1149 2368 1212 λοπονεῖς,
2412 1148 2560 1218 πάσῃ
2596 1148 2812 1218 φυλακῇ
2850 1148 3009 1218 τήρει
3063 1148 3165 1219 σὴν
3192 1149 3448 1220 καρδίαν,
3490 1150 3682 1219 μήπως

2101 1242 2213 1301 τοῖς
2260 1238 2461 1305 ἔξωθεν
2511 1238 2674 1308 μόνον
2728 1239 2909 1299 πόνοις
2960 1238 3268 1308 προσέχων,
3322 1241 3436 1301 τοῖς
3487 1238 3683 1292 ἔσωθεν

2102 1330 2335 1402 δολερῶς
2375 1328 2688 1402 βροχισθῇς.
2750 1329 2815 1382 Oi
2868 1328 2993 1398 ἐμοὶ
3052 1324 3147 1381 οὖν
3193 1329 3366 1397 λόγοι,
3394 1323 3444 1383 ὦ
3477 1330 3681 1389 τέκνον.

2104 1424 2351 1495 εἴρηνται
2381 1422 2519 1493 πρὸς
2567 1421 2648 1488 σὲ,
2700 1421 2768 1475 τά
2806 1420 2865 1473 δὲ
2911 1420 3132 1491 ῥήματά
3184 1438 3289 1491 μου
3335 1421 3582 1491 τηρείτω
3624 1422 3683 1491 σὴ

2104 1515 2335 1587 καρδία·
2378 1513 2626 1585 μέμνησο
2664 1511 2901 1582 Χριστοῦ
2937 1512 3032 1565 τοῦ
3063 1512 3441 1581 φυλάσσοντός
3488 1529 3572 1577 σε,
3600 1516 3684 1565 καὶ

2110 1608 2186 1680 μὴ
2216 1606 2449 1679 ἐπιλάϐῃ
2486 1605 2587 1677 τῆς
2650 1604 3038 1677 προσκυνητῆς
3079 1604 3174 1657 καὶ
3210 1605 3509 1676 ὁμοουσίου
3532 1606 3686 1677 τριά-

2105 1692 2277 1773 δος,ᾖ
2309 1698 2436 1765 δόξα
2472 1699 2552 1760 είς
2591 1697 2719 1760 τοὺς
2757 1695 2985 1758 αἰῶνας.
3031 1695 3227 1767 ’Δμήν,

420 2070 3687 2112 W

1266 2248 1567 2367 ΤΟΥ
1656 2255 2149 2372 ΑΥΤΟΥ
2238 2251 2769 2372 ΛΟΓΟΣ

1546 2474 1837 2561 ΠΡΟΣ
1875 2478 2103 2562 ΤΟΝ
2140 2477 2362 2563 ΑΥΤ
2368 2480 2519 2563 ΟΝ

1240 2650 1405 2706 ΠΕΡΙ
1447 2652 1580 2705 ΤΔΣ
1616 2652 2057 2709 ΑΝΤΙΖΥΓΟΥΣ
2104 2656 2242 2709 ΤΩΝ
2281 2657 2555 2711 ΔΡΕΤΩΝ
2594 2660 2907 2715 ΚΔΚΙΑΣμ

1258 2982 1891 3101 EJUSDEM
1998 2986 2182 3099 AD
2267 2988 2862 3101 EUMDEM

1705 3222 2391 3313 TRACTATUS

1187 3413 1287 3475 DE
1330 3415 1554 3476 VITIIS
1593 3416 1764 3491 QUIE
1804 3417 2171 3478 OPPOSITA
2214 3420 2411 3483 SUNT
2446 3421 2933 3487 VIRTUTIBUS.

998 3596 1158 3670 εει
1194 3598 1425 3657 CAPUT
1467 3600 1510 3657 l.

505 3708 885 3767 Necessarium
940 3711 1178 3766 arbitror
1247 3713 1374 3767 vitia
1431 3730 1652 3784 quoque
1719 3716 2016 3772 virtutibus

438 3802 687 3872 opposita
729 3803 963 3858 breviter
996 3812 1102 3856 tuae
1145 3802 1417 3872 subjicere
1456 3804 1762 3869 industriae,
1796 3814 1852 3861 et
1890 3806 2017 3874 qui-

437 3895 561 3949 dem
593 3910 717 3949 cum
756 3894 1038 3962 hucusque
1076 3895 1509 3950 cxcoluissemus
1545 3906 1803 3957 mentem.
1832 3899 2017 3963 Spinas

438 3983 832 4055 cogitationum
870 4000 935 4037 ex
984 3985 1209 4039 insititia
1255 3997 1397 4039 terra
1440 3985 1733 4055 rejecimus
1764 4006 1776 4040 :
1814 4004 1918 4043 non
1949 4004 2018 4043 ex

438 4074 696 4143 operibus
726 4084 928 4139 autem,
950 4092 1072 4143 quin
1103 4076 1333 4132 fecimus
1362 4092 1464 4131 nos
1490 4077 1555 4128 ad
1586 4078 1728 4132 istud
1762 4082 2016 4148 perveni-

441 4164 658 4228 mus",
705 4182 892 4220 verum
944 4166 1175 4223 formam
1224 4170 1487 4224 habentes
1525 4185 1784 4225 sanorum
1825 4172 2021 4226 verbo-

440 4280 564 4318 rum
593 4264 661 4327 ⁸⁶,
709 4278 831 4332 qua:
866 4276 897 4313 a
946 4259 1201 4317 Patribus
1249 4265 1603 4332 audivimus,
1652 4265 2018 4336 quorumdam

444 4356 606 4410 etiam
648 4358 927 4411 actionum
957 4359 1167 4413 conscii
1201 4358 1329 4413 facti
1362 4375 1572 4413 sumus.
1607 4359 1804 4413 Totum
1839 4365 2021 4411 autem

443 4447 615 4515 gratia
642 4448 956 4511 desursum,
989 4464 1110 4517 quae
1137 4449 1315 4503 adhuc
1345 4452 1726 4519 peccatoribus
1754 4450 2023 4504 submon-

450 4549 589 4593 strat
622 4540 852 4595 insidias
876 4556 1065 4595 eorum
1097 4543 1191 4612 qui
1221 4553 1433 4598 mentes
1462 4544 1766 4613 decipiunt,
1792 4556 2025 4613 qumque

448 4648 676 4687 securos
708 4631 873 4687 efﬁcit
901 4649 965 4687 ac
994 4634 1146 4689 dicit.
1187 4634 1369 4701 «Quid
1411 4636 1579 4691 habes
1614 4636 1759 4705 quod
1794 4651 1899 4688 non
1929 4651 2023 4690 ac-

447 4727 637 4794 cepisti
669 4726 717 4758 ⁸⁷
740 4726 763 4778 ?
787 4745 805 4775 ›
837 4737 895 4780 ιιι
929 4727 1203 4782 mediante
1238 4729 1576 4799 acceptione,
1606 4729 1783 4784 datori
1818 4730 2023 4798 gratias

451 4836 702 4889 agamus,
727 4820 856 4888 quia
894 4834 1011 4873 non
1036 4820 1196 4875 nobis
1220 4822 1439 4890 ipsimet
1471 4821 1824 4876 attribuimus
1853 4823 2017 4876 ullam

2714 3590 2969 3645 ΚΕΦΑΛ.
3012 3589 3091 3645 A'.

2204 3703 2523 3770 Ἀναγκαῖον
2555 3705 2795 3776 ἠγοῦμαι
2828 3708 2922 3760 καὶ
2950 3706 3049 3771 τὰς
3081 3708 3412 3779 ἀντιζύγους
3444 3714 3558 3766 τῶν
3591 3716 3700 3783 ἀρι-

2119 3793 2230 3847 τῶν
2258 3795 2458 3859 κακίας
2491 3796 2557 3849 δι’
2582 3798 2847 3868 ὲπιτόμου
2879 3799 3146 3864 ὑποτάξαι
3176 3804 3243 3872 τῇ
3282 3806 3353 3874 σῇ
3391 3805 3696 3875 φιλοπονίᾳ·

2120 3887 2226 3952 ἓως
2253 3888 2353 3958 μὲν
2383 3882 2488 3943 ὧδε
2518 3891 2616 3961 τὴν
2648 3893 2886 3948 διάνοιαν
2902 3896 3463 3966 άροτριάσαντες,τὰς
3497 3902 3605 3953 τῶν
3632 3904 3702 3952 λο-

2122 3979 2337 4049 γισμῶν
2383 3980 2627 4045 ἀκάνθας
2677 3984 2742 4036 ὲκ
2776 3984 2879 4053 τῆς
2914 3987 3185 4057 σπορίμΟυ
3228 3987 3421 4059 χώρας
3453 3992 3701 4047 ἀνεόἀλο-

2126 4088 2250 4139 μεν·
2283 4074 2384 4125 οὐκ
2409 4072 2469 4138 ἐξ
2498 4074 2675 4145 ἔργων
2705 4077 2781 4140 δὲ,
2816 4077 2852 4130 ἂ
2882 4079 3223 4150 ἐποιήσαμεν
3252 4084 3421 4153 ἡμεῖς
3453 4088 3540 4149 εἰς
3558 4086 3699 4138 τοῦτς

2124 4167 2585 4238 παρεφθάσαμεν,
2620 4168 2735 4221 ἀλλ’
2774 4170 3126 4224 ὑποτύπωσιν
3169 4172 3389 4242 ἔχοντες
3436 4176 3700 4245 ὑγιαινόν-

2124 4274 2233 4310 των
2265 4258 2459 4327 λόγων,
2488 4252 2562 4314 ὧν
2591 4260 2930 4332 ἠκούσαμεν,
2976 4264 3126 4334 παρά
3154 4264 3264 4317 τῶν
3299 4266 3599 4337 Πατέρων.
3628 4267 3701 4319 καί

2125 4365 2285 4401 τινων
2320 4348 2429 4402 τῶν
2465 4351 2717 4421 πράξεων
2752 4355 3064 4426 συνίστορες
3106 4356 3489 4427 γεγενήμεθα.
3540 4360 3611 4411 Τὸ

2127 4443 2235 4493 πᾶν
2268 4444 2301 4512 ἡ
2350 4444 2510 4513 χάρις
2557 4445 2785 4514 ἄνωθεν,
2830 4448 2863 4518 ἡ
2900 4451 2996 4502 καὶ
3038 4451 3150 4512 τοῖς
3184 4450 3545 4519 ἁμαρτωλοῖς
3591 4454 3700 4504 ὑπο-

2126 4535 2450 4589 δεικνύουσα
2483 4536 2578 4600 τὰς
2619 4538 2727 4590 τῶν
2776 4541 3138 4612 φρεναπατῶν
3185 4540 3518 4607 ἐπιϐουλὰς,
3551 4546 3584 4613 ἡ
3627 4546 3698 4593 zz".

2125 4627 2560 4700 ἁσφαλιζομένη,
2593 4631 2687 4683 καὶ
2730 4631 3004 4699 λέγουσα·
3046 4653 3063 4683 ι
3103 4633 3167 4685 Τί
3218 4632 3329 4703 γάρ
3364 4634 3521 4705 ἔχεις
3562 4636 3589 4687 ὃ
3619 4636 3696 4685 οὐκ

2127 4718 2354 4784 ἐλαϐες;
2396 4741 2413 4771 ι
2452 4722 2537 4774 ἵνα
2583 4722 2671 4775 διὰ
2700 4722 2795 4775 τοῦ
2824 4723 3008 4776 λαϐεῖν
3053 4725 3480 4796 εὐχαριστῶμεν
3517 4727 3594 4797 τῷ
3629 4726 3695 4776 6:-

2126 4812 2353 4878 δωκότι,
2414 4814 2496 4867 ὅτι
2552 4815 2626 4885 μὴ
2680 4817 2895 4879 ἑαυτοῖς
2950 4817 3316 4886 ἁποδιδόαμεν
3356 4820 3624 4889 καύχημὰ
3658 4835 3696 4867 τι

442 4912 629 4985 gloria:
652 4908 994 4980 jactantiatn,
1023 4911 1371 4967 donationem
1400 4911 1733 4977 inticiantes;
1793 4912 2023 4982 ideoque
2049 4924 2098 4983 ς
2128 4906 2138 4955 t'

2134 4905 2307 4976 δόξης,
2339 4906 2439 4977 τὴν
2465 4908 2612 4961 δόσιν
2642 4910 2989 4979 ἀρνούμενοι.
3031 4910 3221 4981 διόπερ
3256 4911 3453 4981 φησὶν,
3502 4931 3521 4963 ι
3558 4912 3613 4963 ΕΞ
3652 4910 3696 4961 δὲ

444 5005 625 5059 dicit:
664 5026 683 5057 ι
729 5003 789 5057 Si
824 5020 957 5057 vero
1014 5003 1305 5072 accepisti,
1357 5004 1520 5072 quid.
1539 5003 1812 5073 gloriaris,
1860 5005 2021 5073 quasi

448 5110 558 5149 non
588 5096 931 5166 acceperis?»
962 5092 1600 5164 Jam(inquit“)divites
1626 5094 1905 5156 evasistis,
1929 5097 2022 5164 qui

446 5188 707 5257 operibus
731 5203 1002 5259 pauperes
1042 5185 1196 5246 estis,
1220 5185 1356 5255 jam,
1390 5186 1485 5254 qui
1506 5184 1689 5240 doceri
1722 5184 2023 5253 incepistis,

448 5279 676 5333 saturati
698 5280 831 5333 estis
852 5296 867 5344 ;
887 5294 1120 5348 quorum
1148 5276 1393 5346 deceptio
1415 5292 1587 5341 nuper
1616 5276 1684 5329 ad
1716 5292 1801 5331 me
1836 5287 2022 5332 trans-

445 5371 532 5434 iit,
575 5376 688 5424 tum
736 5385 830 5439 per
866 5372 1201 5434 discursum,
1241 5384 1401 5439 quem
1441 5368 1636 5423 faenori
1667 5370 1871 5438 accepi,
1897 5383 2029 5438 Ope-

451 5481 568 5519 rum
640 5454 984 5521 obtendendo
1046 5474 1454 5535 paupertatem,
1525 5475 1639 5518 tum
1709 5464 1873 5518 etiam
1932 5480 2029 5533 per

451 5556 763 5621 consilium,
814 5574 923 5628 quo
974 5558 1316 5617 admonui”,
1365 5558 1665 5627 disciplinae
1722 5557 2024 5611 doctrinam
2070 5548 2073 5553 ’

422 5744 425 5747 π
524 5727 699 5781 "Tit.
731 5743 811 5796 ιιι,
842 5729 906 5797 5;
944 5729 986 5785 ll
1023 5730 1161 5786 Tim.
1195 5749 1232 5799 ι,
1271 5734 1351 5786 15.
1445 5734 1489 5766 ⁸⁸
1532 5732 1704 5789 lCor.
1743 5748 1815 5799 tv,
1847 5733 1901 5787 7.

2128 4999 2221 5050 καὶ
2250 4999 2463 5065 ἔλαϐες,
2494 5001 2547 5053 τί
2577 5005 2776 5074 καυχᾷ,
2800 5003 2969 5074 ὠςίμὴ
3004 5004 3203 5067 λαϐώνς
3243 5024 3373 5056 ι-ι
3420 5006 3585 5074 Ἤδη.
3611 5023 3696 5072 ςι-

2130 5096 2239 5163 σὶν,
2267 5092 2634 5163 ἐπλουτήσατε
2682 5114 2700 5147 ι
2730 5095 2781 5147 οἱ
2820 5097 2936 5158 τοῖς
2968 5095 3152 5165 ἔργοις
3172 5096 3493 5166 πενόμενοι.
3538 5098 3629 5168 ἤδη
3658 5096 3697 5145 θί

2129 5190 2221 5243 τοῦ
2256 5188 2606 5242 διδάσκεσθαι
2639 5187 2963 5257 ἀρξάμενοι,
2997 5188 3357 5259 ὲκορέσθητε,
3406 5184 3594 5261 ὦνπερ
3618 5190 3698 5259 ἁρ-

2129 5282 2258 5343 τίως
2289 5282 2322 5350 ή
2360 5279 2537 5347 πλάνη
2590 5278 2967 5347 μεταϐέϐηκεν
2998 5280 3079 5342 εἰς
3118 5280 3219 5348 ἐμέ
3242 5297 3257 5313 ·
3305 5281 3379 5334 δι’
3404 5276 3479 5353 ἧς
3511 5284 3605 5354 μὲν
3629 5281 3698 5333 δε-

2129 5372 2418 5440 δάνεισμαι
2447 5369 2771 5437 λογιστείας,
2805 5371 2903 5440 τὴν
2937 5371 3045 5423 τῶν
3076 5370 3256 5442 ἔργων
3300 5374 3498 5426 πενίαν
3542 5390 3695 5440 παρα·

2136 5464 2448 5527 καλύπτων,
2478 5464 2544 5516 δι’
2573 5458 2640 5534 ἦς
2671 5463 2728 5515 δὲ
2774 5462 3059 5532 παρῄνεσα
3100 5463 3331 5533 γνώμης
3372 5464 3477 5535 τὴν
3516 5465 3607 5517 τοῦ
3640 5463 3697 5514 δι-

2134 5556 2432 5609 δάσκεσθαι
2479 5554 2777 5624 μαθητεῖαν
2826 5553 3323 5624 ἁντιπεριτρέπων.
3391 5555 3538 5607 Ἀλλ’
3572 5556 3697 5623 ὅμων

1996 5734 2037 5766 ⁵⁷
2075 5732 2207 5788 ibid.
2238 5732 2288 5786 8.
2369 5733 2412 5765 ⁸⁸
2446 5733 2575 5788 ibid.
2616 5734 2669 5791 9.
2752 5733 2795 5765 ”
2834 5730 3019 5786 lTitn.
3051 5746 3125 5797 Vt,
3160 5729 3246 5785 18.
